1923 3078
116 110 189 142 1165

720 117 991 150 EPISTOLARUM
1011 119 1084 149 LIB.
1119 119 1160 149 II.

1690 114 1758 148 1166

147 168 196 201 ϐα,
206 168 330 203 καὶτοῖς
342 171 393 197 ὑπ’
411 172 489 206 αὐτῇ
505 174 601 208 ὁσίοις
616 183 676 209 μου
687 175 832 209 Πατράσι,
845 176 913 202 Θεό-

1002 176 1129 203 Ραινίῦιη
1150 176 1226 208 meis,
1246 175 1398 203 Theodorus
1423 174 1560 208 minimus,
1582 174 1715 211 presbyter
1733 180 1758 202 et

147 213 244 248 δωρος
259 215 434 252 ἐλάχιστος,
459 220 660 255 πρεσϐύτερος
680 222 729 248 καὶ
744 223 912 257 ἡγούμενος

148 259 210 287 τῶν
223 261 379 290 Στουδίου.
812 269 894 305 [σ’ς’]

148 306 231 341 Χαρά
245 315 291 341 μοι
310 309 416 345 μεγάλη
430 310 478 337 καὶ
493 311 572 346 δόξης
588 313 721 348 περιϐολὴ
735 314 774 350 τῷ
790 315 908 351 ἀναξίῳ·

111 351 211 386 ὅτιπερ
227 352 348 387 ὴξίωμαι
363 355 471 387 εὐτελές
485 366 535 391 μου
547 361 739 393 γραμματεῖον
752 360 913 388 ἀποστεῖλαι

111 396 141 421 ὲν
157 395 233 431 τόπῳ
249 397 329 432 ἁγίῳ,
345 399 374 424 ὲν
391 402 503 435 σκηναῖς
519 402 600 429 ὁσίων
613 403 662 438 τῆς
679 404 817 440 ὑμετέρας
834 414 913 440 περι-

111 441 234 476 ποθήτου
255 444 438 478 πατρότητος.
463 446 571 482 Ἐπειδὴ
590 448 645 483 γὰρ
661 450 693 484 τῇ
712 450 759 476 τοῦ
783 450 911 486 σώματος

114 489 254 533 παρουσίᾳ
276 490 326 524 οὐχ
340 488 397 517 οἷόν
416 501 446 518 τε
462 491 495 528 ἦν
515 496 719 529 παραγενέσθαι
745 506 780 532 με
796 499 865 533 πρὸς
879 499 913 526 τὰ

115 532 176 568 ἴχνη
193 534 281 569 ὑμῶν,
299 536 346 562 καὶ
373 537 436 563 ἰδεῖν
463 539 493 565 τὸ
521 540 599 573 ἆγιον
619 542 742 576 τέμενος,
767 544 816 578 τὴν
837 545 913 579 ἱερὰν

113 581 247 616 περιοχὴν
260 582 348 617 ὑμῶν,
361 584 395 619 ἢν
410 584 466 618 ἐγὼ
479 586 493 611 ό
505 587 643 620 ταπεινὸς,
658 588 696 620 ὡς
710 589 787 616 πόλιν
799 590 867 617 Θεοῦ
879 581 914 617 δι’

112 627 205 658 αἰδοῦς
222 627 291 662 ἔχων
312 630 370 665 εἰμί
384 638 390 645 ·
410 631 558 668 εὐδόκησεν
574 634 588 660 ὁ
604 635 706 668 ἀγαθὸς
720 636 786 667 Θεὸς
805 637 850 664 διὰ
864 636 914 671 τῆς

113 673 160 699 τοῦ
185 676 350 709 γράμματος
368 678 526 713 ἐπισκοπῆς
541 679 571 706 τὸ
587 680 756 716 καταθύμιόν
773 691 824 717 μου
842 683 913 718 πλη-

114 719 203 754 ρῶσαι
223 721 270 746 τοῦ
285 722 461 757 ἁμαρτωλοῦ.
477 725 532 752 Καὶ
554 725 586 761 δὴ
610 726 647 758 ὡς
667 727 762 763 παρὼν
788 729 842 764 πρὸ
859 729 914 756 τῶν

114 765 204 792 ποδῶν
218 766 297 801 ὑμῶν
314 788 321 800 ,
339 769 385 795 καὶ
401 770 623 806 περιπτύσσομαι
640 772 713 808 ὑμᾶς
726 772 763 808 τῷ
776 774 847 809 ἁγίῳ
863 775 914 801 πό-

102 810 155 857 ιθῳ
168 820 175 827 ·
193 811 242 839 καὶ
262 814 409 848 προσκυνῶ
427 814 457 842 τὺ
473 816 543 843 θεῖον
558 817 668 851 ἔδαφος,
686 819 715 844 ὲν
737 815 759 853 ᾧ
783 819 814 846 τὸ
836 819 913 847 ἐκλε-

114 858 180 885 κτὸν
195 859 292 891 σκεῦος
304 862 351 888 τοῦ
367 861 434 889 Θεοῦ
455 864 633 899 τεταμίευται
645 873 652 881 ’
675 865 706 892 τδ
719 866 778 901 φῶς
791 867 846 893 τῶν
862 876 912 902 μο-
929 851 950 879 Β

104 904 263 936 ⁷ναζόντωνο
280 906 295 932 ὁ
314 906 444 943 λαμπτὴρ
461 908 508 944 τῆς
522 909 686 946 οἰκουμένης
698 919 705 926 ·
722 912 736 938 ὸ
751 911 797 938 τοῦ
815 912 911 947 νοητοῦ

113 950 216 984 Φαραὼ
244 954 476 989 καταποντιστὴς
498 955 545 982 καὶ
566 955 615 982 τοῦ
637 957 717 990 ἁγίου
734 958 828 990 ἔθνους
845 958 913 985 καθ‹

117 996 236 1032 ηγητὴς.
255 999 269 1024 ὁ
288 999 337 1033 τῆς
355 999 436 1033 ἁγίας
450 1001 502 1036 γῆς
516 1002 664 1038 ἐγκρατὴς,
680 1003 727 1030 καὶ
749 1003 802 1031 τῶν
829 1005 911 1032 θείων

116 1041 206 1076 μονῶν
232 1042 409 1080 κληροδότης.
435 1046 651 1082 Συνασπάςομαι
672 1049 718 1075 καὶ
742 1049 791 1081 τὰς
816 1050 913 1083 λοιπὰς

116 1087 269 1122 σεϐασμίας
300 1089 398 1124 θήκας,
425 1091 468 1125 ἐφ’
496 1089 539 1123 αἷς
564 1093 598 1119 τὰ
630 1093 691 1129 ἱερὰ
719 1094 833 1130 σώματα
857 1096 912 1123 τῶν

114 1133 198 1160 ὁσίων
209 1141 216 1148 ·
234 1132 274 1165 οἷς
291 1135 304 1160 ὁ
318 1135 431 1167 πλοῦτος
446 1136 500 1162 τῶν
515 1137 631 1172 ἀρετῶν,
647 1139 675 1165 ἐν
691 1141 769 1166 νυκτὶ
785 1140 833 1167 τοῦ
849 1142 913 1176 τῇδε

116 1179 311 1222 βίουνᾰπτροις
335 1181 437 1208 ἐοικόσι
466 1182 620 1217 θεοφαέσιν.
652 1184 723 1219 Ὀρῶ
741 1185 787 1212 τὸν
812 1187 912 1222 χῶρον,

116 1226 160 1258 ἐφ’
177 1221 199 1259 ᾧ
228 1226 242 1252 δ
267 1226 364 1258 στύλος
393 1227 440 1254 τοῦ
468 1229 553 1264 πυρὸς
573 1229 612 1264 τῷ
627 1230 716 1266 στόλῳ
730 1232 784 1258 τῶν
802 1221 909 1266 ἀρετῶν

116 1268 210 1298 ὦπται
219 1279 226 1285 ·
241 1272 258 1307 ἡ
273 1273 341 1308 πρὸς
354 1273 417 1305 τοὺς
433 1274 567 1309 ἀοράτους
580 1276 694 1312 ἐχθροὺς
704 1279 851 1314 νικηφόρος
863 1279 914 1305 πά-

115 1317 150 1352 λη
164 1326 170 1334 ·
198 1318 229 1344 τὺ
252 1319 301 1353 τῆς
327 1319 551 1356 θαυματουργίας
576 1323 685 1358 δρᾶμα’
706 1324 786 1351 τοῦτο
802 1326 914 1352 κάκεῖνο

118 1363 330 1399 ποικιλλόμενον
342 1366 402 1397 ταῖς
415 1366 485 1393 κατὰ
498 1367 594 1402 καιρὸν
609 1369 761 1403 ἐνεργείαις
768 1370 816 1396 τοῦ
829 1371 914 1397 Πνεύ-

118 1417 216 1443 ματος.
234 1411 266 1436 Ὢ
282 1410 354 1438 πόσα
367 1420 412 1447 μοι
431 1413 445 1439 ὁ
461 1412 542 1445 πόθος
557 1414 699 1441 ἐπιϐάλλει
714 1415 821 1450 λέγεινι
838 1417 885 1444 καὶ
898 1417 912 1443 ό

116 1457 218 1489 τρόπος
233 1454 321 1490 εἴργει
335 1456 382 1483 τοῦ
396 1458 435 1492 μὴ
451 1458 491 1489 εἰς
507 1458 626 1494 ἄμετρον
643 1461 772 1487 ἐκπεσεῖν
789 1462 838 1497 τὴν
852 1463 913 1488 ἐπι-

118 1500 226 1550 στολήν.
237 1501 274 1550 Ὠ.
283 1501 374 1550 πόσων
384 1502 495 1550 αγαθῶν
506 1504 633 1540 πράξεων
648 1505 768 1540 σύμϐολα
784 1507 831 1533 καὶ
846 1507 912 1534 ὕπο-
926 1521 947 1550 C

119 1545 252 1580 μνήματα
266 1547 294 1574 ὲν
310 1548 391 1582 ὑμίνῐ
409 1550 552 1586 μονονουχὶ
566 1551 613 1578 καὶ
624 1551 676 1578 ὑπὸ
688 1551 752 1584 θέας
763 1552 849 1588 αὐτῆς
865 1553 912 1580 δυ-

117 1591 225 1625 νάμενα.
236 1592 405 1626 παρακαλεῖν
419 1594 508 1630 ψυχὴν
520 1597 560 1628 είς
577 1597 697 1623 ἐπίδοσιν
713 1598 823 1633 ἀρετῆς.
844 1599 914 1625 Ἀλλ’

117 1637 132 1662 ὁ
149 1635 200 1671 μὲν
216 1636 324 1672 πρῶτος
339 1638 416 1673 λόγος
430 1640 515 1675 ἐχέτω
529 1641 632 1669 ταῦτα·
645 1643 669 1669 εί
687 1643 733 1670 καὶ
743 1643 914 1679 ἐνδεέστερον

117 1683 169 1717 τῆς
182 1684 342 1719 ἐπιθυμίας.
363 1685 422 1720 Ἐφ’
439 1686 534 1722 ἕτερον
547 1687 575 1714 δὲ
592 1688 793 1723 μετελεύσομαι
807 1690 914 1725 ὀδυρτι-

118 1729 176 1761 κὸν,
191 1730 222 1755 οὐ
244 1731 383 1766 περιχαρῆ
393 1740 400 1747 ·
413 1732 447 1759 δι’
459 1733 489 1760 ὃν
512 1734 560 1760 καὶ
574 1734 589 1760 ὸ
603 1735 735 1770 πρότερος
757 1737 913 1772 ὑφωρμήθη

119 1784 166 1810 μοι
185 1775 317 1811 ὑπάρξαι.
342 1777 427 1814 Ὀργὴ
444 1778 511 1805 Θεοῦ
527 1780 601 1815 ἡμᾶς
611 1781 773 1814 κατέλαϐεν,
787 1778 810 1808 ὧ
827 1782 915 1809 ῐῐατὲ-

121 1829 167 1855 ρες
183 1821 344 1854 ἁγιώτατοι,
358 1822 404 1850 διὰ
416 1825 446 1850 τὸ
462 1825 649 1860 πληθυνθῆναι
664 1827 714 1861 τὴν
729 1827 852 1862 ἀνομίαν,
863 1827 915 1862 ψυ-

119 1867 216 1901 γείσης
232 1867 282 1902 τῆς
299 1868 421 1904 ἀγάπης,
437 1870 474 1901 ὡς
498 1871 512 1897 ὁ
535 1870 638 1906 Κύριος
663 1872 769 1907 εἴρηκε.
791 1873 916 1908 Διωγμδς

128 1913 329 1948 Ἐλληνοειδὴς,
347 1914 540 1949 χαλεπώτατος
549 1916 620 1943 λίαν.
642 1917 783 1953 ’Ᾱπηλόιθη
800 1919 850 1953 τῆς
866 1919 916 1945 αὺ-

117 1959 168 1994 λῆς
190 1960 204 1985 ὁ
221 1959 391 1995 ἀρχιποιμὴν
414 1961 492 1995 ἡμῶν
505 1970 511 1978 ·
530 1962 724 1998 διεσκορπίσθη
748 1965 781 1990 τὰ
797 1964 916 1999 Χριστοῦ

119 2007 266 2042 πρόϐατα·
291 2006 370 2034 λύκοι
390 2007 484 2043 βαρεῖς
507 2009 711 2044 είσεφθάρησαν
736 2009 767 2045 [Γ.
790 2010 917 2044 είσέφθα-

121 2056 183 2092 σαν]
205 2057 236 2082 ἐν
249 2058 282 2092 τῇ
297 2057 410 2094 ποίμνῃ,
423 2059 507 2092 mure
519 2058 624 2093 μονιὸς
637 2058 742 2093 ἄγριος
755 2059 916 2093 κατενεμή-

119 2109 198 2128 σατο
216 2101 325 2135 αὐτὴν.
337 2103 370 2129 Τί
392 2103 488 2136 coita;
503 2104 589 2130 Πάλιν
606 2103 724 2131 ἐνταῦθα
747 2103 886 2139 ἡτιμάσθη
899 2104 916 2139 ὴ

120 2147 209 2181 σεπτὴ
233 2147 315 2174 εἰκὼν
338 2148 386 2175 τοῦ
413 2148 481 2176 Θεοῦ
501 2150 549 2176 καὶ
572 2149 700 2186 Σωτῆρος
729 2149 809 2184 ἡμῶν
828 2148 916 2183 Ἰησοῦ

1001 223 1160 258 prwpositus
1172 222 1351 250 Studitamm.

1001 309 1097 345 Magna
1128 309 1195 337 mihi
1214 309 1318 342 laztitia,
1342 309 1493 344 ingensque
1508 309 1605 344 gloria,
1628 309 1757 344 indignus

964 354 1015 382 sim
1034 355 1097 382 licet
1123 354 1195 389 quod
1215 359 1323 381 tenuem
1345 354 1489 388 epistolam
1516 354 1622 380 mittere
1647 352 1674 380 in
1697 353 1756 379 loca

965 408 1042 428 saera
1060 401 1216 436 contigerit,
1241 401 1269 428 in
1286 400 1462 427 tabernacula
1478 404 1646 431 sanctorum,
1660 403 1758 426 vestrm

965 447 1069 475 scilicet
1092 446 1239 480 plurimum
1265 444 1426 472 desiderata:
1454 444 1638 479 paternitatis.
1662 443 1757 477 Quan-

965 491 1111 526 doquidem
1125 491 1198 518 enim
1213 491 1310 518 adesse
1322 497 1414 517 coram
1429 498 1482 516 non
1499 489 1573 521 licet,
1589 496 1621 516 ac
1633 489 1757 524 vestigiis

965 538 1063 566 vestris
1089 537 1208 568 advolvi,
1226 541 1253 565 et
1269 542 1391 564 sanctam
1408 536 1494 563 aedem
1512 541 1630 563 vestram
1643 535 1756 567 intueri,

966 591 1128 619 sacrumque
1146 587 1264 618 septum,
1288 583 1361 618 quod
1386 589 1436 617 ego
1466 582 1591 614 humilis,
1622 586 1755 616 tanquam

966 630 1013 657 Dei
1031 630 1180 662 civitatem,
1206 629 1334 664 religiose
1350 636 1475 661 veneror,
1498 628 1599 663 placuit
1614 628 1669 655 Deo
1684 627 1756 662 opti-

966 684 1011 703 mo
1033 684 1082 711 per
1105 676 1220 708 litteras,
1245 675 1327 703 veluti
1355 683 1403 710 per
1424 675 1574 711 speculam,
1589 674 1660 701 votis
1675 674 1755 706 meis,

965 723 1030 750 licet
1053 723 1171 757 peccatis
1196 722 1247 750 sim
1267 722 1417 754 obnoxius,
1442 722 1641 749 obsecundare.
1663 720 1757 754 Itaque

965 773 1096 802 tanquam
1122 767 1220 795 vestris
1233 767 1347 801 pedibus
1363 766 1519 798 advolutus,
1536 771 1630 794 sancto
1645 773 1693 792 vos
1711 765 1757 792 de-

965 812 1067 840 siderio
1090 812 1269 846 complector,
1298 815 1325 838 et
1351 811 1474 838 divinum
1495 811 1589 838 animo
1612 811 1758 839 exosculor

965 859 1066 890 solum,
1085 857 1111 885 in
1127 866 1182 892 quo
1190 865 1239 885 vas
1254 857 1301 885 Dei
1318 857 1434 885 electum
1448 861 1584 888 servatur,
1600 857 1646 886 lux
1663 865 1753 884 mona-

965 903 1092 935 chorum,
1120 902 1195 930 orbis
1218 906 1352 930 terrarum
1377 902 1499 936 lucerna,
1527 903 1573 937 qui
1605 903 1757 937 spiritalem

965 947 1135 974 Pharaonem
1151 946 1292 979 demersit,
1307 946 1380 982 genti
1403 951 1505 974 sanctae
1525 947 1680 975 moderator
1696 947 1757 979 viae,

965 998 1044 1021 terra:
1074 997 1175 1021 sanctae
1200 1001 1322 1028 compos,
1347 993 1558 1028 divinarumque
1583 993 1758 1021 mansionum

965 1039 1140 1068 distributor.
1166 1039 1261 1067 Saluto
1277 1047 1330 1067 una
1347 1043 1374 1067 et
1390 1040 1511 1074 reliquos
1528 1040 1699 1068 venerandos
1719 1041 1759 1067 lo-

965 1085 1051 1117 culos,
1068 1086 1096 1112 in
1114 1085 1214 1121 quibus
1231 1093 1309 1113 sacra
1333 1090 1490 1113 sanctorum
1511 1086 1619 1113 condita
1631 1093 1757 1121 corpora,

966 1131 993 1159 in
1012 1132 1113 1166 quibus
1132 1132 1264 1159 virtutum
1280 1139 1346 1167 opcs
1362 1132 1497 1167 repositae,
1521 1133 1621 1167 quippe
1645 1140 1706 1167 quae
1729 1133 1757 1159 in

966 1181 1046 1204 nocte
1062 1177 1178 1212 hujusce
1189 1178 1252 1205 vita:
1266 1178 1421 1206 divinorum
1443 1179 1563 1206 siderum
1580 1179 1668 1206 instar
1678 1179 1758 1206 eﬂ'ul-

965 1226 1039 1257 genl.
1059 1222 1162 1250 Locum
1178 1223 1244 1250 mihi
1268 1224 1362 1251 videre
1381 1224 1485 1257 videor,
1512 1225 1539 1251 in
1561 1233 1616 1260 quo
1631 1225 1758 1252 columna

966 1267 1036 1302 ignis
1055 1276 1103 1303 per
1129 1269 1261 1296 virtutum
1281 1269 1436 1297 columnam
1459 1275 1691 1305 repnesentatur:
1713 1270 1759 1298 ubi

965 1313 1039 1341 lucta
1068 1314 1199 1342 adversus
1231 1315 1325 1343 hostes
1349 1316 1503 1344 invisibiles
1528 1323 1590 1343 cum
1613 1316 1760 1351 adeptione

964 1359 1097 1392 victorias,
1123 1361 1168 1387 ubi
1186 1368 1269 1389 scena
1292 1361 1392 1389 referta
1419 1362 1570 1395 miraculis,
1586 1362 1631 1389 ubi
1658 1362 1711 1390 hoc
1732 1367 1760 1390 et

966 1406 1032 1433 illud
1055 1411 1209 1441 opportune
1232 1407 1351 1435 illustrat
1374 1408 1517 1442 multiplex
1540 1408 1653 1443 spiritus
1677 1408 1719 1435 vis
1733 1413 1761 1436 et

964 1451 1093 1480 efﬁcacia.
1111 1452 1133 1480 0
1161 1458 1263 1488 quanta
1293 1453 1383 1481 dicere
1405 1453 1526 1489 suggerit
1554 1453 1683 1481 animus!
1711 1454 1759 1481 sed

965 1498 1065 1525 modus
1094 1499 1228 1526 tenendus
1258 1503 1320 1531 est,
1341 1506 1374 1526 ne
1397 1498 1424 1525 in
1450 1499 1614 1526 immensum
1635 1506 1762 1533 excurrat

965 1543 1091 1579 cpistola.
1119 1543 1226 1578 Oquod
1243 1551 1334 1571 rerum
1356 1543 1485 1579 praeclare
1510 1548 1650 1578 gestarum
1677 1551 1761 1579 argn-

964 1595 1055 1618 mcuta
1075 1590 1146 1625 apud
1171 1598 1219 1618 vos
1236 1598 1269 1618 ac
1292 1594 1469 1618 monumenta
1489 1593 1609 1623 exstant,
1633 1597 1695 1625 qua:
1717 1589 1760 1617 vel

966 1638 1026 1673 ipso
1039 1641 1188 1671 conspectu
1214 1637 1354 1672 impellere
1367 1637 1488 1664 animum
1505 1637 1612 1671 possint
1625 1636 1658 1664 ad
1672 1636 1759 1663 virtu-

965 1684 1001 1711 tis
1024 1683 1197 1718 profectum!
1226 1683 1278 1711 Sed
1292 1683 1328 1711 sit
1347 1683 1404 1710 hzec
1427 1682 1502 1718 prior
1519 1683 1591 1717 [pars
1614 1681 1759 1713 orationis,

966 1736 1122 1765 quanquam
1147 1727 1275 1763 pauciora
1295 1727 1350 1755 dixi
1370 1734 1452 1762 quam
1471 1726 1562 1754 velim.
1580 1726 1620 1753 Ad
1647 1726 1759 1754 alteram

966 1774 1136 1810 progrediar,
1159 1781 1209 1801 nec
1231 1774 1304 1800 illam
1331 1773 1442 1808 quidem
1467 1772 1558 1807 gaudii
1577 1773 1685 1807 plenam
1712 1773 1761 1800 sed

966 1821 1094 1849 mmroris
1112 1829 1118 1847 :
1140 1820 1176 1847 ob
1196 1827 1279 1855 quam
1297 1823 1324 1846 et
1336 1819 1410 1854 prior
1421 1818 1466 1845 illa
1482 1822 1524 1846 est
1541 1825 1557 1845 a
1573 1826 1617 1845 me
1630 1818 1701 1845 ultro
1717 1818 1761 1845 in~

966 1868 1071 1896 stituta.
1089 1865 1275 1901 Apprehendit
1290 1873 1341 1893 nos
1350 1865 1389 1892 ira
1403 1864 1462 1897 Dei,
1473 1863 1568 1892 Patres
1581 1863 1760 1896 sanctissimi,

965 1912 1095 1947 quoniam
1117 1911 1267 1939 abundavit
1289 1911 1429 1945 iniquitas,
1452 1909 1647 1946 refrigescente
1668 1909 1762 1937 chari-

967 1962 1032 1990 tate,
1063 1959 1135 1985 sicut
1171 1956 1303 1984 Dominus
1336 1955 1523 1991 pronuntiavit
1541 1956 1575 1982 ".
1603 1954 1761 1983 Persecutio

967 2004 1083 2032 etlmicae
1105 2003 1212 2035 similis,
1238 2006 1337 2037 praeter
1357 2002 1467 2028 modum
1489 2009 1570 2029 saeva.
1591 2001 1712 2028 Abactus
1725 2000 1760 2027 ab

967 2049 1032 2076 ovili
1052 2056 1177 2076 summus
1203 2052 1298 2082 pastor
1321 2051 1425 2079 noster,
1449 2046 1580 2081 dispersae
1607 2049 1673 2073 sunt
1695 2053 1760 2073 oves

967 2094 1080 2126 Christi,
1105 2094 1161 2128 lupi
1185 2100 1298 2128 rapaces
1317 2093 1475 2119 invaserunt
1495 2099 1615 2126 gregem,
1630 2096 1654 2118 et
1669 2092 1760 2127 singu-

968 2141 1035 2168 laris
1059 2140 1130 2175 [ει-αδ
1150 2139 1276 2174 depastus
1291 2143 1330 2166 est
1349 2138 1443 2165 eum‘.
1460 2137 1531 2171 Quid
1554 2138 1625 2165 istud
1643 2137 1683 2165 rei
1696 2138 1762 2166 est?

119 2192 252 2227 Χριστοῦ,
271 2193 320 2227 τῆς
349 2193 492 2226 Θεοτόκου,
518 2193 618 2225 παντὸς
648 2194 802 2221 οὑτινοσοῦν
824 2193 913 2228 ἁγίου.

969 2189 1069 2216 lterum
1084 2187 1128 2214 hic
1140 2187 1237 2215 aﬂecta
1259 2185 1366 2221 probris
1381 2190 1422 2213 est
1439 2186 1593 2213 veneranda
1609 2185 1698 2220 imago
1713 2184 1760 2213 Dei

119 2238 169 2264 Διὰ
197 2238 276 2265 τοῦτο
301 2239 444 2273 ποιμένες
467 2240 707 2274 ήφρονεύσαντο,
736 2240 783 2266 καὶ
800 2240 849 2275 οὐχ
874 2240 916 2267 ὅτι

120 2284 175 2310 τὸν
192 2284 312 2317 Κύριον,
332 2283 511 2320 προφητικῶς
528 2285 626 2318 εἰπεῖν,
642 2285 697 2312 οὐκ
707 2284 894 2319 ὲξεζῆτησαν
907 2292 914 2300 '

119 2326 202 2364 ἦττον
214 2329 269 2364 γὰρ
282 2329 315 2356 ἂν
331 2327 364 2364 ῆν
377 2329 408 2356 τὸ
419 2330 546 2365 ἀσέϐημα
558 2338 564 2345 ·
581 2330 638 2357 ἀλλ’
657 2331 697 2357 ὅτι
712 2330 916 2365 συνήχθησαν

127 2375 283 2406 Ἰουδαϊκῶς
315 2375 392 2402 κατὰ
425 2375 478 2402 τοῦ
513 2376 641 2409 Κυρίου,
675 2376 725 2403 καὶ
754 2375 831 2403 κατὰ
862 2376 916 2403 τοῦ

119 2420 252 2455 Χριστοῦ
267 2421 377 2448 αὐτοῦ’
400 2421 651 2456 ἀποδοκιμάσαντες
668 2422 751 2448 αὐτοῦ
768 2422 817 2457 τὴν
835 2422 916 2456 ἁγίαν

119 2469 225 2498 εἰκόνα,
257 2468 306 2503 τῆς
334 2475 365 2493 τε
399 2466 482 2493 αὐτοῦ
518 2467 640 2502 Μητρὸς,
668 2467 716 2494 καὶ
748 2467 803 2494 τῶν
832 2467 915 2503 θερα-

122 2513 240 2540 πόντων.

157 2559 208 2585 Διὰ
223 2558 303 2586 τοῦτο
320 2560 503 2594 θυσιαστήρια
526 2559 592 2594 ἅγια
612 2560 748 2595 ἠφανίσθη
764 2569 771 2576 ·
789 2560 835 2587 καὶ
858 2559 917 2586 ναοὶ

120 2605 228 2639 Κυρίου
245 2605 464 2640 ἡμαυρώθησαν,
476 2606 505 2632 ἐν
520 2606 594 2642 πάσῃ
617 2606 693 2632 πόλει
709 2606 756 2633 καὶ
774 2606 850 2642 χώρᾳ
866 2606 917 2640 τῆς

120 2651 186 2685 τῇδε
213 2650 349 2682 ἐξουσίας,
370 2652 411 2682 είς
428 2650 526 2682 πένθος
550 2651 726 2686 προκείμενοι
745 2652 802 2682 τοῖς
821 2649 916 2686 ὁρῶσι,

119 2697 167 2723 τὸν
182 2697 282 2724 οἰκεῖον
297 2697 400 2732 κόσμον
414 2696 464 2731 τῆς
477 2696 553 2727 θείας
564 2696 716 2731 εὐμορφίας
730 2696 914 2733 ἀφῃρημένοι.

121 2743 171 2770 Διὰ
193 2742 276 2769 τοῦτο
294 2743 355 2777 ἱερὰ
377 2743 463 2778 σκεύη
489 2743 728 2779 ἀναχωνευόμενα,
756 2743 804 2769 καὶ
832 2741 915 2777 ἐσθὴς

967 2239 994 2262 et
1010 2233 1162 2261 Servatoris
1174 2232 1262 2261 nostri
1279 2231 1343 2261 Jesu
1357 2231 1469 2263 Christi,
1485 2231 1618 2267 Deiparas,
1632 2238 1658 2259 et
1672 2232 1761 2259 sancti

968 2282 1122 2317 cujuslibet.
1138 2281 1240 2309 Idcirco
1250 2280 1331 2308 stulte
1348 2284 1457 2315 egerunt
1472 2284 1603 2314 pastores,
1618 2287 1671 2306 non
1687 2279 1761 2313 quod

967 2328 1122 2360 Dominum,
1149 2331 1178 2353 ut
1207 2335 1268 2354 cum
1295 2326 1426 2362 propheta
1452 2325 1558 2360 loquar,
1581 2332 1633 2351 non
1647 2325 1760 2359 quaesie-

968 2379 1029 2401 runt
1039 2374 1059 2408 ',
1074 2374 1161 2401 levius
1172 2374 1244 2401 enim
1260 2373 1399 2408 piaculum
1413 2372 1492 2404 foret;
1505 2371 1553 2399 sed
1567 2371 1639 2406 quod
1649 2371 1760 2399 Judwo-

968 2429 1028 2449 rum
1042 2427 1120 2448 more
1138 2424 1312 2447 convenerunt
1332 2420 1358 2446 in
1372 2427 1453 2446 unum
1466 2419 1592 2446 adversus
1606 2418 1760 2448 Dominum,

967 2474 991 2494 et
1011 2467 1136 2494 adversus
1158 2466 1295 2494 Christum
1319 2465 1375 2500 ejus
1391 2465 1401 2481 ³
1415 2473 1422 2492 :
1438 2470 1561 2493 sanctam
1583 2464 1641 2499 ejus
1664 2463 1748 2498 imagi

968 2519 1029 2540 nem
1046 2512 1233 2546 reprobantes,
1248 2510 1342 2538 Matris
1363 2511 1425 2538 item
1444 2517 1476 2537 ac
1491 2510 1668 2537 famulorum.

1004 2558 1071 2585 Eam
1089 2558 1124 2585 ob
1140 2565 1196 2585 rem
1215 2563 1310 2585 sancta
1325 2557 1421 2584 altaria
1435 2556 1537 2588 diruta,
1549 2559 1576 2583 ct
1593 2555 1693 2590 templa
1707 2554 1761 2582 Do-

968 2604 1036 2632 mini
1052 2603 1224 2637 labefactata,
1246 2603 1273 2631 in
1291 2603 1365 2631 omni
1380 2603 1490 2629 civitate
1510 2609 1543 2629 ac
1563 2601 1682 2637 regione,
1699 2608 1761 2637 quae

968 2651 1034 2678 huic
1059 2650 1173 2685 imperio
1195 2654 1282 2685 paret,
1307 2649 1402 2684 ingens
1418 2648 1588 2675 intuentibus
1609 2647 1700 2674 luctus
1716 2654 1760 2674 ar-

969 2700 1139 2731 gumentum,
1165 2703 1227 2723 cum
1254 2695 1309 2723 sint
1334 2695 1378 2721 illa
1408 2693 1518 2729 proprio
1537 2693 1621 2720 divini
1651 2693 1759 2720 decoris

969 2746 1069 2770 ornatu
1082 2742 1194 2770 nudata.
1206 2742 1312 2770 idcirco
1328 2748 1392 2770 vasa
1409 2748 1488 2770 sacra
1503 2740 1615 2776 liquata,
1626 2744 1653 2768 et
1666 2739 1759 2768 divina

158 2833 180 2849 ”
194 2832 292 2861 Matth.
307 2841 380 2867 xxiv,
399 2833 442 2862 12,
483 2833 490 2848 ¹
507 2832 578 2862 Psal.
594 2841 667 2867 uix,
685 2831 727 2860 l4.
766 2833 776 2848 ¹
792 2808 893 2861 Jcrem.
907 2839 934 2866 χ,
949 2831 994 2859 21.
1030 2833 1043 2849 ’³
1058 2830 1132 2860 Psal.
1154 2837 1186 2866 ll,
1204 2830 1231 2858 2.
