1923 3078
163 2601 170 2633 l

179 135 252 171 1167

178 194 260 221 vestis
277 192 332 227 igni
350 191 460 224 tradita,
474 197 536 218 cum
550 189 665 225 depictis
686 190 713 216 lu
729 189 827 216 tabella
848 187 973 223 imagiui-
988 192 1010 218 Α

177 240 241 272 bus,
271 244 298 267 et
315 239 392 266 libris
413 238 439 265 in
468 237 567 273 quibus
585 237 674 272 aliqua
703 237 804 264 mentio
822 236 971 270 imaginum

176 289 260 312 esset.
301 283 366 310 Eam
395 284 431 309 ob
472 291 584 310 causam
613 290 744 317 magnum
779 281 973 309 incarnationis

177 328 338 363 mysterium
354 328 504 360 deridetur,
516 332 543 355 et
554 327 738 355 abominanda
750 335 794 354 res
809 327 970 362 appellatur,

177 374 250 409 quod
266 379 293 401 et
309 374 440 401 horresco
466 373 598 405 refl-rens.
627 381 687 408 quae
708 373 819 401 salutari
848 373 906 400 orbi
933 378 975 400 est

179 427 309 455 expressa
337 419 440 447 Christi
470 419 566 454 ﬁgura,
581 419 623 447 vel
638 419 765 447 Christus
796 419 855 454 ipse
882 419 974 453 potius

177 473 241 493 cum
267 465 353 492 Matre
379 468 407 492 et
432 464 561 492 famulis:
588 464 810 499 quandoquidem
827 465 930 491 honore
948 467 975 490 et

178 511 361 546 appellatione
382 510 452 538 idem
476 510 557 538 ambo
574 516 648 542 sunt,
669 510 758 545 imago
775 514 803 537 et
823 509 973 544 exemplar.

178 556 283 584 Idcirco
314 546 481 591 quaestiones
508 560 535 583 et
569 554 762 590 inquisitiones
780 562 829 590 per
851 554 974 590 singulos

179 609 307 638 quosque
329 602 403 629 viros
424 608 456 629 ac
472 601 579 633 domos,
602 605 721 628 terrores
747 607 779 627 ac
801 599 892 632 minae,
920 607 974 626 nou

179 647 262 673 modo
280 653 314 674 ne
338 646 438 678 omnis,
456 646 503 674 sed
530 653 564 673 ne
587 646 689 680 aliqua,
717 644 853 672 haereticis
873 644 975 672 intacta

179 693 270 728 imago
285 693 471 720 subtrahatur.
487 692 593 720 Idcirco
606 691 762 720 sacerdotes
773 691 866 725 inique
878 694 973 726 agunt,

178 743 207 765 et
223 737 362 770 monachi,
382 741 465 764 exuto
489 737 665 767 monacbatu,
688 736 797 763 irruuut
814 735 840 762 iu
853 735 974 770 ejusdem

180 784 301 812 instituti
316 784 401 814 viros,
425 783 529 810 alumni
549 783 694 810 adversum
714 781 885 817 praepositos,
901 780 976 809 defe-

179 831 279 858 ctionis
307 830 450 864 praemium
476 828 665 864 praefecturam
688 828 847 863 accipiunt;
872 832 900 854 et
927 827 975 862 qui

179 876 370 904 vehementius
399 875 426 903 in
451 875 590 903 Christum
615 873 726 907 insanit,
741 874 866 909 pluribus
880 873 904 901 is
922 873 973 900 bo-
989 865 1011 894 Β

180 921 296 949 noribns
318 921 486 948 cumulatur.
509 921 616 948 Idcirco
634 919 761 952 verbera,
777 919 896 951 vincula,
912 926 974 946 car-

180 973 269 998 ceres,
285 966 382 993 inedize
397 986 405 999 ,
421 965 529 999 exsilia,
541 972 621 992 ncces
637 965 663 992 in
679 972 726 992 eos
740 964 786 999 qui
800 964 974 992 obnituntur.

216 1011 275 1039 Non
292 1016 335 1039 est
351 1011 443 1047 impiis
459 1010 604 1039 sacerdotii
619 1011 811 1044 reverentiam,
831 1018 885 1038 non
898 1012 976 1039 cani-

180 1058 227 1086 tiei
255 1057 471 1089 commiseratio,
489 1064 544 1084 non
559 1056 649 1084 cultus
678 1056 798 1091 pietatis,
829 1061 877 1083 aut
901 1056 975 1084 aliud

180 1103 321 1139 quidpiam
333 1110 428 1130 eorum
440 1109 501 1137 quae
512 1102 619 1129 veniam
633 1105 845 1129 commerentur.
854 1100 908 1129 Lex
922 1109 977 1129 una

181 1149 225 1177 bis
243 1148 374 1184 principis
391 1147 532 1176 arbitrium
548 1151 612 1175 est:
635 1154 700 1175 cura
720 1147 784 1175 item
797 1155 862 1180 una.
879 1155 977 1175 omnes

181 1199 212 1222 ut
224 1195 278 1221 hoc
295 1194 395 1229 laqueo
407 1193 625 1228 intercipiantur.
649 1192 727 1221 Nunc
743 1200 791 1221 eos
802 1193 849 1228 qui
863 1200 893 1220 se
906 1192 977 1228 luga:

180 1238 324 1271 dederunt,
345 1239 506 1266 solitudines
523 1238 648 1266 habent:
677 1246 759 1274 rupes
783 1246 817 1266 ac
842 1238 979 1273 spelunca:

180 1292 240 1317 eos,
264 1285 311 1319 qui
346 1285 545 1312 consuluerunt
561 1284 642 1312 saluti
661 1292 726 1312 sum.
744 1284 780 1312 Ut
793 1285 897 1313 similes
912 1285 977 1312 facti

182 1338 279 1358 sumus
304 1330 430 1366 pelicano
457 1329 663 1358 solitudinis‘!
687 1335 718 1358 ut
739 1329 796 1357 dati
822 1337 919 1357 sumus
949 1330 978 1356 in

182 1378 336 1412 captioucnt
356 1376 485 1404 dentibus
508 1376 654 1411 impiorum
670 1377 681 1392 ⁵
698 1377 704 1403 !
728 1381 755 1404 et
772 1376 850 1411 plura
864 1381 977 1411 prazler—

184 1424 275 1456 mitto,
291 1431 352 1458 quae
382 1422 522 1451 fastidium
539 1422 678 1450 alIerrent.
698 1423 734 1450 At
749 1422 836 1450 vicem
853 1428 978 1450 nostram

183 1477 233 1498 vos
271 1469 371 1503 lugete,
397 1468 498 1504 quibus
535 1473 578 1497 est
604 1469 631 1496 in
657 1469 757 1497 alienis
782 1468 864 1496 malis
902 1473 978 1496 tene-

183 1521 244 1540 rum
273 1517 368 1548 pectus
397 1518 527 1549 tanquam
552 1513 676 1548 ejusdem
709 1514 856 1549 corporis:
886 1513 1015 1562 prcci-c

185 1559 237 1586 bus
262 1558 340 1592 fusis,
375 1559 507 1594 porrigite
531 1567 642 1586 martum
672 1563 803 1594 tauquam
833 1558 977 1588 fratribus.

184 1604 334 1632 Accrbiora
345 1609 481 1639 suntun
499 1604 543 1631 hic
558 1604 688 1639 patimur,
700 1612 784 1640 quam
795 1612 857 1639 quae
871 1604 977 1640 uspiam

186 1658 202 1678 ιι
224 1650 349 1678 barbaris
364 1654 437 1686 gesta
453 1654 529 1678 sunt.
542 1650 604 1678 lam
629 1651 700 1678 sicut
715 1650 835 1678 Sodoma
851 1650 914 1679 facti
929 1659 978 1680 su-

185 1705 258 1729 mus,
281 1701 309 1724 et
333 1697 406 1725 sicut
430 1696 585 1725 Gomorrlta
608 1698 713 1726 similes
736 1705 833 1726 sumus
854 1699 876 1726 '.
903 1697 980 1726 Hanc

185 1743 269 1778 igitur
289 1743 325 1770 ob
344 1750 456 1770 causam
477 1743 634 1771 sanctitatis
656 1747 753 1771 vestrae
771 1744 903 1771 auxilium
926 1745 979 1772 1ιιι-

185 1788 264 1815 tniles
278 1787 498 1822 imploravimus,
510 1787 585 1814 velut
601 1795 656 1815 uno
666 1795 713 1815 ore
724 1788 846 1816 omnium
863 1788 979 1816 fratrum

185 1834 233 1867 qui
251 1833 353 1867 pariter
366 1837 509 1860 vexantur.
524 1831 655 1860 Novimus
666 1833 739 1860 enim
748 1839 882 1869 quantum
891 1835 980 1862 valeat

183 1878 258 1913 jusla
275 1882 365 1906 vestra
380 1877 537 1913 deprecatio
555 1877 667 1905 assidua
680 1878 703 1911 ",
722 1882 763 1911 ut,
784 1884 898 1907 exorato
913 1879 979 1912 Deo,

188 1923 307 1951 ba-retici
326 1923 408 1960 gladii
422 1923 495 1951 acies
515 1923 760 1958 conquiescat:ad
776 1929 880 1953 rectam
899 1925 980 1953 ﬁdem

187 1978 250 1998 cum
275 1977 342 2005 pace
358 1970 534 2005 coniunctam
557 1975 703 1998 revocante
724 1970 842 1998 Domino
857 1976 979 2000 nostram

187 2023 298 2051 quoque
321 2015 485 2043 Ecclesiam.
503 2014 540 2043 Ut
555 2021 645 2043 autem
658 2020 685 2044 et
699 2023 750 2045 vos
762 2017 883 2045 vicissim
899 2018 979 2046 inlcl-

187 2060 290 2095 ligatis,
315 2059 367 2087 viri
390 2059 571 2093 venerabiles,
593 2060 685 2096 qualia
711 2062 767 2089 siut
785 2062 980 2098 sacrilegorum

186 2106 272 2141 impia
290 2105 437 2141 dogmata:
464 2106 547 2135 simul
575 2106 634 2135 haec
661 2115 725 2135 cum
748 2107 847 2136 litteris
863 2109 926 2137 misi
952 2109 980 2136 in

187 2151 427 2186 quaternionibus,
451 2160 514 2187 qua
537 2152 665 2181 indoctus
688 2153 751 2181 licet
773 2154 916 2182 confutare
932 2163 981 2191 ag-

779 130 809 160 S.
828 128 1027 159 THEODORI
1047 128 1220 159 STUDIT/E

1750 129 1821 164 1168

1025 186 1085 214 θεία
1100 187 1167 223 πυρὶ
1185 187 1396 222 παραδιδομένη.
1423 188 1472 215 σὺν
1489 189 1544 220 τοῖς
1570 189 1600 216 ἐν
1622 189 1714 222 πίναξι
1732 199 1821 226 χαρα-

1025 234 1124 269 κτῆρσι
1141 233 1187 260 καὶ
1200 233 1300 268 βίϐλοις
1313 234 1342 259 ὲν
1356 231 1398 265 αἷς
1411 242 1437 260 τι
1448 234 1543 261 λεκτδν
1553 234 1617 270 περὶ
1629 235 1754 264 εἰκόνων.
1770 238 1821 264 Διὰ

1024 277 1103 305 τοῦτο
1119 279 1231 313 γελᾶται
1251 279 1282 305 τὸ
1298 280 1369 314 μέγα
1395 279 1444 312 τῆς
1466 280 1625 314 οἰκονομίας
1646 282 1798 317 μυστήριον
1812 291 1819 298 ·

1025 325 1071 351 καὶ
1087 324 1226 359 βδέλυγμα
1242 324 1382 360 κέκληται,
1397 324 1412 351 ὃ
1425 324 1473 351 καὶ
1488 325 1592 360 φρίττω
1606 325 1701 361 λέγων,
1720 328 1751 354 τὸ
1767 337 1822 355 σω-

1025 372 1119 406 τήριον
1134 371 1230 406 κόσμῳ
1249 371 1376 406 ὁμοίωμα
1393 371 1529 407 Χριστοῦ·
1546 372 1646 407 μᾶλλον
1660 373 1688 399 δὲ
1701 374 1822 409 Χριστὸς

1026 416 1075 442 σὺν
1087 416 1180 450 Μητρὶ
1195 417 1244 442 καὶ
1255 415 1435 451 θεράπουσιν·
1450 417 1530 452 εἴπερ
1542 417 1580 449 ὡς
1593 419 1626 453 τῇ
1640 419 1706 454 τιμῇ
1724 420 1772 446 καὶ
1787 421 1821 455 τῇ

1025 460 1122 496 κλήσει
1149 460 1247 487 ταυτὸν
1277 461 1432 497 ἀμφότερα,
1450 461 1533 489 εἰκὼν
1555 463 1603 490 καὶ
1627 464 1820 499 πρωτότυπον.

1026 506 1076 533 Διά
1090 505 1171 532 τοῦτο
1184 505 1374 542 ὲξερευνήσεις
1389 507 1436 534 καὶ
1450 506 1625 544 ἐκζητήσεις,
1639 510 1688 536 καὶ
1699 511 1760 537 κατ’
1772 511 1822 538 ἄν-

1025 552 1075 588 δρα
1090 552 1137 579 καὶ
1153 553 1214 579 κατ’
1229 550 1304 579 οἷκον
1316 561 1323 569 ·
1342 553 1389 580 καὶ
1404 553 1483 588 φόϐοι
1500 555 1547 581 καὶ
1563 555 1685 588 ἀπειλαὶ,
1698 556 1736 592 μὴ
1752 556 1822 583 ὐπο-

1025 597 1168 634 λειφθῆναι
1190 598 1329 625 ἀνάλωτον
1345 599 1378 634 τῇ
1394 599 1500 634 αἱρέσει
1520 600 1582 627 τινὰ
1597 601 1659 635 μηδ’
1674 599 1708 628 αὖ
1728 602 1823 629 πᾶσαν

1025 642 1129 670 εἰκόνα.
1153 643 1203 670 Διὰ
1226 643 1306 670 τοῦτο
1329 644 1412 679 ἱερεῖς
1436 644 1612 680 ἀνομοῠντες,
1635 646 1683 673 καὶ
1706 647 1823 683 μοναχοὶ

1025 688 1158 723 ἀμόναχοι
1170 689 1241 716 κατὰ
1255 689 1310 716 τῶν
1325 690 1429 725 ὁμοσχή
1434 699 1492 725 μων
1513 691 1679 727 φερόμενοι·
1693 695 1823 728 φοιτηταὶ

1026 734 1097 761 κατά
1121 734 1177 761 τῶν
1200 735 1372 770 ἡγουμένων,
1397 734 1480 763 ἆθλον
1501 737 1552 772 τῆς
1577 738 1749 771 ἀποστασίας
1771 740 1823 775 τὴν

1027 780 1172 815 προεδρίαν
1183 780 1376 816 κομιζόμενον
1389 782 1436 809 καὶ
1449 784 1463 810 ὸ
1473 783 1508 810 τὰ
1517 783 1632 812 πλεῖστα
1645 786 1740 820 μανεὶς
1751 789 1823 813 κατά

1026 825 1158 861 Χριστοῦ,
1174 826 1307 854 πλειόνων
1328 828 1375 854 καὶ
1390 828 1479 863 τιμῶν
1495 829 1656 865 ἠξιωμένος.
1677 831 1728 858 Διὰ
1741 831 1824 859 τοῦτο

1026 871 1170 907 μάστιγες,
1188 872 1295 908 δεσμοὶ,
1320 872 1453 908 φυλακαὶ,
1470 874 1689 911 λιμοκτονήσεις,
1706 875 1822 912 ὲεορίαι,

1026 917 1150 952 θάνατοι,
1166 918 1214 945 ἐπὶ
1230 918 1295 951 τοὺς
1311 919 1517 956 ἐνισταμένους.

1063 1008 1121 1035 Οὐκ
1134 1007 1326 1045 ἀρχιερωσύνη
1340 1011 1396 1042 τοῖς
1409 1010 1538 1039 ἀσεϐέσιν
1551 1011 1704 1047 αἰδέσιμοςθ
1724 1014 1756 1040 οὐ
1772 1022 1823 1040 πο-

1027 1053 1071 1081 λιὰ
1082 1054 1289 1090 οἱκτειρήσιμος
1299 1062 1307 1070 ·
1319 1055 1370 1082 οὐκ
1380 1055 1498 1091 ἄσκησις
1513 1057 1656 1090 εὐσεϐείας
1667 1066 1674 1073 ·
1696 1059 1745 1085 οὐκ
1758 1059 1824 1086 ἄλλο

1026 1108 1054 1126 τι
1076 1099 1131 1127 τῶν
1151 1099 1263 1135 φειδοῦς
1277 1100 1372 1134 ἀξίων.
1396 1099 1444 1131 Εἷς
1469 1102 1551 1137 νόμος
1565 1103 1597 1129 τδ
1616 1103 1663 1130 τοῦ
1683 1105 1824 1140 Καίσαρος

1027 1145 1135 1181 θέλημα
1145 1153 1152 1160 ⁸
1167 1146 1214 1173 καὶ
1231 1146 1282 1181 μία
1298 1147 1401 1182 σπουδὴ
1416 1147 1541 1180 ἅπαντας
1560 1149 1590 1175 ὲν
1603 1149 1690 1185 τούτῳ
1708 1150 1823 1178 ἁλῶναι.

1027 1192 1060 1218 At
1082 1191 1198 1227 ὲρημίαι
1214 1193 1276 1225 τοὺς
1291 1193 1510 1228 διαπεφευγότας
1535 1194 1659 1229 ἔχουσιν·
1678 1196 1706 1222 at
1723 1196 1824 1232 πέτραι

1027 1237 1076 1264 καὶ
1088 1237 1123 1264 τὰ
1139 1238 1263 1273 σπήλαια
1270 1238 1335 1270 τοὺς
1349 1239 1632 1274 διασεσωσμέιους.“Ω
1643 1240 1702 1272 πῶς
1716 1241 1826 1275 ὡμοιώ-

1028 1281 1117 1317 Θημεν
1143 1283 1273 1310 πελεκᾶνι
1292 1282 1437 1318 ὲρημικῷι
1459 1283 1482 1310 ὢ
1496 1283 1555 1315 πῶς
1573 1284 1768 1320 παρεδόθημεν
1784 1286 1824 1317 εἰς

1028 1328 1123 1363 χεῖρας
1134 1329 1190 1360 τοῖς
1204 1328 1295 1355 ὀδοῦσι
1308 1329 1363 1355 τῶν
1375 1329 1496 1356 ἀσεϐὦνί
1508 1329 1555 1356 καὶ
1569 1330 1603 1356 τὰ
1612 1329 1697 1357 πλείω
1710 1331 1825 1366 παρῆκα

1028 1373 1072 1400 διὰ
1095 1373 1127 1399 τδ
1152 1374 1316 1409 προσκορές.
1341 1373 1422 1401 ’Λλλά
1449 1374 1598 1407 στενάξατε
1625 1376 1668 1410 ἐφ’
1687 1377 1774 1411 ἡμᾶς,
1801 1373 1825 1402 ὦ

1029 1419 1265 1454 συμπαθέστατοι,
1282 1419 1321 1451 ὡς
1344 1419 1486 1456 σύσσωμοι
1498 1429 1505 1436 ·
1518 1421 1632 1456 ὀρέξατε
1657 1424 1737 1457 χεῖρα
1757 1431 1824 1457 πρε-

1030 1465 1176 1500 σϐευτικὴν
1200 1465 1239 1497 ὡς
1265 1465 1435 1501 φιλάδελφοι.
1451 1466 1513 1493 Τῶν
1536 1467 1631 1494 αὐτόθι
1657 1468 1767 1503 χείρονα
1790 1468 1825 1494 τὰ

1030 1511 1153 1547 ἡμέτερα
1173 1511 1382 1548 βαρϐαρίζεται.
1405 1512 1449 1545 Ὠς
1466 1513 1572 1549 Σόδομα
1592 1513 1644 1549 ἢδη
1660 1514 1825 1549 γεγόναμεν,

1030 1557 1078 1583 καὶ
1088 1556 1126 1588 ὡς
1144 1558 1271 1594 Γόμορρα
1285 1558 1336 1594 ἤδη
1355 1558 1550 1594 ὡμοιώθημεν.
1564 1560 1615 1586 Διά
1633 1559 1713 1586 τοῦτο
1731 1568 1827 1594 τοιγα-

1030 1602 1094 1639 ροῦν
1108 1603 1156 1630 καὶ
1168 1604 1380 1639 ὲπεϐοησάμεθα
1393 1605 1428 1640 τῇ
1439 1605 1580 1641 ἁγιωσύνῃ
1592 1605 1671 1641 ἡμῶν
1686 1606 1710 1632 οἰ
1727 1615 1826 1633 ταπει-

1029 1649 1080 1681 νοὶ,
1103 1649 1142 1681 ὡς
1170 1650 1200 1676 ἐν
1218 1649 1260 1676 ἐνὶ
1289 1650 1403 1685 στόματι
1422 1649 1478 1677 τῶν
1502 1650 1613 1678 πάντων
1634 1650 1761 1687 ἀδελφῶν
1777 1653 1826 1679 καὶ

1030 1695 1257 1730 συμπασχόντων.
1274 1696 1370 1732 Ἴσμεν
1385 1696 1440 1731 γὰρ
1451 1697 1493 1723 ὅτι
1510 1696 1596 1731 ίσχὺει
1609 1697 1626 1732 ἡ
1639 1697 1731 1724 δικαία
1745 1698 1827 1733 ἡμῶν

1028 1739 1122 1775 δέησις
1138 1740 1322 1776 ἐνεργουμένη
1335 1749 1343 1756 ·
1358 1741 1395 1773 ὡς
1410 1741 1444 1768 ἂν
1458 1741 1498 1777 τῷ
1517 1742 1658 1778 ὲξιλασμῷ
1673 1743 1758 1778 αὐτῆς
1778 1752 1825 1770 κο-

1030 1782 1107 1819 πασῃ
1118 1785 1134 1819 η
1146 1783 1261 1818 θραῦσις
1274 1784 1326 1819 τῆς
1341 1785 1487 1820 αἰρετικῆς
1502 1787 1651 1822 ῥομφαίας*
1664 1787 1710 1814 τοῦ
1722 1788 1826 1824 Κυρίου

1030 1829 1071 1860 εἰς
1096 1830 1238 1866 εἰρηνικὴν
1255 1830 1412 1866 ὀρθοδοξίαν
1426 1832 1612 1867 ὲπανάγοντος
1635 1834 1682 1860 καὶ
1700 1835 1751 1869 τὴν
1766 1832 1828 1862 καθ’

1030 1876 1105 1911 ἡμᾶς
1125 1876 1301 1912 Ἐκκλησίαν.
1316 1877 1375 1904 ’Ὶνα
1385 1877 1414 1904 δὲ
1428 1878 1518 1913 είδῆτε
1533 1879 1581 1906 καὶ
1602 1880 1691 1915 ὑμεῖς,
1707 1877 1731 1907 ὦ
1745 1882 1829 1909 σεϐα-

1031 1931 1116 1958 σμιοι,
1129 1924 1162 1950 ὲκ
1179 1924 1290 1960 μέρους,
1304 1922 1348 1951 οἶα
1359 1924 1394 1952 τὰ
1407 1925 1494 1960 ἀσεϐῆ
1508 1925 1633 1960 δόγματα
1644 1926 1700 1953 τῶν
1715 1927 1806 1955 ἀθέων
1817 1936 1825 1944 ·

1032 1970 1233 1997 συναπέστειλα
1245 1971 1304 2002 τοῖς
1316 1970 1466 2006 γράμμασι
1492 1970 1581 1999 ταῦτα
1602 1973 1632 1999 ὲν
1655 1973 1828 2008 τετραδίοις·⁸

1030 2014 1049 2041 ἃ
1064 2015 1111 2041 καὶ
1126 2015 1204 2047 ἔδοξα
1221 2016 1235 2042 ὸ
1251 2015 1362 2051 ἀμαθὴς
1377 2016 1553 2052 ἀνατρέπειν,
1565 2019 1735 2054 προτραπεὶς
1751 2021 1829 2055 παρά

1031 2060 1162 2088 εὐσεϐῶν.
1181 2061 1257 2088 Δίτῶ
1278 2061 1307 2088 δὲ
1334 2061 1388 2088 ὑπὸ
1413 2062 1465 2096 τῆς
1485 2062 1562 2095 θείας
1580 2064 1658 2098 ὑμῶν
1684 2065 1829 2099 ἀγχινοίας

1031 2107 1251 2142 ἐπισκιφθῆναι·
1282 2108 1330 2134 καὶ
1355 2107 1387 2135 τὸ
1402 2107 1512 2141 ἐλλιπὲς
1538 2109 1747 2145 ἀνορθωθῆναι·
1781 2112 1830 2139 καὶ

1032 2153 1200 2190 συγγνώμην
1227 2154 1282 2181 τῶν
1298 2154 1508 2191 ὲπωφλημένων
1524 2155 1654 2189 δέξασθαί
1671 2165 1707 2192 με
1718 2164 1727 2173 ·
1756 2157 1830 2193 λαμ-

187 2205 300 2233 gressus
309 2206 383 2231 sum,
396 2199 544 2233 proborum
553 2199 676 2226 virorum
688 2199 809 2228 hortatu.
818 2199 874 2228 Oro
888 2205 980 2229 autem

1034 2203 1165 2231 ϐάνεσθαί
1180 2211 1210 2230 τε
1235 2203 1277 2235 εις
1303 2204 1415 2239 μνήμην
1432 2203 1462 2230 ὲν
1478 2204 1538 2235 ταῖς
1557 2203 1722 2231 θεοκλινέσιν
1751 2205 1831 2240 ὑμῶν

188 2249 219 2272 ιιι
234 2252 266 2272 ea
282 2252 332 2279 pro
348 2244 441 2272 divina
456 2249 546 2273 vestra
563 2246 713 2281 sagacitate
725 2247 897 2281 expendatis,
909 2248 983 2283 quod

189 2290 318 2317 vitiosum
339 2294 382 2318 est
398 2289 562 2323 emendetis,
582 2295 795 2327 erratorumque
807 2293 915 2320 veniam
933 2294 984 2321 tri-

191 2337 294 2368 buatis,
306 2341 334 2364 et
350 2341 379 2364 ut
396 2337 451 2365 mei
468 2337 647 2365 memineritis
663 2337 691 2365 in
704 2338 801 2366 vestris
813 2338 986 2369 ﬂectentibus

1032 2249 1200 2285 προσευχαῖς
1211 2257 1218 2264 ·
1242 2248 1291 2275 καὶ
1314 2248 1369 2284 μὴν
1387 2248 1435 2276 καὶ
1450 2249 1645 2277 συντάττεσθαι
1660 2249 1699 2281 ὼς
1713 2249 1833 2285 ἔσχατον

1033 2293 1143 2321 πάντων
1168 2293 1250 2328 μέλος
1271 2294 1301 2321 ὲν
1325 2293 1364 2330 τῷ
1391 2293 1559 2330 πληρώματι
1575 2293 1626 2330 τῆς
1649 2294 1731 2330 ἁγίας
1751 2296 1832 2331 ὑμῶν

1040 2339 1217 2375 Ἐκκλησίας.

191 2381 278 2409 Deum
299 2382 426 2417 precibus
443 2391 450 2410 :
475 2383 593 2419 denique
610 2388 641 2411 ut
662 2387 794 2420 tanquam
816 2390 986 2420 postremum
1021 2388 1146 2417 omnium
1173 2385 1327 2413 membrum
1360 2392 1476 2414 censear
1497 2386 1524 2413 in
1543 2386 1711 2422 plenituolne
1727 2392 1832 2415 sancta:

189 2437 289 2460 vestrae
308 2433 447 2461 Ecclesiae.

226 2478 293 2506 Haec
313 2480 405 2507 eadem
424 2480 535 2515 epistola
551 2482 632 2509 missa
651 2487 689 2509 est
704 2483 784 2510 etiam
800 2484 836 2511 ad
850 2489 983 2512 monaste—

190 2523 259 2550 rium
273 2525 360 2552 sancti
379 2524 531 2553 Theodosii.

1080 2482 1115 2509 Ἦ
1129 2480 1207 2514 αὑτὴ
1220 2480 1369 2513 ἐπιστολὴ
1383 2478 1542 2513 ἀπεστάλη
1558 2477 1607 2506 καὶ
1624 2477 1700 2512 πρὸς
1711 2476 1771 2512 τὴν
1783 2485 1834 2512 μο-

1038 2527 1100 2563 νὴν
1113 2527 1168 2555 τοῦ
1181 2526 1267 2561 ἁγίου
1283 2525 1456 2553 Θεοδοσίου.

639 2607 765 2633 Adversus
774 2608 874 2634 eosdem
886 2610 1068 2635 Icouomachos.
1080 2609 1180 2640 (Baron.
1200 2615 1240 2633 an.
1252 2609 1308 2638 8l‘I,
1320 2615 1346 2633 ιι.
1357 2609 1391 2633 54

190 2681 318 2710 X\'Il.—
331 2685 353 2711 A
372 2683 424 2712 Deo
447 2685 593 2718 honorato,
612 2685 709 2712 dilecto
723 2692 746 2713 et
762 2687 880 2720 spiritali
903 2687 982 2715 Patri

225 2737 294 2763 meo,
308 2731 416 2758 domino
438 2731 598 2758 moderatori
615 2733 740 2760 mawimw
762 2733 848 2760 laurw
865 2734 983 2761 beatissi-

176 2790 178 2793 -
226 2775 263 2802 mi
279 2776 366 2803 sancti
386 2776 476 2804 Patris
492 2777 576 2804 nostri
598 2777 761 2812 Clmrt'lonis,
782 2783 807 2806 et
822 2779 856 2806 iis
871 2780 917 2814 qui
932 2780 981 2807 sub

227 2862 237 2878 ⁵
255 2862 328 2890 ινεθι.
343 2871 379 2896 οι,
399 2864 424 2891 7.
462 2865 473 2880 '
496 2864 571 2894 Psal.
585 2873 678 2899 cum,
698 2865 724 2893 6.

1037 2686 1171 2720 ΙΖ¹.-Τῷ
1181 2686 1343 2722 θεοτιμήτῳ
1352 2707 1359 2720 ,
1371 2685 1554 2721 ἠγαπημένῳ
1565 2685 1615 2712 καὶ
1640 2678 1837 2719 πνευματιχῷ

1071 2742 1130 2768 μου
1167 2734 1261 2767 Πατρι
1272 2751 1280 2765 .
1303 2732 1396 2766 κυρίῳ
1415 2732 1596 2767 καθηγεμόνι
1616 2731 1673 2764 τῆς
1686 2731 1837 2765 μεγίστης

1070 2781 1186 2814 λαύρας
1207 2779 1262 2807 τοῦ
1281 2779 1478 2814 παμμάκαρος
1505 2778 1594 2814 ἁγίου
1611 2778 1728 2812 Πατρός
1748 2777 1837 2813 ἡμῶν

764 2867 774 2881 ⁶
790 2867 843 2895 lsa.
862 2876 882 2902 t,
900 2868 926 2896 9.
966 2867 1043 2896 'Jac.
1061 2875 1086 2901 ν,
1106 2868 1152 2898 l6.
