1923 3078
99 150 170 184 1169

695 151 964 182 EPISTOLA‘RUM
993 152 1064 182 LIB.
1091 152 1133 182 II.

1662 151 1730 184 1170

131 209 312 242 Χαρίτωνος,
339 208 388 236 καί
413 209 473 241 τοῖς
490 209 541 237 ὑπ’
556 209 633 244 αὐτῇ
655 210 753 242 ὁσίοις
764 219 823 245 μου
834 211 893 236 Πα-

979 209 1028 236 illa
1039 210 1204 237 suntsanctis
1212 209 1338 237 l'alribus
1349 211 1423 242 meis,
1436 209 1588 238 Theodorus
1597 212 1731 245 minimus,

132 256 252 290 τράσιν,
270 256 418 291 Θεόδωρος
443 257 616 292 ἐλάχιστος,
631 258 832 292 πρεσϐύτερος
842 257 891 284 καί

133 303 303 336 ἡγούμενος
314 301 374 328 τῶν
390 303 546 330 Erat/610v.
815 303 890 340 [σζκ]

140 347 251 382 Ἐπειδὴ
264 348 329 382 παρ’
345 347 442 374 ἐλπίδα
457 349 474 383 ή
489 349 628 382 ἐπίτευξις
641 349 696 376 τῶν
706 350 890 385 γραμμάτων,

96 392 296 426 θαυμαστικῶς
312 392 458 428 βοήσομαι·
469 394 553 420 Πόθεν
569 403 615 428 μοι
625 394 713 427 τοῦτο,
729 395 773 421 ἵνα
783 394 892 426 ἀξιωθῶ

97 439 111 464 6
128 438 241 473 εὐτελὴς
257 438 410 464 ἐπιστεῖλαι
421 439 486 473 ὑμῖν
499 440 556 471 τοῖς
573 440 662 473 ἁγίοις
678 448 729 474 μου
741 440 890 474 Πατράσιν;

105 484 170 510 Ἰδοὺ
196 484 252 518 γὰρ
274 484 312 515 ὡς
340 484 505 517 κατείληφεν
526 485 601 520 ἡμᾶς
627 485 672 512 διὰ
687 485 737 516 τὰς
754 485 892 520 ἁμαρτίας

98 529 177 564 ήμῶν
202 530 217 555 6
246 529 439 564 χαλεπώτατος
460 530 581 565 διωγμὸς
603 528 701 563 οὗτος·
723 529 754 558 οὗ
778 532 795 567 ή
821 531 892 567 ἀκοὴ

99 576 210 607 πάντως
236 575 318 611 μέχρι
342 577 390 602 καὶ
416 576 493 612 ὑμῶν
520 577 650 611 ἔφθασεν.
682 577 830 604 Ἐσκόπουν
844 578 892 604 καὶ

99 620 257 655 ἀνηρεύνων
266 622 281 648 6
290 621 427 652 ταπεινὸς,
439 621 498 653 πῶς
513 623 562 649 καὶ
575 622 610 649 δι’
622 619 726 654 οὗτινος
745 623 891 658 προσώπου

98 666 244 701 δυνηθεξην
259 666 459 701 ἀποδύρασθαι,
479 668 527 694 καὶ
548 668 617 703 πρὸς
633 668 705 703 ὑμᾶς
718 669 781 700 τοὺς
797 668 892 702 ἁγίους

99 712 134 739 τὰ
146 712 289 747 πμὸἀντα
302 712 368 746 ήμίν
387 713 473 745 δεινὰ,
491 713 541 739 οὐκ
559 713 640 740 ἄλλου
667 713 740 744 τινὸς
754 714 859 746 ἕνεκεν,
874 714 891 748 ἢ

98 759 147 785 τοῦ
171 760 212 791 εἰς
237 759 410 794 συμπάθειαν
425 760 625 787 ἐκκαλέσασθαι
649 760 727 796 ὑμῶν
741 761 792 792 τὰς
811 761 892 795 ἁγίας

99 804 202 840 ψυχὰς,
229 805 422 832 ἀντιλασέσθαι
451 806 531 841 ήμῶν
560 806 605 833 διά
632 806 688 834 τῶν
717 807 891 842 προσευχῶν.

100 851 277 885 συμπάσχειν
295 851 418 885 δηλονότι
430 852 540 878 εἰδότων
556 853 628 878 κατὰ
642 852 692 887 τὴν
709 853 892 888 ἀποστολικὴν

99 896 286 923 διδασκαλίαν.
299 892 386 931 Εἴπερ
396 896 491 931 ἐσμὲν
505 897 532 924 οἰ
543 897 656 929 πάντες
666 897 751 931 σῶμα
762 897 892 931 Χριστοῦ

100 941 151 969 καὶ
163 941 242 976 μέλη
258 941 293 968 ἐκ
311 940 433 975 μέρους.
450 941 505 967 Καὶ
521 941 559 973 ὡς
577 941 629 976 ήδη
650 942 736 968 ταῦτα
758 942 891 968 ἐνενόουν·

100 987 202 1021 ἐπέστη
215 986 320 1021 ἀθρόως
340 987 387 1012 καὶ
397 987 411 1012 6
429 986 664 1021 γραμματοφόρος
680 987 712 1012 ὲκ
726 986 780 1013 τῶν
798 986 893 1012 αὐτόθι

99 1033 194 1067 ἥκων·
221 1032 269 1058 καὶ
291 1027 370 1062 οὗτος
392 1031 449 1063 υἱὸς
472 1031 539 1066 ὲμὺς
554 1032 583 1058 ὲν
598 1031 746 1066 πνεύματι,
760 1032 807 1058 καὶ
832 1031 893 1058 λίαν

99 1077 272 1108 πιστότατος.
289 1075 351 1108 Πῶς
373 1074 420 1103 οὖν
435 1076 487 1103 οὐκ
501 1075 614 1111 ἔμελλον
628 1077 643 1103 6
661 1075 821 1111 ἁμαρτωλὸς
845 1076 892 1102 ὲκ-

99 1121 240 1156 πλαγῆναι
253 1122 299 1148 ἐπὶ
315 1121 354 1156 τῷ
370 1122 498 1157 ὲρμαίῳς
518 1122 579 1153 Πῶς
595 1122 624 1149 δὲ
644 1122 694 1148 οὐκ
709 1121 894 1156 ἀνθομολογή-

101 1167 202 1194 σεισθαι
221 1167 316 1202 Κυρίῳ
329 1166 368 1200 τῷ
387 1166 447 1201 Θεῷ
469 1175 521 1201 μου
543 1166 577 1193 τὰ.
592 1166 706 1198 εἰκότας
730 1165 812 1192 Ἀλλά
827 1167 893 1201 πρὶν

100 1211 222 1244 ἐξειπεῖν
247 1212 282 1238 τὰ
309 1211 443 1246 όδυνηρά,
473 1211 519 1238 τδν
543 1212 613 1246 πρὸς
640 1212 712 1247 ὑμᾶς
733 1220 784 1247 μου
811 1211 892 1239 πόθον

100 1256 293 1292 ἀφοσιώσομαι
315 1258 329 1284 6
345 1257 482 1289 ταπεινός.
507 1257 635 1293 Χαίρετε,
651 1254 674 1284 ὢ
690 1257 893 1293 μακαριώτατοι

102 1302 225 1337 Πατέρες
238 1310 246 1317 ’
260 1302 286 1328 οἱ
306 1301 357 1337 τῆς
374 1302 455 1335 ἁγίας
469 1302 521 1337 γῆς
542 1303 685 1338 οἰκήτορες
698 1311 706 1319 ο
730 1302 760 1329 τὺ
776 1302 894 1338 χρυσοῦν

101 1347 182 1380 γένος
195 1355 202 1361 ·
226 1347 251 1373 οἱ
275 1347 324 1383 τὴν
340 1347 432 1373 πίστιν
447 1347 638 1382 δοκιμώτατοι,
652 1349 700 1374 καὶ
723 1347 778 1374 τῶν
798 1348 894 1375 παθῶν

101 1393 265 1427 δαμάτορες·
281 1393 400 1427 χαίρετε,
409 1394 427 1427 ή
443 1392 604 1428 περιϐόητος
614 1394 750 1429 ὁμήγυρις
762 1393 892 1428 Χριστοῦ·

101 1438 127 1463 oi.
144 1438 260 1473 ἐργάται
272 1437 326 1464 τῶν
340 1437 456 1464 ἐντολῶν
473 1438 594 1473 Κυρίου·
616 1439 662 1464 καὶ
682 1439 732 1474 τῆς
747 1440 776 1465 ὲν
804 1447 893 1475 παρα-

100 1483 183 1518 δείσῳ
194 1483 300 1518 διαίτης
315 1483 364 1518 τὴν
377 1483 482 1519 θεοειδῆ
491 1483 563 1518 ζωὴν
579 1484 759 1519 μιμούμενοι·
770 1485 893 1521 χαίρετε,

101 1529 120 1562 ή
138 1528 184 1554 τοῦ
209 1527 277 1554 Θεοῦ
305 1528 383 1560 πόλις
407 1528 522 1563 ἑκλεκτή
540 1537 548 1545 ·
567 1529 646 1564 ειπερ
673 1529 702 1556 ἒν
720 1529 796 1565 μέσῳ
816 1530 893 1565 ὑμῶν

102 1574 218 1608 Κύριος,
235 1573 281 1601 διὰ
293 1574 343 1609 τῆς
359 1573 414 1600 τῶν
432 1574 542 1608 ἀγαθῶν
559 1574 649 1610 ἔργων
673 1575 835 1611 ἀναλήψεως
850 1576 894 1602 θε-

102 1618 301 1654 ραπευόμενος.
323 1619 490 1654 Ἐϐουλόμην
507 1620 566 1654 ὕψει
586 1620 732 1647 ὐπολαὸεῖν
751 1621 802 1656 τὴν
818 1621 894 1648 θείαν

102 1664 182 1698 ὑμῶν
196 1664 340 1700 περιοχὴν,
359 1664 407 1691 καὶ
423 1665 616 1701 προσάψασθαι
641 1666 695 1692 τῶν
713 1666 795 1701 ἱερῶν
816 1667 894 1701 ὑμῶν

104 1709 198 1745 ίχνῶν·
210 1710 274 1736 ἰδεῖν
288 1710 319 1737 τὺ
334 1710 412 1742 ἅγιον
427 1710 540 1745 τέμενος
550 1720 558 1727 ·
574 1712 762 1747 προσκυνῆσαι
776 1712 807 1739 τὸ
822 1713 894 1739 θεῖον

102 1756 212 1789 εδαῳς·
227 1755 333 1782 ικαστα
350 1757 628 1792 κατασκοπῆσαι,ποῦ
643 1758 656 1784 6
673 1757 750 1791 ἆγιος
764 1758 811 1784 τοῦ
826 1758 894 1785 Θεοῦ

102 1803 117 1828 6
147 1801 319 1837 φερωνύμως
347 1802 481 1837 ᾎΧαρίτων
513 1802 729 1838 πεπληρωμένος
763 1803 894 1838 ὲνήθ).ησε

104 1846 282 1883 μαρωρικῶς
294 1855 325 1873 τε
341 1846 408 1882 ὁμοῦ
421 1847 469 1873 καὶ
483 1847 640 1882 ἀσκητικῶς
653 1855 662 1863 ⁸
684 1848 723 1883 πῆ
737 1847 766 1874 δὲ
777 1848 807 1875 τὸ
822 1848 894 1883 ἱερὸν

103 1892 186 1919 αὑτοῦ
216 1892 296 1927 σῶμα
319 1892 516 1928 τεταμίευται·
541 1894 556 1920 ὁ
581 1894 666 1926 ὄντως
688 1894 824 1929 θησαυρὸς
840 1893 895 1919 τῶν

103 1939 210 1975 ἀρετῶν
222 1947 230 1954 ·
245 1940 260 1965 ό
275 1939 326 1974 τῆς
338 1939 442 1974 ἐρήμου
459 1939 582 1975 πολίτης,
600 1941 647 1967 καὶ
666 1940 716 1975 τῆς
732 1941 894 1976 οἰκουμένης

103 1985 238 2020 λαμπτήρ
252 1993 260 2000 ·
285 1983 316 2012 οὗ
341 1985 372 2011 τὺ
394 1985 504 2020 ἔντιμον
526 1986 637 2021 σπέρμα
651 1986 702 2013 οὐκ
726 1986 893 2017 ἐκλέλοιπεν,

102 2031 164 2058 οὐδὲ
185 2029 337 2064 ἐκλείψειεν
347 2031 400 2062 ἕως
413 2031 464 2065 τῆς
479 2031 633 2063 συντελείας
647 2031 697 2058 τοῦ
711 2032 818 2063 αἰῶνος.
831 2031 894 2058 Εἴθε

104 2074 177 2103 εἶδον
191 2076 289 2108 ταῦτα,
312 2077 360 2103 καὶ
380 2077 606 2112 περιεπτυξάμην
620 2078 666 2104 τὸν
681 2078 745 2112 χοῦν
759 2078 797 2110 ὼς
811 2078 895 2113 ἔμψυ-

103 2123 166 2158 χονῑ
185 2121 290 2155 ὤφελον
313 2122 361 2148 καὶ
387 2122 513 2157 ἀπήχθην
531 2123 560 2149 ὲν
583 2124 643 2155 ταῖς
663 2123 772 2155 λοιπαῖς
798 2124 896 2159 θήκαις

102 2168 158 2195 τῶν
183 2168 277 2200 ὁσίων,
293 2168 343 2194 ἀπ’
355 2168 440 2204 αὐτῆς
471 2169 555 2204 μόνης
582 2169 671 2204 ὅψεως
695 2170 893 2205 ἀγιαζόμενοςῑ

110 2214 181 2241 Ἀλλ’
197 2213 258 2240 ἐπεὶ
274 2212 360 2240 ταῦτα
373 2213 403 2247 ἐξ
421 2213 513 2248 ὀλίγου
528 2223 574 2250 μοι
596 2214 713 2250 ὕμνηται
727 2234 735 2246 ,
764 2215 830 2251 φέρε
855 2217 895 2242 δι-

103 2259 310 2295 ηγήσωμαικαὶ
321 2259 356 2286 τὰ
374 2259 469 2295 ὀδύνης
480 2259 595 2295 ἔμπλεα·
613 2259 739 2295 ’Δνέστη
748 2261 900 2294 βασιλεὺς

103 2306 216 2339 ἕτερος,
230 2305 298 2340 φησί
309 2314 362 2332 που
376 2305 408 2332 τὸ
424 2305 496 2338 ἱερὴν
506 2305 637 2342 Γράμμα,
651 2306 685 2339 ὃς
697 2307 753 2333 οὐκ
766 2306 831 2341 ᾖδε-ι
847 2307 899 2333 τὸν

110 2349 236 2385 Ἰωσήφ.

141 2440 271 2472 Τοιοῦτος
287 2441 320 2476 δή
334 2440 381 2467 οὖν
393 2441 408 2467 6
428 2440 563 2476 ἡμέτερος
575 2440 685 2476 Φαραὼ,
701 2437 723 2467 ὦ
740 2441 897 2475 ἁγιώτατοι·

103 2487 136 2514 οὗ
155 2487 203 2513 τὸν
222 2486 320 2521 Ἰωσὴφ
336 2486 453 2521 ἀγνοῶν,
473 2486 542 2513 ἀλλά
556 2487 603 2513 τὸν
624 2486 798 2521 ἀγοράσαντα
819 2486 900 2512 αὐτὸν

103 2531 247 2565 Δεσπότην
262 2531 440 2566 ἀρνούμενος.
457 2532 543 2566 Δῆλον
555 2532 610 2566 γὰρ
621 2531 658 2563 ὡς
674 2533 688 2558 6
701 2531 806 2558 ἀθετῶν
816 2530 899 2557 αὐτοῦ

103 2579 153 2613 τὴν
168 2577 273 2608 είκὸνα,
293 2577 376 2604 αὐτὸν
401 2577 502 2604 ἀθετεῖ.
524 2577 602 2604 Οὕτω
629 2577 675 2603 καὶ
695 2577 744 2612 τὴν
758 2577 898 2609 Θεοτόκον,

104 2624 151 2649 καὶ
167 2623 257 2649 πάντα
273 2623 352 2656 ἅγιον
368 2622 512 2658 ὴθέτησεν.
527 2623 565 2649 Οὐ
593 2623 646 2658 γὰρ
664 2623 745 2658 ἔφερε
761 2622 842 2656 φύσις
859 2623 897 2650 ὢν

102 2668 252 2703 ἀρνητικὴ,
268 2668 306 2703 μὴ
327 2667 388 2702 οὺχὶ
402 2669 434 2702 τῇ
449 2668 554 2702 κεφαλῇ
583 2668 776 2703 συμπεριελεῖν
792 2669 840 2694 καὶ
863 2668 898 2694 τά

104 2714 174 2748 μέλη
192 2714 300 2740 πάντα’
326 2714 371 2740 ἵνα
394 2713 462 2748 μόνη
478 2715 494 2748 ἡ
509 2713 591 2740 είκὼν
605 2714 687 2740 αὐτοῦ
702 2714 897 2749 ὲμφανίζηται,

103 2759 399 2795 Ναϐουχοδονοσορικῷ
427 2759 555 2794 δόγματι.
593 2760 732 2787 Ἐντεῦθεν
759 2762 898 2796 ἐρήμωσις

106 2804 201 2830 πασῶν
223 2803 276 2831 τῶν
310 2803 481 2838 Ἑκκλησιῶν
510 2803 558 2830 τοῦ
585 2804 671 2838 Θεοῦ,
698 2805 897 2841 ἀφανιζομένης

141 2859 153 2875 ⁸
169 2859 256 2888 lCor.
271 2867 320 2896 xu,
333 2860 359 2888 2.
398 2861 408 2877 ο
421 2860 504 2889 Exod.
517 2868 535 2893 ι,
551 2859 578 2887 8.

976 256 1109 291 presbyter
1124 261 1149 283 et
1165 257 1321 291 prwposilus
1343 256 1524 284 Studitarum.

976 346 1201 382 Quandoquidem
1223 352 1322 382 pra‘ter
1341 355 1418 382 spem
1438 348 1548 376 occasio
1572 355 1601 375 sc
1619 347 1668 374 dat
1688 347 1732 374 lit-

941 397 1072 425 terarum,
1098 398 1210 428 stupens
1226 395 1385 422 exclamabo
1409 404 1416 422 :
1440 394 1518 422 Unde
1540 395 1592 422 ltoc
1608 394 1685 426 mihi,
1704 398 1733 420 ut

941 446 1003 466 eum
1022 439 1123 466 nullius
1138 439 1189 466 sim
1204 440 1295 474 pretii,
1315 439 1348 466 ad
1372 447 1431 471 vos,
1453 439 1548 466 Patres
1568 439 1618 466 mei
1635 439 1731 469 sancti.

941 484 1046 511 litteras
1066 484 1235 512 conscribam
1251 484 1343 513 ?Ecee
1363 486 1435 512 enim
1460 485 1506 512 ubi
1529 493 1580 511 nos
1599 485 1735 519 oppressit

942 530 977 556 oh
994 530 1098 558 scelera
1118 535 1212 557 nostra
1228 531 1326 557 acerba
1345 530 1404 558 inec
1416 530 1443 557 in
1457 530 1553 565 primis
1567 530 1732 564 persecutio.

941 575 1021 610 cujus
1034 575 1105 602 fama
1127 576 1239 602 omnino
1254 575 1287 602 ad
1304 583 1353 603 vos
1376 583 1465 610 usque
1481 575 1614 610 pervenit.
1631 574 1732 609 Explo-

941 622 1056 657 raviego
1068 621 1202 654 misellus,
1211 627 1238 649 et
1251 623 1343 649 animo
1351 623 1482 653 volutavi.
1503 621 1733 657 quemadmodum

941 670 969 692 et
985 673 1033 699 per
1045 673 1125 700 quem
1137 666 1203 694 mihi
1216 666 1256 694 ias
1270 672 1342 694 esset
1349 675 1381 694 ea
1397 668 1489 702 lugere
1500 667 1581 693 etiam
1591 667 1662 701 apud
1676 674 1735 699 vos,

942 711 993 737 viri
1003 711 1102 742 sancti,
1120 719 1180 745 quae
1203 711 1282 739 nobis
1301 712 1440 747 conligere
1466 711 1625 742 infortunia,
1649 720 1736 746 neque

942 756 1024 782 aliam
1040 757 1075 783 ob
1088 764 1210 789 causam,
1224 765 1306 791 quam
1322 763 1351 784 ut
1368 762 1492 784 sanctum
1507 761 1603 792 pectus
1616 762 1735 783 vestrum

941 801 975 828 ad
990 802 1255 829 eommiseralionem
1278 810 1499 837 provocaremus,
1509 808 1537 830 ut
1549 811 1599 830 nos
1612 804 1736 837 precibus

942 845 1130 878 sublevaretis,
1148 846 1195 881 qui
1215 847 1334 881 compati
1347 847 1470 875 videlicet
1495 848 1617 882 apprime
1637 849 1735 881 nostis,

908 888 929 915 Β
941 893 1019 927 juxta
1031 892 1151 927 Apostoli
1161 893 1390 920 adhortationem.
1399 893 1538 929 Siquidem
1553 902 1648 921 omnes
1659 894 1737 921 Chri-

944 939 982 965 ³ιί
997 946 1092 973 corpus
1108 947 1210 971 sumus,
1222 944 1248 966 et
1264 939 1379 966 membra
1390 947 1423 966 ea;
1441 945 1515 974 parte
1525 940 1546 966 ⁸.
1561 939 1592 966 Et
1603 948 1664 966 cum
1681 940 1737 967 lure

941 983 997 1018 jam
1006 983 1064 1018 ipse
1073 991 1179 1010 mecum
1193 989 1359 1018 reputarem,
1366 985 1453 1012 astitit
1460 989 1570 1019 repente
1579 985 1686 1012 tabella:
1694 985 1736 1013 ius

943 1037 975 1056 ex
993 1029 1047 1056 illis
1067 1030 1225 1065 regionibus
1246 1037 1395 1064 reversus;
1416 1035 1444 1058 et
1467 1031 1511 1058 ille
1528 1032 1637 1066 quidem
1663 1032 1736 1058 lilius

944 1083 1021 1102 meus
1038 1076 1064 1102 in
1077 1076 1184 1110 spiritu,
1199 1076 1327 1110 idemque
1347 1076 1523 1112 integerrima
1536 1077 1597 1104 lide.
1612 1077 1734 1110 Quomo-

943 1121 979 1147 do
997 1120 1080 1156 igitur
1098 1128 1152 1148 non
1171 1129 1214 1148 me
1238 1126 1409 1156 peecatorem
1432 1123 1554 1157 oportuit
1567 1127 1622 1149 tant
1643 1123 1735 1157 inspe-

944 1170 1003 1192 rato
1016 1166 1091 1193 lucro
1111 1166 1331 1202 obstupescere?
1354 1166 1498 1200 Quomodo
1517 1176 1570 1194 non
1583 1167 1674 1194 decuit
1691 1168 1736 1202 ju-

943 1211 1079 1238 stissimas
1100 1219 1179 1246 agere
1202 1213 1304 1246 gratias
1335 1213 1451 1240 Domino
1482 1220 1543 1240 meo
1574 1212 1630 1240 Deo
1649 1213 1661 1239 ?
1684 1213 1735 1240 Sed

944 1256 1105 1291 priusquam
1117 1264 1149 1284 ea
1160 1265 1222 1292 qua:
1245 1262 1310 1284 sunt
1321 1258 1403 1292 digna
1423 1258 1499 1285 luctu
1512 1258 1636 1292 eloquar.
1649 1259 1737 1286 ohitrr

944 1306 1034 1325 meum
1064 1307 1127 1334 erga
1158 1308 1206 1327 vos
1237 1300 1403 1328 desiderium
1432 1302 1560 1336 indiguus
1590 1310 1735 1336 exponant.

945 1342 1078 1376 Gaudete,
1108 1343 1203 1372 Patres
1225 1345 1387 1379 felicissimi,
1409 1351 1490 1374 terra:
1514 1352 1615 1375 sancta:
1631 1348 1735 1379 incolaa.

943 1397 1030 1424 genus
1040 1397 1165 1423 aureum,
1181 1390 1234 1418 ﬁde
1245 1399 1327 1426 supra
1342 1397 1456 1420 caeteros
1475 1393 1593 1427 probati,
1606 1393 1736 1420 vitiorum

943 1436 1116 1463 domitores:
1144 1437 1270 1472 gaudete.
1302 1437 1467 1472 percelebris
1492 1437 1595 1465 Christi
1633 1443 1732 1471 cattus,

944 1480 1091 1508 effectores
1112 1480 1304 1508 mandatorum
1320 1481 1379 1515 Dei,
1396 1490 1429 1509 ac
1441 1482 1533 1510 divina
1550 1483 1657 1510 vivendi
1676 1491 1737 1510 nor-

944 1534 989 1554 ma
1008 1527 1159 1555 imitatores
1177 1528 1237 1563 ejus
1255 1528 1317 1555 vitae
1336 1536 1396 1563 quae
1411 1528 1438 1555 iu
1451 1529 1585 1564 ,paradiso
1598 1530 1705 1564 degitur
1726 1539 1734 1557 ι

943 1572 1071 1605 gaudete,
1094 1572 1179 1600 electa
1196 1572 1243 1600 Dei
1266 1572 1375 1606 civitas,
1397 1573 1531 1608 siquidem
1545 1579 1587 1601 est
1603 1574 1629 1600 in
1646 1574 1736 1601 medio

944 1623 1015 1644 coetu
1043 1621 1135 1644 vestro
1167 1617 1309 1650 Dominus,
1345 1626 1426 1653 quem
1460 1618 1593 1646 honorum
1621 1627 1735 1654 operum

944 1661 1138 1688 exercitatione
1168 1662 1267 1690 colitis.
1289 1661 1392 1690 Vellem
1413 1663 1506 1698 utique
1530 1663 1653 1690 divinum
1669 1665 1736 1691 illud

943 1712 1066 1734 vestrum
1078 1712 1184 1743 septum
1200 1708 1288 1736 oculis
1305 1716 1449 1744 usurpare,
1465 1716 1543 1736 sacra
1558 1715 1649 1736 vestra
1665 1718 1735 1737 0011-

944 1753 1049 1788 tingere
1076 1754 1201 1789 vestigia,
1224 1760 1347 1782 sanctam
1370 1756 1469 1782 intueri
1490 1755 1586 1788 aedem,
1609 1756 1732 1782 divinum

944 1800 1033 1826 solum
1054 1799 1184 1832 osculari,
1207 1800 1313 1834 singula
1324 1800 1442 1828 lustrare
1456 1801 1595 1832 attentius,
1619 1801 1664 1827 ubi
1680 1800 1736 1828 Deo

943 1844 1052 1878 plenus,
1064 1852 1095 1871 ac
1106 1852 1156 1871 suo
1173 1845 1341 1879 respondens
1356 1847 1459 1873 nomini
1471 1851 1582 1874 sanctus
1602 1845 1647 1873 Dei
1661 1846 1734 1873 Cha-

944 1889 1008 1922 rito,
1029 1894 1086 1916 tum
1117 1891 1240 1925 martyrii
1267 1895 1324 1918 tum
1353 1892 1414 1919 vita:
1435 1891 1592 1919 monasticae
1618 1891 1736 1926 palmam

945 1935 1007 1962 tulit
1026 1944 1033 1962 :
1058 1936 1103 1963 ubi
1118 1945 1225 1963 sacrum
1242 1937 1314 1964 illius
1333 1945 1433 1972 corpus
1460 1937 1629 1964 reconditum
1648 1946 1655 1964 :
1673 1943 1737 1963 vere

945 1980 1091 2009 thesaurus
1118 1982 1260 2013 virtutum,
1283 1983 1368 2009 eremi
1395 1983 1474 2015 civis,
1501 1983 1575 2010 orbis
1601 1987 1734 2009 terrarum

945 2025 1078 2054 lucerna:
1103 2028 1183 2062 cujus
1204 2027 1353 2062 pretiosum
1370 2035 1463 2055 semen
1488 2036 1541 2055 non
1557 2028 1666 2060 defecit,
1686 2035 1735 2055 nec

945 2080 1012 2100 vero
1040 2072 1147 2100 deﬁciet
1173 2081 1260 2108 usque
1290 2074 1317 2100 in
1343 2074 1609 2101 consummationem
1631 2074 1733 2101 saeculi.

947 2117 1056 2146 Utinam
1083 2119 1141 2146 haec
1153 2119 1239 2147 oculis
1263 2126 1415 2151 cernerem,
1442 2119 1636 2154 pulveremque
1657 2127 1735 2146 com-

947 2163 1080 2198 plecterer
1095 2163 1178 2190 veluti
1193 2164 1343 2198 spirantem
1360 2164 1366 2190 !
1390 2163 1500 2191 Utinam
1518 2169 1546 2190 et
1557 2163 1737 2198 progrederer

949 2209 982 2235 ad
1012 2209 1132 2244 reliquos
1160 2214 1318 2236 sanctorum
1334 2208 1448 2241 loculos,
1473 2208 1516 2235 vel
1547 2208 1607 2235 solo
1635 2208 1735 2234 intuitu

949 2255 1094 2289 expiatus!
1110 2254 1146 2282 At
1161 2260 1305 2290 postquam
1321 2255 1377 2283 haec
1386 2255 1500 2282 strictim
1512 2254 1735 2282 commemoravi.

949 2300 1036 2327 dicam
1057 2308 1138 2335 porro
1159 2305 1187 2327 et
1209 2309 1270 2335 quae
1291 2305 1355 2328 sunt
1378 2301 1456 2335 plena
1478 2301 1589 2327 luctus:
1615 2299 1736 2326 ενι-γετὰ

950 2354 997 2373 rex
1010 2354 1101 2378 novus,
1115 2346 1214 2374 alicubi
1232 2346 1353 2374 referunt
1372 2354 1457 2374 sacra:
1474 2346 1588 2380 paginae,
1603 2345 1648 2379 qui
1662 2345 1737 2379 igno-

950 2392 1024 2419 rabat
1036 2392 1133 2427 Joseplt
1144 2394 1166 2420 ’.

984 2437 1059 2466 Talis
1082 2438 1207 2473 profecto
1227 2437 1336 2465 Pharao
1355 2443 1451 2466 noster
1471 2442 1525 2470 est,
1543 2437 1594 2464 viri
1618 2436 1737 2464 sanctis-

948 2483 1024 2515 simi.
1038 2491 1093 2510 uon
1111 2484 1158 2518 qui
1173 2483 1274 2518 Joseph
1298 2484 1415 2516 nesciat,
1436 2483 1484 2511 sed
1499 2483 1547 2518 qui
1562 2490 1636 2513 eum.
1653 2489 1737 2515 aquo

949 2531 1107 2564 redemptus
1135 2534 1194 2563 est,
1223 2530 1371 2557 Dominum
1394 2530 1486 2564 ipsum
1516 2533 1605 2564 neget.
1630 2528 1737 2561 Quippe

948 2576 1126 2604 manifestum
1141 2581 1193 2608 est,
1214 2576 1262 2611 qui
1279 2576 1367 2611 ipsius
1391 2575 1538 2610 imaginem
1560 2579 1735 2608 aspernatur,

949 2622 1040 2657 ipsum
1066 2623 1220 2658 aspernari.
1247 2622 1293 2650 Sic
1318 2622 1364 2649 ille
1387 2626 1415 2649 et
1439 2621 1466 2648 in
1488 2621 1634 2655 Deiparatn
1659 2625 1685 2647 et
1708 2620 1735 2646 in

953 2673 1079 2694 sanctum
1108 2667 1259 2702 quemlibet
1294 2667 1412 2701 injurius
1445 2665 1506 2693 iuit.
1538 2664 1633 2700 Neque
1660 2665 1735 2691 enim

950 2714 1023 2740 l'erre
1035 2714 1124 2747 potuit
1140 2718 1237 2740 natura
1249 2712 1282 2739 ad
1303 2711 1456 2747 negandum
1472 2710 1612 2745 proclivis,
1627 2709 1736 2743 quomi-

950 2768 1002 2787 nus
1021 2767 1074 2787 una
1095 2767 1156 2786 cum
1175 2760 1263 2794 capite
1278 2759 1405 2786 universa
1422 2765 1533 2793 quoque
1549 2757 1672 2784 membra
1686 2763 1736 2782 au-

950 2805 1054 2833 ferret:
1069 2810 1098 2833 ut
1113 2806 1170 2834 sola
1192 2806 1228 2833 sit
1246 2805 1334 2841 ipsius
1349 2805 1438 2841 imago
1461 2804 1623 2840 conspicua,
1641 2801 1736 2831 Nabu-
