1923 3078
186 155 253 190 1171

784 156 816 188 S.
837 155 1035 186 TIIEODORI
1051 155 1226 186 STUDITXE

1755 155 1825 189 11⁵12

184 210 406 239 chodonosorico
420 211 521 239 edicto.
546 210 615 239 Hinc
637 211 759 239 omnium
777 210 823 239 Dei
841 211 977 238 Ecclesia—

1031 211 1171 245 πανταχοῦ
1184 211 1274 245 πάσης
1286 210 1388 246 σεπτῆς
1402 211 1517 242 εἰκόνος.
1527 210 1669 238 Ἐντεῦθεν
1684 210 1824 247 ἔμπρησις

184 265 246 284 rum
280 257 432 290 desolatio,
465 257 569 292 ubique
598 257 705 286 sublata
738 265 754 285 e
782 257 873 285 medio
900 257 977 284 omni

184 303 342 330 veneranda
369 302 499 337 imagine.
527 302 597 331 llinc
626 310 769 331 sacrorum
795 303 977 330 donariorum

183 349 304 381 exustio.
323 349 350 376 itt
370 349 471 384 quibus
492 349 600 384 imago;
628 357 660 376 ac
676 348 862 382 voluminum,
879 349 906 376 itt
919 349 980 383 qui-

185 396 236 423 bus
255 396 346 430 aliqua
361 395 490 430 imaginis
503 396 618 424 mentio.
641 395 710 423 Hinc
725 396 813 430 plenae
829 395 978 430 impietatis

184 441 402 475 subscriptiones
417 442 566 477 exiguntur
581 451 588 468 :
604 446 631 469 et
649 442 789 477 sacrilegae
804 442 978 469 communio-

184 487 228 514 nis
239 487 415 522 participatio
436 486 510 515 facta
525 487 650 523 diligenti
674 496 707 516 ac
722 487 841 515 sollicita
861 487 977 522 inquisi-

185 535 271 565 tione,
298 540 331 560 ne
347 532 411 568 quis
431 533 591 560 mortalium
616 541 671 561 non
689 533 815 561 devictus
841 541 871 561 se
892 533 978 561 ruinae

184 579 339 606 subtrahat.
355 578 376 605 E
393 579 503 607 duobus
517 580 590 607 enim
605 580 769 608 alterutrum
789 580 976 607 necessarium

184 626 227 649 est
242 630 249 648 :
264 627 310 650 aut
327 622 442 650 colenda
461 623 551 659 imago
573 632 667 658 aurea,
683 629 731 651 aut
752 625 852 652 acerba
868 625 978 652 crucia-

185 673 262 695 tuum
284 670 394 696 llamma
414 669 589 704 perferenda.
611 671 651 699 Ac
676 671 857 699 nihilominus
882 679 978 699 nume-

185 723 246 742 rare
271 715 297 742 in
328 721 456 751 promptu
485 721 526 744 est
550 725 597 745 eos
618 718 666 752 qui
692 718 837 753 perstitere
858 718 977 745 immoti.

184 761 303 792 Quinam
318 762 357 788 illi
376 763 482 796 porro?
497 762 581 790 Sacer
594 763 688 798 utique
699 764 856 798 patriarcha
872 769 976 797 noster,

183 808 306 842 episcopi
323 813 352 835 et
366 809 538 840 sacerdotes,
565 809 694 836 monachi
709 814 736 837 et
752 810 903 837 monachre.
925 810 978 837 Ne-

183 861 238 887 que
251 854 324 880 enim
342 854 519 882 meretricius
535 855 634 882 oculus
651 855 756 881 veritus
773 859 815 881 est
828 855 870 882 vel
883 855 910 881 in
927 854 977 882 hos

184 907 273 935 usque
287 899 396 935 ﬂagella
423 900 580 927 immittere.
606 899 667 932 Quo
689 900 762 927 enim
780 904 861 933 pacto
881 900 970 934 palam

183 953 319 980 exponam
341 947 514 978 vexationes,
536 953 672 978 carceres,
697 946 817 980 vincula,
842 945 974 976 incdiatn,

183 992 290 1022 exsilia.
312 992 414 1019 damna
431 993 517 1025 illata,
540 993 641 1020 ncces?
657 992 689 1020 Et
701 993 760 1020 lucc
773 993 866 1020 omnia
880 1001 977 1020 stttutts

183 1037 288 1072 experti
306 1047 313 1065 :
330 1037 356 1065 in
376 1039 518 1066 montibus
533 1038 624 1073 fugas,
646 1038 850 1065 occultationos
871 1038 898 1064 iu
913 1045 976 1072 spe-

183 1083 273 1111 luncis
299 1089 327 1112 et
354 1084 482 1112 cavernis
508 1089 598 1112 terrae.
619 1085 722 1112 Abdias
742 1085 886 1119 propheta,
912 1092 975 1111 cum

181 1134 256 1157 esset
273 1131 365 1158 adhuc
381 1139 396 1158 e
416 1131 531 1159 ducibus
546 1131 654 1164 Achab,
682 1139 744 1159 cum
758 1130 868 1159 Jezabel
886 1131 975 1158 caedes

182 1181 315 1211 patraret,
336 1177 438 1204 dicitur
457 1177 528 1205 ﬁlios
545 1178 741 1212 prophetarum
763 1178 975 1213 quinquagenos

182 1222 211 1248 in
234 1222 342 1249 duabus
365 1223 506 1257 speluncis
530 1224 698 1254 occultasse.
713 1231 783 1258 quos
802 1228 830 1250 et
852 1223 927 1258 pavit
942 1223 974 1249 ιο.

220 1266 270 1293 Hic
286 1275 351 1294 vero
370 1267 392 1295 si
409 1268 471 1302 quis
484 1268 707 1303 deprehendatur
721 1269 763 1296 vel
787 1276 870 1295 uuutu
894 1268 976 1295 modo

182 1313 352 1347 occuluisse,
373 1314 400 1342 in
425 1322 556 1350 magnum
572 1314 617 1342 ille
636 1315 785 1342 discrimen
806 1314 903 1341 venit:
921 1314 976 1342 imo

182 1361 205 1387 si
222 1360 265 1387 vel
285 1359 355 1387 clam
376 1360 489 1395 impiam
507 1361 733 1387 communionem
759 1360 907 1395 refugisse,
929 1364 976 1387 aut

181 1413 265 1440 penes
278 1413 308 1433 se
328 1413 456 1434 servasse
473 1406 636 1440 imaginem,
652 1411 700 1434 aut
715 1407 842 1434 volumen
862 1408 974 1442 aliquod

182 1453 209 1480 iu
226 1461 282 1488 quo
302 1453 367 1487 quid
390 1453 496 1480 inesset
520 1453 582 1487 ejus
606 1454 773 1488 argumenti.
796 1453 885 1481 Sileut
901 1455 975 1482 domi

182 1506 231 1526 ora
245 1499 372 1532 piorum;
393 1498 499 1526 nefaria
521 1499 615 1534 lingua
631 1500 764 1530 solvitur;
784 1508 913 1536 maguum
938 1501 977 1528 itt-

182 1545 353 1573 carnatinnis
365 1545 525 1581 mysterium
542 1547 569 1572 in
584 1550 773 1581 contemptura
787 1545 973 1579 venituNunc,

182 1593 272 1628 inqult
291 1602 297 1619 :
314 1592 442 1619 Dominus
460 1593 562 1620 locutus
578 1598 618 1620 est
628 1601 718 1628 pacem
732 1594 759 1620 in
771 1593 871 1628 plebem
888 1602 975 1625 suam,

180 1642 208 1665 et
224 1645 304 1673 super
315 1643 421 1665 sanctos
434 1646 509 1671 suos,
522 1643 546 1666 et
562 1639 589 1666 in
598 1647 641 1666 eos
653 1640 697 1674 qui
714 1644 865 1666 convertunt
879 1649 925 1667 car
941 1639 976 1667 ad

181 1684 268 1716 ipsum
282 1683 303 1699 “
321 1683 389 1718 :qui
412 1683 494 1711 initio
510 1684 630 1718 propriis
652 1684 796 1719 discipulis
813 1685 883 1712 dixit
900 1694 906 1712 :
923 1685 978 1712 Pa-

181 1736 238 1754 cem
250 1728 368 1764 relinquo
384 1729 467 1761 vobis,
490 1736 583 1763 pacem
603 1738 687 1756 meam
706 1731 739 1757 do
755 1731 826 1758 vobis
840 1731 872 1757 ”.
887 1731 975 1764 Nunc,

182 1773 323 1808 inquiunt,
340 1774 449 1801 sublata
466 1781 481 1800 ο
504 1774 597 1801 medio
619 1775 692 1801 idola
708 1775 826 1802 ethnica:
842 1775 976 1809 supersti-

182 1818 278 1850 tionis,
303 1827 365 1853 qua:
391 1818 513 1846 Deorum
538 1819 747 1847 multitudinem
779 1821 880 1848 astruit
898 1830 905 1847 :
921 1822 976 1848 cla—

181 1868 277 1891 mante
301 1864 358 1898 jam
389 1864 454 1891 olim
484 1864 638 1899 Apostolo:
660 1865 736 1892 Nihil
758 1871 797 1892 est
825 1866 925 1893 idolum
949 1867 976 1893 in

182 1910 281 1936 mundo
294 1910 325 1937 ".
342 1909 430 1942 Nunc,
442 1910 532 1942 aiunt,
544 1911 675 1938 mundata
689 1910 810 1939 Ecclesia
826 1916 878 1944 est,
892 1920 975 1946 quant

181 1956 246 1983 oliut
277 1956 348 1984 idem
376 1956 526 1991 Apostolus
548 1957 772 1992 pronuntiavit“
799 1966 852 1984 non
876 1958 976 1985 habere

181 2002 321 2029 maculam
339 2010 429 2038 neque
447 2011 555 2038 rugam,
574 2008 622 2030 aut
637 2003 742 2038 aliquid
757 2003 906 2038 ejusmodi.
927 2004 974 2031 sed

181 2056 244 2076 esse
267 2053 394 2076 sanetam
418 2053 446 2077 et
475 2050 693 2077 immaculatum.
719 2049 807 2081 Nnttc,
834 2050 975 2084 inquiunt,

181 2095 229 2122 lux
249 2095 416 2123 Christianis
433 2095 536 2124 aﬁ'ulsit
557 2096 719 2131 ignorantim
740 2095 856 2130 caligine
884 2096 974 2130 impli-

181 2140 253 2168 catis
275 2150 282 2168 :
303 2141 406 2176 quibus
432 2142 596 2177 jampridem
629 2150 644 2169 a
683 2141 818 2176 principio
847 2142 974 2168 Christus

180 2187 251 2215 dixit
272 2187 355 2222 :Ego
378 2188 425 2215 lum
455 2189 481 2215 in
506 2188 634 2215 mundum
658 2188 739 2214 veni:
758 2193 786 2214 ut
812 2188 898 2214 attritis
929 2188 974 2222 qui

1030 256 1112 292 ιερῶν
1132 257 1325 292 ἀναθημάτων,
1343 257 1372 283 ὲν
1386 254 1428 288 οἷς
1442 256 1534 283 εἰκών·
1551 257 1599 283 καὶ
1614 256 1724 292 βίϐλων,
1740 257 1771 283 ἑν
1780 255 1824 290 αἶς

1029 302 1094 337 περὶ
1116 302 1202 337 αὐτῆς
1218 311 1244 328 τι
1268 302 1373 329 λεκτὸν.
1394 302 1535 329 Ἐντεῦθεν
1562 302 1596 328 τὰ
1620 302 1670 337 τῆς
1695 302 1824 334 ἀσεϐείας

1028 346 1200 382 χειρόγραφα
1225 347 1417 381 ἀπαιτούμενα
1429 355 1435 361 ·
1451 347 1527 382 καὶή
1546 347 1656 382 μέθεξις
1675 347 1726 382 τῆς
1740 347 1824 374 ἀθέςυ

1029 393 1171 424 κοινωνίας
1185 392 1230 418 διὰ
1259 392 1358 426 πολλῆς
1385 392 1560 427 ἑκζητὴσεως
1578 393 1624 419 καὶ
1640 393 1772 428 ὲρεύνης’
1787 393 1825 424 ὡς

1031 438 1068 473 μὴ
1088 438 1285 473 ὑπολειφθῆναι
1311 439 1449 465 ἀνάλωτον
1463 439 1553 465 πάντα
1568 439 1724 475 ἄνθρωπον.
1745 441 1825 466 Δυοῖν

1027 483 1082 517 γὰρ
1111 483 1224 518 θάτερον
1239 483 1346 519 ἀνάγκη
1358 492 1364 499 ·
1380 484 1402 519 ’ἢ
1421 485 1613 520 προσκυνῆσαι
1636 487 1669 521 τῇ
1688 485 1774 513 εικόνι
1788 489 1823 523 τῇ

1028 529 1127 564 χρυσῇ,
1143 529 1159 564 ἢ
1178 531 1210 565 τῇ
1230 530 1337 565 πονηρᾷ
1354 529 1433 564 φλογὶ
1454 530 1508 557 τῶν
1524 531 1649 565 βασάνων
1664 531 1824 567 ὑποϐληθῆ-

1029 583 1084 601 ναι.
1118 575 1174 601 Καὶ
1197 576 1273 610 ὅμως
1301 576 1479 612 εὐαρίθμητοι
1511 577 1536 602 οι
1565 577 1716 612 ἀκαμπεῖς.
1744 578 1825 610 Τίνες

1028 616 1117 653 οὗτοι;
1140 620 1170 646 ’0
1193 621 1264 656 ἱερὸς
1279 620 1358 656 ὑμῶν
1371 621 1563 657 πατριάρχης,
1582 622 1708 657 ίεράρχαι
1728 631 1759 649 τε
1776 623 1825 650 καὶ

1030 665 1122 700 ἱερεῖς,
1141 658 1274 701 μονασταὶ
1297 667 1345 693 καὶ
1359 667 1533 701 μονάζουσαι.
1549 667 1616 694 Οὐδὲ
1630 667 1683 702 γὰρ
1698 669 1715 702 ὴ
1735 668 1823 704 πόρνη

1030 710 1062 746 [l'.
1079 710 1195 747 πόρνης]
1208 711 1280 746 ὄψις,
1300 711 1400 747 ᾐδέσθη
1420 712 1468 738 καὶ
1483 713 1565 748 μέχρι
1584 712 1686 739 τούτων
1698 712 1749 744 τὰς
1770 714 1825 748 μά-

1030 765 1126 791 στιγας
1139 758 1294 792 ἐπαφεῖναι.
1310 757 1371 789 Πῶς
1386 757 1442 793 γὰρ
1468 758 1502 784 ἂν
1528 759 1652 794 ἐναργῶς
1677 760 1823 795 παραστή-

1031 811 1108 838 σαιμι
1134 803 1184 834 τὰς
1206 803 1310 838 θλίψεις
1321 824 1328 836 ,
1342 803 1390 835 τὰς
1406 804 1541 839 φυλακὰς,
1553 805 1618 837 τοὺς
1629 805 1760 840 δεσμοὺς,
1773 806 1824 836 τὰς

1030 849 1247 885 λιμοκτονήσεις,
1275 851 1326 882 τὰς
1354 851 1472 886 ὲξορίας,
1493 851 1542 883 τὰς
1567 851 1732 886 ἀπαγωγὰς,
1759 853 1826 884 τοὺς

1029 896 1178 929 θανάτους;
1202 898 1278 924 Ἐπεὶ
1307 898 1354 924 καὶ
1381 898 1462 933 μέχρι
1489 898 1567 925 τοῦδε
1585 900 1601 934 ἡ
1621 900 1715 934 πεῖρα,
1731 900 1781 931 τὰς
1795 900 1827 926 ὲν

1028 942 1104 978 ὄρεσι
1121 943 1278 978 φυγαδείας,
1289 943 1337 975 τὰς
1349 944 1378 971 ἐν
1393 943 1537 979 σπηλαίοις
1554 945 1601 971 καὶ
1612 945 1693 976 ὀπαῖς
1709 945 1760 980 τῆς
1771 945 1826 980 γῆς

1028 989 1225 1024 κατακρύψεις.
1247 990 1352 1017 Ἀδδιοὺ
1365 991 1379 1017 ό
1393 993 1547 1026 προφήτης,
1563 991 1603 1017 ἔτι
1619 991 1657 1018 ὣν
1673 992 1826 1026 τριστάτης

1034 1036 1149 1070 Ἀχαὰ6,
1164 1037 1213 1071 τῆς
1238 1036 1355 1068 Ἰεζάϐελ
1370 1036 1506 1071 φονώσης·
1523 1037 1631 1071 λέγεται
1644 1037 1824 1073 κατακρύψαι

1029 1083 1105 1114 υἱοὺς
1115 1083 1169 1109 τῶν
1180 1083 1329 1118 προφητῶν
1338 1083 1389 1110 ἀνὰ
1399 1084 1568 1119 πεντήκοντα
1582 1084 1622 1116 είς
1633 1084 1678 1111 δύο
1690 1084 1824 1120 σπήλαια,

1028 1128 1075 1160 οὓς
1087 1129 1135 1155 καὶ
1146 1129 1297 1164 διέτρεφεν.

1070 1267 1202 1294 Ἐνταῦθα
1215 1268 1242 1295 δὲ
1253 1269 1277 1295 εί
1292 1269 1433 1306 φωραθείη
1448 1279 1490 1302 τις
1503 1271 1550 1297 καὶ
1566 1271 1646 1306 μόνον
1657 1271 1706 1298 ἕνα
1718 1280 1823 1307 κεκρυ-

1028 1311 1105 1346 φὼς,
1128 1313 1158 1338 ὲν
1178 1313 1294 1348 κινδύνῳ
1310 1314 1420 1349 μεγάλῳ
1432 1322 1439 1329 ·
1460 1315 1527 1341 ἀλλὰ
1544 1315 1599 1350 γὰρ
1619 1315 1671 1341 κᾶν
1692 1316 1824 1350 musam,

1028 1357 1138 1391 φεύγων
1160 1358 1209 1394 τὴν
1235 1359 1320 1395 ἀσεϐῆ
1334 1359 1487 1393 κοινωνίαν,
1507 1360 1524 1395 ἢ
1538 1360 1630 1387 εἰκόνα
1648 1361 1788 1396 φρουρῶν,
1804 1361 1823 1396 ἢ

1030 1404 1122 1439 βίϐλον
1149 1405 1329 1440 περιέχουσαν
1355 1406 1389 1432 τὰ
1420 1406 1592 1440 κατάὒτήν.
1612 1406 1680 1441 Σιγᾷ
1707 1407 1740 1433 τὰ
1768 1406 1824 1434 τῶν

1028 1450 1212 1478 εὐσεϐούντων
1244 1451 1317 1478 ἔνδον
1349 1451 1470 1487 στόματα
1486 1461 1494 1468 '
1522 1453 1627 1480 ἀνεῖται
1660 1453 1825 1488 βλάσφημος

1027 1496 1158 1531 γλῶσσα·
1188 1497 1360 1532 κωμῳδεῖται
1382 1498 1412 1524 τὸ
1436 1498 1508 1533 μέγα
1530 1499 1580 1532 τῆς
1598 1499 1754 1533 οἰκονομίας
1773 1508 1825 1534 μυ-

1029 1544 1150 1578 στήριον.
1167 1544 1255 1578 ’Δρ-τι,
1271 1544 1360 1578 φησὶ,
1384 1545 1493 1579 Κύριος
1520 1545 1674 1579 ἐλάλησεν
1697 1546 1825 1580 εἰρήνην

1027 1588 1075 1615 ἐπὶ
1090 1588 1144 1615 τὸν
1159 1588 1236 1615 λαὸν
1251 1589 1356 1620 αὑτοῦ,
1373 1589 1422 1615 καὶ
1439 1589 1487 1616 ἐπὶ
1502 1590 1574 1623 τοὺς
1594 1591 1700 1623 ὁσίους
1716 1591 1824 1624 αὑτοῦ,

1027 1635 1077 1662 καὶ
1094 1635 1143 1662 ἐπὶ
1163 1635 1235 1669 τοὺς
1258 1636 1497 1670 ἐπιστρέφοντας
1509 1636 1636 1670 καρδίαν
1650 1636 1697 1663 ἐπ’
1710 1637 1806 1663 αὐτόν
1815 1646 1823 1652 ο

1025 1682 1039 1708 ὁ
1065 1683 1093 1708 ὲν
1112 1682 1182 1717 ἀρχῇ
1203 1682 1290 1718 φήσας
1307 1683 1362 1713 τοῖς
1382 1683 1493 1714 οἰκείοις
1508 1682 1644 1718 μαθηταῖς
1661 1691 1668 1698 ·
1686 1682 1824 1717 Εἰρήνην

1026 1729 1133 1764 ἀφίημι
1160 1729 1241 1764 ὑμῖν,
1267 1729 1393 1764 εἰρήνην
1417 1730 1476 1764 τὴν·
1503 1731 1583 1765 ἐμὴν
1609 1731 1714 1765 δίδωμι
1737 1733 1821 1767 ὑμῖν.

1028 1776 1119 1810 'Aptt,
1131 1776 1224 1810 φασὶν,
1238 1776 1309 1811 ἤρθη
1321 1778 1353 1803 ἐκ
1372 1777 1455 1811 μέσου
1468 1777 1640 1812 βδελύγματα
1659 1778 1825 1813 Ἑλληνικῆς

1027 1821 1179 1854 πολυθεΐας·
1199 1822 1246 1849 τοῦ
1265 1823 1427 1849 Ἀποστόλου
1440 1823 1559 1858 ἀρχῆθεν
1574 1823 1690 1858 βοῶντος
1701 1833 1708 1840 ·
1724 1824 1825 1851 οὐδὲν

1025 1867 1153 1894 εἴδωλον
1177 1867 1212 1893 ὲν
1227 1868 1341 1901 κόσμῳ.
1369 1868 1468 1901 Ἀρτι,
1495 1868 1584 1902 φασὶ,
1614 1869 1786 1903 κεκάθαρται
1806 1870 1824 1904 ἡ

1032 1913 1190 1947 Ἐκκλησία,
1215 1913 1249 1947 ἣν
1265 1913 1349 1940 πάλαι
1366 1913 1506 1949 ἀπέφηνεν
1526 1915 1540 1940 ὀ
1560 1914 1639 1946 αὐτὸς
1659 1915 1825 1946 Ἀπόστολος

1028 1958 1066 1994 μὴ
1083 1959 1154 1994 ἔχειν
1171 1959 1274 1991 σπῖλον,
1293 1959 1309 1994 ἧ
1331 1959 1436 1994 ῥυτίδα,
1454 1959 1471 1994 ἦ
1494 1968 1520 1986 τι
1534 1959 1587 1987 τῶν
1598 1960 1728 1987 τοιούτων
1740 1969 1747 1976 ·
1763 1961 1824 1987 ἀλλ’

1026 2005 1095 2031 εἶναι
1116 2005 1197 2039 ἁγίαν
1210 2006 1257 2032 καὶ⁸
1268 2005 1395 2041 ἄμωμον.
1405 2006 1494 2040 Ἄρτι,
1509 2005 1586 2039 φασὶ,
1598 2005 1628 2032 τὸ
1645 2006 1703 2040 φῶς
1716 2006 1824 2042 ηὖγασε

1026 2050 1081 2080 τοῖς
1096 2050 1270 2084 Χριστιανοῖς
1296 2050 1485 2085 ὲνισχημένοις
1509 2049 1585 2084 ζόφῳ
1615 2051 1726 2084 ἀγνοίας
1742 2060 1749 2066 ·
1781 2049 1824 2084 οἷς

1025 2095 1129 2123 ἄνωθεν
1146 2095 1192 2122 καὶ
1211 2095 1257 2122 ἀπ’
1274 2095 1363 2130 ἀρχῆς
1378 2095 1497 2130 Χριστὸς
1512 2095 1613 2131 ἔφησεν
1629 2104 1635 2111 ·
1658 2096 1732 2130 Ἐγὼ
1759 2097 1824 2131 φῶς

1025 2143 1069 2174 εἰς
1097 2142 1151 2168 τὸν
1172 2142 1290 2175 κόσμον
1306 2140 1443 2175 ἐλήλυθα
1455 2147 1462 2155 ·
1485 2141 1535 2167 ἵνα
1559 2140 1619 2174 πᾶς
1636 2142 1652 2168 ὸ
1669 2143 1825 2170 πιστεύων

1026 2189 1069 2220 εὶς
1094 2187 1156 2221 ἐμὲ,
1179 2187 1215 2213 ἐν
1230 2186 1267 2220 τῇ
1284 2187 1392 2219 σκοτίῃ
1405 2186 1449 2221 μὴ
1464 2187 1564 2221 μείνῃ.
1587 2188 1696 2222 Ὁρᾶτε,
1713 2188 1826 2223 ἀδελφοὶ

181 2233 264 2259 credit
278 2233 306 2259 in
318 2241 368 2264 me,
384 2233 410 2260 in
424 2233 538 2260 tenebris
551 2241 602 2260 non
621 2238 727 2260 maneat
740 2234 772 2260 ιδ.
789 2233 905 2265 Videtis,
919 2234 973 2260 l'ra-

1030 2232 1108 2266 Ξιγιοι,
1135 2233 1183 2268 τὴν
1203 2232 1372 2258 ἀποστασίαν
1395 2232 1428 2267 ἢν
1442 2232 1483 2258 δεῖ
1501 2232 1608 2267 πρῶτον
1633 2232 1734 2266 ἐλθεῖν,
1751 2234 1826 2261 καθὰ

182 2282 239 2306 tres
260 2279 360 2312 sancti,
382 2279 594 2312 discessionem,
618 2288 700 2315 quam
727 2284 834 2314 oportet
857 2281 975 2314 primum

181 2325 288 2357 venire,
303 2325 537 2359 quemadmodum
551 2326 700 2360 Apostolus
712 2326 834 2360 loquitur
848 2327 880 2353 '-".
898 2326 976 2353 Nunc

182 2370 275 2397 oculis
293 2370 343 2404 ipsi
360 2371 500 2398 cernimus
516 2370 679 2398 Antichristi
695 2371 856 2406 primordia.
868 2371 974 2399 Defeci-

181 2422 263 2446 ntus,
291 2415 448 2449 consumpti
474 2423 570 2443 sumus
588 2425 594 2443 :
611 2415 712 2450 Defecit
735 2417 909 2452 suﬂlatorium
933 2417 972 2450 ‘7;

181 2460 282 2488 occidit
298 2468 361 2496 spes
385 2461 488 2494 omnis,
502 2462 525 2488 si
544 2462 659 2489 facultas
676 2463 794 2489 luuuana
820 2465 971 2497 spectatur.

180 2507 218 2534 At
231 2507 317 2535 vicem
333 2513 457 2536 nostram
472 2516 521 2536 vos
537 2508 637 2544 lugete,
653 2509 755 2543 quibus
776 2513 817 2536 est
833 2509 859 2535 iu
876 2509 974 2535 alienis

181 2552 264 2580 malis
286 2558 410 2580 tenerum
425 2559 530 2588 pectus,
548 2559 679 2589 tanquam
698 2553 821 2589 ejusdem
836 2554 972 2588 corporis.

181 2598 266 2632 Opem
295 2600 375 2627 ttobis
404 2607 452 2634 per
481 2606 585 2628 vestras
609 2609 704 2635 preces
726 2601 813 2633 ferte,
843 2604 974 2635 tauquam

182 2643 302 2671 fratrum
318 2650 456 2674 amantes.
471 2647 619 2674 Acerbiora
636 2651 701 2674 sunt
714 2655 774 2680 quia:
787 2646 830 2673 hic
847 2647 977 2680 patimur,

181 2698 267 2724 quarti
285 2699 346 2725 quae
367 2692 476 2726 uspiam
496 2699 510 2718 a
527 2691 656 2719 Barbaris
672 2696 813 2725 geruntur.
830 2690 889 2717 Jaln
908 2690 980 2718 sicut

182 2736 303 2764 Sodoma
328 2737 394 2765 facti
420 2746 530 2770 sumus,
553 2743 581 2765 et
602 2737 673 2765 sicut
696 2737 848 2764 Gomorrha
874 2737 979 2765 similes

183 2789 281 2809 sumus
295 2782 327 2808 ¹³.
351 2781 429 2810 llanc
446 2783 531 2818 igitur
554 2783 590 2810 ob
614 2790 727 2809 causam
753 2782 910 2810 sanctitatis
932 2790 978 2809 vc-

220 2837 242 2851 ”
255 2835 287 2862 lll
300 2835 366 2887 Roq.
382 2844 460 2869 xvtu,
478 2838 505 2864 4.
547 2836 650 2864 “Psal.
666 2844 776 2869 LXXXIV,
794 2837 820 2864 9.
863 2838 884 2852 η
896 2836 974 2864 .loau.
993 2844 1049 2868 xiv,
1063 2837 1110 2864 ‘27.

220 2879 222 2887 γ
259 2870 289 2887 ιιῖ
360 2871 404 2887 CII
419 2871 507 2887 'I'qu-e
536 2880 553 2887 ιι
583 2873 599 2887 K
651 2871 772 2887 t1l.........
803 2881 826 2887 ις.
854 2872 888 2887 ἔσΜΊ
940 2873 960 2887 IK
974 2871 1013 2887 Lv-
1043 2880 1050 2887 ι
1077 2873 1093 2887 fl

360 2871 370 2887 ⁸
383 2871 406 2899 ll
419 2871 518 2901 Thess.
536 2880 565 2907 tt,
583 2873 609 2900 5.
651 2872 670 2888 ¹⁷
684 2871 783 2900 .lcrcnt.
803 2881 838 2905 \‘I,
854 2872 899 2899 29.
940 2873 960 2887 ¹⁸
973 2871 1023 2899 lsa.
1043 2880 1062 2905 t,
1077 2873 1102 2900 θ.

183 2878 234 2904 xu,
256 2870 301 2898 46.

1025 2287 1107 2313 φησιν
1123 2279 1137 2304 ὁ
1158 2277 1331 2310 Ἀπόστολος.
1348 2277 1418 2312 Ἤδη
1435 2279 1464 2304 ἐν
1480 2278 1630 2314 ὀφθαλμοῖς
1657 2281 1738 2315 ἡμῶν
1754 2282 1830 2318 ὁρῶτ

1026 2333 1075 2360 μεν
1100 2325 1135 2350 τὰ
1161 2324 1263 2350 είσόδια
1293 2323 1339 2350 τοῦ
1365 2324 1562 2359 Ἀντιχρίστου.
1584 2325 1823 2361 Ἐκλελοίπαμεν·

1025 2368 1246 2405 παρανηλώμεθα
1261 2377 1268 2384 ·
1290 2369 1429 2401 Ἐξέλιπε
1453 2369 1596 2405 φυσητήρ
1610 2377 1617 2384 ·
1650 2371 1825 2407 ἀπελήλαται

1026 2417 1101 2443 πᾶσα
1126 2416 1204 2447 ἐλπὶς
1216 2416 1279 2442 ὅσον
1301 2415 1371 2442 κατὰ
1391 2416 1545 2451 ἄνθρωπον.
1569 2416 1650 2444 Ἀλλὰ
1674 2419 1825 2451 στενάξετε

1027 2463 1070 2495 ἐφ’
1085 2462 1169 2496 ἡμᾶς,
1182 2459 1204 2487 ὦ
1216 2461 1447 2496 συμπαθέστατοι,
1463 2463 1501 2492 ὡς
1519 2462 1669 2498 σύσσωμοι.
1693 2464 1826 2499 ’(ιρὲξατε

1030 2509 1109 2543 χεῖρα
1134 2508 1347 2543 πρεσϐευτικὴν,
1379 2507 1416 2539 ὡς
1433 2499 1611 2542 Νεριλαδελφοι.
1636 2509 1697 2535 Τῶν
1727 2512 1825 2538 αὐτόθι
1843 2528 1850 2531 -

1029 2554 1141 2588 χείρονα
1155 2553 1188 2580 τὰ
1208 2553 1331 2588 ᾑμέτερα
1348 2552 1555 2588 βαρϐαρίζεται.
1581 2553 1624 2585 Ὡς
1643 2555 1749 2590 Σόδομα
1773 2557 1825 2592 ἤδη

1028 2600 1190 2634 γεγόναμεν,
1207 2599 1255 2626 καὶ
1283 2599 1320 2631 ὡς
1337 2599 1464 2635 Γόμοῤῥα
1480 2599 1530 2634 ἤδη
1556 2600 1753 2636 ὡμοιώθημεν.
1775 2603 1826 2629 Διᾶ

1027 2646 1106 2672 τοῦτο
1133 2644 1278 2680 τοιγαροῦν
1308 2645 1354 2672 καὶ
1385 2646 1598 2682 ἑπεϐοησάμεθα
1624 2648 1656 2682 τῇ
1680 2648 1826 2685 ἁγιωσύνῃ

1028 2691 1105 2726 ὑμῶν
1128 2692 1152 2717 οἱ
1174 2691 1312 2724 ταπεινοὶ,
1335 2691 1372 2723 ὠς
1388 2692 1416 2718 ὲν
1440 2693 1480 2718 ἑνὶ
1504 2692 1610 2727 σώματι
1639 2694 1695 2719 τῶν
1713 2694 1826 2721 πάντων

1027 2737 1151 2773 ἀδελφῷν
1167 2737 1214 2763 καὶ
1228 2738 1457 2772 συμπασχόντων.
1476 2738 1570 2774 Ἴσμεν
1586 2739 1640 2775 γὰρ
1665 2740 1706 2766 ὅτι
1733 2741 1826 2776 ἰσχύει

1027 2782 1044 2816 ἡ
1060 2781 1153 2808 δικαία
1167 2781 1243 2815 ὑμῶν
1257 2781 1349 2817 δέησις
1367 2783 1562 2819 ἐνεργουμένη,
1574 2784 1612 2816 ὠς
1625 2784 1658 2811 ἂν
1671 2785 1712 2819 τῷ
1731 2785 1827 2818 ἐξιλα-

1152 2836 1266 2866 ”lCor.
1284 2846 1344 2871 ΗΠ,
1361 2839 1388 2866 ι.
1429 2839 1561 2874 “Ephes.
1580 2848 1605 2872 ν,
1620 2839 1664 2867 ‘27.
1706 2841 1728 2858 "
1741 2841 1825 2871 Joan.
