1923 3078
104 148 174 182 1173

701 152 970 184 EPISTULARUM
1002 153 1076 183 LIB-
1099 152 1140 182 II.

1666 152 1733 186 1174

101 205 165 241 σμῷ
182 205 268 240 αὐτῆς
282 206 389 241 statim
415 207 432 240 ἡ
460 206 573 242 θραῦσις
597 209 646 243 τῆς
662 208 804 243 αἰρετικῆς
822 210 889 243 ῥομ-

947 213 1008 236 strxe
1033 208 1166 236 auxilium
1191 214 1242 235 nos
1264 206 1382 236 humiles
1409 207 1639 243 imploravimus,
1669 216 1731 237 cum

102 251 187 285 φαίας
199 259 206 265 ·
226 250 274 277 τοῦ
290 251 394 287 Κυρίου
409 252 450 282 είς
465 252 606 287 εἰρηνικὴν
620 253 777 288 ὀρθοδοξίαν
804 254 890 280 ὲπαν-

102 297 215 329 ἀγοντος
229 296 275 322 καὶ
290 295 339 330 τὴν
354 296 413 322 καθ’
429 297 503 331 ἡμᾶς
520 297 753 332 Ἐκκλησίαν.’Ίνα
763 298 792 325 δὲ
807 298 895 333 εἰδῆτε

103 341 148 367 καὶ
174 342 263 376 ὑμεῖς,
282 338 304 367 ὦ
331 341 487 376 σεϐάσμιοι,
507 343 540 369 ὲκ
567 344 678 378 μέρους,
705 341 750 370 οἷα
761 344 796 370 τὰ
809 343 893 377 ἀσεϐῆ

102 386 226 420 δόγματα
245 385 299 411 τῶν
316 385 404 412 ἀθέων
418 394 424 400 ·
446 386 643 413 συναπέστειλα
666 388 723 418 τοῖς
748 388 894 422 γράμμασι

102 431 189 457 ταῦτα
202 432 232 456 ἐν
248 430 396 465 τετραδίοις
409 438 415 445 ’
431 430 450 458 ἃ
464 432 509 458 καὶ
529 431 604 463 ἔδοξα
621 432 635 458 ὁ
655 431 763 466 ἀμαθὴς
777 432 892 468 ἀνατρέ-

103 484 176 509 πειν,
206 477 372 512 προτραπεὶς
397 476 472 512 παρά
489 477 618 503 εὐσεϐῶν.
634 476 708 504 Δίτῶ
723 477 752 503 δὲ
777 477 828 504 ὑπὸ
842 477 892 512 τῆς

103 521 178 552 θείας
192 521 332 555 ἀγχινοίας
348 521 426 556 ὑμῶν
445 522 657 557 ὲπισκεφθῆναι,
671 522 718 548 καὶ
739 523 770 549 τδ
785 523 892 555 ἐλλιπὲς

103 566 290 602 ἀνορθωθῆναι
303 573 310 581 ·
334 567 381 593 καὶ
406 566 574 602 συγγνώμην
603 567 657 594 τῶν
687 568 892 603 ὲπωφλημένων

103 613 231 646 δέξασθαί
255 621 307 648 με·
337 612 524 647 λαμϐάνεσθαι
551 621 581 638 τε
604 613 645 644 είς
663 613 773 648 μνήμην
788 613 818 639 ὲν
832 614 892 645 ταῖς

104 659 267 685 θεοκλινέσιν
284 657 361 693 ὑμῶν
376 659 541 693 προσευχαῖς
553 665 560 673 ·
577 658 624 684 καὶ
637 658 693 693 μὴν
708 658 756 685 καὶ
776 659 890 685 συντάτ-

102 703 198 730 τεσθαι
211 703 249 735 ὡς
267 704 380 738 ἔσχατον
397 703 507 730 πάντων
523 703 604 738 μέλος
619 704 648 730 ὲν
672 704 710 739 τῷ
725 704 891 739 πληρώματι

103 752 153 786 τῆς
166 751 247 786 ἁγίας
262 751 339 786 ὑμῶν
358 751 532 786 Ἐκκλησίας.

947 255 983 282 sit
1013 261 1096 281 unum
1128 261 1230 288 corpus
1257 253 1379 280 omnium
1415 253 1529 288 fratrum
1558 254 1604 288 qui
1631 254 1734 288 pariter

947 304 1091 326 vexantur.
1107 297 1241 326 Novimus
1252 299 1325 325 enim
1341 303 1474 333 quantum
1493 298 1583 326 valeat
1597 298 1670 333 justa
1687 307 1733 326 ve-

946 347 1005 370 stra
1018 343 1174 376 deprecatio
1198 342 1309 369 assidua
1319 343 1352 374 ‘9,
1376 346 1417 374 ut,
1433 347 1547 370 exorato
1566 342 1631 375 Deo,
1647 343 1732 371 luere-

946 386 992 414 tici
1009 387 1090 421 gladii
1108 386 1167 414 acie
1186 387 1367 422 conquiescat
1383 394 1389 412 :
1405 388 1438 415 ad
1454 392 1554 415 rectam
1570 388 1650 415 ﬁdem
1669 396 1731 415 cum

946 439 1013 466 pace
1033 432 1208 467 conjunctam
1228 437 1373 461 revocante
1388 432 1504 461 Domino
1525 438 1645 461 nostram
1663 441 1732 468 quo-

945 485 998 512 que
1012 478 1176 505 Ecclesiam.
1191 477 1226 505 Ut
1240 482 1342 509 autem,
1359 482 1388 506 et
1402 486 1462 511 vos,
1477 479 1530 506 viri
1549 479 1730 511 venerabiles,

944 531 977 550 ex
990 528 1065 558 parte
1080 523 1239 558 intelligatis
1258 524 1351 559 qualia
1366 524 1420 551 sint
1440 524 1636 560 sacrilegorum
1651 525 1731 559 impia

944 569 1095 604 dogmata:
1111 569 1193 596 simul
1214 569 1271 596 haec
1295 569 1357 597 misi
1374 576 1435 596 cum
1452 569 1551 596 litteris
1576 569 1603 596 in
1619 573 1733 604 quater-

945 614 1095 641 nionibus:
1112 621 1174 648 quae
1201 613 1347 640 confutare
1368 620 1515 648 aggressus
1543 620 1614 645 sum,
1642 620 1732 646 quan-

945 666 1028 693 quam
1051 658 1190 690 indoctus,
1216 658 1364 691 proborum
1389 657 1511 684 virorum
1531 657 1653 683 hortatu.
1677 655 1733 682 Oro

946 710 1036 731 autem
1053 707 1080 729 ut
1101 710 1133 730 ea
1148 710 1197 737 pro
1217 702 1309 729 divina
1327 706 1416 730 vestra
1432 701 1578 736 sagacitate
1596 701 1734 735 expenda-

946 751 982 777 tis
999 759 1005 777 :
1020 748 1092 783 quod
1118 748 1247 775 vitiosum
1267 752 1309 775 est
1332 747 1485 775 emcndetis
1500 757 1507 774 :
1524 751 1735 781 erratorumqne

104 798 211 824 veniam
227 797 375 825 tribuatis:
390 801 417 824 et
435 802 464 824 ut
477 798 530 825 mei
551 798 733 825 memineritis
752 798 779 825 in
795 798 896 826 vestris
915 796 986 831 apud
1005 795 1091 822 Deum
1122 794 1250 828 precibus
1265 802 1273 821 :
1305 793 1424 829 denique
1443 798 1614 828 uttanqnaui
1629 797 1734 827 postre-

104 853 179 872 mum
198 845 323 872 omnium
352 845 504 872 membrum
531 852 648 872 censear
674 845 701 872 in
725 845 894 880 plenitudine
913 848 1015 872 sancta:
1026 846 1126 869 vestra:
1143 841 1280 868 Ecclesiae.

144 893 180 918 ’Π
195 891 272 924 αὐτὴ
287 891 437 924 ἐπιστολὴ
452 891 611 924 ἀπεστάλη
625 891 762 926 καὶπρὸς
774 891 832 924 τὴν
842 899 893 925 μο-

985 888 1087 915 Eadem
1102 887 1213 921 epistola
1235 887 1318 914 missa
1341 891 1380 914 es!
1396 887 1476 913 etiam
1490 885 1525 912 ad
1543 885 1733 913 monasterium

104 937 163 971 γὴν
179 937 233 964 τοῦ
244 936 331 971 ἁγίου
344 937 508 970 Εὑθυμίου.

102 994 157 1021 Ill’.
174 1007 208 1012 -—
227 991 385 1026 Νικηφόρῳ
398 991 438 1024 τῷ
453 992 602 1026 ἁγιωτάτῳ
615 992 793 1028 πατριάρχῃ.
807 991 891 1029 [σιε¹.]

948 935 1034 962 sancti
1055 934 1203 969 Euthymii.

995 989 1090 1017 XVIII.
1109 1004 1140 1009 —
1155 989 1303 1024 Nicephoro
1320 989 1487 1017 sanctissimo
1506 988 1679 1023 patrium/ur.

651 1049 752 1074 Solatur
769 1049 890 1074 exaulem.
903 1048 1001 1079 (Baron.
1012 1054 1051 1072 an.
1062 1046 1117 1076 8H,
1131 1053 1155 1071 n.
1169 1045 1220 1076 29.)

138 1102 273 1133 Πολλάκις
290 1101 457 1137 προθέμενος
480 1101 632 1128 ἐπιστεῖλαι
651 1103 685 1137 τῇ
713 1102 775 1137 ἱερᾷ
788 1102 893 1136 κορυφῇ

103 1149 151 1183 τῆς
167 1146 366 1182 μακαριότητος
386 1154 445 1173 σου·
460 1147 603 1181 ὲνεκόπην,
617 1146 656 1181 πῆ
674 1147 724 1182 μὲν
736 1147 785 1182 τὴν
797 1146 894 1173 ἑαυτοῦ

103 1193 266 1227 ἀναξιὸτητα
288 1191 460 1226 λογιζόμενος
477 1191 557 1227 [Βεε.
581 1192 643 1219 cod.
669 1192 891 1228 ὲπαισθόμενος],

104 1240 143 1274 πῆ
154 1240 182 1265 δὲ
195 1238 312 1272 ὕποδεὴς
324 1237 362 1264 ὣν
376 1238 439 1270 τοὺς
452 1237 633 1273 πιρασμούς.
645 1238 714 1265 Νυνὶ
724 1239 753 1265 δὲ
765 1247 895 1274 περιφρο-

102 1287 188 1320 νήσας
203 1284 376 1319 ἀμφοτέρων,
389 1285 437 1310 καὶ
451 1285 485 1319 τῇ
503 1284 598 1319 Τριάδι
612 1285 627 1310 ὁ
642 1285 726 1316 τάλας
742 1284 893 1320 θαρρήσας,

102 1331 189 1364 λέγων
205 1331 263 1364 εἰμὶ
276 1329 350 1356 τάδε·
365 1330 461 1364 Χαῖρε,
471 1330 579 1366 ἀληθῶς
589 1331 748 1366 νικητήριον
756 1329 893 1362 ἀσεσείας,

102 1376 118 1401 ὁ
137 1375 166 1401 ἐν
189 1373 333 1409 τεθρίππῳ
351 1373 456 1409 ἀρετῶν
479 1374 595 1400 διανύων
624 1374 669 1401 τὸν
694 1374 746 1409 τῆς
776 1375 894 1407 πίστεως

102 1419 334 1455 δρόμον·χαῖρε,ό
350 1419 436 1453 μέγας
452 1419 528 1454 ἥλιος
539 1419 589 1454 τῆς
605 1419 776 1454 ὀρθοδοξίας,
790 1415 820 1445 οὖ
835 1421 894 1451 ταῖς

103 1466 314 1501 ὁμολογητικαῖς
343 1465 436 1492 ἀκτῖσι
465 1465 659 1500 φωτοϐολεῖται
684 1467 701 1501 ή
732 1466 892 1501 οἰκουμένῃ’

104 1513 194 1548 χαῖρε,
208 1511 351 1546 ὑπέρμαχε
377 1511 428 1545 τῆς
456 1511 587 1545 ἀληθείας
614 1511 683 1538 κατὰ
693 1511 756 1542 τοὺς
777 1511 893 1537 ἔκπαλαι

104 1556 253 1591 θεοφόρους
276 1555 434 1590 διαπρέπων
448 1555 486 1590 τῷ
505 1555 555 1590 τῆς
572 1555 674 1590 ἀρετῆς
699 1555 804 1583 κάλλει.
827 1557 892 1582 ’Λπ-

104 1602 196 1633 έλιπες
210 1601 257 1627 τὸν
275 1600 376 1636 ὑψηλὸν
401 1601 494 1636 θρόνον
525 1601 572 1627 διὰ
595 1602 648 1628 τὸν
661 1602 771 1630 ἑαυτὸν
793 1610 893 1629 ταπει-

103 1648 245 1674 νώσαντα
268 1647 357 1682 μέχρι
373 1647 514 1679 θανάτου,
532 1647 662 1674 θανάτου
692 1647 726 1674 δὲ
747 1649 892 1682 σταυροῦ·

104 1692 237 1722 ἀπελιπες
250 1691 445 1727 ἀρχιερατικάς
466 1693 619 1726 ὑπηρεσίας
643 1694 690 1719 καὶ
713 1694 891 1726 ἀναπαύσεις·

980 1099 1049 1127 Cum
1073 1105 1263 1133 saepenumero
1289 1097 1323 1124 ad
1347 1102 1456 1125 sacrum
1479 1095 1657 1124 beatitudinis
1682 1102 1734 1125 tuas

947 1146 1078 1174 verticem
1096 1145 1216 1173 scribere
1229 1144 1422 1175 instituissem,
1444 1143 1538 1170 destiti
1554 1143 1588 1171 ab
1604 1145 1732 1179 incoepta,

944 1191 1043 1227 partim
1075 1190 1247 1225 indignitatis
1271 1197 1339 1216 mea:
1368 1188 1605 1222 consideratione,
1633 1192 1732 1224 partim

944 1238 1025 1265 etiam
1056 1236 1214 1264 inﬁrmitate
1243 1243 1276 1262 ex
1311 1235 1442 1262 arumnis
1467 1240 1533 1262 nata
1558 1237 1733 1270 praepeditus.

944 1282 1022 1310 Nunc
1050 1289 1113 1309 vero
1138 1287 1286 1315 utrumque
1311 1280 1522 1316 parvipendens,
1548 1286 1574 1307 ct
1599 1281 1734 1308 Trinitate

945 1328 1042 1359 fretus,
1061 1328 1143 1354 miser
1162 1327 1220 1354 haec
1234 1327 1306 1353 dico.
1328 1326 1433 1358 Gaude,
1448 1334 1511 1354 vere
1525 1326 1615 1354 victor
1637 1328 1732 1362 impie-

945 1374 1021 1405 tatis,
1034 1373 1081 1407 qui
1100 1373 1231 1400 virtutum
1248 1372 1391 1406 quadrigis
1404 1372 1465 1399 ﬁdei
1479 1379 1592 1399 cursum
1604 1380 1731 1400 consum-

945 1427 1003 1446 mas
1021 1427 1028 1446 :
1047 1419 1133 1451 salve,
1145 1425 1244 1453 magne
1261 1418 1302 1445 sol
1321 1418 1454 1445 doctrina:
1469 1417 1640 1449 orthodoxae,
1654 1418 1733 1453 cujus

945 1465 1127 1493 confessionis
1136 1464 1220 1491 radiis
1229 1464 1374 1491 universus
1384 1463 1456 1490 orbis
1468 1463 1619 1490 illustratur
1630 1473 1636 1490 :
1647 1464 1730 1496 salve,

946 1511 1272 1546 propngnatorveritatis,
1282 1514 1405 1537 veterum
1415 1513 1573 1537 sanctorum
1584 1511 1669 1537 instar
1678 1510 1733 1536 vir-

945 1557 1011 1584 tutis
1029 1556 1235 1591 pulcltritudinc
1255 1556 1406 1583 collucens.
1427 1555 1573 1589 Rcliquisti
1592 1556 1731 1583 excelsum

945 1602 1074 1630 thronum
1089 1601 1149 1636 ejus
1163 1609 1258 1633 causa,
1271 1602 1318 1636 qui
1332 1601 1500 1634 semeliputm
1519 1601 1668 1628 humiliari!
1685 1610 1732 1628 us-

943 1656 992 1682 que
1005 1648 1039 1674 ad
1055 1652 1174 1678 mortem,
1194 1652 1305 1674 mortem
1317 1653 1407 1673 autent
1423 1648 1510 1674 crucis
1524 1647 1575 1679 ”‘;
1598 1648 1731 1682 reliquisti

947 1692 1056 1719 turbam
1070 1692 1233 1719 famulorum
1247 1696 1275 1718 et
1293 1691 1491 1718 oblectamenta
1511 1691 1733 1727 archiepiscopa-

107 1737 207 1773 μᾶλλον
234 1737 361 1772 ἑλόμενος
392 1738 638 1772 συγκακουχεῖσθαι
652 1738 691 1773 τῷ
704 1739 893 1775 ὀμολογητικῷ

947 1738 1047 1764 liazet
1073 1737 1156 1764 variis
1183 1737 1385 1768 incommodis,
1413 1736 1604 1764 confessorum
1636 1745 1733 1771 more,

104 1783 210 1818 τρόπῳ,
236 1783 253 1818 ἢ
278 1782 444 1818 πρόσκαιρον
463 1783 537 1818 ἐχειν
567 1782 706 1819 ἁμαρτίας
731 1785 892 1813 ἀπόλαυσιν.

107 1828 202 1862 Ὅμως
225 1828 266 1855 ὅτι
282 1828 342 1855 οὐδὲ
357 1828 417 1855 κατ’
434 1828 529 1860 αὑτὰς,
541 1829 594 1856 κᾶν
610 1830 640 1856 ἐν
663 1831 768 1870 αυταῖς,
783 1830 836 1862 ζῶν
848 1829 892 1866 ἧς·

106 1874 212 1910 νεκρῶν
239 1874 273 1901 τὰ
292 1874 360 1909 μέλη
376 1874 409 1909 τῇ
424 1875 453 1900 ὲν
473 1875 569 1911 Κυρίῳ
585 1875 641 1911 ζωῇ
654 1883 662 1892 ·
680 1876 798 1911 ἦνεγκας
814 1877 895 1911 ἀγίας

106 1919 218 1954 Μητρὸς
242 1920 389 1954 στέρησινο
409 1919 532 1953 ἀδελφῶν
559 1921 669 1955 τιμίων,
693 1921 803 1948 πάντων
826 1921 895 1957 ὁμοῦ

106 1965 136 1990 ὲν
148 1963 253 1991 ἅπασιν
263 1964 433 2000 ἀφαιρεθείς.
450 1965 506 1992 Καὶ
524 1965 601 1992 οὔπω
613 1965 684 2000 λέγω
699 1967 763 1998 τοὺς
778 1968 895 2002 Χριστο-

106 2010 188 2040 ειδείς
219 2017 267 2036 σου
296 2009 476 2046 ὀνειδισμοὺς,
503 2011 553 2042 τὰς
584 2013 617 2038 ὲκ
639 2011 694 2038 τῶν
724 2013 896 2047 κρατούντων

107 2054 272 2090 προσϐολὰς,
284 2055 452 2090 ὲρεσχελίας,
469 2057 663 2091 στενοχωρίας,
678 2057 725 2084 καὶ
739 2058 820 2084 οἱονεὶ
833 2059 896 2085 ἀπο-

107 2100 221 2133 πνίξεις.
243 2099 423 2135 Κατηνέχθης
442 2101 490 2127 σὺν
506 2101 617 2136 Χριστῷ
640 2102 669 2128 ἐν
686 2102 762 2128 νυκτί
775 2110 781 2117 ·
801 2103 895 2138 ἐπειδὴ

107 2145 155 2171 καὶ
182 2144 263 2175 αὐτὸς
290 2145 504 2180 προδιδόμενος,
533 2146 740 2181 περιωρίσθης,
776 2147 894 2182 μεθωρί-

107 2191 175 2226 σθης
197 2191 227 2216 ἐν
255 2191 385 2226 γεωλόφῳ
403 2199 454 2218 που
475 2191 658 2227 καθεζόμενος
677 2194 692 2219 ό
709 2193 814 2228 μάρτυς
829 2193 896 2228 Χρι-

108 2245 182 2264 στου.

147 2283 219 2309 Ἀλλ’
236 2279 310 2316 εὖγε,
323 2282 365 2309 ὅτι
381 2282 470 2314 πάντα
484 2283 523 2314 εἰς
542 2283 623 2309 καλόν
637 2291 689 2309 σοι.
705 2280 790 2318 Ἆρον
803 2283 896 2317 κύκλῳ

105 2330 170 2361 τοὺς
184 2328 340 2363 ὀφθαλμούς
355 2336 403 2354 σου
417 2327 472 2354 ἀπὺ
483 2328 532 2362 τῆς
549 2327 595 2354 τοῦ
610 2328 656 2355 νοῦ
682 2329 798 2359 σκοπιᾶς
812 2337 819 2344 ·
849 2330 896 2356 καὶ

106 2375 146 2401 ῖδε
162 2382 212 2400 σου
225 2373 259 2400 τὰ
272 2373 365 2404 τέκνα,
385 2372 436 2399 εἶτ’
448 2371 495 2399 οὖν
511 2373 646 2406 πρόδατα,
663 2374 677 2399 ὁ
702 2373 804 2409 ποιμὴν
820 2374 834 2400 ὁ
849 2382 896 2400 κα-

945 1783 1065 1811 exerceri
1094 1782 1228 1814 maluisti,
1247 1790 1330 1817 quam
1351 1782 1524 1816 temporariis
1545 1782 1599 1810 frui
1628 1783 1733 1811 deliciis

944 1828 1093 1863 peccati".
1113 1827 1151 1855 Ac
1167 1831 1251 1858 certe,
1272 1827 1404 1862 quoniam
1423 1835 1475 1854 non
1495 1835 1528 1855 ex
1549 1827 1613 1860 illis,
1630 1828 1681 1855 etsi
1705 1829 1732 1855 in

945 1873 1012 1905 illis,
1028 1873 1148 1905 vivebas,
1168 1873 1291 1900 membra
1305 1880 1354 1907 per
1373 1873 1456 1899 vitam
1474 1873 1502 1899 in
1515 1872 1631 1900 Domino
1645 1878 1733 1901 actam

945 1918 1127 1950 mortiﬁcans,
1149 1924 1251 1946 sanctae
1266 1918 1362 1945 matris
1377 1918 1558 1953 privationem
1575 1920 1712 1954 pertulisti
1725 1929 1732 1947 :

946 1964 1039 1992 charis
1054 1964 1197 1995 fratribus,
1223 1964 1353 1992 omnibus
1376 1964 1460 1992 simul
1483 1965 1608 1997 omnino,
1634 1966 1735 2000 spolia.

947 2014 1001 2037 tus.
1020 2008 1142 2037 Necdum
1165 2009 1313 2044 opprobria
1327 2015 1373 2036 tua
1393 2010 1496 2038 Christi
1517 2011 1673 2046 opprobriis
1695 2013 1734 2039 si-

946 2055 1022 2082 milia
1050 2062 1258 2086 eommetnoro,
1288 2055 1427 2082 immissas
1456 2055 1490 2082 ab
1523 2056 1734 2090 imperatoribus

946 2100 1174 2135 oppugnationes,
1195 2100 1412 2131 lndiﬁcationes,
1427 2101 1569 2136 angustias
1582 2111 1589 2129 :
1605 2109 1637 2129 ac
1650 2103 1734 2131 veluti

948 2146 1154 2173 suffocationrs.
1184 2145 1271 2173 Noctu
1297 2153 1360 2173 cum
1387 2145 1498 2176 CliriSto
1521 2147 1655 2177 abductus
1680 2157 1731 2177 es:

946 2192 1047 2218 etenim
1071 2191 1196 2225 proditus
1216 2191 1297 2218 etiam
1314 2191 1371 2226 ipse
1394 2192 1532 2227 relegatus
1551 2200 1592 2226 es,
1613 2194 1640 2221 in
1656 2195 1734 2222 collis

948 2236 1098 2262 conﬁnium
1112 2237 1240 2263 redactus
1253 2244 1293 2267 es,
1312 2242 1417 2272 martyr
1433 2237 1545 2266 Christi.

983 2280 1036 2307 Sed
1055 2288 1134 2315 euge,
1149 2281 1281 2315 quoniam
1295 2282 1321 2308 in
1336 2282 1438 2310 bonum
1454 2283 1501 2311 tibi
1514 2284 1620 2310 omnia.
1633 2284 1734 2312 Attolle

947 2326 974 2352 in
991 2326 1084 2353 orbem
1100 2327 1196 2355 oculos
1209 2335 1241 2355 ex
1257 2328 1368 2362 specula
1386 2329 1496 2360 mentis,
1512 2334 1539 2356 et
1552 2330 1646 2364 aspice
1663 2330 1734 2358 ﬁlios

948 2377 1022 2403 tuos,
1042 2379 1091 2400 seu
1112 2373 1199 2400 mavis
1222 2381 1299 2406 oves,
1313 2378 1409 2408 pastor
1425 2375 1506 2407 bone,
1528 2375 1654 2410 quamvis
1670 2383 1732 2403 cor-

105 2417 162 2450 λδς,
177 2418 203 2443 ει
219 2417 266 2443 καὶ
294 2416 524 2451 διεσκορπισμένα
543 2416 660 2451 σώματι,
691 2417 748 2443 ἀλλ’
767 2417 893 2452 ἡνωμένα

947 2425 1011 2451 pore
1025 2418 1175 2452 dispersas,
1201 2419 1294 2446 animo
1318 2423 1409 2446 tamen
1434 2420 1611 2455 conjunctas,
1626 2421 1652 2447 iu
1679 2426 1732 2449 tota

105 2461 254 2496 πνεύματι,
281 2461 438 2496 διειληφότα
464 2460 557 2496 σχεδὸν
577 2461 640 2488 ἄλλο
659 2462 719 2488 κατ’
731 2462 796 2489 ἀλλο
813 2463 897 2498 μέρος

104 2508 156 2542 τὴν
176 2506 340 2542 Ἐκκλησίαν
367 2514 413 2532 σου
439 2507 529 2532 πᾶσαν
546 2514 553 2521 ·
579 2506 626 2533 καὶ
647 2508 705 2537 ταῖς
728 2507 826 2541 αὐγαῖς
849 2508 897 2542 τῆς

104 2552 252 2588 ὁμολογίας
279 2551 358 2587 δίκην
386 2551 511 2586 ἀστέρων
540 2552 756 2588 φρυκτωροῦντα
784 2554 840 2584 τοῖς
868 2554 897 2588 ὲν

103 2596 277 2631 νυκτομαχίᾳ
301 2597 349 2632 τῆς
368 2596 512 2630 αἱρέσεως,
530 2597 560 2622 τὸ
573 2596 630 2630 φῶς
657 2597 707 2631 τῆς
721 2597 876 2632 ὀρθοδοξίας
889 2605 895 2611 ·

103 2642 138 2668 τὰ
157 2642 207 2676 μὲν
231 2641 347 2668 τυθέντα
365 2641 425 2677 Θεῷ
449 2642 484 2668 δι’
494 2642 644 2678 ἀθλητικῆς
660 2643 826 2674 τελειώσεως
839 2651 845 2659 ·
859 2644 892 2670 τὰ

102 2687 132 2713 δὲ
158 2686 304 2719 ἀθλοῦντα,
329 2686 412 2722 μηδὲν
432 2687 642 2722 ὑποπτήσσοντα
662 2688 716 2714 τῶν
732 2688 890 2722 παρόντων-

103 2732 173 2759 ἀλλὰ
200 2732 361 2768 ρωννύμενα
385 2732 447 2764 ταῖς
473 2732 621 2760 θεοκλινέσι
645 2741 692 2758 σου
716 2734 891 2767 προσευχαῖς.

105 2775 179 2810 Αὕτη
204 2776 220 2810 ὴ
243 2775 307 2808 δόξα
333 2785 379 2803 σου
398 2777 449 2811 τῆς
469 2776 632 2811 Ἐκκλησίας
650 2785 656 2790 ·
682 2776 759 2803 τοῦτό
790 2785 836 2803 σου
864 2778 893 2803 τὸ

143 2835 164 2850 "
174 2833 232 2862 Jac.
249 2843 274 2869 v,
293 2835 334 2862 16.
373 2837 403 2851 ’θ’
420 2835 518 2868 Philip.
537 2844 566 2867 II,
586 2836 612 2862 8.
654 2836 767 2862 “Hebr.
783 2844 822 2868 xt,
840 2835 886 2862 ‘25.

948 2470 1016 2496 pene
1030 2463 1150 2491 Ecclesia
1165 2469 1210 2490 tua
1228 2464 1312 2491 variis
1323 2465 1393 2492 locis
1408 2466 1522 2500 positas,
1541 2470 1568 2493 et
1581 2466 1733 2494 confessio-

947 2508 989 2535 nis
1016 2516 1071 2535 suze
1091 2509 1207 2544 fulgore,
1231 2510 1373 2537 stellarum
1390 2511 1488 2543 instar,
1512 2510 1546 2539 iis
1569 2512 1615 2546 qui
1641 2512 1666 2538 in
1682 2519 1733 2539 no-

946 2554 1052 2581 cturnis
1077 2554 1211 2583 haereseos
1238 2556 1359 2583 tenebris
1383 2560 1546 2588 versantur,
1575 2557 1734 2585 orthodoxze

947 2599 1006 2626 ﬁdei
1026 2600 1116 2627 lumen
1136 2601 1314 2629 ostendentes
1329 2610 1336 2628 :
1351 2601 1419 2629 alias
1435 2601 1545 2636 quidem
1567 2601 1621 2630 Deo
1637 2603 1734 2630 immo-

947 2642 1017 2671 latas
1032 2652 1080 2678 per
1092 2646 1249 2673 athleticam
1267 2647 1545 2678 consummationem,
1558 2647 1627 2674 alias
1638 2647 1734 2675 decer-

946 2693 1035 2717 tantes
1065 2690 1124 2718 sine
1149 2692 1206 2718 ullo
1233 2693 1411 2726 przrscntium
1436 2699 1528 2719 rerum
1556 2698 1628 2720 metu
1654 2703 1659 2720 :
1687 2696 1732 2720 sed

948 2733 1031 2760 Deum
1050 2735 1222 2764 ﬂectentibus
1236 2737 1364 2772 precibus
1378 2737 1432 2764 tuis
1447 2738 1650 2765 corroboratas.
1671 2739 1733 2765 llaec

948 2783 989 2805 cst
1001 2779 1085 2814 gloria
1103 2781 1230 2809 Ecclesiae
1246 2787 1298 2810 ture
1314 2791 1320 2809 :
1339 2783 1389 2810 hoc
1406 2783 1512 2818 insigne
1534 2791 1565 2810 ac
1579 2785 1733 2819 symbolum
