1923 3078
189 162 261 196 1115
783 159 813 189 s.
830 157 1026 188 THEODORI
1053 156 1227 188 STUDI'M’.
1754 158 1823 192 1176

189 217 314 254 martyrii
332 226 338 245 :
354 216 427 253 quod
444 223 563 252 sequens
588 218 656 243 aetas
677 213 830 250 excipiens,
849 215 935 241 Deum

1063 213 1174 248 ὶσσημον
1198 214 1248 248 τῆς
1268 213 1422 249 μαρτυρίας
1436 222 1443 230 ·
1467 214 1537 250 ὅπερ
1560 214 1575 241 ό
1591 215 1695 250 μέλλων
1727 219 1822 252 χρόνος

190 271 227 298 te,
253 264 292 292 uti
316 271 400 296 nunc,
421 261 594 298 gloriﬁcabit.
618 261 700 288 Multa
726 260 774 287 tibi
800 267 851 295 pro
871 260 949 287 Chris

1062 258 1242 297 ιοδεξάμενος,
1255 258 1377 291 δοξάσειε
1392 259 1439 286 τὸν
1453 259 1520 286 Θεὸν
1538 261 1568 287 ὲν
1584 262 1636 295 σοὶ,
1650 262 1688 294 ὡς
1714 263 1763 290 καὶ
1787 264 1821 291 τὰ

191 309 309 344 imagine
328 307 459 343 pugnanti
479 306 605 334 cncomia
624 305 770 333 debentur.
792 304 847 332 Sed
869 305 950 339 ignos

1064 311 1088 329 ν.
1111 303 1201 330 Πολλά
1220 312 1262 330 σοι
1288 303 1321 331 τὰ
1344 303 1471 339 ἐγκώμια
1483 305 1672 341 ὀφείλεταιτῷ
1689 307 1760 342 ὑπὲρ
1772 309 1821 342 τῆς

191 354 267 386 mihi,
283 353 329 381 Dei
346 353 479 384 imitator,
496 352 543 388 qui
560 352 619 379 htec
643 359 677 378 ex
695 359 790 379 amore
809 358 894 378 ausus
908 358 950 378 ειη

1062 348 1133 380 ιιόνος
1149 349 1268 384 Χριστοῦ
1283 349 1451 377 ὲναθλοῦντι.
1470 350 1552 378 Ἀλλά
1572 360 1616 386 μοι
1632 352 1782 387 σύγγνωθι,
1799 351 1821 380 ὧ

191 406 252 434 qua:
267 399 325 426 dixi
341 405 456 425 :sacras
475 404 570 432 preces
585 401 646 424 tuas
664 396 836 431 impertiens.
856 400 885 423 ut
900 396 950 423 min

1060 395 1191 429 ομίμητε,
1206 395 1373 430 τολμήσαντι
1388 397 1421 423 ὲκ
1435 396 1518 423 πόθου
1532 398 1562 423 ἑν
1577 394 1618 429 οἷς
1633 398 1819 434 ἐφθεγξάμην·

193 451 254 471 mus
278 444 351 471 ﬁlius
367 449 430 471 tuus
456 451 519 471 esse
544 450 600 470 non
623 442 759 475 desinam,
781 442 829 477 qui
854 442 948 469 omniu

1062 438 1210 474 LptCéptsvo;
1234 439 1285 475 τὴν
1312 440 1389 476 ίερᾶν
1416 449 1463 467 σου
1494 442 1659 477 προσευχὴν,
1677 443 1716 474 ὡς
1734 443 1768 470 ἂν
1785 444 1821 479 μὴ

192 489 311 516 maxime
327 488 434 516 inutilis
447 495 508 516 sum
522 492 634 523 propter
650 491 774 522 peccata.

1063 484 1201 519 τοπέσοιμι
1224 485 1271 511 τοῦ
1294 483 1365 512 εἷναί
1389 494 1436 513 σου
1450 486 1591 522 ἐλάχιστον
1607 488 1702 515 τέκνον
1716 508 1724 522 ,
1741 489 1756 515 ό
1768 489 1822 515 τῶν

1033 529 1161 557 ἁπάντων
1174 530 1349 567 ἀχρειότερος
1358 532 1403 559 διὰ
1416 532 1467 564 τὰς
1482 532 1632 569 ἁμαρτιας.

432 599 504 627 ΧΙΧ.
519 615 554 620 -
569 598 743 626 Martialibus.

1214 601 1264 628 ΙΘ’.
1276 614 1305 621 -
1318 600 1533 634 Μοναζούσαις.
1549 600 1645 637 [σκα’.]

737 667 776 693 Ad
789 667 914 700 religiosa
928 668 984 693 vita
1000 669 1179 700 perfectionem
1190 672 1293 697 excitat.

228 737 337 772 Optima
353 735 385 763 ad
405 743 450 762 me
460 735 532 762 fama
545 734 649 770 perlata
661 735 696 763 de
709 736 861 764 reverentia
879 740 980 768 vestra,

1077 737 1195 773 Ἀγαθὴν
1210 738 1295 774 ἀκοὴν
1316 737 1496 774 ἑνηχοῦμενος
1513 738 1577 775 περὶ
1591 739 1641 774 τῆς
1664 741 1822 776 τιμιότητος

193 791 245 818 ego
261 782 372 810 humilis
386 781 461 808 ltetor
475 789 481 808 :
499 780 635 815 imprimis
648 780 720 815 quod
735 781 847 816 sanguis
861 787 888 808 et
902 780 952 815 spit

1062 781 1112 808 ιῶν
1120 782 1208 817 χαίρω
1218 783 1232 809 ὁ
1243 783 1379 814 ταπεινός·
1394 783 1510 818 μάλιστα
1518 783 1560 810 ὅτι
1571 780 1641 819 αἷμα
1656 785 1703 811 καὶ
1712 785 1821 820 πνεῦμά

196 833 239 856 tus
253 829 320 856 estis
332 827 451 854 hominis
465 827 523 859 Dei,
536 831 564 855 et
576 827 733 855 communis
748 827 880 862 parentis.
894 827 955 855 Veln

1057 835 1095 853 ιτε
1116 827 1163 853 τοῦ
1188 827 1331 862 ἀνθρώπου
1348 829 1394 854 τοῦ
1420 828 1488 855 Θεοῦ
1513 829 1560 855 καὶ
1588 829 1678 856 κοινοῦ
1702 831 1816 866 Πατρός.

196 875 315 902 mentitis
344 878 436 901 autem
463 873 572 908 gaudeo
594 877 622 900 et
646 873 772 908 gloriﬂco
795 873 892 906 Deum,
918 881 950 901 cu

1059 873 1095 899 Ξτι
1107 872 1135 898 δὲ
1151 873 1351 909 περισσοτέρως
1376 873 1474 909 ἥδομαι
1491 874 1537 901 καὶ
1558 875 1662 908 δοξάζω
1677 875 1723 903 τὸν
1742 877 1818 909 Θεὸν,

195 921 278 947 audio
293 919 447 954 perstitisse
466 926 516 946 vos
534 919 668 946 hactenus
683 919 758 946 nulla
780 919 954 946 communion

1062 916 1177 944 ινθάνων
1191 917 1231 944 ὅτι
1246 919 1376 953 ἀχραντοι
1396 918 1617 955 διαμεμενήκατε
1640 920 1693 950 ἕως
1709 922 1756 948 τοῦ
1774 922 1821 949 νῦν

197 965 329 992 haereticus
346 964 405 991 labe
426 971 564 998 aspersas.
579 962 614 990 Et
628 971 676 992 eos
690 964 786 999 utique
802 969 921 999 oportet,
935 973 951 999 q

1063 962 1085 993 ie;
1100 962 1154 988 τῶν
1172 963 1320 998 αίρετικῶν
1345 965 1498 996 κοινωνίας.
1527 965 1615 1000 Καίγε
1645 966 1686 993 δεῖ
1702 969 1764 999 τοὺς
1788 969 1822 995 τὰ

196 1015 261 1038 sunt
284 1016 398 1044 corpore
423 1009 539 1042 illihali,
568 1008 631 1036 ﬁdei
662 1016 774 1044 quoque
800 1010 954 1045 integritate

1064 1006 1149 1042 ϋματα
1170 1008 1298 1043 ἀνέπαφα
1324 1009 1447 1044 ἔχοντας,
1476 1010 1522 1037 καὶ
1550 1011 1621 1038 κατὰ
1652 1012 1702 1047 τὴν
1730 1014 1823 1040 πίστιν

196 1056 343 1083 custodire.
361 1055 565 1083 Fornicationis
575 1055 649 1082 enim
663 1063 749 1090 genus
763 1060 816 1088 est,
831 1063 848 1083 ο
862 1056 955 1091 prudct

1064 1051 1222 1086 ιρθενεύειν.
1239 1054 1355 1088 Μοιχεία
1373 1055 1428 1089 γάρ
1442 1056 1526 1088 ἐστιν,
1545 1053 1569 1083 ὥ
1589 1057 1761 1091 πανσύνετοι,
1777 1060 1823 1085 καὶ

198 1102 332 1134 ιὶεςὶηιω,
360 1101 403 1129 vel
434 1101 630 1129 communione
655 1101 780 1136 copulari
797 1108 834 1128 :a
859 1109 913 1136 qua
935 1109 957 1128 Vt

1064 1111 1065 1118 η
1087 1097 1136 1132 τῆς
1154 1098 1297 1130 κοινωνίας
1317 1099 1459 1135 μετέχειν·
1475 1097 1509 1136 ἦς
1524 1102 1596 1136 ὑμᾶς
1622 1103 1723 1138 Κύριος
1742 1104 1823 1139 μέχρι

199 1147 331 1174 Dominus
346 1154 434 1181 usque
456 1146 484 1173 in
504 1146 586 1173 linem
609 1151 701 1174 servet
722 1146 850 1179 intactas,
864 1147 911 1181 qtti
935 1154 958 1173 vt

1065 1142 1129 1174 λους
1147 1142 1336 1179 διατηρήσειεν
1352 1145 1554 1180 ἑναψαύστους·
1570 1148 1586 1174 ό
1597 1149 1824 1185 νυμφιυσάμενος

198 1193 257 1227 ipse
283 1192 336 1219 sibi
364 1199 413 1226 per
432 1191 599 1226 virginitatis
619 1197 715 1219 votum
742 1191 899 1226 despondit.
922 1191 957 1219 Ha

1065 1187 1125 1223 ,υτῷ
1148 1188 1191 1215 διὰ
1210 1187 1259 1215 τοῦ
1284 1189 1355 1217 κατὰ
1378 1190 1428 1226 τὴν
1440 1191 1590 1226 παρθενίαν
1605 1193 1824 1229 ἐπαγγέλματος.

198 1237 273 1270 prior
293 1243 358 1271 pars
375 1235 510 1263 orationis
533 1242 611 1263 meat.
635 1234 836 1264 lnstitutionem
858 1240 950 1263 autem

1066 1230 1122 1265 Sto;
1144 1234 1160 1260 ό
1187 1234 1295 1270 πρῶτός
1324 1243 1370 1270 μοι
1389 1235 1478 1270 λόγος.
1505 1237 1686 1266 Διδασκαλίαν
1701 1240 1731 1267 δὲ
1758 1241 1825 1275 παρ’

199 1291 244 1310 me
268 1287 411 1318 peccatore
433 1290 483 1311 cur
505 1283 652 1318 ﬂagitatis.
675 1290 738 1310 cttm
763 1283 824 1311 sitis
848 1283 914 1318 ipsae
938 1291 958 1318 pl

1066 1278 1103 1304 ιοῦ
1119 1277 1166 1304 τοῦ
1179 1279 1345 1314 ἀμαρτωλοῦ
1367 1280 1411 1308 ἵνα
1438 1282 1465 1308 τί
1481 1283 1619 1316 αἰτεῖσθες
1641 1285 1721 1319 ὑμεῖς
1736 1285 1825 1313 θεοδί-

198 1329 300 1357 Christi
311 1330 427 1365 gratiam
441 1337 456 1356 a
466 1329 522 1356 Deo
535 1329 657 1357 edoctm?
668 1329 736 1356 Nam
751 1334 778 1356 et
789 1337 824 1357 ex
835 1329 888 1364 piis
899 1330 957 1357 anili

1070 1323 1127 1349 κτοι
1147 1324 1209 1350 ἐστε
1230 1325 1322 1360 χάριτι
1335 1325 1465 1361 Χριστοῦ.
1482 1328 1537 1355 Καὶ
1549 1329 1603 1364 γὰρ
1615 1330 1662 1356 καὶ
1675 1331 1706 1356 ὲκ
1723 1333 1827 1364 γονέων

199 1379 266 1402 orae
288 1374 458 1409 parentibus,
474 1378 503 1402 et
518 1375 641 1402 scientia:
665 1374 783 1407 eximite,
803 1379 831 1401 et
849 1374 910 1409 ipso
925 1375 958 1401 vit

1069 1368 1156 1394 σεὸὦν
1175 1369 1339 1405 ἀμφότεραι,
1356 1371 1404 1398 καὶ
1428 1371 1528 1406 γνώσει
1550 1373 1728 1410 διαφέρουσαι
1742 1383 1752 1392 ⁸
1776 1377 1828 1403 καὶ

200 1423 300 1455 genere
329 1420 483 1447 doctrinam
512 1420 707 1447 mandatorum
736 1420 923 1454 praetereuntes.
957 1422 959 1445 ἔ

1067 1413 1076 1438 3
1089 1412 1140 1448 βιῳ
1153 1413 1184 1440 τὸ
1209 1414 1380 1442 διδασκάλιον
1391 1416 1447 1443 τῶν
1458 1418 1573 1445 ἐντολῶν
1596 1419 1826 1455 προϐαλλόμεναι.

200 1465 266 1499 quid
289 1470 379 1493 autem
403 1470 430 1493 et
455 1473 470 1493 a
494 1466 574 1494 nobis
599 1465 734 1501 imperitis
756 1466 887 1501 poscitis,
906 1466 959 1494 tium

1082 1457 1110 1485 δέ
1125 1467 1152 1485 τι
1163 1459 1210 1486 καὶ
1223 1460 1289 1496 παρ’
1300 1461 1379 1497 ήμῶν
1389 1462 1494 1489 δέοισθε
1508 1463 1564 1490 τῶν
1575 1464 1699 1499 ἀμαθῶν’
1713 1467 1727 1492 ὁ
1743 1466 1829 1500 φόϐος

201 1511 249 1538 Dei
274 1510 480 1545 conquirendus
501 1511 647 1546 imprimis.
664 1510 732 1539 Nam
752 1511 776 1539 is
795 1511 841 1539 ubi
864 1512 955 1539 anitnu

1070 1504 1084 1531 ὖ
1099 1505 1168 1532 Θεοῦ
1193 1505 1224 1532 τὸ
1245 1507 1420 1542 ζητούμενον.
1433 1505 1517 1541 Οὗτος
1537 1510 1591 1545 γὰρ
1606 1510 1635 1537 ἐν
1651 1511 1751 1547 καρδίᾳ
1779 1512 1829 1539 δε-

200 1554 296 1587 subiit,
322 1555 368 1581 lux
393 1554 516 1588 aﬂ‘ulsit,
538 1555 653 1583 vitiosos
678 1556 842 1591 temperavit
861 1556 959 1583 all'ectu

1074 1551 1125 1583 εὶς,
1138 1551 1196 1585 φῶς
1211 1552 1327 1588 ἔλαμψε,
1338 1554 1372 1580 τὰ
1387 1554 1460 1590 πάθη
1473 1555 1617 1590 ἐμείωσεν.
1636 1556 1681 1589 Ἐξ
1694 1554 1725 1584 οὗ
1742 1559 1832 1585 κατά-

201 1600 267 1627 Inde
290 1601 477 1635 compunctio,
507 1601 644 1637 lacrymze,
674 1601 770 1628 mundi
794 1601 899 1633 odium,
924 1609 960 1629 ca

1072 1596 1112 1629 ξις
1125 1605 1132 1613 ·
1146 1597 1262 1633 δάκρυον
1277 1606 1285 1614 '
1301 1601 1379 1634 μῖσος
1396 1601 1497 1635 κόσμου
1512 1610 1518 1616 -
1533 1601 1666 1637 ἐπιθυμία
1681 1603 1811 1638 οὐρανῶν
1823 1613 1829 1619 ·

201 1646 385 1679 desiderium;
399 1646 505 1681 etquid
520 1654 576 1674 non
593 1647 657 1674 inde
669 1651 775 1675 rectum
790 1647 912 1674 oriatur?
927 1647 960 1674 lla

1074 1642 1126 1669 ὶτί
1141 1643 1195 1679 γὰρ
1218 1644 1249 1671 οὺ
1272 1645 1355 1672 καλὸν
1378 1646 1504 1673 ἐντεῦθεν
1525 1648 1717 1683 προσγίνοιτος
1742 1650 1833 1677 Τοῦτο

202 1692 250 1719 Dei
271 1691 398 1720 videlicet
425 1692 590 1721 inhabitatio
614 1697 678 1721 est:
695 1693 740 1721 ubi
764 1700 828 1720 vero
846 1692 929 1726 Deus,
949 1694 955 1720 i

1072 1698 1084 1715 ν
1096 1689 1169 1715 ἐστιν
1183 1689 1320 1726 ἐνοίκησις
1334 1691 1413 1718 Θεοῦ’
1432 1689 1463 1720 οὗ
1484 1692 1512 1720 δὲ
1524 1693 1601 1726 Θεὸς,
1616 1695 1675 1721 ἐκεῖ
1688 1695 1742 1722 τῶν
1757 1696 1831 1729 ἀγα-

201 1738 264 1765 l'ons
277 1737 423 1769 bonorum,
440 1745 503 1772 pax,
519 1739 662 1773 gaudium,
677 1739 808 1767 charitas.
824 1739 925 1768 llortor
939 1748 960 1766 Vt

1075 1743 1093 1761 ην
1121 1736 1136 1771 ὴ
1163 1736 1249 1771 πηγὴ,
1265 1737 1371 1773 εἰρήνη,
1387 1738 1472 1773 χαρὰ,
1486 1739 1592 1775 ἀγάπη.
1610 1741 1765 1776 Παρακαλῶ
1780 1741 1834 1770 οὖν

203 1783 295 1817 itaque
319 1790 370 1818 ego
387 1783 510 1815 humilis,
534 1791 587 1811 non
610 1784 644 1811 ad
668 1791 700 1812 ea
723 1792 785 1819 quae
808 1785 962 1813 circumstat

1074 1781 1110 1812 ,ἃς
1125 1782 1139 1807 ό
1155 1783 1281 1814 ταπεινὸς
1291 1802 1300 1816 ,
1317 1785 1354 1819 μὴ
1370 1785 1439 1820 πρὸς
1454 1786 1490 1812 τὰ
1502 1785 1559 1812 τῶν
1581 1787 1695 1822 πλησίον
1709 1789 1833 1817 ἀποὸλέ-

201 1828 324 1862 cxempla
340 1827 449 1861 intueri,
467 1828 585 1855 maxime
600 1836 667 1855 vero
689 1837 744 1855 non
765 1829 798 1857 ad
819 1830 960 1857 simulatan

1076 1835 1099 1853 ιν
1116 1828 1325 1864 παραδείγματα
1334 1838 1341 1846 ·
1357 1831 1403 1857 καὶ
1417 1831 1535 1866 μάλιστα
1549 1833 1598 1868 τῆς
1611 1834 1791 1867 ἐπιπλάστως
1805 1838 1835 1863 ὲν

201 1880 282 1907 quant
306 1873 440 1907 pleraeque
461 1873 595 1900 mouiales
620 1873 778 1908 praeferunt,
801 1875 960 1902 conversatit

1077 1873 1098 1903 ῖς
1107 1873 1247 1906 πλείσταις
1260 1875 1315 1902 τῶν
1328 1877 1502 1911 μοναζουσῶν
1515 1878 1737 1915 ἐπιδεδειγμένης
1751 1882 1836 1909 πολι-

202 1926 263 1946 neut
281 1918 411 1953 tepidam,
432 1923 461 1945 ut
477 1918 514 1945 ita
534 1918 640 1952 loquar,
667 1923 694 1946 et
709 1919 852 1947 remissam
869 1929 876 1947 :
891 1920 937 1947 sed
953 1928 961 1947 ε

1074 1919 1113 1950 [ας
1128 1920 1252 1955 χλιαρᾶς,
1272 1921 1306 1947 ἵν’
1319 1922 1407 1954 οὕτως
1420 1923 1501 1957 εῑπω,
1525 1925 1573 1951 καὶ
1600 1926 1816 1961 συγκεχυμένης
1827 1937 1833 1942 -

200 1964 309 1999 egregia
329 1964 506 1999 exemplaria,
521 1972 639 1999 quorum
652 1965 722 1993 vitas
740 1966 846 1994 habetis
862 1973 917 2001 prae
932 1975 957 1993 m

1121 1966 1190 2000 πρὸς
1207 1966 1238 1992 τὰ
1253 1967 1397 2001 ἀρχέτυπα
1411 1968 1510 2003 κάλλη,
1527 1965 1566 1996 ὧν
1580 1970 1604 1996 οἱ
1619 1969 1674 2005 βίοι
1689 1971 1718 1997 ἐν
1734 1973 1836 2007 χερσὶν
1875 2007 1877 2009 ι

202 2011 283 2038 nibus
298 2010 391 2037 divino
405 2010 510 2044 passim
528 2018 621 2038 amore
640 2016 824 2040 coruscantes
840 2021 846 2039 :
862 2014 961 2047 quanti:

1074 2009 1136 2042 ὢν,
1171 2010 1447 2046 ἁπρατιηφοροῠντες
1479 2014 1544 2045 τοὺς
1579 2014 1670 2046 θείους
1699 2015 1833 2050 ἔρωτας·

201 2057 309 2090 quidem
328 2064 378 2084 nec
395 2056 480 2091 pictor
503 2063 536 2084 ex
552 2056 734 2090 deformibus,
759 2058 806 2085 sed
830 2066 862 2085 ex
880 2059 960 2086 decor

1070 2057 1100 2082 τεὶ
1124 2056 1171 2082 καὶ
1192 2055 1338 2091 ζωγράφος
1365 2058 1416 2084 οὐκ
1442 2058 1475 2084 ἐκ
1499 2059 1620 2093 φαύλων,
1631 2060 1689 2087 ἀλλ’
1701 2060 1732 2093 ἐξ
1743 2061 1829 2096 ὼραῖ·

202 2102 366 2137 imaginibus
383 2109 416 2130 ac
432 2106 567 2130 vetustate
589 2102 747 2138 conspicuis
772 2103 917 2140 imaginem
942 2113 957 2132 θ

1075 2101 1147 2128 γένων
1158 2103 1203 2129 καὶ
1216 2102 1378 2137 ἀρχαιότητι
1393 2103 1577 2138 διαφερόντων
1601 2105 1715 2133 εἰκόνων
1742 2115 1834 2141 μετα-

201 2148 342 2183 presserit.

1004 2181 1016 2183 _
1039 2148 1170 2183 γράφοιεν
1185 2149 1286 2176 εἰκόνα.

237 2204 309 2238 Quid
330 2204 358 2232 in
380 2204 434 2232 illis
458 2205 536 2233 vobis
555 2206 727 2241 exploratum
750 2208 802 2235 sit?
821 2208 928 2236 Salutio
952 2210 987 2236 ab

1074 2204 1106 2230 Τί
1122 2202 1156 2239 ἦν
1170 2205 1199 2231 ὲν
1215 2205 1333 2237 ἐκείναις
1349 2205 1471 2240 γνωστὸν
1489 2206 1572 2241 ὑμῖν;
1595 2207 1681 2239 Λύσις
1706 2208 1763 2234 τῶν
1787 2210 1833 2237 δε-

202 2250 348 2278 all‘ectuum
373 2250 502 2282 vinculis,
525 2251 614 2279 virilis
643 2258 771 2287 aspectus
794 2253 868 2289 fuga.
896 2262 961 2289 quo:

1073 2248 1117 2276 ιῶν
1134 2249 1183 2284 τῆς
1199 2250 1398 2285 προσπαθείας·
1409 2251 1482 2287 φυγὴ
1496 2252 1645 2288 ἀρῤενικῆς
1659 2254 1750 2288 ὅψεως
1765 2256 1832 2283 ὅσον

201 2297 263 2331 ejus
288 2297 346 2324 fieri
375 2300 475 2331 potest,
499 2295 636 2325 demissus
658 2297 742 2325 animi
771 2306 879 2331 sensus.
906 2304 960 2327 vesl

1073 2294 1186 2330 δέχεται·
1200 2295 1438 2330 καταϐεϐλημένον
1451 2296 1589 2331 φρόνημα·
1607 2298 1720 2333 ρυπῶσα
1732 2301 1832 2336 ἐσθὴς,

203 2341 325 2373 sordida,
340 2341 465 2376 dejectus
480 2341 508 2368 in
526 2345 626 2368 terram
642 2342 749 2374 oculus.
764 2343 875 2371 inutiles
890 2351 962 2371 narr:

1074 2348 1117 2375 ,μα
1141 2339 1217 2367 κάτω
1243 2341 1378 2372 νενευκός.
1395 2339 1450 2373 Οὗς
1474 2341 1576 2376 φεῦγον
1590 2342 1716 2379 ἀνωφελῆ
1743 2346 1833 2373 ἀκού-

203 2386 342 2413 tiunculas
359 2386 436 2413 auris
450 2385 566 2418 evitans,
583 2393 614 2414 os
628 2387 719 2414 divina
734 2387 860 2423 loquens,
881 2394 960 2415 vexat

1072 2393 1132 2411 ιατα
1146 2392 1153 2399 '
1171 2385 1258 2420 στόμα
1272 2385 1368 2412 λαλοῦν
1383 2386 1473 2419 ἔνθεα,
1490 2387 1672 2423 ὑπωπιασμὺς
1689 2389 1831 2424 σώματος,

203 2431 339 2467 corporis.
366 2430 435 2459 Nam
467 2432 508 2459 sic
534 2432 648 2460 allectus
676 2433 768 2461 carnis
795 2438 962 2468 superarunt

1073 2429 1120 2456 51w
1133 2429 1188 2464 γὰρ
1202 2430 1391 2465 περιεγένοντο
1406 2430 1453 2457 τοῦ
1464 2431 1512 2465 τῆς
1528 2432 1629 2467 σαρκὸς
1641 2434 1832 2469 φρονήματος·

203 2476 425 2512 quandoquidem
447 2485 510 2504 caro
532 2479 692 2513 concupiscit
713 2479 837 2506 adversus
855 2479 962 2514 spiritui,

1078 2476 1156 2510 ειπερ
1182 2476 1202 2510 ὴ
1222 2476 1301 2510 σὰρξ
1319 2476 1459 2511 ἐπιθυμεῖ
1477 2479 1553 2506 κατὰ
1571 2480 1624 2507 τοῦ
1645 2482 1835 2517 πνεύματος,

203 2529 235 2551 ut
250 2523 384 2558 scriptum
401 2527 461 2556 est,
489 2523 598 2558 spiritus
616 2530 703 2552 autem
721 2525 847 2552 adversus
862 2533 962 2552 carnem

1074 2531 1079 2552 ς
1101 2520 1266 2556 γέγραπται·
1294 2521 1327 2548 τὸ
1341 2520 1375 2547 δὲ
1397 2522 1515 2556 πνεῦμα
1540 2524 1614 2550 κατὰ
1630 2524 1685 2558 τῆς
1699 2528 1833 2560 σαρκός-

204 2571 260 2596 luet:
272 2569 342 2596 enim
360 2568 411 2597 sibi
426 2568 537 2596 invicem
552 2569 728 2597 adversantur
739 2571 774 2602 ",
789 2575 817 2598 et
834 2575 876 2598 est
889 2570 960 2597 belln

1076 2566 1137 2594 ‘ﬁra
1160 2565 1194 2593 δὲ
1218 2567 1380 2594 ἀντίκειται
1406 2567 1573 2602 ἀλλήλοις·
1596 2570 1643 2596 καὶ
1671 2571 1835 2606 ἀκήρυκτος

205 2615 386 2650 implacabile.
409 2615 498 2648 Quare
530 2616 605 2642 omni
631 2616 675 2642 dic
696 2623 807 2643 necesse
828 2620 881 2648 est,
908 2623 964 2650 prol

1077 2613 1171 2646 κλεμος.
1190 2613 1246 2640 Καὶ
1273 2613 1314 2639 δεῖ
1337 2614 1410 2648 ἡμᾶς
1436 2615 1526 2641 πᾶσαν
1550 2616 1667 2651 ἡμέραν,
1695 2617 1767 2644 εἴπω
1786 2620 1836 2645 καὶ

205 2661 321 2689 dixerim
336 2660 411 2689 omni
427 2660 508 2694 hora,
527 2661 659 2688 adversus
674 2661 738 2688 vitia
755 2665 866 2688 strenue
885 2668 935 2688 nos
950 2661 964 2688 d

1077 2667 1129 2691 mv,
1145 2658 1309 2685 ὁπλίσασθαι
1327 2659 1398 2686 κατὰ
1419 2659 1475 2687 τῶν
1499 2661 1594 2688 παθῶν
1609 2662 1745 2697 ἀνδρικῶς
1761 2665 1836 2698 μετά

205 2706 318 2738 tnicarc,
341 2704 397 2732 Deo
413 2708 552 2739 spectante
566 2712 599 2732 ac
610 2705 733 2739 juvante,
747 2709 809 2740 post
831 2706 962 2732 diuturno

1077 2705 1112 2731 ,οὖ
1136 2704 1184 2731 καὶ
1200 2705 1248 2731 σὺν
1264 2705 1335 2740 Θεῷ,
1351 2706 1380 2731 ὲν
1403 2704 1493 2741 πολλῷ
1512 2706 1599 2740 ἀγῶνι
1621 2707 1756 2740 νικῶντας
1786 2712 1836 2737 τὸν

206 2755 344 2777 certamen
364 2750 472 2778 hostem
496 2751 649 2784 vincentes,
672 2751 719 2786 qui
742 2756 863 2778 nostrum
884 2758 965 2786 semp

1079 2751 1150 2785 Ορὺν,
1175 2750 1221 2776 τὸν
1247 2750 1292 2776 ἀεὶ
1309 2749 1427 2785 διψῶντα
1442 2752 1493 2786 τὴν
1519 2752 1657 2780 ἀπώλειαν
1680 2754 1760 2789 ἡμῶν
1777 2763 1784 2770 ·
1805 2754 1837 2783 οὗ

206 2796 320 2823 exitium
344 2796 521 2832 sititzcujus
543 2797 633 2832 iacula
665 2797 766 2826 nullius
790 2798 900 2826 domum
931 2807 960 2826 su

1106 2797 1237 2832 ρομφαῑαι
1266 2798 1304 2829 είς
1334 2796 1409 2828 τέλος
1430 2797 1553 2829 ἐξέλιπον
1575 2799 1630 2831 τοῖς
1653 2801 1837 2836 προσέχουσιν

243 2867 263 2881 ’¹
278 2866 367 2894 Galat.
380 2875 406 2900 v,
423 2867 467 2894 Π.
