1923 3078
80 133 144 166 ΙΠἾ

671 124 939 156 EPIS’I‘OLARUM
965 124 1037 154 LIB.
1067 124 1104 153 11.

1635 123 1704 155 1178

77 186 213 222 ἀσφαλῶς.
238 185 295 212 οὒκ
317 183 376 210 ἔστι
397 182 426 209 δὲ
447 181 484 217 μὴ
504 182 640 217 ἡττᾶσθαι
665 182 786 212 πάντως,
817 180 864 206 καὶ

920 179 1022 205 roboris
1046 178 1073 205 iu
1096 185 1142 205 eos
1165 177 1211 212 qui
1241 177 1293 205 sibi
1319 177 1414 206 sedulo
1439 177 1622 213 prospiciunt.
1643 178 1703 207 Non

77 231 254 268 πλήττεσθαι,
271 229 319 256 τὸν
331 228 544 264 ἀγωνιζόμενον,
570 229 598 253 ὲν
613 227 685 262 λόγῳ
700 227 747 253 καὶ
762 226 864 260 ἐννοίᾳ,

78 280 122 307 καὶ
137 280 167 305 ὲν
182 279 237 308 τοῖς
252 276 355 310 ὁμοίοις
371 276 428 306 τοῖς
444 274 482 309 μὴ
499 273 567 308 πρὸς
585 273 700 300 θάνατον
714 271 864 307 ἁμαρτίας

77 322 141 349 ἐι).λά
157 321 187 348 τὸ
204 320 303 347 θᾶττον
313 318 490 346 ἀναπαλαίειν
504 317 569 353 χρὴ,
582 318 628 344 καὶ
638 317 683 343 snt
694 317 744 351 τῆς
753 316 866 351 δεούσης

79 367 203 394 ἵπτασθαι
217 365 423 396 καταστάσεως.
435 363 657 398 Παραπτὼματα
670 363 724 397 γὰρ
735 364 780 396 τίς
793 371 867 389 συν-

80 415 164 445 ﬁrm;
179 413 233 439 Καὶ
246 412 287 442 τίς
302 412 471 446 καυχήσεται
487 410 537 445 τὴν
551 409 642 444 ψυχὴν
669 410 757 444 ἁγνὴν
773 409 864 444 ἑχεινς

79 459 131 486 Iul.
157 459 187 484 ὲν
202 457 291 492 θλίψει
312 457 362 491 μὲν
374 457 388 482 ὀ
402 456 431 481 ἐν
452 455 547 489 Κυρίῳ
571 455 625 486 ζῶν
635 461 644 468 ·
658 454 753 489 ἐπειδὴ
770 454 865 488 στενὴ

78 504 125 530 καί
152 502 331 537 τεθλιμμένη
347 502 366 535 ἡ
382 500 453 533 ὁδὸς
466 500 627 535 ἀπάγουσα
640 501 684 532 εὶς
696 499 755 533 τὴν
769 498 846 533 ζωήν
857 506 863 514 '

79 550 171 584 ὧσπερ
197 549 214 582 ἠ
241 546 350 574 ἐναντία
366 546 423 577 τοῖς
437 545 579 576 ἐναντίοις.
601 545 665 572 Ὅτε
685 544 713 571 δὲ
733 544 805 571 ἔλθοι
836 544 866 570 τὸ

80 596 164 628 πέρας
174 593 228 619 τῶν
241 591 365 626 ἀγώνων,
381 591 442 617 τότε
457 587 604 621 εἴσεσθε,ὧ
619 589 723 624 νύμφαι
735 588 865 624 Χριστοῦ.

79 641 103 665 τί
121 638 300 673 προεξενησεν
316 636 411 671 ὑμῖνή
434 634 559 661 πολιτεία
571 642 578 649 ·
597 633 750 669 ἀρθήσεσθε
765 633 820 668 γὰρ
837 634 866 659 ἐν

79 684 150 718 χαρᾷ
165 682 341 716 ἀνεκλαλήτῳ
350 681 402 707 ὑπὸ
410 680 521 714 ἀγαθῶν
531 680 658 714 ἀγγέλων
670 688 677 695 ·
690 680 737 706 καὶ
747 679 866 705 εἰσελεύ-

78 729 155 756 σεσϐε
186 729 225 759 εἰς
251 727 302 762 τὴν
331 726 539 761 ἀχειρότιιυκτον
575 725 722 758 παστάδα,
748 725 788 756 εἰς
820 725 865 751 τὸν

76 776 203 809 οὐράνιον
218 773 363 808 νυμφῶνα,
383 772 499 798 πάντοτε
527 772 575 798 σὺν
593 772 688 807 Κυρίῳ
712 773 752 804 είς
778 772 866 798 αίῶνα

76 822 214 856 ἑπόμεναι.
228 817 283 845 'Hv
303 819 352 853 μὲν
367 817 414 844 καὶ
426 817 509 844 πλέον
520 826 546 843 τι
560 817 649 851 λέγειν
667 825 675 834 ·
697 817 756 844 ἀλλ’
768 817 864 853 ἐπειδὴ

916 224 1049 258 contingit
1065 229 1156 250 autem
1181 231 1234 250 non
1251 223 1322 251 vinci
1337 223 1462 256 omnino,
1481 231 1514 251 ac
1528 224 1634 251 nullum
1649 226 1706 251 vul-

917 276 969 295 nus
988 268 1069 302 reeipi
1086 268 1155 295 inter
1169 269 1360 302 praeliandum,
1372 270 1456 296 verbo
1471 269 1511 296 vel
1528 269 1704 304 cogitatione,

916 313 1030 347 aliisque
1047 312 1195 344 similibus,
1213 320 1274 346 qua:
1299 317 1414 340 mortem
1432 314 1535 347 peccati
1558 321 1612 341 non
1636 314 1707 341 infe-

916 362 981 386 ruut
1004 357 1074 384 :sed
1101 366 1191 392 pugna
1215 358 1359 385 confestim
1381 359 1589 393 redintegranda
1603 380 1609 391 ,
1629 364 1656 386 et
1678 360 1705 386 iu

916 404 1025 439 propria
1052 404 1170 430 statione
1191 404 1408 431 consistendum.
1432 404 1536 430 Delicta
1558 405 1627 431 enim
1646 406 1706 440 quis

916 449 1046 484 intelliget
1060 450 1084 464 "
1094 449 1105 475 ?
1117 449 1150 476 Et
1164 449 1226 484 quis
1241 449 1403 484 gloriabitur
1416 450 1538 476 animum
1553 457 1583 476 se
1601 455 1706 477 castum

916 496 1030 531 gerere?
1056 494 1084 522 lu
1112 495 1290 523 tribulatione
1319 495 1415 530 utique
1443 500 1495 527 est,
1521 496 1568 530 qui
1589 496 1655 522 vivit
1680 497 1707 523 in

917 541 1054 568 Domino:
1071 541 1293 576 quandoquidem
1323 547 1397 568 arcta
1417 546 1441 568 et
1463 546 1577 576 angusta
1598 543 1640 568 via
1669 546 1707 568 est

915 595 974 621 qum
990 587 1064 613 ducit
1080 586 1115 613 ad
1135 588 1216 614 vitam
1228 587 1251 603 "
1269 596 1276 614 :
1290 587 1520 622 quemadmodum
1536 587 1578 614 via
1601 592 1708 614 contra-

916 632 957 659 ria
972 639 988 658 e
1005 632 1156 659 contrario.
1174 632 1209 660 At
1229 639 1291 660 cum
1307 633 1491 660 certaminum
1515 633 1577 660 linis
1590 633 1708 660 adveueo

916 677 962 708 rit.
983 680 1049 703 tunc
1070 676 1238 712 intelligetis,
1255 684 1272 704 o
1287 683 1396 711 sponsae
1417 677 1530 709 Christi,
1547 676 1612 711 quid
1629 677 1708 704 vobis

918 727 1047 757 suscepta
1069 721 1178 750 vivendi
1204 722 1274 750 ratio
1299 722 1468 750 contulerit:
1486 722 1611 750 auferent
1634 723 1707 749 enim

915 775 965 796 vos
1007 767 1140 795 sublimes
1169 775 1231 795 cum
1267 767 1442 795 inenarrabili
1484 767 1577 795 laetitia
1619 767 1708 803 angeli

916 813 1034 848 optimi,
1062 813 1137 840 etin
1166 812 1317 839 thalamum
1343 812 1535 847 ingrediemini
1565 819 1618 839 neu
1649 819 1708 839 ma-

77 855 244 900 στοχάζομαι
270 863 489 900 ὑπερϐεσηκέναι
522 863 554 889 τὸ
589 863 689 899 μέτρον
720 862 771 898 τῆς
800 863 860 890 ἐπι-

920 858 1074 891 nufactum,
1098 857 1126 885 in
1149 858 1289 886 caelestem
1314 863 1415 890 torum,
1438 866 1546 893 semper
1569 866 1631 884 cum
1658 858 1709 885 Do-

77 913 173 947 στολῆς
189 931 197 944 ,
223 910 340 937 ἐνταῦθα
361 909 567 944 καταπαύσοιμι
593 910 641 936 τδν
661 909 740 943 λόγον
754 917 762 927 ι
792 910 864 946 ὑπὲρ

74 955 105 983 οὗ
119 955 270 991 χαρίσασθέ
295 963 340 991 μοι
363 955 403 990 τῷ
426 954 584 990 ἁμαρτωλῷ
612 955 662 987 τὰς
683 955 764 990 ἁγίας
787 955 865 990 ὑμῶν

75 1002 170 1037 εὐχάς.

199 1142 244 1169 κ’.
259 1157 294 1164 -
308 1142 451 1176 Μακαριῳ
463 1141 630 1176 ἡγουμένῳ.
648 1140 743 1177 [omni

918 906 993 932 tuin
1019 904 1046 931 in
1068 912 1150 931 omne
1171 912 1260 932 aevum
1279 903 1391 932 futurae.
1417 904 1555 931 Habebam
1581 904 1707 938 equidem

917 951 995 986 plura
1006 950 1098 978 dicere
1114 959 1121 978 :
1138 950 1186 978 sed
1205 951 1337 985 quoniam
1353 950 1442 978 sentio
1458 958 1501 977 me
1516 950 1627 977 modum
1649 950 1707 984 epi-

918 996 995 1022 stolae
1007 1002 1227 1029 supergressum,
1240 995 1321 1022 finem
1340 995 1478 1029 imponam
1495 995 1558 1022 huic
1569 994 1687 1022 sermoni
1700 1003 1706 1020 :

918 1047 967 1076 pro
982 1048 1037 1075 quo
1057 1041 1125 1068 mihi
1139 1041 1277 1076 peecatori
1297 1045 1407 1068 sanctas
1421 1045 1526 1068 vestras
1543 1048 1637 1076 preces
1656 1040 1710 1067 im-

918 1087 1024 1119 pertite.

1134 1145 1193 1173 XX.
1214 1145 1336 1173 Macario
1350 1145 1500 1180 prmposito.

643 1197 682 1222 De
694 1197 799 1228 quodam
813 1197 954 1230 praeposito,
967 1199 1073 1232 aliisque
1085 1202 1170 1232 lapsis.

108 1254 144 1281 τί
159 1253 257 1284 ποιεῖς,
281 1248 304 1279 ὦ
327 1251 381 1278 Θεῖε
402 1251 505 1286 Πάτερ,
535 1250 632 1277 ἑαυτὸν
658 1250 796 1277 ταπεινῶν
820 1251 867 1277 τὸν

76 1300 179 1335 ὑψηλὸν
194 1300 228 1334 τῇ
243 1299 345 1334 ἀρετῇ·
362 1298 436 1333 κάμὲ
452 1297 527 1332 ὑψῶν
540 1297 569 1323 ὲν
584 1298 642 1328 τοῖς
660 1296 763 1332 τιμίοις
777 1296 867 1331 λόγοις

76 1355 137 1376 σου,
148 1345 195 1372 τὸν
210 1343 350 1379 χθαμαλὺν
365 1344 397 1378 τῇ
413 1343 509 1377 κακίᾳ,
522 1342 560 1374 ὡς
577 1342 685 1378 μυρίοις
700 1342 800 1369 πάθεσι
816 1352 866 1369 πο-

76 1390 271 1427 λιορκούμενον
288 1389 479 1424 καθεκάστην;
501 1388 573 1422 Ἐγὼ
599 1388 689 1415 τοίνυν
709 1388 802 1420 δοῦλός
819 1397 867 1415 σου

76 1438 125 1463 καὶ
152 1437 229 1467 παῖς.
246 1435 381 1470 μαθητιᾷν
398 1435 498 1469 μᾶλλον
514 1433 670 1469 ἐφιέμενος,
697 1434 714 1469 ἢ
730 1434 868 1462 διδάσκειν
881 1455 903 1483 c

75 1482 239 1517 δυνάμενος.
253 1481 348 1515 Ὅμως
363 1482 378 1507 ό
389 1480 500 1515 ἀγαθὸς
515 1479 671 1514 ἅνθρωπος
683 1480 718 1506 ἐκ
730 1480 783 1507 τοῦ
794 1480 867 1514 dra-

76 1529 132 1556 θοῡ
150 1527 305 1562 θησαυροῦ
329 1526 384 1561 τῆς
406 1526 530 1561 καρδίας
543 1526 684 1553 ἐκϐάλλει
702 1527 739 1553 τὰ
752 1527 849 1560 ἀγαθά
860 1535 867 1542 ·

75 1573 199 1605 τοιοῦτος
225 1574 256 1599 σὺ
287 1573 334 1599 καὶ
353 1573 492 1608 ὁρώμενος
522 1573 568 1600 καὶ
597 1573 866 1607 ἀναγινωσκόμενος.

77 1621 148 1656 Περὶ
159 1619 210 1654 μὲν
217 1619 265 1645 οὖν
277 1618 323 1645 τοῦ
334 1619 382 1652 τῆς
393 1618 593 1654 Δημητριάδος,
606 1619 652 1645 καὶ
663 1618 717 1645 τῶν
728 1618 867 1653 μαθητῶν,

76 1667 119 1692 ὃτι
137 1665 257 1700 ᾤχοντο·
271 1665 316 1692 ἴνα
331 1665 425 1699 γνοίης
437 1665 469 1690 ἐκ
489 1664 544 1690 τῶν
559 1664 675 1699 καρπῶν
691 1665 720 1691 τὸ
743 1665 850 1698 δένδρον
860 1672 867 1679 ·

77 1711 126 1738 καὶ
141 1710 207 1745 εὔξῃ
222 1710 336 1742 ἐκείνοις
355 1709 406 1745 μὲν
424 1710 581 1744 μετάνοιαν,
599 1710 661 1745 ἐμοὶ
674 1709 702 1736 δὲ
721 1710 760 1744 τῷ
784 1710 870 1744 ἀθλίῳ

78 1756 234 1791 στηριγμὸν
251 1755 320 1790 πρός
343 1763 374 1782 τε
400 1756 462 1786 τοὺς
478 1754 666 1790 πολεμοῦντας
690 1755 814 1790 ἀοράτως
839 1763 869 1781 τε

78 1801 127 1826 καὶ
142 1799 306 1836 ὀρωμένως·
320 1799 357 1831 ὡς
368 1799 401 1826 ἂν
416 1800 531 1826 κατόπιν
548 1799 695 1835 ἀξιωθείην
707 1800 796 1826 ἐλθεῖν
813 1799 869 1826 τῶν

78 1846 138 1872 νυνὶ
152 1845 261 1871 πάντων
277 1845 452 1879 ὀμολογητῶν
467 1845 588 1880 Χριστοῦ
600 1853 608 1860 ⁵
632 1845 802 1880 ὁμολογητὴς
817 1845 871 1880 γὰρ

79 1892 160 1923 πᾶςὸ
175 1891 362 1926 ἐνιστάμενος.
388 1891 457 1927 Περὶ
484 1891 513 1917 δὲ
540 1890 595 1918 τῶν
612 1891 659 1917 δύο
673 1890 762 1918 ἄλλων
787 1900 872 1926 κεφα-

77 1938 173 1969 λαίων,
193 1937 316 1964 τοιοῦτον
338 1937 368 1964 τὸ
385 1937 587 1972 παριστάμενόν
605 1945 668 1972 μοι·
692 1937 871 1972 ’Υπογράψας

79 1983 269 2018 πρεσϐύτερος
290 1984 325 2018 τῇ
353 1982 477 2017 ἀσεϐείᾳ,
511 1983 651 2018 μετανοεῖν
677 1982 792 2016 ὀφείλει,
824 1982 872 2008 καὶ

79 2029 259 2064 προσκλαίειν
279 2029 403 2064 θερμῶςι
430 2028 642 2064 συγχωρηθῆναι
662 2027 736 2063 αὐτῷ
751 2028 781 2054 τὺ
804 2027 869 2054 ἀσέ-

79 2074 157 2109 ϐημα
169 2082 177 2088 ·
193 2071 362 2108 λειτουργεῖν
381 2073 420 2105 δὲ,
435 2073 489 2100 κᾶν
512 2073 543 2099 οὑ
559 2073 719 2108 μνημονεύῃ
743 2072 791 2099 τοῦ
809 2073 872 2099 ἀσε-

953 1253 1024 1286 Quid
1045 1254 1114 1289 agis,
1132 1261 1150 1281 ο
1170 1253 1264 1281 divine
1285 1253 1378 1287 Pater,
1397 1261 1461 1281 cum
1485 1253 1601 1288 teipsum
1618 1254 1709 1289 depri-

918 1299 982 1331 mis,
1010 1299 1056 1334 qui
1083 1299 1210 1327 sublimis
1233 1307 1264 1327 es
1287 1299 1416 1327 virtute:
1437 1306 1470 1326 ac
1496 1307 1540 1327 me
1560 1300 1709 1328 honorifica

918 1343 1044 1371 oralioue
1069 1348 1115 1371 tua
1139 1343 1259 1377 extollis,
1282 1343 1328 1378 qui
1349 1351 1411 1371 sum
1437 1344 1612 1378 improbitate
1635 1345 1709 1379 ahje-

920 1394 994 1420 ctus,
1012 1389 1114 1424 quippe
1129 1389 1283 1416 innumeris
1301 1389 1425 1424 quotidie
1439 1390 1511 1416 vitiis
1530 1389 1711 1424 profligatus?

920 1434 976 1470 Ego
1001 1435 1085 1469 igitur
1107 1442 1205 1462 servus
1228 1439 1304 1467 tuus,
1322 1442 1354 1462 ac
1373 1442 1441 1469 pene
1462 1443 1540 1469 puer,
1562 1436 1604 1462 cui
1624 1436 1711 1470 major

919 1480 1044 1507 discendi
1070 1480 1228 1515 cupiditas,
1256 1488 1340 1516 quam
1370 1481 1487 1508 facultas
1514 1481 1642 1509 docendi.
1676 1482 1711 1508 At

919 1525 1001 1551 bonus
1023 1525 1100 1551 homo
1127 1525 1159 1552 de
1183 1525 1250 1552 bono
1276 1526 1397 1553 thesauro
1426 1527 1513 1554 cordis
1543 1527 1585 1554 sui
1610 1528 1711 1562 profert

920 1569 1020 1596 bona“
1034 1579 1040 1596 :
1063 1569 1221 1604 cujusmodi
1243 1575 1269 1597 lu
1286 1572 1396 1606 quidem
1414 1578 1441 1599 et
1458 1572 1560 1600 videris
1581 1578 1608 1601 et
1625 1581 1712 1606 agno-

920 1615 1018 1641 sceris.
1035 1615 1073 1642 De
1097 1615 1244 1648 ιιι-ιη)οείιο
1259 1619 1350 1643 autem
1370 1616 1552 1645 Demetriadis
1573 1625 1606 1644 ac
1628 1618 1711 1645 disci.

920 1660 992 1694 pulis
1009 1661 1069 1695 ejus
1092 1663 1166 1697 quod
1183 1662 1295 1696 quaeris,
1319 1662 1434 1697 periisse
1451 1663 1532 1695 scito,
1553 1668 1581 1690 ut
1597 1671 1629 1690 ex
1654 1664 1712 1691 fru-

920 1706 1010 1734 ctilms
1034 1707 1161 1735 arborem
1190 1716 1323 1743 agnoscas
1352 1717 1359 1735 :
1387 1716 1420 1736 ac
1442 1716 1491 1743 pro
1517 1709 1574 1737 illis
1601 1710 1711 1744 quidem

922 1750 1139 1783 resipisceutiam
1160 1752 1318 1786 depreceris
1333 1762 1339 1780 :
1356 1761 1407 1788 pro
1424 1761 1466 1780 me
1489 1759 1579 1781 autem
1605 1754 1714 1782 infel'ee

921 1793 1006 1820 robur
1033 1794 1166 1822 adversus
1190 1797 1283 1823 hostes
1309 1801 1366 1824 tum
1389 1797 1542 1826 invisibiles
1566 1803 1623 1826 tum
1648 1800 1714 1826 ι·ἱεί-

923 1838 1014 1866 biles:
1036 1845 1066 1867 ut
1089 1841 1213 1876 vestigiis
1238 1842 1368 1870 insistere
1392 1850 1499 1870 merear
1514 1845 1637 1872 omnium
1662 1845 1714 1872 hoc

921 1891 979 1911 aevo
1000 1884 1104 1913 Christi
1135 1886 1327 1915 confessorum
1358 1897 1364 1915 :
1396 1889 1543 1917 confessor
1570 1891 1643 1918 enim
1672 1897 1715 1919 est

921 1930 1047 1966 quisquis
1067 1939 1099 1959 se
1119 1936 1234 1960 strenue
1253 1934 1334 1968 gerit.
1358 1933 1395 1961 De
1416 1934 1524 1963 duobus
1539 1935 1600 1963 aliis
1617 1937 1712 1971 cupiti-

923 1976 985 2006 bus.
1011 1984 1085 2004 nunc
1110 1977 1175 2005 illud
1199 1979 1322 2006 occurrit
1347 1979 1450 2006 animo.
1477 1980 1530 2013 Qui
1551 1981 1715 2017 subscripsit

922 2021 1056 2056 impietati
1076 2023 1229 2058 presbyter,
1243 2023 1324 2051 debet
1344 2024 1368 2051 is
1383 2024 1474 2052 scelus
1489 2026 1599 2060 expiare
1616 2027 1713 2061 poenis,

922 2071 950 2094 et
965 2075 1089 2102 magnam
1111 2068 1164 2095 vim
1180 2069 1346 2103 profundere
1366 2070 1567 2106 lacrymarum;
1586 2077 1616 2099 ut
1637 2073 1713 2100 venia

79 2118 134 2149 ὃῶς
147 2117 178 2154 [f.
188 2116 316 2153 ἀσεϐοῦς]
329 2125 336 2132 ·
349 2116 552 2152 οὺδαμῶς,ἀλλ¹
561 2117 758 2152 εῖργεσθαιτῆς
768 2116 867 2152 ἱερουρ-

924 2112 1021 2139 deinde
1047 2112 1141 2149 ﬂagitii
1173 2114 1333 2142 tribuatur:
1353 2120 1383 2143 ut
1407 2121 1498 2143 autent
1526 2125 1582 2145 rem
1605 2126 1713 2146 sacram

79 2164 142 2197 γίας
151 2173 157 2178 ·
169 2164 222 2195 ἕως
233 2163 267 2190 ἂν
280 2163 486 2197 ὲπίδοιΚύριος,
498 2163 545 2189 καὶ
554 2162 612 2197 δοίη
621 2162 716 2197 καιρὸν
730 2162 870 2198 ὀρθοδόξου

80 2209 192 2235 συνόδου
203 2216 211 2223 ·
222 2209 253 2234 ὲν
269 2205 414 2245 ᾖλήψεται
438 2207 519 2243 [Reg.
534 2208 594 2235 cod.
614 2207 730 2243 ἕκαστα]
757 2208 871 2240 ἕκαστος

78 2253 112 2280 τὰ
135 2253 199 2280 κατ’
214 2252 294 2285 ἀξίαν
315 2253 474 2289 θεοκρίτως.
496 2253 567 2288 Ἐγὼ
588 2253 617 2280 δὲ
644 2253 831 2289 συμόουλέυω,
846 2255 871 2280 εί

80 2300 200 2334 μετέσχε
215 2299 266 2332 τῆς
281 2298 398 2330 ἀσεϐοῦς
426 2298 580 2330 κοινωνίας,
598 2299 628 2325 ὲν
646 2298 797 2335 μεταλήψει
823 2299 871 2326 καὶ

79 2344 134 2371 τῶν
151 2344 333 2378 ἀγιασμάτων
350 2344 501 2378 ἀπέχεσθαι
515 2343 610 2379 μέχρις
621 2343 682 2375 ἐνὸς
696 2343 712 2379 ἢ
724 2344 796 2371 δυοῖν
807 2344 871 2379 χρό-

79 2398 147 2416 ww.
158 2389 316 2423 Γέγραπται
324 2389 392 2424 γάρ’
405 2390 446 2415 οὑ
458 2388 592 2416 δύνασθε
599 2389 745 2423 ποτήριον
758 2389 871 2423 Kvpt'ov

81 2435 193 2465 πίνειν,
203 2434 252 2460 καί
264 2433 407 2468 ποτήριον
419 2433 581 2468 δαιμονίων
589 2442 597 2449 ·
611 2435 646 2461 οὐ
657 2434 790 2462 δύνασθε
804 2443 872 2470 τρα-

82 2481 173 2514 πέζης
188 2480 300 2513 Kvplcv
307 2479 456 2514 μετέχειν,
472 2479 521 2506 καὶ
536 2479 682 2514 τραπέζης
696 2479 869 2514 δαιμονίων.

82 2527 117 2552 Τδ
131 2526 156 2552 δ’
168 2526 236 2553 αὐτὸ
250 2526 297 2552 καὶ
309 2526 357 2552 ἐπὶ
376 2525 432 2552 τῶν
454 2525 634 2562 Ἑκκλησιῶν.
652 2526 700 2558 Τις
717 2525 866 2560 συγκατὰ-

81 2571 166 2601 οεσις
179 2567 243 2600 ναῷ
261 2568 335 2595 Θεοῦ
351 2569 427 2603 μετὰ
443 2569 597 2600 sidentur;
612 2569 650 2596 Οὐ
666 2569 707 2595 δεῖ
724 2569 772 2596 οὖν
788 2570 871 2596 εἰσιέ-

80 2622 123 2640 ναι
147 2614 190 2645 εἰς
205 2613 241 2640 τὰ
258 2613 396 2649 μαρτύρια
411 2613 467 2640 τῶν
483 2613 646 2649 αἱρετικῶνυ
669 2613 870 2648 προστέτακται

80 2659 145 2692 ἡμῖν
165 2658 219 2684 ὑπὸ
236 2658 285 2693 τῆς
308 2658 391 2692 ἁγίας
412 2658 522 2685 συνόδου
535 2666 542 2673 ·
560 2659 612 2684 οὐκ
643 2655 703 2685 οἶδα
726 2658 751 2684 εἰ
771 2658 808 2693 μὴ
825 2658 869 2684 ἐπ’

78 2703 206 2736 ἐξουσίαν
222 2704 323 2735 τελέως
335 2703 436 2738 γίνοιτο
452 2705 466 2731 ὁ
479 2705 542 2735 ναὸς
552 2703 694 2739 ὀρθοδόξου
709 2703 755 2730 τοῦ
770 2703 869 2738 μηκέτι

79 2748 298 2784 λειτουργεῖσθαι
313 2749 358 2784 ὑφ’
373 2749 529 2785 αἱρετιχοῦ·
546 2749 605 2776 τότε
619 2750 674 2784 γὰρ
694 2749 740 2775 καὶ
753 2749 868 2775 εἰσιτέον

116 2817 222 2847 "Psal.
240 2827 317 2853 xvul,
339 2819 381 2848 13.
421 2820 443 2836 "
453 2819 548 2847 Matth.
566 2827 613 2853 vn,
630 2820 671 2847 Li.

924 2157 1025 2191 faciat;
1058 2160 1167 2187 etiamsi
1197 2160 1335 2188 hominem
1366 2162 1482 2196 impium
1510 2170 1564 2190 non
1594 2171 1714 2192 comme-
1769 2186 1772 2187 ν

923 2209 1030 2235 meret;
1057 2205 1171 2233 minime
1191 2214 1268 2239 sane,
1287 2207 1336 2235 sed
1351 2216 1366 2234 a
1382 2215 1462 2236 sacro
1487 2217 1599 2237 munere
1620 2211 1713 2245 probi.-

923 2249 1029 2278 beudus
1043 2256 1096 2283 est,
1115 2252 1203 2279 donec
1220 2253 1371 2288 respcxcrit
1392 2253 1537 2288 Dominus,
1553 2255 1714 2290 dedcritque

924 2300 1031 2330 tempus
1047 2298 1152 2332 synodo
1165 2298 1335 2333 orthodoxa,
1351 2300 1443 2335 inqua
1454 2301 1611 2329 admittetur
1626 2310 1711 2330 unus-

922 2341 1039 2377 quisque
1048 2350 1098 2377 pro
1117 2343 1222 2375 merito,
1233 2348 1363 2379 tauquam
1376 2352 1409 2372 ex
1418 2345 1465 2374 Dei
1477 2346 1592 2381 judicio.
1609 2347 1713 2376 Auctor

922 2395 987 2415 vero
995 2396 1067 2420 sum,
1081 2393 1120 2423 ut,
1131 2390 1152 2417 si
1163 2391 1463 2426 communionisimpize
1473 2393 1609 2428 particeps
1616 2393 1711 2428 fuit,iu

922 2433 1096 2467 perceptione
1111 2434 1150 2461 rei
1159 2442 1244 2462 sacras
1253 2435 1427 2464 sanetilicatis
1435 2437 1516 2465 donis
1524 2438 1712 2466 abstineatauv

923 2484 957 2504 uo
969 2485 1024 2505 uno
1041 2483 1087 2505 aut
1102 2479 1198 2507 altero.
1209 2479 1346 2516 Scriptum
1356 2487 1397 2509 est
1414 2483 1487 2510 enim
1500 2491 1506 2499 ·
1528 2483 1589 2510 Νοη
1603 2486 1712 2518 potestis

921 2522 1030 2549 calicem
1040 2523 1146 2550 Domini
1158 2525 1255 2558 bibere,
1271 2530 1297 2553 et
1311 2527 1421 2554 calicem
1432 2528 1623 2556 da'moniorum
1637 2537 1647 2556 .'
1659 2538 1710 2557 non

921 2569 1029 2601 potestis
1039 2577 1133 2596 meum
1143 2569 1250 2597 Domini
1255 2573 1398 2605 participes
1407 2581 1473 2606 esse,
1481 2579 1505 2600 et
1515 2582 1609 2602 mensw
1616 2575 1712 2603 da’mo-

922 2614 1025 2640 nierum
1032 2614 1065 2641 ’⁸.
1078 2615 1150 2642 Idem
1161 2616 1231 2643 etde
1240 2616 1370 2645 Ecclesiis
1381 2619 1568 2646 statuendum.
1577 2620 1642 2652 Quis
1649 2629 1711 2648 can-

921 2668 1013 2686 sensus
1032 2661 1128 2695 templo
1152 2661 1198 2688 Dei
1225 2671 1284 2689 cum
1308 2663 1386 2690 idolis
1398 2665 1442 2691 "?
1465 2664 1548 2693 Nefas
1571 2667 1656 2701 igitur
1683 2669 1709 2695 in

923 2704 1112 2732 lnerctieorum
1138 2707 1269 2742 umrtyria
1290 2707 1386 2743 pedem
1410 2709 1511 2737 inferre
1528 2719 1535 2736 :
1555 2710 1594 2738 sic
1614 2717 1709 2739 sancta

922 2750 1001 2778 nobis
1023 2752 1144 2786 synodus
1165 2754 1292 2789 pra‘Ci'pit
1310 2763 1317 2782 :
1334 2755 1386 2782 uisi
1404 2755 1474 2783 forte
1493 2756 1709 2786 orlhodoxorum

730 2821 752 2836 πῖ
771 2819 836 2847 Luc.
857 2828 892 2854 γι,
911 2821 956 2849 45.
996 2822 1018 2838 ’⁵
1038 2822 1048 2850 l
1065 2823 1127 2854 Cor.
1146 2833 1172 2858 χ,
1191 2825 1236 2852 20.
1276 2826 1298 2841 ἐ
1319 2825 1327 2853 l
1345 2827 1409 2854 Cor.
1427 2835 1464 2860 vt,
1489 2827 1529 2854 l6.
