1923 3078
216 160 284 193 1179

809 163 840 193 S.
857 163 1053 194 THEODORI
1073 165 1246 197 S'l‘UDIT/E

1787 170 1858 203 1180

214 217 287 243 aedes
301 222 356 242 non
376 215 489 243 omnino
514 216 540 243 in
563 216 682 244 alienam
706 221 868 252 potestatem
891 224 1023 250 νειιοηιμ

1071 221 1106 247 ιαὶ
1120 221 1331 258 λειτουργητέον
1346 219 1394 248 τὸν
1407 222 1560 258 ὁροόδοξον.
1571 223 1628 250 Οὐκ
1645 224 1722 256 ὄντος
1740 227 1860 262 προκρί-

217 269 267 287 nec
283 261 424 295 liturgiam
450 261 595 288 hatreticus
613 262 649 289 ibi
672 264 817 298 peregerit.
835 262 914 290 Tunc
935 265 1007 291 enim

215 313 240 334 et
265 306 370 341 ingredi
395 307 549 334 orthodoxo
575 307 628 340 fas,
653 312 680 335 et
705 316 762 336 rem
789 317 895 336 sacram
920 310 1008 337 obire.

217 352 283 384 Quae
302 352 412 387 quidem
429 353 489 380 sine
511 354 669 388 przcjudicio
691 354 763 382 dicta
787 355 843 382 sint
866 355 1007 383 hactenus.

219 397 264 424 Sic
286 405 337 432 ego
355 398 477 431 humilis,
494 398 575 426 Pater
591 400 639 432 mi,
655 401 746 427 sentio
760 409 767 428 :
785 401 942 428 divinorum
957 402 1009 429 Pa-

219 448 290 470 trum
313 445 436 478 exempla
451 452 661 480 recognoscens.
683 446 749 474 Tua:
762 454 827 474 vero
846 447 1013 482 praestantia:

220 489 318 522 fuerit,
351 490 464 517 meliora
495 493 693 527 contemplari.
726 500 758 520 ac
786 494 855 520 meis
883 493 1013 520 exhibere

220 535 319 562 oculis.
347 534 509 563 Valetudine
532 537 635 572 integra
664 546 714 572 pro
737 537 792 565 Deo
826 538 961 566 dimicans
983 543 1012 566 tu

223 581 287 606 mihi
305 585 363 608 esto
381 581 537 614 incolumis,
553 590 570 609 o
586 583 655 610 inter
670 583 765 610 Patres
778 583 1010 611 celebratissime:

221 625 304 651 simul
318 630 344 652 et
358 633 407 660 pro
421 634 463 653 me
476 627 588 661 indigno
602 635 685 654 orans
699 628 799 662 partim
815 636 846 654 ex
865 629 1010 661 charitate,

222 671 321 704 partim
338 679 402 698 vero
419 677 448 698 ut
465 673 515 707 legi
533 673 568 699 ita
585 674 753 708 praecipienti
771 674 955 709 obtemperes.

222 727 293 754 XXI.
305 743 340 748 -—
352 728 502 756 Theodorus
527 730 559 756 iis
582 731 627 765 qui
643 735 748 763 propter
763 730 904 757 Dominum
926 731 952 758 in
974 731 1016 757 di-

257 772 337 800 versis
353 775 502 802 carceribus
524 776 674 803 detinentur
689 776 819 810 fratribus
838 776 942 804 dilectis
964 785 1015 803 διι-

260 817 341 845 lutem
360 818 410 854 (⁵),

1063 275 1149 301 ματος
1167 267 1201 294 τὰ
1219 268 1400 303 προλαϐόντα.
1425 267 1504 295 Οὕτω
1518 265 1634 312 ἱρρονῶ,ι
1646 269 1739 305 Πάτερ
1764 279 1828 305 μου,
1844 273 1858 298 ὀ

1061 310 1192 342 ταπεινός
1204 317 1211 325 ’
1232 311 1400 347 ἀναθεωρῶν
1423 312 1457 339 τὰ
1481 312 1534 339 ὑπὸ
1551 313 1607 347 τῷν
1626 310 1708 340 θείων
1723 314 1857 350 Πατέρων

1063 356 1284 392 παραδείγματα.
1304 357 1361 392 Τῆς
1387 357 1436 393 σῆς
1460 358 1482 384 δ’
1504 359 1538 385 ἂν
1565 358 1607 394 εἴη
1628 359 1802 394 τελειότητος
1823 363 1857 387 τὰ

1064 402 1207 437 κρείττονα
1225 403 1273 429 καὶ
1286 402 1435 438 θεωρῆσαι,
1455 404 1503 430 καὶ
1515 405 1592 439 ἐμοῖς
1607 405 1729 440 ὄμμασιν
1748 406 1858 433 ὑποδεῖ-

1062 449 1117 481 ξαι.
1139 449 1311 484 Ἐρῤωμένος
1333 450 1381 476 καὶ
1407 449 1528 476 ὲναθλῶν
1544 450 1615 486 ὑπὲρ
1631 450 1700 477 Θεοῦ
1721 451 1857 486 διαφυλα-

1062 494 1155 529 χθείης
1172 503 1217 530 μοι
1229 494 1268 521 ἔτι
1283 503 1290 510 ·
1308 496 1322 521 ό
1341 495 1506 527 ἐξάκουστος
1523 497 1552 523 ὲν
1566 496 1706 531 Πατράσιν
1719 505 1726 512 ·
1738 497 1808 532 ὁμοῦ
1829 506 1858 524 τε

1063 541 1110 566 καὶ
1125 540 1346 575 ὑπερευχόμενός
1370 549 1421 576 μου
1441 541 1492 575 τῆς
1506 541 1694 575 ὰναξιότητος,
1711 541 1743 567 τὸ
1763 542 1814 576 μὲν
1830 542 1860 574 ἐξ

1062 586 1184 622 ἀγάπης,
1199 586 1230 612 τὸ
1243 586 1271 613 δὲ
1281 587 1328 613 καὶ
1339 586 1383 613 διὰ
1401 586 1450 622 τὴν
1465 586 1629 614 κελεύουσαν
1640 587 1765 623 ἐντολήν.

1067 730 1134 758 KA'.
1149 745 1184 750 —
1203 729 1353 763 Θεόδωρος
1373 728 1433 761 τοῖς
1455 728 1505 755 διὰ
1527 728 1636 762 Κύριον
1652 727 1687 755 ἐν
1703 727 1859 762 διαφόροις

1102 775 1253 811 φυλακαῖς
1287 774 1483 810 τηρουμένοις
1514 773 1657 808 ἀδελφοῖς
1690 774 1860 809 ἀγαπητοῖς

1103 823 1229 858 xtl/patr.
1245 820 1320 858 [σλ’.]

729 877 767 902 De
779 877 870 902 sanctis
883 877 1041 908 imaginibus.
1055 877 1156 909 (Baron.
1169 883 1208 901 an.
1223 876 1278 906 816,
1291 882 1317 900 n.
1331 875 1383 906 27.)

261 931 396 964 Quidnam
414 931 471 958 hzcc
491 931 530 959 rei
546 935 622 964 sunt,
645 939 706 966 qua:
719 932 866 960 videmus?
883 932 1012 967 gaudium

1101 931 1134 958 Τί
1149 932 1184 958 τὰ
1199 931 1322 966 παρόντα
1335 938 1342 963 ;
1362 930 1435 965 χαρὰ
1449 930 1497 957 καὶ
1511 929 1686 964 ἁγαλλιασις·
1699 938 1741 957 οτι
1762 931 1791 956 ὲν
1801 931 1860 962 τοῖς

225 982 252 1004 et
262 977 412 1004 exsultatio
424 985 432 1009 ;
447 977 576 1011 quoniam
593 978 723 1013 martyria
737 985 788 1013 pro
801 977 913 1005 Christo
924 978 1017 1005 subire

226 1023 329 1057 dignati
352 1022 476 1052 fuimus:
494 1023 555 1058 quia
580 1024 738 1051 carceribus
755 1028 782 1052 et
799 1025 944 1051 tormentis
961 1030 1017 1051 tra-

226 1069 276 1096 diti
293 1077 389 1096 sumus
405 1073 516 1104 propter
528 1069 574 1096 Dei
591 1070 704 1096 verbum
718 1079 725 1097 :
744 1071 874 1105 quoniam
891 1071 977 1105 plagis
990 1074 1018 1097 et

226 1116 404 1142 contumeliis
428 1120 539 1150 propter
553 1115 692 1143 Christum
711 1118 757 1151 qui
780 1125 829 1152 pro
853 1117 932 1144 nobis
954 1124 1017 1144 ver-

229 1161 306 1191 bera.
349 1162 508 1195 opprobria,
542 1169 651 1189 crucem
681 1162 799 1198 denique
834 1170 933 1197 passus
965 1166 1018 1196 est,

226 1207 327 1234 subditi
362 1215 468 1235 sumus.
505 1207 572 1240 Quis
615 1216 669 1235 non
707 1209 799 1236 laudet
827 1209 929 1242 ?Quis
963 1217 1017 1236 non

228 1253 321 1288 gloria
346 1254 450 1280 ducat?
473 1253 570 1281 Oriens
594 1254 712 1288 laetatur,
740 1255 841 1290 gaudet
866 1255 1017 1287 Occidens,

228 1299 365 1326 universa:
392 1307 440 1334 per
464 1303 583 1334 quatuor
609 1301 702 1327 mundi
732 1301 857 1327 cardines
881 1301 1020 1328 exsultant

230 1344 368 1371 Ecclesim.
386 1345 418 1372 Et
433 1345 498 1380 quid
514 1350 652 1372 terrenum
666 1346 758 1373 orbem
780 1346 900 1380 loquor?
913 1346 1019 1374 Caelum

230 1389 318 1424 ipsum
343 1391 443 1425 gaudio
462 1391 592 1425 repletum
618 1396 660 1418 est
679 1401 686 1418 :
703 1393 775 1426 quod
794 1399 847 1418 non
871 1392 958 1418 solum
975 1399 1020 1419 su—

230 1443 340 1470 premus
361 1436 513 1462 antistitum
535 1441 704 1466 nostrorum.
728 1437 849 1471 episcopi
872 1445 904 1464 ac
927 1445 1020 1464 sacer-

230 1481 318 1512 dotes,
333 1481 461 1515 prazsides
473 1481 660 1509 ctenobiorum
673 1486 700 1509 ct
711 1482 848 1515 discipuli,
860 1482 907 1510 sed
922 1487 948 1509 et
963 1489 1022 1509 mo-

232 1526 326 1552 nacha'.
343 1534 404 1554 cum
424 1527 654 1554 moderatricibus
679 1528 737 1555 suis
762 1527 887 1562 martyrd
903 1528 1022 1554 stadium

232 1571 364 1606 ingressa:
379 1577 453 1598 sunt.
470 1571 549 1599 Mitto
568 1572 630 1600 illos
646 1573 738 1600 dicere
755 1573 801 1607 qui
818 1573 844 1599 in
864 1573 980 1600 desertis
996 1577 1023 1599 et

233 1617 383 1649 montibusI
398 1618 424 1644 in
441 1618 578 1652 speluncis
589 1622 616 1645 ct
630 1618 656 1644 in
670 1619 796 1645 cavernis
813 1625 901 1651 ιρι-τω,
916 1619 1024 1646 exsules
1037 1604 1059 1635 Ο

234 1662 402 1697 allliguntnr,
422 1663 542 1698 inopiam
560 1664 704 1698 patiuntur
719 1668 746 1691 ct
762 1664 832 1691 dura
851 1671 901 1699 pro
917 1664 1026 1697 Christo

235 1709 426 1743 persecutione
449 1716 592 1737 vexantur.
613 1709 710 1738 Merito
735 1710 836 1745 itaque,
860 1711 954 1745 fratres
977 1712 1027 1737 mei

235 1754 326 1781 dilecti
339 1760 364 1782 et
379 1754 614 1788 desideratissimi,
635 1756 761 1790 gaudium
774 1760 798 1782 et
815 1764 913 1782 corona
927 1756 1026 1788 mea",

236 1801 344 1834 gaudeo
359 1805 386 1827 et
404 1801 580 1835 congratnlor
595 1801 683 1828 vobis.
700 1802 819 1836 ldipsum
834 1806 924 1828 autem
938 1807 965 1828 et
980 1809 1028 1829 vos

238 1845 353 1879 gaudete
382 1849 409 1872 et
433 1846 662 1880 congratulamini
698 1847 776 1874 mihi.
815 1846 889 1874 Beati
917 1847 1028 1882 quidem

239 1891 317 1918 Pauli
335 1896 400 1919 sunt
418 1891 475 1918 haec
490 1892 583 1924 verba,
602 1892 648 1919 sed
666 1891 731 1919 huic
745 1893 860 1926 tempori
876 1901 1031 1928 congruen-

240 1937 276 1964 tia
290 1946 296 1963 :
314 1936 412 1964 Omnia
429 1937 565 1972 siquidem
583 1937 617 1964 ad
636 1942 754 1964 nostram
768 1938 919 1965 doctrinam
931 1940 1030 1975 scripta

239 1985 345 2017 sinu",
368 1988 395 2011 et
412 1984 562 2011 imitawres
586 1984 628 2011 sui
652 1992 702 2012 nos
716 1992 778 2012 esse
792 1985 955 2013 obtestatur.
972 1986 1032 2014 Pri-

241 2038 316 2058 mum
329 2038 395 2066 ergo
407 2030 548 2058 illud‘vere
562 2031 689 2063 dixerim,
705 2039 759 2058 non
776 2036 909 2066 quantum
926 2033 1030 2065 volunt,

240 2077 410 2112 cupiuntque
437 2076 455 2103 ii
482 2078 529 2111 qui
555 2084 606 2104 nos
634 2080 743 2107 vexant.
771 2078 903 2104 utrumuis
921 2082 948 2105 et
964 2078 1031 2105 alni-

241 2122 380 2150 ctionilms
410 2130 460 2150 nos
475 2122 573 2157 premi.
600 2121 647 2149 Sic
669 2122 742 2149 enim
762 2122 942 2152 intolerabilis
964 2124 1033 2152 foret

241 2169 357 2196 tentatio
375 2177 382 2196 :
401 2169 489 2204 qualis
505 2176 565 2203 qua:
587 2176 603 2196 a
628 2168 799 2196 (laztnonibus
825 2170 931 2197 occulte
954 2171 1034 2198 nobis

242 2214 359 2241 infertur
375 2221 382 2241 :
399 2214 446 2241 scd
459 2218 592 2248 quantum
612 2213 746 2248 permittit
759 2215 916 2243 certaminis
933 2223 1034 2250 praeses

1070 978 1139 1012 ὑπὲρ
1161 976 1281 1012 Χριστοῦ
1302 976 1463 1011 μαρτυρίοις
1487 975 1611 1002 ὲναθλεῖν
1633 975 1800 1010 ἡξιώμεθα·
1819 977 1861 1002 ὅτι

1069 1023 1203 1058 φυλακαῖς
1217 1030 1247 1048 τε
1259 1021 1306 1049 καὶ
1320 1022 1426 1057 θλίψεσι
1441 1021 1486 1048 διὰ
1495 1021 1540 1048 τὸν
1556 1021 1635 1055 λόγον
1649 1021 1696 1047 τοῦ
1710 1020 1778 1047 Θεοῦ
1790 1029 1862 1055 παρ-

1069 1069 1202 1105 εδόθημεν
1215 1077 1222 1085 ·
1247 1069 1287 1095 ὅτι
1306 1068 1426 1104 πληγαῖς
1444 1077 1474 1095 τε
1492 1068 1540 1094 καὶ
1560 1067 1656 1102 ὕϐρεσι
1674 1067 1718 1093 διὰ
1740 1067 1862 1102 Χριστὸν

1068 1115 1114 1142 τὸν
1123 1116 1192 1150 ὑπὲρ
1205 1115 1284 1150 ἡμῶν
1295 1115 1478 1150 μαστιχθέντα
1488 1114 1536 1140 καὶ
1548 1113 1732 1140 ὀνειδιοθέντα
1741 1121 1748 1127 ·
1764 1113 1863 1140 ἔπειτα

1069 1161 1116 1188 καὶ
1134 1160 1327 1196 σταυρωθέντα
1348 1160 1553 1196 ὑπεϐλήθημεν.
1571 1159 1620 1191 Τίς
1644 1159 1696 1185 οὺκ
1722 1158 1862 1190 divisus;

1069 1208 1112 1239 τίς
1124 1207 1155 1233 οὺ
1170 1206 1307 1240 δοξάσειεν
1319 1215 1327 1240 ;
1345 1205 1476 1241 ’Δνατολὴ
1488 1205 1593 1241 ἥδεται,
1607 1204 1690 1236 Δύσις
1713 1203 1863 1239 εὐφραίνε-

1069 1262 1132 1280 ται’
1155 1253 1232 1279 πᾶσα
1269 1252 1417 1288 Ἐκκλησία
1445 1252 1496 1287 τῆς
1515 1251 1725 1287 τετραπεράτου
1744 1251 1864 1281 κτίσεως

1072 1299 1229 1333 ἀγάλλεται.
1248 1299 1304 1325 Καὶ
1324 1299 1350 1325 τί
1367 1298 1440 1333 λέγω
1456 1298 1502 1325 τὸν
1525 1297 1667 1332 περίγειον
1685 1297 1808 1330 κόσμον;
1831 1296 1863 1322 ‘0

1071 1345 1187 1380 οὐρανὸς
1200 1345 1282 1376 αὐτὸς
1303 1344 1438 1380 θυμηδίας
1455 1343 1636 1379 πεπλήρωται
1649 1350 1655 1356 ·
1673 1343 1713 1369 ὅτι
1732 1343 1763 1368 οὗ
1778 1342 1864 1377 μόνον

1071 1392 1085 1417 ὁ
1102 1391 1250 1425 κορυφαῖος
1271 1390 1325 1416 τῶν
1341 1389 1404 1416 καθ’
1416 1390 1491 1424 ἡμᾶς
1511 1389 1657 1425 ίεραρχῶν,
1680 1389 1808 1424 ιεράρχαι
1833 1397 1866 1416 τε

1073 1437 1121 1464 καὶ
1146 1438 1240 1472 ἱερεῖς,
1256 1436 1445 1472 καθηγεμόνες
1456 1445 1486 1462 τε
1505 1435 1554 1462 καὶ
1571 1435 1710 1470 φοιτηταὶ,
1726 1435 1796 1462 ἀλλὰ
1818 1436 1868 1461 καὶ

1075 1482 1240 1518 μονάζουσαι
1261 1483 1309 1510 σὺν
1331 1482 1530 1518 προεστώσαις,
1545 1482 1648 1508 εἴλοντο
1667 1481 1701 1508 τὰ
1723 1481 1774 1516 τῆς
1791 1490 1869 1516 μαρ⁹

1073 1529 1169 1564 τυρίας
1188 1529 1349 1564 σκάμματσ..
1376 1528 1429 1554 Ἐὠ
1439 1527 1531 1562 λέγειν
1545 1527 1610 1559 τοὺς
1624 1528 1653 1554 ὲν
1667 1527 1799 1563 ἐρημίαις
1816 1528 1870 1553 καὶ

1075 1575 1162 1610 ὄρεσι,
1181 1575 1228 1601 καὶ
1245 1573 1401 1609 σπηλαίοις,
1422 1574 1470 1601 καὶ
1497 1575 1558 1605 ταῖς
1577 1574 1657 1604 ὀπαῖς
1673 1574 1732 1609 [τῆς
1755 1573 1818 1608 γῆς,
1835 1574 1871 1599 ἐκ

1078 1620 1227 1655 φυγαδείας
1254 1620 1440 1655 θλιϐομένους,
1464 1619 1692 1654 ὑστερουμένους,
1715 1627 1871 1653 κακουχου-

1079 1667 1177 1701 μένους
1194 1666 1238 1692 διὰ
1253 1667 1299 1692 τὸν
1313 1666 1383 1701 ὑπὲρ
1397 1665 1518 1700 Χριστοῦ
1529 1665 1660 1700 διωγμόν.
1672 1665 1793 1696 Εἰκότως
1808 1665 1874 1697 οὖν,

1077 1711 1204 1746 ἀδελφοί
1223 1720 1283 1746 μου
1299 1711 1485 1746 ἠγαπημένοι
1507 1710 1557 1737 καὶ
1581 1710 1766 1743 ἐπιπόθητοι,
1791 1711 1876 1744 χαρὰ

1079 1757 1130 1784 καὶ
1146 1757 1299 1791 στέφανός
1311 1765 1380 1791 μου,
1396 1756 1484 1792 χαίρω
1503 1755 1551 1783 καὶ
1577 1755 1720 1790 συγχαίρω
1734 1755 1802 1789 ὑμῖν
1814 1763 1820 1770 ·
1843 1756 1876 1782 τὸ

1078 1802 1101 1829 δ’
1114 1802 1234 1829 αὐτὸκαὶ
1243 1803 1322 1837 ὑμεῖς
1331 1802 1441 1837 χαίρετε
1455 1802 1502 1829 καὶ
1511 1801 1675 1836 συγχαίρετέ
1689 1809 1745 1835 μοι.
1761 1800 1877 1827 Παύλου

1081 1848 1131 1884 μὲν
1142 1848 1190 1874 τοῦ
1203 1848 1341 1884 μακαρίου
1356 1849 1384 1875 al
1394 1847 1481 1882 φωναί
1491 1855 1498 1862 ο
1509 1846 1549 1881 τῷ
1558 1846 1646 1881 καιρῷ
1655 1845 1685 1873 δὲ
1695 1845 1861 1882 πρέπουσαι
1869 1857 1877 1864 -

1087 1893 1208 1928 Ἐπειδὴ
1224 1896 1267 1927 είς
1291 1893 1441 1928 ἡμετέραν
1462 1893 1627 1920 νουθεσίαν
1647 1891 1747 1919 ,πάντα
1766 1892 1879 1926 rsum-

1081 1947 1152 1967 πται
1164 1947 1172 1955 ⁸
1188 1940 1236 1966 καὶ
1248 1940 1370 1975 μιμητὰς
1384 1938 1467 1966 αὑτοῦ
1487 1938 1632 1973 ὲκλιπαρεί
1646 1937 1771 1972 γίνεσθαι
1787 1938 1881 1973 ἡμᾶς.

1081 1987 1194 2023 Πρῶτον
1219 1986 1269 2021 μὲν
1298 1986 1387 2012 ἐκεῖνο
1412 1984 1512 2021 ἀληθὲς
1530 1985 1636 2011 εἰπεῖν·
1663 1984 1704 2011 ὅτι
1736 1984 1787 2019 οὐχ
1811 1985 1883 2011 ὅσον

1082 2033 1278 2069 προαιροῦνται
1292 2033 1339 2060 καὶ
1356 2032 1497 2067 βούλονται
1511 2033 1536 2059 ol
1550 2030 1700 2062 κακοῦντες
1712 2031 1801 2066 ἡμᾶς,
1814 2034 1884 2064 ταῖς

1082 2080 1189 2114 θλίψεσι
1204 2080 1251 2106 καὶ
1268 2079 1445 2114 περιστάσεσι
1470 2077 1683 2114 παραδιδόμεθα.
1715 2076 1797 2103 Οὕτω
1819 2078 1884 2112 γὰρ

1083 2125 1116 2152 ἂν
1131 2125 1292 2155 ἁνύποιστος
1317 2122 1351 2158 ἦν
1375 2124 1392 2158 ἡ
1408 2124 1493 2158 πεῖρα
1505 2131 1512 2138 ·
1527 2121 1599 2149 καθὰ
1616 2122 1665 2148 καὶ
1692 2121 1709 2155 ἡ
1722 2120 1801 2155 παρὰ
1823 2121 1886 2147 τῶν

1082 2172 1219 2206 δαιμόνων
1232 2171 1355 2206 ἀοράτως
1369 2170 1435 2205 ἡμῖν
1456 2167 1665 2204 προσϐάλλουσα
1675 2175 1682 2182 ’
1719 2165 1792 2192 ἀλλὰ
1809 2167 1887 2193 καθ-

1084 2218 1146 2245 όσον
1161 2217 1322 2253 παραχωρεῖ
1345 2217 1360 2242 ὁ
1383 2213 1561 2249 ἀγωνοθετῶν
1578 2214 1626 2240 καὶ
1646 2211 1790 2239 συναθλῶν
1810 2212 1888 2247 ἡμῖν

242 2264 270 2287 et
285 2259 421 2294 particeps
445 2258 589 2286 nobiscum
608 2258 748 2292 Christus,
771 2259 816 2293 qui
833 2267 883 2293 pro
900 2260 1023 2296 cujusqut

1071 2278 1073 2291 ι
1087 2263 1214 2299 Χριστὸς,
1231 2262 1323 2297 μέτρῳ
1336 2262 1384 2288 καὶ
1395 2259 1511 2295 σταθμῷ
1523 2259 1575 2294 τῆς
1586 2259 1705 2285 ἑκάστου
1721 2257 1889 2292 δυνάμεως,

243 2305 344 2333 virium
362 2305 473 2333 modulo
496 2312 529 2333 ac
554 2312 696 2339 mensura,
718 2306 793 2341 justo
811 2306 915 2341 judicio
931 2315 1032 2342 agones

244 2351 376 2381 immittit.
403 2350 447 2377 vel
472 2350 505 2377 ad
530 2349 692 2377 delictorum
717 2351 878 2383 vindictam,
906 2351 928 2378 si
953 2352 1034 2379 modo

244 2401 342 2431 sponte
363 2397 396 2423 ad
416 2396 574 2430 patiendum
590 2396 757 2430 accedimus,
775 2397 816 2424 vel
830 2397 864 2424 ad
882 2398 1035 2425 victricium

245 2450 408 2472 coronarum
425 2443 644 2476 retributionem,
661 2451 676 2471 e
690 2444 777 2478 gloria
798 2445 824 2471 in
841 2444 955 2479 gloriam
971 2452 1037 2479 pro-

247 2493 444 2527 gredientibus.
466 2492 524 2519 Non
540 2493 613 2520 enim
631 2493 657 2519 in
677 2493 773 2520 iisdem
791 2501 851 2525 nos,
868 2494 968 2528 quihus
986 2493 1038 2521 Pe-

248 2543 306 2565 trus
326 2542 354 2565 et
381 2537 482 2565 Paulus
507 2546 569 2565 eum
593 2538 759 2573 aequalibus,
786 2543 834 2565 aut
856 2538 990 2573 Georgius
1013 2543 1041 2566 et

247 2583 410 2612 Theodorus
426 2592 488 2611 cum
506 2584 628 2620 ejusdem
644 2584 736 2619 gloria:
759 2584 852 2616 sociis,
877 2588 925 2612 aut
940 2584 1040 2612 Thecla

249 2634 276 2657 ct
291 2629 426 2657 Fchronia
441 2638 504 2657 cum
517 2630 641 2664 paribus,
657 2629 746 2656 aﬂ‘ecti
769 2630 913 2657 tormentis
926 2630 1040 2663 fuimus,

249 2676 277 2703 in
304 2675 416 2711 quibus,
443 2684 505 2703 cum
533 2676 649 2702 multum
675 2675 835 2710 diligerent,
864 2677 1042 2711 proportione

248 2721 423 2748 abundarunt
440 2725 466 2747 et
480 2720 580 2747 Christi
599 2727 736 2748 concessae
756 2720 908 2754 passiones.
927 2722 961 2749 At
980 2722 1042 2756 qui-

249 2767 302 2794 bus
318 2767 417 2802 exigua
432 2771 475 2794 est
488 2766 607 2794 eharitas
617 2786 625 2800 ,
639 2766 673 2794 iis
686 2766 794 2793 minora
809 2766 890 2795 etiam
904 2768 960 2803 pali
978 2776 1042 2797 con-

286 2833 308 2848 ¹⁷
331 2833 431 2868 Philip.
456 2841 493 2865 ιν.
510 2834 534 2862 'l.
575 2834 597 2850 “
619 2833 697 2862 Rom.
715 2842 759 2865 xv,
781 2834 806 2862 l.

285 2889 323 2925 (κ)
339 2889 502 2925 Dogmatica.

1086 2310 1116 2337 ὲν
1131 2309 1223 2344 κρίσει
1240 2308 1332 2343 δικαίᾳ
1345 2307 1410 2338 τοὺς
1425 2306 1535 2341 ἀγῶνας
1557 2305 1684 2339 ἐπαφεὶς,
1706 2303 1722 2338 ἦ
1740 2303 1783 2334 εἰς
1806 2303 1891 2330 ἔκτι-

1088 2364 1132 2383 σιν
1145 2354 1289 2390 ἁμαρτιῶν
1304 2363 1310 2369 ·
1325 2355 1350 2380 εἰ
1370 2353 1418 2380 καὶ
1442 2351 1615 2386 αὐθαιρέτως
1640 2350 1747 2385 ἥκομεν
1771 2349 1847 2384 πρὸς
1860 2350 1893 2376 τὺ

1089 2401 1251 2436 ﬁdelem-ﬁ
1269 2400 1315 2426 ἐπὶ
1339 2398 1480 2432 στεφάνων
1503 2395 1693 2431 ἀθλοφορικῶν
1713 2394 1842 2430 ἀμοιδὴν
1859 2397 1895 2422 ὲκ

1089 2448 1168 2480 δόξης
1184 2448 1225 2477 είς
1243 2445 1322 2479 δόξαν
1337 2443 1562 2481 προερχομένοις.
1585 2441 1631 2476 Μὴ
1646 2440 1702 2475 γὰρ
1715 2439 1755 2471 ὡς
1780 2440 1895 2476 Πέτρος

1091 2494 1107 2529 ἢ
1124 2493 1229 2524 Παῦλος
1246 2492 1294 2519 σὺν
1308 2492 1365 2523 τοῖς
1378 2489 1553 2525 ὁμοταγέσιν,
1565 2487 1582 2522 ἢ
1597 2486 1738 2522 Γεώργιος
1753 2486 1804 2512 καὶ
1820 2486 1895 2512 Θεό-

1088 2540 1174 2575 δωρος
1186 2539 1234 2565 σὺν
1249 2539 1305 2569 τοῖς
1318 2535 1490 2572 ὁμοκλεέσιν,
1518 2533 1535 2569 ἢ
1562 2532 1653 2559 Θέκλα
1670 2531 1718 2558 καὶ
1741 2531 1896 2566 Φεὸρωνία

1091 2586 1139 2612 σὺν
1151 2586 1211 2616 ταῖς
1221 2583 1369 2619 όμοδόξοις,
1380 2578 1604 2617 βεϐασανίσμεθα
1616 2586 1623 2592 ·
1635 2574 1676 2609 οἷς
1690 2577 1760 2603 πολὺ
1775 2577 1898 2612 ἀγαπή-

1092 2640 1171 2658 σασιν
1185 2630 1327 2664 ἀναλόγως
1342 2628 1523 2663 περιέσσευσε
1540 2626 1589 2652 καὶ
1603 2623 1636 2651 τὰ
1650 2623 1774 2658 Χριστοῦ
1795 2624 1898 2658 παθή-

1094 2685 1167 2712 ματα
1181 2675 1366 2711 δεδωρημένα.
1381 2671 1430 2705 Οἷς
1440 2673 1468 2699 δὲ
1481 2671 1511 2698 τὸ
1523 2671 1574 2706 τῆς
1590 2669 1768 2703 ἀγαπήσεως.
1785 2669 1898 2702 ὀλίγον,

1093 2722 1266 2757 ἐνδεέστερον
1290 2721 1339 2747 καὶ
1354 2719 1385 2746 τὸ
1413 2718 1529 2753 πάσχειν
1543 2725 1551 2734 ·
1575 2716 1647 2743 ὥστε
1671 2714 1825 2741 λυπεῖσθαι
1846 2714 1901 2740 καὶ

1093 2769 1249 2804 δυσφορεῖν,
1270 2767 1312 2795 ὅτι
1331 2766 1369 2802 μὴ
1383 2764 1469 2792 πολλὰ
1485 2762 1659 2796 πανθάνομεν
1669 2768 1676 2776 ·
1695 2759 1748 2787 οὐκ
1763 2759 1900 2787 ἀλλοιοῦ-
