1923 3078
57 149 119 183 1181

650 153 833 183 EPISTULA
839 154 889 184 RU
895 155 922 184 Μ
940 155 1013 185 LIB.
1034 155 1075 185 II.

1612 158 1684 191 1182

54 209 111 234 σθαι
129 208 184 234 δεῖν
197 207 244 234 καὶ
267 206 438 243 ἀποκάμνειν
452 208 481 235 ἐν
493 206 535 240 οἷς
558 209 679 244 μετρίως
694 210 777 245 ἐσμὲν
792 219 834 236 τι-

894 211 1011 253 :edjtur;
1039 216 1069 238 ut
1084 210 1178 239 dolere
1205 214 1287 246 atque
1311 219 1382 247 aegre
1405 211 1477 239 ferre
1498 213 1573 247 quod
1596 215 1681 242 multa

54 252 232 289 μωρούμινοι.

82 341 114 367 El
135 341 164 368 δὲ
185 341 350 375 ἐκπέσωμεν
363 347 370 356 ⁸
394 340 464 376 ὅπερ
478 341 562 376 ἀπείη
590 342 637 368 καὶ
660 342 760 369 ἐννοεῖν
773 351 781 359 '
807 343 837 369 οὺ

52 387 123 422 παρά
138 387 187 421 τὴν
203 385 344 423 θεόκριτον
358 387 468 421 ἐπαφήν
481 395 488 402 ’
507 388 583 422 παρά
601 388 629 414 δὲ
646 388 698 423 τὴν
721 388 770 415 τοῦ
786 397 836 415 κα-

53 431 299 466 ταμαλακισθέντος
313 432 435 464 ἀτονίαν,
446 433 493 459 καὶ
510 433 656 469 ἁκαρδίαν,
671 434 718 460 καὶ
730 435 836 462 ἅοεῖαν.

58 477 84 504 '0
99 478 149 512 μὲν
159 478 214 512 γὰρ
224 477 324 504 δέδωκε
336 478 367 504 τὺ
379 478 483 513 ίσχύειν
497 479 568 505 κατά
577 479 624 506 τοῦ
638 480 758 515 πονηροῦ
770 481 839 516 κρά-

51 533 110 555 τους
119 531 126 539 ⁸
137 524 287 560 νικηφόρον
303 524 467 560 βουλόμενος
480 526 526 552 τὸν
541 526 697 561 ἀγωνιστὴν
708 525 818 552 ἔσεσθαι
828 535 835 541 ·

51 571 64 596 6
78 569 104 595 δὲ
121 569 252 605 ὀλιγωρίᾳ
268 570 350 606 ῥίψας
362 569 398 596 τὰ
412 571 461 605 τῆς
478 571 620 606 ὑπομονῆς
643 571 713 598 ὅπλα
734 571 819 598 ῶλετο
830 592 837 599 .

52 615 161 650 Μάρτυς
175 615 221 641 τοῦ
249 615 328 649 λόγου
355 615 369 641 6
393 616 504 651 κράζων
515 624 522 631 ο
538 616 650 648 Πιστὸς
673 618 690 643 ό
705 616 788 649 Θεὸς,
805 616 838 649 ὃς

52 662 103 686 οὐκ
119 659 201 686 ἐάσει
214 660 293 694 ὑμᾶς
312 660 514 694 πειρασθῆναι
540 660 617 694 ὑπὲρ
643 660 659 687 ὃ
685 660 836 687 δύνασθε-

51 706 128 732 (illd
141 705 263 739 ποιήσει
282 705 344 732 σὺν
360 705 399 738 τῷ
409 706 563 740 πειρασμῷ
575 706 625 732 καὶ
640 705 698 739 τὴν
711 706 839 732 ἔκϐασιν

51 752 101 778 τοῦ
127 751 276 778 δύνασθαι
295 751 373 785 ὑμᾶς
388 751 578 786 ὑπενεγκεῖν.
592 749 656 778 Ὧδε
670 752 686 787 ἡ
702 752 837 787 ὑπομονὴ,

49 797 157 832 ἀδελφοί
169 805 176 811 ⁸
195 794 246 823 ὧδε
258 799 281 823 οὶ
296 797 438 824 Θεόπ).οκοι
461 797 590 832 στέφανοι
605 798 656 832 τῆς
680 798 836 829 εὐπιστίας.

51 843 92 878 Μὴ
105 841 153 870 οὖν
175 842 404 878 ὲπαιηυνθῶμεν
426 843 456 869 τὺ
483 843 635 878 μαρτύριον
665 842 712 869 τοῦ
733 843 837 878 Κυρίου

891 265 945 284 non
963 258 1094 292 patimur,
1110 264 1165 284 non
1181 257 1286 284 turbari
1303 264 1353 285 nos
1370 257 1473 291 deceat,
1489 266 1579 293 neque
1593 258 1681 294 frangi

890 301 925 328 ob
938 302 1086 329 mediocria
1104 301 1161 328 haec
1175 301 1307 336 supplicia
1325 309 1387 336 quze
1401 302 1578 329 sustinemus.

925 348 1003 381 Quod
1019 349 1041 376 si
1065 348 1258 380 eeciderimus,
1284 348 1356 382 quod
1381 348 1454 375 absit
1474 348 1515 375 vel
1537 347 1679 383 COgitarel

890 394 992 421 nonad
1006 394 1130 421 divinum
1148 394 1306 429 impulsum.
1323 393 1370 421 sed
1387 394 1420 420 ad
1437 393 1499 427 ejus
1524 394 1571 428 qui
1593 393 1682 421 factus

889 445 930 467 est
952 440 1156 472 remissionem,
1177 444 1204 467 et
1225 439 1375 475 ignaviam,
1396 439 1620 474 impietatemqne
1638 447 1682 466 re-

891 484 1046 512 ferendum.
1065 485 1137 512 Deus
1148 485 1220 512 enim
1235 485 1308 512 vires
1321 485 1396 512 dedit
1406 484 1539 512 adversus
1550 485 1682 512 daemonis

890 531 1059 564 potentiam,
1089 530 1222 557 victorem
1249 529 1345 557 volens
1370 529 1502 556 athletam
1528 529 1585 556 ﬁeri
1606 538 1613 556 :
1639 529 1682 556 hic

891 584 956 604 vero
981 576 1146 611 negligentia
1172 583 1239 609 sua,
1263 576 1403 610 patientiae
1430 583 1508 603 arma
1532 576 1683 610 projieiens

891 621 983 655 periit.
1001 621 1090 649 Testis
1103 621 1201 648 horum
1218 621 1265 656 qui
1281 621 1383 648 clamat
1398 631 1404 648 :
1425 621 1528 648 Fidelis
1542 621 1625 653 Deus,
1635 621 1681 655 qui

890 675 941 693 non
956 667 1072 700 patietur
1086 675 1130 694 vos
1145 667 1246 693 tentari
1262 674 1344 701 supra
1363 667 1390 693 id
1405 667 1476 701 quod
1493 667 1602 701 potestis
1611 675 1621 699 ;
1637 667 1681 693 sed

889 712 971 746 faciet
987 721 1046 739 cum
1071 713 1216 739 tentatione
1235 719 1401 747 proventum,
1421 718 1450 740 ut
1467 714 1574 748 possitis
1600 714 1682 740 susti-

890 758 990 784 nere”.
1013 757 1074 789 llic,
1092 757 1203 791 fratres,
1228 758 1357 792 patientia
1373 767 1380 792 ;
1399 759 1442 786 hic
1456 767 1517 793 qua:
1530 767 1545 786 a
1563 759 1616 786 Deo
1633 766 1682 786 nc-

889 807 1003 830 ctuntur
1018 803 1080 830 ﬁdei
1096 811 1216 831 coronae.
1231 803 1270 831 Ne
1284 803 1369 839 igitur
1389 804 1586 832 erubescamus
1604 805 1681 832 testi-

889 849 1012 875 monium
1030 848 1137 876 Domini
1163 849 1261 882 nostri,
1293 857 1344 876 nec
1359 849 1430 876 vinci
1447 858 1496 877 nos
1513 850 1647 884 patiamur
1665 858 1682 877 α

51 888 126 923 ἡμῶν
139 896 146 902 '
167 888 236 923 μηδὲ
250 888 459 923 ἀπολειφθῶμεν
473 888 604 915 Θαδδαίου
623 888 670 915 τοῦ
696 889 837 915 νεολὲχτου

894 894 1028 922 Thaddaao
1043 895 1146 922 recenti
1165 899 1296 930 martyre,
1320 895 1409 930 iisque
1424 896 1470 930 qui
1493 904 1546 923 una
1563 896 1681 925 confessi

51 935 198 968 μάρτυρος,
212 933 326 960 καὶτῶν
342 934 630 969 συνομολογησάντων,
649 935 696 961 καὶ
709 935 838 970 συνεκδη-

51 980 196 1013 μησάντων
219 979 308 1006 ὀπίσω
330 979 426 1006 αὑτοῦ·
446 976 483 1007 ὧν
506 981 563 1006 ῐστε
589 980 622 1015 δὴ
646 981 679 1007 τὰ
703 981 836 1016 ὀνόματα.

50 1025 150 1059 Λῖματι
167 1024 314 1060 μαρτύρων
330 1024 448 1060 ἠρδεύθη
464 1026 513 1052 καὶ
527 1026 574 1053 νῦν
589 1027 606 1061 ἡ
628 1027 776 1062 Ἐκκλησία
789 1027 838 1054 τοῦ

50 1071 114 1098 Θεοῦ
124 1080 132 1088 θ
149 1072 213 1098 ἐπεὶ
229 1071 275 1098 καὶ
290 1072 433 1107 ἀρδεύεται
444 1072 488 1099 διὰ
499 1072 554 1099 τῶν
571 1073 612 1099 ἐτι
624 1073 779 1100 ἀθλούντων
792 1075 839 1101 καὶ

50 1117 226 1152 πολυτρόπως
243 1118 448 1152 ὲκπιεζομένων
462 1119 520 1149 ταῖς
541 1118 674 1153 θλίψεσιν.
700 1117 776 1153 Λῗμα
792 1128 836 1146 κε-

50 1164 89 1188 νοῖ
101 1164 115 1189 6
128 1163 338 1198 καθειργμένος,
356 1164 370 1190 6
391 1165 597 1200 μεμονωμένος,
614 1166 628 1191 6
653 1166 838 1201 atavoxwpou~

51 1216 141 1242 μενος,
153 1209 168 1234 6
179 1208 397 1244 ἀφηρπασμένος
412 1210 443 1236 ὲκ
455 1210 556 1241 παντὸς
567 1209 723 1245 προσώπου,
734 1213 747 1238 6
759 1211 838 1238 ὑστε-

51 1253 181 1289 ρούμενος
196 1255 251 1281 τῶν
266 1256 337 1282 κατὰ
353 1256 459 1291 χρείαν,
476 1257 491 1282 6
506 1256 619 1288 πεινῶν,
629 1258 643 1283 6
658 1257 754 1291 διψῶν,
768 1259 781 1284 6
800 1257 838 1293 μὴ

49 1299 96 1334 τὴν
111 1300 159 1326 τοῦ
175 1300 251 1335 ἡλίου
268 1301 366 1328 ἀκτῖνα
386 1301 547 1336 δεχόμενος,
578 1302 740 1337 καθημέραν
768 1304 837 1329 ἀπο-

50 1343 185 1378 θνήσκων,
200 1344 238 1375 ὡς
245 1344 293 1379 βοᾷ
302 1345 418 1378 Παῦλος,
434 1346 480 1372 καὶ
492 1346 558 1380 ὃλην
569 1347 619 1381 τὴν
632 1347 738 1382 ἡμέραν
749 1347 834 1373 θανα-

49 1390 189 1424 τούμενος,
203 1390 241 1421 ὡς
257 1391 314 1426 ᾄδει
327 1391 422 1418 Δαϐίδ.
442 1391 512 1418 Ἀλλ’
521 1393 548 1418 εί
564 1392 771 1426 ἀποθάνωμεν,
788 1393 837 1419 καὶ

49 1433 223 1468 συζήσθμεν
239 1436 356 1469 Χριστῴ
369 1445 376 1451 ·
403 1437 429 1462 εἰ
446 1437 665 1471 ὑπομείνωμεν,
691 1437 739 1463 καὶ
758 1446 838 1472 0v}:-

50 1480 273 1515 σασιλέυσομεν
279 1480 369 1513 αὐτῷ.
386 1481 430 1508 Ἐν
440 1483 496 1512 τοῖς
508 1482 565 1508 ἄνω
579 1482 686 1517 χρόνοις
697 1482 838 1515 ἐξελέξατο

889 945 952 976 post
972 948 1034 968 eum
1060 940 1206 968 abierunt:
1221 948 1338 973 quorum
1362 941 1413 976 ipsi
1438 941 1549 968 nomina
1571 942 1680 969 tenetis.

891 985 1039 1022 Martyrum
1053 986 1187 1020 sanguine
1205 986 1316 1021 irrigata
1335 987 1485 1014 etiamnum
1501 991 1542 1014 est
1561 986 1682 1014 Ecclesia

891 1030 938 1058 Dei
955 1041 962 1058 :
982 1035 1063 1065 atque
1077 1031 1145 1058 adeo
1162 1031 1291 1066 irrigatur
1305 1039 1352 1066 per
1365 1039 1413 1059 eos
1426 1032 1472 1066 qui
1487 1031 1576 1059 adhuc
1590 1032 1683 1059 decer-

890 1080 958 1108 tant,
988 1081 1015 1104 et
1041 1076 1125 1103 variis
1154 1076 1285 1104 aerumnis
1312 1075 1487 1104 amictantur.
1515 1077 1681 1110 Sanguinem

890 1122 981 1149 fundit
1000 1122 1047 1156 qui
1064 1121 1188 1149 inclusus
1209 1126 1329 1154 tenetur,
1343 1122 1391 1156 qui
1412 1122 1446 1148 ab
1465 1122 1526 1148 aliis
1540 1122 1682 1156 sejunctius

888 1172 940 1198 cst,
953 1168 999 1202 qui
1015 1167 1041 1194 in
1055 1168 1190 1203 angustiis
1204 1167 1321 1203 positus,
1336 1168 1384 1203 qui
1399 1168 1433 1195 ab
1446 1169 1520 1195 omni
1534 1173 1682 1202 conspectu

890 1218 1030 1245 remotus.
1055 1214 1103 1248 qui
1141 1214 1225 1241 rebus
1242 1214 1405 1241 necessariis
1430 1213 1597 1247 destitutus,
1633 1214 1681 1247 qui

889 1260 987 1292 esurit,
1004 1260 1048 1295 qui
1073 1259 1141 1293 sitit,
1158 1260 1203 1294 qui
1222 1259 1289 1287 solis
1305 1260 1411 1286 radium
1437 1267 1491 1286 non
1510 1259 1594 1291 videt.
1614 1267 1683 1294 quo-

890 1306 954 1334 tidie
977 1306 1115 1338 moriens,
1141 1311 1171 1333 ut
1196 1306 1317 1341 loquitur
1341 1305 1486 1338 Paulus”,
1509 1311 1536 1333 et
1559 1309 1613 1332 tota
1639 1305 1683 1333 die

890 1352 1082 1384 mortiﬁealus,
1103 1357 1133 1379 ut
1155 1352 1228 1379 canit
1256 1352 1339 1378 David
1355 1352 1388 1378 ³¹.
1415 1351 1467 1378 Sed
1481 1353 1505 1378 si
1525 1352 1683 1378 commortui

889 1398 999 1429 erimus,
1027 1402 1052 1424 et
1076 1397 1242 1424 concinnitas
1271 1397 1400 1424 Christo:
1417 1397 1440 1424 si
1465 1397 1682 1428 sustinueriqu,

890 1447 914 1468 et
946 1442 1210 1477 conreynabimus".
1241 1442 1435 1476 Superioribus
1460 1442 1569 1470 saeculis
1603 1442 1684 1476 elegit

890 1488 978 1522 gratia
1005 1496 1076 1522 quos
1101 1489 1182 1523 elegit
1211 1489 1244 1516 ad
1269 1488 1371 1516 Christi
1405 1488 1604 1516 testimonium.
1631 1487 1684 1514 Per

50 1527 160 1561 ήχάρις
183 1526 230 1558 οὓς
255 1526 398 1560 ἐξελέξατο
419 1528 460 1559 εὶς
475 1528 504 1554 τὸ
526 1527 647 1562 Χριστοῦ
676 1528 837 1562 μαρτύριον.

894 1538 988 1561 anates
1004 1534 1127 1568 singulas
1142 1534 1306 1561 exoriuntur
1321 1539 1466 1569 martyres.
1483 1533 1598 1561 Necesse
1614 1534 1683 1560 enim

50 1573 128 1599 Κατά
137 1573 234 1606 γενεὰν
244 1574 290 1599 καὶ
296 1573 393 1606 γενεὰν
399 1573 508 1607 ἀνίσχου
513 1580 538 1598 σι
548 1573 638 1607 μάρτυ
643 1581 697 1607 ρες.
707 1573 737 1600 ’Δ
742 1574 838 1608 niqu

51 1619 104 1652 τὰρ
120 1617 222 1644 ἐλθεῖν
234 1617 270 1644 τὰ
286 1617 462 1645 σκάνδαλα·
481 1617 598 1652 Χριστὸς
614 1618 715 1652 ἔφησεν
726 1627 732 1633 ·
758 1619 802 1645 ἴνα
814 1620 840 1646 οἱ

51 1663 173 1690 ἐκλεκτοὶ
188 1664 331 1698 λάμψωσιν
345 1664 501 1699 ήλιοειδῶς·
514 1664 561 1691 καὶ
573 1663 607 1690 τὰ
616 1663 723 1696 ζιζάνια
735 1665 840 1700 φανερὰ

51 1709 164 1743 γένηται
179 1710 352 1742 νυκτοειδῶς.

84 1754 105 1780 Γ
106 1755 250 1790 ενοίμεθα,
262 1752 285 1782 ὦ
301 1756 423 1791 ἀδελφοὶ,
440 1758 469 1784 ὲν
485 1759 518 1793 τῇ
532 1759 613 1794 γενεᾷ
627 1758 715 1794 ταύτῃ
726 1759 758 1793 τῇ
776 1766 839 1784 σκο-

52 1799 94 1836 λιᾷ
106 1801 156 1828 καὶ
171 1801 388 1840 διεστραμμένῃ.
408 1804 446 1836 ὡς
461 1807 606 1840 φωστῆρες
630 1805 798 1839 αὑγάζοντες
811 1805 840 1830 ἐν

52 1849 208 1884 σκοτομήνῃ
234 1849 284 1884 τῆς
309 1849 443 1884 αἱρέσεως
462 1859 469 1866 '
490 1851 562 1878 καθὰ
593 1852 669 1886 ἡμᾶς
697 1851 840 1884 ἐξελέξατο

51 1893 170 1928 Χριστὸς
195 1895 237 1926 είς
261 1895 392 1930 καύχημα
407 1896 491 1923 αὐτοῦ
506 1898 546 1928 εἰς
570 1897 648 1929 κλέος
674 1896 840 1933 ὀρθοδοξίας.

57 1939 99 1970 Ὠς
115 1940 184 1974 ἡμῖν
209 1941 234 1966 οἱ
249 1941 392 1974 ἀνέκαθεν,
407 1941 494 1973 οὕτως
510 1944 590 1978 ἡμεῖς
606 1944 661 1974 τοῖς
692 1943 842 1978 μετέπειτα

52 1986 205 2020 στηριγμδς
220 1987 268 2013 καὶ
282 1987 465 2022 ὑπογραμμδς
481 1988 709 2023 ὑποδειχθείημεν
719 1997 726 2005 ·
744 1989 791 2015 καὶ
802 1990 842 2021 εἰς

50 2031 160 2066 ἡμέραν
179 2033 299 2068 Χριστοῦ
315 2033 494 2069 εὐρεθείημεν
520 2036 690 2069 χορεύοντες.
713 2035 842 2068 Καίτοιγε

52 2077 106 2102 τῶν
119 2077 263 2112 προσεχῶν
278 2079 358 2113 ἡμεῖς
371 2079 471 2113 μᾶλλον
486 2079 678 2115 φανερώτερον
691 2079 721 2106 τὸ
737 2079 842 2114 μαρτύ-

55 2131 112 2156 ριον
127 2122 238 2158 ἔχομεν.
251 2124 318 2150 Οὐδὲ
339 2124 393 2160 γὰρ
408 2125 472 2159 περὶ
489 2125 542 2151 τῶν
559 2126 588 2151 ὲν
606 2125 716 2160 Χριστῷ
733 2125 840 2159 φύσεων

55 2168 145 2204 ἢθελη
151 2169 256 2203 μάτων,
271 2170 318 2196 καὶ
327 2170 377 2197 ὅσα
389 2170 458 2205 πρὸς
466 2170 571 2202 τούτοις
582 2171 841 2206 ἅμφισὸητούμενα·

893 1584 930 1606 est
945 1583 973 1605 ut
993 1579 1098 1606 veniant
1118 1579 1261 1612 scandala,
1280 1580 1350 1607 dixit
1372 1580 1500 1607 Christus
1511 1581 1554 1607 "z
1572 1586 1601 1608 ut
1618 1580 1684 1608 solis

893 1625 946 1652 ritu
965 1625 1130 1659 splendeant
1144 1625 1236 1657 electi,
1253 1630 1280 1653 et
1299 1626 1405 1653 zizania
1419 1631 1552 1653 nocturna
1569 1635 1618 1654 sua
1633 1627 1684 1654 ob-

894 1670 1025 1699 scuritate
1043 1670 1187 1698 manifesta
1206 1671 1283 1698 ﬁant.
1304 1667 1313 1674 ’

931 1757 1034 1790 Simus,
1054 1757 1164 1790 fratres,
1178 1759 1205 1785 in
1220 1759 1330 1786 natione
1344 1758 1396 1786 hac
1412 1766 1492 1792 prava
1508 1763 1534 1786 et
1548 1766 1684 1794 perversa,

895 1809 1024 1840 tanquam
1038 1805 1124 1832 stella:
1138 1805 1260 1833 lucentes
1274 1805 1300 1831 in
1315 1805 1436 1832 tenebris
1452 1805 1599 1835 haereseos,
1614 1804 1685 1831 sicut

894 1851 974 1886 elegit
999 1859 1049 1878 nos
1065 1851 1191 1879 Christus
1215 1852 1241 1878 in
1266 1851 1382 1886 gloriam
1407 1846 1505 1883 suam:
1520 1851 1554 1878 ad
1577 1851 1684 1877 laudem

895 1898 957 1925 ﬁdei
971 1898 1140 1925 orthodoxae.
1162 1897 1402 1930 Quemadmodum
1427 1897 1508 1924 nobis
1527 1897 1544 1924 ii
1559 1897 1605 1931 qui
1619 1897 1686 1923 olim

896 1942 1025 1976 fuerunt,
1063 1944 1100 1971 ita
1132 1951 1183 1970 nos
1212 1943 1329 1978 posteris
1372 1942 1576 1973 slahilimcnto,
1604 1945 1686 1976 atque

899 1989 1026 2023 exemplo
1045 1988 1152 2015 simus:
1169 1992 1198 2015 ut
1219 1989 1245 2014 in
1263 1988 1308 2015 die
1324 1988 1428 2015 Christi
1450 1987 1618 2014 exsultantes
1640 1993 1686 2013 re-

896 2033 1045 2069 periantur.
1062 2034 1094 2060 Et
1111 2041 1175 2060 vero
1194 2033 1295 2060 clarius
1307 2038 1389 2068 atque
1403 2032 1586 2065 manifestius,
1603 2039 1685 2066 quam

897 2079 1016 2114 majores
1038 2079 1137 2110 nostri,
1164 2079 1351 2106 testimonium
1370 2078 1513 2105 habemus.
1539 2077 1596 2105 Non
1612 2077 1685 2104 enim

895 2125 929 2152 de.
948 2125 1051 2152 Christi
1076 2125 1200 2156 naturis,
1220 2129 1268 2152 aut
1288 2124 1497 2156 voluntatibus,
1523 2128 1550 2151 et
1575 2123 1683 2151 exulet-is

896 2178 957 2205 qua:
980 2170 1006 2196 in
1031 2171 1211 2205 qtuestionem
1237 2175 1334 2198 vocata
1361 2170 1494 2202 fuerunt;
1527 2170 1553 2197 in
1583 2170 1685 2205 quibus

52 2210 88 2240 ὧν
104 2215 121 2249 ἡ
145 2215 331 2250 διαμάρτησις
359 2217 430 2243 κατά
457 2216 491 2242 τὰ
513 2217 639 2251 νοήματα
661 2214 741 2245 οὖσα.
766 2216 839 2243 οὐδὲν

896 2215 1085 2248 hallucinatio,
1111 2215 1243 2250 quoniam
1270 2216 1296 2242 in
1324 2215 1482 2242 notionibus
1506 2215 1572 2250 ipsis
1596 2215 1685 2249 posita

52 2260 192 2294 αἰσθητῶς
208 2262 323 2296 παρεῖχε
347 2261 398 2296 τὴν
425 2261 579 2294 ἀπόδειξιν·
601 2263 649 2288 νῦν
675 2261 703 2288 δὲ
719 2263 768 2288 σὺν
787 2263 844 2294 τοῖς

51 2305 171 2340 νοήμασι
197 2305 243 2331 καὶ
263 2306 322 2332 κατ’
344 2306 501 2341 ὀφθαλμοὺς
516 2307 547 2333 τὸ
572 2307 843 2342 ἀμφισϐητούμενον,

51 2350 110 2385 ἦτοι
126 2351 323 2386 ἀσεϐούμενον.
336 2351 390 2378 Τὸν
403 2352 457 2387 γὰρ
470 2352 588 2387 Χριστὸν
603 2354 627 2379 oi.
642 2353 838 2388 ἀντικείμενοι,

51 2397 80 2422 οὐ
102 2397 186 2431 μόνον
198 2397 248 2423 οὐκ
263 2397 443 2429 είκονίζεσθαι
454 2397 563 2431 λέγουσί
577 2406 605 2424 τε
622 2399 669 2424 καὶ
688 2398 842 2430 λοξονοοῦσι

53 2442 99 2468 ὡν
115 2443 150 2477 τῇ
165 2442 290 2477 Θεοτόκῳ
300 2443 347 2469 καὶ
363 2443 519 2470 οὑτινοσοῦν
530 2444 584 2470 τῶν
600 2444 700 2478 ἁγίων·
715 2444 783 2471 ἀλλὰ
795 2445 842 2472 καὶ

52 2488 299 2522 ἐγγεγραμμένους
320 2489 528 2523 ἐξαφανὶςουσι·
553 2489 658 2524 πλάνην
675 2491 722 2517 καὶ
733 2491 845 2526 ὄλεθρον

51 2533 147 2568 ψυχῶν
173 2534 237 2564 τοὺς
255 2533 343 2565 θείους
370 2535 550 2570 χαρακτῆρας
573 2535 792 2571 δογματίζοντες.
809 2538 842 2564 Ὢ

51 2577 98 2612 τῆς
118 2577 272 2612 Ἰουδαϊκῆς
294 2580 341 2606 καὶ
363 2579 522 2615 Ἑλληνικῆς
537 2581 764 2613 ἀντιπεπονοὸτος
781 2583 843 2608 ἀσε-

52 2622 144 2654 ϐείαςε
167 2623 252 2650 Οὐδὲν
269 2622 315 2651 οὖν
330 2625 385 2660 ἀρα
405 2625 435 2651 τὸ
459 2627 576 2652 καθόλου
589 2635 595 2641 ·
616 2627 632 2662 ῆ
650 2627 726 2661 παρὰ
744 2628 775 2653 τὸ
795 2627 845 2662 τῆς

52 2668 149 2700 οὖσίας
177 2669 316 2704 διάερορον.
343 2671 360 2706 ἡ
384 2670 518 2706 ἐξαλλαγὴ
547 2673 576 2698 ὲν
593 2670 615 2706 ᾧ
632 2674 646 2698 6
665 2673 755 2706 λόγος.
775 2673 814 2708 Φὴ
831 2673 845 2699 ὁ

58 2713 188 2745 Ἰουδαῖος
203 2714 264 2748 ἦτοι
273 2715 288 2740 6
300 2714 401 2750 Ἕλλην
415 2715 455 2750 τῷ
468 2716 633 2752 Χριπιανῷ·
650 2717 784 2752 ’Δρνησαι
797 2718 843 2744 τὸν

52 2757 183 2793 Χριστὸν,
199 2759 250 2794 τὴν
267 2759 388 2795 Μαρίαν.
406 2760 492 2787 Τοῦτο
503 2762 549 2788 καὶ
561 2763 576 2788 6
593 2763 788 2799 Εἰκονομάχος.
810 2763 842 2790 Ἦ

897 2265 966 2293 erat,
985 2260 1088 2287 nullam
1105 2260 1157 2287 sub
1171 2267 1271 2288 sensus
1294 2259 1560 2288 demonstrationem
1579 2259 1660 2286 dabat
1678 2267 1684 2284 :

897 2307 944 2334 sed
970 2313 1043 2333 nunc
1072 2306 1106 2333 de
1132 2306 1168 2333 iis
1198 2315 1259 2340 quae
1286 2306 1467 2341 cogitationes
1493 2305 1575 2332 simul
1605 2308 1686 2338 atque

897 2352 993 2380 oculos
1024 2352 1143 2384 feriunt,
1169 2353 1304 2379 dubitatio
1330 2356 1387 2383 est,
1414 2359 1463 2379 seu
1489 2351 1580 2385 potius
1603 2350 1685 2384 impia

898 2396 1008 2430 negatio
1022 2404 1028 2422 :
1045 2396 1186 2423 Christum
1203 2396 1340 2431 siquidem
1357 2395 1505 2423 adversarii
1525 2403 1578 2422 non
1598 2394 1685 2422 solum

896 2443 987 2476 ellingi
1006 2450 1086 2478 posse
1107 2447 1207 2477 negant
1223 2449 1255 2470 ac
1276 2449 1359 2477 prave
1375 2441 1517 2475 sentiunt;
1535 2441 1687 2475 eodemque

897 2490 978 2516 modo
994 2489 1152 2523 Deiparam,
1179 2494 1262 2524 atque
1285 2493 1396 2516 sanctus
1413 2488 1572 2523 quoslibet;
1592 2495 1686 2514 verum

899 2542 1044 2570 expressos
1072 2535 1154 2562 etiam
1183 2535 1306 2567 abolent,
1334 2542 1458 2564 errorem
1483 2541 1515 2561 ac
1538 2533 1686 2568 perniciem

899 2580 1054 2607 animarum
1080 2587 1175 2607 sacras
1202 2580 1337 2615 imagines
1364 2587 1425 2607 esse
1454 2579 1633 2605 aﬁirmantes.
1664 2577 1687 2605 υ

898 2626 1038 2654 Judaicam
1066 2627 1167 2662 pariter
1189 2631 1217 2654 et
1239 2627 1377 2654 ethnicam
1405 2625 1590 2660 impietatem!
1608 2624 1687 2652 Nulla

899 2673 983 2708 igitur
995 2674 1132 2706 universe,
1151 2678 1198 2700 aut
1212 2673 1302 2708 quoad
1315 2673 1476 2700 substantia:
1492 2671 1686 2704 diﬁ'crcntiam,

899 2719 1017 2746 varietas
1034 2719 1060 2746 in
1077 2727 1111 2746 eo
1131 2719 1165 2746 de
1187 2727 1242 2754 quo
1269 2726 1362 2746 sermo
1376 2721 1429 2745 est.
1445 2718 1490 2744 Ait
1513 2716 1625 2744 Judteus
1641 2721 1688 2744 aut

899 2764 1026 2792 ethnicus
1042 2764 1200 2792 Christiano
1213 2773 1219 2792 :
1233 2763 1307 2800 Nega
1315 2764 1468 2796 Christum,
1478 2770 1547 2799 nega
1558 2762 1686 2790 Mariam:

89 2868 113 2884 ”
135 2869 158 2897 ll
173 2869 239 2898 Cor.
250 2877 278 2904 Χ,
298 2870 340 2898 18.
380 2871 402 2887 "
422 2870 432 2898 1
449 2871 513 2900 Cor.
531 2880 575 2905 xv,
598 2872 642 2901 51,
681 2874 702 2890 ³¹
723 2873 795 2902 l’sal.
815 2882 839 2902 ιι

907 2873 953 2901 22.
993 2874 1015 2890 ³⁸
1035 2873 1058 2901 ll
1076 2872 1150 2902 Tim.
1170 2882 1200 2908 ιι,
1222 2873 1265 2902 12.
1306 2874 1326 2890 ³³
1348 2873 1443 2902 Matth.
1461 2881 1542 2907 xvnt,
1559 2872 1592 2900 7.
