1923 3078
231 128 300 161 1183

824 133 856 165 S.
875 135 1072 166 THEODURI
1083 137 1257 175 STUDlT/E

1788 135 1854 166 1184

229 188 282 214 hoc
296 187 384 221 ipsum
396 187 435 216 ait
448 193 476 216 et
490 188 701 219 lconomachus.
720 192 813 227 lmago
825 192 899 219 enim
911 193 1014 220 Christi

1068 195 1120 230 γὰρ
1136 195 1219 221 εἰκὼν
1233 194 1365 230 Χριστοῦ,
1382 193 1480 229 ὥσπερ
1492 193 1540 220 καὶ
1554 193 1605 229 τῆς
1616 193 1761 226 Θεοτόκου,
1782 194 1855 228 ὀμω-

228 237 255 258 et
277 232 417 267 Deiparte,
445 234 542 262 eodem
566 236 678 263 nomine
696 237 824 265 Christus
847 242 874 265 et
901 237 1015 272 Deipara

229 281 412 311 nuncupatur.
439 278 530 311 Quare
553 280 600 314 qui
626 280 772 315 imaginem
801 282 894 316 negari
919 282 1015 317 jubet,

228 329 291 349 eum
305 322 385 357 cujus
397 323 487 358 imago
499 329 552 357 est,
567 325 658 360 negari
675 326 746 353 haud
762 327 943 362 dubiejubel.
957 328 1015 356 Non

229 375 300 399 mea,
327 369 374 402 qui
402 369 495 396 nullus
511 377 584 402 sum,
612 371 670 398 hane
693 372 839 399 sententia.
860 373 931 400 Audi
950 373 1016 408 quid

228 412 314 448 Moysi
331 414 405 441 dicat
428 415 620 443 universorum
646 416 718 444 Deus
732 427 738 444 :
757 416 814 444 Fac
830 418 970 446 Cherubin:
981 419 1015 446 “.

229 458 322 493 Itaque
344 458 492 486 Cherubim
518 460 651 496 imagines
674 462 732 490 ﬁeri
751 462 847 497 jussit.
869 463 924 491 Nec
941 465 1015 492 enim

229 507 355 531 naturam
387 504 535 532 Cherubim
569 506 746 541 designasse,
780 509 878 536 mentis
903 516 1015 544 compos

229 549 301 576 ullus
317 549 398 576 dicet.
420 549 454 576 Et
474 558 582 578 rursum
601 560 608 578 :
625 551 678 579 Fac
692 558 840 587 serpentem
860 561 961 580 a-neum
972 554 1014 582 "z

228 599 255 621 et
273 595 317 622 ltic
332 603 442 630 quoque
464 597 597 630 serpentis
622 598 767 632 imaginem
789 599 905 633 exprimi
928 600 1015 634 jubet.

232 641 331 668 Verum
346 642 402 669 haec
418 647 459 669 est
475 648 573 669 natura
592 644 740 680 prototypi,
760 649 787 672 et
803 645 919 679 exetltpli
935 646 970 673 ab
982 653 1016 673 eo

229 688 351 719 deducti,
375 694 404 716 ut
418 690 573 724 exemplum
590 690 729 727 archetypi
753 699 851 719 nomen
868 698 970 725 sumat,
989 698 1016 720 et

230 740 285 759 uno
301 734 408 761 sublato
425 734 541 762 alterum
562 736 692 768 tollatur,
709 741 839 771 tanquam
861 745 922 772 qua:
934 738 1016 765 simul

229 777 293 804 sint.
304 778 366 805 Erat
375 779 497 814 angelus,
509 779 570 807 ideo
578 784 606 807 et
613 781 701 815 angeli
711 781 801 816 imago
811 790 817 808 :
825 786 885 809 erat
893 789 1015 817 serpens,

229 823 291 849 ideo
307 828 334 850 et
348 823 438 858 imago
453 826 599 859 serpentis.
615 826 715 853 Eadem
731 831 774 853 est
787 827 857 854 ratio
870 827 909 855 rei
924 828 1016 862 cujus-

229 869 304 896 libet.
329 869 422 904 ltaque
437 875 568 898 vocantur
590 871 726 898 interdum
744 871 854 906 quidem
871 873 1014 909 imagines,
1028 864 1052 892 Β

229 923 346 950 quorum
369 916 456 950 reipsa
475 921 563 944 sunt:
583 917 718 944 interdum
742 925 816 950 vero,
839 924 950 953 propter
967 919 1015 946 ha-

230 961 394 994 bitudinem,
416 967 545 996 tanquam
566 962 713 997 archetypa
733 962 793 998 ipsa
808 970 1014 999 nuncupantur,

228 1011 256 1033 et
275 1014 328 1033 non
348 1007 481 1042 imagines
494 1015 603 1035 eorum.

264 1054 322 1081 lloc
342 1055 423 1081 modo
434 1054 544 1082 divinus
560 1055 709 1090 Apostolus
722 1056 762 1083 ait
777 1064 785 1083 :
805 1055 941 1092 Superque
956 1065 1015 1084 eam

228 1099 369 1127 Cherubin:
400 1101 493 1136 gloria:
517 1101 703 1128 obumbrantia
734 1102 982 1136 propitiatorium“
1007 1111 1014 1130 :

229 1147 365 1181 prototypi
402 1155 500 1174 nomen
531 1147 657 1175 tribuens
685 1148 861 1183 imaginibus.
893 1149 962 1176 Audi
989 1154 1017 1177 et

229 1194 358 1222 Basilium
379 1202 508 1230 magnum
524 1203 531 1222 :
548 1204 557 1221 ι
576 1194 752 1230 Exprimatur
768 1195 851 1223 etiam
877 1195 903 1223 in
923 1196 1016 1224 tabula

229 1240 407 1268 certaminum
432 1248 530 1275 prteses
551 1241 677 1269 Christus
691 1242 724 1268 ".
743 1251 752 1267 I
784 1242 842 1268 Non
857 1242 930 1268 enim
957 1242 1015 1269 ait:

232 1285 405 1320 Exprimatur
429 1285 520 1320 imago
549 1286 674 1320 prmsidis
696 1286 878 1313 certaminum
902 1287 1015 1320 Christi,

229 1331 296 1363 sed,
324 1330 461 1358 Christus.
494 1330 563 1358 Audi
590 1335 617 1358 et
651 1330 811 1364 Gregorium
839 1330 1015 1365 Nyssenum:

232 1385 241 1402 α
262 1377 366 1404 Pr:esto
382 1381 424 1404 est
440 1376 525 1404 Isaac.
542 1388 551 1402 ο
571 1376 660 1411 Ipsam
676 1376 751 1403 Isaac
766 1376 924 1411 imaginem,
944 1377 1018 1404 Isaac

229 1423 357 1458 appellat.
373 1422 445 1449 Audi
468 1422 695 1458 Chrysostomum
711 1430 718 1448 :
739 1431 748 1447 ε
766 1421 825 1448 Vidi
843 1422 969 1456 angelum
990 1422 1016 1449 in

229 1469 359 1504 imagine.
378 1478 387 1494 ι
407 1468 465 1496 Non
482 1469 555 1496 enim
578 1468 724 1502 imaginem
745 1468 835 1502 angeli
857 1468 883 1494 in
900 1468 1017 1502 imagine

229 1523 244 1542 a
262 1523 291 1543 se
307 1516 394 1542 visam
410 1515 489 1547 dixit,
507 1515 552 1542 sed
569 1515 707 1549 angelum.
733 1515 764 1541 In
781 1514 899 1549 imagine
914 1515 1015 1549 quippe
1028 1531 1050 1560 ϐ

229 1565 402 1596 prolotypum
418 1565 629 1595 repraesentatur
649 1569 656 1587 :
676 1561 749 1588 sicut
761 1564 788 1588 et
800 1561 826 1587 in
845 1566 909 1595 typo
925 1561 1015 1588 crucis

229 1614 295 1634 crut
314 1606 370 1640 ipsa
382 1606 488 1633 viviﬁca
504 1615 511 1633 :
529 1610 664 1640 quatenus
677 1605 860 1640 inseparabile
875 1610 916 1633 est
928 1613 1015 1632 unum

230 1652 264 1679 ab
283 1652 369 1678 altero
395 1651 424 1678 in
450 1642 620 1678 adoratione.
649 1651 794 1685 Propterea
820 1655 847 1678 et
874 1651 1016 1686 archetypi

231 1705 330 1724 nomen
357 1696 462 1723 obtinet
487 1696 589 1730 imago.
617 1696 690 1724 Crux
721 1696 793 1723 enim
819 1696 910 1723 crucis
938 1701 1017 1731 typus

230 1742 394 1778 appellatur.
419 1741 465 1768 Sic
490 1741 523 1768 de
543 1749 617 1776 rege,
644 1741 772 1775 omnique
798 1742 917 1774 homine,
942 1747 969 1768 et
984 1741 1018 1768 de

231 1788 304 1815 omni
325 1788 378 1814 alia
388 1794 441 1831 .re,
466 1794 529 1813 vere
544 1787 622 1813 nobis
636 1786 728 1813 dicere
742 1787 832 1818 liceat,
851 1795 942 1822 regem
963 1787 1017 1815 dici

229 1835 312 1862 etiam
333 1833 404 1868 regis
421 1832 566 1867 imaginem
582 1832 620 1859 ait
635 1832 745 1860 divinus
770 1832 897 1865 Basilius,
922 1837 950 1860 et
964 1834 1018 1861 Pe-

231 1886 314 1910 trum,
337 1878 408 1906 Petri
430 1878 598 1912 imaginem;
623 1883 650 1904 ct
667 1877 794 1911 Paulum,
819 1877 895 1906 Pauli
919 1879 1017 1914 imagi-

231 1933 306 1953 nem.
332 1923 425 1950 Dicam
448 1922 551 1957 aliquid
576 1922 732 1954 sublimius,
757 1927 784 1950 et
802 1923 885 1950 Deum
909 1931 1018 1959 quoque

231 1971 371 1998 hominem
385 1968 452 2000 dici,
469 1972 600 2003 tanquam
619 1968 663 1996 llei
681 1968 838 2003 imaginem.
856 1968 927 2004 Ergo
940 1971 1018 2004 juxta

229 2023 262 2042 ea
285 2022 345 2048 qua:
375 2013 492 2041 Basilius
519 2013 632 2045 docuit,
664 2013 747 2040 etiam
773 2013 901 2041 Christus
928 2014 1018 2049 imago

231 2061 344 2088 Christi.
372 2060 445 2087 Dixit
469 2059 554 2091 enim,
581 2063 609 2086 et
629 2059 727 2086 iterum
740 2059 823 2086 dico:
842 2059 1019 2095 Exprimatur

231 2106 258 2132 iu
277 2105 379 2137 tabula,
397 2113 452 2131 non
469 2104 560 2139 imago
579 2103 693 2134 Christi,
717 2103 766 2131 scd
785 2103 923 2131 Christus.
938 2104 1016 2137 Quod

231 2151 254 2178 si
281 2151 338 2178 luet:
363 2158 416 2177 non
442 2150 534 2177 lerunt
555 2149 740 2182 contentiosi;
767 2149 886 2184 primum
911 2150 1018 2178 divinas

233 2204 313 2223 voces
332 2196 507 2230 improbant;
530 2195 626 2222 deinde
647 2194 788 2222 Christum
807 2195 944 2222 hominem
961 2203 1015 2222 non
1035 2195 1055 2222 Ι)

230 2249 301 2273 esse,
328 2240 352 2268 si
378 2248 433 2267 non
459 2239 553 2272 verbo,
580 2240 669 2273 reipsa
694 2239 803 2266 docent.
827 2239 855 2266 Si
878 2239 950 2266 enim
976 2243 1019 2267 est

233 2287 325 2319 homo,
346 2286 502 2321 depingitur
514 2285 628 2320 utique;
646 2285 764 2312 hominis
779 2285 852 2312 enim
867 2285 1018 2319 proprietas

233 2332 319 2366 prima
335 2336 379 2359 est
400 2330 518 2366 depingi.
535 2329 563 2356 Si
586 2337 651 2356 vero
672 2337 726 2356 non
749 2329 915 2364 depingitur,
936 2329 1019 2356 homo

233 2385 286 2405 non
300 2382 353 2410 est,
368 2376 415 2405 sed
431 2376 522 2404 carnis
535 2383 632 2410 expers
647 2384 654 2402 :
672 2380 700 2402 et
713 2374 834 2402 nondum
853 2374 926 2401 venit
938 2374 1019 2402 Chri-

233 2430 302 2455 stus,
325 2422 397 2450 sicut
419 2422 506 2449 Judaei
529 2425 676 2456 angantur.
705 2421 780 2447 Hanc
800 2421 835 2447 ob
858 2427 970 2448 causam
994 2425 1022 2448 et

234 2469 376 2502 Dciparam
390 2475 500 2502 quoque
513 2467 650 2501 depictam
663 2466 857 2497 extcrtninaut,
873 2470 901 2492 ct
910 2471 1021 2493 sanctos

232 2522 329 2542 omnes
343 2523 350 2541 :
365 2514 443 2549 quasi
462 2522 518 2541 non
535 2519 623 2540 mater
637 2512 750 2544 Christi,
768 2519 818 2539 nec
832 2511 927 2539 famuli
938 2512 1018 2540 Cltri-

233 2561 267 2588 sti
283 2564 385 2587 essent.

269 2649 411 2677 Exclamat
429 2656 481 2676 vox
501 2655 583 2675 aurea
606 2656 613 2674 :
644 2645 737 2673 Verbis
763 2645 818 2673 tuis
845 2652 927 2680 opera
951 2645 1018 2672 mihi

232 2695 403 2723 credibiliora
418 2692 683 2727 sunt.Consequitur
697 2699 762 2726 ergo
775 2691 914 2726 judaizare
927 2699 1019 2719 revera

234 2741 450 2770 Iconomachos:
466 2744 493 2768 et
509 2739 556 2775 qui
571 2739 606 2766 ab
627 2739 659 2766 iis
673 2738 791 2773 patitur,
809 2742 918 2772 propter
939 2738 1019 2765 Chri—

273 2830 294 2846 "
314 2829 398 2857 Exod.
415 2828 525 2860 xxv,l8.
563 2828 584 2844 ³⁵
604 2826 684 2855 Num.
704 2833 760 2860 xxt,
780 2826 806 2853 9.
845 2826 867 2842 "
890 2825 969 2854 llebr.
990 2833 1019 2858 ιι,
1037 2827 1061 2853 9.

1066 240 1158 275 νύμως
1172 240 1290 275 Χριστὸς
1307 241 1355 267 καὶ
1375 240 1508 271 Θεοτόκος
1521 239 1643 274 λέγεται.
1668 239 1750 266 Ὥστε
1769 239 1855 273 λέγων

1064 285 1114 320 τὴν
1124 286 1218 312 εἰκόνα
1231 286 1373 320 ἀρνεῖσθαι
1387 293 1395 301 ·
1415 286 1462 312 τὸν
1479 283 1586 317 οὗτινος
1602 285 1619 320 ἡ
1643 284 1736 318 εἰκὼν,
1753 285 1856 311 ἐκεῖνον

1064 331 1212 366 διαρρήδην
1231 331 1402 367 ὲξαρνεϊσθαι
1426 330 1567 365 ἁπαιτοίη.
1588 331 1634 365 Μὴ
1654 331 1709 365 γὰρ
1725 331 1793 365 ἐμοῦ
1808 330 1854 357 τοῦ

1065 376 1209 412 οὐδαμινοῦ
1224 377 1239 403 6
1252 376 1340 410 λόγος.
1365 376 1465 403 ’Δκουε
1484 375 1511 402 τί
1530 383 1597 411 φησι
1610 375 1650 410 τῷ
1667 376 1761 402 Μωσεί
1774 376 1788 401 6
1800 375 1855 402 τῶν

1067 422 1136 448 ὅλων
1149 421 1226 454 Θεός⁶
1241 422 1376 456 Ποίησον
1385 422 1542 456 Χερουσίμ.
1567 421 1622 448 Καί
1641 429 1682 447 τοι
1696 421 1790 448 εἰκόνα
1802 421 1856 448 Χε-

1069 467 1170 503 ρουὸὶμ
1184 467 1298 502 ποιῆσαι
1311 468 1509 504 προστέταχεν.
1521 467 1558 493 υὺ
1580 466 1636 501 γάρ
1649 475 1691 493 τοι
1706 466 1789 501 φύσιν
1805 467 1857 493 Χε-

1067 513 1196 550 ρουᾱκὴν
1212 513 1318 549 φρονῶν
1337 521 1379 545 τις
1401 513 1579 548 παραστῆσαι
1600 513 1683 539 αὑτὸν
1709 514 1791 548 φαῖεν
1813 515 1855 540 ἂν.

1065 560 1121 586 Καὶ
1148 557 1244 591 αὖθις⁶
1271 559 1410 593 Ποίησον
1438 559 1510 594 ὅφιν
1540 558 1696 593 χαλκοῦν·
1729 559 1778 585 καὶ
1802 559 1858 594 μὴν

1066 604 1205 632 κάνταῦθα
1235 605 1328 631 εἰκόνα
1351 604 1439 639 ὄφεως
1463 605 1552 631 ποιεῖν
1572 603 1751 639 προστάσσει.
1785 604 1857 630 Ἀλλ’

1065 650 1164 686 αὕτηή
1182 649 1264 685 φύσις
1281 650 1461 686 πρωτοτύπου
1480 650 1528 677 καὶ
1553 649 1736 685 παραγώγου·
1754 649 1786 676 τὸ
1802 658 1855 676 τια-

1066 696 1164 731 ραχθὲν
1176 696 1225 723 εἶτ’
1238 693 1285 723 οὖν
1302 696 1333 723 τὸ
1344 695 1495 723 εἰκονισθὲν
1508 695 1555 723 τοῦ
1568 695 1723 731 ἀρχετύπου
1738 694 1777 730 τῷ
1796 695 1855 722 ὀνό-

1067 751 1132 777 ματι
1149 742 1300 776 καλεῖσθαι,
1320 743 1368 769 καὶ
1392 743 1425 777 τῇ
1442 741 1555 777 θατέρου
1580 742 1720 776 ἀναιρέσει
1740 741 1856 777 θάτερον

1066 787 1247 823 ἀναιρεῖσθαι,
1266 787 1304 818 ὼς
1321 786 1376 814 τῶν
1397 786 1456 821 ἅμα
1471 786 1566 813 ὄντων.
1590 784 1644 813 Ἦν
1666 786 1792 820 ἅγγελος,
1811 786 1856 812 διὰ

1066 832 1145 859 τοῦτο
1160 832 1209 858 καὶ
1223 831 1304 858 εἰκὼν
1322 831 1441 866 ἀγγέλου
1454 839 1462 847 ·
1485 829 1520 866 ἦν
1542 831 1616 865 ὃφις,
1635 831 1682 857 διὰ
1699 830 1779 857 τοῦτο
1808 831 1856 857 καὶ

1066 878 1148 905 εἰκὼν
1159 878 1247 912 ὄφεως
1263 885 1271 892 ·
1293 877 1340 904 καὶ
1352 876 1507 904 οὑτινοσοῦν
1518 876 1600 904 ἄλλου
1619 876 1675 903 τῶν
1690 876 1786 903 ὅντων.
1802 877 1858 903 Καὶ

1065 923 1212 951 καλοῦνται
1227 923 1265 958 πῆ
1284 923 1334 957 μὲν
1354 923 1458 954 εἰκόνες
1476 921 1571 958 ὧνπερ
1597 922 1645 949 καὶ
1664 922 1737 949 εἱσι·
1752 922 1792 957 πῆ
1814 922 1856 953 δὲ,

1064 965 1108 993 διὰ
1119 966 1169 1002 τὴν
1180 965 1282 1001 σχέσιν,
1294 966 1332 998 ὡς
1348 966 1418 993 αὐτὰ
1430 965 1465 992 τὰ
1484 966 1627 1001 ἀρχέτυπα
1652 965 1856 1001 ὀνομαζόμενα.

1066 1011 1113 1037 καὶ
1125 1011 1175 1037 οὐκ
1184 1011 1289 1042 εἰκόνες
1303 1011 1405 1038 αὐτῶν.

1101 1055 1179 1083 Οὕτω
1197 1056 1265 1091 φησὶ
1278 1056 1325 1083 καὶ
1339 1057 1353 1083 6
1374 1057 1446 1092 ιερὺς
1463 1056 1640 1089 ’Δπόστολοςθ
1661 1057 1809 1091 Ὑπερὰνω
1821 1057 1859 1084 δὲ

1065 1101 1161 1136 αὐτῆς
1174 1102 1316 1136 Χερουϐὶμ
1328 1101 1421 1136 δόξης
1434 1102 1670 1132 κατασκιάζοντα
1683 1103 1718 1129 τὸ
1731 1103 1859 1136 llam-13-

1062 1155 1132 1181 ptor
1142 1156 1150 1164 ⁸
1166 1147 1206 1183 τῷ
1219 1147 1335 1183 ὀνόματι
1347 1148 1402 1174 τῶν
1417 1147 1605 1183 πρωτοτύπων
1617 1148 1791 1183 χρησάμενος
1809 1149 1860 1174 ἐπὶ

1065 1193 1121 1220 τῶν
1148 1193 1273 1220 εἰκόνων.
1301 1193 1401 1220 Ἀκουε
1416 1193 1463 1219 καὶ
1481 1193 1528 1219 τοῦ
1553 1193 1672 1227 μεγάλου
1690 1193 1835 1220 Βασιλειου
1850 1202 1858 1209 ·

1070 1247 1080 1264 ι
1104 1238 1302 1273 Ἑγγραφέσθω
1315 1238 1355 1274 τῷ
1371 1238 1469 1265 πίνακι
1485 1238 1532 1265 καὶ
1553 1239 1567 1264 6
1581 1238 1636 1265 τῶν
1655 1237 1860 1273 παλαισμάτων

1066 1284 1237 1320 ἀγωνοθέτης
1248 1285 1375 1319 Χριστός.
1392 1295 1402 1311 ι
1417 1285 1463 1320 Μὴ
1475 1285 1528 1321 γὰρ
1547 1283 1643 1312 εἶπεν·
1659 1286 1861 1321 Ἑγγραφέσθω

1067 1331 1084 1366 ἡ
1094 1329 1177 1356 εἰκὼν
1191 1331 1237 1357 τοῦ
1248 1331 1304 1357 τὼν
1317 1330 1519 1366 παλαισμάτων
1529 1331 1699 1364 ἀγωνοθέτου
1715 1331 1838 1367 Χριστοῦ
1852 1340 1859 1346 ·

1066 1376 1145 1407 ἀλλὰ,
1156 1376 1285 1411 Χριστός.
1301 1376 1400 1403 Ἄκουε
1412 1376 1461 1403 καὶ
1477 1376 1628 1411 Γρηγορίου
1643 1376 1691 1403 τοῦ
1702 1377 1838 1408 Νυσσέως
1852 1385 1858 1392 ·

1069 1430 1079 1447 ι
1101 1421 1247 1457 Πρόκειται
1274 1422 1289 1448 6
1311 1421 1414 1449 Ἰσαάκ.
1446 1431 1455 1448 ι
1477 1421 1527 1456 τὴν
1556 1421 1650 1448 εἰκόνα
1675 1421 1721 1448 τοῦ
1751 1422 1860 1454 Ἰσαὰκ,

1073 1467 1166 1494 Ἰσαὰκ
1198 1467 1392 1502 ὀνομάσαντος.
1425 1467 1527 1494 Ἀχουε
1556 1467 1605 1494 τοῦ
1638 1468 1837 1503 Χρυσοπόμου
1852 1477 1859 1484 ι

1070 1521 1079 1538 t
1097 1510 1172 1538 Εἶδον
1186 1512 1301 1546 ἄγγελον
1316 1513 1344 1539 ὲν
1354 1513 1457 1539 εἰκόνι·
1478 1522 1488 1539 ι
1505 1513 1550 1548 Μὴ
1565 1513 1620 1548 γὰρ
1635 1513 1752 1547 ἀγγέλου
1762 1513 1862 1541 εῑκόνα

1067 1557 1119 1593 ἔφη
1134 1558 1163 1584 ὲν
1175 1558 1259 1584 εικόνι
1273 1558 1348 1590 ἰδεῖν,
1371 1558 1429 1585 ἀλλ’
1442 1558 1568 1593 ἄγγελον.
1590 1559 1636 1585 Ἐν
1654 1560 1708 1594 γὰρ
1722 1561 1755 1594 τῇ
1771 1560 1861 1587 εικόνι

1066 1603 1097 1630 τὸ
1111 1603 1266 1639 ἀρχέτυπον
1288 1604 1448 1638 ἐκφαινεται
1461 1612 1469 1621 ι
1490 1604 1528 1635 ὡς
1546 1605 1593 1631 καὶ
1613 1604 1643 1630 ὲν
1656 1605 1695 1640 τῷ
1710 1606 1788 1639 τύπῳ
1810 1605 1862 1632 τοῦ

1068 1650 1187 1685 σταυροῦ
1203 1651 1217 1676 6
1237 1649 1370 1682 ζωοποιὸς
1390 1651 1505 1686 σταυρός
1520 1658 1527 1666 ·
1550 1651 1624 1678 καθὰ
1638 1651 1686 1678 καὶ
1703 1652 1864 1687 ἀχώριστόν

1068 1695 1126 1722 ἐστι
1146 1695 1261 1730 θάτερον
1289 1696 1404 1732 θατέρου
1426 1697 1460 1732 τῇ
1489 1698 1692 1732 προσκυνήσει·
1708 1697 1753 1724 διὰ
1777 1697 1865 1724 τοῦτο

1067 1740 1116 1767 καὶ
1128 1741 1178 1776 τὴν
1193 1741 1289 1776 κλῆσιν
1306 1741 1353 1768 τοῦ
1372 1742 1553 1776 πρωτοτὺπου
1579 1743 1636 1778 ἔχει
1649 1742 1680 1769 τὸ
1702 1743 1862 1777 εικόνισμα.

1068 1784 1188 1819 Σταυρὸς
1201 1785 1256 1820 γὰρ
1273 1787 1288 1812 6
1305 1786 1391 1818 τύπος
1407 1786 1454 1813 τοῦ
1480 1787 1599 1822 σταυροῦ
1617 1787 1759 1822 κέκληται.
1778 1788 1866 1815 οὕτω

1068 1830 1116 1856 καὶ
1134 1831 1181 1857 hci.
1200 1831 1344 1865 βασιλέως,
1357 1832 1404 1859 καὶ
1425 1832 1525 1864 παντὸς
1548 1832 1704 1868 ἀνθρώπου,
1724 1833 1773 1861 καὶ
1786 1843 1867 1861 παν-

1068 1876 1113 1908 τὸς
1123 1876 1220 1909 εἴδους,
1233 1877 1333 1912 ἀληθὲς
1350 1878 1416 1913 ἡμῖν
1429 1878 1531 1913 λέγειν,
1544 1879 1586 1906 ὅτι
1605 1879 1734 1913 βασιλεὺς
1747 1879 1867 1914 λέγεται

1069 1923 1116 1949 καὶ
1129 1923 1145 1958 ἡ
1159 1922 1206 1950 τοῦ
1221 1922 1355 1958 βασιλέως
1370 1924 1463 1955 εἰκὼν,
1480 1924 1565 1959 φησιν
1579 1925 1593 1951 6
1606 1925 1678 1956 θεῖος
1694 1925 1841 1958 Βασίλειος
1857 1936 1865 1943 ·

1069 1969 1116 1995 καὶ
1129 1969 1231 2004 Πέτρος
1248 1969 1265 2004 ἠ
1281 1969 1385 2004 Πέτρου
1401 1969 1485 1996 εἰκών
1497 1977 1504 1985 ·
1523 1970 1572 1996 καὶ.
1596 1969 1702 2002 Παῦλος
1713 1971 1730 2006 ἠ
1748 1971 1869 1999 Παύλου

1069 2014 1165 2042 εἰκών.
1180 2014 1260 2041 Εἴπω
1275 2023 1302 2041 τι
1319 2015 1367 2041 καὶ
1383 2014 1566 2050 ὑψηλότερον,
1583 2015 1631 2042 καὶ
1643 2015 1710 2047 Θεὸς
1720 2017 1734 2042 ὸ
1750 2016 1871 2052 ἄνθρω-

1069 2067 1130 2091 πος,
1144 2058 1183 2090 ὡς
1194 2059 1263 2086 Θεοῦ
1282 2059 1374 2087 εἰκών.
1395 2060 1547 2095 Τοιγαροῦν
1568 2060 1699 2096 καθάπερ
1717 2061 1872 2094 Βασίλειος

1069 2103 1132 2139 ἔφη,
1143 2105 1190 2131 καὶ
1210 2105 1328 2140 Χριστὸς
1341 2106 1359 2140 ἡ
1380 2105 1498 2140 Χριστοῦ
1515 2106 1599 2132 εἰκών
1611 2114 1618 2121 ·
1643 2104 1705 2132 εἷπε
1721 2106 1791 2142 γὰρ,
1815 2109 1873 2134 καὶ

1067 2147 1145 2180 αὖθις
1156 2148 1228 2183 λέγω
1240 2157 1247 2165 ·
1266 2149 1463 2184 Ἐγγραφέσθω
1481 2150 1520 2185 τῷ
1540 2150 1647 2184 πίνακι,
1670 2151 1720 2186 οὐχ
1742 2152 1759 2186 ὴ
1776 2151 1874 2179 εἰκὼν

1069 2194 1202 2229 Χριστοῦ·
1218 2195 1296 2228 ἀλλὰ,
1310 2195 1476 2229 Χριστός.Εἰ
1490 2195 1519 2221 δὲ.
1531 2195 1582 2222 οὐκ
1596 2195 1740 2230 ἀνέχονται
1755 2197 1782 2222 οι
1795 2197 1873 2223 δύσ-

1070 2247 1139 2275 ερις.
1151 2239 1249 2274 πρῶτα
1263 2239 1314 2274 μὲν
1333 2239 1459 2266 ἁθετοῦσι
1475 2240 1525 2272 τὰς
1542 2240 1617 2272 θείας
1635 2240 1727 2274 φωνάς
1741 2247 1749 2255 ·
1764 2241 1875 2269 ἔπειτα

1070 2285 1196 2312 ἐντεῦθεν
1211 2285 1250 2320 μὴ
1262 2285 1406 2321 ἄνθρωπον
1420 2285 1547 2320 γενέσθαι
1563 2286 1612 2312 τὸν
1635 2286 1755 2321 Χριστὸν
1773 2287 1873 2323 ἔργῳ,

1070 2331 1122 2358 κᾶν
1132 2331 1203 2365 λόγῳ
1213 2330 1244 2358 οὓ
1255 2351 1262 2363 ,
1280 2330 1500 2366 δογματίζουσιν.
1516 2332 1548 2358 Et
1564 2331 1620 2367 γὰρ
1640 2331 1797 2367 ἄνθρωπος,
1814 2334 1876 2360 καὶ

1070 2377 1234 2409 εἰκονιζεται
1244 2376 1367 2412 δηλονότι
1377 2384 1385 2393 ·
1399 2376 1545 2412 ἀνθρώπου
1562 2377 1618 2412 γὰρ
1633 2377 1665 2404 τὺ
1676 2377 1876 2410 εἰκονιζεσθαι

1070 2422 1179 2457 πρῶτον
1196 2421 1311 2456 ἰδίωμα·
1326 2422 1351 2448 ει
1362 2421 1391 2448 δὲ
1412 2422 1463 2448 οὐκ
1484 2422 1649 2454 εἰκονίζεται
1660 2430 1667 2438 ⁸
1684 2423 1736 2449 οὐκ
1753 2423 1875 2457 ἄνθρω-

1069 2474 1130 2496 πος,
1146 2465 1215 2492 ἀλλὰ
1230 2465 1367 2501 ἄσαρκος·
1388 2466 1436 2492 καὶ
1448 2465 1526 2492 οὔπω
1545 2463 1599 2502 ἧκε
1622 2467 1742 2502 Χριστός
1754 2475 1761 2482 ⁸
1777 2467 1816 2498 ὼς
1841 2470 1875 2495 οἱ

1077 2509 1201 2537 Ἰουδαῖοι
1219 2510 1422 2544 φενακίζονται.
1438 2511 1488 2538 Διὰ
1504 2510 1583 2537 τοῦτο
1598 2511 1645 2537 καὶ
1662 2511 1713 2546 τὴν
1726 2511 1877 2540 Θεοτόχον

1071 2555 1276 2590 εἰκονιζομένην
1300 2556 1464 2591 ἐξορίζουσι,
1484 2556 1531 2583 καὶ
1547 2557 1636 2584 πάντα
1652 2557 1730 2591 ἅγιον
1743 2577 1752 2590 ,
1770 2557 1808 2588 ὡς
1835 2561 1877 2586 οὐ

1073 2602 1188 2636 Μητέρα
1203 2602 1270 2628 θεοῦ
1283 2622 1291 2634 ,
1309 2602 1370 2629 οὐδὲ
1381 2602 1551 2637 θεράποντας
1568 2602 1649 2634 ὄντας
1660 2603 1793 2637 Χριστοῦ.

1107 2646 1164 2672 Καὶ
1194 2646 1243 2681 βοᾷ
1273 2646 1288 2672 6
1314 2647 1534 2682 χρυσορρἠμων·
1561 2647 1622 2673 Τῶν
1637 2647 1724 2681 λόγων
1754 2656 1802 2674 σου
1834 2652 1881 2676 τὰ

1072 2690 1141 2725 ἔργα
1169 2692 1234 2726 ἐμοὶ
1260 2692 1419 2727 πιστότερα.
1439 2693 1575 2728 Συνῆκται
1600 2691 1647 2720 οὖν
1671 2693 1703 2726 ἐξ
1729 2694 1882 2729 ἀληθείας

1075 2736 1232 2768 Ἰουδαΐζειν
1247 2738 1310 2769 τοὺς
1325 2737 1543 2772 Ειχονομάχουςσ
1561 2738 1608 2764 καὶ
1623 2739 1638 2764 6
1654 2737 1797 2765 πανθάνων
1817 2739 1880 2766 ὑπ’

1101 2825 1121 2841 ³⁷
1143 2825 1311 2854 Testimonia
1327 2825 1384 2854 haec
1399 2826 1458 2855 vide
1474 2834 1565 2861 supra,
1581 2826 1634 2854 col.
1650 2825 1714 2855 477.
