1923 3078
58 114 124 147 1185

657 116 928 148 EPISTOLARUM
950 118 1023 148 LIB.
1043 119 1095 150 ‘II.

1624 121 1694 156 1186

54 170 144 198 αὐτῶν
155 177 162 184 ⁶
176 169 219 196 διὰ
233 168 352 204 Χριστὸν
366 169 411 196 οιαὶ
426 169 497 205 ὑπὲρ
513 170 634 206 Χριστοῦ
649 172 767 207 πάσχων
781 181 786 186 ·
802 172 847 198 διὰ

904 178 970 201 stum
989 179 1016 202 et
1031 182 1082 209 pro
1097 175 1207 202 Christo
1217 175 1294 211 pali;
1314 181 1424 211 propter
1441 175 1583 212 Deiparam
1600 184 1627 206 et
1643 187 1693 213 pro

52 216 99 251 τὴν
124 215 262 243 Θεοτόκον
286 217 334 243 καὶ
360 217 426 252 ὑτὲρ
441 218 492 252 τῆς
506 217 659 244 Θεοτόχου·
686 218 730 245 διὰ
756 219 847 245 πάντα

52 262 127 296 ἆγιον
140 262 189 288 καὶ
205 262 276 298 ὑπὲρ
289 262 399 289 πάντων
414 263 500 297 ἁγίων
511 271 519 278 ·
547 264 656 299 μάρτυς
675 264 844 299 ἁπαράγρα-

52 316 129 340 πτος,
159 308 209 335 καὶ
244 309 416 344 δμολογητὴς
444 310 577 345 Χριστοῦ,
604 312 618 337 ὀ
650 311 771 338 ἑναθλῶν
798 311 847 337 καὶ

52 354 242 388 ἐνιστάμενος.
265 355 319 381 Καὶ
330 355 422 386 οὐδεὶς
436 355 585 391 ἀντερήσει
600 356 690 390 λόγος.
715 357 748 382 υί
763 357 845 383 Μακ-

52 401 163 427 καὸαἶοι
187 400 339 436 μάρτυρες,
367 401 405 436 μὴ
434 401 525 437 κρεῶν
551 401 633 428 ὑείων
659 402 846 437 ἀνασχόμενοι

52 447 222 480 παρανόμως
237 446 400 480 γεύσασθαι.
421 447 450 473 '0
471 447 631 482 Πρόδρομος
656 448 762 483 μάρτυς
776 449 847 484 ὑπὲρ

52 494 170 529 ὲλεγμοῦ
184 494 329 530 ἀληθείαςο
346 495 393 521 καὶ
409 494 490 527 ἄλλος
501 495 571 530 ὑπὲρ
588 495 636 522 τοῦ
657 496 696 531 μὴ
719 496 846 523 κατασα-

53 541 146 567 λέσθαι
157 540 252 567 ὀϐολὸν
271 542 313 572 είς
331 541 476 577 οἰκοδομὴν
500 541 637 568 είδωλείου
650 549 657 556 ·
675 542 723 568 καὶ
750 541 846 577 ἕτερος

52 587 84 613 δι’
97 587 195 622 ἕτερον
209 586 342 622 ἑνταλμα.
371 587 404 613 Τί
434 588 489 623 γὰρ
509 587 550 614 δεῖ
570 587 605 614 τὰ
629 588 715 615 πολλὰ
733 587 845 622 λέγεινς

54 634 97 659 καὶ
123 633 242 660 ἐνταῦθα
266 633 408 669 προδήλως
433 634 447 660 ὁ
461 633 506 660 διὰ
520 634 640 669 Χριστὸν
666 625 791 661 ἒναθλῶν
813 636 846 661 οὐ

55 680 172 714 μάρτυς,
188 679 227 711 ὥς
242 679 308 714 φασί
319 688 392 711 τινες
403 680 459 706 τῶν
474 680 631 715 δυστήνων;
649 680 759 716 μάρτυς
777 681 845 716 ἁλη-

55 725 115 760 Θὴς.
132 725 196 761 μηδ’
211 725 300 752 ὁτιοῦν
311 726 410 753 ἐνδέων
427 725 482 753 τῶν
502 726 545 761 ἐφ’
566 726 705 762 Ἐλλήνων
729 727 746 762 ἦ
782 727 848 753 Ἰου-

54 772 139 799 δαίων
154 772 390 807 μαρτυρησάντων
403 779 411 787 ·
429 772 483 800 Καὶ
499 773 516 799 ὁ
533 771 652 807 μάρτυς
674 772 710 799 ἐν
729 772 848 807 οὐρανῷ

54 818 174 850 πιστός.
199 817 291 848 "om;
309 815 368 851 οὖν,
394 817 418 844 εί
437 818 452 844 ό
474 817 521 844 τὸν
538 817 625 845 τύπον
650 817 699 844 τοῦ
726 817 846 853 σταυροῦ

53 848 170 895 ἀθετῶν,
187 863 227 893 είς
247 848 366 898 Χριστὸν
377 862 511 898 ἀναφέρει
522 863 573 898 τὴν
589 862 720 897 ἀθέτησιν
731 870 738 877 ·
754 848 847 898 πολλῷ
860 848 884 878 Β

55 911 156 946 μᾶλλον
168 910 184 936 ὁ
199 910 249 946 τὴν
264 910 357 937 εἰκόνα
372 910 493 946 Χριστοῦ
504 910 684 946 ἀρνούμενος,
707 911 749 942 είς
776 911 846 946 Χρι-

55 957 117 984 στὸν
146 957 307 993 ἀναπέμπει
336 958 386 992 τὴν
403 957 530 993 ἄρνησιν.
555 957 650 989 Οὕτως
681 957 730 983 καὶ
763 957 778 983 ὁ
803 958 848 992 ἐφ’

55 1004 176 1040 ἑκατέρᾳ.
190 1003 352 1040 μαρτυρῶν,
366 1003 472 1039 μάρτυς
491 1003 679 1038 ἀληθέστατος
691 1010 699 1018 ο
715 1003 765 1030 καὶ
779 1003 848 1038 μᾶλ-

54 1051 99 1077 λον
119 1051 149 1076 ὲν
166 1051 200 1086 τῇ
224 1049 329 1076 εικόνι·
343 1048 385 1076 ὅτι
407 1050 421 1076 ὸ
435 1050 485 1085 μὲν
501 1050 614 1085 σημεῖον
627 1057 635 1066 ”
660 1049 674 1075 6
697 1049 726 1076 δὲ
754 1049 847 1085 μορφὴ

55 1096 188 1131 Χριστοῦ.
219 1095 387 1131 Παρακαλῶ,
407 1095 520 1130 ἀδελφοί
542 1104 593 1131 μου
609 1095 692 1130 ἅγιοι,
719 1095 845 1130 κλήσεως

57 1142 222 1177 ἐπουρανίου
250 1142 370 1177 μέτοχοι,
399 1141 508 1177 πρῶτον
537 1142 650 1176 μνήμην
680 1149 732 1176 μου
764 1141 849 1167 ποιεῖ-

57 1190 120 1215 σοαι
147 1188 196 1214 τοῦ
224 1187 374 1214 ταπεινοῦ·
400 1185 442 1220 οἷς
468 1187 552 1222 λέγω,
579 1187 653 1223 ἔργῳ
684 1186 849 1221 ἀποδειχθῆ-

56 1234 100 1261 ναί
118 1243 153 1269 με
170 1234 313 1268 εὐχόμενοι
325 1241 332 1249 ”
346 1233 479 1268 μηδαμῶς
503 1232 742 1268 ὑποχαυνούμενον
765 1233 797 1258 ἐκ
817 1239 849 1258 τε

55 1282 111 1308 τῶν
137 1280 263 1315 ἀοράτων
285 1280 333 1307 καὶ
360 1279 507 1316 ὁρωμένων
542 1278 702 1314 προσϐολῶν
719 1286 727 1294 ·
752 1277 849 1304 ἔπειτα

56 1328 205 1363 προσέχειν
245 1327 353 1358 ἑαυτοῖς
387 1326 435 1353 καὶ
462 1327 495 1361 τῇ
528 1325 695 1360 ὲνισταμένῃ
722 1324 848 1358 ἀθλήσει.

61 1372 144 1400 ‘Am
159 1372 198 1408 μὴ
208 1372 266 1404 τοῖς
276 1372 417 1406 λογισμοῖς
431 1369 632 1406 ὲμπυρίζεσθαι
649 1369 694 1396 διὰ
709 1369 849 1404 πτωχείαν

55 1420 196 1450 συνέσεως
221 1419 251 1445 ὲν
264 1420 297 1454 τῇ
327 1417 383 1444 τῶν
411 1416 586 1452 πραγμάτων
612 1415 695 1447 δείξει
720 1415 774 1442 ὑπὸ
800 1415 851 1449 τῆς

56 1465 192 1499 προνοίας
204 1464 404 1498 διοικουμένων
420 1462 537 1498 βαθέως,
553 1463 601 1488 καὶ
622 1461 660 1493 ὡς
672 1460 722 1487 οὐκ
740 1460 852 1494 ὲφικτδν

900 219 1037 254 Deipara;
1064 226 1175 256 propter
1199 226 1312 249 sanctos
1333 230 1431 249 omnes
1457 228 1483 250 et
1510 231 1560 258 pro
1589 226 1693 252 sanctis

899 266 1127 301 quibuscunqnc;
1148 272 1295 302 martyrem
1312 266 1527 302 irrefragabilem
1545 273 1572 296 et
1586 270 1692 297 confes-

899 319 990 338 sorcm
1013 311 1115 339 Christi
1139 320 1220 346 esse,
1244 314 1289 348 qui
1312 313 1435 340 decertat
1455 318 1482 340 et
1498 314 1612 343 resistit.
1638 315 1694 343 Nec

898 358 1000 391 opponi
1026 363 1121 386 contra
1150 359 1302 394 quidquam
1323 364 1421 395 potest.
1444 360 1592 388 Machabari
1621 370 1694 389 mar-

899 409 972 438 tyres
991 403 1072 436 facti,
1088 406 1163 440 quod
1184 406 1282 434 suilla:
1303 414 1400 434 carnes
1424 407 1506 435 edere
1524 402 1692 436 abnuerent.

900 448 1057 477 Prmcursor
1077 457 1178 486 martyr
1199 451 1249 478 fuit
1267 456 1380 486 propter
1398 453 1531 480 indicium
1548 454 1672 481 veritatis
1685 474 1693 486 ,

899 495 970 522 alius
987 496 1059 530 quod
1084 497 1196 524 obolmn
1217 497 1344 524 conferre
1367 498 1451 525 nollet
1471 498 1505 525 ad
1524 503 1693 527 structuram

899 540 994 574 idolii;
1022 548 1049 568 et
1073 543 1144 569 alius
1165 542 1238 570 aliud
1267 544 1303 570 ob
1332 544 1502 571 mandatum.
1527 544 1598 577 Quid
1621 545 1694 572 enim

899 587 995 614 attinet
1006 589 1090 615 multa
1103 588 1199 622 loqui?
1215 589 1248 616 Et
1258 589 1302 616 hic
1313 590 1360 624 qui
1374 589 1519 617 manifeste
1529 598 1578 625 pro
1585 589 1695 618 Christo

898 633 1036 664 decertat,
1057 639 1160 670 martyr
1173 642 1226 661 non
1245 635 1297 662 erit
1309 656 1316 667 ,
1339 640 1368 662 ut
1382 635 1476 663 miseri
1493 637 1604 671 quidam
1620 636 1694 663 aflirq

899 679 991 705 mant?
1005 678 1110 714 Martyr
1128 680 1207 714 plane
1223 688 1302 708 verus
1313 700 1320 712 ,
1338 681 1413 708 nulla
1436 689 1466 709 re
1480 682 1640 717 discrepans
1660 683 1694 710 ab

899 723 954 751 illis
969 732 1039 759 quos
1059 725 1162 752 ethnici
1182 725 1224 752 vel
1238 725 1324 758 Judaei
1340 732 1475 761 martyres
1491 727 1615 754 fecerttnt
1629 735 1638 754 :
1660 726 1694 754 Et

899 770 973 797 testis
988 770 1016 797 in
1029 771 1092 798 uelo
1105 771 1192 805 ﬁdeli:
1206 771 1239 798 ³⁸.
1253 771 1375 799 Omnino
1389 780 1465 808 ergo,
1487 773 1510 801 si
1526 775 1589 809 quis
1605 774 1696 801 crucis

899 821 993 851 typum
1005 816 1120 851 spernit,
1133 817 1160 843 in
1169 817 1308 845 Christum
1321 818 1413 853 ipsum
1422 824 1612 854 contemptum
1622 820 1696 847 hunc

899 866 1008 896 torquet
1021 870 1029 888 :
1045 862 1134 888 multo
1145 862 1233 897 magis
1248 863 1295 898 qui
1309 863 1456 898 imaginem
1474 864 1576 892 Christi
1593 869 1673 900 negat
1686 887 1694 898 ,

898 907 1072 942 negationem
1088 907 1115 934 iu
1130 907 1272 935 Christum
1286 907 1381 935 refert.
1395 908 1452 939 Sic,
1466 909 1513 944 qui
1531 910 1694 945 martyrium

898 960 948 987 pro
963 952 1098 979 alterutro
1109 952 1206 980 suffert
1218 973 1225 986 ,
1242 958 1349 988 martyr
1361 954 1523 982 verissimus
1535 963 1542 982 :
1564 963 1597 982 ac
1611 956 1696 989 magis

898 999 981 1026 etiam
998 999 1025 1026 in
1042 999 1177 1034 imagine:
1200 999 1264 1034 quia
1288 1004 1369 1035 typus
1382 1000 1491 1035 signum
1504 1020 1512 1033 ,
1531 1001 1620 1036 imago
1641 1001 1696 1028 for-

899 1052 942 1072 ma
956 1049 999 1072 est
1008 1044 1123 1072 Christi.
1134 1044 1265 1078 Obsecro,
1282 1045 1383 1073 fratres
1399 1046 1452 1073 mei
1465 1046 1563 1079 sancti,
1576 1047 1696 1074 caelestis

900 1090 1054 1117 vocationis
1073 1090 1240 1125 participes,
1265 1091 1384 1126 primum
1400 1091 1510 1126 quidem
1534 1092 1694 1119 memoriam

901 1136 953 1162 mei
968 1135 1079 1162 humilis
1094 1135 1201 1163 faciatis
1211 1157 1219 1169 ,
1236 1141 1346 1165 orantes
1362 1141 1394 1164 ut
1408 1145 1470 1172 quia
1484 1137 1546 1165 dico
1559 1158 1566 1170 ,
1582 1145 1612 1165 re
1625 1146 1695 1172 prata

900 1186 968 1209 stem
979 1203 987 1215 ,
1005 1183 1089 1210 nullis
1101 1183 1202 1212 cedens
1221 1191 1273 1212 nec
1289 1184 1392 1219 apertis
1415 1192 1466 1212 nec
1478 1184 1591 1212 occultis
1607 1185 1696 1212 insul-

901 1228 974 1255 tibus
1003 1237 1011 1255 :
1035 1229 1133 1256 deinde
1147 1229 1226 1257 vobis
1248 1230 1320 1265 ipsis
1345 1231 1493 1258 attendatis
1519 1234 1546 1258 et
1569 1230 1695 1265 praesenti

901 1275 1056 1302 certamini.
1090 1275 1144 1303 Nec
1167 1283 1234 1303 vero
1264 1276 1479 1312 cogitationibus
1511 1277 1630 1304 uramini
1661 1285 1695 1304 ex

902 1322 993 1357 inopia
1011 1322 1134 1350 scientia;
1154 1323 1182 1350 in
1209 1323 1307 1350 harum
1326 1331 1419 1350 rerum
1446 1323 1675 1360 contemplatione
1687 1344 1695 1356 ,

901 1376 963 1403 quae.
974 1376 988 1396 a
1008 1369 1178 1404 providentia
1199 1369 1255 1396 alto
1271 1369 1388 1397 consilio
1401 1369 1604 1404 gubernantur,
1622 1370 1696 1404 quod

902 1415 1011 1449 assequi
1026 1415 1121 1449 nequit
1137 1415 1256 1442 humana
1279 1415 1478 1450 intelligentia;
1505 1423 1555 1443 nec
1575 1416 1653 1444 vobis
1669 1417 1697 1444 id

902 1461 1044 1496 contingat
1059 1461 1133 1495 quod
1148 1461 1249 1489 canitis
1266 1470 1272 1488 :
1297 1461 1349 1498 .‘llei
1366 1468 1456 1489 autem
1470 1470 1533 1496 pene
1550 1463 1615 1490 moti
1635 1468 1696 1490 sunt

56 1510 203 1546 ἀνθρώπου
219 1508 324 1544 διανοίᾳ
336 1516 342 1523 ·
357 1507 424 1543 μηδὲ
437 1506 451 1533 ὅ
471 1506 588 1541 ψάλλετε
604 1505 729 1532 πάθοιτε.
762 1504 849 1539 Ἑμοῦ

904 1507 996 1541 pedes:
1008 1515 1072 1542 pene
1082 1507 1160 1541 affusi
1171 1512 1232 1534 sunt
1245 1515 1348 1542 gressus
1361 1508 1412 1534 mei
1422 1516 1432 1540 ;
1445 1508 1508 1542 quia
1521 1509 1604 1535 τειαυὶ
1618 1517 1698 1544 super

59 1556 94 1583 δὲ
115 1555 197 1590 παρὰ
213 1555 320 1589 μικρὸν
346 1553 562 1586 ἐσαλεύθησιιν
588 1552 616 1578 οἱ
640 1551 743 1583 πόδες·
779 1549 848 1583 παρ’

58 1603 166 1636 ὀλίγον
178 1600 307 1634 ἐξεχύθη
320 1599 357 1626 τὰ
368 1597 536 1633 διαϐήματά
547 1606 608 1632 μου
619 1606 627 1613 ·
652 1596 697 1623 ὅτι
710 1595 850 1629 ἐζήλωσα

58 1649 107 1676 ἐπὶ
123 1648 187 1681 τοῖς
199 1647 335 1681 ἀνόμοις,
349 1645 379 1672 τὸ
391 1645 439 1672 καὶ
454 1645 485 1672 τὸ
499 1643 622 1678 θεωρῶν.
646 1641 729 1669 Ἀλλὰ
749 1641 851 1676 μᾶλλον

57 1695 169 1723 ἀκούειν
184 1693 233 1720 τοῦ
254 1693 358 1728 Κυρίου
380 1691 522 1726 λέγοντος’
544 1688 719 1724 Ὑπόμεινόν
744 1695 781 1722 με
808 1687 852 1718 εἰς

58 1741 178 1775 ἡμέραν
191 1738 389 1771 ἁναστάσεώς
407 1745 477 1772 μου.
493 1735 549 1763 Καὶ
566 1735 608 1762 ὅτι
631 1734 664 1761 '0
687 1732 853 1768 ὑπομείνας

59 1788 104 1820 εἰς
116 1786 218 1819 τέλος,
235 1783 327 1818 οὗτος
339 1783 522 1818 σωθήσεται.

151 1843 216 1871 ιςιιι.
235 1857 271 1864 -
283 1841 349 1871 Τοῖς
362 1841 496 1869 ἀποῦσιν
509 1837 663 1873 ἀδελφοῖς.
681 1835 772 1873 [citat]

902 1553 1007 1588 ntiqua:
1029 1553 1069 1586 ³³,
1098 1553 1150 1581 hoc
1171 1557 1198 1580 et
1220 1553 1287 1581 illud
1305 1553 1412 1581 videns.
1436 1555 1489 1582 Sed
1506 1554 1599 1582 audite
1609 1555 1698 1589 potius

901 1599 1036 1626 dicentem
1054 1599 1221 1626 Dominum:
1246 1598 1378 1633 Exspecta
1399 1608 1440 1627 me
1463 1600 1490 1627 in
1514 1600 1557 1627 die
1576 1609 1697 1628 resurre-

902 1645 997 1672 ctionis
1013 1653 1076 1672 mete
1092 1646 1127 1672 ⁸ο.
1143 1645 1175 1673 Et
1190 1654 1197 1672 :
1214 1644 1266 1678 Qui
1281 1646 1438 1673 sustinuerit
1452 1654 1534 1682 usque
1557 1647 1583 1673 in
1601 1646 1697 1681 ﬁnem,

905 1692 946 1719 hic
960 1691 1050 1719 ualuas
1061 1691 1111 1719 erit
1127 1691 1160 1719 “.

1093 1833 1176 1862 XXII.
1198 1833 1340 1862 Fratribus
1354 1835 1518 1864 absentibus.

421 1898 450 1923 In
459 1902 561 1922 carcere
571 1896 663 1927 scripta
675 1898 794 1925 tanquam
812 1894 999 1918 testamentum.
1013 1891 1113 1924 (Barea.
1131 1898 1174 1917 an.
1186 1891 1242 1923 816,
1253 1898 1280 1917 ιι.
1293 1892 1345 1924 55.)

94 1959 220 1987 Πάντοτε
250 1955 300 1992 μὲν
330 1953 499 1982 διατίθεσθαι
529 1951 583 1987 χρὴ
611 1951 657 1978 τὸν
690 1949 856 1986 Χριστιανὸν

59 2007 97 2033 τὰ
116 2005 187 2040 πρὸς
213 2002 347 2030 θάνατον·
375 1999 494 2036 μάλιστα
512 1998 541 2025 δὲ
566 1997 669 2024 ὁπόταν
686 1996 856 2031 πειρασμοῖς

60 2050 208 2086 περιπαρῇ
231 2048 347 2075 θάνατον
366 2045 538 2073 ἀπειλοῦσιν.
558 2044 637 2071 Ἐπεὶ
664 2042 712 2070 οὖν
735 2041 857 2069 τοιοῦτον

61 2099 93 2125 τὺ
117 2096 182 2124 καθ’
197 2096 283 2131 ἡμᾶς,
315 2093 360 2120 διὰ
385 2093 435 2128 τὴν
465 2091 624 2127 σφύζουσαν
650 2089 705 2115 τῶν
731 2087 856 2115 διωχτῶν

62 2145 168 2180 μανίαν
185 2142 279 2169 εἵνεκα
303 2140 353 2175 τῆς
366 2137 486 2174 Χριστοῦ
509 2137 640 2173 ἀγάπης·
666 2134 714 2162 τοῦ
740 2142 857 2180 προκειέ

63 2179 148 2226 μένου
164 2189 198 2224 δὴ
215 2186 367 2223 μαρτυρίου
381 2185 433 2220 τῆς
449 2184 515 2220 περὶ
527 2183 610 2210 αὐτὸν
624 2180 773 2217 ὁμολογίας
785 2187 792 2194 ·
808 2179 856 2206 καὶ

61 2236 114 2263 οὐκ
129 2232 191 2261 οἶδα
206 2233 233 2260 τί
261 2241 305 2268 μοι
333 2231 505 2266 ἀποϐήσεται
528 2229 635 2264 ἀθρόως
651 2228 710 2254 δντι
728 2234 856 2262 μεμονω-

63 2281 142 2318 μένῳ
153 2281 200 2307 καὶ
216 2278 420 2315 περιειργμένῳ
435 2276 545 2312 μακράν
566 2283 619 2302 που
641 2273 689 2308 ἀφ’
705 2273 784 2308 ὑμῶν
801 2271 856 2318 τῶν

61 2316 195 2355 ἀπάντων
210 2324 334 2359 ἀδελφῶν
347 2332 398 2359 μου
422 2323 470 2349 καὶ
491 2321 639 2356 Πατέρων·
664 2318 741 2350 ἔδοξα
766 2316 857 2348 καλῶς

63 2374 140 2409 ἔχειν
155 2370 316 2398 τελευταίαν
332 2368 414 2396 οἱονεὶ
439 2367 544 2402 φωνὴν,
558 2366 660 2400 ταύτην
676 2364 726 2399 τὴν
746 2364 857 2390 ἐπιστο-

62 2419 115 2453 λὴν
131 2415 306 2453 παραθέσθαι
323 2415 399 2450 ὑμῖν,
414 2413 461 2440 καὶ
486 2412 520 2439 δι’
536 2411 614 2446 ὑμῶν
627 2410 704 2445 πάσῃ
729 2411 762 2445 τῇ
778 2408 857 2435 ἀδελ-

64 2465 176 2499 φότητι.
193 2461 284 2489 Καλὸν
301 2461 356 2496 γὰρ
373 2459 505 2491 πολλάκις
530 2456 699 2484 διατίθεσοαι
715 2455 762 2482 καὶ
792 2456 857 2481 em-

65 2510 171 2545 μένειν,
197 2507 214 2543 ἠ
242 2506 393 2543 προσδοκίᾳ
420 2503 493 2539 ζωῆς
530 2503 646 2536 ἐξάπινα
678 2500 856 2535 ἀνάρπαστον

63 2555 222 2589 γινόμενον,
248 2551 391 2579 ἀδιάθετον
413 2549 536 2580 ἀϐούλως
550 2545 855 2582 ὲγκαταλιμπάνεσθαι.

63 2602 97 2627 Τί
112 2601 206 2627 τοίνυν
230 2598 262 2624 τὸ
286 2597 393 2634 παρόν;
425 2594 536 2630 Ἐπειδὴ
567 2592 699 2623 πολλάκις
725 2591 777 2617 ὅσα
804 2590 858 2616 ἔδει

64 2647 165 2677 εἰπεῖν,
195 2645 250 2671 εἴτε
276 2643 384 2679 βαρέως
411 2641 540 2676 νοσήσας,
569 2638 624 2665 εἴτε
643 2636 772 2672 διωγμῶν
789 2643 859 2671 προ-

64 2693 221 2728 κειμένων,
248 2690 297 2717 καὶ
320 2689 451 2724 διεθέμην
475 2688 524 2714 καὶ
550 2684 787 2721 ὐπεμνημάτισα·
812 2681 859 2708 καὶ

65 2738 144 2764 οῦπω
161 2735 242 2772 χρεία
257 2735 323 2771 περὶ
331 2735 386 2762 τῶν
403 2734 455 2769 ἥδη
471 2731 623 2768 λεχθέντων
637 2728 854 2765 δευτερολογεῖν.

73 2783 180 2810 Ἐκεῖνο
192 2781 312 2817 πρῶτον,
329 2779 442 2814 ἀδελφοί
460 2782 523 2815 μου,
545 2777 589 2804 ἴνα
619 2784 665 2811 μοι
689 2773 858 2809 συγγνώμην

944 1946 1056 1982 Semper
1066 1947 1177 1982 quidem
1187 1947 1221 1975 ad
1231 1952 1347 1975 mortem
1359 1947 1453 1976 omnia
1467 1948 1611 1982 disponere
1620 1948 1701 1976 Chri-

907 1992 1026 2019 stianum
1042 1996 1169 2027 oportet:
1190 1992 1238 2019 sed
1258 1996 1317 2019 tum
1338 1993 1457 2020 maxime
1481 2001 1543 2020 cum
1568 1993 1701 2020 :emmnis

907 2041 1024 2063 mortem
1040 2036 1241 2063 intentantibus
1259 2040 1383 2071 urgetur.
1404 2035 1522 2069 Quando
1546 2037 1629 2073 igitur
1649 2037 1701 2065 hoc

908 2083 935 2110 in
959 2087 1031 2111 statu
1052 2087 1118 2110 sunt
1139 2091 1183 2111 res
1201 2076 1322 2115 'nostraa,
1344 2082 1473 2110 saeviente
1492 2087 1700 2117 persecutorum

908 2129 986 2156 rabie
1000 2129 1036 2157 ob
1046 2128 1149 2156 Christi
1167 2127 1345 2159 charitatem,
1360 2127 1418 2154 sive
1432 2127 1467 2154 ob
1488 2135 1608 2161 prasscns
1621 2127 1702 2154 testi-

910 2175 1034 2202 monium
1048 2173 1231 2202 confessionis
1245 2173 1322 2208 ejus;
1345 2181 1395 2200 nec
1416 2174 1487 2201 scire
1506 2181 1618 2209 possum
1634 2173 1702 2208 quid

910 2220 1002 2248 subito
1017 2224 1178 2248 eventurum
1199 2219 1235 2247 sit
1252 2219 1318 2246 mihi
1338 2218 1373 2246 ab
1389 2218 1450 2246 aliis
1470 2219 1614 2253 sejuncto,
1634 2226 1701 2253 pro-

910 2266 1009 2300 culque
1024 2272 1038 2292 a
1055 2265 1132 2292 vobis
1149 2264 1279 2292 omnibus
1293 2263 1429 2292 fratribus
1448 2265 1516 2292 meis
1531 2272 1563 2291 ac
1575 2263 1703 2292 Pati-ibus

911 2311 1095 2339 eireumcluso
1116 2320 1123 2337 :
1142 2311 1223 2338 recte
1248 2310 1383 2337 facturum
1401 2317 1445 2337 me
1463 2309 1638 2341 existimavi,
1660 2310 1702 2342 si,

912 2363 1069 2390 supremam
1099 2355 1180 2382 veluti
1209 2362 1326 2387 vocem,
1354 2355 1426 2382 hanc
1453 2354 1597 2389 epistolam
1625 2354 1704 2381 vobis

909 2400 1128 2428 commendarem
1143 2420 1151 2433 ,
1176 2404 1205 2426 et
1227 2407 1275 2434 per
1298 2408 1347 2428 vos
1364 2400 1501 2427 universae
1525 2399 1702 2427 fraternitati.

910 2448 1007 2476 Melius
1024 2448 1097 2475 enim
1112 2452 1154 2475 est
1167 2455 1239 2482 saepe
1253 2448 1350 2475 testari
1362 2467 1370 2480 ,
1386 2451 1413 2474 et
1428 2450 1606 2481 exspectare,
1619 2453 1703 2480 quam

911 2494 973 2521 vita:
991 2493 1123 2528 longioris
1140 2493 1348 2528 exspectatione
1367 2492 1458 2519 subito
1474 2491 1574 2525 abripi,
1592 2496 1620 2518 et
1632 2491 1704 2518 inte-

912 2545 1014 2569 statum
1029 2539 1186 2567 ineonsullo
1202 2538 1330 2574 relinqui.
1349 2538 1420 2571 Quid
1432 2545 1500 2572 ergo
1521 2545 1575 2565 non
1596 2537 1704 2564 restat?

912 2585 1140 2620 Quandoquidem
1160 2592 1231 2619 smpe
1254 2591 1427 2619 quaecunque
1444 2584 1538 2611 dicere
1554 2584 1704 2610 convenie-

912 2633 977 2665 bat,
1002 2631 1044 2659 vel
1070 2631 1145 2667 gravi
1172 2631 1303 2666 quopiam
1327 2630 1425 2657 morbo
1446 2628 1630 2661 decumbens,
1660 2629 1702 2655 vel

913 2680 1033 2707 instante
1051 2677 1252 2712 persecutione,
1270 2676 1409 2708 reccnsui,
1425 2675 1620 2710 memoriaque
1637 2681 1704 2709 sug-

911 2725 1004 2762 gessi;
1027 2732 1115 2759 neque
1138 2730 1214 2750 nunc
1232 2730 1302 2757 opus
1321 2726 1365 2749 est
1383 2729 1445 2757 quae
1463 2721 1535 2749 dicta
1553 2726 1635 2749 sunt.
1652 2721 1703 2748 ite-

913 2777 975 2798 rum
991 2772 1126 2803 repetere.
1143 2767 1201 2794 lloc
1217 2766 1347 2802 primum,
1364 2766 1464 2795 fratres
1478 2766 1542 2799 mei,
1554 2771 1585 2794 ut
1595 2766 1702 2794 veniam

103 2839 125 2856 ³³
138 2839 212 2868 Psal.
230 2845 365 2870 Lnxvut,
381 2836 426 2865 58.
465 2835 487 2852 ”
503 2833 576 2863 Psal.
593 2839 678 2865 Lxxu,
698 2831 726 2858 Ξ.
765 2830 788 2846 ἰθ
801 2830 851 2865 So;

904 2837 924 2856 ι.
942 2836 984 2861 ιιι,
999 2826 1026 2853 8.
1064 2825 1085 2840 “
1102 2823 1185 2851 Mare.
1201 2831 1262 2855 xm,
1276 2823 1319 2850 t5.
