1923 3078
236 119 303 152 1187

840 120 873 149 S.
891 119 1088 151 TIIEODORI
1107 121 1280 154 STUDIT/E

1794 116 1868 161 uss

234 176 301 203 mihi
317 175 387 202 detis
401 182 508 207 eorum,
523 182 584 210 qua:
600 174 710 209 praeter"
720 174 854 201 rationem
875 175 902 200 in
922 175 1022 209 guber-

1088 178 1164 212 οίητε
1192 179 1234 214 ἐφ’
1261 177 1303 211 οἷς
1330 181 1406 215 παρὰ
1433 180 1513 216 λόγον
1538 182 1584 210 διὰ
1612 184 1662 218 τῆς
1690 183 1868 219 καθηγήσεως

233 221 343 248 natione
357 222 500 248 adversum
518 230 566 248 vos
582 221 639 248 dixi
655 221 696 248 vel
711 221 764 255 egi,
783 225 840 247 tum
857 221 949 252 verbo,
968 225 1026 248 tum

235 267 316 294 facto.
343 267 444 293 Delicta
460 267 530 294 enim
548 267 606 302 quis
624 266 751 301 intelliget
766 266 812 293 “?
834 267 884 293 Et:
903 267 1026 300 O/feudi-

234 321 291 339 mus
307 321 395 339 omnes
403 313 442 346 ”;
463 317 490 340 et
506 321 556 347 ego
571 313 721 348 przesertim
739 313 862 339 omnium
886 313 1024 346 nequissi-

236 367 307 385 mus.
329 358 404 386 Unde
430 364 457 386 et
482 366 576 393 preces
600 363 705 385 vestras
731 358 849 392 imploro
874 358 907 384 ad
928 366 1027 385 conse-

235 405 371 439 quendam
388 404 502 432 salutem
527 411 688 431 aerumnosa:
711 403 810 430 anima:
824 411 891 430 mea:
909 412 915 430 τ
932 404 1030 431 deinde

236 458 283 484 pro
305 450 451 482 fratribus,
466 451 511 485 qui
529 454 639 484 propter
654 453 763 483 peccata
791 457 851 475 mea
873 449 1027 483 segregati,

235 497 378 529 avulsique
393 501 457 522 sunt
480 503 494 528 ει
517 501 610 522 nostra
628 496 654 521 in
675 496 777 530 Spiritu
802 500 898 522 sancto
914 503 1029 530 congre-

236 544 354 576 gatione.
376 542 420 568 Est
436 542 556 576 quidem,
567 545 609 568 est
622 541 704 576 plane
720 541 848 567 omnibus
864 541 1029 575 patefactum

236 588 308 622 quod
323 589 363 614 eis
378 587 630 621 impendetjustum
649 586 695 613 Dei
712 587 848 621 judicium
864 595 870 612 :
887 592 1027 613 verumta-

238 642 300 660 tuen
317 633 382 666 quia
402 633 448 659 lilii
464 637 530 659 sunt
552 637 579 659 et
595 632 717 659 membra
730 651 737 662 .
755 632 954 658 condolendum
976 632 1030 659 illis

237 684 297 711 est,
318 684 345 705 et
360 679 479 713 amplius
493 678 715 705 contestaudum.
741 678 807 704 Dico
822 684 913 705 autem
927 697 934 708 .
955 678 1028 704 fratri

238 725 351 753 Leontio
364 745 371 757 ,
390 725 509 751 Maximo
523 745 530 756 ,
547 724 702 756 Clementi,
725 724 786 751 aliis
810 724 956 757 omnibus,
982 725 1029 758 qui

237 773 344 806 seipsos
359 778 524 806 quacunque
543 770 632 797 inanis
653 774 802 804 prmtextus
825 770 916 804 specie
938 777 1031 804 segre-

237 823 354 854 garunt;
373 826 432 852 quae
448 818 473 844 in
491 825 535 844 me
548 817 660 851 quidem
677 816 865 848 admiserunt,
883 817 947 843 olim
960 816 1028 847 dixi,

1082 224 1161 256 ἔλεξα
1182 225 1198 260 ἢ
1225 225 1328 261 ἔδρασα
1352 227 1393 258 εἰς
1417 227 1490 262 ὑμᾶς
1511 228 1631 262 λογικῶς
1653 229 1699 255 καὶ
1716 238 1869 264 πραγματι-

1081 270 1148 302 κῶς.
1176 271 1333 306 *Αμαρτίας
1347 273 1402 306 γὰρ
1427 274 1472 306 τίς
1491 275 1646 308 συνήσει;
1673 275 1745 302 Καί·
1769 276 1870 303 [Ira/o-

1079 325 1138 350 μεν·
1162 316 1312 350 ἂπαντες²
1336 319 1382 344 καί
1402 327 1434 352 γε
1472 320 1593 354 μάλιστα
1626 321 1681 355 ὲγὼ
1711 323 1725 348 ὁ
1751 311 1870 349 ’πάντων

1082 362 1259 397 ἀχρειότερος
1286 363 1450 399 ἀνθρώπων.
1469 366 1515 392 Διὸ
1536 367 1582 393 καὶ
1615 366 1778 402 ὲξαιτοῦμαι
1799 367 1871 402 ὑμῶν

1082 409 1132 442 τὴν
1152 408 1309 444 προσευχὴν
1331 410 1371 440 εἰς
1394 409 1539 443 ἑπίτευξιν¹
1551 412 1691 447 σωτηρίας
1709 413 1759 448 τῆς
1780 413 1870 439 ταλαι-

1083 453 1176 488 πώρου
1206 463 1256 488 μου
1282 454 1390 489 ψυχῆς¹
1421 455 1518 483 ἔπειτα
1554 457 1597 483 διὰ
1633 458 1698 490 τοὺς
1727 458 1799 485 κατὰ
1825 459 1871 490 τὰς

1083 495 1222 530 ἁμαρτίας
1256 505 1308 531 μου
1343 499 1555 534 ἀπορραγὲν-ξας
1585 503 1635 536 τῆς
1669 502 1698 528 ὲν
1735 503 1873 538 Ηνεύματι

1083 541 1154 576 ἁγίῳ
1180 542 1328 576 συναφείας
1358 544 1439 578 ἡμῶν
1467 545 1612 579 ἀδελφούς.
1640 547 1719 573 Ἔστι
1743 548 1794 582 μὲν
1815 547 1872 580 οὖν,

1084 587 1141 613 ἐστι
1158 588 1345 623 δεδηλωμένον
1364 591 1394 616 ὲν
1413 590 1500 617 ἅπασι.
1511 591 1542 618 τὸ
1560 591 1665 618 ἔνδικον
1687 593 1782 625 αὐτοῖς
1796 594 1874 629 παρὰ

1083 632 1144 667 Θεῷ
1175 635 1281 668 κρῖμαί
1312 634 1369 661 ἀλλ’
1392 635 1468 670 ὅμως
1497 636 1560 663 ἐπεὶ
1589 638 1674 664 τέκνα
1706 639 1754 665 καὶ
1793 640 1874 674 μέλη,

1085 679 1299 713 συμπαοητέον,
1330 680 1378 707 καλ¹
1415 681 1655 718 διαμαρτυρητέον
1691 685 1783 716 αὐτοῖς
1819 685 1872 713 ἔτι.

1084 724 1163 758 Λέγω
1176 724 1218 760 δὴ,
1239 724 1277 760 τῷ
1293 725 1400 761 ἀδελφῷ
1413 727 1545 763 Λεοντίῳ,
1566 727 1696 764 Μαξίμῳ,
1721 729 1876 764 Κλήμεντι,

1084 771 1140 801 τοῖς
1153 770 1244 802 ἄλλοις
1263 771 1362 803 ἅπασι,
1390 774 1448 804 τοῖς
1471 773 1533 800 καθ’
1558 774 1751 810 οίονδηποτοῦν
1776 775 1879 810 τρόπον

1084 816 1302 850 προφασιλογίας
1320 817 1442 852 ματαίας
1467 819 1658 854 ἀποσχισθεῖσι
1671 828 1678 836 ·
1700 820 1735 847 τὰ
1750 822 1790 853 εἰς
1809 821 1878 856 ἐμέ·

238 870 265 891 et
282 871 356 891 nunc
371 864 450 896 dico,
473 862 670 897 ignoscendum
686 862 740 888 illis
754 866 807 889 est.
829 862 882 889 Sed
898 862 1029 896 quoniam

1088 863 1131 888 καὶ
1156 861 1233 889 εἷπον
1267 863 1370 894 πάλαι,
1397 864 1444 890 καὶ
1478 865 1549 899 λέγω
1581 866 1660 901 ἄρτι·
1682 867 1879 902 Συγχωρητέον

239 918 301 945 quae
317 911 344 937 in
358 910 442 936 Deum
458 909 606 935 commissa
622 911 704 940 sunt,
722 907 842 935 hominis
861 915 913 934 non
932 913 991 940 est,
1009 909 1032 935 si

238 957 342 990 absque
362 955 521 989 paenitentia
543 958 697 985 maneant,
725 953 846 986 solvere;
876 953 914 980 illi
940 958 1032 980 autem

238 999 397 1034 paenitentia
413 998 536 1025 nondum
554 997 619 1024 tacti
636 996 763 1023 videntur
777 1005 784 1029 ;
805 997 872 1031 quin
889 997 941 1024 alia
955 997 1033 1024 insu-

241 1054 289 1081 per
305 1045 362 1072 ltare
374 1049 401 1071 et
416 1044 460 1070 illa
474 1044 565 1078 egisse
577 1051 638 1077 qua:
654 1042 705 1077 ipsi
725 1046 844 1070 norunt:
858 1043 972 1070 obsecro
982 1064 989 1075 ,
1005 1049 1035 1070 ιιι

240 1101 289 1127 per
299 1100 348 1119 vos
360 1092 417 1118 sive
429 1098 513 1123 nunc,
523 1090 580 1117 sive
596 1093 658 1124 post
668 1093 782 1116 mortem
795 1096 894 1120 meam,
905 1089 955 1116 hoc
969 1089 1032 1121 illis,

241 1139 422 1166 tentaliouum
436 1141 509 1164 metu
522 1156 529 1168 ,
547 1135 724 1163 denuntietur
738 1144 744 1161 :
764 1135 829 1169 quia
846 1135 943 1162 videtis
954 1155 960 1165 .
975 1135 1029 1162 ira-

239 1190 314 1217 tres,
333 1184 451 1212 terribile
472 1187 499 1210 et
519 1174 676 1209 inevitabile
690 1181 825 1215 judicium
840 1201 848 1213 ,
872 1181 924 1208 nisi
944 1181 1028 1208 Deum

240 1231 321 1265 digna
337 1229 495 1264 paenitentia
529 1227 703 1262 placaveritis
720 1233 729 1253 :
755 1231 888 1260 quantum
908 1226 980 1253 enim
997 1226 1030 1253 ad

241 1285 285 1304 me
310 1281 480 1311 peccatorem
507 1273 702 1309 ignoscendum
728 1278 770 1300 est
796 1273 884 1299 vobis.
914 1271 971 1299 Hoc
993 1276 1036 1300 est

241 1324 314 1360 quod
340 1321 463 1349 nonnihil
481 1328 525 1348 me
547 1320 691 1347 contristat
705 1339 712 1350 ,
737 1324 762 1345 et
784 1319 868 1345 menti
893 1318 1034 1345 occurrit:

241 1371 313 1406 quod
339 1374 369 1396 ut
387 1377 451 1404 erga
467 1374 563 1394 omnes
584 1365 731 1401 perﬁciatis
747 1372 796 1392 vos
814 1372 874 1392 oro.
900 1363 992 1392 Valete
1008 1364 1035 1391 in

241 1418 369 1445 Domino.

453 1460 550 1489 XXIII.
568 1475 602 1480 —
615 1459 762 1493 Praposilo
780 1459 825 1494 (‘).

1087 908 1190 939 αὐτοῖς.
1218 908 1288 935 Ἀλλ’
1315 909 1409 945 ἐπειδὴ
1436 909 1471 936 τὰ
1498 911 1538 942 εἰς
1554 910 1632 943 Θεὸν,
1655 912 1706 938 οὐκ
1734 912 1878 948 ἀνθρώπου

1087 953 1162 980 λύειν
1181 954 1357 990 ἁμετανόητα
1374 956 1490 990 μένοντα
1502 964 1508 971 ·
1526 957 1556 983 οὺ
1570 957 1658 991 δήπου
1675 957 1702 984 δὲ
1718 966 1881 993 μετανενοη-

1088 999 1166 1030 κὸτες
1198 1000 1357 1033 φαίνονται·
1396 1001 1466 1028 ἀλλὰ
1500 1002 1549 1029 καὶ
1589 1003 1882 1038 προσεξεργασάμενοι

1088 1044 1167 1071 τοῦτο
1182 1046 1303 1078 κάκεῖνο,
1320 1045 1338 1072 ἃ
1359 1046 1430 1073 ἴσασι
1441 1054 1448 1062 ⁸
1465 1048 1628 1083 παρακαλῶ,
1642 1048 1676 1075 δι’
1692 1049 1769 1083 ὑμῶν
1784 1048 1802 1084 ἦ
1820 1049 1883 1081 νῦν.

1088 1091 1144 1116 εἴτε
1174 1091 1244 1126 μετὰ
1269 1091 1385 1119 θάνατόν
1417 1101 1478 1128 μου,
1508 1093 1585 1129 φόϐῳ
1619 1094 1674 1121 τῶν
1702 1095 1884 1130 πειρασμῶν,

1087 1137 1199 1172 δοθῆναι
1223 1138 1316 1169 αὐτοῖς
1341 1138 1387 1165 τὸν
1413 1139 1512 1173 λόγοντ
1536 1140 1579 1166 ὅτι
1606 1140 1731 1175 βλέπετε,
1756 1141 1885 1175 ἀδελφὰ,

1089 1183 1206 1218 φοϐερὸν
1223 1183 1253 1210 τὸ
1281 1185 1369 1220 κρῖμα
1386 1185 1434 1211 καὶ
1455 1185 1646 1222 ἀπαραίτητον
1659 1195 1665 1202 ·
1683 1188 1715 1213 si“
1735 1189 1774 1222 μὴ
1797 1196 1887 1222 μετα-

1089 1229 1148 1264 νοίᾳ
1161 1229 1296 1265 ἀξιολόγῳ
1313 1229 1491 1262 ὲξιλεώσεσθε
1504 1231 1550 1258 τὸν
1562 1232 1643 1259 Θεόν·
1658 1233 1688 1259 τὸ
1706 1233 1760 1268 γὰρ
1774 1235 1805 1260 ὲν
1820 1235 1889 1269 ἐμοὶ

1087 1276 1127 1311 τῷ
1153 1276 1310 1312 ἁμαρτωλῷ
1333 1278 1525 1313 συγχωρητέον
1556 1279 1632 1313 ὑμῖν.
1658 1280 1744 1306 Τοῦτό
1764 1281 1826 1307 ἐστι
1855 1281 1889 1307 τὸ

1090 1322 1246 1349 ὑπολυποῦν
1277 1332 1311 1358 με
1341 1325 1389 1350 καὶ
1418 1325 1644 1360 παριστάμενον⁸
1680 1326 1694 1352 ὃ
1725 1326 1891 1354 διατελέσαι

1089 1366 1159 1401 πρὸς
1176 1367 1282 1399 πάντας
1299 1367 1419 1395 δυσωπῶ
1443 1369 1527 1405 ὑμᾶς.
1547 1370 1691 1406 Ἔρρωσθε
1719 1372 1748 1398 ὲν
1772 1372 1889 1408 Κυρίῳ.

1271 1461 1334 1490 Kl".
1344 1476 1373 1482 —-
1399 1461 1581 1498 Ἡτουμένῳ.
1593 1462 1686 1499 [σλβ’.]

736 1516 774 1541 De
788 1516 880 1540 sanctis
898 1515 1057 1546 imaginibus.
1073 1516 1172 1547 (Baron.
1186 1524 1226 1542 an.
1240 1518 1297 1549 816,
1311 1525 1336 1543 n.
1350 1519 1402 1550 54.)

277 1577 402 1605 Paterna:
414 1573 553 1602 sanctitati
567 1577 665 1600 vestrm
682 1571 819 1599 scribendi
836 1579 939 1598 moram
960 1570 1010 1598 feci
1028 1579 1035 1598 :
1050 1574 1072 1605 ρ

245 1625 280 1652 ita
298 1623 407 1660 quidem
423 1621 570 1655 impeditus
590 1619 624 1646 ab
640 1626 672 1645 ea
687 1617 811 1645 custodia
832 1624 893 1651 quze
918 1624 962 1643 me
983 1617 1038 1643 cir-

243 1674 372 1700 cumstat.
386 1667 485 1695 Audivi
497 1666 639 1693 enimvero
651 1665 716 1691 olim
730 1663 850 1690 carceris
864 1667 974 1697 propter
987 1663 1039 1689 Do-

245 1717 348 1744 minum
367 1721 399 1741 ac
415 1711 574 1740 certaminis
589 1711 630 1738 tui
650 1710 781 1737 laborem.
801 1708 854 1735 Sed
880 1708 1039 1735 benedictus

243 1763 316 1789 Deus
336 1761 383 1796 qui
404 1763 431 1786 et
453 1758 626 1786 sanctitatem
644 1761 719 1783 tuam
745 1754 853 1782 vocavit
875 1754 908 1780 ad
930 1753 1039 1780 confes-

244 1808 349 1835 sionem
367 1804 429 1832 Filii
445 1803 487 1831 sui
502 1802 566 1829 .lesu
582 1800 695 1832 Christi,
712 1798 818 1826 Domini
834 1803 861 1825 et
877 1797 924 1825 Dei
940 1797 1039 1824 nostri.

245 1852 340 1887 Neque
356 1851 430 1878 enim
445 1848 520 1876 aliud
534 1853 576 1875 est
591 1853 641 1882 pro
654 1845 772 1881 imagine
786 1844 882 1871 I'ormaa
896 1843 969 1870 illius
979 1851 1040 1870 cor-

245 1907 335 1935 porea:
349 1898 503 1928 decertare,
517 1902 600 1929 quam
614 1900 663 1929 pro
677 1892 737 1926 ipso
751 1891 913 1926 martyrium
929 1889 1038 1917 facere:

244 1942 467 1980 quandoquidem
480 1948 564 1968 unum
579 1938 707 1972 idemque
718 1941 771 1971 est,
784 1937 874 1972 quoad
887 1943 1040 1970 repracsen-

245 1990 321 2018 taudi
338 1989 402 2021 vim,
420 1991 447 2014 et
462 1987 552 2021 imago
565 1989 593 2012 et
608 1985 631 2012 is
645 1983 692 2018 qui
711 1982 829 2016 imagine
847 1981 1038 2008 adumbratur.

247 2035 360 2071 Depingi
374 2038 466 2062 autem
477 2032 636 2062 Christum,
657 2029 698 2056 vel
716 2028 820 2063 lapides
846 2027 896 2062 ipsi
911 2027 1040 2054 clamant.

245 2082 351 2110 Idcirco
373 2079 473 2108 similis
489 2078 577 2106 factus
593 2081 635 2104 est
654 2075 734 2102 nobis
756 2081 804 2108 per
823 2073 916 2100 omnia
937 2072 1042 2106 absque

246 2133 371 2164 peccato,
388 2127 460 2154 sicut
475 2125 609 2159 scriptum
623 2127 668 2149 est
679 2121 722 2148 διε
741 2120 844 2154 absque
861 2123 974 2154 peccato
990 2125 1040 2145 au-

247 2178 301 2200 tem
313 2192 320 2206 ,
338 2171 410 2206 quod
427 2170 486 2197 sine
501 2168 605 2195 semine
621 2173 732 2194 carnem
749 2164 864 2199 accepit,
878 2168 1041 2198 conceptus-

215 2231 218 2233 ·
246 2227 300 2254 que
323 2222 364 2245 est
385 2214 513 2251 virginali
536 2221 611 2241 more
634 2220 669 2240 ex
691 2210 870 2239 sanctissima
893 2208 979 2237 Matre
1009 2216 1042 2236 ac

249 2265 374 2299 Deipara.

283 2308 400 2342 Quando
428 2310 552 2334 nostrum
582 2304 664 2339 igitur
692 2301 886 2336 unusquisque
916 2299 1040 2335 pingitur

249 2357 328 2392 (nam
347 2355 392 2389 qui
414 2353 488 2389 pingi
507 2351 621 2387 nequit,
645 2358 698 2378 non
714 2350 738 2377 is
755 2349 838 2376 homo
851 2368 858 2380 ,
874 2347 922 2375 sed
937 2346 1041 2374 aborti-

249 2409 313 2428 vum
328 2399 457 2435 quiddam
471 2402 513 2425 est
530 2407 536 2425 :
556 2397 650 2424 vivens
665 2396 739 2423 enim
753 2393 910 2429 quodlibet,
923 2393 997 2427 quod
1013 2392 1041 2419 in

250 2446 338 2473 lucem
356 2444 432 2476 exit,
454 2448 550 2470 natura
569 2441 649 2468 habet
672 2445 703 2467 ut
723 2440 811 2474 ipsum
832 2438 905 2473 pingi
925 2437 1041 2472 possit),

251 2492 341 2527 pictus
354 2489 482 2517 videlicet
506 2493 535 2516 et
557 2487 686 2515 Christus
700 2490 761 2513 cst:
786 2485 838 2512 etsi
857 2485 937 2511 aliter
953 2482 1045 2517 impiis

252 2538 369 2569 videtur,
382 2536 429 2571 qui
441 2534 570 2562 salutaris
583 2532 696 2568 proinde
709 2529 926 2566 dispensationis
939 2533 1045 2563 myste-

253 2583 322 2610 rium
335 2582 481 2616 abnegant.
496 2579 564 2606 Nam
576 2586 632 2613 quo
645 2584 724 2612 pacto
736 2575 861 2604 conﬁteri
873 2575 935 2602 licet
945 2573 1044 2601 Filium

256 2628 302 2656 Dei
320 2628 457 2654 hominem
468 2646 476 2658 ,
502 2626 573 2653 sicut
588 2632 638 2652 nos
652 2643 660 2655 ,
682 2622 845 2657 appellatum
859 2639 867 2652 .
883 2628 1002 2655 quorum
1018 2624 1046 2647 et

255 2675 339 2700 frater
353 2671 506 2706 nuncupari
521 2671 625 2703 voluit;
645 2669 699 2696 nisi
717 2675 794 2703 aeque
811 2675 842 2695 ac
858 2673 909 2693 nos
924 2666 1045 2693 circum-

255 2719 414 2748 scribatur?
426 2720 480 2746 Aut
495 2717 632 2753 quomodo
653 2716 711 2751 lege
725 2721 830 2743 natura:
854 2721 948 2743 natum
963 2735 970 2749 ,
994 2715 1047 2742 nisi

292 2776 316 2792 λ’
332 2775 405 2802 Psal.
422 2783 499 2808 xvm,
518 2776 560 2803 15.
599 2775 622 2791 ”
636 2775 694 2803 Jac.
712 2782 753 2809 ιιι,
766 2774 792 2801 2.

296 2835 332 2870 (⁸)
352 2835 520 2871 Dogmatira.

833 2774 855 2790 ⁸³
876 2773 955 2802 llcbr.
973 2781 1010 2806 Iv,
1028 2773 1070 2800 l5.

1132 1573 1283 1609 Ἐϐράὸυνα
1298 1575 1451 1602 ἐπιστεῖλαι
1466 1577 1499 1611 τῇ
1516 1577 1637 1612 πατρικῇ
1654 1584 1700 1602 σου
1722 1577 1873 1612 ἁγιωσυνῃ
1885 1584 1894 1592 ·

1089 1618 1160 1646 οὕτω
1186 1629 1242 1652 πως
1266 1621 1442 1656 ἐμποδισοεὶς
1469 1622 1522 1648 ὑπὸ
1553 1622 1604 1657 τῆς
1638 1623 1828 1657 περιεχούσης
1857 1633 1899 1658 με

1089 1665 1252 1698 ἀσφαλείας.
1289 1666 1366 1693 Ἐπεὶ
1394 1667 1477 1693 πάλαι
1514 1667 1641 1702 ἀκηκοώς
1667 1668 1725 1702 εἰμι
1753 1667 1807 1702 τῆς
1845 1669 1900 1695 διὰ

1090 1711 1194 1746 Κύριον
1218 1711 1342 1747 φυλακῆς
1371 1713 1419 1738 καὶ
1444 1713 1616 1749 ὲνοιολήσεώς
1643 1722 1691 1739 σου
1715 1714 1760 1739 τὸν
1778 1714 1902 1747 ἀγῶνα.

1096 1757 1167 1783 Ἀλλ’
1182 1757 1329 1793 εὐλογητὸς
1343 1759 1357 1784 ὁ
1388 1758 1465 1792 Θεὸς,
1483 1760 1497 1785 ὁ
1525 1759 1573 1785 καὶ
1595 1759 1643 1794 τὴν
1667 1759 1717 1794 σὴν
1745 1760 1902 1794 ὁσιότητα.

1091 1803 1212 1835 καλέσας
1226 1804 1266 1835 εἰς
1279 1804 1329 1840 τὴν
1350 1804 1498 1839 ὁμολογίαν
1529 1805 1576 1831 τοῦ
1594 1805 1659 1831 Υίοῦ
1685 1805 1771 1832 αὑτοῦ
1798 1806 1905 1841 Ἰησῠῦ

1090 1849 1222 1884 Χριστοῦ,
1241 1849 1288 1875 τοῦ
1308 1849 1412 1885 Κυρίου
1436 1850 1484 1876 καὶ
1499 1849 1568 1876 Θεοῦ
1595 1849 1687 1886 ἡμῶν.
1718 1850 1757 1876 οὐ
1790 1851 1855 1885 γάρ
1876 1860 1907 1876 τι

1091 1895 1155 1922 ἄλλο
1169 1895 1229 1922 ἐστὶ
1243 1895 1272 1922 τὸ
1282 1895 1353 1930 ὑπὲρ
1370 1897 1420 1930 τῆς
1434 1895 1540 1927 εἰκόνος
1552 1895 1600 1921 τοῦ
1623 1895 1786 1930 σωματικοῦ
1806 1896 1909 1923 αὐτοῦ

1093 1941 1271 1977 χαρακτῆρος
1289 1940 1424 1973 ὲναολεῖν,
1440 1941 1456 1976 ἣ
1477 1941 1508 1967 τὸ
1525 1941 1590 1976 περὶ
1617 1941 1702 1970 αὑτοῦ
1723 1944 1910 1976 μαρτυρεῖν.

1099 1986 1210 2022 Ἐπειδὴ
1237 1986 1265 2012 ἓν
1283 1986 1330 2012 κα)⁸
1349 1986 1448 2012 ταυτὸν
1463 1987 1496 2022 τῇ
1517 1986 1667 2021 ὁμοιωτικῇ
1693 1986 1874 2018 ὗποστὰσῑι,
1894 1989 1912 2023 ἡ

1092 2032 1174 2059 εἰκὼν
1187 2032 1256 2068 πρὸς
1272 2032 1318 2058 τὸν
1340 2031 1553 2067 εἰκονιζόμενον.
1579 2032 1641 2059 ’Ὁτι
1671 2031 1701 2058 δὲ
1721 2033 1912 2065 εἰκενίζεται

1092 2077 1221 2112 Χριστὸς,
1236 2077 1284 2104 καὶ
1297 2077 1322 2102 οἱ
1338 2076 1408 2103 λίοοι
1428 2077 1593 2112 κεκράγασι.
1610 2077 1683 2102 Διὸτι
1708 2077 1808 2111 ὅμοιος
1827 2080 1912 2113 ἡμῖν

1093 2124 1191 2158 γέγονε
1201 2124 1272 2150 κατὰ
1283 2123 1374 2150 πάντα.
1383 2122 1451 2158 πλὴν
1461 2123 1615 2158 ἁμαρτίας·
1628 2122 1700 2150 καθὰ
1713 2123 1912 2158 γέγραπτακ

1095 2168 1234 2203 ἁμαρτίας
1244 2169 1283 2201 δὲ,
1294 2169 1335 2194 ὅτι
1348 2167 1412 2194 ἄνευ
1429 2169 1535 2204 σπορᾶς
1550 2169 1646 2204 εἴληφε
1662 2169 1712 2203 τὴν
1722 2169 1836 2204 σάρκα,
1859 2172 1912 2198 xui

1095 2213 1200 2247 ὲκυήοη
1219 2212 1393 2248 παρθενικῶς
1408 2213 1441 2238 ἐκ
1455 2212 1507 2247 τῆς
1522 2213 1659 2247 παναγίας
1678 2213 1766 2240 αΰτοῦ
1786 2217 1912 2252 μητρὶι

1094 2260 1140 2286 καὶ
1157 2259 1300 2285 Θεοτὸκου.
1843 2295 1846 2297 _

1134 2305 1211 2332 Ἐπεὶ
1224 2303 1272 2331 οὖν
1291 2306 1373 2340 ἡμεῖς
1389 2306 1583 2341 είκονιζόμεθα
1606 2306 1745 2338 ἄπαντες¹
1777 2306 1812 2339 ὃς
1855 2311 1912 2345 γᾶ,

1093 2351 1144 2377 οὐκ
1160 2351 1337 2383 είκονῐζεται,
1355 2352 1407 2378 οὐκ
1420 2351 1577 2387 ἄνθρωπος,
1607 2352 1677 2379 ἀλλά
1692 2361 1718 2378 τι
1738 2352 1908 2390 ἐκτρωμα

1095 2397 1136 2423 ὅτι
1147 2398 1193 2424 καὶ
1210 2398 1264 2423 πᾶν
1290 2397 1357 2429 ζῶον
1372 2399 1411 2429 εἰς
1435 2398 1493 2432 φῶς
1511 2398 1589 2424 ἑλοὺν
1601 2398 1788 2430 είκονίςεσοαι
1807 2403 1912 2436 πέψω

1098 2450 1160 2468 κεν’
1184 2442 1333 2469 εἰκόνια-ται
1358 2443 1481 2479 δηλονότι
1511 2443 1559 2470 καὶ
1587 2444 1726 2478 Χριστόςδ
1753 2444 1811 2471 xiv
1858 2451 1912 2475 τοὶ

1097 2486 1187 2517 ἀθέοις
1201 2486 1231 2512 οὺ
1247 2487 1325 2522 δοκῇ,
1340 2487 1523 2522 ἀρνουμένοις
1541 2487 1669 2514 ἐντεῦθεν
1686 2487 1718 2513 τὸ
1732 2487 1785 2520 τῆς
1804 2497 1912 2527 amt;

1098 2533 1157 2568 ρίου
1172 2533 1330 2569 οἰκονομίας
1347 2534 1508 2568 μυστήριον.
1532 2533 1594 2565 Πῶς
1620 2535 1675 2569 γὰρ
1702 2534 1737 2560 ἂν
1758 2535 1912 2573 ὖμΟ).ογ”ι

1096 2579 1155 2614 θείη
1172 2580 1185 2606 ὀ
1197 2579 1261 2611 Υἱὸς
1270 2579 1318 2606 τοῦ
1327 2579 1394 2606 Θεοῦ
1404 2580 1546 2615 ἄνθρωπος
1553 2579 1724 2615 χρηματίσαι
1737 2579 1803 2606 καθ’
1818 2583 1845 2618 ἡ
1852 2588 1909 2618 μᾶ

1095 2621 1133 2651 ὧν
1147 2625 1195 2652 καὶ
1211 2625 1324 2660 ἁδελφὸς
1339 2625 1439 2660 ἠξίωσε
1468 2625 1624 2660 κληθῆναι,
1652 2625 1691 2659 μὴ
1709 2625 1820 2659 ἐπίσης
1851 2631 1912 2664 ὴμ

1100 2670 1352 2706 περι-γραφόμενος
1365 2671 1427 2702 Πῶς
1444 2670 1472 2697 δὲ
1491 2670 1656 2706 γεννηθῆναι
1675 2670 1752 2705 νόμῳ
1773 2672 1912 2704 φύσει.)

1103 2715 1142 2752 μὴ
1153 2715 1276 2751 ἐμφερὴς
1292 2715 1330 2743 ῶν
1349 2716 1384 2751 τῇ
1402 2715 1493 2751 οἰκείᾳ
1513 2716 1617 2751 μητρί;
1637 2715 1669 2742 Εἰ
1693 2713 1742 2742 οὖν
1763 2716 1796 2742 οὺ
1833 2728 1912 2759 περ
