1923 3078
69 137 128 171 1189

654 137 924 168 EPISTOLARUM
958 137 1033 168 LIB.
1052 138 1093 167 Il.

1621 136 1689 169 1190

67 198 213 230 γέγραπται
225 215 231 225 ,
247 194 296 220 οὐκ
311 194 344 220 ἐκ
356 193 410 220 τῶν
423 193 596 228 παρθενικῶν
608 194 695 229 αὐτῆς
709 195 845 229 αἱμάτων,

905 194 936 221 sit
961 194 1041 220 matri
1066 200 1121 220 sua:
1137 191 1258 220 similis?
1282 190 1339 219 Nisi
1355 192 1438 227 igitur
1454 196 1498 220 est
1513 192 1690 221 circumscri-

67 241 92 273 ἰξ
98 238 132 266 ὧν
145 239 386 274 ὲπλαστοὺργησεν
415 239 506 274 ἑαυτῷ
533 239 607 270 ναὸν,
635 239 694 265 ἀλλ’
721 239 846 274 οὐράνιον

66 287 147 322 φέρων
163 286 242 320 σῶμα
252 293 259 301 ·
276 285 368 317 καθὼς
389 285 543 320 Μαρκέλλῳ
556 285 596 320 τῷ
611 284 744 320 αἱρετικῷ
760 285 845 318 δοκεῖ,

69 332 110 357 καὶ
138 332 194 361 τοῖς
224 329 278 364 πρὸ
304 329 388 356 αὑτοῦ
414 329 500 356 πάλαι
523 329 661 364 ἀσεβέσιν.
702 329 845 356 Ἐντεῦθεν

65 377 149 402 λοιπὸν
169 376 229 402 οὐδὲ
247 377 340 411 μήτηρ
356 376 464 410 ἀληθῶς
482 376 498 411 ὴ
522 376 626 411 μήτηρ,
644 375 713 402 ἀλλὰ
738 375 845 410 ψευδώ-

67 428 159 455 νυμος·
175 420 231 446 οὐδ’
244 421 312 455 ἡμῖν
333 420 437 454 ὅμοιος,
458 419 517 446 ἀλλ’
536 419 715 455 ἑτεροούσιος.
736 419 772 446 Οὐ
792 419 846 454 μὴν

66 466 122 492 οὗτε
144 465 230 500 Ἀδὰμ
252 465 454 500 ἀνακέριληταν
471 465 529 497 πῶς
545 465 597 500 γὰρ
617 465 670 498 av;
692 465 848 501 ἑτερογενεῖ

65 511 238 544 ἀναστήσεται
256 508 362 544 σώματι
383 509 413 535 τὸ
427 509 535 544 χοῖχόν;
564 509 637 536 Διότι
656 509 695 544 τῷ
719 510 806 544 ὁμοίῳ
817 509 847 535 τὸ

64 556 149 590 ὅμοιον
173 554 362 586 ἀνασώζεσθαι
380 554 525 581 δέδεικται.
545 554 615 580 Οὔτε
640 552 687 581 οὖν
700 555 715 581 ὁ
731 554 846 586 θάνατος

63 601 211 635 κατεπόθη,
239 599 312 626 κατὰ
336 600 367 626 τδ
390 599 556 627 ἀκόλουθον·
592 599 655 626 οὕτε
693 601 710 635 ἡ
747 600 846 635 νομικὴ

64 646 172 682 λατρεία
211 647 365 673 πέπαυται*
398 646 480 681 χρεία
518 646 681 682 περιτομῆς,
718 647 764 673 καὶ
792 646 848 673 τῶν

65 701 170 720 Αοιπων.

99 781 190 816 Ὁρᾷς,
201 777 224 807 ὦ
235 781 281 807 τοῦ
296 781 363 808 Θεοῦ
376 780 515 817 ἄνθρωπε,
530 782 571 813 εῐς
589 782 603 808 ὃ
619 781 757 818 βάραθρον
785 783 849 809 ἀσε-

62 826 135 857 ϐείας
156 826 319 861 ἐληλακότες
345 827 531 863 ὲνεπάρησαν,
553 829 585 854 ὲκ
607 827 655 854 τοῦ
681 827 719 863 μὴ
745 829 849 864 ἐγγρά-

63 873 157 905 φεσθαι
172 872 218 899 τὸν
234 872 353 907 Χριστὸν
366 873 395 899 ὲν
416 873 512 900 πίνακι
537 873 662 906 δοξάζειν
689 874 714 900 oi
735 875 846 900 Εἰκονο-
860 865 884 894 Β

63 917 159 952 μάχοις
195 917 385 949 Ἰουδαϊζουσιν
413 917 468 952 ἄρα
512 918 672 952 ἁσφαλῶς.’
706 918 848 945 Ἐντεῦθεν

62 963 119 989 οὔτε
139 963 189 997 τὴν
203 962 344 995 Θεοτόκον,
371 963 434 989 οὔτε
461 964 523 990 τινά
547 964 602 991 τῶν
624 965 710 999 ἁγίων
729 965 849 1000 παραδέ-

63 1017 171 1042 χονται,
189 1008 234 1035 διὰ
258 1010 309 1043 τῆς
336 1009 392 1036 τῶν
415 1010 525 1037 οίκείων
549 1010 640 1036 αὐτῶν
664 1012 849 1046 χαρακτήρων

63 1055 212 1089 ἀρνήσεως,
236 1055 299 1086 τοὺς
320 1056 612 1091 χαρακτηοιζομένους
630 1056 847 1091 βδελυττόμενοι.

68 1099 98 1125 Ἡ
107 1100 161 1134 γὰρ
171 1100 222 1134 τῆς
240 1101 343 1131 εἰκόνος
353 1101 419 1136 τιμὴ
430 1102 477 1128 καὶ
490 1101 588 1136 ἀτιμία
601 1101 649 1128 ἐπὶ
659 1101 690 1128 τὸ
704 1101 847 1136 πρωτότο-

61 1153 109 1170 πον
119 1144 254 1171 διαϐαίνει
266 1165 274 1177 ,
287 1144 325 1176 ὦς
338 1153 421 1180 φησιν
445 1146 459 1172 ὁ
474 1145 561 1180 μέγας
577 1146 728 1177 Βασίλειος.
753 1146 850 1172 Βδέλυ-

62 1190 104 1222 ξαι
129 1191 175 1217 τὸν
198 1190 285 1218 τύπον
312 1191 360 1217 τοῦ
387 1191 521 1227 σταυροῦ·
543 1192 591 1218 κα)⁸
610 1192 671 1218 τίνα
698 1191 848 1228 βδελύσσῃ;

62 1236 121 1271 οὐχὶ
131 1236 177 1262 τὸν
190 1235 323 1268 ζωοποιὸν
347 1237 478 1272 σταυρόν;
503 1237 597 1268 Οὕτως
626 1236 674 1264 τοῦ
701 1237 848 1272 βασιλέως,

61 1282 148 1313 οὕτως
162 1282 318 1308 οὑτινοσοῦν
332 1282 477 1317 ἀνθρώπου
487 1291 494 1298 ·
506 1282 578 1309 οὓτω
594 1284 641 1310 καὶ
655 1283 703 1309 τοῦ
719 1283 850 1318 Χριστοῦ,

62 1328 109 1362 τῆς
122 1336 153 1354 τε
167 1328 282 1363 Μητρὸς
300 1328 396 1360 αὐτοῦ,
422 1328 470 1354 καὶ
485 1329 586 1360 παντὸς
603 1329 694 1363 ἁγίου.
714 1330 851 1364 Ἧρνηται

61 1374 107 1400 νῦν
122 1375 136 1400 ὁ
149 1374 279 1409 Χριστὸς,
295 1375 342 1400 καὶ
351 1374 508 1407 δεδίωκται,
529 1375 576 1401 καὶ
589 1375 776 1406 ὲξουδὲνωται.
798 1376 852 1402 Καὶ

63 1418 200 1452 μακάριος
218 1416 253 1448 εἷ,
267 1417 368 1452 Πάτερ,
384 1418 504 1445 ἐναθλῶν
527 1419 575 1445 καὶ
599 1420 780 1454 ἀντεχόμενος
802 1421 852 1455 τῆς

61 1461 228 1495 ὀρϐοδοξίας.
238 1460 318 1488 Ἀλλὰ
333 1462 486 1497 προσεύχου
499 1464 546 1490 καὶ
565 1463 636 1499 ὑπὲρ
662 1464 730 1499 ἐμοῦ
749 1465 796 1491 τοῦ
811 1466 852 1491 οί-

897 244 972 275 plus,
990 248 1044 266 non
1056 248 1089 266 ex
1102 239 1232 274 virginali
1246 239 1332 274 ipsius
1346 240 1480 274 sanguine
1491 259 1498 271 ,
1518 247 1551 267 ex
1570 248 1624 274 quo
1638 241 1690 268 sibi

897 286 954 320 ipse
965 286 1097 320 templum
1111 286 1257 318 exstruxit,
1272 285 1318 313 sed
1330 285 1442 312 caeleste
1455 285 1563 319 praefert
1577 293 1690 320 corpus.

897 331 936 357 uti
951 330 1080 358 Marcello
1094 330 1222 358 haeretica
1240 330 1327 357 visum
1351 334 1412 361 est,
1437 330 1596 365 exterisque
1622 330 1688 356 olim

897 377 989 411 impiis
1005 382 1067 404 ante
1081 377 1185 411 ipsum.
1202 376 1280 404 Unde
1297 380 1500 402 consectarium
1517 381 1558 402 est
1571 395 1578 406 ,
1596 381 1626 402 ut
1643 383 1691 402 ne-

897 429 952 456 que
967 426 1054 449 mater
1065 430 1128 449 vere
1142 428 1229 448 mater
1246 422 1292 452 sit,
1309 422 1357 448 sed
1370 421 1468 448 falsum
1484 428 1581 446 nomen
1596 426 1670 455 gerat
1684 430 1690 446 :

898 475 948 495 nec
964 468 1010 495 ille
1025 468 1124 495 similis
1139 467 1230 500 nobis,
1246 468 1292 494 sed
1304 470 1409 493 natura:
1427 466 1581 493 dissimilis.
1599 466 1692 500 Neque

898 512 982 546 igitur
998 513 1084 539 Adam
1102 513 1255 547 appellatus
1270 516 1311 539 est
1325 520 1332 538 τ
1354 519 1415 538 nam
1432 519 1487 546 quo
1503 511 1529 538 id
1544 512 1643 545 pacto?
1662 512 1691 537 lu

898 558 1012 586 alterius
1024 561 1129 585 natura:
1140 565 1255 592 corpore
1269 563 1393 591 resurget
1406 557 1479 591 quod
1493 561 1622 583 terrestre
1631 556 1693 582 est?

897 604 977 632 Certe
993 604 1075 631 simili
1099 603 1189 631 simile
1209 603 1308 630 salvari
1330 603 1501 637 intelligitur.
1528 603 1621 635 Neque
1646 601 1693 636 igi-

898 653 943 676 tur
961 649 1044 683 (nam
1067 648 1093 675 id
1110 653 1152 676 est
1166 655 1198 675 ex
1215 655 1248 674 eo
1265 648 1456 681 consequens)
1473 653 1546 674 mers
1563 647 1691 680 absorpta

895 699 938 726 est
951 714 959 727 ,
974 702 1062 729 neque
1080 694 1177 728 legalis
1193 693 1312 720 servitus
1324 693 1405 720 desiit
1419 701 1426 719 :
1449 697 1505 719 tum
1519 700 1582 719 vero
1596 697 1623 719 et
1638 693 1692 719 cir-

899 740 1070 767 cumcisione
1081 759 1089 772 ,
1105 743 1132 766 et
1147 739 1260 773 reliquis
1273 745 1352 772 opus.

936 785 1027 818 Vides,
1047 793 1064 812 ο
1084 785 1166 812 homo
1181 784 1228 812 Dei
1242 805 1249 817 ,
1271 784 1297 810 in
1313 791 1394 819 quem
1409 784 1527 812 demersi
1544 784 1691 818 impietatis

900 829 1032 864 gurgitem
1047 829 1220 856 lconomachi
1234 829 1405 860 devenerint,
1419 836 1473 855 non
1485 829 1594 863 depingi
1608 829 1690 856 Chri-

898 879 970 901 stum
998 874 1024 900 iu
1053 874 1144 901 tabula
1171 874 1344 901 statuentes?
1367 874 1478 908 Absque
1501 875 1557 901 ulla
1583 874 1691 901 dubita—

899 918 1134 951 tionejudaitant,
1149 917 1219 944 lliuc
1233 925 1323 952 neque
1343 918 1496 952 Deiparam,
1514 926 1563 945 nec
1576 924 1690 946 sancto-

899 971 959 990 rum
971 970 1135 998 quemq'tam
1152 963 1310 996 adtnittunt,
1325 971 1372 998 per
1388 963 1560 998 negationem
1574 965 1692 999 propria:

901 1009 1025 1044 ipsorum
1047 1009 1083 1035 for
1094 1016 1154 1040 mar,
1170 1016 1218 1036 eos
1234 1016 1343 1043 quoque
1358 1017 1476 1043 quorum
1494 1009 1581 1036 forma
1601 1011 1692 1045 expri-

900 1055 995 1088 mitur,
1011 1059 1198 1082 exsecrantes.
1223 1054 1352 1089 lmaginis
1367 1055 1440 1082 enim
1464 1055 1551 1082 honor
1574 1059 1693 1085 etwon—

900 1105 1020 1135 temptus
1036 1100 1062 1127 in
1079 1105 1252 1134 prototypum
1274 1099 1361 1131 redit,
1382 1104 1412 1126 ut
1429 1107 1544 1135 magnus
1558 1100 1597 1127 ait
1610 1100 1689 1127 Basi-

901 1147 963 1174 lius.
980 1146 1076 1174 Crucis
1101 1146 1309 1173 similitudinem
1325 1146 1478 1173 exsecraris
1495 1154 1502 1172 :
1529 1154 1610 1180 quam
1634 1154 1692 1174 rem

901 1197 927 1220 te
943 1191 1081 1219 exsecrari
1106 1191 1219 1219 censes?
1246 1199 1337 1218 nonne
1357 1192 1445 1226 ipsam
1467 1191 1602 1218 vivilicam
1629 1200 1693 1220 cru-

901 1237 977 1266 cem?
990 1237 1035 1265 Sic
1050 1237 1083 1264 de
1099 1237 1170 1271 regis
1186 1236 1284 1271 elligic,
1299 1241 1346 1264 aut
1363 1237 1484 1271 cujusvis
1500 1237 1638 1264 hominis:
1654 1237 1695 1264 sic

900 1289 927 1311 et
943 1283 1061 1316 Christi,
1076 1287 1103 1310 et
1118 1282 1212 1310 Matris
1223 1283 1283 1318 ejus
1302 1288 1330 1310 et
1344 1284 1431 1310 sancti
1446 1283 1600 1318 cujuslibet.
1617 1281 1696 1310 Nunc

900 1328 1029 1356 Christus
1046 1334 1160 1363 negatus
1175 1333 1226 1360 est,
1244 1333 1271 1355 et
1287 1329 1508 1363 persecutionem
1526 1336 1623 1363 passus
1637 1333 1694 1360 cst,

903 1379 930 1402 et
947 1374 1100 1408 despicatui
1117 1374 1224 1401 habitus
1239 1379 1287 1401 rst.
1304 1374 1337 1400 Et
1360 1374 1455 1401 beatus
1469 1381 1513 1406 es,
1528 1373 1617 1405 Pater,
1632 1380 1694 1400 cum

903 1420 1021 1447 dimicas
1037 1428 1069 1447 ac
1081 1420 1215 1447 obniteris
1230 1428 1280 1455 pro
1293 1420 1446 1447 orthodoxa
1463 1420 1524 1447 lide.
1539 1420 1590 1446 Sed
1604 1423 1631 1446 et
1646 1427 1696 1454 pro

902 1473 946 1492 me
963 1466 1063 1493 misero
1079 1473 1205 1499 precare,
1222 1471 1252 1492 ιιι
1267 1466 1391 1501 vestigiis
1409 1465 1563 1493 sanctitatis
1578 1470 1631 1492 tua:
1652 1465 1694 1492 in-

61 1507 163 1542 κτροῦ,
190 1507 305 1534 κατόπιν
323 1508 392 1536 livet
418 1509 469 1544 τῆς
483 1510 639 1546 ἁγιωσύνης
655 1519 702 1537 σου
714 1531 722 1543 ,
747 1511 795 1538 καὶ
812 1511 849 1546 μὴ

905 1511 996 1538 sistam
1007 1531 1016 1544 ,
1033 1519 1083 1539 nec
1095 1516 1205 1546 propter
1224 1517 1335 1547 peccata
1354 1519 1414 1539 mea
1427 1512 1534 1546 ejiciar.

62 1553 236 1588 ἀπωσθῆναι,
248 1554 294 1580 διὰ
308 1553 358 1585 τὰς
374 1554 512 1589 ἁμαρτίας
530 1564 593 1590 μου.

240 1610 304 1637 ΚΔ¹.
320 1625 355 1631 -
372 1610 506 1644 ἰγ-νοτίῳ
518 1610 623 1645 τέκνῳ.
635 1611 728 1648 [σλζ’.]

1130 1611 1224 1640 XXIV.
1237 1627 1271 1633 —
1283 1611 1390 1647 Iguutio
1403 1612 1471 1647 ﬁlio.

732 1669 849 1696 Celebrat
858 1670 926 1694 illius
939 1669 1038 1694 laudes.

99 1711 135 1737 Ἀ
167 1709 325 1746 γέγραφας,
343 1711 439 1739 τέκνον
466 1712 658 1747 ἠγαπημένον,
681 1713 767 1747 ἔγνων
780 1722 786 1729 ·
805 1713 853 1740 καὶ

64 1755 152 1790 χαίρω
160 1756 269 1782 ἁκούων
277 1764 324 1782 σου
332 1756 382 1791 τῆς
389 1757 492 1792 φωνῆς·
501 1757 530 1783 οὺ
542 1758 596 1793 μὴν
605 1758 642 1789 ὡς
651 1758 854 1792 ὑπολαμϐάνεις

63 1802 96 1827 τὰ
108 1802 172 1828 κατ’
183 1801 235 1836 ἐμέ
247 1809 254 1816 ·
265 1802 337 1828 ἕωλα
349 1802 403 1838 γὰρ
418 1803 466 1829 καὶ
482 1803 631 1838 οὑδαμινά·
644 1803 713 1839 πλὴν
727 1805 751 1830 ει
766 1804 855 1838 λέγοις

62 1846 232 1881 ὡφελεῖσθαι
244 1848 272 1874 ὲν
282 1849 338 1879 τοῖς
351 1848 443 1882 λόγοις
457 1857 521 1883 μου.
537 1849 629 1884 Γράφε
643 1849 690 1875 καὶ
702 1849 779 1884 δέχου
790 1857 796 1863 ·
809 1851 856 1876 καὶ

63 1893 163 1926 φθόνος
173 1893 272 1925 οὐδείς.
298 1894 414 1929 Συνίημι
428 1894 484 1929 βίον
500 1895 592 1921 ἕλκειν
612 1903 642 1921 σε
654 1903 855 1931 στενοχωρητι-

61 1939 111 1965 σιὸν
123 1940 155 1965 ἐν
168 1938 209 1974 τῷ
225 1939 342 1975 παρόντι
357 1939 487 1975 διωγμῷ·
512 1940 608 1976 ὥσπερ
624 1941 673 1967 καὶ
693 1941 717 1967 οί
741 1941 856 1976 ὁμοτρό-

61 1993 124 2016 πως
153 1993 196 2011 σοι
220 1985 415 2020 κρυπτόμενοι.
450 1985 521 2012 Ἀλλ’
551 1987 567 2020 ἡ
587 1986 666 2017 ἐλπὶς
691 1986 855 2020 κουφιζέτω.

63 2030 133 2065 Ἐχε
149 2030 185 2056 τὰ
202 2031 273 2056 κατὰ
297 2031 327 2056 σὲ
350 2030 490 2065 ἀσφαλῶς,
510 2031 580 2065 μετὰ
600 2031 648 2057 τοῦ
672 2031 756 2057 καλοῦ
773 2032 857 2057 Εὐσε-

61 2074 135 2109 βίου,
156 2075 187 2101 ὃν
199 2077 246 2102 καὶ
264 2077 472 2111 προσαγορεύω.
496 2076 530 2102 Ἦ
542 2077 618 2111 παρὰ
633 2076 688 2103 τῶν
709 2078 859 2112 αίρετικῶν

59 2119 198 2146 κοινωνία.
212 2120 243 2146 οὐ
257 2120 346 2151 κοινὸς
364 2120 540 2156 apage)»
556 2121 713 2156 φάρμακον,
730 2122 760 2147 οὐ
779 2122 859 2155 σῶμα

58 2165 201 2200 βλάπτον,
228 2165 298 2193 ἀλλὰ
322 2166 412 2201 ψυχὴν
429 2167 556 2201 μελαῖνον
573 2168 621 2193 καὶ
644 2167 786 2199 σκοτίζονο
816 2168 859 2202 ῥί-

57 2221 145 2239 πτειν
162 2212 249 2239 δὲκαὶ
261 2212 393 2248 κρύΰδην,
408 2214 458 2239 οὐκ
469 2213 532 2248 ἐμοὶ
547 2213 577 2240 τὸ
589 2213 690 2246 λέγειν.
706 2213 787 2240 Ἀλλὰ
800 2213 856 2239 τῶν

55 2257 221 2284 ποιούντων
235 2258 325 2293 φόϐῳ·
345 2259 411 2294 περὶ
424 2255 462 2285 ὧν
476 2258 566 2285 ἐκεῖνο
586 2257 678 2292 λέγειν
709 2257 798 2290 ἐστιν,
820 2258 861 2285 ὅτι

54 2303 181 2329 Πολλοὶ
208 2302 268 2329 τῶν
290 2304 446 2338 ἀρχόντων
475 2304 640 2330 ἐπίστευον
665 2305 709 2336 εἰς
744 2305 860 2331 αὐτόν’

34 2343 38 2346 ”
53 2349 136 2375 ἀλλ’
154 2349 214 2382 οὐχ
226 2349 402 2383 ὡμολόγουν
416 2349 465 2376 διὰ
487 2349 559 2382 τοὺς
581 2350 763 2383 Φαρισαίους
775 2358 782 2366 ·
810 2350 849 2376 ἵν(

911 2352 986 2387 pibus
1006 2349 1173 2377 crediderunt
1194 2350 1220 2376 in
1238 2357 1297 2376 eum
1318 2356 1327 2375 .'

49 2393 107 2428 μὴ
119 2393 355 2428 ἀποσυνάγωγοι
367 2394 521 2428 γένωνται.
544 2395 721 2430 Ἠγιίπησαν
734 2395 790 2430 γὰρ
803 2395 862 2429 τὴν

54 2437 167 2469 δόξαν
183 2438 244 2464 τῶν
269 2438 435 2472 ἀνθρώπων
447 2437 568 2471 μᾶλλον
581 2439 600 2473 ἢ
620 2439 678 2472 τὴν
692 2439 789 2472 δόξαν
807 2439 862 2466 τοῦ

54 2484 155 2510 Θεοῦ.
175 2484 207 2509 Εἰ
222 2483 251 2509 δὲ
265 2483 414 2518 ὀρθοδόξων
430 2484 457 2510 αί
472 2484 551 2519 εὐχαὶ
575 2484 625 2518 τῆς
644 2485 800 2520 ίερουργίας
813 2493 820 2501 ·
837 2485 862 2512 τί

52 2528 160 2561 τσῧτο,
179 2530 204 2555 εί
228 2528 303 2562 παρὰ
325 2529 474 2564 αἱρετικῶν
508 2529 635 2562 γίνοιντο,
658 2530 861 2565 συμϐάλλεται;

51 2574 107 2601 Οὐ
123 2576 180 2610 γὰρ
207 2573 246 2604 ὡς
269 2575 284 2600 ό
309 2574 426 2609 ποιήσας
451 2574 537 2605 αὑτὰς
556 2574 718 2609 φρονοῦσιν·
746 2576 808 2602 οὐδὲ
825 2576 863 2607 ὡς

50 2620 149 2646 αὐταὶ
173 2618 203 2644 αἱ
220 2619 307 2652 φωναὶ
324 2619 504 2654 σημαίνουσι,
529 2620 720 2647 πιστεύουσιν·
747 2622 863 2657 ἐπείπερ

49 2664 147 2691 πᾶσι
162 2664 179 2699 ἡ
196 2666 389 2699 μυσταγωγία,
400 2665 519 2701 Χριστὸν
534 2666 679 2701 ἄνθρωπον
692 2667 801 2702 ἀληθῶς
816 2675 864 2701 γε-

48 2709 204 2744 γενῆσθαι
217 2709 338 2742 δοξάζει·
352 2711 376 2742 oi
390 2711 419 2737 δὲ
440 2711 597 2746 ἀρνοῦνται,
612 2712 665 2740 κᾶν
687 2712 800 2748 λέγωσι,
820 2713 864 2741 διὰ

47 2756 96 2782 τὸ
118 2757 231 2790 φρονεῖν
246 2756 284 2792 μὴ
298 2756 512 2789 ὲξεικονίζεσθαι
527 2758 618 2786 αὐτόν.

103 2848 130 2862 ⁸⁵
144 2847 225 2874 Jom.
246 2856 297 2882 xtl,
314 2849 357 2876 l2.

939 1711 1005 1745 Qum
1020 1711 1172 1746 scripsisti,
1188 1711 1285 1739 dilecte
1307 1711 1361 1745 illi,
1388 1712 1528 1746 intellexi,
1552 1720 1584 1740 ac
1605 1720 1697 1740 vocem

905 1762 978 1784 tuam
995 1757 1104 1792 quidem
1126 1757 1220 1784 audire
1235 1765 1278 1784 me
1292 1758 1408 1785 delectat
1425 1767 1432 1785 :
1450 1762 1478 1786 at
1497 1766 1542 1786 res
1562 1766 1628 1786 mea?
1645 1767 1698 1785 non

905 1804 946 1830 sic
965 1807 1039 1834 sunt,
1055 1808 1084 1830 ut
1097 1808 1123 1830 tu
1139 1803 1302 1837 existimas;
1324 1811 1385 1830 nam
1401 1809 1466 1831 sunt
1478 1804 1574 1832 inanes
1588 1813 1619 1832 ac
1636 1805 1698 1831 nul-

906 1849 959 1876 lius
982 1849 1077 1883 pretii,
1102 1849 1155 1876 nisi
1178 1849 1251 1883 quod
1278 1849 1453 1876 sermonibus
1473 1850 1543 1877 meis
1563 1850 1652 1884 juvari
1673 1854 1700 1877 te

906 1895 957 1922 ais.
976 1894 1072 1922 Scribe
1087 1898 1113 1921 et
1127 1894 1240 1928 accipe:
1259 1901 1309 1921 nec
1323 1894 1461 1922 invidebo.
1478 1893 1602 1930 Intelligo
1614 1895 1698 1922 vitam

909 1941 1018 1967 trahere
1035 1944 1060 1966 te
1081 1940 1189 1974 plenam
1207 1940 1396 1967 molestiarum
1415 1941 1441 1967 in
1462 1941 1588 1975 praesenti
1607 1949 1701 1975 perse-

907 1986 1040 2013 cutione:
1062 1985 1293 2018 quemadmodum
1316 1989 1343 2012 et
1364 1985 1382 2012 'ri
1407 1985 1454 2020 qui
1472 1985 1601 2013 similiter
1622 1991 1701 2012 actu

908 2031 935 2058 in
952 2030 1064 2058 latebris
1077 2030 1189 2064 degunt.
1204 2029 1256 2056 Sed
1273 2029 1392 2056 laborem
1410 2037 1474 2064 spes
1489 2030 1621 2057 sublevet.
1639 2030 1700 2057 Tibi

909 2076 1006 2105 sedulo
1019 2084 1085 2103 cave
1101 2083 1163 2102 cum
1178 2075 1286 2110 egregio
1305 2074 1435 2106 Eusebio,
1450 2083 1532 2110 quem
1547 2080 1575 2103 et
1595 2075 1698 2103 saluto.

909 2121 1074 2150 Communio
1086 2128 1149 2148 cnm
1166 2120 1302 2147 luereticis
1317 2127 1370 2147 non
1384 2120 1462 2154 panis
1478 2121 1633 2147 communis
1647 2124 1700 2152 est,

910 2169 956 2196 sed
976 2175 1110 2195 venenum
1124 2187 1131 2199 ,
1148 2166 1220 2202 quod
1236 2174 1291 2193 non
1308 2173 1410 2200 corpus
1425 2165 1535 2200 quidem
1549 2185 1556 2198 ,
1573 2166 1620 2192 sed
1642 2165 1703 2192 ani-

911 2221 986 2241 mum
1002 2213 1131 2240 obscurat
1144 2217 1171 2238 et
1184 2211 1345 2238 oblcuebrat
1359 2220 1365 2237 :
1383 2211 1518 2246 projicere
1529 2218 1594 2238 vero
1608 2211 1702 2238 occul-

911 2264 948 2292 te,
962 2267 1015 2286 non
1026 2263 1068 2286 est
1081 2266 1172 2285 meum
1181 2258 1272 2285 dicere
1286 2266 1293 2290 ;
1309 2257 1355 2284 sed
1369 2257 1487 2292 suntqui
1499 2261 1571 2284 metu
1581 2256 1699 2289 laciant;

912 2305 946 2333 de
965 2305 1065 2340 quibus
1079 2304 1146 2331 illud
1167 2311 1300 2337 usurpare
1316 2303 1356 2331 las
1373 2307 1415 2330 est
1429 2311 1436 2329 :
1458 2301 1540 2328 Multi
1557 2310 1589 2328 ea:
1601 2302 1701 2335 princi-

1353 2349 1398 2376 ted
1423 2353 1529 2383 propter
1549 2347 1701 2374 lert'smos

909 2404 961 2422 non
979 2395 1182 2429 conﬁtebantur,
1209 2399 1238 2421 ut
1262 2403 1275 2421 ι
1300 2394 1440 2429 Synagaga
1458 2402 1508 2420 non
1531 2394 1699 2428 ejicerentur.

910 2442 1066 2469 Dilexeruut
1091 2441 1160 2467 enim
1185 2440 1300 2474 gloriam
1330 2440 1466 2466 hominum
1493 2441 1597 2475 magis,
1622 2448 1702 2475 quam

909 2486 1022 2521 gloriam
1048 2485 1096 2512 Dei
1120 2485 1154 2511 ⁸⁸.
1177 2484 1255 2517 Quod
1281 2484 1304 2511 si
1333 2484 1550 2512 orthodoxorum
1575 2489 1637 2511 sunt
1663 2492 1703 2511 eae

911 2539 1005 2567 preces
1017 2531 1118 2566 quibus
1132 2539 1175 2558 res
1187 2538 1266 2558 sacra
1281 2530 1422 2565 peragitur
1437 2539 1444 2556 :
1463 2537 1607 2564 quorsum,
1622 2537 1655 2556 an
1667 2531 1702 2556 ab

911 2577 1046 2604 hmreticis
1071 2577 1124 2603 illa:
1139 2577 1221 2609 tiant,
1239 2575 1432 2610 disceptatur?
1455 2575 1549 2610 Neque
1563 2575 1636 2602 enim
1655 2582 1703 2601 eas

916 2622 1028 2657 perinde
1043 2628 1125 2656 atque
1141 2622 1264 2656 ipsarum
1285 2626 1381 2648 auctor
1400 2621 1555 2656 intelligunt
1579 2629 1586 2648 :
1615 2627 1704 2654 neque

916 2667 944 2694 id
961 2668 1077 2694 credunt
1090 2667 1163 2701 quod
1180 2673 1263 2694 voces
1282 2666 1349 2701 ipsa:
1362 2664 1518 2700 signiﬁcant
1538 2673 1545 2691 :
1568 2663 1703 2698 siquidem

917 2712 956 2739 rei
980 2719 1066 2739 sacrae
1084 2712 1206 2746 peractio
1221 2712 1312 2739 omnis
1326 2710 1465 2738 Christum
1483 2710 1623 2737 hominem
1640 2715 1704 2735 vere

918 2756 1020 2784 factum
1036 2757 1129 2784 statuit
1147 2767 1153 2784 :
1176 2757 1204 2784 hi
1217 2764 1281 2784 vero
1301 2760 1418 2791 negant,
1438 2755 1572 2792 quidquid
1595 2754 1702 2787 dicant,

918 2804 964 2840 qui
980 2811 1041 2831 cum
1055 2803 1127 2838 pingi
1144 2811 1224 2838 posse
1240 2803 1406 2831 inliciantur.
