1923 3078
117 113 191 146 1165

722 123 992 154 EPISTOLARUM
1013 125 1086 154 LIB.
1120 125 1161 155 II.

1692 121 1760 155 1166

148 171 197 205 ϐα,
208 172 259 200 καὶ
270 172 331 208 τοῖς
343 175 395 201 ὑπ’
412 176 490 211 αὐτῇ
506 178 602 212 ὁσίοις
618 188 677 214 μου
689 180 834 214 Πατράσι,
846 181 911 208 Θεό-

1003 182 1130 210 Patribus
1151 183 1227 214 meis,
1247 181 1399 210 Theodorus
1425 181 1561 215 minimus,
1584 181 1716 218 presbyter
1734 187 1759 209 et

149 217 245 252 δωρος
260 219 435 256 ἐλάχιστος,
461 225 661 260 πρεσϐύτερος
681 227 729 254 καὶ
745 228 914 262 ἡγούμενος

150 263 211 291 τῶν
224 265 381 295 Στουδίου.
814 274 895 310 [σς’.]

149 309 232 345 Χαρά
246 319 292 346 μοι
310 313 417 349 μεγάλη
431 315 479 342 καὶ
494 315 573 351 δόξης
589 318 722 353 περιϐολὴ
736 319 776 355 τῷ
790 309 894 356 ἀναξίιιι
903 328 909 336 ·

111 355 213 389 ὅτιπερ
228 357 350 392 ἠξίωμαι
364 359 472 391 εὐτελές
486 370 536 396 μου
548 366 739 398 γραμματεῖον
753 355 913 394 ἀποστεῖλαι

112 399 142 424 ἐν
155 399 234 446 τόπῳ
249 401 330 436 ἁγίῳ,
346 403 375 429 ἐν
392 407 504 439 σκηναῖς
520 407 601 433 ὁσίων
613 408 663 443 τῆς
680 409 818 446 ὑμετέρας
835 419 914 446 περι-

112 445 235 480 ποθήτου
256 448 439 483 πατρότητος.
464 451 572 487 Ἐπειδὴ
591 453 645 488 γὰρ
662 455 694 490 τῇ
713 455 760 481 τοῦ
783 445 912 491 σώματος

114 493 255 538 παρουσίᾳ
277 494 327 529 οὐχ
341 493 398 522 οἷόν
416 505 446 522 τε
462 495 496 533 ἦν
516 501 719 534 παραγενέσθαι
746 511 780 537 με
796 504 866 538 πρὸς
879 505 914 531 τὰ

115 536 176 572 ἴχνη
194 538 282 573 ὑμῶν,
299 540 346 566 καὶ
374 541 437 568 [δεῖν
463 544 494 569 τὸ
522 545 599 578 ἅγιον
619 536 751 582 τέμενος,
768 536 824 583 τὴν.
838 550 913 584 ἱερὰν

114 585 247 620 περιοχὴν
261 586 348 621 ὑμῶν,
362 588 395 623 ἣν
411 589 467 622 ἐγὼ
479 590 494 615 ὁ
505 593 643 626 ταπεινὸς,
659 593 697 625 ὡς
710 594 788 621 πόλιν
799 595 867 622 Θεοῦ
880 587 914 623 διι

113 631 205 662 αἰδοῦς
222 631 292 666 ἔχων
312 634 370 668 εἰμί
385 643 390 649 ·
411 636 559 672 εὐδόκησεν
574 639 588 665 6
605 639 706 672 ἀγαθὸς
720 641 787 672 Θεὸς
806 642 851 669 διὰ
864 642 914 677 τῆς

114 676 161 703 τοῦ
185 680 350 714 γράμματος
368 682 525 718 ἐπισκοπῆς
541 684 571 710 τὺ
587 686 757 721 καταθύμιόν
773 696 824 722 μου
843 676 914 723 πλη-

116 723 203 758 pom
223 725 270 751 τοῦ
286 726 461 762 ἁμαρτιολοῦ.
477 729 532 756 Καὶ
554 730 586 766 δὴ
609 731 647 763 ὡς
667 732 763 768 παρὼν
788 734 842 769 πρὸ
859 735 914 762 τῶν

115 769 204 815 ποδῶν
219 770 297 805 ὑμῶν
314 792 322 804 ,
339 774 386 799 καὶ
401 775 624 811 περιπτύσσομαι
641 777 713 813 ὑμᾶς
726 778 763 813 τῷ
776 779 847 815 ἁγίῳ
864 780 914 806 πό-

103 814 156 860 ιθῳ
169 825 175 830 -
193 816 242 843 καὶ
262 819 408 852 προσκυνῶ
427 819 458 846 τὺ
473 820 543 847 θεῖον
558 821 668 856 ἔδαφος,
686 824 716 849 ἐν
737 821 759 858 ᾧ
783 824 813 851 τὸ
836 825 913 853 ἐκλε-

115 862 180 888 κτὸν
195 863 292 895 σκεῦος
304 866 351 892 τοῦ
366 866 434 893 Θεοῦ
454 868 633 904 τεταμίευται
645 878 652 885 ·
674 870 706 897 τὺ
719 871 777 906 φῶς
791 872 846 898 τῶν
862 881 911 908 μο-
930 857 950 884 Β

106 908 263 940 ’ναζόντωψ
280 910 295 936 6
314 910 444 947 λαμπτὴρ
460 913 508 949 τῆς
521 914 685 951 οἰκουμένης
697 924 704 931 ·
722 917 736 943 6
750 916 797 943 τοῦ
815 918 911 953 νοητοῦ

114 954 217 988 Φαραὼ
244 959 475 994 καταποντιστὴς⁸
498 959 544 987 καὶ
566 960 614 987 τοῦ
637 962 717 995 ἁγίου
733 963 828 995 ἔθνους
845 964 912 991 καθ-

118 1000 236 1036 ηγητὴς,
255 1002 269 1028 6
287 1004 337 1038 τῆς
355 1004 435 1038 ἁγίας
449 1005 501 1040 γῆς
515 1007 663 1043 ἐγκρατὴς,
680 1008 727 1035 καὶ
749 1009 802 1036 τῶν
829 1010 910 1037 θείων

116 1046 206 1080 μονῶν
232 1047 408 1084 κληροδότης.
434 1051 651 1088 Συνασπάζομαι
671 1055 718 1080 καὶ
741 1054 791 1086 τὰς
815 1055 913 1088 λοιπὰς

117 1091 268 1126 σεϐασμίας
300 1094 398 1128 θήκας,
425 1096 467 1130 ἐφ’
495 1094 538 1128 αἷς
563 1098 597 1124 τέι
629 1099 690 1134 ιερὰ
719 1099 832 1136 σώματα
856 1102 911 1128 τῶν

114 1137 197 1164 ὁσίων
208 1146 216 1152 ·
233 1136 274 1170 οἷς
290 1139 304 1165 6
317 1139 431 1171 πλοῦτος
445 1141 499 1167 τῶν
514 1142 630 1177 ἀρετῶν,
646 1144 675 1170 ἐν
690 1146 769 1172 νυκτὶ
784 1146 832 1172 τοῦ
848 1147 912 1182 τῇδε

116 1183 310 1228 βίουᾼᾶςτροις
334 1186 436 1212 ἐοικόσι
466 1187 619 1221 θεοφαὲσιν.
651 1189 723 1224 Ὀρῶ
740 1190 787 1217 τὸν
811 1192 911 1228 χῶρον,

116 1230 159 1262 ἐφ’
176 1225 198 1262 ᾧ
227 1230 241 1256 ὅ
266 1230 363 1262 στύλος
393 1231 439 1258 τοῦ
467 1233 552 1268 πυρὸς
572 1234 611 1269 τῷ
627 1235 715 1271 στύλῳ
729 1237 784 1263 τῶν
801 1225 908 1272 ἀρετῶν

116 1272 209 1302 ὦπται
218 1283 225 1290 ·
240 1276 257 1311 ἡ
272 1278 340 1312 πρὸς
353 1278 416 1310 τοὺς
432 1278 566 1313 ἀοράτους
579 1281 693 1317 ἐχθροὺς
704 1284 850 1319 νικηφόρος
862 1285 913 1311 πά-

116 1321 149 1356 λη
163 1330 170 1337 ·
197 1322 228 1348 τὸ
251 1323 300 1358 τῆς
326 1323 550 1361 θαυματουργίας
575 1327 684 1363 δρᾶμα·
705 1329 785 1356 τοῦτο
801 1331 913 1358 κάκεῖνο

117 1367 329 1403 ποικιλλόμενον
341 1370 401 1402 ταῖς
415 1371 484 1398 κατὰ
497 1372 593 1406 καιρὸν
608 1374 760 1408 ἐνεργείαις
767 1375 815 1402 τοῦ
828 1376 913 1403 Πνεύ-

118 1421 215 1447 ματος.
233 1415 264 1440 Ὢ
281 1415 353 1442 πόσα
365 1424 410 1451 μοι
430 1417 443 1443 6
459 1417 541 1450 πόθος
556 1419 697 1446 ἐπιϐάλλει
713 1420 820 1455 λέγεινὶ
837 1423 883 1449 καὶ¹
897 1423 911 1449 6

116 1460 216 1494 τρόπος
231 1458 320 1494 εἴργει
334 1461 380 1488 τοῦ
395 1462 433 1497 μὴ
450 1463 490 1493 είς
505 1463 625 1499 ἄμετρον
642 1466 771 1493 ἐκπεσεῖν
787 1467 836 1502 τὴν
851 1468 912 1494 ἐπι-

117 1504 225 1556 στολήν.
235 1505 272 1556 Ὤ.
281 1505 372 1532 πόσων
382 1507 493 1541 ἀγαθῶν
505 1509 631 1544 πράξεων
646 1510 767 1545 σύμϐολα
783 1512 830 1539 καὶ
844 1513 911 1539 ὑπο·
924 1527 946 1556 C

118 1549 251 1584 μνήματα.
264 1551 293 1578 ἐν
309 1552 372 1586 ὑμῖν
383 1553 390 1580 ι
407 1555 550 1590 μονονουχὶ
565 1556 611 1582 καὶ
623 1556 675 1582 ὑπὸ
687 1556 750 1589 θέας
761 1558 848 1593 αὐτῆς
863 1559 911 1585 δυ-

117 1594 223 1629 νάμενα
234 1597 403 1631 παρακαλεῖν
418 1598 507 1635 ψυχὴν
519 1601 558 1632 είς
576 1601 696 1628 ἐπίδοσιν
712 1603 822 1638 ἀρετῆς.
842 1604 912 1631 Ἀλλ’

116 1641 130 1666 ὁ
147 1639 198 1674 μὲν
214 1641 322 1676 πρῶτος
337 1643 415 1678 λόγος
428 1645 513 1679 ἐχέτω
528 1646 631 1673 ταῦτα·
643 1648 667 1674 εί
685 1648 731 1674 καὶ
742 1648 912 1684 ἐνδεέστερον

117 1686 168 1721 τῆς
181 1688 340 1724 ἐπιθυμίας.
361 1690 420 1724 Ἐφ’
437 1691 532 1727 ἕτερον
546 1692 573 1719 δέ
591 1693 791 1728 μετελεύσομαι
806 1695 913 1730 ὀδυρτι-

118 1732 174 1765 κὺν,
189 1734 220 1760 οὐ
242 1736 381 1771 περιχαρῆ
391 1744 398 1752 ·
411 1737 445 1764 δι’
457 1738 487 1764 ὂν
509 1739 558 1765 καὶ
572 1739 587 1765 6
601 1740 733 1776 πρότερος
755 1742 912 1778 ὑφωρμὴθη

119 1788 164 1814 μοι
183 1780 315 1815 ὑπάρξαι.
340 1782 425 1818 Ὀργὴ
442 1783 510 1810 Θεοῦ
524 1785 600 1820 ἡμᾶς
609 1786 771 1819 κατέλαῦεν,
786 1783 808 1813 ὦ
825 1788 913 1815 Πατέ-

119 1833 166 1859 ρες
182 1825 342 1859 ἁγιώτατοι,
355 1827 401 1854 διὰ
414 1829 444 1855 τὸ
461 1830 647 1865 πληθυνθῆναι
662 1832 712 1866 τὴν
727 1832 851 1868 ἀνομίαν,
862 1833 913 1867 ψυ-

117 1871 215 1905 γείσης
230 1872 280 1906 τῆς
297 1873 419 1909 ἀγάπης,
435 1875 472 1906 ὡς
495 1876 510 1902 6
532 1875 636 1911 Κύριος
661 1877 767 1912 εἴρηκε.
789 1879 914 1914 Διωγμὸς

126 1916 326 1953 Ἐλληνοειδὴς,
345 1919 538 1954 χαλεπώτατος
547 1921 618 1948 λίαν.
640 1922 781 1958 Ἀπηλάθη
797 1924 847 1958 τῆς
863 1924 914 1951 αὑ-

117 1962 166 1998 λῆς
188 1963 203 1989 6
219 1964 388 2000 ἁρχιποιμὴν
411 1965 490 2000 ἡμῶν
503 1975 509 1983 ·
527 1967 721 2003 διεσκορπίσθη
746 1970 779 1995 τὰ
795 1970 913 2005 Χριστοῦ

117 2010 264 2045 πρόϐατα·
289 2011 368 2038 λύκοι
387 2012 482 2048 βαρεῖς
505 2014 708 2049 εἰσεφθάρησαν
733 2014 765 2051 [Γ.
787 2015 914 2050 εἰσέφθα-

119 2060 181 2096 σαν]
203 2061 234 2087 ἐν
246 2062 280 2097 τῇ
294 2061 407 2098 ποίμνῃ.
420 2063 504 2097 uafre
516 2063 621 2097 μονιὸς
635 2063 740 2098 ἄγριος
752 2064 914 2098 κατενεμή-

118 2112 195 2132 σατο
214 2106 322 2139 αὐτήν.
334 2107 367 2133 Τί
389 2107 485 2141 τοῦτο;
500 2108 586 2135 Πάλιν
603 2109 722 2136 ἐνταῦθα
745 2109 883 2144 ἠτιμάσθη
897 2109 914 2145 ή

119 2151 207 2185 σεπτὴ
230 2151 312 2179 εἰκὼν
336 2153 383 2179 τοῦ
411 2153 479 2180 Θεοῦ
499 2154 546 2181 καὶ
569 2155 697 2190 Σωτῆρος
726 2154 806 2190 ἡμῶν
825 2154 913 2189 Ἰησοῦ

1002 229 1162 264 prwpositus
1173 228 1352 256 Studitarum.

1001 315 1098 351 Magna
1129 315 1196 343 mihi
1215 315 1318 348 laetitia,
1343 315 1494 351 ingensque
1509 316 1607 351 gloria,
1629 315 1758 351 indignus

965 359 1016 388 sim
1035 360 1099 387 licet
1124 361 1196 395 quod
1216 365 1324 387 lennem
1346 360 1489 393 epistolam
1517 360 1623 387 mittere
1648 359 1675 386 in
1698 360 1757 386 loca

966 414 1043 434 sacra
1061 407 1217 442 contigerit,
1242 407 1270 434 in
1287 406 1462 433 tabernacula
1479 411 1647 438 sanctorum,
1661 410 1758 433 vestrae

966 453 1070 480 scilicet
1093 452 1240 486 plurimum
1265 451 1427 478 desideratze
1455 450 1639 485 patet-uitatis.
1663 450 1758 483 Quan-

966 497 1112 532 doquidem
1125 497 1198 524 enim
1215 497 1311 524 adesse
1323 504 1415 523 coram
1429 504 1482 522 non
1499 496 1573 527 licet,
1590 503 1622 523 ac
1634 496 1757 530 vestigiis

965 544 1064 571 vestris
1090 543 1209 574 advolvi,
1226 547 1254 571 et
1270 548 1392 571 sanctam
1409 542 1495 570 aedem
1513 547 1631 569 vestram
1644 542 1757 574 intueri,

966 597 1129 625 sacrumque
1147 593 1265 624 septum,
1289 589 1361 624 quod
1386 596 1437 624 ego
1467 588 1592 621 humilis,
1622 593 1755 623 tanquam

967 636 1013 662 Dei
1031 636 1180 668 civitatem,
1206 635 1335 671 religiose
1350 642 1475 667 veneror,
1498 634 1599 669 placuit
1614 634 1670 661 Deo
1684 634 1756 669 opti—

966 689 1011 709 mo
1034 690 1082 717 per
1106 682 1220 714 litteras,
1246 681 1327 709 veluti
1355 689 1404 716 per
1424 681 1575 717 speculam,
1589 681 1660 708 votis
1676 681 1755 713 meis,

966 729 1030 756 licet
1053 728 1172 763 peccatis
1197 728 1247 756 sim
1267 728 1417 760 obnoxius,
1442 728 1641 755 obsecundare.
1663 727 1757 761 Itaque

966 779 1096 808 tanquam
1123 773 1220 800 vestris
1233 773 1347 807 pedibus
1363 773 1519 804 advolutus,
1536 778 1630 800 sancto
1645 779 1693 799 vos
1710 771 1758 799 de-

965 818 1067 845 siderio
1090 818 1269 852 complector,
1298 821 1325 845 et
1351 817 1474 845 divinum
1495 818 1589 844 animo
1612 818 1758 845 exosculor

965 864 1066 895 solum,
1084 863 1111 891 in
1127 871 1182 899 quo
1190 871 1239 891 vas
1254 863 1301 891 Dei
1318 864 1434 891 electum
1449 868 1584 895 servatur,
1600 863 1646 893 lux
1663 871 1752 891 mona-

965 909 1092 941 chorum,
1120 909 1195 936 orbis
1218 912 1352 936 terrarum
1377 908 1499 943 lucerna,
1526 909 1572 944 qui
1606 909 1757 944 spiritalem

964 953 1135 980 Pharaonem
1151 952 1292 986 demersit,
1307 953 1379 988 genti
1403 958 1505 981 sanctae
1525 953 1680 981 moderator
1696 954 1757 986 vite,

965 1003 1044 1026 terrae
1074 1003 1175 1027 sanctae
1200 1007 1322 1034 compos,
1347 999 1558 1035 divinarumque
1583 1000 1758 1028 mansionum

965 1045 1140 1073 distributor.
1166 1045 1261 1073 Saluto
1277 1054 1329 1073 una
1346 1050 1373 1074 et
1389 1047 1511 1080 reliquos
1527 1047 1699 1074 venerandos
1718 1048 1758 1075 lo-

965 1091 1051 1122 culos,
1068 1092 1096 1118 in
1113 1091 1213 1126 quibus
1231 1099 1309 1119 sacra
1333 1096 1490 1120 sanctorum
1510 1093 1619 1120 condita
1631 1100 1757 1128 corpora.

965 1137 992 1164 in
1012 1137 1112 1172 quibus
1132 1139 1264 1165 virtutum
1280 1146 1346 1173 opes
1361 1139 1498 1173 repositae,
1520 1139 1621 1174 quippe
1645 1147 1706 1174 quae
1728 1140 1757 1166 in

965 1187 1046 1210 nocte
1062 1183 1178 1218 hujusce
1188 1184 1252 1211 vita:
1266 1184 1421 1212 divinorum
1442 1185 1562 1212 siderqu
1580 1186 1757 1214 iustareﬂ'ul-

965 1232 1039 1263 gent.
1059 1228 1161 1256 Locum
1178 1229 1244 1256 mihi
1268 1231 1362 1258 videre
1380 1231 1484 1263 videor,
1511 1231 1538 1258 in
1561 1239 1616 1267 quo
1630 1232 1758 1259 columna

965 1273 1035 1308 ignis
1054 1281 1103 1309 per
1129 1275 1260 1302 virtutum
1280 1276 1436 1304 columnam
1458 1282 1690 1311 reprmsentatur:
1711 1277 1758 1306 ubi

964 1319 1038 1347 lucta
1067 1320 1198 1348 adversus
1230 1322 1324 1350 hostes
1348 1323 1501 1350 invisibiles
1527 1331 1588 1351 cum
1612 1323 1758 1358 adeptione

963 1365 1096 1398 victoriae,
1122 1367 1167 1394 ubi
1185 1374 1268 1395 scena
1291 1367 1391 1396 referta
1417 1369 1569 1402 miraculis,
1585 1369 1631 1396 ubi
1657 1369 1710 1397 hoc
1731 1375 1759 1397 et

965 1411 1030 1439 illud
1054 1417 1207 1447 opportune
1231 1414 1349 1441 illustrat
1373 1415 1516 1449 multiplex
1539 1416 1652 1450 spiritus
1676 1416 1759 1443 viset

963 1457 1093 1485 efﬁcacia.
1110 1458 1132 1486 Ο
1160 1464 1262 1494 quanta
1292 1460 1382 1487 dicere
1404 1460 1524 1496 suggerit
1553 1460 1682 1488 animus!
1709 1461 1758 1489 sed

964 1503 1064 1531 modus
1092 1506 1227 1532 tenendus
1256 1509 1319 1537 est,
1340 1513 1373 1532 ne
1396 1505 1423 1532 iu
1449 1505 1613 1533 immensum
1633 1513 1760 1540 excurrat

963 1549 1090 1584 cpistola.
1118 1549 1225 1584 Oquod
1242 1557 1332 1577 rerum
1355 1550 1484 1585 praeclare
1508 1555 1648 1585 gestarum
1675 1558 1759 1586 argu-

963 1600 1054 1623 menta
1073 1596 1144 1631 apud
1170 1604 1217 1624 vos
1235 1604 1267 1624 ac
1291 1600 1467 1624 monumenta
1488 1600 1607 1630 exstant,
1631 1604 1693 1632 qua:
1716 1597 1759 1625 vel

963 1644 1024 1679 ipso
1037 1647 1187 1677 conspectu
1212 1643 1352 1678 impellere
1365 1644 1487 1671 animum
1503 1644 1610 1678 possint
1623 1644 1656 1671 ad
1671 1643 1757 1670 virtu-

964 1690 999 1717 tis
1022 1690 1195 1724 profectum!
1225 1689 1277 1717 Sed
1290 1690 1327 1718 sit
1345 1690 1402 1716 haec
1425 1689 1501 1724 prior
1517 1689 1588 1724 {pars
1612 1689 1757 1721 orationis,

964 1741 1120 1770 quanquam
1145 1734 1274 1769 pauciora
1294 1734 1348 1761 dixi
1369 1741 1450 1768 quam
1469 1733 1560 1760 velim.
1579 1733 1619 1760 Ad
1645 1733 1757 1761 alteram

964 1780 1134 1816 progrediar,
1157 1787 1207 1807 nec
1229 1780 1303 1806 illam
1329 1779 1440 1814 quidem
1465 1779 1557 1814 gaudii
1575 1779 1684 1814 plenam
1710 1780 1759 1807 sed

964 1827 1091 1855 mmroris
1110 1834 1116 1853 :
1139 1826 1174 1853 ob
1194 1833 1277 1861 quam
1294 1830 1322 1853 et
1334 1825 1464 1860 priorilla
1481 1828 1522 1853 est
1539 1832 1554 1852 a
1571 1832 1615 1852 me
1628 1825 1699 1852 ultro
1714 1825 1759 1852 iu~

964 1873 1069 1901 stituta.
1087 1872 1273 1908 Apprehendit
1288 1871 1387 1899 nosira
1401 1871 1460 1903 Dei,
1471 1870 1565 1898 Patres
1579 1871 1757 1904 sanctissimi,

963 1918 1093 1953 quoniam
1115 1917 1264 1945 abundavit
1286 1917 1427 1952 iniquitas,
1450 1915 1645 1953 refrigesceute
1666 1916 1760 1944 chari-

965 1968 1030 1996 tate,
1060 1965 1132 1991 sicut
1168 1963 1300 1990 Dominus
1334 1962 1521 1997 pronuntiavit
1539 1963 1573 1989 ".
1601 1961 1759 1990 Persecutio

964 2010 1080 2038 ethniete
1102 2009 1209 2041 similis,
1235 2012 1335 2043 praeter
1354 2008 1464 2035 modum
1486 2016 1568 2036 serva.
1589 2008 1709 2035 Abactus
1723 2008 1758 2035 ab

965 2055 1029 2082 ovili
1049 2062 1174 2082 summus
1201 2058 1295 2088 pastor
1319 2058 1422 2086 noster,
1447 2053 1578 2087 dispersae
1604 2057 1670 2080 sunt
1693 2060 1758 2080 oves

964 2100 1077 2131 Clu-isti,
1103 2100 1158 2134 lupi
1183 2107 1295 2134 rapaces
1314 2099 1472 2126 invaserunt
1492 2106 1613 2133 gregem,
1627 2103 1651 2125 et
1666 2099 1757 2134 singu-

966 2147 1033 2174 laris
1056 2146 1128 2181 ferus
1147 2145 1273 2180 depastus
1288 2149 1327 2172 est
1347 2153 1406 2172 eum
1420 2145 1440 2170 ¹.
1458 2144 1529 2177 Quid
1551 2145 1623 2172 istud
1640 2144 1680 2172 rei
1693 2145 1759 2172 est?

118 2196 250 2230 Χριστοῦ,
268 2197 317 2231 τῆς
346 2197 489 2230 Θεοτόκου,
515 2199 615 2230 παντὸς
645 2199 799 2227 οὑτινοσοῦν
821 2199 911 2233 ἁγίου.

966 2195 1066 2222 lterum
1081 2194 1126 2221 hic
1137 2193 1234 2221 atIecta
1257 2192 1364 2228 probris
1378 2197 1420 2220 est
1436 2193 1589 2220 veneranda
1605 2191 1695 2227 imago
1710 2191 1757 2220 Dei

118 2242 167 2268 Διὰ
194 2242 273 2269 τοῦτο
299 2243 441 2278 ποιμένες
464 2244 703 2279 ἠφρονεύσαντο,
733 2245 780 2272 καὶ
797 2245 846 2280 οὐχ
871 2246 913 2272 ὅτι

118 2288 172 2314 τὸν
189 2288 309 2322 Κύριον,
329 2288 508 2324 προφητικῶς
525 2290 622 2323 εἰπεῖν,
639 2290 694 2317 οὐκ
704 2289 890 2325 ἐξεζῆτησαν
904 2299 910 2305 ·

118 2330 200 2368 ἦττον
211 2333 266 2368 γὰρ
280 2333 312 2360 ἂν
327 2331 361 2368 ἦν
374 2333 405 2360 τὸ
415 2335 543 2370 ἀσέὸημα
555 2343 561 2350 ·
577 2335 635 2362 ἀλλ’
653 2336 695 2362 ὅτι
709 2336 913 2370 συνήχθησαν

125 2379 280 2410 Ἰουδαϊκῶς
313 2379 388 2406 κατὰ
421 2380 475 2407 τοῦ
509 2381 637 2414 Κυρίου,
672 2381 722 2408 καὶ
751 2381 827 2408 κατὰ
859 2382 912 2408 τοῦ

117 2425 249 2458 Χριστοῦ
263 2425 374 2452 αὑτοῦ·
397 2425 648 2461 ἀποδοκιμάσαντες
665 2427 748 2454 αὐτοῦ
765 2427 814 2462 τὴν
831 2428 912 2461 ἁγίαν

118 2472 222 2502 εἰκόνα.
253 2472 302 2507 τῆς
331 2479 361 2498 τε
395 2471 479 2498 αὐτοῦ
514 2472 637 2507 Μητρὸς,
665 2472 712 2499 καὶ
745 2473 799 2499 τῶν
829 2473 912 2509 θερα-

119 2516 236 2544 πόντων.

154 2562 204 2588 Διὰ
220 2563 299 2590 τοῦτο
317 2564 499 2600 θυσιαστήρια
522 2564 588 2598 ἅγια
608 2565 744 2600 ἠφανίσθη
760 2574 767 2582 ·
785 2565 832 2592 καὶ
853 2565 914 2592 ναοὶ

119 2609 224 2643 Κυρίου
241 2609 460 2645 ὴμαυρώθησαν,
472 2611 501 2637 ἐν
516 2611 591 2647 πάσῃ
613 2611 690 2637 πόλει
705 2611 752 2638 καὶ
770 2611 846 2647 χώρᾳ
863 2611 913 2645 τῆς

117 2655 183 2689 τῇδε
210 2654 345 2686 ἐξουσίας,
366 2656 406 2687 είς
424 2655 522 2687 πένθος
546 2655 722 2690 προκείμενοι
742 2657 798 2687 τοῖς
817 2655 911 2691 ὁρῶσι,

118 2700 164 2727 τὸν
178 2702 278 2727 οἰκεῖον
293 2701 396 2736 κόσμον
410 2701 460 2736 τῆς
473 2701 549 2732 θείας
560 2701 712 2736 εὐμορφίας
726 2701 910 2738 ἀφῃρημένοι,

118 2747 168 2774 Διὰ
188 2746 271 2773 τοῦτο
289 2747 351 2781 ἱερὰ
373 2748 458 2783 σκεύη
484 2747 724 2784 ἁναχωνευόμενα,
751 2749 800 2774 καὶ
828 2747 911 2782 ἐσθὴς

964 2245 991 2268 et
1007 2239 1159 2267 Servatoris
1172 2239 1259 2267 nostri
1276 2238 1340 2267 Jesu
1353 2238 1467 2270 Christi,
1482 2238 1614 2274 Deiparae,
1629 2245 1655 2266 et
1669 2240 1758 2266 sancti

964 2288 1119 2323 cujuslibet.
1135 2287 1237 2315 Idcirco
1247 2287 1328 2314 stulte
1346 2290 1453 2322 egerunt
1469 2291 1599 2321 pastores,
1615 2293 1667 2312 non
1684 2287 1758 2320 quod

964 2334 1119 2366 Dominum,
1145 2338 1174 2359 ut
1204 2341 1265 2360 cum
1291 2332 1422 2368 propheta
1449 2332 1555 2367 loquar,
1578 2339 1630 2358 non
1644 2332 1757 2366 quanic-

965 2380 1056 2413 runt’,
1071 2380 1158 2407 levius
1169 2380 1241 2407 enim
1257 2379 1395 2414 piaculum
1409 2378 1489 2411 foret;
1502 2378 1550 2406 sed
1564 2378 1636 2413 quod
1646 2378 1757 2406 Iuda-o-

964 2435 1025 2455 rum
1039 2433 1116 2454 more
1134 2431 1308 2453 converterunt
1329 2426 1355 2452 in
1369 2434 1450 2452 unum
1463 2426 1588 2453 adversus
1602 2425 1756 2456 Dominum,

964 2479 988 2500 et
1007 2473 1132 2499 adversus
1155 2472 1291 2500 Christum
1315 2471 1371 2506 ejus
1387 2471 1397 2487 ³
1412 2480 1418 2499 2
1435 2477 1557 2499 sanctam
1579 2471 1638 2506 ejus
1660 2470 1745 2506 imagi

964 2525 1026 2546 nem
1042 2518 1229 2552 reprobantes,
1244 2517 1339 2544 Matris
1359 2517 1422 2544 item
1440 2524 1473 2544 ac
1487 2517 1665 2544 famulorum.

1000 2563 1067 2591 Eam
1085 2564 1121 2591 ob
1136 2571 1192 2591 rem
1211 2569 1307 2592 sancta
1321 2563 1417 2591 altaria
1431 2563 1533 2595 diruta,
1546 2567 1573 2590 et
1590 2562 1689 2597 templa
1704 2561 1757 2589 Do-

964 2610 1032 2637 mini
1049 2609 1220 2643 labefactata,
1242 2610 1270 2637 in
1287 2610 1361 2638 omni
1376 2609 1486 2636 civitate
1506 2616 1539 2635 ac
1559 2608 1679 2643 regione.
1695 2616 1757 2644 qua:

965 2657 1030 2684 huic
1055 2656 1169 2690 imperio
1191 2661 1278 2691 paret,
1303 2656 1398 2691 ingens
1415 2655 1585 2682 intuentibus
1606 2655 1696 2682 luctus
1712 2662 1757 2681 ar-

965 2706 1135 2736 gumentum,
1161 2709 1223 2729 cum
1250 2702 1305 2729 sint
1330 2702 1375 2728 iHa
1404 2700 1514 2737 proprio
1533 2700 1617 2728 divini
1648 2699 1756 2727 decoris

965 2752 1065 2776 ornatu
1078 2748 1189 2776 nudata.
1202 2748 1308 2777 Idcirco
1324 2755 1388 2778 vasa
1405 2755 1485 2777 sacra
1499 2747 1611 2784 liquata,
1622 2751 1650 2775 et
1662 2747 1756 2775 divina

155 2836 176 2853 ”
190 2836 288 2865 Matth.
303 2845 376 2871 xxiv,
395 2838 437 2866 l2.
479 2838 486 2853 ‘
503 2837 574 2866 Psal.
590 2846 662 2872 uix,
680 2837 723 2865 14.
762 2838 772 2853 ²
788 2813 911 2866 Jcicm.)

966 2837 990 2865 Ι.
1026 2839 1039 2855 ⁸
1054 2836 1128 2866 Psal.
1150 2843 1181 2872 ιι,
1199 2836 1227 2864 2.
