1923 3078
173 135 246 170 1107

773 130 803 160 S.
822 129 872 159 ΤΠ
878 128 1020 159 Ε()Ι)ΟΒΙ
1041 128 1214 158 STUDIT/E

1743 129 1813 164 1168

173 193 254 221 vestis
271 191 326 226 igni
344 190 454 223 tradita.
468 197 529 218 cum
544 188 660 225 depictis
680 190 707 216 tn
723 189 820 216 tabella
841 187 967 223 imagini-

1028 187 1078 214 Ιεία
1094 187 1161 223 πυρὶ
1178 187 1390 222 παραδιδομένη,
1417 188 1466 215 σὺν
1482 189 1537 220 τοῖς
1563 188 1593 216 ὲν
1616 189 1708 222 πίναξι
1725 199 1813 226 χαρα-

171 240 235 271 lius,
265 243 292 267 et
309 239 386 266 libris
407 238 433 265 iu
461 237 562 272 quibus
579 237 668 272 aliqua
697 237 798 263 mentio
816 236 965 270 imaginum

169 289 254 312 esset.
295 283 360 310 Eam
389 283 425 309 ob
466 291 578 310 causam
607 289 737 317 magnum
773 281 967 309 incarnaliouis

171 328 331 363 mysterium
348 327 498 360 deridetur,
510 332 537 355 et
548 327 732 354 abominanda
744 335 787 354 res
802 327 964 362 appellatur,

171 374 244 409 quod
260 378 287 401 ct
304 374 433 401 horrcsco
460 373 592 405 referens.
621 381 681 408 qua).
701 373 813 400 salutari
841 373 900 400 orbi
927 378 968 400 est

173 427 303 454 expressa
330 419 433 447 Christi
464 419 559 454 ﬁgura,
575 419 617 447 vel
632 418 759 447 Christus
790 418 848 454 ipse
875 418 967 453 potius

171 473 234 492 cum
260 464 346 491 Matre
373 467 401 492 et
425 463 555 491 famulis:
581 463 804 499 quandoquidem
821 464 923 491 honore
942 467 969 490 et

172 510 355 548 appellatione
376 509 446 537 idem
470 510 551 537 ambo
567 516 642 542 sunt,
662 510 752 545 imago
768 513 796 537 et
817 509 967 544 exemplar.

172 555 277 583 Idcirco
308 555 475 590 quaestiones
501 560 530 582 ct
562 554 756 590 inquisitiones
774 561 822 589 per
845 554 968 589 singulos

173 609 301 637 quosque
323 601 397 628 viros
418 608 450 628 ac
466 601 573 632 domos.
596 604 715 628 terrores
740 607 772 627 ac
795 599 886 632 minae,
914 606 968 626 nou

173 646 256 673 modo
274 653 308 673 ne
331 645 432 678 onmis,
449 646 497 674 sed
524 653 558 673 ne
581 645 683 680 aliqua,
710 644 846 672 haereticis
866 643 968 671 intacta

173 692 264 727 imago
279 692 465 720 subtrahatur.
481 691 586 719 idcirco
599 691 756 719 sacerdotes
767 691 860 725 inique
872 693 967 726 agunt,

172 742 201 765 et
216 737 356 770 monachi,
376 741 459 764 exuto
483 736 659 767 monachatu.
681 736 791 763 irruuut
807 735 834 762 iu
846 735 968 770 ejusdem

174 783 295 811 instituti
309 783 395 814 viros,
418 782 523 809 alumni
542 782 687 809 adversum
708 781 879 816 przepositos,
894 779 970 808 defe-

173 830 273 858 ctionis
301 829 444 864 prmmium
470 828 659 863 praefecturam
682 827 841 862 accipiunt;
866 831 893 855 et
921 827 968 861 qui

1019 234 1118 269 κτῆρσι
1134 233 1180 259 καὶ
1194 233 1294 268 βίϐλοις
1307 234 1335 259 ὲν
1349 231 1392 265 αἶς
1404 242 1430 260 τι
1441 233 1537 261 λεκτδν
1547 234 1611 270 περὶ
1623 235 1748 264 εἰκόνων.
1763 238 1813 264 Διὰ

1017 276 1097 305 τοῦτο
1112 279 1225 313 γελᾶται
1244 279 1275 305 τὸ
1291 279 1362 314 μέγα
1388 279 1438 312 τῆς
1459 280 1618 314 οἰκονομίας
1639 282 1791 317 μυστήριον
1805 291 1812 299 ’

1019 325 1065 351 καὶ
1081 323 1219 359 βδέλυγμα
1235 323 1376 360 κέκληται,
1390 323 1405 351 ό
1419 324 1467 351 καὶ
1481 325 1586 360 φρίττω
1599 325 1695 361 λέγων,
1714 328 1745 354 τὸ
1760 337 1814 355 σω-

1019 372 1112 406 τήριον
1128 370 1224 406 κόσμῳ
1243 371 1370 406 ὁμοίωμα
1387 371 1523 407 Χριστοῦ*
1539 372 1640 407 μᾶλλον
1654 373 1682 400 δὲ
1695 374 1814 409 Χριστὸς

1020 416 1068 442 σὺν
1081 416 1174 450 Μητρὶ
1189 417 1237 442 καὶ
1248 415 1428 451 θεράπουσιν·
1443 417 1523 452 εἰπερ
1536 417 1574 449 ὡς
1586 419 1620 453 τῇ
1634 420 1700 454 τιμῇ
1717 419 1766 446 καὶ
1779 421 1813 455 τῇ

1019 459 1116 495 κλήσει
1142 460 1240 487 ταυτὸν
1271 461 1425 497 ἀμφότερα,
1443 461 1526 489 εἰκὼν
1549 463 1596 490 καὶ
1621 464 1813 500 πρωτότυπον.

1019 506 1070 533 Διὰ
1084 505 1165 532 τοῦτο
1177 505 1367 541 ὲξερευνήσεις
1382 507 1430 534 καὶ
1443 507 1619 544 ἐκζητήσεις,
1633 509 1681 537 καὶ
1692 511 1753 537 κατ’
1764 511 1814 538 ἄν·

1019 552 1068 587 δρα
1083 552 1131 579 καὶ
1146 553 1207 579 κατ’
1222 550 1297 579 οἰκον
1309 561 1317 569 η
1335 553 1382 580 καὶ
1398 553 1476 588 φόϐοι
1493 555 1540 581 καὶ
1556 555 1679 588 ἀπειλαὶ,
1692 556 1729 592 μὴ
1745 557 1815 584 ὑπο-

1019 597 1162 633 λειφθῆναι
1184 597 1322 625 ἀνάλωτον
1339 599 1372 634 τῇ
1388 598 1493 634 αἰρὲσει
1514 599 1575 627 τινὰ
1591 600 1653 636 μηδ’
1668 599 1702 628 αὗ
1721 603 1815 629 πᾶσαν

1019 642 1123 670 εἰκόνα.
1146 643 1197 670 Διὰ
1219 643 1300 670 τοῦτο
1322 644 1405 678 ίερεῖς
1430 644 1606 680 ἀνομοῦντες,
1628 646 1676 672 καὶ
1700 648 1816 682 μοναχοί¹

1019 687 1152 723 ἀμόναχοι
1163 688 1235 715 κατὰ
1248 688 1303 716 τῶν
1318 689 1486 725 όμοσχήμων
1507 691 1672 727 φερόμενοι·
1686 694 1816 729 φοιτηταί

1020 733 1091 760 κατὰ
1115 733 1170 760 τῶν
1194 735 1366 770 ἡγουμένων,
1390 734 1474 763 ἆθλον
1494 736 1545 772 τῆς
1571 738 1743 771 ἀποστασίας
1763 740 1816 775 τὴν

1021 779 1166 816 προεδρίαν
1177 780 1369 816 κομιζόμενοι·
1382 782 1429 809 καὶ
1443 783 1457 810 ό
1466 782 1501 810 τὰ
1511 783 1625 811 πλείστα
1638 785 1733 820 μανεὶς
1744 789 1816 813 κατά

1020 825 1151 861 Χριστοῦ,
1168 826 1300 854 πλειόνων
1321 827 1369 853 καὶ
1383 828 1472 863 τιμῶν
1489 828 1649 864 ¹ίλξιωμένος.
1671 831 1721 858 Διὰ
1734 831 1817 858 τοῦτο

173 876 364 904 vehementius
392 874 420 902 in
445 874 583 902 Christum
609 873 720 907 insanit,
735 873 860 908 pluribus
874 872 897 900 is
916 872 966 899 ho-

1028 871 1164 906 ιάστιγες,
1181 871 1288 908 δεσμοὶ,
1314 872 1447 907 φυλακαὶ,
1463 874 1682 911 λιμοκτονήσεις,
1700 875 1815 913 ὲεορίαι,

173 921 290 949 uoribus
312 920 480 948 cumulatur.
502 920 610 947 Idcirco
628 919 754 951 verbera,
771 918 889 951 vincula,
905 926 967 946 car-

174 972 263 997 ceres,
279 965 376 992 iuediat
391 985 399 998 ,
415 965 523 998 exsilia,
535 971 615 992 ncces
630 964 656 991 in
672 971 720 991 eos
733 963 779 999 qui
793 963 968 991 obuituntur.

210 1011 269 1039 Non
285 1016 329 1039 est
345 1011 436 1046 impiis
453 1010 598 1038 sacerdotii
612 1010 804 1044 reverentiam,
824 1017 878 1038 nou
891 1011 969 1038 cani-

173 1057 220 1086 tiei
248 1057 465 1089 commiseratio,
482 1063 537 1084 non
552 1055 642 1084 cultus
672 1056 792 1090 pietatis,
822 1060 870 1082 aut
894 1055 968 1084 aliud

173 1102 315 1138 quidpiam
326 1109 421 1129 eorum
433 1108 495 1136 quae
506 1101 613 1128 veniam
626 1105 838 1128 commerentur.
848 1100 901 1128 Lex
915 1108 970 1129 una

175 1149 219 1176 his
236 1148 367 1183 principis
384 1147 526 1175 arbitrium
541 1151 583 1174 est
597 1156 605 1174 :
628 1153 694 1174 cura
713 1147 777 1174 item
791 1154 855 1179 uua,
872 1154 970 1174 omnes

175 1198 205 1221 ut
219 1194 271 1221 hoc
288 1193 388 1228 laqueo
401 1192 618 1227 intercipiantur.
642 1191 721 1220 Nunc
736 1200 784 1220 eos
796 1193 842 1228 qui
857 1200 886 1220 se
900 1192 970 1228 fugat

174 1237 317 1270 dederunt,
339 1238 500 1265 solitudines
517 1237 641 1266 habent:
670 1245 752 1273 rupes
777 1245 810 1266 ac
835 1237 972 1273 spelunca:

174 1291 234 1316 eos,
258 1284 304 1318 qui
340 1284 538 1311 consuluerunt
555 1283 636 1312 saluti
654 1292 720 1311 sum.
737 1284 773 1312 Ut
786 1284 891 1312 similes
906 1284 971 1312 facti

175 1337 273 1358 sumus
298 1330 424 1365 pelicano
451 1329 608 1358 solitudinis
623 1329 656 1356 δί
680 1334 711 1357 ιιι
733 1329 789 1357 dati
815 1336 912 1357 sumus
943 1329 971 1356 iu

175 1377 330 1411 captionem
350 1376 478 1404 dentibus
501 1375 647 1410 impiorum
663 1376 674 1392 '
691 1376 697 1403 !
721 1380 748 1403 et
765 1376 843 1410 plura
857 1380 970 1410 praster—

177 1423 268 1455 mitto,
285 1430 346 1457 quae
376 1421 516 1450 fastidium
532 1421 672 1450 aﬂerrent.
691 1422 727 1449 At
742 1421 830 1450 vicem
847 1427 971 1450 nostram

176 1476 227 1497 vos
264 1469 364 1503 lugete,
390 1467 492 1503 quibus
529 1473 571 1496 est
597 1468 624 1495 in
650 1468 749 1496 alienis
775 1468 857 1496 malis
895 1473 971 1495 tene-

1019 917 1143 951 θάνατοι,
1159 918 1208 945 ἐπὶ
1223 918 1288 951 τοὺς
1304 919 1510 955 ἐνισταμένους.

1056 1007 1114 1035 Οὐκ
1127 1007 1320 1044 ἀρχιερωσύνη
1333 1011 1390 1042 τοῖς
1402 1010 1532 1038 ἀσεϐέσιν
1544 1011 1697 1047 αἰδέσιμος·
1718 1013 1749 1040 οὺ
1765 1022 1816 1040 'm-

1020 1053 1064 1080 λιὰ
1076 1054 1282 1090 οἰκτειρήσιμος
1292 1062 1300 1070 ο
1313 1055 1363 1082 οὐκ
1374 1055 1492 1091 ἄσκησις
1507 1056 1649 1090 εὐσεϐείας
1660 1066 1667 1073 ·
1689 1059 1738 1085 οὐκ
1751 1059 1818 1086 ἄλλο

1020 1107 1047 1126 τι
1070 1099 1124 1126 τῶν
1145 1099 1256 1134 φειδοῦς
1270 1100 1365 1134 ἀξίων.
1389 1098 1437 1131 Εἷς
1462 1101 1544 1137 νόμος
1559 1103 1590 1129 τὸ
1609 1103 1656 1130 τοῦ
1676 1105 1818 1140 Καίσαρος

1020 1145 1129 1180 θέλημα
1139 1153 1145 1159 ·
1160 1145 1208 1172 καὶ
1225 1146 1275 1181 μία
1291 1147 1394 1182 σπουδὴ
1409 1147 1534 1180 ἅπαντας
1553 1149 1583 1175 ὲν
1596 1149 1683 1185 τούτῳ
1701 1150 1816 1178 ἁλῶναι.

1021 1192 1053 1218 Δί
1075 1191 1191 1227 ὲρημίαι
1207 1193 1270 1224 τοὺς
1284 1192 1504 1228 διαπεφευγότας
1528 1194 1652 1229 ἔχουσιν·
1672 1196 1700 1222 αἰ
1716 1196 1819 1231 πέτραι

1021 1236 1070 1263 καὶ
1082 1236 1117 1264 τὰ
1133 1237 1256 1272 σπήλαια
1264 1238 1329 1270 τοὺς
1342 1239 1625 1274 διασεσωσμέιους.Ὢ
1636 1241 1695 1272 πῶς
1709 1241 1820 1276 ὡμοιώ-

1021 1281 1110 1317 θημεν
1136 1282 1266 1310 πελεκᾶνι
1285 1282 1431 1318 ὲρημικῷἰ
1452 1283 1475 1310 ὣ
1489 1283 1548 1315 πῶς
1566 1284 1760 1319 παρεδόθημεν
1778 1285 1819 1317 εἰς

1021 1328 1117 1363 χεῖρας
1128 1329 1183 1360 τοῖς
1197 1327 1288 1355 ὀδοῦσι
1301 1328 1356 1355 τῶν
1368 1328 1489 1356 ἀσεϐὦνί
1501 1329 1548 1356 καὶ
1562 1329 1596 1356 τὰ
1605 1328 1690 1356 πλείω
1703 1331 1820 1366 παρῆκα.

1021 1372 1066 1399 διὰ
1089 1373 1120 1399 τὺ
1145 1373 1309 1409 προσκορές.
1334 1373 1415 1400 Ἀλλὰ
1443 1374 1591 1407 στενάξατε
1618 1376 1661 1410 ἐφ’
1681 1376 1767 1411 ἡμᾶς,
1795 1373 1821 1402 ὦ

1023 1419 1258 1453 συμπαθέστατοι,
1275 1419 1314 1451 ὡς
1337 1419 1480 1455 σύσσωμοι
1491 1429 1498 1436 ·
1512 1421 1625 1456 ὀρέξατε
1650 1423 1730 1457 χεῖρα
1750 1431 1820 1457 πρε-

1024 1464 1170 1500 σϐευτικὴν
1194 1465 1233 1497 ὼς
1258 1464 1428 1500 φιλάδελφοι.
1444 1466 1506 1493 Τῶν
1529 1466 1625 1494 αὐτόθι
1650 1467 1760 1502 χείρονα
1783 1468 1821 1494 τὰ

177 1520 237 1540 rum
266 1517 362 1548 pectus
391 1517 521 1548 tanquam
545 1513 669 1548 ejusdem
702 1513 849 1548 corporis:
879 1513 970 1548 preci-

1028 1511 1147 1546 ἡμέτερα
1166 1511 1376 1547 βαρϐαρίζεται.
1397 1512 1442 1546 Ὦς
1459 1513 1566 1548 Σόδομα
1585 1513 1637 1549 ήδη
1653 1514 1821 1549 γεγόναμεν,

178 1558 231 1586 bus
255 1558 334 1591 fusis,
369 1558 500 1594 porrigite
524 1566 636 1585 manum
665 1563 796 1593 tauquam
827 1557 970 1587 fratribus.

177 1603 327 1630 Acerhiora
338 1608 474 1639 suntquae
492 1603 537 1631 hic
551 1604 681 1638 patimur,
693 1611 777 1639 quam
788 1611 850 1639 quae
864 1604 971 1639 uspiam

179 1657 195 1677 ε
217 1649 342 1678 barbaris
357 1653 431 1685 gesta
447 1653 522 1678 sunt.
536 1649 597 1677 lam
622 1650 694 1677 sicut
708 1649 828 1678 Sodoma
844 1649 908 1678 facti
922 1658 972 1679 su-

178 1704 251 1728 mus,
274 1700 302 1724 et
326 1696 399 1724 sicut
423 1696 577 1724 Gomorrha
601 1697 706 1725 similes
729 1705 826 1726 sumus
847 1698 869 1725 ‘.
896 1697 973 1726 Hanc

178 1742 262 1777 igitur
282 1742 318 1770 ob
337 1749 449 1770 causam
470 1742 627 1770 sanctitatis
649 1747 746 1771 vestrae
764 1743 897 1770 auxilium
919 1744 972 1771 hu-

178 1787 257 1815 miles
271 1787 491 1822 imploravimus,
503 1787 578 1814 velut
594 1794 649 1814 uno
659 1794 706 1814 ore
717 1788 839 1815 omnium
856 1787 973 1816 fratrum

178 1833 226 1866 qui
244 1832 346 1867 pariter
359 1837 502 1859 vexantur.
517 1831 648 1860 Novimus
659 1833 732 1860 enim
741 1838 875 1869 quantum
884 1835 974 1862 valeat

176 1877 251 1912 justa
268 1881 358 1905 vestra
372 1877 530 1912 deprecatio
548 1877 660 1904 assidua
673 1878 696 1910 ⁷,
715 1882 757 1911 υι,
777 1883 891 1906 exoran
905 1879 972 1912 Deo,

181 1923 300 1951 haretici
319 1923 400 1958 gladii
415 1923 488 1951 acies
508 1923 753 1958 conquiescat:ad
769 1929 873 1952 rectam
892 1925 972 1952 tidem

180 1977 242 1997 cum
268 1977 335 2005 pace
351 1969 527 2004 coniunctam
550 1975 696 1998 revocante
717 1969 835 1998 Domino
850 1975 972 2000 nostram

180 2022 291 2050 quoque
314 2015 478 2043 Ecclesiam.
496 2013 533 2042 Ut
548 2020 638 2043 autem
651 2019 679 2043 et
692 2023 743 2044 vos
755 2016 876 2045 vicissim
893 2017 972 2046 intel-

179 2059 283 2095 ligatis,
308 2059 361 2086 viri
383 2059 564 2093 venerabiles,
586 2059 678 2095 qualia
704 2061 760 2089 sint
777 2062 973 2098 sacrilegorum

179 2105 265 2140 impia
283 2104 430 2140 dogmata:
457 2105 540 2134 simul
568 2106 627 2134 haec
654 2114 718 2135 cum
740 2107 840 2136 litteris
856 2108 918 2136 misi
945 2109 973 2136 in

180 2151 420 2186 quateruionibus,
444 2159 507 2187 quae
530 2151 658 2180 indoctus
681 2152 744 2181 licet
765 2153 909 2182 confutare
925 2162 975 2190 ag-

1023 1557 1070 1583 καὶ
1082 1556 1119 1588 ὡς
1137 1557 1264 1594 Γόμορρα
1278 1558 1329 1593 ἢδη
1348 1558 1543 1594 ὡμοιώθημεν.
1558 1560 1608 1586 Διά
1626 1559 1706 1586 τοῦτο
1724 1568 1824 1594 τοιγα-

1023 1602 1087 1638 ροῦν
1101 1603 1150 1630 καὶ
1161 1603 1373 1639 ἑπεϐοησάμεθα
1387 1606 1421 1640 τῇ
1432 1605 1573 1641 ἁγιωσύνῃ
1585 1605 1664 1641 ἡμῶν
1679 1606 1704 1632 οἰ
1720 1614 1822 1633 ταπει-

1022 1648 1073 1681 vol,
1096 1648 1136 1680 ὡς
1163 1649 1193 1675 ἐν
1211 1649 1253 1675 ἑνὶ
1282 1650 1396 1685 στόματι
1415 1649 1471 1676 τῶν
1495 1651 1606 1678 πάντων
1627 1651 1753 1686 ἀδελφῶν
1770 1652 1823 1679 καὶ

1023 1695 1250 1730 συμπασχόντων.
1267 1695 1363 1731 Ἰσμεν
1378 1695 1434 1731 γὰρ
1444 1696 1485 1723 ὅτι
1503 1696 1589 1731 ἰσχύει
1602 1697 1619 1732 ὴ
1631 1697 1724 1724 δικαία
1738 1698 1823 1733 ἡμῶν

1022 1738 1115 1774 δέησις
1131 1739 1316 1776 ἐνεργουμένη
1329 1748 1336 1756 ·
1351 1740 1389 1772 ὡς
1403 1741 1437 1768 ἂν
1451 1741 1491 1776 τῷ
1510 1742 1652 1777 ἐξιλασμῷ
1666 1743 1751 1778 αὐτῆς
1769 1752 1822 1770 κο-

1023 1782 1100 1818 πάσῃ
1112 1785 1127 1818 η
1139 1783 1254 1818 θραῦσις
1267 1784 1319 1819 τῆς
1335 1785 1480 1821 αἰρετικῆς
1495 1786 1644 1821 ῥομφαίας·
1657 1787 1704 1814 τοῦ
1714 1789 1823 1824 Κυρίου

1022 1829 1065 1860 εἰς
1089 1829 1231 1865 εἰρηνικὴν
1249 1829 1405 1866 όρθοδοξίαν
1419 1832 1604 1866 ὲπανάγοντος
1627 1834 1675 1860 καὶ
1693 1834 1743 1868 τὴν
1758 1832 1824 1862 καθ’

1022 1876 1098 1910 ἡμᾶς
1118 1876 1294 1912 Ἐκκλησίαν.
1309 1876 1368 1904 Ἰνα
1379 1877 1408 1904 δὲ
1421 1878 1510 1913 εἰδῆτε
1526 1879 1574 1906 καὶ
1595 1879 1685 1915 ὑμεῖς,
1700 1877 1724 1907 ὦ
1738 1881 1807 1908 σεϐα
1816 1897 1826 1903 -

1025 1930 1109 1958 σμιοι,
1122 1923 1155 1950 ὲκ
1173 1923 1284 1960 μέρους,
1297 1921 1342 1951 οἷα
1353 1924 1387 1951 τὰ
1400 1924 1488 1960 ἀσεϐῆ
1501 1925 1626 1960 δόγματα
1637 1925 1693 1953 τῶν
1708 1927 1798 1955 ἀθέων
1809 1935 1822 1945 ο

1025 1969 1226 1996 συναπέστειλα
1239 1970 1296 2001 τοῖς
1309 1969 1459 2006 γράμμασι
1485 1970 1574 1999 ταῦτα
1595 1972 1625 1999 ἑν
1648 1973 1825 2008 τετραδίοις·

1023 2013 1042 2041 ἃ.
1058 2014 1104 2042 καὶ
1118 2014 1197 2047 ἔδοξα
1214 2015 1228 2042 ό
1244 2015 1355 2051 ἀμαθὴς
1369 2016 1547 2052 ἀνατρέπειν,
1558 2019 1728 2054 προτραπεὶς
1743 2021 1827 2055 παρὰ

1024 2060 1156 2087 εὐσεϐῶν.
1174 2061 1250 2088 Δίτῶ
1271 2061 1301 2088 δὲ
1327 2060 1381 2088 ὑπὸ
1407 2062 1458 2096 τῆς
1478 2062 1555 2094 θείας
1572 2063 1651 2098 ὑμῶν
1677 2064 1826 2099 ἀγχινοίας

1024 2106 1244 2142 ὲπισκεφθῆναι·
1275 2108 1323 2134 καὶ
1348 2107 1379 2135 τὸ
1396 2107 1505 2141 ἐλλιπὲς
1531 2109 1740 2145 ἀνορθωθῆναι·
1772 2112 1827 2138 καὶ

1026 2153 1193 2189 συγγνώμην
1219 2153 1276 2181 τῶν
1291 2154 1502 2190 ἐπωφλημένων
1517 2155 1647 2188 δέξασθαί
1665 2165 1699 2192 με
1711 2164 1720 2173 ·
1748 2156 1825 2192 λαμ-

180 2204 293 2232 gressus
302 2205 376 2230 sum,
389 2197 538 2232 proborum
547 2199 670 2226 virorum
681 2199 802 2228 hortatu.
811 2199 867 2228 Oro
881 2204 970 2228 autem

1028 2202 1158 2230 ϐάνεσθαί
1172 2210 1203 2229 τε
1228 2202 1270 2234 εἰς
1296 2203 1408 2238 μνήμην
1425 2203 1455 2229 ὲν
1471 2203 1531 2235 ταῖς
1549 2203 1715 2231 θεοκλινέσιν
1743 2204 1826 2240 ὑμῶν

181 2247 212 2271 ιιι
227 2251 260 2271 ea
275 2251 325 2279 pro
341 2244 434 2272 divina
449 2248 539 2272 vestra
556 2245 706 2280 sagacitate
718 2246 890 2280 expendatis,
902 2247 976 2282 quod

182 2289 311 2317 vitiosum
332 2293 375 2317 est
391 2289 555 2323 emendetis.
575 2295 788 2326 erratorumque
800 2293 907 2320 veniam
925 2293 976 2321 tri—

183 2336 287 2367 buatis.
299 2340 327 2363 et
343 2340 373 2363 ut
389 2336 444 2364 mei
460 2336 640 2365 memineritis
656 2337 684 2364 in
697 2337 794 2366 vestris
807 2337 978 2368 ﬂectentibus

1025 2249 1192 2284 προσευχαῖς
1204 2256 1211 2264 ·
1235 2247 1284 2275 καὶ
1307 2248 1362 2284 μὴν
1380 2248 1428 2275 καὶ
1443 2248 1638 2276 συντάττεσθαι
1653 2249 1692 2281 ὡς
1706 2249 1827 2285 ἔσχατον

1025 2293 1136 2321 πάντων
1161 2293 1243 2328 μέλος
1264 2293 1294 2320 ὲν
1317 2292 1358 2329 τῷ
1385 2293 1552 2329 πληρώματι
1568 2293 1619 2329 τῆς
1642 2294 1723 2329 ἁγίας
1743 2295 1826 2330 ὑμῶν

1032 2339 1210 2375 Ἐκκλησίας.

183 2381 271 2408 Deum
292 2382 418 2416 precibus
436 2390 443 2409 :
467 2382 586 2418 denique
603 2387 634 2411 ut
655 2387 787 2419 tanquam
809 2389 979 2420 postremum
1014 2387 1139 2417 omnium
1166 2385 1320 2413 membrum
1353 2392 1469 2413 censear
1490 2385 1517 2413 in
1536 2386 1704 2422 plenitudine
1719 2391 1825 2415 sancta:

182 2437 282 2459 vestrm
301 2432 440 2460 Ecclesiae.

219 2477 286 2505 Ηιτσ
306 2479 398 2506 eadem
417 2479 528 2514 epistola
544 2481 625 2507 missa
644 2485 682 2508 est
697 2482 777 2508 etiam
793 2483 829 2510 ad
843 2488 976 2511 monum-

182 2523 252 2550 rium
266 2524 353 2551 sancti
372 2523 524 2552 Theodosii.

1073 2481 1108 2509 Ἥ
1122 2479 1200 2514 αὐτὴ
1213 2480 1362 2512 ἐπιστολή
1375 2478 1535 2512 ἀπεστάλη
1551 2477 1599 2505 καὶ
1616 2476 1693 2512 πρὸς
1704 2476 1762 2511 τὴν
1774 2485 1826 2511 μο-

1031 2527 1092 2562 νὴν
1106 2526 1160 2554 τοῦ
1174 2526 1260 2560 ἁγίου
1276 2524 1449 2552 Θεοδοσίου.

156 2600 164 2630 i
631 2606 758 2632 Adversus
767 2607 867 2633 eosdem
879 2609 1061 2634 tconomachos.
1073 2609 1173 2640 (Bal-on.
1193 2614 1233 2632 an.
1245 2608 1300 2638 8l7,
1312 2615 1339 2633 n.
1350 2609 1384 2633 δι

183 2680 311 2709 XVll.—
325 2683 346 2710 A
365 2682 418 2711 Deo
440 2683 586 2717 honorato,
605 2685 702 2712 dilecto
716 2692 739 2712 et
755 2687 874 2720 spiritali
896 2687 974 2715 Patri

218 2737 287 2762 meo,
301 2730 409 2757 domino
431 2731 591 2758 moderatori
608 2733 733 2760 maxima:
755 2733 840 2761 Iaurce
857 2734 975 2761 beatissi-

169 2789 172 2792 ι
219 2775 256 2801 mi
271 2775 359 2802 sancti
379 2775 468 2803 Patris
485 2776 569 2803 nostri
590 2776 754 2812 Chart’lonis,
775 2783 800 2806 et
815 2779 849 2806 iis
863 2779 910 2813 qui
925 2779 973 2806 sub

220 2861 230 2878 ⁸
248 2862 321 2890 Psal.
335 2870 372 2895 Ci,
392 2863 417 2890 7.
455 2864 466 2879 ⁸
489 2863 563 2893 Psal.
577 2873 671 2898 cum,
691 2865 717 2893 6.

1030 2686 1164 2720 ΙΖ¹.-Τῷ
1173 2686 1336 2722 θεοτιμήτῳ
1344 2707 1352 2720 ,
1364 2685 1547 2720 ἠγαπημένῳ
1558 2684 1608 2712 καὶ
1633 2677 1828 2718 πνευματικῷ

1064 2741 1123 2767 μου
1160 2733 1273 2766 Πατρί.
1296 2732 1389 2766 κυρίῳ
1408 2731 1589 2766 καθηγεμόνι
1609 2730 1666 2764 τῆς
1679 2730 1828 2765 μεγίστης

1063 2781 1179 2813 λαύρας
1200 2778 1254 2806 τοῦ
1274 2778 1470 2814 παμμάκαρος
1498 2777 1586 2813 ἁγίου
1604 2777 1720 2812 Harp);-
1740 2776 1828 2811 ἡμῶν

757 2867 766 2881 ⁸
782 2866 836 2894 lsa.
855 2875 874 2901 ι,
893 2867 919 2895 9.
959 2866 1036 2895 ’Jac.
1053 2875 1079 2900 ν,
1098 2867 1145 2897 16.
