1923 3078
101 151 170 184 1169

132 257 252 291 τράσιν,
270 257 419 292 Θεόδωρος
444 258 616 293 ἐλάχιστος,
631 260 833 293 πρεσϐύτερος
843 259 892 286 καὶ

134 304 304 337 ἡγούμενος
315 302 375 330 τῶν
391 304 547 331 Σπουδίου.
816 305 890 341 [σξη]

140 348 252 383 Ἐπειδὴ
264 349 329 383 παρ’
345 349 442 375 ἐλπίδα
457 350 474 384 ή
489 350 628 383 ὲπίτευξις
641 351 696 377 ⁴τῶν
706 351 890 386 γραμμάτων,

99 393 296 428 θαυμαστικῶς
312 394 458 428 βοήσομαι’
469 395 553 421 Πόθεν
570 404 615 430 μοι
625 395 713 428 τοῦτο,
729 396 774 422 ἵνα
784 395 892 428 ἀξιωθῶ

98 440 112 465 ό
129 439 242 474 εὐτελὴς
257 440 410 466 ἐπιστεῖλαι
421 440 486 475 ὑμῖν
500 442 556 472 τοῖς
574 441 663 474 ἁγίοις
679 450 730 475 μου
742 442 891 475 Πατράσιν;

105 485 170 511 Ἰδοὺ
196 485 252 519 γὰρ
274 485 313 516 ὡς
340 485 505 518 κατείληφεν
527 486 601 521 ἡμᾶς
628 486 672 513 διὰ
687 486 737 518 τὰς
755 486 892 521 ἁμαρτίας

99 531 177 566 ἡμῶν
202 531 218 556 6
246 530 439 566 χαλεπώτατος
460 531 581 566 διωγμὸς
604 529 701 564 οὗτος·
723 530 754 560 οὗ
779 534 796 568 ὴ
822 532 892 568 ἀκοὴ

100 577 211 608 πάντως
236 576 318 612 μέχρι
342 578 390 603 καὶ
416 577 493 613 ὑμῶν
521 578 650 612 ἔφθασεν.
682 578 830 605 Ἑσκόπουν
844 580 892 606 καὶ

100 621 258 656 ἀνηρεύνων
266 623 281 649 6
290 622 427 653 ταπεινὸς,
439 622 499 654 πῶς
513 624 562 650 καὶ
575 623 611 650 δι’
623 620 727 655 οὗτινος
745 624 891 658 προσώπου

99 667 245 702 ὼνηθεὶην
259 667 459 702 ἀποδύρασθαι.
479 669 527 695 καὶ
548 669 618 704 πρὸς
633 669 705 704 ὑμᾶς
717 670 782 701 τοὺς
797 669 892 704 ἁγίους

99 713 135 740 τὰ
146 713 289 747 συμϐάντα
302 713 368 747 ἡμῖν
387 713 473 746 δεινὰ,
491 714 541 740 οὐκ
560 714 641 741 ἄλλου
667 714 740 745 τινὸς
754 715 859 748 ἕνεκεν,
874 715 891 749 ἢ

98 760 147 786 τοῦ
171 761 212 792 είς
238 760 411 795 συμπάθειαν
425 761 625 789 ἐκκαλέσασθαι
649 762 727 797 ὑμῶν
741 762 792 794 τὰς
811 762 892 796 ἁγίας

99 806 202 841 ψυχὰς,
230 806 422 833 ἀντιλαϐέσθαι
452 807 531 842 ήμῶν
560 807 605 834 διὰ
632 807 688 834 τῶν
717 809 892 843 προσευχῶν,

101 852 277 886 συμπάσχειν
295 852 418 886 δηλονότι
431 852 541 880 εἰδότων
557 854 628 880 κατὰ
642 853 692 888 τὴν
709 854 892 889 ἀποστολικὴν

99 897 287 925 διδασκαλίαν.
299 893 386 933 Εἴπερ
397 897 491 932 ἐσμὲν
505 899 532 925 οι
543 898 657 930 πάντες
667 898 752 932 σῶμα
763 898 892 932 Χριστοῦ

101 942 151 970 καὶ
163 942 242 977 μέλη
258 942 294 969 ἐκ
311 942 434 976 μέρους.
450 942 505 968 Καὶ
521 942 559 974 ὡς
577 942 629 978 ήδη
650 943 736 969 ταῦτα
759 943 892 970 ἐνενόουν·

100 988 202 1022 ἐπέστη
215 987 320 1022 ἀθρόως
340 987 387 1014 καὶ
397 988 412 1014 6
430 987 664 1022 γραμματοφόρος
680 987 713 1013 ὲκ
726 987 780 1014 τῶν
798 987 893 1014 αὐτόθι

100 1034 194 1068 ἥκων·
221 1033 269 1058 καὶ
292 1028 370 1063 οὗτος
392 1032 449 1064 υίὸς
473 1032 539 1068 ἐμὸς
555 1033 583 1059 ὲν
598 1033 746 1067 πνεύματι,
760 1033 807 1059 καὶ
832 1033 893 1059 λίαν

100 1078 272 1109 πιστότατος.
288 1076 351 1109 Πῶς
374 1075 420 1104 οὖν
436 1078 487 1104 οὐκ
501 1077 614 1112 ἔμελλον
628 1078 643 1104 6
661 1077 821 1112 ἁμαρτωλὸς
845 1078 893 1103 ὲκ-

100 1123 240 1157 πλαγῆναι
253 1123 299 1149 ἐπὶ
315 1123 355 1157 τῷ
370 1123 478 1158 ὲρμαίῳ
491 1131 498 1156 ;
518 1123 579 1154 Πῶς
596 1123 625 1149 δὲ
645 1123 694 1149 οὐκ
710 1122 894 1158 ἀνθομολογη-

102 1168 202 1195 σασθαι
221 1168 316 1203 Κυρίῳ
329 1167 369 1202 τῷ
388 1167 447 1202 Θεῷ
470 1176 521 1202 μου
543 1167 577 1194 τὰ.
592 1167 706 1199 είκότα;
730 1167 813 1194 Ἀλλὰ
827 1168 893 1202 πρὶν

102 1211 222 1245 ἐξειπεῖν
247 1213 282 1240 τὰ
309 1212 443 1247 ὀδυνηρὰ,
473 1213 519 1240 τὸν
543 1213 613 1248 πρὸς
640 1213 712 1248 ὑμᾶς
733 1221 785 1248 μου
811 1212 893 1240 πόθον

102 1257 294 1293 ἀφοσιὼσομαι
315 1259 329 1285 6
345 1258 482 1290 ταπεινός.
507 1259 635 1294 Χαίρετε,
651 1256 674 1285 ὧ
690 1259 893 1294 μακαριώτατοι

103 1303 226 1338 Πατέρες
239 1311 246 1318 ·
260 1303 286 1329 οί
307 1301 357 1337 τῆς
373 1303 455 1337 ἁγίας
469 1303 521 1338 γῆς
542 1304 685 1339 οἰκήτορες
698 1313 706 1320 ·
730 1304 761 1330 τὺ
776 1303 894 1339 χρυσοῦν

103 1349 181 1382 γένος
195 1356 202 1362 ·
227 1349 251 1374 οι
275 1348 324 1383 τὴν
340 1348 432 1374 πίστιν
447 1348 638 1383 δοκιμώτατοι,
652 1350 700 1376 καὶ
723 1349 778 1375 τῶν
798 1349 894 1376 παθῶν

102 1393 264 1428 δαμάτορες·
280 1393 400 1428 χαίρετε,
409 1395 427 1428 ή
443 1393 604 1429 περιϐόητος
614 1395 750 1430 ὁμήγυρις
762 1395 892 1430 Χριστοῦ·

102 1439 127 1464 oi
144 1438 260 1473 ἐργάται
272 1438 326 1464 τῶν
340 1438 456 1465 ἐντολῶν
473 1439 594 1474 Κυρίου·
616 1439 662 1466 καὶ
682 1440 732 1475 τῆς
747 1441 776 1466 ἐν
804 1449 893 1476 παραυ

102 1485 184 1519 δείσῳ
195 1484 300 1519 διαίτης
315 1484 364 1519 τὴν
377 1484 482 1519 θεοειδῆ
491 1484 564 1519 ζωὴν
580 1485 759 1521 μιμούμενοι·
770 1487 893 1522 χαῖρε-τε,

102 1530 120 1563 ἠ
137 1528 185 1555 τοῦ
210 1528 277 1555 Θεοῦ
306 1529 383 1561 πόλις
408 1529 523 1564 έκλεκτή
541 1538 548 1546 ·
567 1530 647 1565 ειπερ
673 1531 702 1556 ὲν
720 1530 796 1566 μέσῳ
816 1531 893 1567 ὑμῶν

103 1575 218 1609 Κύριος,
235 1575 280 1601 διὰ
293 1575 343 1610 τῆς
359 1574 414 1601 τῶν
432 1575 542 1609 ἀγαθῶν
559 1575 649 1611 ἔργων
673 1575 834 1612 ἀναλήψεως
850 1577 894 1604 θε-

102 1620 300 1655 ραπευόμενος.
323 1620 491 1654 Ἐϐουλόμην
507 1620 566 1655 ὕψει
586 1621 732 1648 ὑπολαϐεῖν
751 1622 802 1658 τὴν
818 1622 894 1649 θείαν

103 1665 182 1699 ὑμῶν
196 1665 340 1701 περιοχὴν,
358 1665 408 1692 καὶ
423 1666 616 1702 προσάψασθαι
641 1667 695 1693 τῶν
714 1668 795 1703 ιερῶν
816 1668 894 1702 ὑμῶν

104 1711 198 1746 ιχνῶνσ
210 1711 274 1737 ἰδεῖν
288 1711 320 1738 τὸ
334 1711 412 1743 ἅγιον
427 1711 540 1746 τέμενος
551 1721 559 1728 ·
575 1713 762 1748 προσκυνῆσαι
776 1713 807 1740 τὸ
822 1714 894 1740 θεῖον

103 1757 212 1790 Εδαῳςι
228 1756 333 1783 ἕκαστα
350 1758 628 1793 κατασκοπῆσαι,ποῠ
643 1759 657 1785 ὁ
673 1758 750 1792 ἅγιος
764 1759 811 1786 τοῦ
826 1759 894 1786 Θεοῦ

103 1804 117 1829 6
147 1801 319 1838 φερωνύμως
347 1803 481 1838 ξΧαρίτων
513 1802 730 1839 πεπληρωμένος
763 1804 894 1840 ὲνήθλησε

105 1847 282 1883 μαρπρικῶς
294 1855 325 1874 τε
341 1847 408 1882 ὁμοῦ
422 1849 469 1874 καὶ
483 1849 640 1883 ἁσκητικῶς
653 1856 662 1864 ο
684 1849 723 1884 πῆ
738 1849 766 1875 δὲ
778 1849 807 1876 τδ
822 1849 894 1884 ἱερὸν

104 1893 187 1920 αὖτοῦ
216 1893 296 1928 σῶμα
319 1893 516 1929 τεταμίευται’
542 1895 556 1921 6
582 1895 666 1927 ὅντως
688 1895 824 1931 θησαυρὸς
841 1894 895 1921 τῶν

104 1940 211 1977 ἀρετῶν
222 1948 230 1955 ·
245 1941 260 1966 6
275 1940 326 1975 τῆς
338 1940 442 1975 ἐρήμου
459 1940 582 1976 πολίτης,
600 1942 648 1968 καὶ
666 1941 716 1977 τῆς
732 1942 894 1977 οἰκουμένης

105 1986 238 2021 λαμπτήρ
252 1995 259 2001 ·
285 1984 316 2013 οὗ
341 1985 372 2012 τὸ
394 1986 504 2022 ἔντιμον
526 1987 637 2022 σπέρμα
651 1988 702 2014 οὒκ
725 1987 893 2019 ἐκλέλοιπεν,

104 2033 165 2058 οὐδὲ
186 2031 336 2066 έχλείψειεν
347 2031 400 2063 ἕως
413 2032 463 2066 τῆς
479 2032 633 2065 συντελείας
647 2033 697 2060 τοῦ
711 2033 818 2065 αἰῶνος.
832 2033 895 2060 Εἴθε

106 2074 177 2104 εἶδον
192 2077 289 2109 ταῦτα,
312 2078 360 2104 καὶ
380 2078 606 2114 περιεπτυξάμην
620 2079 666 2105 τδν
681 2079 745 2114 χοῦν
759 2079 798 2111 ὡς
811 2079 895 2114 ἔμψυ-

105 2125 167 2159 χονῑ
186 2122 290 2156 ὤφελον
313 2124 361 2149 καὶ
387 2123 513 2159 ἀπήχθην
531 2124 561 2150 ὲν
583 2125 643 2156 ταῖς
664 2125 772 2156 λοιπαῖς
798 2125 895 2160 θήκαις

104 2169 159 2195 τῶν
184 2169 277 2201 ὁσίων,
294 2169 342 2195 ἀπ’
355 2169 440 2205 αὐτῆς
471 2170 555 2205 μόνης
582 2170 671 2205 ὅψεως
695 2171 893 2206 ἀγιαζόμενοςί

111 2215 182 2242 Ἀλλ’
197 2214 259 2241 ἐπεὶ
274 2214 360 2242 ταῦτα
373 2215 403 2248 ἐξ
421 2215 512 2249 ὀλίγου
528 2224 574 2251 μοι
596 2216 714 2252 ὕμνηται
727 2235 735 2248 ,
764 2216 830 2252 φέρε
855 2218 895 2243 δι-

105 2261 310 2297 ηγήσωμαιγαὶ
321 2260 356 2287 τὰ
373 2261 469 2296 ὀδύνης
479 2260 595 2296 ἔμπλεα·
613 2261 739 2296 ’Δνέστη
748 2263 900 2295 ,βασιλεὺς

105 2306 217 2340 ἕτερος,
231 2306 298 2342 φησί
309 2315 361 2333 που
376 2306 408 2333 τὸ
423 2306 496 2339 ἱερὸν
506 2307 637 2343 Γράμμα,
651 2307 685 2341 ὃς
697 2308 753 2335 οὐκ
767 2308 831 2342 ᾔδει
847 2308 900 2335 τὸν

112 2350 237 2385 Ἰωσήφ.

141 2441 272 2474 Τοιοῦτος
288 2441 320 2477 δὴ
334 2442 381 2468 οὖν
393 2442 408 2469 6
428 2442 563 2477 ἡμέτερος
574 2442 686 2478 Φαραὼ,
701 2439 724 2469 ὧ
741 2442 897 2476 ἁγιώτατοι·

105 2489 136 2515 οὺ
156 2488 203 2514 τδν
221 2487 321 2522 Ἰωσὴφ
336 2487 452 2521 ἀγνοῶν,
473 2487 541 2514 ἀλλὰ
556 2488 603 2514 τὸν
623 2488 797 2522 ἀγοράσαντα
820 2487 899 2513 αὑτὸν

105 2532 246 2566 Δεσπὰτην
262 2531 441 2567 ἀρνούμενος.
457 2533 543 2567 Δῆλον
555 2533 610 2568 γὰρ
621 2533 658 2565 ὡς
674 2534 689 2559 6
702 2532 807 2559 ἀθετῶν
816 2531 898 2558 αὐτοῦ

105 2579 154 2613 τὴν
169 2578 273 2609 εἰκόνα,
293 2577 376 2605 αὑτὸν
401 2578 502 2606 ἀθετεῖ.
524 2578 603 2605 Οὕτω
629 2579 675 2605 καὶ
695 2578 745 2613 τὴν
758 2578 897 2610 Θεοτόκον,

106 2625 152 2650 καὶ
167 2623 257 2650 πάντα
273 2624 352 2658 ἅγιον
368 2623 511 2659 ήθέτησεν.
526 2625 565 2651 Οὐ
593 2625 646 2659 γὰρ
664 2624 745 2660 ἔφερε
761 2624 841 2658 φύσις
859 2623 897 2650 ῶν

104 2669 252 2704 ἀρνητικὴ,
269 2669 306 2704 μὴ
327 2669 388 2704 οὐχὶ
402 2671 434 2704 τῇ
449 2670 554 2703 κεφαλῇ
583 2670 776 2705 συμπεριελεῖν
791 2669 840 2695 καὶ
863 2669 898 2695 τὰ

107 2714 174 2749 μέλη
192 2714 299 2741 πάντα-
326 2715 371 2741 ἵνα
394 2715 462 2749 μόνη
478 2716 494 2750 ἡ
509 2714 591 2741 εἰκὼν
605 2715 687 2741 αὑτοῦ
701 2715 896 2750 ὲμφανίζηται,

107 2759 399 2796 Ναϐουχοδονοσοριχῷ
426 2760 554 2795 δόγματι.
593 2761 732 2788 Ἐντεῦθεν
758 2763 897 2797 ἐρήμωσις

109 2805 202 2831 πασῶν
223 2804 277 2831 τῶν
311 2805 481 2839 Ἐκκλησιῶν
510 2805 558 2831 τοῦ
585 2805 671 2839 Θεοῦ,
697 2806 897 2842 ἀφανιζομένης

142 2860 153 2876 ⁸
170 2860 256 2889 lCor.
271 2869 320 2897 xu,
333 2861 360 2888 2.
398 2862 408 2878 ⁸
421 2861 504 2890 Exod.
517 2870 535 2894 ι,
551 2861 578 2888 8.

696 153 965 184 EPISTOIARUM
993 154 1065 183 LIB.
1091 153 1134 183 II.

131 210 312 243 Χαρίτωνος,
339 209 388 237 καὶ
414 210 474 242 τοῖς
491 211 542 238 ὑπ’
557 210 634 245 αὐτῇ
655 211 753 244 ὁσίοις
764 220 824 246 μου
834 213 893 238 Πιι-
908 212 933 240 Α

1662 153 1730 185 1170

979 211 1028 238 illa
1039 212 1204 238 suntsanclit
1212 210 1338 238 Panibus
1349 213 1424 243 meis,
1436 211 1588 239 Theodorus
1597 213 1731 247 minimus,

976 258 1109 292 presbyter
1124 262 1149 284 et
1165 259 1321 292 praepositus
1344 257 1524 286 Sludilarum.

976 348 1201 383 Quandoquidem
1223 353 1322 384 prmter
1341 357 1418 384 spem
1438 350 1548 377 occasio
1572 357 1602 377 se
1620 349 1668 376 dat
1688 348 1732 375 lit-

942 398 1072 426 terarum,
1098 400 1210 430 stupens
1226 396 1385 423 exclamabo
1410 406 1416 424 :
1441 396 1518 423 Unde
1540 396 1593 423 hoc
1608 396 1686 428 mihi,
1705 400 1733 422 ιιι

941 448 1003 467 cum
1022 440 1124 467 nullius
1138 441 1189 468 sim
1204 441 1295 476 pretii,
1314 441 1348 468 ad
1372 449 1431 473 vos,
1453 440 1548 468 Patres
1567 441 1619 467 mei
1635 440 1731 471 sancti,

941 485 1046 512 litteras
1066 486 1235 513 conscribam
1251 486 1344 514 ?Eccc
1363 487 1436 514 enim
1460 487 1506 514 ubi
1530 494 1580 513 nos
1599 486 1735 520 oppressit

942 531 977 558 ob
994 531 1098 559 scelera
1119 536 1212 559 nostra
1228 532 1326 559 acerba
1345 532 1404 559 haec
1416 531 1443 559 in
1458 532 1552 566 primis
1568 531 1733 566 persecutio,

941 577 1020 612 cujus
1034 576 1105 604 fama
1127 577 1239 604 omnino
1254 577 1287 604 ad
1304 585 1353 605 vos
1377 585 1464 611 usque
1480 577 1614 612 pervenit.
1632 575 1732 610 Explo-

941 624 1056 658 raviego
1069 623 1239 655 misellus.et
1251 624 1343 651 animo
1351 624 1482 655 volutavi,
1503 623 1733 658 quemadmodum

941 671 969 694 et
985 674 1033 700 per
1045 675 1126 701 quem
1137 668 1203 695 mihi
1216 667 1256 696 las
1271 673 1342 696 esset
1350 676 1382 696 ea
1398 669 1489 704 lugere
1501 668 1581 695 etiam
1591 668 1662 702 apud
1676 675 1735 700 vos,

942 712 993 738 viri
1004 712 1103 743 sancti,
1120 720 1180 747 qua:
1204 713 1282 740 nobis
1301 713 1441 748 conligere
1466 713 1625 744 infortunia.
1649 721 1737 747 ncqne

942 757 1024 784 aliam
1040 758 1075 784 ob
1088 765 1210 790 causam,
1225 766 1306 792 quam
1322 764 1351 785 ut
1368 763 1492 786 sanctum
1508 762 1603 793 pectus
1616 763 1735 785 vestrum

941 802 976 830 ad
991 803 1255 831 commiseratiouem
1278 812 1499 838 provocaremus,
1509 810 1537 831 ut
1549 813 1599 832 nos
1611 805 1736 838 precibus

942 847 1130 879 sublevaretis,
1148 848 1195 882 qui
1215 849 1334 883 compati
1347 849 1470 876 videlicet
1495 850 1617 884 apprime
1638 850 1735 882 nostis,

909 889 929 916 Β
941 895 1020 927 juxta
1031 894 1152 928 Apostoli
1161 894 1391 922 adhortationem.
1399 894 1538 930 Siquidem
1553 903 1648 923 omnes
1659 895 1737 923 Clu-i-

944 941 982 967 sti
997 948 1092 974 corpus
1108 948 1210 973 sumus,
1222 945 1248 967 et
1264 941 1379 967 membra
1390 949 1423 967 ea:
1440 946 1515 975 parte
1526 942 1546 967 ⁸.
1560 940 1592 967 Et
1603 949 1664 968 cum
1681 941 1737 968 haec

941 984 997 1019 jam
1007 985 1064 1019 ipse
1073 992 1179 1012 mecum
1193 986 1453 1019 reputarem,astitit
1460 991 1570 1021 repente
1579 987 1686 1013 labella!
1694 987 1736 1014 ius

943 1038 976 1057 ex
993 1031 1048 1058 illis
1067 1031 1225 1066 regionibus
1246 1038 1395 1065 reversus;
1417 1037 1444 1059 et
1467 1032 1511 1059 ille
1528 1034 1637 1067 quidem
1663 1033 1736 1060 titius

944 1084 1022 1103 meus
1038 1077 1064 1104 in
1077 1077 1184 1111 spiritu.
1200 1077 1327 1112 idemque
1347 1078 1523 1113 integerrima
1536 1079 1597 1106 ﬁde.
1612 1078 1734 1112 Quomo-

943 1122 979 1149 do
997 1122 1080 1157 igitur
1098 1130 1152 1149 non
1171 1130 1214 1149 me
1238 1128 1409 1157 peccatorem
1433 1124 1554 1158 oportuit
1567 1129 1622 1150 tam
1643 1125 1735 1158 inspe-

945 1171 1003 1194 rato
1016 1167 1092 1194 lucro
1111 1167 1305 1203 obstupescere
1320 1168 1331 1195 ?
1354 1168 1498 1201 Quomodo
1517 1177 1570 1196 non
1583 1169 1674 1196 decuit
1691 1169 1736 1203 ju-

943 1213 1079 1240 stissimas
1100 1221 1179 1248 agere
1202 1214 1304 1248 gratias
1336 1214 1451 1241 Domino
1482 1221 1543 1241 meo
1574 1213 1630 1241 Dvo
1649 1215 1661 1240 ?
1683 1214 1735 1241 Sed

943 1257 1106 1292 priusquam
1117 1265 1149 1285 ea
1160 1266 1222 1293 qua:
1245 1263 1310 1286 sunt
1321 1259 1403 1294 digna
1423 1259 1499 1286 luctu
1512 1259 1636 1294 eloquar.
1649 1260 1737 1287 obiti-r

944 1307 1034 1326 meum
1064 1308 1127 1335 crga
1158 1309 1206 1328 vos
1237 1301 1403 1330 desiderium
1432 1303 1560 1338 indignus
1590 1311 1735 1338 exponam.

945 1344 1078 1377 Gaudete,
1108 1345 1203 1373 Patres
1226 1346 1387 1380 felicissimi,
1410 1351 1490 1375 terra:
1514 1353 1615 1376 sanctae
1631 1349 1735 1381 incolae,

944 1398 1029 1425 genus
1040 1399 1165 1424 aureum,
1181 1392 1234 1420 ﬁde
1245 1400 1327 1428 supra
1343 1398 1455 1421 cancros
1475 1394 1593 1429 probati,
1606 1394 1736 1422 vitiorum

943 1438 1117 1465 domitores:
1144 1438 1270 1473 gaudete.
1302 1439 1467 1473 percelebris
1492 1438 1594 1466 Christi
1632 1445 1732 1473 cauus,

944 1481 1090 1510 eﬂ‘cctores
1113 1482 1304 1510 mandatorum
1320 1483 1379 1516 Dei,
1396 1491 1429 1511 ac
1442 1484 1533 1511 divina
1550 1485 1657 1511 vivendi
1676 1493 1737 1512 nor-

945 1535 989 1555 ma
1009 1528 1159 1556 imitatores
1177 1530 1237 1564 ejus
1254 1529 1317 1557 vita:
1335 1537 1396 1564 qua:
1411 1529 1438 1556 in
1451 1531 1585 1565 ,paradiso
1598 1531 1705 1566 degitur
1726 1540 1734 1559 ι

943 1573 1071 1607 gaudete,
1094 1574 1178 1601 electa
1196 1573 1243 1601 Dei
1266 1574 1374 1607 civitas,
1397 1574 1532 1609 siquidem
1544 1580 1587 1602 est
1602 1575 1629 1602 in
1646 1575 1736 1602 modio

944 1624 1015 1646 cuetu
1043 1623 1135 1646 vestro
1167 1618 1309 1651 Dominus.
1345 1627 1426 1654 quem
1460 1620 1592 1647 bonorum
1622 1629 1734 1655 operum

944 1662 1139 1690 exercitatione
1168 1663 1267 1691 colitis.
1289 1663 1392 1692 Vellem
1413 1664 1506 1699 utique
1530 1665 1653 1692 divinqu
1669 1666 1736 1693 illud

944 1714 1066 1736 vestrum
1078 1713 1184 1744 septum
1201 1710 1288 1738 oculis
1305 1718 1449 1745 usurpare,
1465 1718 1543 1738 saera
1558 1717 1648 1738 vestra
1665 1719 1734 1738 con-

944 1754 1049 1789 tingere
1076 1755 1201 1790 vestigia,
1224 1761 1346 1783 sanctam
1371 1757 1470 1783 intueri
1490 1757 1586 1790 aedem,
1609 1757 1732 1784 divinum

944 1801 1033 1827 solum
1055 1801 1185 1833 osculari,
1207 1801 1313 1836 singula
1325 1801 1442 1829 lustrare
1456 1803 1596 1834 attentius.
1619 1803 1664 1829 ubi
1680 1802 1735 1829 Deo

943 1845 1052 1880 plenus,
1063 1853 1095 1872 ac
1106 1853 1156 1872 suo
1173 1846 1341 1881 respondens
1356 1848 1458 1874 nomini
1471 1852 1582 1875 sanctus
1601 1847 1647 1874 Dei
1661 1847 1734 1874 Cha-

944 1890 1008 1923 rito,
1030 1895 1086 1918 tum
1118 1892 1240 1926 martyrii
1268 1897 1324 1919 tum
1353 1893 1414 1920 vitae
1434 1893 1592 1920 monasticae
1618 1893 1736 1928 palmam

945 1937 1007 1963 tulit
1026 1945 1033 1963 :
1058 1937 1103 1964 ubi
1118 1946 1225 1964 sacrum
1241 1938 1313 1965 illius
1333 1946 1433 1973 corpus
1460 1939 1629 1966 reconditum
1648 1947 1654 1965 :
1673 1945 1737 1965 vere

945 1981 1091 2010 thesaurus
1117 1983 1260 2015 virtutum,
1283 1984 1368 2011 eremi
1396 1984 1474 2016 civis,
1501 1985 1574 2011 orbis
1600 1989 1734 2010 terrarum

946 2026 1078 2055 lucerna:
1104 2029 1183 2063 cujus
1204 2029 1353 2063 pretiosum
1370 2037 1464 2056 semen
1487 2037 1541 2056 non
1557 2029 1666 2062 defecit,
1686 2037 1736 2057 nec

945 2081 1011 2102 vero
1040 2074 1147 2102 deﬁciet
1173 2082 1260 2109 usque
1290 2075 1316 2102 in
1342 2076 1608 2102 consummationem
1631 2075 1732 2102 saeculi.

947 2119 1056 2148 Utinam
1083 2120 1140 2148 haec
1153 2120 1239 2148 oculis
1263 2128 1414 2152 cernerem,
1442 2121 1636 2155 pulveremque
1657 2129 1735 2148 com-

947 2165 1079 2200 pleclerer
1095 2165 1178 2192 vcluli
1193 2165 1342 2199 spirantem
1359 2166 1366 2192 !
1390 2165 1500 2192 Utinam
1518 2170 1545 2192 et
1557 2165 1736 2199 progrederer

949 2211 982 2236 ad
1011 2211 1132 2245 reliquos
1160 2215 1318 2238 sanctorum
1333 2210 1448 2242 loculos,
1473 2210 1516 2237 vel
1547 2210 1607 2237 solo
1635 2209 1734 2236 intuitu

949 2256 1094 2290 expiatus!
1111 2256 1146 2283 At
1161 2261 1305 2291 postquam
1321 2257 1377 2284 haec
1385 2256 1500 2284 strictim
1512 2255 1735 2284 commemoravi.

948 2301 1036 2328 dicam
1057 2309 1138 2336 porro
1159 2306 1186 2329 et
1209 2311 1269 2337 qum
1290 2307 1354 2329 sunt
1378 2302 1455 2337 plena
1478 2303 1589 2329 luctus:
1614 2301 1736 2327 Surrexit

949 2355 996 2374 rex.
1009 2355 1101 2380 not-us,
1114 2348 1214 2375 alicubi
1232 2348 1353 2376 referunt
1371 2355 1457 2375 sacrae
1474 2347 1588 2382 paginae,
1603 2347 1647 2381 qui
1662 2346 1736 2381 igno-

950 2393 1024 2420 rabat
1035 2393 1133 2428 Ioseph
1144 2395 1166 2421 ’.

983 2439 1058 2466 Talis
1082 2439 1206 2474 profecto
1227 2439 1336 2466 Pharao
1355 2444 1450 2467 noster
1470 2444 1524 2471 est,
1543 2438 1594 2465 viri
1618 2438 1736 2465 sanctis-

948 2485 1023 2515 simi,
1038 2493 1092 2511 non
1110 2485 1158 2519 qui
1173 2484 1273 2519 Joseph
1297 2485 1414 2518 nesciat,
1435 2485 1483 2512 sed
1499 2484 1546 2519 qui
1561 2491 1636 2514 eum.
1652 2491 1667 2509 a
1679 2491 1736 2517 quo

948 2531 1106 2565 redemptus
1135 2535 1194 2564 cst,
1223 2531 1370 2558 Dominum
1394 2531 1485 2565 ipsum
1515 2534 1605 2565 neget.
1629 2529 1737 2563 Quippe

947 2577 1126 2605 manifestum
1140 2582 1192 2609 est,
1213 2578 1261 2612 qui
1278 2578 1366 2612 ipsius
1390 2576 1537 2611 imaginem
1560 2580 1734 2610 aspernatur,

948 2623 1039 2658 ipsum
1065 2624 1220 2658 aspernari.
1246 2623 1293 2651 Sic
1317 2624 1363 2651 ille
1386 2628 1414 2650 et
1438 2623 1465 2649 in
1488 2622 1633 2657 Dciparam
1658 2626 1685 2648 et
1708 2622 1734 2647 iu

952 2673 1079 2695 sanctum
1108 2669 1258 2703 quemlibet
1294 2668 1412 2703 injurius
1444 2667 1505 2694 fuit.
1536 2666 1632 2701 Neque
1659 2666 1734 2692 cnim

950 2715 1022 2741 ferre
1035 2714 1124 2748 potuit
1139 2719 1237 2741 natura
1249 2714 1282 2740 ad
1302 2713 1456 2749 negandum
1471 2712 1612 2746 proclivis,
1626 2711 1736 2745 quenti-

950 2769 1002 2788 nns
1021 2769 1074 2788 una
1094 2769 1156 2788 cum
1174 2761 1262 2795 capite
1277 2761 1404 2787 universa
1422 2767 1532 2795 quoque
1549 2758 1671 2786 membra
1685 2764 1735 2783 au-

950 2806 1033 2835 ferret
1047 2815 1053 2833 :
1068 2812 1098 2834 ut
1113 2807 1170 2835 sola
1192 2807 1228 2834 sit
1245 2807 1333 2841 ipsius
1348 2807 1438 2844 imago
1460 2806 1622 2842 conspicua,
1640 2802 1735 2832 Nabu-
