1923 3078
175 138 242 173 1171

773 139 805 171 S.
826 138 1024 169 THEODORI
1041 138 1215 169 STUDITJE

1745 136 1816 170 1172

173 193 394 222 chodonosorico
409 194 511 222 edicto.
535 194 604 223 Hinc
625 195 748 222 omnium
766 194 813 222 Dei
830 193 966 221 Ecclesia-

1021 194 1160 228 πανταχοῦ
1173 193 1263 227 πάσης
1275 192 1376 229 σεπτῆς
1391 193 1506 224 εικόνος.
1516 191 1658 220 Ἐντεῦθεν
1673 192 1815 229 ἔμπρησις

174 248 236 268 rum
269 241 421 273 desolatio,
454 241 558 276 ubique
587 241 695 269 sublata
728 248 743 268 e
772 241 863 268 medio
889 240 966 267 omni

173 286 331 313 veneranda
358 286 488 321 imagine.
516 286 586 315 llinc
615 293 759 314 sacrorum
784 285 966 313 donariorum

173 333 293 364 exustio,
312 332 339 359 in
358 332 460 367 quibus
481 332 589 367 imago;
617 339 649 360 ac
665 332 851 364 voluminum,
869 332 896 359 in
909 332 969 366 qui-

175 379 226 406 bus
244 379 335 413 uliqua
350 379 479 414 imaginis
492 379 607 407 mentio.
630 378 699 406 Hinc
714 379 803 413 plenae
819 378 967 413 impietatis

174 425 392 459 subscriptiones
406 425 555 460 exiguntur
571 434 577 452 :
594 430 620 452 et
638 425 778 461 sacrilegae
793 425 967 452 communio-

174 471 218 497 nis
228 470 404 505 participatio
426 469 500 498 facta
514 471 639 506 diligenti
664 479 696 498 ac
712 470 831 498 sollicita
850 470 967 505 inquisi-

175 518 261 548 tione,
287 523 321 543 ne
337 516 400 551 quis
421 517 581 544 mortalium
605 525 660 544 non
679 517 805 544 devictus
831 524 861 544 se
882 516 968 544 ruinte

174 562 329 590 subtrahat.
345 561 366 588 E
383 563 493 590 duobtts
506 563 579 590 enim
595 564 759 591 alterutrum
778 562 966 590 necessarium

174 609 217 632 est
233 613 239 631 :
254 609 301 632 aut
317 606 432 634 colenda
450 607 540 642 imago
563 615 657 641 aurea,
673 612 721 634 aut
742 608 843 635 acerba
858 608 968 635 crucia-

174 656 252 678 tuum
274 653 383 679 ﬂamma
404 653 579 688 perferenda.
601 654 641 682 Ac
666 654 847 682 nihilominus
872 662 968 681 nume-

174 706 237 726 rare
261 699 287 725 in
318 704 446 734 promptu
474 705 516 727 est
540 708 587 728 eos
608 701 656 735 qui
682 701 828 736 perstitere
848 701 966 728 immoti.

174 744 293 775 Quinam
308 745 347 771 illi
366 746 472 780 porro?
488 745 571 773 Sacer
584 746 678 781 utique
690 747 847 781 patriarcha
862 751 966 779 noster,

174 791 297 825 episcopi
314 795 341 818 ct
356 792 528 824 sacerdotes,
554 793 684 819 monachi
699 797 726 820 et
741 793 893 820 monachae.
915 792 968 819 Ne-

173 844 228 870 que
241 837 314 864 enim
332 837 509 864 meretricius
525 838 625 865 oculus
641 838 746 864 veritus
763 842 805 864 est
818 837 860 865 vel
874 838 900 864 in
917 837 967 865 hos

174 890 263 918 usque
278 882 386 918 ﬂagella
413 883 570 910 immittere.
596 882 658 915 Quo
680 883 753 910 enim
769 887 850 916 pacto
871 882 961 916 palam

172 936 309 962 exponam
330 929 504 962 vexationes,
526 936 662 961 carceres,
688 929 807 962 vincula,
832 928 964 959 inediam,

173 975 281 1005 exsilia,
302 975 404 1002 damna
422 975 508 1008 illata,
530 976 631 1003 neces?
647 975 679 1002 Et
692 976 750 1003 lucc
764 975 856 1002 omnia
869 983 967 1003 sumus

173 1020 278 1055 experti
297 1030 303 1048 :
320 1020 347 1048 in
366 1021 508 1049 montibus
523 1021 614 1056 fugas,
636 1021 840 1048 occultationes
861 1021 888 1047 in
903 1027 966 1055 spe-

173 1066 264 1094 luncis
290 1073 317 1094 nt
344 1067 472 1095 cavernis
499 1072 588 1095 terrae.
609 1068 712 1095 Abdias
732 1067 876 1102 propheta,
902 1074 965 1093 cum

172 1117 246 1140 esset
264 1114 355 1141 adhuc
371 1121 387 1141 e
406 1114 522 1141 ducibus
537 1114 645 1146 Achab,
672 1122 735 1142 cum
748 1113 858 1141 Jezabel
876 1114 966 1141 credes

172 1164 305 1194 patraret,
326 1160 429 1187 dicitur
448 1160 518 1188 [ilics
535 1161 731 1195 prophetarum
753 1161 966 1195 quinquagenos

173 1205 201 1232 in
224 1205 333 1232 duabus
355 1206 497 1240 speluncis
520 1207 689 1237 occultasse.
703 1214 773 1241 quos
792 1210 820 1233 et
842 1206 917 1240 parit
932 1206 965 1232 ‘°.

210 1249 260 1276 llic
276 1258 342 1278 vero
360 1251 382 1279 si
399 1252 462 1285 quis
475 1251 697 1286 deprehendatur
711 1251 753 1279 vel
777 1259 861 1278 unum
884 1250 966 1277 modo

173 1297 342 1330 occuluisse,
364 1298 391 1325 in
416 1305 547 1332 magnum
563 1297 607 1324 ille
627 1297 775 1325 discrimen
796 1297 893 1324 venit:
910 1297 966 1324 imo

172 1343 196 1370 si
213 1343 255 1370 vel
276 1343 346 1371 clam
367 1343 479 1378 impiam
497 1343 723 1370 communionem
749 1342 897 1378 refugisse,
919 1347 966 1370 aut

172 1396 255 1424 penes
269 1397 299 1416 se
319 1396 447 1417 servasse
463 1389 626 1423 imaginem,
643 1393 690 1416 aut
705 1390 833 1417 volumen
853 1390 964 1424 aliquod

172 1437 200 1463 in
216 1443 272 1471 quo
293 1436 358 1470 quid
380 1435 487 1463 inesset
511 1436 572 1470 ejus
597 1437 764 1471 argumenti.
787 1436 875 1464 Sileut
891 1437 965 1464 dumi

173 1489 222 1510 ora
236 1482 362 1515 piorum;
384 1481 490 1509 nefaria
511 1482 605 1517 lingua
621 1483 754 1513 solvitur;
774 1491 903 1518 maguum
929 1483 967 1510 in-

1019 239 1101 274 ἱερῶν
1121 239 1314 274 ἀναθημάτων,
1333 239 1361 265 ἐν
1375 236 1417 270 οἷς
1431 238 1523 265 εἰκών·
1540 238 1588 265 καὶ
1603 238 1714 274 βίϐλων,
1729 239 1760 265 ὲν
1770 237 1815 271 αἷς

1018 285 1083 320 περὶ
1105 285 1192 319 αὐτῆς
1208 293 1233 311 τι
1257 284 1363 311 λεκτὸν.
1384 284 1524 311 Ἐντεῦθεν
1551 284 1585 310 τὰ
1610 284 1660 319 τῆς
1685 284 1815 316 ἁσεὸεἰας

1018 329 1190 365 χειρόγραφα
1214 329 1406 364 ἀπαιτούμενα
1418 337 1424 344 ·
1441 329 1488 355 καὶ
1500 329 1517 364 ἡ
1535 329 1645 364 μέθεξις
1665 330 1715 364 τῆς
1729 329 1815 356 ἀθέου

1018 375 1160 406 κοινωνίας
1175 375 1219 401 διὰ
1249 375 1347 409 πολλῆς
1375 374 1549 409 ὲκζητήσεως
1567 375 1614 401 καὶ
1629 374 1760 410 ἐρεύνης·
1776 375 1815 406 ὡς

1020 421 1058 456 μὴ
1078 421 1275 456 ὑπολειφθῆναι
1301 421 1438 447 ἀνάλωτον
1453 421 1542 447 πάντα
1557 421 1713 456 ἄνθρωπον.
1733 423 1815 448 Δυοῖν

1017 466 1072 500 γὰρ
1100 466 1214 501 θάτερον
1228 466 1336 501 ἀνάγκη
1348 474 1354 481 ·
1369 466 1391 501 ’ἢ
1411 467 1602 502 προσκυνῆσαι
1626 469 1658 503 τῇ
1677 467 1763 494 εἰκόνι
1777 471 1813 504 τῇ

1018 512 1117 546 χρυσῇ,
1133 512 1148 546 ἢ
1167 513 1199 547 τῇ
1220 513 1326 547 πονηρᾷ
1343 511 1423 546 φλογὶ
1443 512 1498 539 τῶν
1514 513 1639 547 βασάνων
1654 513 1814 549 ὑποϐληθῆ-

1019 565 1074 583 ναι.
1107 558 1163 584 Καὶ
1187 558 1263 592 ὅμως
1290 558 1469 594 εὐαρίθμητοι
1500 559 1525 584 οε
1555 559 1706 594 ἀκαμπεῖς.
1733 560 1815 592 Τίνες

1018 599 1107 635 οὗτος
1130 603 1159 629 '0
1183 603 1254 638 ἱερὸς
1269 602 1347 638 ὑμῶν
1360 603 1553 639 πατριάρχης,
1571 604 1697 639 ἱεράρχαι
1718 613 1748 630 τε
1765 605 1814 631 καὶ

1020 647 1112 683 ἱερεῖς,
1131 640 1263 683 μονασταὶ
1287 649 1334 675 καὶ
1348 649 1522 683 μονάζουσαι.
1538 649 1605 676 Οὐδὲ
1619 649 1673 684 γὰρ
1687 651 1704 684 ἡ
1724 650 1812 686 πόρνη

1019 692 1052 728 [ῐ.
1068 693 1184 729 πόρνης]
1198 693 1269 728 ὄψις,
1290 693 1390 729 ᾐδέσθη
1410 694 1458 720 καὶ
1473 694 1554 729 μέχρι
1574 694 1676 721 τούτων
1687 694 1738 726 τὰς
1760 696 1814 730 μά-

1020 747 1116 773 στιγας
1129 740 1284 775 ἐπαφεῖναι.
1299 739 1361 771 Πῶς
1376 739 1432 775 γὰρ
1457 740 1491 767 ἂν
1517 741 1641 776 ἐναργῶς
1667 742 1812 776 παραστή-

1021 793 1098 820 σαιμι
1124 785 1173 817 τὰς
1196 785 1300 820 θλίψεις
1311 806 1318 818 ,
1332 785 1380 817 τὰς
1396 786 1530 821 φυλακὰς,
1543 787 1607 819 τοὺς
1619 786 1750 822 δεσμοὺς,
1763 788 1813 818 τὰς

1020 831 1237 867 λιμοκτονήσεις,
1265 832 1315 864 τὰς
1344 833 1461 869 ὲξορὲας,
1482 833 1532 865 τὰς
1557 833 1721 868 ἀπαγωγὰς,
1749 835 1814 866 τοὺς

1019 878 1168 912 θανάτου;;
1192 879 1268 906 Ἐπεὶ
1297 880 1345 907 καὶ
1371 880 1452 916 μέχρι
1478 880 1556 907 τοῦδε
1574 882 1591 916 ἡ
1611 882 1705 916 πεῖρα,
1720 881 1770 912 τὰς
1783 882 1815 908 ὲν

1018 925 1094 960 ὄρεσι
1111 925 1267 960 φυγαδείας,
1279 925 1328 957 τὰς
1339 926 1368 952 ἐν
1383 925 1527 961 σπηλαίοις
1544 927 1591 953 καὶ
1602 927 1683 958 ὀπαῖς
1699 926 1749 961 τῆς
1760 927 1814 962 γῆς

1017 972 1215 1007 κατακρύψεις.
1237 972 1341 999 Ἀϐδιοὺ
1355 973 1369 999 ὁ
1383 974 1537 1008 προφήτης,
1553 973 1593 999 ἔτι
1609 972 1647 1000 ὣν
1663 973 1814 1008 τριστάτης

1025 1018 1138 1053 Ἀχαὰ6,
1154 1019 1203 1053 τῆς
1228 1018 1345 1050 Ἰεζάϐελ
1360 1018 1496 1054 φονώσης⁸
1513 1019 1621 1053 λέγεται
1634 1019 1812 1054 κατακρύψαι

1019 1065 1095 1096 υἱοὺς
1105 1065 1159 1092 τῶν
1170 1065 1319 1101 προφητῶν
1327 1065 1379 1092 ἀνὰ
1389 1066 1558 1101 πεντήκοντα
1572 1066 1612 1097 είς
1622 1066 1668 1093 δύο
1680 1066 1812 1102 σπήλαια,

1018 1111 1065 1142 οὓς
1077 1112 1125 1137 καὶ
1136 1111 1288 1146 διέτρεφεν.

1060 1249 1193 1277 Ἐνταῦοα
1205 1250 1232 1277 δὲ
1243 1251 1267 1277 εί
1282 1252 1423 1288 φωραθείη
1438 1261 1479 1284 τις
1493 1253 1540 1279 καὶ
1556 1253 1636 1288 μόνον
1648 1253 1696 1280 ἕνα
1708 1262 1812 1289 κεκρο-

1018 1293 1076 1328 φὼς
1088 1315 1096 1327 ,
1119 1295 1148 1320 ὲν
1168 1296 1284 1330 κινδύνῳ
1300 1296 1410 1331 μεγάλῳ
1423 1304 1429 1311 ·
1450 1296 1517 1323 ἀλλὰ
1534 1297 1589 1332 γὰρ
1609 1297 1661 1323 κᾶν
1681 1297 1813 1332 κρύϐδην,

1018 1340 1127 1373 φεύγων
1150 1340 1199 1376 τὴν
1225 1341 1310 1376 ἀσεὸἦ
1325 1342 1477 1375 κοινωνίαν,
1497 1342 1514 1377 ἢ
1528 1343 1621 1368 εἰκόνα
1638 1343 1778 1378 φρουρῶν,
1793 1343 1813 1378 ἢ

1020 1386 1112 1421 βίϐλον
1139 1387 1320 1422 περιέχουσαν
1346 1388 1380 1414 τὰ
1410 1388 1582 1422 κατάύτήν.
1602 1388 1671 1423 Σιγᾷ
1697 1389 1730 1415 τὰ
1757 1388 1814 1415 τῶν

1018 1433 1202 1460 εὐσεϐούντων
1234 1433 1308 1460 ἔνδον
1339 1434 1460 1469 στόματα
1476 1443 1484 1450 ·
1512 1436 1616 1462 ἀνεῖται
1651 1435 1814 1470 βλάσφημος

1018 1479 1148 1514 γλῶσσα·
1178 1479 1350 1514 κωμῳδεῖται
1372 1480 1402 1506 τὸ
1427 1480 1498 1515 μέγα
1520 1481 1569 1515 τῆς
1588 1481 1744 1515 οἱκονομὶας
1763 1490 1815 1516 μυ-

174 1529 344 1556 caruatiunis
355 1528 515 1564 mysterium
533 1529 559 1555 in
575 1533 763 1563 contemptum
777 1528 964 1561 venitkNunc,

1020 1526 1141 1561 στήριον.
1157 1526 1245 1561 Ἀρτι,
1262 1526 1329 1561 φησὶ
1343 1546 1350 1559 ,
1374 1527 1483 1561 Κύριςς
1510 1527 1664 1561 ἐλάλησεν
1687 1527 1814 1562 ειρήνην

173 1575 263 1611 inquit
282 1585 288 1602 :
304 1575 433 1602 Dominus
450 1575 553 1602 locutus
569 1581 608 1602 est
619 1584 708 1610 pacem
722 1576 749 1603 in
762 1576 861 1610 plebem
878 1585 965 1608 suam.

171 1625 199 1648 at
215 1628 294 1656 super
306 1625 411 1648 sanctos
425 1629 500 1654 suos,
512 1626 536 1648 et
553 1622 580 1648 in
589 1630 632 1648 eos
644 1623 688 1657 qui
705 1627 856 1649 convertunt
870 1631 915 1649 cor
932 1622 967 1649 ad

172 1667 259 1699 ipsum
273 1665 293 1682 “
311 1666 380 1700 :qui
403 1665 484 1693 initio
501 1666 620 1701 propriis
643 1667 786 1702 discipulis
803 1667 873 1694 dixit
891 1677 897 1694 :
913 1667 968 1694 Pa-

172 1719 228 1737 cem
241 1710 359 1746 relinquo
374 1711 458 1744 vobis,
481 1719 573 1746 pacem
593 1721 678 1738 meatu
697 1713 730 1739 do
746 1713 817 1740 vobis
831 1714 862 1740 “.
878 1713 965 1746 Nunc,

172 1756 314 1791 inquiunt.
330 1757 439 1784 sublata
456 1764 471 1783 e
495 1757 587 1784 medio
610 1757 682 1784 idola
699 1757 816 1785 ethnica:
832 1758 967 1791 supersti~

173 1801 269 1833 tionis,
294 1809 356 1836 qua:
382 1801 504 1829 Deorum
528 1802 738 1830 multitudinem
769 1804 870 1830 astruit
889 1812 895 1830 :
911 1804 967 1830 cla-

172 1851 268 1874 mante
291 1847 349 1882 jam
380 1847 445 1874 olim
474 1847 629 1882 Apostolo:
650 1847 727 1875 Nihil
749 1854 788 1875 est
816 1848 916 1876 idolum
939 1850 966 1875 in

173 1893 272 1920 mundo
285 1894 316 1921 ".
333 1893 421 1925 Nunc,
433 1894 522 1925 aiunt,
534 1893 666 1921 mundata
680 1893 801 1922 Ecclesia
817 1899 869 1926 est,
883 1902 965 1929 quam

173 1939 237 1966 olim
267 1939 339 1966 idem
368 1939 517 1974 Apostolus
539 1940 763 1975 pronuntiavit”
790 1948 844 1967 non
867 1941 967 1968 habere

172 1985 312 2012 maculam
331 1993 420 2020 neque
438 1994 546 2021 rugam,
565 1991 613 2013 aut
628 1986 733 2021 aliquid
748 1986 897 2021 ejusmodi,
917 1986 964 2014 sed

172 2039 235 2059 esse
258 2036 385 2059 sanctam
409 2036 437 2059 et
466 2033 684 2060 immaculatum.
710 2031 798 2064 Nune,
826 2033 966 2067 inquiunt,

173 2078 221 2105 lux
240 2078 407 2106 Christianis
425 2078 527 2106 aﬂ‘ulsit
548 2078 710 2114 ignorantiae
731 2078 847 2113 caligine
876 2079 965 2113 impli-

172 2124 245 2151 catis
267 2133 273 2151 :
295 2124 397 2159 quibus
424 2125 588 2159 jampridem
620 2132 635 2151 a
674 2124 809 2158 principio
838 2124 965 2151 Christus

172 2170 242 2198 dixit
263 2170 346 2205 :Ego
369 2171 416 2198 lus
446 2172 472 2198 in
497 2171 626 2198 mundum
649 2171 730 2197 veni:
749 2175 777 2196 ut
803 2171 889 2197 omnis
920 2171 964 2204 qui

173 2215 256 2242 credit
270 2215 296 2242 in
309 2224 360 2247 me,
375 2216 401 2242 in
416 2215 529 2243 tenebris
541 2224 593 2243 non
612 2221 718 2243 maneat
731 2217 763 2242 ¹⁸.
779 2215 896 2248 Videtis,
910 2216 964 2242 l'ra-
978 2207 1004 2237 D

173 2265 230 2289 tres
251 2262 351 2294 sancti,
373 2262 586 2295 discessionem,
609 2270 691 2298 quam
718 2267 825 2297 oportet
848 2263 966 2296 primum

172 2307 279 2340 venire,
295 2308 528 2342 quemadmodum
542 2309 691 2343 Apostolus
703 2309 825 2344 loquitur
839 2310 871 2335 το.
889 2309 967 2336 Nunc

174 2353 266 2380 oculis
284 2353 335 2387 ipsi
351 2354 492 2381 cernimus
507 2353 671 2382 Antichristi
686 2355 847 2389 primordia.
859 2354 965 2381 Defeci-

172 2405 254 2430 mus,
281 2398 439 2433 consumpti
465 2406 561 2425 sumus
579 2407 586 2426 :
602 2398 703 2433 Defecil
726 2399 901 2434 summarium
924 2399 963 2431 ‘7;

172 2444 274 2471 occidit
289 2451 353 2478 spes
377 2445 479 2478 omnis,
493 2444 517 2471 si
535 2445 650 2472 l'acultas
667 2446 786 2472 humana
812 2448 962 2479 spectatur.

172 2491 209 2517 At
223 2490 308 2518 vicem
325 2496 448 2519 nostram
464 2499 512 2519 vos
529 2491 628 2526 lugete,
644 2491 746 2526 quibus
767 2495 808 2517 est
825 2492 850 2517 iu
867 2491 966 2518 alienis

173 2535 255 2562 malis
278 2541 402 2563 tenerum
416 2542 522 2571 pectus,
539 2542 670 2571 tanquatn
689 2535 812 2570 ejusdem
828 2536 964 2570 corporis.

173 2581 258 2615 Opem
286 2582 367 2610 nobis
395 2590 444 2617 per
473 2589 577 2610 vestras
601 2591 696 2617 preces
717 2583 805 2615 forte,
835 2586 966 2617 tauquam

174 2627 293 2654 fratrum
309 2633 447 2656 amantes.
463 2629 611 2657 Acerbiora
628 2634 693 2656 sunt
705 2637 766 2663 qum
778 2629 822 2655 hic
838 2629 969 2663 palinmr,

173 2681 259 2706 qualn
277 2681 338 2707 quae
358 2674 468 2708 uspiam
487 2682 502 2700 a
518 2673 647 2701 Barbaris
663 2678 805 2708 geruntur.
821 2673 881 2700 .Iam
899 2672 971 2700 sicut

174 2719 294 2747 Sodoma
320 2719 385 2747 lacti
412 2728 522 2752 sumus,
545 2725 572 2747 et
593 2720 665 2747 sicut
688 2719 839 2747 Gomorrha
866 2719 970 2746 similes

174 2771 272 2792 sumus
286 2765 319 2791 ‘5.
343 2764 420 2792 llanc
438 2765 522 2800 igitur
546 2765 582 2792 ob
606 2772 719 2792 causam
744 2765 901 2792 sanctitatis
924 2772 970 2792 vc-

212 2819 234 2834 '°
246 2818 279 2845 Ill
292 2818 358 2870 Ιίοιξ.
374 2826 451 2851 xvnt,
469 2820 497 2847 4.
538 2820 557 2835 ¹¹
569 2819 641 2848 Psal.
658 2827 768 2852 LXXXIV,
785 2820 811 2847 9.

212 2862 213 2870 l
251 2853 281 2870 ιιξ
352 2853 395 2870 οΙΙ
410 2853 498 2870 ἸἾυιι-ι-
528 2863 546 2870 11
575 2855 590 2870 α
642 2855 662 2870 I1
680 2855 764 2870 Lm...“
795 2863 807 2870 ιν

176 2861 226 2886 xu,
247 2853 293 2881 46.
340 2853 362 2870 ³⁸

855 2820 875 2835 ¹²
888 2819 966 2846 Joan.
985 2826 1040 2850 xtv,
1055 2819 1102 2845 ‘27.

375 2853 398 2882 ll
410 2853 510 2884 Thess.
527 2863 557 2890 ιι,
575 2855 601 2883 5.
642 2855 662 2872 ’⁷
676 2855 775 2884 Jerem.
795 2863 830 2888 VI,
846 2855 891 2882 :29.
932 2855 951 2870 ’⁵
965 2853 1015 2881 lsa.
1035 2861 1054 2886 I,
1069 2855 1094 2882 9.

1017 1571 1066 1597 ἐπὶ
1080 1571 1134 1597 τὸν
1149 1571 1226 1597 λαὸν
1241 1571 1346 1603 αὐτοῦ,
1364 1571 1413 1598 καὶ
1429 1571 1478 1598 ἐπὶ
1493 1572 1564 1605 τοὺς
1584 1573 1691 1605 ὁσίους
1706 1573 1812 1605 αὐτοῦ,

1018 1616 1067 1644 καὶ
1085 1617 1133 1644 ἐπὶ
1153 1617 1225 1651 τοὺς
1248 1618 1487 1652 ἐπιστρέφοντας
1499 1618 1626 1652 καρδίαν
1641 1618 1687 1645 ἐπ’
1700 1619 1794 1645 αὐτόν
1804 1627 1811 1634 ·

1016 1664 1030 1690 ὁ
1055 1665 1084 1689 ὲν
1103 1664 1172 1700 ἀρχῇ
1194 1665 1281 1700 φήσας
1298 1665 1353 1696 τοῖς
1372 1665 1484 1696 οἰκείοις
1498 1664 1635 1700 μαθηταῖς
1651 1673 1658 1680 ·
1676 1664 1812 1698 Εἰρήνην

1017 1711 1123 1746 ἀφίημι
1151 1711 1232 1746 ὑμῖν,
1258 1711 1383 1746 εἰρήνην
1408 1712 1466 1746 τὴν
1494 1713 1574 1747 ἐμὴν
1599 1712 1704 1747 δίδωμι
1727 1714 1809 1748 ὑμῖν.

1019 1758 1051 1783 'A
1058 1766 1110 1792 ρτι,
1122 1758 1214 1792 φασὶν,
1228 1759 1299 1794 ἤρθη
1311 1760 1343 1785 ἐκ
1362 1759 1445 1793 μέσου
1459 1758 1631 1794 βδελύγματα
1649 1759 1813 1795 Ἑλληνικῆς

1017 1804 1170 1836 πολυθεῖας·
1190 1804 1237 1831 τοῦ
1256 1805 1418 1831 ’Δποστόλου
1431 1804 1550 1840 ἀρχῆθεν
1564 1805 1681 1840 βοῶντος
1691 1814 1698 1822 ο
1715 1806 1814 1832 Οὐδὲν

1016 1849 1144 1877 εἴδωλον
1167 1849 1202 1876 ὲν
1218 1850 1332 1883 κόσμῳ.
1359 1850 1458 1884 Ἄρτι,
1485 1850 1554 1884 φασὶ
1568 1871 1575 1882 ,
1605 1851 1775 1885 κεκάθαρται
1795 1851 1813 1885 ἡ

1023 1895 1181 1930 Ἐκκλησία,
1206 1895 1239 1929 ἢν
1255 1895 1340 1922 πάλαι
1357 1895 1496 1931 ἀπέφηνεν
1516 1897 1530 1922 ὁ
1550 1896 1630 1927 αὐτὸς
1650 1896 1814 1928 Ἀπόστολος

1019 1941 1056 1977 μὴ
1074 1942 1145 1976 ἔχειν
1162 1941 1264 1973 σπῖλον,
1283 1940 1300 1976 ἦ
1322 1941 1426 1976 ῥυτίδα,
1445 1941 1462 1976 ἦ
1484 1950 1511 1968 τι
1525 1942 1578 1968 τῶν
1589 1942 1718 1969 τοιούτων
1731 1951 1738 1958 ·
1753 1942 1813 1969 ἀλλ’

1018 1987 1086 2014 εἶναι
1107 1987 1187 2021 ἁγίαν
1201 1988 1247 2014 καὶ
1259 1987 1385 2023 ἄμωμον.
1395 1987 1484 2022 Ἀρτι,
1499 1987 1576 2021 φασὶ,
1589 1987 1618 2014 τδ
1636 1987 1694 2022 φῶς
1707 1987 1813 2024 ηὕγασε

1017 2032 1072 2063 τοῖς
1087 2032 1261 2067 Χριστιανοῖς
1287 2032 1475 2066 ὲνισχημένοις
1500 2031 1576 2066 ζόφῳ
1606 2033 1717 2066 ἀγνοίας
1732 2041 1739 2048 ·
1772 2030 1813 2065 οἷς

1016 2078 1120 2105 ἄνωθεν
1137 2078 1182 2104 καὶ
1202 2077 1249 2104 ἀπ’
1265 2078 1354 2112 ἀρχῆς
1369 2077 1488 2112 Χριστὸς
1502 2077 1604 2113 ἔφησεν
1619 2086 1626 2093 ·
1648 2077 1722 2112 Ἐγὼ
1749 2079 1814 2113 φῶς

1016 2125 1060 2156 εἰς
1088 2123 1142 2150 τὸν
1163 2124 1280 2157 κόσμον
1297 2122 1434 2157 ἐλήλυθα
1446 2129 1453 2137 ·
1476 2123 1526 2149 ἵνα
1550 2122 1610 2156 πᾶς
1627 2124 1643 2149 ό
1660 2125 1814 2151 πιστεύων

1017 2171 1061 2202 εὶς
1085 2169 1148 2203 ἐμὲ,
1171 2169 1206 2195 ἐυν
1221 2168 1257 2203 τῇ
1275 2169 1383 2201 σκοτίᾳ
1397 2169 1440 2202 μὴ
1454 2169 1554 2203 μείνῃ.
1579 2170 1687 2204 Ὁρᾶτε,
1703 2169 1815 2205 ἀδελφοὶ

1018 2215 1099 2249 ἅγιοι,
1126 2216 1175 2249 τὴν
1194 2214 1363 2241 ἀποστασίαν
1385 2214 1418 2249 ἣν
1433 2214 1473 2240 δεῖ
1492 2215 1598 2249 πρῶτον
1624 2214 1724 2248 ἐλθεῖν,
1741 2215 1815 2242 καθὰ

1017 2269 1099 2295 φησιν
1114 2261 1128 2286 ὁ
1149 2259 1322 2291 Ἀπόστολος.
1339 2260 1409 2294 Ἤδη
1427 2260 1456 2286 ἐν
1471 2260 1621 2295 ὀφθαλμοῖς
1647 2262 1728 2296 ἡμῶν
1744 2263 1818 2299 ὁρῷτ

1017 2315 1067 2342 μεν
1092 2307 1126 2333 τὰ
1152 2305 1254 2332 εἰσόδια
1285 2305 1330 2332 τσῦ
1355 2306 1554 2341 Ἃντιχρίστου.
1575 2306 1813 2342 Ἐκλελοίπαμεν·

1016 2348 1260 2388 παρανηλώμεθαέ
1281 2351 1420 2383 Ἐξέλιπε
1444 2351 1586 2386 φυσητήρ
1601 2359 1608 2366 ⁸
1641 2353 1814 2388 ἀπελήλαται

1017 2400 1092 2425 πᾶσα
1117 2398 1195 2429 ἐλπὶς
1208 2398 1270 2424 ὅσον
1292 2397 1362 2424 κατὰ
1383 2398 1536 2432 ἄνθρωπον.
1561 2398 1642 2425 Ἀλλὰ
1665 2400 1815 2432 στενάξατε

1019 2445 1061 2478 ἐφ’
1076 2444 1160 2478 ἡμᾶς,
1173 2441 1196 2469 ὦ
1207 2443 1439 2478 συμπαθέστατοι,
1455 2444 1492 2474 ὡς
1510 2443 1660 2479 σύσσωμοι.
1684 2445 1815 2480 Ὀρέξατε

1021 2491 1100 2525 χεῖρα
1125 2490 1338 2524 πρεσϐευτικὴν,
1371 2489 1407 2521 ὡς
1427 2483 1602 2524 φιλάδελφοι.
1627 2490 1688 2516 Τῶν
1718 2493 1835 2519 αὐτόθι-

1021 2535 1132 2570 χείρονα
1146 2535 1180 2562 τὰ
1199 2535 1322 2570 ᾐμέτερα
1339 2534 1546 2570 βαρϐαρίζεται.
1572 2535 1615 2566 Ὠς
1634 2536 1740 2571 Σόδομα
1763 2538 1816 2573 ἤδη

1019 2582 1181 2616 γεγόναμεν,
1199 2581 1247 2607 καὶ
1274 2581 1311 2612 ὡς
1328 2581 1456 2616 Γόμορρα
1471 2581 1522 2616 ἤδη
1548 2581 1743 2617 ὡμοιώθημεν.
1765 2584 1816 2610 Διὰ

1018 2628 1098 2654 τοῦτο
1124 2627 1269 2662 τοιγαροῦν
1299 2627 1345 2653 καὶ
1377 2627 1589 2663 ἑπεϐοησάμεθα
1615 2630 1647 2663 τῇ
1671 2629 1816 2666 ἁγιωσύνῃ

1020 2673 1096 2707 ὑμῶν
1119 2674 1143 2699 οἱ
1166 2673 1304 2705 ταπεινοὶ,
1326 2672 1363 2704 ὡς
1379 2674 1407 2699 ἐν
1432 2673 1472 2700 ἑνὶ
1495 2673 1601 2709 σώματι
1631 2675 1686 2701 τῶν
1704 2675 1816 2702 πάντων

1019 2718 1143 2755 citis).er
1159 2718 1206 2745 καὶ
1220 2719 1448 2754 συμπασχόντων.
1467 2720 1561 2755 Ἴσμεν
1577 2720 1631 2756 γὰρ
1656 2721 1697 2748 ὅτι
1724 2722 1816 2757 ἰσχύει

1019 2764 1036 2798 ὴ
1052 2763 1145 2790 δικαία
1159 2762 1235 2797 ὑμῶν
1248 2763 1340 2798 δέησις
1358 2764 1553 2800 ἐνεργουμένη,
1565 2765 1603 2797 ὡς
1616 2765 1649 2792 ἂν
1663 2766 1703 2800 τῷ
1722 2767 1816 2799 ἐξιλα-

1144 2818 1258 2847 ¹³10οι’.
1277 2827 1335 2853 vm,
1353 2821 1380 2848 4.
1421 2820 1552 2856 I"Ephes.
1571 2829 1596 2853 v,
1611 2821 1656 2849 27.
1697 2822 1814 2852 "Joan.
