1923 3078
103 149 173 183 1173

700 154 969 185 EPISTOLARUM
1002 155 1076 185 LIB.
1098 154 1140 184 II.

1666 155 1732 188 1174

100 207 165 242 σμῷ
181 207 268 241 αὐτῆς
282 207 389 243 κοπάτῃ
415 209 432 242 ἡ
459 207 573 244 θραῢσις
597 210 646 245 τῆς
661 210 804 245 αίρετικῆς
821 211 889 245 ῥομ-

946 215 1007 238 strte
1033 210 1166 238 auxilium
1191 216 1242 236 nos
1265 209 1382 237 humiles
1409 209 1638 245 imploravimus,
1668 219 1731 239 cum

100 252 186 286 φαίας
199 260 206 267 ·
226 251 274 278 τοῦ
290 253 395 288 Κυρίου
409 254 450 284 είς
464 254 606 289 είρηνικὴν
620 254 776 290 όρθοδοξίαν
804 255 890 281 ἐπαν-

99 298 214 330 άγοντος
228 297 274 323 καὶ
290 297 339 332 τὴν
353 297 413 324 καθ’
429 298 502 332 ἡμᾶς
519 299 753 334 Ἐκκλησίαν.’¹1να
763 299 792 326 δὲ
807 300 895 334 εἰδῆτε

101 343 148 368 καὶ
173 343 263 377 ὑμεῖς,
281 339 304 368 ὦ
331 343 486 378 σεϐάσμιοι,
507 345 539 370 ἐκ
567 345 678 379 μέρους,
704 342 749 372 οἷα
761 345 796 372 τὰ
809 345 893 379 ἀσεϐῆ

100 387 226 421 δόγματα
245 386 299 412 τῶν
315 386 404 413 ἀθέων
417 395 424 402 '
445 387 643 414 συναπέστειλα
666 389 723 419 τοῖς
747 389 894 424 γράμμασι

100 432 188 459 ταῦτα
202 433 231 458 ὲν
247 432 396 466 τετραδίοις
408 440 414 446 ·
431 432 449 459 ἃ
464 434 509 459 καὶ
528 433 604 464 ἔδοξα
620 433 635 459 6
654 433 762 468 ἀμαθὴς
777 434 891 469 ἀνατρέ-

101 486 176 510 πειν,
205 478 372 513 προτραπεὶς
397 478 472 513 παρὰ
488 478 617 505 εὐσεϐῶν.
634 478 707 506 Αίτῶ
723 479 752 505 δὲ
776 479 828 505 ὑπὸ
842 479 892 513 τῆς

101 523 177 554 θείας
192 522 333 556 ἀγχινοίας
347 523 425 558 ὑμῶν
445 523 656 558 ὲπισκεφθῆναι,
670 524 717 550 καὶ
738 525 769 550 τδ
784 524 891 556 ἐλλιπὲς

101 568 290 603 ἀνορθωθῆναι
303 575 310 583 ’
334 569 381 594 καὶ
406 568 573 604 συγγνώμην
602 569 657 595 τῶν
687 570 891 604 ἐπωφλημένων

101 614 231 647 δέξασθαί
255 622 306 649 με·
336 613 524 648 λαμϐάνεσθαι
550 622 581 640 τε
604 615 644 646 εις
663 615 772 649 μνήμην
788 615 817 641 έν
831 616 891 646 ταῖς

102 660 267 686 θεοκλινέσιν
283 659 360 694 ὑμῶν
376 660 541 695 προσευχαῖς
552 667 559 674 ⁸
577 659 624 686 καὶ
637 659 692 694 μὴν
707 660 755 687 καὶ
775 661 890 687 συντάτ-

101 705 197 732 τεσθαι
210 704 249 736 ὡς
267 705 380 740 ἔσχατον
397 705 507 732 πάντων
523 705 604 740 μέλος
618 705 648 732 ὲν
671 705 709 740 τῷ
725 705 891 741 πληρώματι

102 753 152 788 τῆς
165 753 247 787 ἁγίας
261 752 338 787 ὑμῶν
357 753 531 788 Ἐκκλησίας.

947 257 982 283 sit
1012 263 1096 283 unum
1128 262 1229 290 corpus
1256 255 1379 282 omnium
1415 255 1529 290 fratrum
1557 256 1604 290 qui
1630 256 1733 290 pariter

946 305 1091 328 vexantur.
1108 299 1240 328 Novimus
1252 301 1325 327 enim
1341 305 1474 335 quantum
1492 301 1582 328 valeat
1597 300 1670 336 iusta
1687 309 1732 328 ve-

946 349 1005 371 stra
1017 344 1174 378 deprecatio
1198 344 1309 371 assidua
1319 344 1351 376 ‘9,
1375 348 1417 376 ut,
1433 350 1546 373 exorato
1565 344 1630 377 Deo.
1647 345 1732 373 haere-

945 388 992 416 tici
1008 389 1090 424 gladii
1108 388 1167 416 acie
1185 389 1366 423 conquiescat
1383 396 1388 414 :
1404 390 1438 417 ad
1454 394 1554 417 rectam
1570 390 1650 417 ﬁdem
1668 398 1731 417 cutn

945 441 1012 468 pace
1033 434 1208 469 coujunctam
1228 439 1373 462 revocante
1387 434 1504 462 Domino
1525 440 1645 462 nostram
1662 443 1732 470 quo-

944 487 997 514 que
1012 480 1175 508 Ecclesium.
1191 479 1226 507 Ut
1240 484 1342 511 autem,
1359 483 1389 508 et
1402 488 1462 511 vos.
1477 481 1529 508 viri
1549 482 1730 513 venerabiles,

943 533 977 552 ex
989 530 1065 559 parte
1080 525 1239 560 intelligetis
1258 526 1351 560 qualia
1365 526 1421 553 sint
1440 526 1635 561 sacrilegorum
1650 527 1731 561 impia

944 571 1073 605 dogmata
1087 578 1094 598 :
1111 570 1192 598 simul
1214 571 1271 598 haec
1295 571 1357 599 misi
1373 578 1435 599 cutn
1452 571 1551 598 litteris
1576 572 1602 597 in
1619 575 1732 605 quater-

944 615 1095 643 nionibus:
1112 622 1173 650 quae
1200 614 1346 642 confutare
1368 622 1514 650 aggressus
1542 622 1614 646 sum,
1641 622 1732 648 quan-

945 667 1028 695 quam
1051 660 1189 691 indoctus,
1216 659 1364 693 proborum
1389 659 1511 686 virorum
1531 659 1652 685 hortatu.
1677 657 1732 685 Oro

945 711 1036 733 autent
1052 709 1080 731 ut
1100 712 1132 731 ea
1147 712 1197 739 pro
1217 704 1309 731 divina
1326 708 1416 731 vestra
1431 703 1578 738 sagacitate
1596 703 1733 736 expenda-

946 752 981 779 tis
999 750 1091 785 :quod
1118 750 1247 777 vitiosum
1266 754 1309 777 est
1331 749 1484 777 emendetis
1500 759 1506 776 :
1523 753 1734 783 erratorumque

103 799 210 825 Veniam
227 799 354 826 tribuatis
368 807 375 825 :
390 803 416 826 et
434 804 464 826 ut
477 800 531 827 mei
550 799 733 827 memineritis
751 800 778 827 in
794 800 895 827 vestris
914 797 986 833 apud
1005 797 1091 824 Deum
1122 796 1249 831 precibus
1265 804 1272 823 :
1304 795 1423 831 denique
1442 799 1614 830 uttanquam
1629 799 1733 830 postre-

103 854 179 873 mum
198 846 322 873 omnium
351 846 504 873 membrum
531 854 647 874 censear
673 847 700 874 in
724 847 893 882 plenitudine
912 850 1015 873 sanctae
1026 848 1125 871 vestra!
1142 843 1280 870 Ecclesia‘.

144 894 180 920 Ἡ
195 892 272 925 αὑτὴ
287 892 437 925 ἐπιστολὴ
451 892 610 926 ἀπεστάλη
625 893 761 927 καὶπρὸς
774 892 831 926 τὴν
841 901 892 927 μο-

985 890 1087 917 Eadem
1102 889 1213 923 epistola
1234 889 1318 916 missa
1341 893 1379 916 es!
1395 889 1476 915 etiam
1490 888 1524 914 ad
1542 888 1732 915 monasterium

104 938 163 972 νὶιν
178 938 232 965 τοῦ
244 937 330 972 ἁγίου
344 938 507 972 Εὐθυμίου.

102 995 157 1023 lll‘.
174 1008 207 1014 —
226 993 385 1028 Νικηφόρφ
397 992 438 1025 τῷ
453 994 603 1028 ἁγιωτάτῳ
614 994 792 1030 πατριάρχῃ.
806 993 890 1030 [tuan]

948 937 1034 964 sancti
1055 935 1202 971 Eulltymii.

995 991 1089 1019 XVIII.
1108 1006 1140 1011 —
1155 991 1303 1026 Nicephoro
1319 991 1487 1018 sanctissimo
1506 991 1678 1025 patriai-clue.

651 1051 751 1076 Solatur
768 1051 890 1076 exsulem.
902 1050 1000 1081 (Baron.
1011 1056 1050 1074 an.
1061 1048 1116 1078 8H,
1130 1055 1154 1072 n.
1169 1048 1220 1078 29.)

137 1103 272 1134 Πολλάκις
289 1102 456 1138 προθέμενος
480 1102 631 1129 ἐπιστεῖλαι
650 1104 684 1138 τῇ
712 1103 774 1138 ἱερᾷ
787 1104 893 1138 κορυφῇ

103 1151 151 1184 τῆς
166 1147 366 1184 μακαριότητός
385 1155 444 1174 σου·
459 1148 602 1183 ὲνεκόπην,
616 1148 655 1183 πῆ
673 1148 723 1183 μὲν
735 1149 785 1184 τὴν
796 1148 893 1175 ἑαυτοῦ

102 1194 265 1228 ἀναξιότητσ.
287 1193 460 1227 λογιζόμενος
476 1192 556 1229 [Reg.
580 1194 642 1221 cod.
668 1194 891 1230 ἑπαισθόμενος],

104 1242 141 1275 πῆ
153 1241 181 1266 δὲ
194 1239 311 1274 ὕποδεὴς
323 1238 361 1265 ὣν
375 1239 439 1271 τοὺς
451 1239 632 1275 πειρασμούς.
644 1240 713 1266 Νυνὶ
724 1240 752 1266 δὲ
765 1248 894 1276 περιφρο-

102 1288 188 1321 νήσας
202 1286 375 1321 ἀμφοτέρων,
388 1286 436 1312 καὶ
450 1286 484 1320 τῇ
502 1285 597 1321 Τριάδι
611 1286 626 1312 6
641 1286 725 1317 τάλας
741 1286 892 1321 θαρρήσας,

101 1333 188 1365 λέγων
204 1332 262 1366 εἰμὶ
276 1331 348 1358 τάδε⁴
365 1331 461 1365 Χαῖρε,
470 1331 578 1367 ἀληθῶς
588 1333 747 1367 νικητήριον
755 1330 892 1364 ἀσεϐείας,

101 1377 116 1402 6
135 1377 165 1403 ἐν
188 1374 332 1410 τεθρίππῳ
350 1375 455 1410 ἀρετῶν
478 1375 594 1402 διανύων
622 1376 669 1402 τὸν
693 1376 745 1410 τῆς
775 1377 893 1408 πίστεως

102 1420 333 1456 δρόμον·χαῖρε,ὸ
349 1420 435 1455 μέγας
451 1420 527 1455 ἥλιος
537 1420 588 1455 τῆς
605 1420 775 1455 όρθοδοξίας,
789 1417 819 1447 οὗ
834 1422 893 1452 ταῖς

103 1467 314 1502 ὁμολογητικαίς
342 1467 435 1493 ἀκτῖσι
464 1467 658 1500 φωτοσολεῖται
683 1468 700 1502 ὴ
730 1468 890 1503 οἰκουμένη·

104 1515 194 1549 χαῖρε,
207 1513 350 1547 ὑπέρμαχε
376 1512 427 1547 τῆς
455 1512 585 1547 ἀληθείας
612 1513 682 1539 κατὰ
692 1512 755 1544 τοὺς
776 1512 892 1539 έκπαλαι

104 1557 253 1592 θεοφόρους
275 1556 433 1591 διαπρέπων
447 1557 486 1591 τῷ
504 1557 554 1591 τῆς
571 1557 673 1592 ἀρετῆς
698 1557 802 1584 κάλλει.
825 1558 891 1584 Ἀπ-

103 1603 195 1634 έλιπες
210 1602 256 1628 τὸν
273 1601 374 1637 ὑψηλὸν
400 1602 493 1637 θρόνον
524 1603 570 1629 διὰ
594 1603 647 1630 τὸν
660 1603 769 1631 ἑαυτὸν
791 1611 892 1631 ταπει-

102 1649 244 1675 νώσαντα
267 1648 356 1683 μέχρι
372 1648 514 1680 θανάτου,
531 1648 661 1676 θανάτου
690 1648 725 1675 δὲ
747 1650 891 1684 σταυροῦ-

103 1693 237 1724 ἀπιλιπες
249 1693 444 1728 ἀρχιερατικὰς
465 1694 618 1727 ὑπηρεσίας
642 1695 690 1720 καὶ
712 1695 890 1727 ἀναπαύσεις·

979 1101 1048 1128 Cum
1073 1107 1262 1135 saepenumero
1288 1099 1322 1126 ad
1346 1104 1455 1126 sacrum
1479 1097 1656 1126 beatitudinis
1682 1104 1733 1127 tua:

947 1148 1076 1176 verticem
1095 1147 1216 1175 scribere
1228 1146 1422 1177 instituissent,
1443 1145 1537 1172 destiti
1553 1145 1587 1173 ab
1603 1146 1731 1180 incoepta,

943 1193 1042 1228 partim
1073 1191 1246 1227 indignitatis
1270 1198 1338 1218 mete
1367 1190 1604 1224 consideratione,
1632 1194 1732 1227 partim

943 1239 1025 1266 etiam
1055 1238 1213 1266 inﬁrmitate
1242 1245 1275 1265 ex
1310 1237 1441 1264 aerumnis
1467 1242 1531 1264 nata
1557 1239 1732 1272 praepeditus.

943 1284 1021 1311 Nunc
1048 1291 1113 1310 vero
1138 1288 1285 1318 utrumque
1310 1282 1521 1317 parvipendens.
1547 1288 1573 1310 ct
1599 1282 1733 1311 Trinitate

945 1329 1041 1360 fretus,
1060 1329 1143 1356 miser
1161 1329 1219 1356 haec
1234 1328 1305 1356 dico.
1327 1328 1433 1360 Gaude,
1447 1336 1510 1356 vere
1525 1329 1614 1356 victor
1636 1330 1732 1364 impie-

944 1376 1020 1407 tatis,
1033 1375 1081 1409 qui
1099 1375 1230 1401 virtutum
1247 1374 1390 1408 quadrigis
1403 1374 1464 1401 ﬁdei
1478 1381 1590 1401 cursum
1603 1382 1730 1402 consum-

944 1428 1002 1448 mas
1020 1429 1027 1448 :
1046 1421 1133 1452 salve,
1144 1427 1243 1454 magne
1260 1420 1301 1446 sol
1320 1420 1453 1447 doctrinae
1468 1420 1639 1451 orthodoxze.
1653 1421 1732 1455 cujus

943 1466 1126 1494 confessionis
1135 1466 1219 1493 radiis
1228 1466 1373 1493 universus
1383 1465 1456 1492 orbis
1467 1465 1618 1492 illustratur
1629 1475 1635 1493 ε
1646 1466 1729 1498 salve,

945 1513 1271 1548 propugnatorveritalis,
1281 1516 1404 1539 veterum
1414 1516 1572 1539 sanctorum
1583 1513 1668 1539 instar
1677 1513 1732 1538 vir.

944 1559 1010 1585 tutis
1029 1557 1234 1592 pulchritudine
1254 1557 1405 1584 collucens.
1426 1557 1572 1591 Reliquisti
1591 1558 1730 1585 excelsum

944 1604 1073 1631 thronum
1088 1603 1148 1637 ejus
1162 1610 1257 1634 causa,
1271 1603 1316 1637 qui
1331 1603 1499 1635 semelipsum
1518 1603 1668 1630 Itumiliauit
1684 1613 1731 1630 us-

942 1658 991 1684 que
1004 1650 1038 1676 ad
1054 1654 1173 1680 mortem,
1193 1653 1304 1675 mortem
1316 1654 1406 1675 autem
1422 1649 1509 1676 crucis
1523 1650 1573 1681 ¹⁹”;
1597 1650 1730 1684 reliquisti

947 1694 1056 1720 turbam
1068 1693 1232 1720 famulorum
1247 1697 1274 1720 et
1292 1693 1490 1720 oblectamenta
1510 1694 1732 1728 archiepiscopa-

107 1739 206 1774 μᾶλλον
233 1739 360 1773 ἑλόμενος
391 1739 637 1774 συγκακουχεῖσθαι
651 1739 690 1775 τῷ
703 1740 892 1776 δμολογητικῷ

946 1739 1001 1766 lia:
1018 1744 1046 1766 et
1071 1739 1155 1766 variis
1182 1738 1385 1770 incommodis,
1412 1737 1602 1766 coniessorum
1634 1747 1732 1772 more.

104 1785 209 1820 τρόπῳ,
235 1784 252 1819 ἢ
277 1784 444 1820 πρόσκαιρον
463 1785 536 1819 ἔχειν
566 1785 705 1820 ἁμαρτίας
729 1787 891 1815 ἀπόλαυσιν.

106 1830 201 1864 Ὅμως
224 1830 265 1856 ὅτι
281 1829 341 1856 οὐδὲ
356 1830 415 1856 κατ’
433 1830 527 1862 αὑτὰς,
540 1830 593 1857 κᾶν
609 1831 638 1857 ὲν
662 1832 766 1872 αυταίς,
782 1832 835 1864 ζῶν
847 1831 892 1868 ἦς’

105 1875 210 1911 νεκρῶν
237 1875 272 1902 τά
291 1875 359 1910 μέλη
375 1876 408 1911 τῇ
423 1876 452 1902 ὲν
472 1876 568 1912 Κυρίῳ
584 1876 640 1912 ζωῇ
653 1885 660 1893 ·
679 1878 797 1912 ἤνεγκας
813 1879 894 1912 ἁγίας

105 1920 217 1956 Μῃτρδς
241 1921 387 1955 στέρησιν·
407 1920 531 1955 ἀδελφῶν
558 1922 667 1956 τιμίων,
692 1923 802 1950 πάντων
825 1923 893 1959 ὁμοῦ

105 1966 135 1991 ὲν
147 1965 250 1992 ἅπασιν
261 1965 432 2001 ἀφαιρεθείς.
449 1966 504 1993 Καὶ
523 1966 599 1994 οὔπω
612 1967 684 2002 λέγω
698 1969 762 2000 τοὺς
776 1970 894 2004 Χριστο-

106 2011 187 2042 ειδεῖς
218 2019 265 2037 σου
295 2011 475 2046 ὀνειδισμοὺς,
501 2012 552 2044 τὰς
583 2014 616 2039 ἐκ
638 2013 693 2040 τῶν
723 2014 894 2048 κρατούντων

106 2055 271 2091 προσϐολὰς,
283 2056 451 2091 ὲρεσχελίας,
467 2058 662 2093 στενοχωρίας.
677 2059 724 2086 καὶ
737 2060 819 2086 οἱονεὶ
831 2061 895 2086 ἀπο-

106 2101 220 2134 πνίξεις.
242 2101 421 2137 Κατηνέχθης
440 2103 489 2128 σὺν
504 2102 616 2138 Χριστῷ
638 2104 668 2129 ὲν
684 2104 780 2130 νυκτί·
800 2104 894 2140 ἐπειδὴ

106 2146 154 2172 καὶ
181 2145 262 2177 αὐτὸς
288 2146 502 2181 προδιδόμενος,
531 2147 739 2183 περιωρίσθης,
775 2148 893 2184 μεθωρί-

107 2192 174 2227 σθης
196 2192 226 2218 ἐν
254 2192 383 2227 γεωλόφῳ
402 2201 454 2219 που
473 2192 657 2228 καθεξόμενος
676 2195 690 2221 6
707 2194 813 2230 μάρτυς
827 2195 895 2230 Χρι-

107 2247 182 2265 στου.

146 2284 218 2310 Ἀλλ’
235 2281 309 2317 εὖγε,
322 2283 364 2310 δτι
380 2283 469 2310 πάντα
482 2284 522 2315 είς
541 2284 621 2311 καλόν
636 2293 687 2311 σοι.
703 2282 788 2320 *Αρον
802 2285 894 2319 κύκλῳ

105 2331 168 2362 τοὺς
183 2329 339 2364 ὀφθαλμούς
355 2337 402 2355 σου
416 2329 471 2355 ἀπὸ
482 2329 531 2364 τῆς
548 2329 594 2356 τοῦ
608 2329 654 2356 νοῦ
681 2331 797 2361 σκοπιᾶς
811 2338 818 2346 ·
848 2332 895 2357 καὶ

106 2376 145 2402 ῐδε
161 2383 210 2401 σου
224 2375 258 2402 τὰ
270 2375 364 2405 τέκνα.
384 2374 435 2400 εἴτ’
447 2373 494 2401 οὖν
510 2374 645 2408 πρόϐατα,
661 2376 676 2401 6
700 2375 803 2410 ποιμὴν
818 2376 832 2401 ό
847 2384 895 2402 κα-

943 1785 1064 1812 exerceri
1093 1784 1227 1816 maluisti,
1247 1791 1329 1818 quam
1349 1784 1522 1818 temporariis
1545 1784 1598 1811 frui
1627 1785 1732 1814 deliciis

943 1829 1047 1864 peccati
1058 1830 1092 1856 ’°.
1112 1829 1151 1856 Ac
1166 1833 1251 1861 certe,
1271 1829 1402 1863 quoniam
1422 1836 1474 1855 non
1494 1836 1528 1857 ex
1548 1829 1612 1862 illis,
1629 1830 1680 1857 etsi
1703 1831 1730 1858 in

943 1874 1010 1907 illis,
1027 1875 1147 1907 vivebas,
1166 1875 1290 1902 membra
1304 1882 1353 1909 per
1371 1874 1455 1901 vitam
1474 1874 1501 1901 in
1514 1874 1630 1902 Domino
1644 1880 1731 1903 aetatu

944 1920 1126 1951 mortiﬁcans,
1147 1925 1250 1948 sanctae
1265 1920 1361 1947 matris
1376 1920 1557 1955 privationem
1575 1921 1730 1956 pertulisti:

945 1966 1038 1994 charis
1053 1966 1196 1997 fratribus,
1223 1966 1352 1993 omnibus
1374 1966 1459 1993 simul
1481 1967 1606 1999 omnino,
1633 1968 1734 2002 spolia-

945 2016 1000 2038 tus.
1019 2010 1141 2038 Necdum
1164 2012 1312 2045 opprobria
1326 2016 1371 2039 tua
1392 2011 1495 2039 Christi
1517 2013 1672 2047 opprobriis
1693 2015 1733 2041 εἱ-

945 2057 1020 2084 milia
1048 2063 1257 2088 commemoro,
1287 2056 1426 2084 inunissas
1455 2057 1490 2084 ab
1521 2057 1733 2092 imperatoribus

945 2102 1173 2137 oppugnationes,
1193 2102 1412 2134 ludiﬁcationes,
1426 2103 1569 2138 angustias
1581 2112 1588 2131 :
1604 2111 1636 2131 ac
1650 2105 1732 2132 veluti

946 2147 1153 2175 sull'ocationes.
1183 2147 1270 2175 NOCIU
1296 2155 1359 2175 cum
1386 2147 1497 2178 Christo
1519 2149 1655 2178 abductus
1678 2158 1730 2178 es:

945 2194 1045 2220 etenim
1070 2193 1195 2227 proditus
1214 2193 1296 2220 etiam
1313 2193 1370 2228 ipse
1393 2193 1530 2229 relegatus
1550 2202 1591 2227 es,
1612 2195 1638 2223 in
1655 2196 1733 2224 collis

947 2238 1096 2264 conﬁnium
1111 2238 1239 2265 redactus
1252 2246 1292 2269 es,
1311 2244 1415 2274 martyr
1432 2239 1544 2269 Christi.

982 2283 1034 2309 Sed
1054 2290 1132 2317 euge,
1148 2283 1280 2318 quoniam
1294 2283 1320 2310 in
1335 2284 1436 2312 bonum
1453 2285 1500 2313 tibi
1513 2286 1618 2312 omnia.
1632 2286 1733 2314 Attolle

946 2328 972 2354 in
990 2328 1082 2355 orbem
1098 2329 1194 2357 oculos
1207 2337 1239 2356 ex
1256 2330 1366 2364 specula
1384 2331 1494 2362 mentis,
1510 2336 1538 2358 et
1551 2332 1645 2366 aspice
1662 2333 1733 2360 ﬁlios

947 2379 1020 2405 tuos,
1040 2381 1089 2401 seu
1111 2375 1198 2402 mavis
1220 2383 1297 2408 oves,
1312 2380 1407 2410 pastor
1424 2377 1504 2409 bone.
1526 2377 1652 2411 quamvis
1669 2386 1731 2406 cor-

105 2418 162 2451 λδς,
177 2419 201 2445 εἰ
218 2418 266 2444 καὶ
293 2418 522 2452 διεσκορπισμένα
542 2418 658 2452 σώματι,
689 2419 746 2445 ἀλλ’
765 2419 892 2454 ἡνωμένα

946 2427 1010 2453 pore
1023 2420 1173 2454 dispersas.
1200 2421 1292 2448 animo
1317 2425 1408 2448 tamen
1433 2421 1609 2457 conjunctas,
1624 2423 1650 2450 in
1678 2428 1731 2451 tota

105 2463 252 2497 πνεύματι,
279 2462 436 2497 διειληφότα
462 2462 556 2497 σχεδὸν
575 2463 639 2490 ἄλλο
657 2463 718 2490 κατ’
731 2463 794 2491 ἄλλο
812 2464 896 2500 μέρος

104 2509 154 2544 τὴν
175 2507 339 2543 Ἐκκλησίαν
365 2516 412 2534 σου
437 2508 528 2534 πᾶσαν
545 2516 552 2522 ³
577 2507 624 2534 καὶ
645 2509 705 2539 ταῖς
727 2509 825 2543 αὐγαῖς
848 2509 896 2543 τῆς

104 2553 250 2589 ὁμολογίας
278 2553 356 2588 δίκην
385 2552 509 2588 ἀστέρων
538 2554 754 2589 φρυκτωροῦντα
783 2555 839 2586 τοῖς
867 2556 896 2589 ἐν

103 2598 276 2633 νυκτομαχίᾳ
300 2598 348 2633 τῆς
366 2598 511 2632 αἱρέσεως,
528 2598 559 2624 τὸ
571 2598 629 2632 φῶς
656 2599 705 2633 τῆς
719 2599 874 2634 ὀρθοδοξίας
888 2607 894 2613 ’

103 2643 137 2669 τὰ
155 2643 206 2678 μὲν
230 2642 346 2670 τυθέντα
364 2643 424 2678 Θεῷ
448 2643 482 2670 δι’
493 2643 643 2679 ἀθλητικῆς
658 2645 824 2676 τελειώσεως
837 2653 844 2660 ·
857 2646 890 2671 τὰ

101 2688 130 2714 δὲ
156 2687 302 2720 ἀθλοῦντα,
328 2688 411 2723 μηδὲν
431 2689 640 2724 ὑποπτήσσοντα
660 2689 714 2716 τῶν
730 2689 888 2724 παρόντων·

102 2733 171 2760 ἀλλὰ
199 2733 359 2769 ρωννύμενα
384 2734 445 2765 ταῖς
472 2733 620 2761 θεοκλινέσι
643 2743 690 2760 σου
714 2736 889 2769 προσευχαῖς.

104 2777 178 2812 Δῦτη
202 2777 219 2811 ἡ
242 2776 306 2809 δόξα
332 2786 378 2804 σου
397 2779 447 2812 τῆς
467 2777 654 2812 Ἑκκλησίας·
680 2777 758 2804 τοῦτό
788 2787 834 2804 σου
862 2780 892 2804 τὸ

142 2836 162 2852 ¹⁹
172 2835 230 2864 Jac.
248 2844 273 2870 v,
290 2836 332 2863 Ili.
372 2838 402 2853 ’θ’
419 2836 517 2869 Philip.
536 2845 564 2869 ll,
585 2837 611 2863 8.
652 2837 766 2864 “Hebr.
782 2846 820 2870 xt,
838 2837 885 2864 ‘25.

946 2471 1014 2498 pene
1029 2465 1149 2492 Ecclesia
1163 2471 1209 2492 tua
1227 2466 1311 2493 variis
1322 2466 1391 2494 locis
1406 2467 1521 2502 positas,
1539 2472 1567 2495 et
1579 2468 1732 2496 coitl‘essio-

945 2510 988 2536 nis
1015 2518 1070 2537 suae
1090 2511 1206 2546 fulgore,
1230 2512 1371 2539 stellarum
1388 2513 1486 2544 instar,
1510 2512 1544 2541 iis
1567 2514 1613 2548 qui
1639 2514 1665 2540 in
1681 2522 1731 2541 no-

945 2555 1050 2582 cturnis
1076 2556 1209 2584 haereseos
1237 2557 1358 2585 tenebris
1381 2562 1545 2590 versantur,
1574 2559 1733 2587 orthodoxa:

945 2600 1005 2627 ﬁdei
1026 2602 1115 2628 lumen
1135 2603 1313 2630 ostendentes
1328 2612 1334 2630 :
1350 2603 1417 2630 alias
1433 2603 1543 2638 quidem
1565 2603 1620 2631 Deo
1635 2605 1733 2632 immo-

945 2644 1015 2672 latas
1030 2653 1078 2680 per
1091 2648 1248 2675 athleticam
1265 2648 1543 2680 consummationem,
1556 2649 1624 2676 alias
1637 2649 1732 2677 decer-

945 2695 1033 2718 tantes
1063 2692 1123 2720 sine
1149 2693 1204 2720 ullo
1232 2695 1410 2728 pra>sentium
1435 2701 1526 2721 rerttm
1554 2700 1626 2722 metu
1652 2705 1657 2722 :
1685 2698 1731 2723 sed

946 2735 1029 2762 Deum
1049 2737 1220 2766 llcctentibus
1234 2739 1362 2773 precibus
1377 2739 1432 2767 tuis
1446 2740 1647 2767 corroboratas.
1670 2741 1731 2768 llaec

947 2784 987 2807 est
1000 2781 1083 2815 gloria
1102 2782 1229 2811 Ecclesia:
1245 2789 1297 2812 tua:
1313 2793 1319 2811 :
1337 2785 1388 2813 hoc
1404 2785 1511 2820 insigne
1533 2793 1564 2813 ac
1578 2787 1731 2822 symbolqu
