1923 3078
179 163 250 198 1175
773 159 803 188 s.
819 156 1015 188 THEODORI
1042 155 1216 187 STUDITIE
1743 154 1814 188 1176

179 219 303 256 martyrii
321 228 328 246 :
344 217 417 254 quod
435 223 554 253 sequens
578 218 645 243 atlas
667 213 820 249 excipiens.
839 214 925 240 Deum

1054 220 1164 247 ισσημον
1187 212 1238 247 τῆς
1258 211 1411 247 μαρτυρίας
1425 219 1432 227 ·
1457 211 1526 247 ὅπερ
1550 211 1565 238 ὸ
1580 212 1685 248 μέλλων
1716 215 1813 249 χρόνος

180 273 217 300 te,
243 266 282 294 uti
306 272 390 297 nunc,
411 261 584 299 gloriticabit.
608 261 690 288 Multa
716 260 764 287 tibi
790 267 841 294 pro
861 259 939 287 Chris

1054 257 1232 292 τοδεξάμινος,
1245 256 1366 289 δοξάσειε
1382 257 1428 283 τδν
1442 257 1509 284 Θεὸν
1528 258 1557 284 ὲν
1574 259 1625 292 σοὶ,
1640 259 1678 291 ὼς
1703 260 1752 286 καὶ
1777 261 1813 287 τά

181 311 299 346 imagine
319 309 449 345 pugnanti
470 306 595 335 encomia
614 305 760 333 debentur.
782 304 837 332 Sed
859 304 938 339 ignos

1054 310 1079 329 ν.
1101 301 1191 329 Πολλά
1210 310 1251 328 σοι
1277 302 1311 329 τὰ
1334 301 1460 337 ἐγκώμια
1473 302 1662 338 ὀφείλεταιτῷ
1679 304 1750 339 ὑπὲρ
1762 306 1813 339 τῆς

182 356 258 388 mihi,
273 355 319 383 Dei
337 355 469 385 imitator,
487 353 533 388 qui
551 352 610 379 haec
633 359 667 379 cx
685 359 781 378 amore
799 358 884 378 ausus
898 357 941 377 sui

1054 347 1124 379 ιόνος
1139 347 1258 383 Χριστοῦ
1272 347 1441 375 ὲναθλοῦντι.
1460 348 1541 375 Ἀλλά
1562 357 1607 383 μοι
1622 349 1771 384 σύγγνωθι,
1790 347 1813 377 ὧ

181 408 243 436 qum
258 400 315 428 dixi
332 406 447 427 :saeras
465 404 561 433 preces
575 401 638 424 tuas
655 396 826 431 impertiens,
846 400 876 423 ut
890 396 940 422 min

1052 394 1182 428 ομίμητε,
1196 394 1363 429 τολμήσαντι
1378 395 1411 421 ὲκ
1425 393 1507 421 πόθου
1523 395 1553 421 εν
1568 392 1608 426 οἷς
1623 395 1811 430 ἐφθεγξάμην·

184 453 245 473 mus
269 445 342 473 ﬁlius
358 450 421 472 tuus
447 451 511 471 esse
535 451 591 470 non
613 442 749 475 desinam,
771 442 819 477 qui
845 442 939 469 omniu

1054 437 1201 473 ηριζόμενος
1224 438 1275 473 τὴν
1302 438 1379 473 ἰεράν
1406 446 1453 465 σου
1484 439 1650 474 προσευχὴν,
1667 440 1706 471 ὡς
1723 439 1758 466 ἂν
1775 440 1813 476 μὴ

183 490 302 518 maxime
318 488 425 517 inutilis
438 495 499 516 sum
513 493 625 523 propter
641 491 765 522 peccata.

1055 483 1192 518 τοπέσοιμι
1215 483 1262 510 τοῦ
1285 481 1355 510 εἶναι
1380 492 1426 510 σου
1441 484 1582 519 ἐλάχιστον
1598 485 1693 512 τέκνον
1707 505 1714 518 ,
1731 486 1746 512 ὁ
1759 486 1814 512 τῶν

1024 528 1152 555 ἁπάντων
1165 529 1339 565 ἀχρειότερος
1349 530 1394 557 διὰ
1407 529 1458 561 τὰς
1473 530 1623 566 ἁμαρτίας.

423 599 495 628 XIX.
511 615 545 621 -—
560 598 734 627 Martialibus.

1205 599 1255 626 ΙΘ’.
1267 612 1297 619 -
1308 598 1525 632 Μοναζούσαις.
1540 598 1636 635 [σκα’.]

729 667 767 693 Ad
780 667 905 700 religiosa
919 668 975 693 vita;
992 668 1171 699 perfectionem
1181 671 1284 695 excitat.

220 738 328 775 Optima
344 737 377 765 ad
397 744 442 764 me
451 737 523 764 fama
537 735 641 771 perlata
654 735 687 763 de
700 736 853 764 reverentia
871 740 972 767 vestra,

1068 735 1187 772 Ἀγαθὴν
1202 736 1287 773 ἀκοὴν
1308 736 1488 772 ἑνηχούμενος
1504 736 1568 772 περὶ
1582 736 1633 772 τῆς
1655 737 1814 772 τιμιότητος

185 794 236 820 ego
253 784 363 811 humilis
377 783 452 810 laetor
466 791 473 809 :
491 781 627 816 imprimis
639 781 713 816 quod
727 780 839 816 sanguis
853 786 880 808 et
894 780 944 814 spil

1054 780 1104 807 ιῶν
1112 781 1200 816 χαίρω
1210 781 1224 808 ό
1234 781 1371 813 ταπεινός
1385 781 1501 816 μάλιστα
1510 781 1552 807 ὅτι
1562 777 1632 816 αἷμα
1648 782 1695 808 καὶ
1703 782 1813 816 πνεῦμά

188 836 231 859 tus
245 831 312 858 estis
324 828 442 856 hominis
456 828 515 860 Dei,
528 832 556 856 et
568 827 725 855 communis
741 827 873 862 parentis.
886 827 947 855 Velit

1050 834 1087 852 tta
1108 825 1156 852 τοῦ
1180 825 1324 860 ἀνθρώπου
1340 827 1386 852 τοῦ
1412 826 1479 852 Θεοῦ
1504 826 1552 852 καὶ
1579 826 1670 853 κοινοῦ
1694 828 1809 863 Πατρός.

188 877 306 904 mentius
336 880 427 903 autem
455 874 564 909 gaudeo
587 879 614 901 et
639 874 764 909 gloriﬁco
787 873 884 906 Deum,
910 881 943 901 cu

1051 871 1087 898 Et:
1099 871 1127 897 δὲ
1143 872 1343 907 περισσοτέρως
1368 871 1466 907 ἥδομαι
1483 871 1529 898 καὶ
1550 871 1655 905 δοξάζω
1669 872 1715 900 τὸν
1734 873 1810 905 Θεὸν,

188 923 271 950 audio
286 921 439 956 perstitisse
458 927 509 947 vos
527 919 660 947 hactenus
675 919 750 946 nulla
772 919 947 947 communion

1054 915 1170 942 ινθάνων
1183 916 1224 942 ὅτι
1238 917 1368 951 ἀχραντοι
1388 916 1609 952 διαμεμενὴκατε
1632 917 1685 947 ἕως
1701 918 1748 944 τοῦ
1766 918 1813 945 νῦν

190 966 322 994 haareticte
339 965 398 992 labe
418 972 556 999 aspersas.
572 963 606 991 Et
620 971 668 992 eos
683 965 778 999 utique
794 969 914 999 oportet,
927 972 949 999 q‘

1056 968 1077 992 ις
1093 960 1147 987 τῶν
1164 962 1312 997 αἰρετικῶν
1338 962 1491 994 κοινωνίας.
1519 962 1608 997 Καίγε
1637 963 1679 990 δεῖ
1694 965 1757 995 τοὺς
1781 965 1815 992 τὰ

189 1017 253 1040 sunt
276 1018 390 1046 corpore
416 1010 532 1043 illilnati,
561 1009 624 1037 ﬁdei
655 1016 767 1044 quoque
793 1010 947 1045 integritate

1056 1005 1141 1041 ὺματα
1162 1007 1290 1042 ἀνέπαφα
1317 1007 1440 1042 ἔχοντας,
1468 1008 1515 1034 καὶ
1542 1008 1614 1035 κατά
1644 1009 1694 1044 τὴν
1722 1010 1815 1036 πίστιν

189 1058 336 1086 custodire.
355 1056 558 1084 Fornieationis
568 1056 642 1083 enim
656 1063 743 1090 genus
756 1060 809 1088 est,
824 1063 841 1083 ο
855 1056 948 1091 prudel

1056 1050 1215 1085 ιρθενεύειν.
1231 1052 1348 1087 Μοιχεία
1366 1052 1420 1088 γάρ
1434 1054 1519 1085 ἐστιν,
1538 1050 1561 1081 ὦ
1582 1054 1754 1087 πανσύνετοι,
1770 1056 1815 1082 καὶ

191 1104 326 1136 tissime),
353 1103 396 1130 vel
427 1101 622 1130 communione
648 1101 773 1136 copulari
790 1109 796 1128 :
811 1108 827 1128 a
852 1108 905 1135 qua
929 1109 950 1127 Vt

1056 1107 1058 1119 ι
1080 1096 1129 1131 τῆς
1147 1097 1290 1128 κοινωνίας
1310 1097 1452 1133 μετέχειν·
1467 1095 1502 1134 ἧς
1517 1099 1589 1134 ὑμᾶς
1615 1099 1715 1135 Κύριος
1734 1101 1815 1136 μέχρι

191 1149 324 1176 Dominus
339 1155 427 1183 usque
449 1147 477 1175 in
498 1147 579 1174 ﬁnem
603 1151 694 1175 servet
715 1147 843 1179 intactas,
857 1146 905 1181 qui
928 1153 950 1172 Vt

1058 1141 1122 1172 λους
1140 1141 1329 1177 διατηρήσειεν
1345 1143 1547 1178 ὲναψαύστουςο
1563 1145 1578 1171 ό
1589 1145 1816 1181 νυμφευσάμενος

191 1195 251 1230 ipse
277 1194 329 1222 sibi
357 1201 406 1228 per
425 1192 593 1228 virginitatis
613 1197 709 1219 votum
736 1191 892 1226 despondit.
915 1190 950 1218 Ha

1057 1186 1118 1230 ιυτῷ
1141 1186 1185 1214 διὰ
1204 1185 1253 1214 τοῦ
1277 1188 1348 1215 κατά
1372 1188 1421 1223 τὴν
1434 1189 1583 1224 παρθενίαν
1598 1190 1816 1225 ἐπαγγέλματος.

192 1228 267 1273 prior
287 1246 352 1273 pars
369 1237 504 1265 orationis
526 1243 605 1264 meae.
628 1235 830 1264 lnstitutionem
852 1240 943 1262 autem

1058 1228 1115 1263 5τος
1138 1232 1153 1259 ό
1181 1232 1289 1268 πρῶτός
1317 1241 1363 1267 μοι
1382 1233 1471 1268 λόγος.
1498 1234 1679 1263 Διδασκαλίαν
1695 1236 1724 1263 δὲ
1751 1237 1817 1271 παρ’

193 1294 237 1313 me
261 1290 405 1320 pecratore
427 1292 477 1312 cur
499 1284 646 1319 ﬂagitatis.
669 1290 732 1311 cum
757 1283 818 1311 sitis
841 1283 908 1318 ipsa:
932 1290 952 1318 pr

1058 1276 1097 1303 ιοῦ
1112 1276 1160 1303 τοῦ
1173 1277 1338 1313 ἁμαρτωλοῠ
1360 1278 1404 1305 ἰνα
1431 1279 1459 1306 τί
1474 1280 1612 1313 αἰτεῖσθε;
1635 1281 1714 1315 ὑμεῖς
1730 1282 1817 1308 θεοδίι

192 1332 294 1359 Christi
305 1332 421 1367 gratiam
435 1338 450 1358 a
460 1330 516 1358 Deo
529 1330 651 1358 educta?
662 1329 730 1357 Nam
744 1334 772 1356 et
784 1338 817 1357 ex
829 1329 882 1364 piis
892 1329 951 1356 amb

1060 1322 1121 1367 ηκτοι
1141 1322 1203 1349 ὲστε
1224 1323 1316 1358 χάριτι
1329 1324 1459 1359 Χριστοῦ.
1476 1325 1530 1352 Καὶ
1543 1325 1597 1361 γὰρ
1608 1326 1656 1352 καὶ
1668 1328 1701 1353 ἐκ
1717 1328 1819 1361 γονέων

194 1382 260 1405 ortu:
281 1366 453 1412 parentibus,
469 1379 497 1403 et
513 1376 636 1403 scientia
659 1375 777 1407 eximie,
797 1378 825 1401 et
843 1374 904 1409 ipso
919 1374 953 1401 vit

1063 1366 1151 1412 σεΰῶν
1169 1367 1333 1403 ἀμφότεραι,
1350 1369 1398 1396 καὶ
1422 1368 1522 1403 γνώσει
1544 1370 1721 1407 διαφέρουσαι
1736 1379 1745 1389 ⁸
1770 1373 1820 1399 καὶ

194 1425 294 1457 genere
323 1421 478 1449 doctrinam
506 1421 701 1448 mandatorum
731 1419 918 1455 pmferentes.
951 1422 953 1445 :

1059 1411 1070 1446 ᾗ»
1083 1411 1134 1447 βίῳ
1147 1412 1178 1438 τδ
1203 1412 1374 1440 διδασκάλιον
1385 1413 1441 1441 τῶν
1452 1415 1567 1443 ἐντολῶν
1590 1416 1818 1451 προδαλλόμεναι.

194 1467 261 1502 quid
283 1472 373 1495 autem
397 1471 424 1494 et
449 1475 465 1494 a
488 1467 569 1495 nobis
594 1466 728 1502 imperitis
750 1467 881 1502 poscitis,
900 1466 953 1493 tinu

1062 1477 1063 1481 η
1076 1457 1105 1484 δέ
1120 1465 1146 1484 τι
1158 1458 1204 1485 καὶ
1218 1459 1283 1493 παρ’
1295 1460 1373 1494 ήμῶν
1383 1459 1488 1486 δέοισθε
1503 1460 1558 1487 τῶν
1569 1461 1693 1496 ἀμαθῶν·
1707 1463 1721 1488 ὁ
1738 1462 1821 1497 φόὸος

196 1513 243 1540 Del
268 1511 475 1547 conquirendus
495 1511 642 1546 imprimis.
659 1511 727 1539 Nam
747 1512 771 1539 is
789 1512 835 1539 ubi
859 1512 955 1538 animu:

1064 1503 1079 1530 ὖ
1094 1503 1162 1530 Θεοῦ
1187 1503 1218 1531 τὸ
1240 1505 1415 1540 ζητούμενον.
1427 1503 1511 1538 Οὗτος
1531 1507 1585 1542 γὰρ
1600 1507 1629 1534 ὲν
1645 1507 1745 1543 καρδίᾳ
1773 1508 1820 1535 δε-

195 1557 291 1589 subiit,
317 1556 363 1583 lux
389 1556 511 1589 aﬂ'ulsit,
533 1556 648 1584 vitiosos
673 1556 836 1591 temperavit
856 1555 954 1583 aﬂectu

1064 1550 1119 1582 Istc,
1132 1550 1190 1584 φῶς
1205 1550 1322 1586 ἔλαμψε,
1332 1552 1367 1578 τὰ
1381 1551 1455 1587 πάθη
1467 1552 1612 1587 ἐμείωσεν.
1631 1553 1676 1586 Ἐξ
1689 1551 1719 1581 οὗ
1737 1554 1823 1581 κατά-

196 1602 262 1630 lnde
285 1602 472 1637 compunctio,
502 1602 638 1638 lacrymae,
669 1602 764 1629 mundi
789 1601 894 1633 odium,
919 1608 955 1629 ea

1061 1595 1107 1628 ιξις
1120 1603 1127 1611 ·
1141 1595 1257 1631 δάκρυον
1272 1605 1280 1612 ·
1295 1598 1374 1632 μῖσος
1390 1598 1492 1633 κόσμου
1506 1607 1513 1614 ·
1527 1598 1661 1634 ἐπιθυμία
1676 1600 1800 1634 οὐρανῶν
1813 1608 1820 1615 ·

196 1648 380 1680 desiderium;
394 1652 422 1676 et
433 1648 500 1682 quid
515 1655 571 1675 non
587 1648 652 1675 inde
664 1651 770 1675 rectum
785 1647 907 1674 oriatur?
922 1646 955 1673 lla

1066 1641 1080 1667 ,ἰ
1094 1641 1121 1668 τί
1135 1641 1190 1677 γὰρ
1213 1642 1244 1669 οὐ
1267 1643 1349 1670 καλὸν
1373 1644 1499 1671 ἐντεῦθεν
1519 1645 1712 1680 προσ-γίνοιτο;
1737 1646 1825 1673 Τοῦτο

197 1694 245 1721 Dei
266 1693 394 1721 videlicet
420 1693 585 1721 inhabitatio
609 1697 673 1722 est:
690 1693 736 1721 ubi
759 1700 824 1720 vero
842 1692 924 1725 Deus,
945 1693 951 1719 i

1066 1696 1079 1714 ν
1091 1688 1165 1714 ἐστιν
1178 1688 1315 1724 ἑνοίκησις
1329 1689 1408 1716 Θεοῦ·
1427 1687 1458 1717 οὗ
1479 1689 1507 1717 δὲ
1519 1690 1596 1723 Θεὸς,
1611 1691 1670 1718 ἐκεῖ
1683 1692 1737 1718 τῶν
1751 1693 1824 1725 ἀγα-

196 1740 259 1767 fons
273 1739 419 1770 bonorum,
436 1747 498 1774 pax,
515 1739 657 1774 gaudium,
672 1739 804 1767 cltaritas.
820 1739 920 1767 llortor
934 1748 955 1766 Vt

1068 1742 1088 1760 ιν
1115 1734 1132 1769 ἠ
1158 1734 1244 1770 πηγὴ,
1260 1735 1366 1770 εἰρήνη,
1383 1735 1467 1771 χαρὰ,
1481 1736 1588 1772 ἀγάπη.
1606 1738 1760 1772 Παρακαλῶ
1776 1737 1827 1765 οὖν

198 1786 290 1819 itaque
314 1792 365 1819 ego
383 1784 505 1816 humilis,
529 1791 582 1812 non
605 1785 639 1811 ad
664 1792 695 1812 ea
719 1793 781 1819 quae
803 1785 957 1812 circumstat

1087 1780 1106 1811 [ς
1120 1780 1134 1806 ὁ
1151 1781 1276 1812 ταπεινὸς
1287 1799 1295 1813 ,
1312 1783 1350 1816 μὴ
1365 1783 1434 1817 πρὸς
1449 1783 1485 1810 τὰ
1498 1782 1554 1810 τῶν
1576 1783 1690 1819 πλησίον
1704 1785 1827 1813 ἀποδλέ-
1844 1811 1846 1814 ί

196 1829 320 1864 exempla
335 1829 445 1862 intueri,
462 1829 581 1856 maxime
596 1836 663 1856 vero
684 1837 739 1856 non
761 1829 794 1857 ad
814 1830 955 1857 simulatan

1071 1834 1095 1852 ιν
1111 1826 1320 1862 παραδείγματα
1329 1836 1336 1843 ·
1352 1829 1399 1855 καὶ
1412 1828 1531 1864 μάλιστα
1544 1830 1594 1864 τῆς
1607 1830 1783 1863 ἐπιπλάστως
1795 1833 1828 1859 ἐν

197 1883 278 1910 quam
301 1875 436 1909 pleraeque
457 1874 590 1901 moniales
615 1873 774 1909 praeierunt,
797 1875 956 1901 conversam

1071 1872 1094 1902 ῖς
1102 1871 1242 1904 πλείσταις
1256 1872 1310 1900 τῶν
1324 1874 1498 1909 μοναζουσῶν
1511 1875 1732 1911 ὲπιδεδειγμένης
1747 1877 1830 1904 πολι-

198 1928 259 1948 netn
277 1920 406 1955 tepidam,
428 1924 457 1947 ut
473 1919 510 1947 ita
530 1919 636 1953 loquar,
662 1924 690 1947 et
704 1920 848 1947 remissam
865 1928 872 1946 :
887 1919 932 1947 sed
949 1927 957 1946 ι

1068 1917 1109 1949 ίας
1124 1918 1248 1953 χλιαρᾶς,
1268 1919 1302 1945 iv‘
1315 1919 1402 1952 οὕτως
1416 1921 1497 1954 εἴπω,
1521 1922 1569 1948 καὶ
1596 1923 1808 1957 συγκεχυμένης
1820 1932 1827 1938 ·

196 1967 305 2002 egregia
325 1966 502 2000 exemplaria,
518 1973 635 2000 quorum
648 1966 718 1993 vitas
736 1966 842 1993 habetis
859 1973 913 2001 pne
928 1974 953 1992 m

1070 1962 1103 1989 λὰ
1117 1965 1186 1998 πρὸς
1204 1964 1234 1990 τὰ
1249 1964 1393 1999 ἀρχέτυπα
1407 1965 1506 2001 κάλλη,
1523 1963 1562 1992 ῶν
1576 1967 1601 1993 οἰ
1616 1966 1669 2001 βίοι
1685 1967 1715 1993 ὲν
1730 1968 1829 2002 χερσὶν

198 2013 279 2040 nibus
294 2012 388 2039 divino
402 2011 506 2046 passim
524 2019 617 2039 amore
636 2016 819 2040 coruscantes
836 2021 843 2039 :
859 2013 957 2047 quandi

1124 2027 1132 2040 ,
1168 2009 1444 2044 ἀστραπηφοροῦντες
1475 2011 1540 2042 τοὺς
1575 2011 1666 2043 θείους
1696 2011 1802 2046 ἔρωτας
1821 2022 1829 2029 -
1873 2003 1875 2006 ν

196 2059 306 2093 quidem
324 2065 375 2085 nec
391 2058 477 2093 pictor
500 2065 533 2085 ex
548 2057 730 2090 deformibus,
756 2058 803 2086 scd
827 2066 859 2085 ex
877 2059 955 2086 decor

1064 2055 1096 2081 ιεὶ
1120 2054 1167 2081 καὶ
1189 2053 1335 2089 ζωγράφος
1361 2055 1413 2081 οὐκ
1438 2055 1471 2082 ἐκ
1495 2055 1616 2090 φαύλων,
1628 2056 1686 2083 ἀλλ’
1698 2056 1728 2089 ἐξ
1739 2057 1823 2092 ὡραῖ-

199 2104 363 2139 imaginibus
380 2111 413 2132 ac
429 2107 563 2132 vetustate
585 2103 744 2138 conspicuis
769 2103 914 2139 imaginem
939 2113 958 2131 e‘

1071 2100 1143 2127 ,ένων
1154 2101 1200 2127 καὶ
1213 2100 1375 2135 ἀρχαιότητι
1390 2101 1573 2136 διαφερόντων
1598 2102 1711 2129 εἰκόνιον
1738 2111 1830 2137 μετα-

198 2150 338 2186 presserit.

999 2180 1019 2186 -
1036 2147 1168 2181 γράφοιεν
1182 2147 1283 2174 εἰκόνα.

234 2206 306 2240 Quid
326 2206 355 2234 in
376 2206 431 2234 illis
454 2205 534 2234 vobis
551 2207 724 2242 exploratum
747 2208 799 2236 sit?
818 2208 925 2236 Salutio
950 2209 984 2236 ab

1071 2203 1103 2228 Τί
1119 2200 1153 2238 ἦν
1168 2203 1197 2229 ὲν
1212 2203 1330 2235 ἐκείναις
1346 2203 1468 2237 γνωστὸν
1487 2203 1569 2238 ὕμῖν;
1592 2203 1678 2235 Λύσις
1702 2204 1758 2230 τῶν
1781 2205 1828 2232 δε-

199 2252 345 2280 ali'ectuum
370 2251 499 2284 vinculis,
523 2251 612 2280 virilis
640 2258 768 2287 aspectus
791 2253 865 2289 fuga,
893 2261 958 2288 quo:

1069 2247 1114 2274 ιῶν
1131 2248 1180 2282 τῆς
1197 2248 1395 2283 προσπαθείας·
1406 2248 1479 2284 φυγὴ
1493 2249 1642 2284 ἀρῤενικῆς
1656 2250 1745 2284 ὂψεως
1759 2251 1828 2278 ὅσον

199 2299 260 2334 ejus
285 2298 344 2326 ﬁeri
373 2301 472 2333 potest,
495 2297 634 2326 demissus
656 2298 740 2325 animi
769 2306 876 2331 sensus,
903 2304 958 2326 vest

1068 2293 1184 2328 δέχεται·
1198 2293 1436 2328 καταθεδλημένον
1448 2293 1586 2328 φρόνημα·
1604 2295 1717 2329 ρυπῶσα
1730 2296 1827 2331 ἐσθὴς,

201 2343 322 2375 sordida,
338 2342 462 2377 deiectus
478 2342 505 2369 in
523 2346 623 2370 terram
639 2343 746 2374 oculus,
762 2343 873 2371 inutiles
888 2351 960 2370 narr:

1070 2347 1114 2373 .μα
1139 2338 1215 2365 κάτω
1240 2338 1376 2370 νενευκός,
1393 2336 1447 2371 Οὖς
1471 2338 1573 2373 φεῦγον
1588 2340 1713 2375 ἀνωφελῆ
1740 2342 1829 2368 ἀκού-

201 2388 339 2415 tiuneulas
356 2387 433 2415 auris
447 2386 564 2419 evitans,
581 2394 612 2415 os
626 2387 716 2415 divina
732 2387 858 2423 loquens,
879 2393 958 2415 vexat

1068 2392 1130 2410 ιατα
1144 2390 1151 2398 ’
1169 2383 1256 2418 στόμα
1270 2383 1366 2410 λαλοῦν
1381 2383 1471 2416 ἔνθεα,
1488 2384 1670 2419 ὑπωπιασμὸς
1686 2385 1827 2420 σώματος.

201 2433 337 2469 eorpOris.
364 2432 433 2460 Nam
465 2433 506 2461 sic
533 2433 646 2461 affectus
674 2433 767 2461 carnis
793 2437 960 2468 superarunt

1069 2427 1118 2454 51w
1131 2427 1186 2462 γὰρ
1200 2427 1389 2462 περιεγένοντο
1403 2427 1450 2454 τοῦ
1462 2428 1510 2463 τῆς
1526 2429 1628 2464 σαρκὸς
1639 2430 1828 2465 φρονήματος·

201 2478 423 2514 quandoquidem
445 2486 508 2505 caro
531 2479 690 2514 concupiscit
711 2479 835 2506 adversus
854 2479 960 2513 spiritui

1072 2474 1155 2508 :slnep
1180 2474 1200 2508 ἡ
1220 2473 1299 2508 σὰρξ
1318 2474 1457 2508 ἐπιθυμεῖ
1475 2476 1551 2502 κατὰ
1569 2476 1622 2503 τοῦ
1643 2478 1831 2512 πνεύματος,

202 2532 233 2553 ιιι
248 2525 382 2560 scriptum
399 2528 459 2557 est,
487 2525 596 2559 spiritus
614 2530 701 2552 autem
720 2525 845 2551 adversus
860 2531 961 2551 carnem

1070 2529 1078 2551 ;
1100 2519 1264 2554 γέγραπται⁸
1292 2519 1326 2545 τὸ
1339 2518 1373 2545 δὲ
1396 2519 1513 2553 πνεῦμα
1538 2520 1612 2547 κατὰ
1627 2520 1683 2555 τῆς
1698 2523 1829 2556 σαρκός-

203 2572 259 2598 haec
271 2571 341 2598 enim
359 2570 410 2598 sibi
424 2570 536 2597 invicem
550 2570 727 2597 adversantur
738 2570 772 2602 ",
788 2574 815 2597 et
833 2573 875 2597 est
887 2569 958 2596 belln

1073 2565 1135 2592 εῦτα
1158 2563 1192 2590 δὲ
1215 2563 1378 2591 ἀντίκειται
1405 2564 1571 2599 ἀλλήλοις·
1594 2566 1641 2593 καὶ
1670 2567 1832 2602 ἀκήρυκτος

204 2616 384 2652 implacabile.
407 2616 497 2649 Quare
529 2616 603 2643 omni
630 2616 674 2643 die
694 2622 806 2642 necesse
827 2619 880 2647 est,
907 2622 963 2649 pr0|

1073 2611 1169 2644 ἱλεμος.
1189 2611 1245 2637 Καὶ
1272 2610 1312 2637 δεῖ
1335 2611 1409 2645 ἡμᾶς
1435 2612 1525 2638 πᾶσαν
1548 2612 1665 2647 ἡμέραν,
1694 2613 1765 2640 εἴπω
1782 2615 1832 2640 καὶ

204 2663 320 2691 dixerim
335 2662 410 2690 omni
426 2661 506 2695 hora,
526 2661 658 2688 adversus
673 2661 737 2687 vitia
753 2665 865 2688 strenue
883 2667 934 2687 nos
949 2660 963 2687 d

1073 2666 1128 2692 οαν,
1145 2656 1308 2683 ὁπλίσασθαι
1326 2657 1396 2683 κατά
1418 2656 1473 2683 τῶν
1498 2658 1593 2684 παθῶν
1608 2658 1743 2693 ἀνδρικῶς
1760 2661 1832 2694 μετὰ

205 2708 317 2739 micare,
340 2705 396 2734 Deo
412 2709 551 2740 spectante
565 2712 597 2732 ac
608 2706 732 2739 juvante,
746 2708 808 2740 post
830 2705 961 2731 diuturnu

1073 2703 1111 2729 εοῦ
1135 2702 1183 2729 καὶ
1199 2703 1248 2729 σὺν
1263 2702 1334 2737 Θεῷ,
1351 2703 1379 2728 ὲν
1402 2702 1492 2738 πολλῷ
1511 2703 1598 2737 ἀγῶνι
1620 2704 1755 2736 νικῶντας
1784 2707 1832 2732 τίιν

206 2757 344 2779 certamen
363 2751 472 2778 hostem
496 2751 648 2784 vincentes,
672 2751 719 2786 qui
741 2755 862 2778 nostrum
883 2757 965 2784 sumpt

1074 2748 1149 2784 ‘Opbv,
1174 2747 1220 2774 τὸν
1247 2748 1291 2774 ἀεὶ
1308 2747 1426 2782 διψῶντα
1441 2749 1491 2782 τὴν
1518 2749 1657 2776 ἀπώλειαν
1679 2750 1759 2785 ἡμῶν
1777 2759 1782 2766 ·
1801 2749 1833 2778 οὗ

206 2798 320 2825 exitium
343 2797 425 2826 sitit:
441 2797 521 2832 cujus
542 2797 633 2833 iacula
664 2797 766 2826 nullius
789 2798 899 2826 domum
930 2806 965 2825 su,

1105 2795 1236 2831 ρημφαῖαι
1265 2795 1304 2826 είς
1333 2793 1408 2825 τέλος
1429 2793 1552 2826 ἐξέλιπον
1574 2796 1630 2827 τοῖς
1652 2797 1834 2832 προσέχουσιν

243 2869 263 2883 ’³
278 2867 368 2895 Galat.
380 2876 406 2901 ν,
423 2868 468 2895 Π.
