1923 3078
78 129 146 163 1m

673 123 942 154 EPIS’I‘OLARUM
967 123 1040 154 LIB.
1070 123 1107 152 ll.

1637 123 1706 156 1178

76 183 215 218 ἀσφαλῶς.
239 181 297 209 Οὐκ
320 180 378 207 ἔστι
399 179 428 206 δὲ
449 179 487 215 μὴ
507 179 642 215 ἡττᾶσθαι
667 180 788 211 πάντως,
819 179 866 204 καὶ

919 178 1024 204 ruboris
1048 177 1074 204 in
1097 184 1145 204 eos
1166 176 1213 211 qui
1242 177 1295 204 sibi
1321 177 1416 205 sedqu
1440 177 1623 212 prospiciunt.
1645 179 1706 207 Non

76 228 256 265 πλήττεσθαι,
273 227 321 254 τὸν
334 226 545 261 ἀγωνιζόμενον,
571 226 600 251 ὲν
615 225 688 259 λόγῳ
702 225 748 251 καὶ
764 224 867 259 ἐννοίᾳ,

77 277 122 303 καὶ
138 277 169 302 ὲν
184 276 239 305 τοῖς
253 274 357 308 ὁμοίοις
373 273 430 304 τοῖς
446 272 484 307 μὴ
501 271 569 306 πρὸς
587 271 702 297 θάνατον
716 270 865 305 ἁμαρτίας·

76 319 142 346 ἀλλὰ
159 319 189 345 τὸ
205 317 304 344 θᾶττον
314 315 492 343 ἀναπαλαὶειν
506 315 571 350 χρὴ,
583 315 630 342 καὶ
640 315 685 341 ἐπὶ
696 315 745 349 τῆς
755 314 868 350 δεούσης

77 364 204 391 ἵπτασθαι
219 362 424 393 καταστάσεως.
436 361 659 396 Παραπτώματα
672 362 726 395 γὰρ
737 362 782 394 τίς
795 369 868 388 συν-

77 412 164 443 ήσει;
181 411 234 436 Καὶ
247 409 289 440 τίς
304 409 472 443 καυχήσεται
489 408 539 442 τὴν
553 407 643 442 ψυχὴν
671 408 759 442 ἁγνὴν
774 407 866 442 ἔχεινς

78 457 131 482 iul.
158 456 188 481 ὲν
203 454 292 489 θλίψει
313 454 363 488 μὲν
376 455 389 479 ὀ
404 453 432 478 ὲν
453 453 548 487 Κυρίῳ
572 453 626 484 ζῶν
637 459 645 467 ·
660 452 755 487 ἐπειδὴ
772 452 866 486 στενὴ

77 501 125 527 καί
152 499 332 534 τεθλιμμένη
349 499 368 532 ἡ
384 498 454 531 ὁδὸς
468 498 629 533 ἀπάγουσα
642 499 686 530 είς
698 497 756 531 τὴν
770 497 847 532 ζωήν
858 505 864 512 ·

78 547 171 581 ὥσπερ
199 546 216 579 ἡ
242 544 351 571 ἐναντία
367 544 424 574 τοῖς
438 543 581 574 ἐναντίοις.
602 543 667 569 Ὅτε
687 543 715 570 δὲ
735 542 806 569 ἔλθοι
837 542 868 569 τὸ

80 593 165 626 πέρας
176 590 229 616 τῶν
242 589 366 623 ἀγώνων,
382 588 443 614 τότε
458 584 606 619 εἴσεσθε,ῶ
620 587 725 622 νύμφαι
736 587 866 622 Χριστοῦ,

80 638 103 662 τί
121 635 302 670 προεξένησεν
317 633 412 668 ὑμῖνὴ
435 632 560 659 πολιτεία
573 640 579 647 ·
598 632 751 667 ἀρθήσεσθε
767 632 821 666 γὰρ
838 632 867 657 ὲν

80 682 150 716 χαρᾷ
165 679 342 714 ἀνεκλαλήτῳ
351 679 403 705 ὑπὸ
411 678 522 712 ἀγαθῶν
532 678 659 712 ἀγγέλων
671 686 678 693 ·
691 679 738 704 καὶ
749 677 867 703 είσελεύ-

79 725 156 752 σεσθε
186 726 226 756 εἰς
252 724 302 759 τὴν
332 723 540 758 ἀχειρότευκτον
577 723 723 756 παστάδα,
748 724 789 754 εἰς
821 723 866 750 τὸν

78 773 204 806 οὐράνιον
219 770 364 805 νυμφῶνα,
384 770 500 796 πάντοτε
528 770 577 796 σὺν
594 770 689 805 Κυρίῳ
713 771 753 802 είς
779 770 867 797 αίῶνα

78 819 215 853 ὲσόμεναι.
229 815 283 843 Ἦν
304 816 353 851 μὲν
367 815 415 842 καὶ
427 815 510 842 πλέον
521 824 547 841 τι
561 815 650 849 λέγειν
668 824 676 832 ·
698 815 756 842 ἀλλ’
769 816 865 852 ἐπειδὴ

918 223 1051 256 contingit
1067 228 1158 249 autem
1183 230 1236 249 non
1253 223 1324 250 vinei
1339 223 1463 255 omnino,
1483 231 1515 251 ae
1530 224 1635 251 nullum
1652 226 1708 252 vul-

919 275 971 294 nus
989 267 1071 301 recipi
1087 267 1157 294 inter
1171 268 1361 302 praeliandum,
1375 269 1457 296 verbo
1473 269 1513 296 vel
1530 269 1706 304 cogitatione,

918 311 1032 346 aliisque
1048 311 1197 343 similibus,
1215 320 1276 346 qua:
1300 317 1416 339 mortem
1434 314 1537 347 peccati
1560 321 1614 341 non
1638 314 1709 341 infe-

918 361 983 384 runt
1006 356 1076 383 :sed
1102 364 1193 392 pugna
1217 357 1361 384 confestim
1383 358 1611 392 redintegranda,
1631 364 1657 386 et
1680 360 1707 386 in

918 403 1027 438 propria
1054 403 1172 430 statione
1193 403 1410 430 consistendum.
1433 403 1538 430 Delicta
1560 405 1628 432 enim
1648 406 1707 440 quis

917 448 1047 482 intelliget
1061 449 1085 463 “
1095 448 1107 474 ?
1118 447 1151 474 Et
1166 448 1228 483 quis
1243 448 1404 483 gloriabitur
1418 449 1540 476 animum
1554 457 1585 476 se
1602 456 1707 477 castum

917 495 1032 529 gerere?
1057 493 1085 521 In
1113 494 1292 522 tribulatione
1321 495 1416 530 utique
1445 500 1496 528 est,
1522 496 1570 530 qui
1590 496 1657 523 vivit
1682 497 1709 523 in

918 539 1055 567 Domino:
1072 540 1294 575 quandoquidem
1324 546 1398 568 arcta
1418 546 1442 568 et
1464 546 1578 576 angusta
1600 543 1641 568 via
1671 547 1708 568 est

917 593 976 620 quo?
991 586 1065 612 ducit
1082 585 1116 612 ad
1136 587 1217 613 vitam
1229 586 1253 602 "
1271 595 1277 613 :
1292 587 1521 621 quemadmodum
1537 587 1580 614 via
1602 592 1709 614 contra-

917 631 958 657 ria
973 638 989 657 e
1006 631 1157 658 contrario.
1175 631 1210 658 At
1230 639 1293 659 eum
1309 632 1492 660 certaminum
1516 632 1578 659 linis
1591 633 1709 660 advene-

917 675 964 706 rit.
984 679 1050 702 tunc
1071 675 1239 710 intelligetis,
1256 683 1273 703 o
1288 683 1398 710 sponsae
1418 676 1532 708 Christi,
1548 676 1613 711 quid
1631 677 1709 704 vobis

919 726 1048 756 suscepta
1070 721 1179 748 vivendi
1204 721 1276 749 ratio
1300 721 1468 749 contulerit:
1487 721 1612 749 auferent
1635 722 1708 749 enim

916 774 966 794 vos
1008 766 1141 794 sublimes
1170 774 1232 794 cum
1268 767 1443 794 inenarrabili
1485 767 1578 794 laetitia
1620 767 1709 803 angeli

917 812 1035 847 optimi,
1062 816 1090 838 et
1112 812 1138 838 in
1167 812 1318 838 thalamum
1344 812 1536 847 ingredientini
1566 820 1619 839 non
1649 820 1710 839 ma-

79 862 245 897 στοχάζομαι
270 861 489 897 ΰπρὸεὸηκέναι
523 861 554 887 τὸ
590 862 689 897 μέτρον
721 861 771 896 τῆς
801 862 861 888 ἑπι-

920 857 1075 890 nnl'actum,
1099 857 1126 884 in
1150 857 1290 885 caelestem
1314 862 1416 889 torum,
1439 865 1547 892 semper
1570 866 1632 884 eum
1658 858 1710 885 Do-

79 909 174 944 στολῆς
190 929 198 941 ,
224 908 340 934 ἐνταῦθα
362 907 568 942 καταπαύσοιμι
595 908 641 934 τὸν
661 907 741 941 λόγον
755 916 763 925 ·
793 908 865 944 ὑπὲρ

77 952 106 980 οὗ
121 953 271 989 χαρίσασθέ
295 961 341 988 μοι
363 952 404 988 τῷ
427 952 584 988 ἁμαρτωλῷ
613 953 663 985 τὰς
684 953 765 988 ἁγίας
787 954 865 989 ὑμῶν

78 999 170 1034 εὐχάς.

200 1139 244 1166 κ’.
259 1154 295 1160 —-
309 1139 452 1174 Μακαρίφ
463 1139 630 1174 ἡγουμένῳ.
648 1138 743 1175 [auri]

919 905 994 930 mino
1020 903 1047 930 in
1069 911 1150 930 omne
1172 911 1260 931 aevum
1280 903 1391 932 futurae.
1418 904 1556 931 Habebam
1581 903 1708 938 equidem

917 949 995 985 plura
1006 949 1098 976 dicere
1115 958 1121 976 :
1139 949 1187 977 sed
1206 950 1337 984 quoniam
1354 950 1443 977 sentio
1459 958 1502 977 me
1517 950 1628 977 modum
1650 950 1708 984 epi-

918 995 995 1021 stulae
1008 1001 1228 1028 supergressum,
1241 994 1322 1021 linem
1340 995 1478 1029 imponam
1495 995 1559 1022 huic
1569 994 1688 1022 sermoni
1701 1003 1707 1020 :

919 1046 968 1074 pro
982 1047 1038 1074 quo
1058 1039 1125 1066 mihi
1140 1040 1277 1074 peccatori
1297 1044 1407 1067 sanctas
1422 1045 1526 1068 vestras
1543 1047 1637 1076 preces
1657 1040 1710 1067 im-

918 1085 1025 1118 pertite.

1134 1144 1193 1173 XX.
1214 1144 1336 1172 Macario
1350 1145 1500 1179 proposito.

643 1195 682 1220 De
694 1195 799 1226 quodam
813 1196 955 1229 praeposito,
967 1198 1073 1231 aliisque
1086 1201 1170 1231 lapsis.

108 1251 144 1278 τί
159 1251 257 1281 ποιεῖς,
281 1245 304 1276 ὦ
326 1249 381 1276 θεῖε
402 1248 505 1283 Πάτερ,
535 1248 632 1275 ἑαυτὸν
657 1249 796 1276 ταπεινῶν
820 1249 867 1276 τὸν

77 1297 179 1332 ὑψηλὴν
194 1297 228 1332 τῇ
243 1296 346 1331 ἀρετῇ·
362 1295 436 1330 κάμὲ
452 1295 527 1330 ὑψῶν
540 1295 569 1321 ὲν
584 1295 642 1326 τοῖς
660 1294 763 1330 τιμίοις
777 1295 867 1329 λόγοις

78 1351 136 1374 σου,
148 1342 195 1369 τὸν
209 1341 349 1376 χθαμαλὸν
365 1342 398 1375 τῇ
413 1340 508 1374 κακίᾳ,
522 1340 560 1371 ὡς
576 1340 685 1376 μυρίοις
699 1340 799 1368 πάθεσι
816 1350 866 1367 πο-

77 1387 271 1424 λιορκούμενον
288 1386 478 1421 καθεκάστην;
501 1386 573 1420 Ἐγὼ
598 1386 689 1413 τοίνυν
709 1386 802 1418 δοῦλός
819 1396 867 1414 σου

77 1435 125 1460 καὶ
152 1434 229 1465 παῖς,
246 1432 380 1468 μαθητιᾷν
397 1432 498 1466 μᾶλλον
514 1431 669 1467 ἐφιέμενος,
697 1432 713 1468 ἢ
730 1432 868 1460 διδάσκειν
881 1453 902 1481 c

76 1479 238 1514 δυνάμενος.
253 1478 347 1513 Ὅμως
362 1479 378 1504 ὀ
389 1477 500 1512 ἀγαθὸς
515 1477 670 1511 ἄνθρωπος
682 1478 717 1504 ἐκ
729 1478 782 1505 τοῦ
793 1478 866 1512 ἁγα-

77 1525 131 1552 θοῦ
149 1524 304 1559 θησαυροῦ
329 1524 384 1558 τῆς
405 1524 529 1559 καρδίας
542 1524 684 1552 ἐκϐάλλει
701 1525 738 1552 τὰ
752 1524 866 1559 ἀγαθά·

77 1570 199 1601 τοιοῦτος
224 1571 256 1596 σὺ
287 1570 334 1596 καὶ
352 1570 491 1605 ὁρώμενος
521 1570 568 1598 καὶ
597 1571 866 1605 ἀναγινωσκόμενος.

79 1618 147 1653 Περὶ
158 1616 210 1651 μὲν
217 1616 264 1642 οὖν
276 1615 323 1642 τοῦ
333 1616 382 1650 τῆς
393 1616 592 1651 Δημητριάδος,
605 1616 716 1643 καὶτῶν
727 1616 866 1651 μαθητῶν,

78 1663 120 1689 ὅτι
137 1662 256 1697 ᾤχοντο·
271 1662 316 1688 ῐνα
330 1662 424 1696 γνοίης
436 1663 468 1688 ὲκ
488 1662 543 1688 τῶν
558 1662 674 1696 καρπῶν
690 1663 720 1689 τὸ
742 1663 849 1697 δένδρον
859 1671 867 1678 ⁸

78 1708 126 1735 καὶ
141 1707 206 1742 εὔξῃ
221 1707 335 1739 ἐκείνοις
354 1707 405 1742 μὲν
423 1707 579 1742 μετάνοιαν,
598 1708 661 1742 ἐμοὶ
673 1707 701 1735 δὲ
719 1707 759 1742 τῷ
783 1708 869 1742 ἀθλίῳ

79 1753 233 1788 στηριγμὺν
250 1752 319 1787 πρός
342 1761 372 1779 τε
398 1753 461 1784 τοὺς
477 1752 665 1788 πολεμοῦντας
689 1753 814 1788 ἀοράτως
838 1761 868 1779 τε

79 1798 126 1823 καὶ
141 1796 305 1832 ὁρωμένως’
319 1796 400 1829 ὼςᾶν
415 1797 530 1824 κατόπιν
546 1796 694 1832 ἀξιωθείην
706 1798 795 1824 ἐλθεῖν
812 1798 868 1824 τῶν

79 1843 137 1869 νυνὶ
151 1843 260 1868 πάντων
275 1842 450 1877 ὁμολογητῶν
466 1842 587 1877 Χριστοῦ
599 1851 606 1857 ·
630 1843 802 1878 ὁμολογητὴς
815 1843 870 1878 γὰρ

80 1889 159 1920 πεῖςὸ
174 1888 361 1924 ἐνιστάμενος.
387 1888 455 1924 Περὶ
483 1888 512 1914 δὲ
539 1888 594 1915 τῶν
610 1888 658 1915 δύο
672 1889 761 1916 ἄλλων
786 1898 870 1924 κεφα-

78 1934 172 1966 λαίων,
192 1934 315 1961 τοιοῦτον
337 1934 366 1961 τὸ
383 1935 586 1970 παριστάμενόν
603 1943 667 1970 μοι·
690 1935 870 1970 Ὑπογράψας

79 1980 268 2015 πρεσῧύτερος
289 1981 323 2015 τῇ
352 1979 476 2014 ἀσεϐείᾳ,
510 1981 650 2015 μετανοεῖν
676 1980 791 2014 ὀφείλει,
823 1981 870 2006 καὶ

78 2025 257 2061 προσκλαίειν
277 2025 402 2061 θερμῶςο
428 2025 640 2062 συγχωρηθῆναι
660 2025 734 2061 αὺτῷ
750 2025 780 2052 τὸ
803 2026 868 2052 ἀσέ-

77 2070 156 2106 ϐημα
169 2078 176 2085 ’
192 2069 360 2105 λειτουργεῖν
379 2070 419 2102 δὲ,
434 2071 487 2097 κᾶν
511 2070 541 2096 οὑ
558 2071 718 2107 μνημονεύῃ
741 2070 789 2097 τοῦ
807 2072 871 2097 ἀσε-

953 1251 1024 1285 Quid
1045 1253 1114 1288 agis,
1132 1260 1150 1280 ο
1170 1253 1264 1280 divine
1286 1252 1377 1286 Pater,
1397 1260 1461 1280 cum
1485 1253 1600 1288 teipsum
1618 1254 1709 1289 depri-

918 1298 982 1330 mis,
1009 1298 1056 1332 qui
1083 1298 1210 1326 sublimis
1233 1306 1263 1326 es
1287 1299 1415 1326 virtute:
1437 1306 1470 1326 ac
1496 1307 1539 1326 me
1560 1300 1709 1328 honeritica

918 1342 1044 1370 oratione
1069 1347 1114 1369 tua
1139 1342 1259 1376 extollis,
1282 1343 1328 1377 qui
1348 1350 1410 1370 sum
1437 1343 1611 1378 improbitate
1635 1345 1709 1379 abje-

920 1392 994 1419 clus,
1012 1388 1113 1423 quippe
1129 1388 1283 1416 innumeris
1300 1389 1424 1423 quotidie
1439 1389 1511 1416 vitiis
1530 1389 1710 1424 prodig-atus?

920 1432 976 1468 Ego
1001 1434 1085 1467 igitur
1107 1441 1204 1462 servus
1227 1438 1303 1466 tuus,
1322 1441 1353 1462 ac
1373 1442 1441 1468 pene
1462 1443 1540 1469 puer,
1562 1435 1604 1462 cui
1623 1435 1711 1470 major

919 1478 1043 1505 discendi
1069 1479 1228 1514 cupiditas,
1255 1487 1339 1515 quam
1369 1480 1486 1508 facultas
1514 1481 1642 1509 docendi.
1676 1482 1711 1508 At

919 1524 1000 1550 bonus
1022 1524 1099 1550 homo
1127 1524 1159 1551 de
1183 1524 1249 1551 bono
1275 1525 1397 1552 thesauro
1425 1527 1513 1553 cordis
1542 1527 1584 1554 uti
1609 1528 1710 1562 profert

919 1568 988 1594 bona
997 1568 1040 1595 ’δε
1062 1568 1221 1603 cuiusmodi
1242 1575 1269 1596 lu
1285 1571 1395 1605 quidem
1414 1578 1441 1599 et
1457 1572 1559 1600 videris
1580 1578 1607 1600 et
1625 1581 1711 1606 agno-

919 1613 1017 1639 scenis.
1034 1613 1072 1641 De
1097 1614 1243 1647 praeposito
1258 1619 1349 1642 autem
1369 1615 1551 1644 Demetriadis
1572 1625 1605 1644 ac
1627 1618 1711 1645 disci-

919 1658 992 1692 polis
1008 1660 1068 1694 ejus
1092 1662 1164 1695 quod
1182 1661 1295 1695 qumris,
1319 1662 1434 1696 periisse
1451 1662 1531 1694 scito,
1552 1667 1580 1689 ut
1596 1671 1628 1690 ex
1653 1664 1712 1691 fru-

919 1705 1009 1732 ctibus
1033 1706 1160 1733 arborem
1189 1715 1322 1742 agnoscas
1351 1716 1358 1734 :
1387 1715 1419 1735 ac
1440 1715 1490 1743 pro
1517 1709 1573 1736 illis
1600 1710 1711 1744 quidem

921 1748 1138 1782 resipiscenliam
1159 1751 1337 1785 depreceris:
1355 1760 1405 1787 pro
1423 1761 1465 1780 me
1488 1759 1578 1780 autem
1603 1754 1668 1782 infel
1681 1762 1712 1782 cc

920 1792 1005 1819 robur
1032 1793 1165 1821 adversus
1189 1796 1282 1822 hostes
1308 1800 1365 1822 tum
1388 1797 1541 1825 invisibiles
1565 1803 1622 1826 tum
1647 1800 1713 1826 visi-

922 1836 1013 1865 biles:
1035 1843 1065 1865 ut
1088 1839 1212 1875 vestigiis
1237 1841 1367 1869 insistere
1391 1850 1498 1870 merear
1513 1845 1636 1872 omnium
1661 1845 1713 1872 hoc

920 1890 978 1910 aevo
999 1883 1103 1912 Chriin
1133 1885 1326 1914 confessorum
1356 1896 1364 1914 :
1395 1888 1542 1917 confessor
1569 1890 1642 1917 enim
1671 1896 1713 1918 est

920 1928 1046 1964 quisquis
1066 1937 1097 1957 se
1117 1935 1233 1959 strenue
1251 1933 1333 1966 gerit.
1356 1932 1394 1960 De
1415 1934 1522 1962 duobus
1537 1935 1598 1962 aliis
1615 1937 1711 1970 capiti-

921 1974 984 2005 bus.
1010 1983 1083 2003 nunc
1108 1976 1174 2004 illud
1198 1978 1321 2005 occurrit
1345 1978 1448 2005 animo.
1476 1979 1528 2012 Qui
1549 1981 1714 2017 subseripsit

921 2019 1054 2055 impietati
1074 2022 1227 2056 presbyter,
1241 2022 1322 2050 debet
1342 2023 1366 2050 is
1382 2023 1472 2051 scelus
1487 2025 1598 2059 expiare
1614 2027 1711 2061 poenis,

920 2069 948 2093 et
963 2074 1087 2100 magnam
1110 2067 1162 2094 vim
1178 2068 1345 2102 profundere
1364 2069 1565 2105 lacrymarum;
1585 2077 1614 2099 ut.
1635 2073 1712 2100 venia

77 2115 133 2146 ϐῶς
146 2114 177 2151 [Γ.
186 2113 314 2150 ἀσεϐοῦς]
327 2123 334 2130 ’
347 2114 485 2150 οὐδαμῶς,
493 2114 550 2140 ἀλλ’
559 2115 698 2150 εἴργεσθαι
706 2115 756 2150 τῆς
766 2115 867 2150 ἱερουρ-

922 2110 1020 2138 deinde
1045 2111 1139 2147 ﬂagitii
1171 2113 1331 2142 tribuatur:
1351 2119 1382 2142 ut
1405 2120 1496 2143 autem
1524 2125 1580 2144 rem
1604 2125 1711 2145 sacram

77 2161 140 2195 γίας
149 2169 156 2175 ·
168 2161 221 2192 ἕως
232 2160 265 2188 ἃν
278 2159 484 2195 ἐπίδοιΚύριος,
497 2161 543 2187 καὶ
552 2160 610 2195 δοίη
619 2160 715 2195 καιρὸν
728 2161 868 2197 ὀρθοδόξου

77 2206 191 2232 συνόδου
202 2213 210 2221 ’
221 2205 251 2232 ὲν
268 2202 412 2242 ῇλήψεται
436 2204 517 2241 [ἷξες.
532 2206 592 2233 cod.
612 2205 728 2241 ἕκαστα]
755 2206 869 2238 ἕκαστος

75 2250 111 2277 τὰ
133 2250 197 2276 κατ’
213 2249 293 2282 ἀξίαν
313 2250 472 2286 θεοκρίτως.
494 2251 565 2286 Ἐγὼ
586 2251 615 2278 δὲ
641 2251 829 2287 συμσουλέυω,
844 2253 869 2279 εί

76 2296 198 2330 μετέσχε
213 2295 264 2328 τῆς
279 2295 396 2327 ἀσεϐοῦς
424 2295 577 2328 κοινωνίας,
596 2297 626 2323 ὲν
643 2296 795 2333 μεταλήψει
821 2298 868 2324 καὶ

74 2341 133 2368 τῶν
149 2341 331 2376 ἁγιασμάτων
348 2341 499 2376 ἀπέχεσθαι
512 2340 608 2376 μέχρις
619 2341 680 2373 ἐνὸς
694 2341 794 2377 ἢδυοῖν
805 2343 869 2377 χρό⁶

75 2395 145 2413 νοιν.
156 2385 313 2420 Γέγραπται
322 2386 390 2422 γάρ·
403 2387 444 2413 Οὺ
456 2385 589 2414 δύνησθε
597 2386 743 2421 ποτήριον
756 2387 868 2421 Κιιρίου

75 2432 190 2462 πίνειν,
200 2431 249 2457 καί
262 2430 405 2465 ποτήριον
417 2430 579 2466 δαιμονίων
587 2439 594 2446 ·
608 2433 644 2459 οὐ
655 2431 788 2460 δύνασθε
802 2442 869 2468 τρα-

75 2477 172 2511 πέζης
187 2478 298 2510 Kvplov
305 2476 454 2511 μετέχειν,
470 2476 519 2503 καὶ
534 2477 679 2511 τραπέζης
693 2477 866 2512 δαιμονίων.

75 2523 115 2550 Τὸ
129 2523 154 2549 δ’
166 2523 233 2549 αὐτὸ
247 2523 294 2549 καὶ
307 2523 354 2549 ἐπὶ
374 2522 429 2549 τῶν
451 2523 631 2559 Ἑκκλησιῶν.
649 2524 697 2556 Τίς
715 2523 864 2558 συγκατὰ-

73 2568 163 2598 οεσις
177 2564 240 2598 ναῷ
258 2565 333 2593 Θεοῦ
348 2567 425 2600 μετὰ
440 2566 594 2599 elabitur;
610 2567 647 2593 Οὐ
663 2567 704 2593 δεῖ
722 2567 769 2594 οῦν
786 2568 868 2594 είσιέι

70 2619 120 2638 ναι
145 2611 187 2641 εἰς
202 2610 238 2636 τὰ.
255 2610 394 2646 μαρτύρια
408 2610 464 2638 τῶν
480 2611 643 2646 αίρετικῶψ
667 2611 867 2645 προστέτακται

71 2655 142 2690 ἡμῖν
163 2655 217 2681 ὑπὸ
233 2655 282 2690 τῆς
305 2656 388 2689 ἁγίας
409 2655 519 2682 συνόδου
532 2663 539 2671 ·
558 2656 609 2682 οὒκ
640 2653 700 2683 οἶδα
723 2656 748 2682 εἱ
768 2656 805 2691 μὴ
822 2656 866 2683 ἐπ’

70 2701 203 2734 ἐξουσίαν
219 2701 320 2732 τελέως
332 2701 433 2735 γίνοιτο
449 2703 463 2728 ὁ
476 2703 539 2732 ναὸς
549 2701 691 2737 ὀρθοδόξου
706 2701 753 2727 τοῦ
767 2701 866 2736 μηκέτι

70 2745 295 2781 λειτουργεῖσθαι
310 2746 355 2781 ὑφ’
370 2747 526 2782 αἰρετικοῦ·
543 2747 602 2773 τότε
616 2748 670 2782 γὰρ
691 2747 737 2773 καὶ
750 2747 865 2773 εἰσιτέον

111 2814 219 2843 "Psal.
237 2824 314 2850 xvm,
336 2817 378 2845 15.
418 2817 544 2845 "Matth.
563 2825 609 2851 vn,
627 2818 668 2845 Η.

922 2156 1024 2190 faciat;
1056 2159 1166 2186 etiamsi
1195 2159 1333 2187 hominem
1365 2161 1480 2196 impium
1508 2170 1563 2190 non
1592 2171 1712 2191 comme-

922 2207 1028 2234 moret:
1055 2204 1170 2232 minime
1189 2213 1266 2239 sane,
1285 2207 1333 2234 sed
1349 2215 1364 2234 a
1380 2215 1460 2235 sacro
1485 2217 1597 2237 munere
1618 2210 1712 2244 prohia

921 2248 1027 2277 beudus
1041 2255 1094 2281 est.
1113 2251 1201 2278 donec
1217 2252 1369 2287 respexerit
1390 2252 1535 2287 Dominus,
1550 2255 1712 2291 dedcritque

921 2299 1030 2329 tempus
1045 2297 1150 2331 synodo
1164 2297 1334 2331 orthodoxa;
1349 2299 1441 2335 inqua
1451 2300 1610 2328 admittetur
1624 2310 1709 2330 unus-

919 2340 1037 2375 quisque
1046 2349 1096 2375 pro
1114 2342 1220 2374 merito.
1231 2347 1361 2378 tanquam
1374 2351 1406 2372 ex
1416 2345 1462 2373 Dei
1475 2345 1590 2381 judicio.
1607 2347 1711 2375 Auctor

920 2393 985 2413 vero
993 2394 1065 2419 sum,
1079 2392 1118 2421 ut,
1128 2389 1149 2416 si
1161 2390 1460 2426 communionisimpia:
1470 2393 1607 2427 particeps
1614 2393 1709 2427 fuit,in

920 2432 1094 2466 perceptione
1109 2433 1147 2459 rei
1157 2441 1242 2461 sacrae
1250 2434 1424 2464 sanetilicatis
1433 2436 1514 2465 donis
1522 2437 1657 2466 abstineat
1664 2447 1710 2466 an-

920 2483 955 2502 no
967 2484 1021 2503 uno
1039 2482 1084 2504 aut
1099 2478 1196 2505 altero.
1207 2478 1343 2515 Scriptum
1353 2486 1394 2509 cst
1411 2482 1484 2509 enim
1497 2491 1504 2498 ·
1525 2482 1587 2510 Non
1600 2486 1710 2518 potestis

918 2521 1027 2548 calicem
1038 2521 1144 2549 Domini
1155 2523 1252 2557 bibere,
1269 2529 1294 2552 et
1309 2526 1418 2553 calicem
1430 2528 1621 2555 dwntoriioruiit
1635 2537 1644 2556 :
1657 2538 1708 2557 non

918 2567 1026 2599 potestis
1036 2575 1131 2595 meum
1140 2568 1248 2596 Domini
1253 2572 1396 2604 participes
1404 2581 1470 2605 esse,
1477 2578 1501 2599 et
1512 2582 1606 2602 meum:
1614 2575 1710 2602 da’mo-

919 2613 1062 2639 niorum".
1075 2614 1147 2640 Idem
1158 2620 1185 2641 ct
1195 2615 1228 2642 de
1237 2615 1367 2644 Ecclesiis
1378 2618 1565 2646 statuendum.
1574 2620 1639 2652 Quis
1646 2629 1708 2648 con-

919 2666 1010 2684 sensus
1029 2659 1125 2694 templo
1149 2660 1195 2687 Dei
1222 2670 1281 2688 cum
1305 2662 1383 2690 idolis
1396 2664 1439 2691 ὀἳ
1462 2663 1545 2693 Nefas
1568 2666 1653 2701 igitur
1680 2669 1706 2694 in

920 2703 1110 2730 haereticorum
1136 2707 1266 2741 martyria
1287 2707 1383 2742 pedem
1407 2708 1508 2737 inferre
1526 2719 1532 2736 :
1552 2711 1592 2738 sic
1611 2716 1706 2739 sancta

919 2749 998 2776 nobis
1020 2751 1141 2785 synodus
1161 2753 1288 2788 prmccpit
1307 2763 1313 2780 :
1331 2754 1384 2782 nisi
1400 2755 1472 2782 forte
1490 2757 1706 2786 orthodexorum

727 2819 749 2834 3"
768 2817 841 2873 Luc;
853 2826 888 2852 vn,
908 2820 953 2848 45.
993 2821 1014 2836 ³⁸
1035 2820 1045 2848 ι
1062 2822 1124 2852 Cor.
1143 2831 1169 2856 κ,
1188 2823 1233 2851 20.
1273 2825 1295 2840 ³⁵
1315 2825 1323 2852 Ι
1342 2826 1406 2854 Cor.
1424 2835 1461 2859 vi,
1485 2827 1526 2854 16.
