1923 3078
207 161 274 194 H79

800 164 830 194 S.
847 165 1043 196 'I‘HEODORI
1063 166 1236 198 S'l‘UDIT/E

1777 170 1849 204 1180

204 218 277 244 aedes
292 223 346 243 non
367 216 479 244 omnino
504 217 530 244 in
553 217 672 244 alienam
696 222 858 252 potestatem
882 225 1014 251 veneni...

1069 222 1096 248 αὶ
1111 223 1321 258 λειτουργητέον
1336 220 1384 249 τὸν
1397 223 1549 259 ὁροόδοξον.
1561 223 1618 251 Οὐκ
1636 225 1713 257 ὄντος
1729 228 1850 264 προκρί-

207 269 257 288 nec
274 261 414 296 liturgiam
440 262 586 289 luereticus
603 263 640 289 ibi
663 265 808 298 peregerit.
826 263 904 292 Tunc
925 266 998 292 enim

206 314 230 336 et
256 307 360 342 ingredi
385 307 539 335 orthodoxe
566 307 618 341 fas,
643 312 670 336 et
695 317 752 336 rem
779 317 885 337 sacram
911 311 998 338 obire.

207 353 274 385 Quae
292 353 402 388 quidem
420 353 480 380 sine
502 354 659 388 praejudieio
681 355 754 382 dicta
777 355 833 383 sint
856 356 998 384 hactenus.

209 397 255 426 Sic
277 406 327 434 ego
345 399 468 431 humilis,
485 399 565 426 Pater
582 400 630 433 mi,
646 401 736 428 sentio
751 410 757 428 :
775 402 932 429 divinorum
947 403 999 430 Pa-

209 449 280 472 trum
303 446 427 480 exempla
443 453 651 480 recognoscens.
673 447 739 474 Tuae
753 455 817 475 vero
836 449 1003 483 praestantia

210 490 308 524 fuerit,
341 492 455 518 meliora
485 494 683 528 contemplari,
716 501 748 520 ac
777 495 845 521 meis
873 494 1003 521 exhibere

209 537 309 564 oculis.
338 536 499 565 Valetudine
523 539 626 573 integra
654 547 704 574 pro
728 539 783 567 Deo
816 539 951 567 dimicans
973 545 1001 567 tu

213 582 277 608 mihi
295 587 353 609 esto
372 583 527 614 incolumis,
543 592 560 610 0
576 584 645 611 inter
661 584 755 611 Patres
768 585 1000 612 celebratissime:

211 627 294 653 simul
308 632 334 654 et
348 635 397 662 pro
411 636 453 654 me
466 629 578 663 indigno
592 637 675 656 orans
690 630 789 664 partim
805 638 836 656 ex
856 630 1000 662 charitate.

212 673 311 706 partim
328 681 392 700 vero
409 679 438 700 ut
455 674 506 708 legi
523 674 558 701 ita
576 675 743 710 pnecipienti
761 676 945 710 obtemperes.

212 728 331 756 XXL—
343 729 493 757 Theodorus
517 732 549 758 iis
572 733 617 766 qui
632 736 738 764 propter
753 732 894 758 Dominum
917 732 943 759 in
964 732 1007 758 di—

247 774 327 802 versis
343 776 492 803 carceribus
514 777 665 805 detinentur
680 777 809 812 fratribus
829 777 932 804 dilectis
954 786 1006 804 sa-

250 819 331 847 lutent
350 819 400 856 (³⁸).

1053 276 1140 302 ματος
1157 268 1191 294 τὰ
1209 269 1389 304 προλαϐόντα.
1415 268 1494 296 Οὕτω
1508 266 1624 307 ὶρρονῶη
1636 270 1729 307 Πάτερ
1754 280 1818 306 μου,
1834 274 1849 300 ό

1052 311 1182 343 ταπεινός
1194 319 1202 326 '
1222 303 1389 348 άναοεωρῶν
1413 312 1447 339 τὰ
1471 303 1598 348 ὑπο-τῷν
1615 303 1699 341 iisle
1713 303 1848 351 Ϊῐατέρων

1054 357 1274 393 παραδείγματα.
1294 358 1351 393 Τῆς
1377 358 1427 394 σῆς
1450 359 1472 385 δ’
1493 360 1527 386 ἂν
1555 359 1598 395 εῐη
1619 360 1792 396 τελειότητος
1813 364 1848 388 τὰ

1055 403 1198 437 κρείττονα
1215 403 1263 430 καὶ
1276 403 1425 439 θεωρῆσαι,
1446 405 1493 431 καὶ
1505 406 1582 440 ἐμοῖς
1597 406 1720 441 ὄμμασιν
1738 407 1848 434 ὑποδεῖ-

1053 449 1108 482 ξαι.
1129 449 1301 485 Ἐῤῥωμένος
1323 451 1371 477 καὶ
1397 450 1518 478 ὲναθ).ῶν
1534 451 1605 486 ὑπὲρ
1621 451 1690 478 Θεοῦ
1712 453 1848 486 διαφυλα-

1052 495 1146 530 χθείης
1163 504 1207 531 μοι
1219 495 1259 522 ἔτι
1273 505 1280 511 ·
1298 497 1312 522 ό
1331 496 1496 529 ἐξάκουστος
1513 498 1542 523 ἐν
1556 496 1696 532 Πατράσιν
1709 506 1717 513 ·
1728 498 1799 532 ὁμοῦ
1819 507 1849 525 τε

1053 541 1100 568 καὶ
1116 541 1336 576 ὑπερευχόμενὸς
1361 550 1411 577 μου
1431 542 1482 576 τῆς
1496 542 1684 577 ὰναξιότητος,
1701 542 1733 569 τὸ
1754 543 1804 578 μὲν
1821 543 1851 575 ἐξ

1052 587 1174 623 ἀγάπης,
1189 587 1220 614 τὸ
1233 587 1318 615 δὲκαὶ
1329 588 1373 614 διὰ
1391 587 1440 623 τὴν
1455 587 1620 615 κελεύουσαν
1631 588 1756 624 ἐντολήν.

1057 731 1124 758 KA’.
1139 746 1175 751 —-
1194 729 1344 764 Θεόδαψος
1363 729 1424 762 τοῖς
1446 729 1495 756 διὰ
1518 729 1626 763 Κύριον
1642 729 1677 757 ἐν
1693 729 1850 764 διαφόροις

1092 776 1244 812 φυλακαῖς
1278 775 1473 811 τηρουμένας
1505 775 1648 810 ἀδελφοῖς
1680 775 1851 811 ἀγαπητοῖς

1093 824 1219 858 χαίρειν.
1235 821 1310 859 [σλ’.]

720 878 757 903 De
769 878 861 904 sanctis
873 878 1031 909 imaginibus.
1045 878 1147 910 (Barou.
1159 884 1198 902 an.
1213 876 1269 907 816,
1282 883 1307 901 n.
1321 876 1374 908 27.)

251 932 386 966 Quidnam
404 932 461 960 haec
482 932 520 960 rei
536 936 612 966 sunt,
635 939 696 967 qua:
710 933 856 961 videmus?
873 933 1002 968 gaudium
1019 937 1042 966 B

215 983 242 1006 et
252 979 402 1006 exsultatio
415 987 422 1011 ;
437 978 567 1013 quoniam
584 979 714 1014 martyria
728 987 778 1014 pro
792 978 904 1006 Christo
915 979 1008 1006 subire

215 1025 319 1059 dignati
342 1024 466 1053 fuimus:
484 1024 546 1059 quia
571 1025 729 1053 carceribus
745 1030 773 1052 et
789 1026 934 1053 tormentis
952 1031 1007 1052 tra-

216 1071 266 1098 diti
283 1078 379 1098 sumus
395 1075 506 1105 propter
518 1071 564 1098 Dei
581 1071 694 1098 verbum
709 1080 716 1099 :
735 1072 865 1106 quoniam
882 1072 968 1106 plagis
981 1075 1009 1098 et

216 1117 394 1144 contumeliis
419 1121 529 1152 propter
544 1117 683 1144 Christum
701 1119 748 1152 qui
771 1126 820 1152 pro
843 1118 923 1145 nobis
945 1125 1008 1145 ver-

219 1163 296 1193 bera.
339 1163 499 1197 opprobria,
533 1170 641 1190 crucem
672 1164 790 1199 denique
825 1171 923 1198 passus
956 1167 1008 1197 est,

217 1209 317 1236 subditi
352 1217 459 1236 sumus.
495 1208 563 1242 Quis
606 1217 660 1236 non
698 1210 790 1237 laudet
818 1210 919 1243 ?Qois
954 1217 1008 1237 non

218 1255 311 1290 gloria
336 1255 441 1282 ducat?
464 1254 561 1283 Oriens
584 1256 703 1289 laetatur,
731 1256 832 1291 gaudet
857 1256 1008 1288 Oecidcns,

219 1301 355 1328 universa:
381 1309 430 1335 per
455 1305 574 1335 quatuor
599 1302 693 1328 mundi
722 1302 848 1329 cardines
872 1302 1011 1329 exsultant

220 1346 358 1373 Ecclesiae.
376 1347 407 1373 Et
423 1347 488 1381 quid
504 1351 642 1374 terrenum
657 1347 749 1374 orbem
770 1348 890 1382 loquor?
904 1347 1010 1375 Caelum

220 1391 309 1425 ipsum
333 1392 434 1426 gaudio
452 1393 583 1427 repletum
609 1398 651 1420 est
669 1402 676 1420 ;
694 1395 766 1427 quod
785 1400 837 1419 non
861 1393 949 1420 solum
966 1401 1011 1420 su-

220 1444 330 1471 premus
351 1437 503 1464 antistitqu
526 1443 695 1468 nostrorum.
719 1439 840 1472 episcopi
863 1446 895 1465 ac
918 1446 1010 1466 sacer-

221 1482 308 1512 dotes.
323 1482 451 1516 prtesidcs
464 1483 650 1510 cmuohiorum
664 1487 691 1510 et
702 1483 838 1517 discipuli,
850 1483 898 1510 sed
913 1489 939 1511 et
953 1491 1012 1510 mo-

223 1527 317 1554 nachae
333 1535 394 1554 cum
415 1529 645 1556 moderatricibus
669 1529 727 1557 suis
752 1529 878 1563 martyni
893 1529 1012 1556 stadium

223 1572 355 1607 ingressa:
369 1578 443 1600 sunt.
461 1573 540 1600 Mitto
559 1573 620 1601 illos
637 1574 728 1601 dicere
746 1575 792 1608 qui
808 1574 834 1601 in
855 1574 970 1602 desertis
987 1578 1014 1601 et

224 1618 374 1650 tuentibus,
388 1619 414 1645 iu
431 1619 569 1653 speluncis
580 1623 606 1646 et
620 1619 646 1646 in
661 1620 787 1647 cavernis
803 1626 892 1652 terrae,
906 1620 1015 1647 exsules
1027 1605 1050 1636 δ

225 1663 393 1698 allliguntur,
413 1664 532 1699 inopiam
550 1665 695 1699 patiuntur
710 1669 736 1692 et
753 1665 822 1692 dura
842 1672 892 1700 pro
907 1665 1017 1698 Christo

225 1710 416 1744 persecutione
440 1717 583 1738 vexantur.
603 1711 700 1739 Merito
725 1711 827 1746 itaque,
851 1712 945 1746 fratres
967 1713 1017 1738 mei

226 1755 317 1782 dilecti
329 1761 354 1782 et
369 1755 605 1788 desideratissimi,
626 1757 752 1791 gaudium
765 1761 789 1784 et
805 1765 904 1783 corona
918 1758 1017 1789 mea",

227 1802 334 1835 gaudeo
350 1806 376 1828 et
394 1802 571 1836 congratnlor
586 1802 674 1830 vobis.
691 1802 809 1837 ldipsum
824 1807 914 1830 autem
929 1808 956 1830 et
971 1810 1019 1830 vos

228 1847 344 1880 gaudete
373 1851 400 1873 et
424 1847 653 1882 congratulamini
688 1848 766 1875 mihi.
806 1847 880 1875 lieati
908 1849 1019 1883 quidem

229 1892 307 1919 Pauli
326 1898 391 1920 sunt
408 1892 465 1920 haec
481 1893 574 1925 verba.
593 1893 639 1920 sed
656 1893 722 1920 huic
736 1894 851 1927 tempori
866 1902 1022 1929 congruen-

230 1939 267 1965 tia
281 1947 287 1965 :
305 1938 403 1966 Omnia
420 1938 555 1973 siquidem
573 1939 607 1965 ad
626 1943 745 1965 nostram
759 1940 910 1966 doctrinam
922 1942 1022 1976 scripta

230 1991 291 2012 sunt
301 1986 335 2019 ’⁸,
358 1989 386 2012 et
402 1985 553 2012 imitatores
576 1986 618 2012 sui
643 1993 693 2013 nos
707 1994 768 2013 esse
783 1986 945 2014 obtestatur.
963 1987 1022 2016 Pri-

231 2040 306 2058 mum
319 2039 385 2067 ergo
398 2031 463 2058 illud
477 2039 538 2060 vere
553 2032 680 2064 dixerim,
696 2040 751 2059 non
766 2037 899 2067 quantum
916 2034 1021 2066 volunt,

231 2078 401 2112 cupiuntque
428 2078 446 2104 ii
473 2078 520 2112 qui
545 2086 597 2105 nos
625 2081 734 2109 vexant.
762 2078 894 2106 arrutuuis
911 2083 939 2106 et
955 2079 1022 2106 allii-

231 2123 371 2151 ctionibus
401 2131 451 2151 nos
466 2123 565 2158 premi.
591 2122 638 2150 Sic
660 2124 733 2150 enim
752 2124 933 2153 intolerabilis
955 2125 1024 2153 forct

232 2171 348 2197 tcutatio
365 2178 373 2197 :
392 2170 481 2205 qualis
496 2177 556 2204 quae
578 2178 594 2197 a
619 2170 790 2198 daemonibus
815 2171 922 2198 occulte
944 2172 1024 2200 nobis

233 2215 351 2242 infertur
365 2223 373 2242 :
390 2215 436 2243 sed
450 2219 583 2249 quantum
602 2215 737 2250 permittit
750 2217 907 2244 certaminis
923 2225 1024 2252 praeses

1091 933 1125 959 Ti
1140 933 1174 959 τὰ
1190 932 1333 967 παρόντα;
1353 931 1426 966 χαρὰ
1440 931 1487 958 καὶ
1503 930 1677 965 ἀγαλλιασις·
1690 938 1731 958 οτι
1752 932 1781 957 ὲν
1791 932 1850 963 τοίς

1060 979 1130 1013 ὑπὲρ
1151 977 1272 1013 Χριστοῦ
1293 977 1454 1012 μαρτυρίοις
1477 976 1602 1003 ὲναθλεῖν
1624 976 1770 1011 ὴξιώμεθα
1783 983 1790 990 ·
1808 977 1852 1003 ὅτι

1059 1024 1194 1058 φυλακαῖς
1209 1031 1238 1049 τε
1250 1023 1297 1050 καὶ
1311 1022 1417 1058 θλίψεσι
1431 1022 1476 1050 διὰ
1485 1022 1531 1048 τὺν
1546 1021 1626 1056 λόγον
1640 1021 1686 1048 τοῦ
1701 1021 1768 1048 Θεοῦ
1781 1030 1853 1056 παρ-

1060 1070 1193 1105 εδὸϐημεν
1205 1078 1213 1086 ο
1237 1070 1278 1096 ὅτι
1297 1069 1417 1104 πληγαῖς
1435 1077 1464 1096 τε
1483 1068 1531 1095 καὶ
1550 1068 1647 1103 ὕϐρεσι
1664 1068 1709 1094 διὰ
1730 1068 1853 1103 Χριστὸν

1059 1116 1105 1144 τὸν
1113 1117 1183 1151 ὑπὲρ
1196 1116 1276 1151 ἡμῶν
1285 1115 1469 1151 μαστιχθέντα
1479 1115 1526 1142 καὶ
1539 1114 1722 1141 ὁνειδισθέντα
1731 1123 1738 1128 ·
1754 1113 1854 1140 ἔπειτα

1059 1162 1106 1189 καὶ
1124 1161 1318 1197 σταυρωθέντα
1339 1161 1544 1197 ὑπεϐλήθημεν.
1561 1160 1610 1191 Τίς
1635 1160 1686 1186 οὑκ
1712 1159 1853 1191 αίνέσειε;

1059 1209 1103 1240 τίς
1115 1208 1146 1234 οὐ
1161 1208 1318 1241 δοξάσειεν;
1336 1206 1467 1242 Ἀνατολὴ
1479 1206 1584 1242 ἥδεται,
1599 1205 1680 1237 Δύσις
1703 1204 1854 1240 εὐφραίνε-

1060 1263 1123 1281 ται·
1147 1254 1223 1281 πᾶσα
1259 1253 1408 1289 Ἐκκλησία
1436 1253 1487 1288 τῆς
1506 1252 1715 1288 τετραπεράτου
1734 1251 1855 1282 κτίσεως

1062 1300 1220 1334 ἀγάλλεται.
1239 1300 1295 1326 Καὶ
1314 1299 1341 1326 τί
1358 1299 1430 1333 λέγω
1447 1299 1492 1326 τὸν
1516 1298 1658 1333 περίγειον
1675 1297 1798 1332 κόσμον;
1822 1297 1854 1323 '0

1061 1346 1178 1382 οὐρανὸς
1191 1346 1273 1378 αὐτὸς
1294 1345 1430 1380 θυμηδίας
1446 1344 1626 1379 πεπλήρωται
1640 1351 1646 1357 ·
1664 1343 1704 1370 ὅτι
1723 1343 1754 1369 οὐ
1769 1343 1854 1377 μόνον

1062 1393 1076 1418 ὁ
1093 1392 1242 1426 κορυφαῖος
1262 1391 1316 1417 τῶν
1332 1390 1394 1418 καθ’
1407 1390 1482 1426 ἡμᾶς
1501 1389 1648 1425 ίεραρχῶν,
1671 1389 1798 1424 ἱεράρχαι
1825 1398 1856 1416 τε

1063 1439 1112 1465 καὶ
1137 1439 1231 1473 ἱερεῖς,
1246 1437 1436 1473 καθηγεμόνες
1447 1445 1477 1463 τε
1496 1436 1544 1463 καὶ
1562 1435 1701 1471 φοιτηταὶ,
1717 1435 1787 1462 ἀλλὰ
1808 1436 1857 1462 καὶ

1066 1483 1231 1520 μονάζουσαι
1251 1485 1300 1510 σὺν
1321 1483 1521 1519 προεστώσαις,
1536 1482 1638 1509 εἴλοντο
1658 1482 1692 1508 τὰ
1713 1482 1764 1516 τῆς
1782 1489 1857 1517 μαρ-

1064 1530 1161 1566 τυρίας
1178 1530 1339 1564 σκάμματα.
1367 1529 1420 1555 Ἐὦ
1430 1528 1522 1563 λέγειν
1536 1528 1601 1559 τοὺς
1614 1528 1643 1554 ἐν
1657 1527 1790 1563 ἐρημίαις
1807 1527 1859 1553 καὶ

1066 1576 1152 1611 ὖρεσι,
1171 1576 1219 1602 καὶ
1236 1574 1391 1609 σπηλαίοις,
1413 1575 1460 1602 καὶ
1487 1575 1549 1605 ταῖς
1567 1575 1648 1605 ὀπαῖς
1663 1574 1723 1609 ςτῆς
1745 1574 1808 1608 γῆς,
1826 1574 1859 1599 ἐκ

1068 1621 1218 1656 φυγαδείας
1245 1621 1430 1656 Ολιϐομὲνους,
1455 1620 1682 1655 ὐστερουμένους,
1705 1627 1859 1654 κακουχου-

1070 1668 1168 1702 μένους
1185 1667 1228 1694 διὰ
1244 1668 1289 1693 τὸν
1304 1667 1374 1702 ὑπὲρ
1389 1666 1508 1702 Χριστοῦ
1520 1666 1651 1700 διωγμόν.
1662 1665 1783 1697 Εἰκότως
1798 1665 1860 1697 οὖν,

1068 1712 1195 1747 ἀδελφοί
1214 1721 1273 1747 μου
1290 1712 1475 1747 ἠγαπημένοι
1497 1711 1547 1738 καὶ
1571 1711 1756 1745 ἐπιπόθητοι,
1782 1711 1863 1745 χαρὰ

1069 1758 1120 1785 καί
1137 1758 1290 1793 στέφανός
1301 1767 1371 1793 μου,
1387 1758 1475 1794 χαίρω
1493 1757 1542 1784 καὶ
1568 1756 1710 1791 συγχαίρω
1724 1756 1792 1791 ὑμῖν
1805 1764 1812 1771 ·
1831 1757 1862 1782 το

1069 1803 1092 1830 δ’
1105 1803 1225 1830 αὐτὸκαὶ
1233 1804 1312 1838 ὑμεῖς
1321 1803 1431 1839 χαίρετε
1446 1803 1492 1830 καὶ
1502 1802 1666 1837 συγχαίρετέ
1680 1811 1735 1836 μοι.
1751 1801 1862 1828 Παύλου

1072 1849 1122 1885 μὲν
1133 1849 1180 1875 τοῦ
1194 1849 1332 1885 μακαρίου
1347 1850 1374 1876 αἱ
1384 1849 1472 1884 φωναί
1482 1857 1488 1863 ·
1500 1847 1540 1883 τῷ
1549 1847 1636 1882 καιρῷ
1646 1847 1676 1874 δὲ
1686 1847 1862 1882 πρέπουσαι·

1077 1895 1199 1929 Ἐπειδὴ
1214 1897 1258 1928 είς
1281 1895 1431 1929 ἡμετέραν
1453 1894 1618 1922 νουθεσίαν
1638 1892 1737 1920 πάντα
1755 1893 1864 1927 γέγρα-

1071 1949 1142 1968 πται
1155 1948 1163 1956 ·
1178 1941 1226 1968 καὶ
1238 1941 1361 1976 μιμητὰς
1375 1939 1457 1967 αὑτοῦ
1478 1939 1623 1974 ἐκλιπαρεῖ
1637 1938 1761 1973 γίνεσοαι
1777 1939 1865 1973 ἡμᾶς.

1072 1988 1185 2024 Πρῶτον
1210 1987 1260 2023 μὲν
1289 1988 1378 2013 ἐκεῖνο
1403 1986 1502 2022 ἀληθὲς
1521 1986 1626 2012 εἰπεῖν·
1654 1985 1695 2012 ὅτι
1726 1985 1776 2020 οὐχ
1801 1985 1866 2011 ὅσον

1073 2034 1268 2070 προαιροῦνται
1283 2035 1330 2062 καὶ
1347 2033 1488 2069 βούλονται
1502 2034 1527 2060 oi
1541 2031 1690 2063 κακοῦντες
1703 2033 1791 2067 ἡμᾶς,
1803 2033 1867 2063 ταῖς

1073 2081 1180 2115 ολίιῐρτεσι
1194 2081 1242 2107 καὶ
1259 2080 1436 2116 περιστάσεσι
1460 2078 1674 2114 παραδιδόμεθα.
1705 2077 1786 2104 Οὕτω
1807 2078 1867 2111 γὰρ

1074 2126 1107 2153 ἂν
1122 2126 1284 2156 ὰνύποιστος
1308 2123 1341 2160 ἦν
1366 2125 1383 2159 ἡ
1399 2125 1484 2159 πεῖρα.
1496 2133 1503 2139 ·
1518 2122 1590 2150 καθὰ
1607 2123 1655 2149 κα)¹
1683 2122 1700 2156 ἡ
1712 2120 1790 2155 παρὰ
1810 2120 1869 2146 τῶν

1073 2173 1210 2208 δαιμόνων
1223 2172 1346 2207 ἀοράτως
1359 2171 1426 2206 ἡμῖν
1446 2167 1656 2204 προσϐάλλουσα
1666 2176 1673 2183 ⁸
1709 2166 1781 2193 ἀλλὰ
1797 2165 1869 2192 καϐ-

1075 2219 1137 2246 όσον
1152 2218 1313 2254 παραχωρεῖ
1336 2218 1350 2243 ὁ
1374 2214 1552 2250 ἀγωνοθετῶν
1569 2215 1617 2241 καὶ
1637 2212 1778 2240 συναολῶν
1798 2212 1870 2246 ἡμῖν

233 2265 260 2288 et
276 2261 412 2295 particeps
437 2259 579 2287 nobiscum
599 2259 738 2294 Christus,
762 2261 807 2294 qui
824 2269 874 2294 pro
891 2262 1014 2297 cujusqm

1078 2264 1206 2300 Χριστὸς,
1222 2263 1314 2298 μέτρῳ
1327 2262 1375 2289 καὶ
1386 2260 1501 2296 σταθμῷ
1514 2260 1566 2295 τῆς
1578 2260 1696 2286 ἑκάστου
1711 2257 1871 2292 δυνάμεως,

234 2306 336 2334 virium
353 2307 464 2335 modulo
487 2313 520 2334 ac
545 2314 686 2341 mensura,
709 2307 784 2342 justo
802 2307 906 2342 judicio
921 2316 1023 2343 agones

235 2351 368 2381 immittit.
395 2351 437 2378 vel
463 2351 496 2378 ad
520 2351 682 2378 delictorum
708 2351 868 2385 vindictam,
896 2352 918 2379 si
943 2352 1024 2379 modo

235 2402 333 2432 sponte
354 2398 387 2424 ad
407 2397 564 2432 patiendum
581 2397 748 2431 accedimus,
765 2398 807 2425 vel
821 2398 854 2425 ad
873 2398 1026 2426 victricium

236 2451 400 2472 coronarum
416 2444 635 2477 retributionem,
651 2453 667 2472 e
681 2445 768 2480 gloria
788 2445 814 2472 in
832 2445 945 2480 glm'iam
963 2452 1028 2480 pro-

238 2494 435 2528 gredientibus.
458 2493 515 2520 Non
531 2494 604 2521 enim
622 2494 648 2520 in
668 2494 764 2521 iisdem
781 2502 842 2526 nos,
859 2494 959 2528 quibus
977 2494 1029 2521 Pe-

239 2545 298 2566 trus
317 2543 345 2566 et
371 2538 473 2566 Paulus
498 2547 560 2566 cum
584 2539 750 2574 aequalibus,
777 2544 825 2566 aut
847 2539 981 2574 Georgius
1004 2544 1032 2566 et

238 2584 401 2613 Theodorus
417 2593 479 2613 cum
497 2585 619 2621 ejusdem
634 2585 727 2620 gloria:
750 2585 843 2617 sociis,
868 2589 916 2612 aut
930 2585 1031 2613 Thecla

240 2635 268 2658 ct
283 2631 418 2658 l‘ebronia
432 2639 494 2658 cu-u
508 2631 631 2666 paribus,
647 2630 737 2658 aliecti
760 2631 903 2658 tormentis
917 2631 1031 2663 fuimus.

240 2677 268 2704 in
296 2677 408 2712 quibus,
435 2685 496 2704 cum
524 2677 640 2703 multum
666 2676 826 2710 diligerent,
855 2678 1032 2712 proportione

240 2722 414 2749 abundarunt
431 2726 457 2748 et
471 2721 571 2748 Christi
589 2727 726 2748 concessae
746 2721 898 2755 passiones.
918 2722 952 2749 At
971 2722 1033 2757 qui-

241 2768 294 2796 bus
310 2768 408 2803 exigua
423 2771 466 2795 est
479 2767 616 2800 charitas,
630 2766 664 2794 iis
677 2767 785 2794 minora
799 2767 881 2795 etiam
894 2769 950 2803 pali
969 2776 1033 2797 con-

278 2834 300 2850 "
323 2835 422 2869 Philip.
447 2841 484 2866 Iv,
501 2835 525 2862 ι.
565 2834 588 2850 ’³
609 2834 687 2863 Rom.
706 2843 750 2867 xv.
775 2835 797 2862 ι.

277 2890 315 2926 (⁸η
330 2890 492 2926 Dogmatica.

1077 2312 1107 2338 ὲν
1122 2310 1214 2345 κρίσει
1231 2309 1324 2344 δικαίᾳ
1336 2308 1401 2339 τοὺς
1417 2306 1526 2341 ἀγῶνας
1547 2306 1675 2340 ἐπαφεὶς,
1697 2304 1713 2339 ἢ
1729 2303 1771 2335 εἰς
1793 2302 1872 2329 Exst-

1079 2365 1122 2383 σιν
1136 2355 1280 2391 ἁμαρτιῶν
1295 2364 1301 2369 ·
1317 2356 1341 2380 εἰ
1361 2355 1408 2380 καὶ
1432 2351 1606 2387 αὐθαιρέτως
1631 2351 1736 2386 ἥκομεν
1759 2349 1829 2384 πρὸς
1840 2349 1874 2375 τὸ

1079 2401 1242 2437 πάσχειν·ῆ
1260 2401 1306 2426 ἐπὶ
1330 2398 1471 2433 στεφάνων
1494 2396 1684 2432 ἀθλοφορικῶν
1704 2394 1824 2430 ἀμοιῦὴν
1840 2395 1876 2420 ὲκ

1080 2449 1158 2481 δόξης
1175 2449 1216 2478 εἷς
1233 2446 1313 2479 δόξαν
1328 2444 1553 2481 προερχομένοις.
1576 2442 1622 2477 Μὴ
1637 2441 1692 2476 γὰρ
1706 2440 1744 2471 ὡς
1768 2439 1876 2474 Πέτρος

1082 2495 1098 2530 ἢ
1115 2494 1220 2525 Παῦλος
1237 2493 1285 2519 σὺν
1299 2493 1356 2523 τοῖς
1369 2489 1544 2525 ὁμοταγέσιν,
1556 2488 1573 2523 ἢ
1588 2487 1727 2522 Γεώργιος
1742 2485 1790 2511 καὶ
1805 2485 1876 2511 Θεό-

1079 2541 1165 2575 δωρος
1177 2540 1225 2565 σὺν
1239 2539 1296 2569 τοῖς
1309 2536 1480 2572 ὁμοκλεέσιν,
1509 2535 1526 2569 ἦ
1553 2533 1643 2559 Θέκλα
1660 2531 1709 2558 καὶ
1730 2530 1876 2565 Φεϐρωνία

1082 2587 1130 2613 σὺν
1142 2587 1202 2617 ταῖς
1211 2583 1360 2619 ὁμοδόξοις,
1371 2579 1595 2617 βεϐασανίσμεοα
1607 2586 1614 2593 ο
1626 2575 1667 2609 οἷς
1681 2576 1748 2603 πολὺ
1762 2577 1878 2611 ἀγαπή-

1083 2640 1162 2658 σασιν
1176 2630 1318 2664 ἀναλόγως
1333 2628 1514 2663 περιέσσευσε
1531 2626 1580 2652 καὶ
1593 2624 1626 2651 τὰ
1641 2622 1761 2659 Χριστοῦ
1781 2622 1877 2656 παθή-

1085 2685 1158 2713 ματα
1172 2675 1358 2710 δεδωρημένα.
1372 2670 1421 2704 Οἷς
1431 2673 1458 2699 δὲ
1472 2672 1502 2698 τὸ
1514 2671 1565 2706 τῆς
1581 2669 1755 2704 ἀγαπήσεως.
1771 2667 1878 2701 ὀλίγον,

1084 2723 1256 2758 ἐνδεέστερον
1281 2721 1329 2747 καὶ
1345 2719 1376 2746 τὸ
1404 2719 1520 2753 πάσχειν
1535 2725 1542 2733 ·
1565 2715 1637 2743 ὥστε
1663 2712 1810 2740 λυπεῖσθαι
1829 2713 1880 2758 καὶ

1084 2769 1240 2805 δυσφορεῖν,
1261 2768 1303 2795 ὄτι
1321 2766 1359 2802 μὴ
1374 2765 1460 2792 πολλὰ
1476 2762 1650 2796 πανοάνομεν
1660 2768 1667 2776 ·
1685 2759 1736 2786 οὐκ
1751 2757 1880 2786 ἀλλοιοῦ-

1091 2897 1113 2908 ι
