1923 3078
54 155 121 190 1181

655 158 926 189 EPISTOLARUM
944 160 1017 189 LIB-
1038 160 1079 189 ΙΙ.

1616 160 1687 194 1182

50 215 113 241 σθαι
131 214 188 241 δεῖν
201 213 249 241 καὶ
271 212 442 248 ἀποκάμνειν
456 214 486 241 ἐν
497 211 540 246 οἷς
562 214 683 249 μετρίως
699 215 781 250 ἐσμὲν
797 223 839 242 τι·

901 216 1015 258 :editur;
1044 220 1073 243 ut
1088 215 1182 243 dolere
1209 218 1291 250 atque
1316 222 1387 250 aegre
1409 214 1481 242 ferre
1503 216 1576 250 quod
1600 218 1685 244 multa

51 259 145 295 μωρού
149 267 225 294 μενοι
230 279 237 286 .

83 348 116 374 El
138 347 168 373 δὲ
189 347 355 381 ἐκπέσοιμεν
368 353 375 362 ”
399 346 469 381 ὅπερ
483 346 567 382 ἀπείη
594 347 642 373 καὶ
665 347 765 374 ἐννοεῖν
778 355 785 364 ’
811 348 842 374 οὺ

49 393 126 428 παρὰ
142 393 192 428 τὴν
208 392 349 429 θεόκριτον
363 392 473 427 ἐπαφήν
485 400 492 408 ’
512 393 587 427 παρὰ
606 393 634 419 δὲ
651 393 702 428 τὴν
726 393 774 420 τοῦ
791 402 841 419 κα.-

52 438 304 473 ταμαλακισθέντος
318 438 440 470 ἀτονίαν,
451 438 498 464 καὶ
514 438 661 474 ἀκαρδίαν,
675 439 722 465 καὶ
735 439 840 466 ἀθεῖαν.

56 484 85 510 '0
102 485 154 519 μὲν
164 484 219 518 γὰρ
229 484 328 510 δέδωκε
340 484 372 510 τὸ
385 484 489 519 ἰσχύειν
502 484 573 510 κατὰ
582 485 629 511 τοῦ
643 485 763 520 πονηροῦ
775 486 844 520 κρά-

51 538 129 562 τους·
141 530 291 566 νικηφόρον
308 530 472 566 βουλόμενος
485 531 532 557 τὸν
546 531 702 566 ἀγωνιστὴν
714 531 824 557 ἔσεσθαι
834 539 840 546 ·

51 577 64 602 6
80 576 108 602 δὲ
124 576 257 611 ὀλιγωρίᾳ
274 576 355 612 ῥίψας
368 575 403 602 τὰ
417 576 466 611 τῆς
483 576 625 611 ὑπομονῆς
648 576 718 603 ὅπλα
739 576 842 603 ὤλετο.

52 622 165 656 Μάρτυς
180 621 227 648 τοῦ
254 621 334 655 λόγου
360 621 374 647 6
399 622 510 656 κράζων
521 629 527 636 ·
543 621 655 654 Πιστὸς
678 623 695 648 ὁ
711 621 793 654 Θεὸς,
810 621 844 654 ὃς

53 669 107 693 οὐκ
123 666 206 693 ἐάσει
220 666 298 700 ὑμᾶς
318 665 520 700 πειρασθῆναι
545 665 622 700 ὑπὲρ
648 665 664 692 ὃ
690 665 842 692 δύνασθεο

53 713 133 739 ἀλλὰ
146 711 268 746 ποιήσει
287 711 349 738 σὺν
365 710 405 743 τῷ
414 711 569 745 πεφασμῷ
581 711 630 737 καὶ
646 711 703 744 τὴν
717 711 844 737 ἔκϐασιν

53 758 106 785 τοῦ
133 757 282 785 δύνασθαι
301 757 379 791 ὑμᾶς
394 757 584 791 ὑπενεγκεῖν.
598 754 662 783 Ὧδε
675 757 692 792 ἡ
708 757 842 792 ὑπομονὴ,

53 803 162 838 ἀδελφοί
175 811 182 818 ο
201 800 251 830 ὦδε
263 804 287 829 οξ
301 803 444 829 θεόπ).οκοι
467 803 596 837 στέφανοι
611 803 661 837 τῆς
686 802 842 833 εὐπιστὶας.

54 849 98 884 Μὴ
111 846 158 876 οὖν
181 848 410 884 ὲπαιοχυνθῶμεν
432 849 462 874 τὺ
489 848 641 883 μαρτύριον
670 847 717 874 τοῦ
739 847 843 883 Κυρίου

54 895 132 929 ἡμῶν
145 902 152 908 '
173 894 241 929 μηδὲ
256 894 466 928 ἀπολειφθῶμεν
480 894 610 920 Θαδδαίω
629 893 676 920 τοῦ
702 893 843 920 νεολέκτου

56 941 204 974 μάρτυρος,
219 939 332 966 καὶτῶν
348 939 636 974 συνομολογησάντων,
655 940 702 967 καὶ
716 939 844 974 συνεκδη-

56 986 202 1020 μησάντων
225 985 314 1012 ὀπίσω
336 986 433 1012 αὑτοῦ·
452 982 490 1012 ὧν
512 986 569 1012 ίστε
596 985 628 1020 δὴ
652 986 685 1012 τὰ
709 986 842 1021 ὀνόματα.

54 1031 157 1064 Αῖματι
174 1031 321 1065 μαρτύρων
336 1030 455 1066 ἡρδεύθη
471 1031 519 1057 καὶ
533 1031 581 1058 νῦν
596 1032 612 1066 ἡ
635 1031 783 1066 Ἐκκλησία
796 1032 844 1058 τοῦ

55 1078 121 1104 Θεοῦ
132 1086 139 1094 ·
156 1078 220 1104 ἐπεὶ
235 1078 282 1104 καὶ
296 1078 439 1113 ἀρδεύεται
451 1078 494 1104 διὰ
505 1077 560 1105 τῶν
578 1078 618 1104 ἔτι
631 1078 786 1105 ἀθλούντων
799 1079 845 1105 καὶ

54 1123 232 1158 πολυτρόπως
250 1123 455 1158 ὲκπιεζομένων
468 1125 527 1155 ταῖς
548 1123 681 1158 θλίψεσιν.
707 1122 782 1158 Αἷμα
798 1133 843 1151 κε-

54 1170 96 1194 νοῖ
108 1171 122 1195 6
135 1169 344 1204 καθειργμένος,
363 1170 376 1196 ὁ
398 1170 603 1205 μεμονωμένος,
620 1171 635 1196 ὁ
660 1171 845 1205 στενοχωρού-

56 1222 148 1248 μενος,
160 1215 175 1240 6
187 1215 403 1250 ἀφηρπασμένος
419 1216 450 1241 ὲκ
462 1215 563 1247 παντὸς
574 1213 730 1250 προσώπου,
740 1218 754 1242 6
766 1217 844 1242 ὑστε-

55 1259 188 1295 ρούμενος
203 1260 258 1287 τῶν
273 1262 344 1287 κατὰ
361 1262 467 1296 χρείαν,
484 1263 498 1288 6
513 1261 626 1293 πεινῶν,
636 1263 650 1288 6
665 1262 761 1296 διψῶν,
775 1264 788 1289 ὀ
806 1262 845 1297 μὴ

53 1306 103 1340 τὴν
119 1307 167 1332 τοῦ
183 1306 258 1341 ἡλίου
276 1307 373 1334 ἀκτῖνα
393 1306 536 1342 δεχόμενος
547 1327 554 1339 ,
584 1307 747 1342 καθημέραν
775 1308 844 1334 ἀπο-

55 1350 193 1384 θνήσκων,
208 1350 245 1381 ὼς
252 1350 301 1385 βοᾷ
309 1351 425 1384 Παῦλος,
441 1352 486 1377 καὶ
500 1351 565 1386 ὅλην
576 1352 626 1386 τὴν
639 1351 745 1386 ἡμέραν
756 1351 841 1378 θανα-

53 1397 197 1430 τούμενος,
211 1396 249 1427 ὡς
264 1397 322 1432 ᾀδει
335 1397 430 1424 Δαῦίδ.
449 1396 519 1423 Ἀλλ’
529 1398 555 1423 εί
571 1397 778 1431 ἀποθάνωμεν,
795 1398 844 1424 καί

54 1439 230 1475 συνζήσομεν
247 1442 363 1475 Χριστῷ
377 1450 383 1457 ·
411 1443 436 1468 εί
453 1442 672 1476 ὑπομείνωμεν,
698 1443 746 1468 καί
765 1450 845 1476 συμ-

55 1486 280 1521 ϐασιλέυσομεν
287 1486 376 1519 αὐτῷ.
394 1487 438 1513 Ἐν
447 1488 504 1518 τοῖς
516 1487 572 1513 ἄνω
587 1487 693 1522 χρόνοις
705 1487 845 1520 ἐξελέξατο

895 269 950 288 non
968 262 1098 296 patimur,
1115 268 1170 288 non
1185 260 1290 287 turbari
1307 268 1357 288 nos
1373 261 1477 294 deceat,
1494 268 1583 296 neque
1597 261 1685 297 frangi

895 306 929 333 ob
943 305 1090 333 mediocria
1109 305 1165 333 haec
1179 304 1312 340 supplicia
1330 312 1391 339 quae
1405 305 1583 332 sustinemus.

930 353 1007 386 Quod
1023 353 1046 380 si
1069 352 1262 384 ceciderimus,
1289 351 1360 385 quod
1386 351 1458 378 absit
1478 351 1519 378 vel
1542 351 1683 385 cogitaret

894 407 949 426 non
964 399 996 425 ad
1011 399 1135 425 divinum
1153 397 1311 432 impulsum,
1328 397 1375 424 sed
1392 397 1425 423 ad
1442 396 1503 430 ejus
1529 397 1576 430 qui
1598 396 1686 424 factus

894 449 935 472 est
957 445 1161 476 remissionem,
1182 448 1209 471 et
1230 443 1379 478 ignaviam.
1401 442 1625 476 impietatemque
1643 450 1686 469 re-

896 489 1051 516 ferendum.
1070 489 1142 516 Deus
1152 489 1225 516 enim
1239 489 1313 516 rires
1326 489 1400 516 dedit
1411 487 1544 515 adversus
1555 488 1687 515 daemonis

895 535 1064 569 potentiam,
1094 534 1226 561 victorem
1254 533 1350 560 volens
1375 533 1508 559 athletam
1533 532 1590 558 fieri
1611 541 1618 558 :
1643 532 1687 559 hic

896 589 961 608 vero
987 580 1151 615 negligentia
1177 587 1244 612 sua,
1268 579 1409 614 patientia:
1435 586 1513 606 artua
1536 578 1688 612 projiciens

896 626 988 660 periit.
1007 625 1096 652 Testis
1109 625 1206 652 horum
1223 625 1270 659 qui
1287 624 1387 651 clamat
1403 634 1410 651 :
1430 624 1533 651 Fidelis
1547 623 1686 658 Deus,qni

895 679 946 698 nou
962 672 1077 705 patietur
1092 678 1135 697 vos
1151 671 1252 697 tentari
1267 677 1349 705 supra
1368 670 1395 697 id
1410 670 1482 705 quod
1498 670 1626 704 potestis;
1642 669 1686 696 sed

895 716 976 751 faciet
992 724 1052 743 cum
1077 717 1220 743 tentatione
1241 722 1407 750 proventum,
1427 721 1455 743 ut
1472 717 1580 751 possitis
1605 717 1687 742 susti-

895 762 996 788 nere".
1018 761 1079 793 Hic,
1098 761 1208 794 fratres,
1233 761 1363 796 patientia
1378 770 1386 795 ;
1405 762 1448 789 hic
1461 769 1522 796 qua:
1536 769 1551 788 a
1569 761 1621 788 Deo
1639 769 1687 788 ue-

895 811 1008 835 ctuntur
1024 807 1085 834 fidei
1102 814 1221 834 coronae.
1237 806 1276 834 Ne
1290 807 1375 842 igitur
1394 807 1592 834 erubescamus
1611 808 1687 834 testi-

895 853 1018 880 monium
1036 853 1143 879 Domini
1169 853 1267 886 nostri,
1299 860 1350 879 nec
1365 853 1436 880 vinci
1452 861 1502 880 nos
1519 853 1653 887 patiamur
1671 860 1687 879 a

896 899 1034 926 Thadtlaao
1050 898 1152 926 recenti
1171 903 1302 934 martyre,
1326 899 1415 933 iisque
1431 899 1476 933 qui
1499 907 1552 926 una
1569 898 1687 927 confessi

895 949 958 980 post
977 952 1040 971 eutn
1066 944 1212 971 abierunt:
1227 952 1345 977 quorum
1368 944 1419 979 ipsi
1444 944 1555 971 nomina
1577 945 1686 972 tenetis.

897 990 1045 1026 Martyrum
1060 989 1194 1024 sanguine
1211 989 1323 1024 irrigata
1341 990 1491 1016 etiamnum
1507 994 1549 1016 est
1568 989 1688 1016 Ecclesia

897 1035 944 1062 Dei
962 1045 969 1063 :
988 1040 1070 1069 atque
1083 1035 1151 1062 adeo
1169 1035 1297 1070 irrigatur
1311 1042 1359 1070 per
1372 1042 1420 1062 eos
1432 1035 1478 1069 qui
1494 1034 1583 1062 adhuc
1596 1034 1689 1061 decer-

896 1084 964 1113 tant,
994 1085 1022 1107 et
1048 1080 1132 1107 variis
1161 1080 1291 1107 arumnis
1319 1079 1494 1107 afﬂicta-itur.
1522 1079 1688 1113 Sanguinem

897 1126 987 1153 fundit
1006 1126 1054 1160 qui
1071 1125 1195 1153 inclusus
1216 1129 1336 1157 tenetur,
1350 1125 1398 1160 qui
1419 1125 1453 1152 ab
1472 1125 1533 1151 aliis
1547 1125 1689 1158 seiunctus

895 1177 947 1203 est,
960 1172 1005 1206 qui
1021 1171 1048 1198 in
1062 1171 1197 1206 angustiis
1211 1171 1328 1206 positus,
1343 1171 1390 1206 qui
1406 1171 1440 1198 ab
1453 1171 1527 1198 omni
1540 1176 1689 1205 conspectu

896 1222 1036 1248 remotus,
1062 1218 1109 1252 qui
1148 1218 1231 1244 rebus
1249 1217 1411 1244 necessariis
1436 1216 1604 1250 destitutus,
1640 1217 1687 1250 qui

896 1265 994 1297 esurit,
1010 1263 1055 1299 qui
1079 1263 1148 1296 sitit,
1164 1264 1210 1298 qui
1229 1263 1296 1291 solis
1312 1263 1418 1290 radium
1444 1270 1498 1289 non
1516 1262 1602 1294 videt,
1621 1270 1690 1296 quo-

897 1311 962 1338 tidie
984 1310 1122 1343 moriens,
1148 1314 1178 1336 ut
1203 1310 1324 1344 loquitur
1348 1309 1492 1341 Paulus",
1516 1314 1544 1335 et
1566 1313 1620 1335 tota
1647 1308 1690 1335 die

897 1356 1089 1388 mortificatus,
1111 1361 1139 1383 ut
1162 1355 1236 1382 canit
1263 1355 1346 1382 David
1362 1355 1395 1381 δι.
1422 1354 1474 1382 Sed
1488 1355 1512 1381 si
1532 1354 1690 1381 commortui

896 1402 1007 1434 erimus,
1035 1406 1060 1428 et
1084 1401 1249 1428 convivemus
1278 1400 1407 1428 Christo:
1424 1400 1447 1427 si
1473 1399 1689 1431 sustinuerimus,

897 1451 922 1472 et
954 1446 1218 1481 conregnabimus".
1249 1446 1442 1480 Superioribus
1467 1445 1576 1472 saeculis
1611 1444 1691 1479 elegit

898 1493 986 1527 gratia
1012 1500 1083 1526 quos
1108 1493 1190 1527 elegit
1218 1492 1252 1519 ad
1277 1492 1379 1519 Christi
1412 1491 1611 1519 testimonium.
1638 1490 1692 1517 Per

55 1534 73 1568 ἡ
87 1533 169 1567 χάρις
191 1532 238 1564 οὓς
263 1532 406 1566 ἐξελέξατο
427 1534 467 1564 εἰς
482 1533 512 1559 τὸ
533 1532 655 1567 Χριστοῦ
684 1532 844 1567 μαρτύριον.

901 1542 996 1565 aetates
1012 1538 1134 1572 singulas
1150 1537 1313 1564 exoriuntur
1329 1542 1473 1572 martyres.
1491 1536 1606 1563 Necesse
1622 1536 1691 1563 enim

56 1579 136 1605 Κατὰ
145 1579 242 1613 γενεὰν
253 1578 400 1612 καὶγενεὰν
407 1578 546 1613 ἀνίσχουσι
556 1578 706 1612 μάρτυρες.
715 1578 846 1613 Ἀνάγκη

57 1625 113 1658 γὰρ
128 1624 230 1650 ἐλθεῖν
243 1623 278 1650 τὰ
294 1623 470 1650 σκάνδαλαθ
488 1622 606 1657 Χριστὸς
622 1622 723 1657 ἔφησεν
734 1631 740 1638 ·
766 1624 810 1650 ἵνα
823 1625 847 1650 οι

58 1670 181 1696 ἐκλεκτοὶ
197 1670 340 1705 λὰμψωσιν
353 1669 493 1705 ἡλιοειδῶς
501 1678 508 1685 ·
522 1669 569 1695 καὶ
581 1668 616 1695 τὰ
625 1668 732 1701 ζιζάνια
743 1670 848 1705 φανερὰ

58 1715 172 1750 γένηται
188 1716 361 1747 νυκτοειδῶς.

93 1760 258 1796 Γενοίμεθα,
271 1758 293 1788 ὦ
310 1762 431 1797 ἀδελφοὶ,
449 1764 478 1790 ἐν
494 1764 526 1798 τῇ
540 1764 622 1799 γενεᾷ
636 1763 723 1799 ταύτῃ
734 1763 767 1798 τῇ
784 1770 848 1789 σκο-

59 1806 103 1842 λιᾷ
117 1807 166 1834 καὶ
180 1807 396 1846 διεστραμμένη,
416 1809 454 1841 ὡς
470 1812 614 1845 φωστῆρες
638 1809 806 1844 αὺγάζοντες
819 1809 849 1834 ὲν

60 1854 216 1890 σκοτομήνῃ
243 1855 293 1890 τῆς
317 1856 451 1890 αίρέσεως
470 1864 477 1872 '
498 1856 571 1883 καθὰ
601 1857 677 1891 ἡμᾶς
706 1855 849 1889 ἐξελέξατο

60 1899 179 1934 Χριστὸς
205 1901 246 1932 είς
269 1901 400 1936 καύχημα
416 1902 499 1928 αὐτοῦ
515 1903 555 1934 είς
579 1903 657 1934 κλέος
683 1901 849 1937 ὸρθοδοξίας.

66 1945 110 1977 Ὠς
125 1947 193 1980 ἡμῖν
218 1947 243 1972 οἱ
258 1947 401 1979 ἀνέκαθεν,
417 1947 503 1979 οὕτως
518 1949 599 1983 ἡμετς
614 1950 670 1979 τοῖς
701 1948 850 1983 μετέπειτα

60 1992 215 2026 στηριγμὺς
229 1993 277 2019 καὶ
291 1993 474 2028 ὑπογραμμδς
491 1993 718 2028 ὐποδειχθείημεν
728 2001 735 2010 ⁸
753 1994 800 2020 καὶ¹
811 1995 852 2025 εἰς

59 2038 170 2073 ἡμέραν
189 2038 309 2074 Χριστοῦ
325 2039 502 2075 εὑρεθείημεν
528 2041 700 2074 χορεύοντες.
721 2039 851 2072 Καίτοιγε

61 2083 119 2108 τῶν
130 2084 272 2118 προσεχῶν
287 2085 367 2119 ἡμεῖς
380 2084 480 2119 μᾶλλον
496 2085 687 2120 φανερώτερον
700 2084 730 2111 τὸ
747 2084 851 2119 μαρτύ-

65 2137 124 2164 ριον
137 2128 247 2164 ἔχομεν.
261 2130 328 2156 Οὐδὲ
348 2130 402 2165 γὰρ
417 2131 481 2165 περὶ
498 2130 551 2157 τῶν
568 2131 596 2156 ὲν
614 2130 726 2165 Χριστῷ
742 2130 850 2164 φύσεων

65 2175 82 2209 ἢ
92 2174 265 2210 θελημάτων,
280 2176 327 2201 καὶ
336 2176 387 2203 ὅσα
398 2175 467 2211 πρὸς
475 2175 580 2207 τούτοις
591 2176 766 2210 ἀμφισὸητού
772 2183 850 2210 μενα·

900 1588 980 1610 estut
1001 1583 1106 1610 veniant
1126 1583 1269 1616 scandala,
1288 1583 1358 1610 dixit
1380 1583 1561 1610 Christus":
1580 1588 1609 1610 ut
1626 1583 1692 1611 solis

901 1629 954 1656 ritu
974 1629 1137 1663 splendeaut
1152 1629 1243 1660 electi,
1261 1633 1288 1657 et
1307 1629 1413 1656 zizania
1427 1633 1560 1656 nocturna
1577 1637 1626 1657 sua
1641 1629 1692 1657 ob-

902 1674 1033 1703 scuritate
1051 1674 1195 1701 manifesta
1215 1675 1291 1702 (iant.
1312 1671 1321 1677 ’

939 1762 1042 1794 Simus,
1062 1761 1173 1794 fratres,
1187 1762 1213 1788 in
1228 1762 1338 1789 natione
1353 1762 1404 1789 hac
1420 1769 1501 1796 prava
1516 1766 1542 1789 et
1556 1768 1692 1796 perversa,

903 1812 1033 1843 tanquam
1047 1809 1132 1835 stella:
1147 1809 1269 1836 lucentes
1283 1809 1309 1835 in
1324 1808 1444 1836 tenebris
1460 1808 1607 1838 lncrescos,
1623 1807 1694 1834 sicut

902 1855 982 1890 elegit
1008 1863 1058 1882 nos
1073 1855 1199 1882 Christus
1223 1855 1250 1881 in
1275 1855 1390 1889 gloriam
1416 1848 1514 1885 suam:
1529 1853 1562 1880 ad
1585 1853 1692 1880 laudem

904 1902 966 1929 fidei
979 1902 1149 1929 orthodoxae.
1171 1901 1411 1934 Quemadmodum
1436 1900 1516 1927 nobis
1535 1900 1552 1926 ii
1567 1900 1614 1934 qui
1628 1899 1694 1926 olim

904 1947 1033 1980 fuerunt,
1071 1947 1109 1974 ita
1141 1954 1191 1974 nos
1220 1946 1338 1981 posteris
1380 1945 1585 1976 stabilimenta,
1612 1948 1695 1978 atque

908 1993 1035 2027 exetuplo
1054 1992 1161 2019 simus:
1178 1996 1207 2018 ut
1228 1993 1254 2018 iu
1272 1991 1316 2018 die
1333 1991 1436 2018 Christi
1459 1990 1626 2017 exsultantes
1648 1996 1694 2016 re-

905 2038 1053 2073 periamur.
1071 2037 1103 2064 Et
1120 2045 1184 2064 vero
1203 2037 1304 2063 clarius
1316 2041 1398 2070 atque
1411 2035 1595 2067 manifestius,
1612 2041 1694 2069 quam

906 2083 1025 2118 majores
1047 2083 1146 2114 nostri.
1173 2082 1359 2109 testimonium
1379 2081 1522 2108 habemus.
1548 2079 1606 2107 Non
1621 2079 1694 2107 enim

905 2130 938 2157 de
957 2129 1060 2156 Christi
1085 2129 1209 2160 naturis,
1230 2133 1277 2155 aut
1298 2127 1506 2160 voluntatibus,
1532 2131 1559 2153 et
1584 2125 1692 2153 caeteris

906 2183 966 2209 qua:
989 2175 1015 2200 in
1040 2174 1220 2209 quaestionem
1245 2178 1344 2201 vocata
1370 2173 1503 2205 fuerunt;
1537 2173 1563 2199 in
1592 2172 1694 2207 quibus

61 2217 100 2246 ὧν
116 2221 133 2255 ἡ
156 2221 341 2257 διαμάρτησις
368 2222 440 2248 κατὰ
466 2222 501 2248 τὰ
522 2223 648 2256 νοήματα
670 2219 751 2250 οὖσα,
776 2220 847 2247 οὐδὲν

906 2219 1094 2252 hallucinatio,
1120 2219 1252 2254 quoniam
1279 2219 1306 2245 in
1333 2218 1492 2246 notionibus
1516 2218 1582 2252 ipsis
1606 2217 1695 2251 posita

61 2266 202 2300 αἰσθητῶς
218 2268 332 2302 παρεῖχε
357 2267 407 2302 τὴν
435 2266 589 2300 ἀπόδειξιν·
610 2268 658 2294 νῦν
684 2267 712 2292 δὲ
729 2267 778 2293 σὺν
797 2267 854 2298 τοῖς

60 2312 181 2346 νοήμασι
206 2311 253 2338 καὶ
272 2311 332 2338 κατ’
353 2311 511 2346 ὀφθαλμοὺς
525 2312 556 2338 τὸ
581 2311 853 2347 ἀμφισϐητούμενον,

61 2358 123 2392 ἦτοι
138 2357 333 2392 ἁσεὸούμενον.
346 2358 399 2384 Τὸν
413 2358 467 2393 γὰρ
480 2358 598 2393 Χριστὸν
613 2360 636 2384 οι
651 2358 848 2393 ἀντικείμενοι,

60 2403 92 2429 οὺ
116 2403 196 2437 μόνον
208 2403 258 2429 οὐκ
274 2403 452 2435 είκονίξεσθαι
464 2403 574 2437 λέγουσί
586 2412 615 2429 τε
632 2403 679 2430 καὶ
698 2403 852 2435 λοξονοοῦσι

62 2448 113 2475 σὺν
128 2449 162 2483 τῇ
176 2448 300 2484 Θεοτόκῳ
310 2449 357 2475 καὶ
373 2449 529 2476 οὑτινοσοῦν
540 2450 594 2476 τῶν
610 2449 695 2484 ἁγίων
704 2459 710 2464 ·
725 2449 793 2476 ἀλλὰ
805 2450 852 2476 καὶ

62 2494 309 2528 ἐγγεγραμμένους
329 2495 538 2529 ἐξαφανίζουσι·
563 2495 668 2530 πλάνην
685 2496 732 2522 καὶ
743 2495 855 2530 ὄλεθρον

62 2539 159 2574 ψυχῶν
184 2540 247 2571 τοὺς
265 2539 354 2571 θείους
381 2541 560 2576 χαρακτῆρας
583 2541 802 2576 δογματίζοντες.
819 2542 852 2568 Ὢ

62 2584 114 2619 τῆς
131 2583 282 2618 Ἰουδαϊκῆς
305 2586 352 2611 καὶ
374 2585 532 2620 Ἑλληνικῆς
547 2587 774 2618 ἀντιπεπονθότος
791 2587 853 2613 ἀσε-

63 2629 157 2660 ϐείαςῐ
179 2629 262 2656 Οὐδὲν
279 2627 326 2658 οὖν
341 2631 395 2666 ἄρα
416 2631 446 2657 τὸ
470 2632 586 2658 καθόλου
599 2640 605 2646 ·
626 2632 642 2666 ἦ
660 2632 736 2666 παρὰ
754 2633 785 2658 τὸ
805 2632 856 2666 τῆς

62 2674 162 2705 οὐσίας
188 2675 327 2710 διάφορον,
354 2677 370 2711 ἡ
394 2676 529 2712 ἐξαλλαγὴ
558 2678 586 2704 ὲν
603 2675 626 2711 ᾧ
642 2679 657 2703 6
675 2677 765 2711 λόγος.
785 2678 825 2712 Φὴ
841 2678 855 2704 ὁ

70 2719 200 2751 Ἰουδαῖος
215 2720 274 2755 ἦτοι
284 2721 298 2746 ὸ
311 2720 411 2756 Ἕλλην
426 2721 465 2756 τῷ
478 2721 644 2756 Χριστιανῷ·
660 2722 795 2757 Ἀρνησαι
808 2722 854 2749 τὸν

62 2764 196 2800 Χριστὸν,
211 2765 260 2800 τὴν
278 2765 398 2801 Μαρίαν.
417 2765 503 2792 Τοῦτο
513 2767 560 2793 καὶ
572 2768 587 2793 6
605 2767 800 2804 Εἰκονομὰχος.
821 2767 853 2795 Ἡ

103 2874 128 2890 ¹⁹
150 2874 172 2902 ll
187 2875 289 2910 σοι’-χ,
309 2876 351 2904 18.
391 2877 413 2893 ¹⁰
433 2875 524 2905 lCor.
542 2884 586 2910 xv,
609 2877 653 2906 51.

906 2269 976 2298 erat,
995 2265 1098 2291 nullam
1115 2265 1167 2291 sub
1181 2271 1280 2291 sensus
1304 2263 1570 2291 demonstrationem
1589 2261 1670 2288 dabat
1687 2269 1694 2286 ε

907 2311 954 2338 sed
980 2318 1053 2337 nunc
1081 2310 1115 2337 de
1142 2310 1177 2337 iis
1208 2318 1269 2344 quae
1296 2309 1477 2344 cogitationes
1503 2307 1585 2335 situul
1615 2310 1697 2341 atque

907 2356 1003 2384 oculos
1034 2356 1153 2388 feriunt,
1178 2356 1313 2383 dubitatio
1340 2359 1397 2387 est,
1424 2362 1472 2382 seu
1499 2353 1590 2388 potius
1614 2353 1696 2386 impia

907 2400 1038 2435 negatio:
1055 2399 1195 2427 Christum
1214 2399 1349 2434 siquidem
1367 2398 1516 2426 adversarii
1535 2405 1588 2425 non
1608 2397 1696 2424 solum

906 2447 997 2480 ellingi
1016 2454 1096 2481 posse
1117 2450 1217 2480 negant
1234 2453 1265 2473 ac
1286 2453 1369 2481 prave
1385 2445 1527 2477 sentiunt;
1545 2444 1697 2477 eodemque

907 2494 989 2520 modo
1004 2492 1162 2527 Deiparam,
1189 2498 1272 2527 atque
1295 2496 1406 2519 sanctos
1423 2491 1561 2526 quoslibet
1575 2498 1583 2523 ;
1602 2497 1696 2517 verum

909 2546 1054 2574 expressos
1082 2539 1164 2566 etiam
1193 2539 1316 2571 abolent,
1344 2545 1468 2568 errorem
1494 2544 1525 2563 ac
1548 2536 1697 2570 perniciem

909 2584 1064 2611 animarum
1091 2591 1186 2611 sacras
1213 2584 1347 2618 imagines
1375 2591 1436 2610 esse
1465 2582 1644 2608 afﬁrmantes.
1675 2580 1697 2607 0

908 2630 1048 2658 Iudaicam
1076 2631 1178 2666 pariter
1200 2635 1228 2658 et
1250 2631 1388 2657 ethnicam
1415 2629 1601 2663 impietatem!
1619 2627 1698 2654 Nulla

909 2678 993 2713 igitur
1006 2678 1143 2711 universe,
1162 2681 1209 2704 aut
1223 2677 1312 2711 quoad
1326 2676 1487 2704 substantia:
1503 2673 1697 2706 dili'erentiam,

909 2723 1028 2750 varietas
1045 2723 1071 2751 in
1088 2731 1122 2750 eo
1142 2723 1176 2750 de
1199 2730 1254 2757 quo
1280 2730 1373 2749 sermo
1387 2726 1440 2748 est.
1457 2721 1502 2748 Ait
1525 2720 1636 2747 Judaeus
1651 2723 1699 2746 aut

910 2769 1037 2797 ethnicus
1053 2768 1211 2796 Christiano
1224 2777 1230 2796 :
1244 2767 1318 2803 Nega
1326 2767 1480 2799 Christum,
1490 2774 1558 2802 nega
1569 2766 1697 2794 Mariam:

693 2878 712 2895 "
734 2877 806 2907 l'sal.
826 2885 905 2913 mu,
919 2877 964 2905 2'2.
1004 2878 1026 2894 ³³
1047 2877 1069 2905 Il
1087 2876 1161 2906 Tim.
1182 2886 1211 2912 ιι,
1234 2877 1276 2905 12.
1317 2877 1338 2893 ³³
1359 2876 1454 2905 Matth.
1472 2883 1554 2909 xvnt,
1571 2875 1603 2902 7.
