1923 3078
182 1147 185 1149 λ
238 1140 373 1174 prototypi

239 120 309 153 1183

833 125 865 157 S.
884 127 1080 158 THEODORI
1092 129 1266 167 STUDlT/E

1799 127 1865 159 1184

238 180 290 207 huc
305 180 392 214 ipsum
405 179 444 208 ait
457 185 486 209 et
500 180 710 211 lconomachus.
730 184 822 219 [mago
835 185 907 212 enim
920 185 1022 213 Christi

1078 187 1128 222 γὰρ
1145 187 1228 214 εἰκὼν
1242 186 1374 223 Χριστοῦ,
1391 186 1489 221 ὥσπερ
1501 186 1550 213 καὶ
1563 186 1614 221 τῆς
1625 185 1770 218 Θεοτόκου,
1792 187 1866 221 ὁμω-

237 230 264 250 et
286 225 426 260 Deiparaa,
454 226 551 254 eodem
576 228 688 256 nomine
706 229 833 257 Christus
856 234 884 257 et
910 230 1024 265 Deipara

238 274 422 304 nuncupatur.
449 270 539 303 Quare
562 272 610 306 qui
635 272 781 308 imaginem
811 275 904 309 negari
928 274 1024 310 jubet,

237 322 300 342 eum
314 315 394 350 cujus
406 316 496 351 imago
509 321 562 349 est,
577 318 668 353 negari
685 319 755 345 haud
772 319 952 355 dubiejubet.
966 320 1024 348 Non

238 368 309 392 mea,
336 361 384 395 qui
412 361 504 389 nullus
521 370 593 394 sum,
621 364 679 390 haec
702 365 848 391 sententia.
869 365 940 392 Audi
959 366 1024 401 quid

238 405 324 441 Moysi
340 407 414 434 dicat
437 408 629 435 universorqu
655 409 727 436 Deus
741 419 747 436 :
767 408 823 436 Fac
839 410 1024 438 Cherubim“.

238 451 331 486 Itaque
353 451 502 480 Cherubim
527 453 660 488 imagines
683 454 741 482 ﬁeri
760 455 856 489 jussit.
878 455 933 484 Nec
950 457 1023 484 enim

239 500 365 524 naturain
396 497 544 525 Clterubim
578 498 755 533 designasse,
789 501 887 529 mentis
912 509 1024 536 cmnpos

238 542 310 569 ullus
325 542 407 569 dicet.
429 542 462 569 Et
482 550 591 570 rursum
610 553 616 571 :
633 543 687 571 Fac
701 550 849 579 serpentem
869 554 970 573 autcum
981 547 1023 575 ":

237 592 264 614 et
282 587 325 614 hic
341 595 450 622 quoque
472 589 606 622 serpentis
631 590 776 625 imaginem
798 592 915 626 exprimi
937 592 1024 627 jubet.

241 633 339 661 Verum
354 635 411 661 haec
427 639 468 661 est
483 640 582 662 natura
601 637 749 672 prototypi,
768 641 796 664 et
811 638 928 672 exentpli
944 638 979 665 ab
991 645 1025 665 eo

238 681 359 712 deducti,
384 686 412 708 ut
426 683 582 717 exemplum
598 683 738 719 archetypi
762 692 860 712 nomen
877 690 979 717 sinuat,
998 690 1026 712 et

238 733 294 752 uno
310 726 417 754 sublato
434 727 550 754 alterum
571 728 700 760 tollatttr,
718 733 848 763 tauquam
870 738 931 764 qua:
943 730 1026 757 simul

238 770 289 796 sint
296 790 302 796 .
312 770 375 797 Erat
384 772 506 806 angelus,
518 772 578 800 ideo
587 777 614 800 et
622 773 710 808 angeli
719 773 810 809 imago
820 779 894 801 :erat
902 782 1024 810 serpens,

238 815 300 842 ideo
316 820 343 842 et
357 815 447 850 imago
462 818 608 852 serpentis.
623 819 723 846 Eadem
740 824 783 846 est
796 820 866 846 ratio
880 821 918 847 rei
933 820 1026 855 cujus-

238 861 313 888 libet.
338 861 431 896 Itaque
445 868 577 890 vocantur
598 863 735 891 interdum
753 864 864 899 quidem
880 865 1023 901 imagines,
1038 856 1061 885 Β

237 915 355 942 quorum
377 908 465 942 reipsa
484 914 572 936 sunt:
592 909 727 937 interdum
751 918 825 942 vero,
848 917 960 946 propter
976 912 1024 939 ha-

239 953 403 986 bitudinem,
425 960 555 989 tanquam
575 955 722 990 archetypa
742 955 802 990 ipsa
817 962 1023 992 nuncupantur,

237 1004 265 1026 ct
284 1007 337 1026 non
357 999 490 1035 imagines
503 1008 612 1028 eorum.

273 1046 331 1074 lloc
351 1048 432 1074 modo
444 1047 553 1075 divinus
569 1047 718 1083 Apostolus
731 1049 770 1076 ait
787 1057 794 1075 :
814 1048 950 1084 Superque
965 1057 1024 1076 eam

237 1091 378 1120 Cherubim
409 1093 502 1129 gloria:
526 1093 712 1121 obumbrantia
743 1095 991 1129 propitiatorium“
1016 1104 1023 1123 :

411 1147 509 1167 nomen
541 1140 666 1168 tribuens
694 1141 870 1176 imaginibus.
902 1141 971 1169 Audi
998 1146 1026 1169 et

238 1187 367 1214 Basiliqu
387 1195 517 1222 magnum
533 1196 540 1215 :
557 1196 566 1213 ι
585 1187 761 1222 Exprimatur
777 1187 860 1216 etiam
886 1188 912 1215 in
933 1189 1024 1216 tabula

237 1233 416 1260 certaminum
441 1240 540 1268 praeses
561 1233 686 1261 Christus
700 1235 733 1260 "'.
753 1243 762 1259 ι
793 1234 851 1260 Non
866 1234 939 1261 enim
966 1235 1024 1261 ait:

241 1278 414 1312 Exprimatur
438 1278 529 1313 imago
558 1279 683 1313 praesidis
706 1279 887 1306 certaminum
912 1279 1024 1312 Christi,

238 1324 305 1356 sed,
333 1323 470 1350 Christus.
503 1323 573 1350 Audi
600 1327 627 1350 et
660 1323 821 1357 Gregorium
848 1322 1024 1358 Nyssenum:

241 1378 250 1394 ι
270 1369 374 1396 Przesto
391 1374 432 1396 est
449 1368 534 1397 Isaac.
551 1380 560 1395 ι
581 1369 669 1404 Ipsam
685 1369 760 1396 Isaac
775 1369 933 1404 imaginem,
953 1369 1026 1396 Isaac

238 1416 366 1450 appellat.
382 1414 454 1442 Audi
477 1415 704 1450 Clirysostomum
720 1422 727 1441 :
748 1423 757 1439 ι
775 1414 834 1441 Vidi
852 1414 977 1449 angelum
999 1415 1025 1441 in

239 1461 368 1496 imagine.
388 1470 397 1486 ι
416 1460 474 1488 Non
491 1461 564 1488 enim
587 1461 733 1495 imaginem
754 1460 844 1495 angeli
866 1461 892 1487 in
909 1460 1026 1495 imagine

239 1515 253 1534 a
271 1516 300 1535 se
317 1508 403 1535 visam
419 1508 498 1540 dixit,
516 1507 562 1534 sed
578 1507 716 1542 angelum.
742 1507 773 1534 ln
791 1507 908 1542 imagine
923 1507 1024 1541 quippe
1037 1523 1058 1552 ο

239 1558 412 1589 prototypum
427 1557 638 1588 repraesentatur
658 1561 665 1579 :
685 1553 758 1580 sicut
771 1557 797 1580 et
809 1553 835 1579 in
854 1558 918 1587 typo
934 1553 1024 1580 crucis

239 1606 304 1626 crux
323 1599 379 1633 ipsa
392 1598 497 1625 viviﬁca
513 1607 520 1625 :
538 1603 673 1632 quatenus
687 1598 868 1632 inseparabile
883 1602 925 1625 est
937 1606 1024 1624 unum

239 1644 273 1671 ab
292 1644 378 1671 altero
405 1643 433 1670 in
459 1634 629 1671 adoratione.
658 1643 804 1678 Propterea
829 1647 856 1670 et
883 1643 1024 1678 archetypi

240 1697 340 1716 nomen
365 1689 471 1715 obtinet
497 1688 598 1723 imago.
626 1688 699 1716 Crux
730 1688 802 1715 enim
829 1688 919 1715 erucis
947 1693 1026 1723 typus

240 1735 403 1770 appellatur.
428 1733 474 1760 Sic
498 1733 531 1760 de
552 1741 626 1768 rege,
653 1734 781 1767 omnique
807 1733 926 1766 homine,
951 1739 979 1761 et
993 1733 1026 1761 de

240 1780 313 1807 omni
334 1780 387 1806 alia
398 1787 450 1823 .re,
476 1786 538 1806 vere
553 1779 631 1806 nobis
645 1778 737 1806 dicere
751 1779 841 1810 liceat,
860 1787 950 1815 regem
971 1780 1026 1807 dici

239 1827 321 1853 ctiam
342 1825 413 1860 regis
430 1824 575 1859 imaginem
591 1825 629 1851 ait
643 1824 753 1852 divinus
778 1824 905 1857 Basilius,
931 1829 959 1853 et
973 1827 1026 1853 Pe-

239 1878 324 1903 trum,
346 1871 418 1898 Petri
440 1870 607 1904 imaginem;
632 1875 659 1896 et
675 1869 802 1903 Paulum,
828 1869 904 1898 Pauli
928 1871 1025 1906 imagi-

240 1925 315 1945 nem.
341 1915 434 1942 Dicam
457 1914 560 1949 aliquid
585 1914 741 1947 sublimius,
766 1919 793 1942 et
810 1915 894 1942 Deum
917 1923 1027 1951 quoque

241 1962 380 1990 hominem
394 1960 461 1992 dici,
478 1964 609 1995 tanquam
627 1961 671 1988 llei
690 1961 847 1995 imaginem.
865 1961 935 1996 Ergo
949 1962 1026 1997 juxta

239 2015 271 2034 ea
294 2014 354 2040 qua:
383 2005 501 2033 Basilius
528 2005 641 2037 docuit,
673 2005 755 2032 etiam
782 2005 909 2033 Christus
937 2006 1027 2042 imago

240 2053 353 2080 Christi.
381 2052 454 2079 Dixit
478 2051 563 2084 enim,
590 2055 618 2078 et
638 2051 736 2078 iterum
749 2051 832 2079 dico:
851 2051 1028 2087 Exprimatur

241 2099 266 2124 in
286 2097 388 2130 tabula,
406 2105 460 2124 non
478 2097 569 2131 imago
587 2095 701 2126 Christi,
726 2095 775 2123 scd
794 2095 932 2124 Christus.
947 2096 1025 2129 Quod

240 2143 263 2170 si
290 2143 347 2170 luet:
372 2150 425 2169 non
451 2143 543 2169 lerunt
564 2141 749 2174 contentiosi;
777 2141 895 2176 pritnum
920 2142 1027 2170 divinas

1074 232 1167 268 νύμως
1181 233 1299 268 Χριστὸς
1316 233 1364 259 καὶ
1385 232 1517 264 Θεοτόκος
1531 232 1652 266 λέγεται.
1677 231 1760 258 Ὥστε
1778 231 1866 265 λέγων

1073 277 1123 313 τὴν
1133 278 1226 305 είκόνα
1240 278 1382 313 ἀρνεῖσθαι
1396 286 1404 294 ·
1425 278 1471 305 τὸν
1488 275 1595 309 οὗτινος
1611 278 1628 312 ἡ
1652 277 1745 310 εἰκὼν,
1763 278 1866 303 ἐκεῖνον

1073 323 1221 359 διαρρήδην
1239 323 1411 360 ὲξαρνεϊσθαι
1435 323 1576 357 ἁπαιτοίη.
1597 323 1642 357 Μὴ
1663 323 1718 358 γὰρ
1735 323 1803 358 ἐμοῦ
1818 323 1864 349 τοῦ

1074 369 1218 404 οὺδαμινοῦ
1233 369 1247 396 ό
1260 369 1349 403 λόγος.
1374 369 1474 395 Ἀκουε
1492 368 1520 394 τί
1539 376 1606 404 φησι
1619 368 1659 403 τῷ
1675 369 1770 394 Μωσεί
1783 369 1798 394 ό
1809 368 1864 394 τῶν

1076 414 1145 441 ὅλων
1157 414 1234 446 Θεός·
1250 415 1385 449 Ποίησον
1394 414 1551 449 Χερου6ίμ.
1575 413 1630 440 Καί
1650 422 1692 440 τοι
1705 414 1799 440 εἰκόνα
1811 414 1865 440 Χε-

1078 459 1179 496 ρουϐὶμ
1193 459 1307 494 ποιῆσαι
1320 460 1518 496 προστέταχεν,
1530 459 1568 486 Οὐ
1589 459 1645 493 γάρ
1659 467 1700 485 τοι
1715 458 1798 493 φύσιν
1813 459 1866 485 Χε-

1076 506 1205 542 ρου6ικὴν
1221 506 1327 541 φρονῶν
1345 514 1388 537 τις
1409 506 1587 541 παραστῆσαι
1609 505 1693 532 αὐτὸν
1718 506 1800 540 φαῖεν
1821 507 1864 532 ἄν.

1074 553 1130 578 Kal
1157 549 1252 583 αὖθις·
1280 551 1419 585 Ποίησον
1447 551 1518 586 ὅφιν
1549 550 1706 586 χαλκοῦν·
1739 551 1786 577 καὶ
1810 552 1866 586 μὴν

1075 597 1214 624 κάνταῦθα
1243 597 1336 624 εἰκόνα
1360 597 1448 631 ὕφεως
1472 597 1561 623 ποιεῖν
1581 596 1760 631 προστάσσει.
1794 596 1865 622 Ἀλλ’

1074 643 1173 678 αὖτηή
1191 642 1273 677 φύσις
1289 643 1469 679 πρωτοτύπου
1489 643 1537 670 καὶ
1562 641 1745 677 παραγώγου’
1763 641 1795 668 τδ
1809 650 1864 668 πα-

1075 689 1172 724 ραχθὲν
1185 689 1234 716 εῐτ*
1246 686 1293 716 οὗν
1311 688 1341 716 τὸ
1353 688 1503 715 εἰκονισθὲν
1517 687 1564 715 τοῦ
1577 687 1732 723 ἀρχετύπου
1747 686 1786 722 τῷ
1804 687 1864 714 ὀνό-

1076 743 1141 770 ματι
1158 735 1308 768 καλεῖσθαι,
1328 735 1377 761 καὶ
1401 736 1434 769 τῇ
1451 734 1564 769 θατέρου
1589 733 1729 768 ἀναιρέσει
1749 733 1864 769 θάτερον

1075 779 1256 815 ἀναιρεῖσθαι,
1275 779 1313 811 ὡς
1330 779 1384 806 τῶν
1406 778 1465 813 ἅμα
1479 778 1574 805 ὄντων.
1599 776 1653 805 ἾΙν
1674 778 1800 812 ἄγγελος,
1818 778 1864 804 διὰ

1075 824 1154 851 τοῦτο
1169 824 1217 850 καὶ
1231 824 1313 851 είκὼν
1331 823 1450 858 ἀγγέλου
1463 831 1471 839 ·
1494 821 1528 858 ἦν
1552 823 1625 858 ὄφις,
1644 823 1690 849 διὰ
1708 822 1788 850 τοῦτο
1816 824 1864 850 καὶ

1075 870 1157 897 είκὼν
1168 870 1255 905 ὄφεως
1272 877 1279 883 ·
1302 869 1349 896 καὶ⁵
1361 868 1516 896 οὑτινοσοῦν
1527 869 1609 896 ἄλλου
1627 868 1684 896 τῶν
1699 869 1795 895 όντων.
1810 869 1864 895 Καὶ

1075 915 1221 944 καλοῦνται
1235 915 1274 951 πῆ
1294 915 1343 949 μὲν
1363 915 1467 946 εἰκόνες
1485 913 1579 950 ὦνπερ
1606 914 1654 941 καὶ
1673 914 1745 941 εἰσί·
1762 914 1800 949 πῆ
1822 914 1862 945 δὲ,

1074 958 1117 985 sta
1128 958 1178 994 τὴν
1188 958 1291 993 σχέσιν,
1303 958 1340 990 ὼς
1357 958 1427 985 αὐτὰ
1439 958 1474 985 τὰ
1493 958 1636 993 ἀρχέτυπα
1661 958 1862 993 ὀνομαζόμενα,

1075 1003 1122 1030 καὶ
1134 1004 1184 1030 οὐκ
1193 1003 1298 1035 εἰκόνες
1312 1003 1414 1030 αὐτῶν.

1110 1048 1188 1075 Οὕτω
1205 1048 1273 1083 φησὶ
1287 1049 1334 1076 καὶ
1348 1049 1362 1076 6
1383 1049 1454 1084 ίερδς
1471 1049 1649 1081 ’Δπόστολοςο
1671 1048 1817 1083 Ὑπεράνω
1829 1049 1864 1077 δὲ

1074 1093 1170 1128 αὐτῆς
1183 1094 1325 1128 Χερουϐὶμ
1337 1093 1430 1128 δόξης
1443 1094 1679 1125 κατασκιάζοντα
1692 1095 1726 1121 τὸ
1740 1095 1865 1128 [lamni-

1071 1148 1141 1174 ptcr
1152 1149 1159 1156 ·
1175 1139 1215 1175 τῷ
1228 1139 1343 1175 ὀνόματι
1356 1140 1411 1166 τῶν
1426 1139 1613 1175 πρωτοτὺπων
1626 1140 1800 1175 χρησάμενος
1817 1141 1866 1167 ἐπὶ

1074 1185 1130 1212 τῶν
1157 1185 1281 1212 εἰκόνων.
1310 1186 1410 1212 Ἀκουε
1425 1185 1472 1212 καὶ
1490 1185 1537 1211 τοῦ
1561 1185 1681 1220 μεγάλου
1699 1184 1842 1212 Βασιλείου
1855 1194 1864 1201 ·

1079 1239 1089 1257 ι
1113 1230 1311 1266 Ἐγγραφέσθω
1324 1230 1363 1265 τῷ
1380 1230 1477 1258 πίνακι
1494 1231 1541 1257 καὶ
1561 1231 1575 1256 ό
1590 1230 1645 1257 τῶν
1664 1230 1866 1264 παλαισμάτων

1075 1277 1246 1312 ἀγωνοθέτης
1257 1278 1384 1312 Χριστός.
1401 1287 1410 1304 ι
1426 1277 1472 1312 Μὴ
1483 1277 1537 1313 γὰρ
1556 1275 1633 1304 εἶπεν
1643 1285 1652 1294 θ
1668 1278 1866 1313 Ἐγγραφέσθω

1076 1321 1186 1358 ήείκὼν
1200 1323 1246 1349 τοῦ
1256 1323 1312 1350 τῶν
1326 1323 1528 1358 παλαισμάτων
1537 1323 1708 1356 ἀγωνοθέτου
1724 1324 1844 1359 Χριστοῦ
1858 1332 1864 1339 ·

1075 1368 1154 1399 ἀλλὰ,
1166 1368 1293 1403 Χριστός.
1309 1369 1408 1395 ’Δκουε
1421 1368 1470 1395 καὶ
1486 1368 1637 1403 Γρηγορίου
1652 1368 1701 1394 τοῦ
1712 1369 1843 1400 Νυσσέως
1858 1377 1864 1384 ·

1078 1422 1088 1439 ι
1109 1413 1256 1449 Πρόκειται
1283 1414 1298 1440 ὁ
1320 1413 1423 1441 Ἰσαάκ.
1455 1423 1464 1440 ι
1486 1413 1535 1448 τὴν
1565 1413 1658 1440 είκόνα
1684 1413 1730 1440 τοῦ
1760 1414 1865 1445 Ἰσαὰκ,

1081 1459 1174 1486 Ἰσαὰκ
1207 1459 1401 1494 ὀνομάσαντος.
1434 1460 1536 1486 Ἀκουε
1565 1459 1614 1486 τοῦ
1647 1460 1843 1495 Χρυσοστόμου
1857 1469 1865 1475 ·

1079 1513 1088 1530 ι
1106 1503 1180 1531 Εἶδον
1194 1504 1310 1538 ἄγγελον
1324 1505 1353 1531 ὲν
1363 1505 1448 1531 εἰκόνι
1459 1512 1466 1519 ·
1487 1514 1496 1531 ι
1513 1505 1559 1540 Μὴ
1573 1505 1629 1540 γὰρ
1644 1505 1761 1540 ἀγγέλου
1772 1506 1867 1533 εἰκόνα

1075 1550 1127 1585 ἐφη
1143 1551 1172 1576 ἐν
1183 1550 1268 1576 εἰκόνι
1282 1550 1357 1583 ίδεῑν,
1380 1551 1438 1577 ἀλλ’
1450 1550 1577 1585 ἄγγελον.
1599 1551 1644 1577 Ἐν
1663 1552 1718 1587 γὰρ
1731 1553 1764 1587 τῇ
1780 1552 1866 1579 εἰκόνι

1075 1596 1106 1622 τὸ
1121 1595 1275 1631 ἀρχέτυπον
1296 1596 1457 1631 ὲκφαίνεται
1469 1605 1477 1613 ⁸
1498 1596 1536 1628 ὡς
1554 1597 1602 1623 καὶ
1622 1597 1652 1623 ὲν
1665 1597 1704 1632 τῷ
1719 1598 1797 1632 τύπῳ
1818 1598 1867 1624 τοῦ

1077 1642 1196 1677 σταυροῦ
1212 1643 1226 1668 ὁ
1246 1642 1378 1674 ζωοποιὺς
1398 1643 1513 1678 σταυρός
1528 1651 1536 1658 ·
1558 1644 1632 1670 καθὰ
1647 1644 1695 1671 καὶ
1712 1644 1868 1679 ἀχώριστόν

1077 1688 1135 1714 ἔστι
1155 1687 1269 1723 θάτερον
1297 1688 1413 1724 θατέρου
1435 1690 1469 1724 τῇ
1497 1690 1701 1724 προσκυνήσει·
1717 1689 1763 1716 διά
1786 1689 1869 1716 τοῦτο

1076 1733 1125 1759 καὶ
1137 1733 1186 1768 τὴν
1202 1733 1298 1768 κλῆσιν
1315 1733 1362 1761 τοῦ
1380 1734 1562 1768 πρωτοτὺπου
1587 1735 1645 1770 ἔχει
1658 1735 1690 1761 τὸ
1710 1735 1866 1769 είκόνισμα.

1077 1776 1197 1811 Σταυρὸς
1210 1777 1265 1812 γὰρ
1282 1779 1297 1805 ὁ
1314 1777 1400 1810 τύπος
1415 1779 1463 1805 τοῦ
1489 1779 1608 1814 σταυροῦ
1626 1779 1768 1815 κέκληται.
1786 1780 1869 1807 Οὕτω

1077 1823 1124 1849 καὶ
1143 1823 1189 1850 tul
1208 1823 1352 1857 βασιλέως,
1366 1824 1412 1851 καὶ
1434 1825 1534 1856 παντὸς
1557 1825 1714 1860 ἀνθρώπου,
1733 1826 1782 1853 καὶ
1795 1835 1869 1853 παν-

1077 1868 1122 1900 τὸς
1132 1868 1229 1902 εἴδους,
1242 1869 1341 1905 ἀληθὲς
1358 1871 1425 1905 ἡμῖν
1437 1870 1539 1905 λέγειν,
1554 1871 1596 1898 ὅτι
1615 1871 1744 1906 βασιλεὺς
1755 1872 1870 1906 λέγεται

1077 1915 1125 1941 καὶ
1137 1916 1154 1950 ἡ
1168 1915 1214 1942 τοῦ
1230 1914 1364 1951 βασιλέως
1378 1916 1472 1948 είκὼν,
1488 1917 1574 1952 φησιν
1587 1918 1601 1943 ὁ
1615 1917 1687 1949 θεῖος
1703 1918 1846 1950 Βασίλειος
1860 1928 1868 1935 ·

1078 1961 1124 1988 καὶ
1138 1961 1240 1996 Πέτρος
1257 1961 1274 1997 ἡ
1289 1961 1393 1996 Πέτρου
1410 1961 1494 1988 εἰκών
1506 1970 1513 1977 ·
1532 1963 1581 1989 καὶ
1604 1962 1711 1995 Παῦλος
1722 1963 1739 1998 ὴ
1757 1963 1871 1991 Παύλου

1077 2006 1174 2034 εἰκών.
1189 2007 1268 2033 Εἴπω
1283 2015 1310 2034 τι
1327 2007 1376 2034 καὶ
1392 2007 1575 2042 ὑψηλότερον,
1592 2008 1640 2035 καὶ
1652 2008 1719 2040 Θεὸς
1729 2010 1743 2035 ὁ
1759 2008 1872 2044 ἀνθρω-

1077 2059 1138 2083 πος,
1153 2051 1191 2083 ὡς
1202 2051 1271 2078 Θεοῦ
1290 2051 1383 2079 εἰκών.
1404 2052 1556 2088 Τοιγαροῦν
1577 2053 1708 2088 καθάπερ
1726 2053 1873 2086 Βασίλειος

1077 2095 1140 2132 ἔφη,
1151 2097 1199 2123 καὶ
1218 2097 1336 2133 Χριστὸς
1350 2097 1367 2132 ἡ
1388 2097 1507 2132 Χριστοῦ
1524 2098 1607 2125 εἰκών
1620 2106 1627 2113 ·
1652 2095 1714 2125 εἷπε
1730 2099 1799 2134 γὰρ,
1820 2101 1873 2126 καὶ

1076 2139 1153 2172 αὖθις
1165 2141 1237 2176 λέγω
1249 2150 1256 2157 ·
1275 2142 1472 2176 Ἐγγραφέσθω
1489 2142 1529 2177 τῷ
1548 2142 1656 2176 πίνακι,
1679 2143 1729 2178 οὐχ
1751 2144 1768 2178 ἡ
1785 2143 1874 2171 είκὼν

241 2196 322 2215 voces
341 2188 516 2223 improbant;
539 2187 635 2215 deinde
656 2186 796 2214 Christum
815 2187 953 2214 hominem
970 2195 1024 2214 non

1078 2186 1210 2222 Χριστοῦ·
1226 2187 1304 2220 ἀλλά,
1319 2187 1446 2221 Χριστός.
1454 2187 1485 2214 El
1499 2187 1528 2213 δὲ
1539 2187 1591 2214 οὐκ
1605 2188 1748 2222 ἀνέχονται
1764 2189 1791 2215 οἱ
1802 2188 1873 2215 δῦσ-

239 2241 310 2265 esse,
337 2232 360 2260 si
387 2240 441 2260 non
469 2232 562 2263 verbo,
589 2232 678 2265 reipsa
703 2231 812 2258 docent.
835 2231 864 2257 Si
887 2231 959 2258 enim
985 2235 1028 2259 est

241 2279 334 2311 ltomo,
355 2278 511 2313 depingitur
523 2277 636 2312 utique;
654 2277 773 2304 hominis
787 2277 860 2304 enini
875 2278 1027 2312 proprietas

241 2324 328 2359 prima
344 2328 387 2351 est
408 2322 527 2358 ilepingi.
544 2321 572 2348 Si
595 2329 659 2348 vero
680 2329 734 2348 non
758 2321 924 2356 depingitur,
945 2321 1027 2349 homo

242 2377 295 2397 no"
308 2374 362 2401 est,
377 2368 424 2396 sed
440 2368 531 2395 carnis
544 2375 641 2402 expers
656 2376 662 2394 :
681 2371 709 2394 et
722 2366 843 2394 nondum
861 2366 934 2394 venit
947 2366 1027 2394 Chri-

242 2422 311 2448 stus,
334 2414 406 2442 sicut
428 2413 515 2441 Judaei
538 2418 684 2448 negantur.
714 2413 789 2440 lianc
808 2414 844 2440 ob
867 2420 979 2440 causam
1003 2417 1031 2440 et

243 2461 384 2494 Deiparam
398 2466 509 2494 quoque
521 2458 658 2493 depictam
671 2458 866 2490 exterminant,
882 2462 910 2484 et
919 2463 1030 2485 sanctos

241 2514 338 2534 omnes
351 2515 358 2533 :
373 2505 452 2541 quasi
471 2513 527 2533 non
544 2511 632 2532 mater
645 2505 759 2536 Christi,
776 2512 826 2531 nec
841 2504 936 2532 famuli
947 2504 1027 2532 Chri-

242 2557 276 2580 Sll
292 2557 394 2579 essent.

278 2641 420 2669 Exclamat
437 2648 490 2668 vox
509 2647 592 2667 aurea
615 2649 621 2666 :
652 2637 746 2666 Verbis
772 2638 826 2665 tuis
853 2645 935 2672 opera
960 2637 1026 2664 mihi

241 2686 412 2715 credibiliora
427 2684 692 2719 sunt.Consequitur
705 2691 771 2718 ergo
783 2683 923 2718 judaizare
935 2691 1027 2711 revera

243 2733 439 2762 lcunomacltos
452 2740 459 2759 :
474 2737 502 2759 et
517 2731 565 2767 qui
580 2731 615 2758 ab
635 2731 668 2758 iis
681 2730 799 2765 patitur,
817 2734 927 2764 propter
947 2729 1028 2757 Chri-

1079 2240 1148 2267 ερις.
1160 2232 1257 2266 πρῶτα
1272 2231 1322 2266 μὲν
1341 2231 1468 2258 ἁθετοῦσι
1485 2232 1534 2264 τὰς
1551 2232 1626 2263 θείας
1644 2233 1736 2266 φωνάς
1750 2239 1758 2247 ·
1774 2233 1874 2261 ἔπειτα

1079 2277 1205 2304 ἐντεῦθεν
1219 2277 1258 2312 μὴ
1271 2277 1415 2313 ἄνθρωπον
1428 2278 1556 2312 γενέσθαι
1572 2278 1620 2304 τὸν
1643 2279 1764 2313 Χριστὸν
1782 2279 1872 2315 ἔργῳ,

1079 2323 1130 2350 κᾶν
1141 2323 1212 2357 λόγῳ
1222 2322 1253 2350 οὒ
1263 2344 1271 2356 ,
1289 2323 1509 2358 δογματίζουσιν.
1525 2324 1557 2351 Et
1572 2323 1628 2359 γὰρ
1648 2323 1804 2359 ἄνθρωπος,
1820 2326 1875 2352 καὶ

1079 2369 1242 2401 είκονίζεται
1252 2368 1375 2404 δηλονότι
1385 2376 1393 2385 ⁸
1407 2368 1554 2404 ἀνθρώπου
1571 2369 1627 2405 γὰρ
1642 2369 1674 2396 τὸ
1685 2369 1874 2402 είκονίζεσθαι

1079 2414 1187 2448 πρῶτον
1204 2414 1319 2449 ίδίωμα·
1334 2414 1359 2440 εί
1371 2414 1400 2440 δὲ
1420 2414 1472 2441 οὐκ
1493 2415 1658 2446 εἰχονίζεται
1669 2423 1676 2430 -
1693 2415 1744 2442 οὐκ
1761 2415 1874 2450 ἀνθρω-

1078 2466 1139 2489 mc,
1155 2457 1224 2484 ἀλλά
1239 2458 1375 2493 ἄσαρκοςο
1396 2459 1444 2484 καὶ
1457 2458 1534 2485 οὔπω
1554 2456 1608 2494 ἧκε
1631 2459 1749 2494 Χριστός
1761 2467 1769 2474 ’
1786 2459 1825 2491 ὡς
1845 2461 1873 2486 oi.

1086 2502 1210 2529 Ἰουδαῖοι
1227 2502 1431 2536 φενακίζονται.
1446 2503 1497 2530 Διά
1512 2503 1592 2529 τοῦτο
1606 2503 1654 2530 καὶ
1670 2503 1721 2539 τὴν
1734 2503 1874 2531 Θεονιόκον

1080 2548 1284 2583 εἱκονιζομένην
1308 2548 1472 2583 ἐξορίζουσι,
1493 2549 1540 2576 καὶ
1555 2549 1645 2575 πάντα
1661 2549 1739 2583 ἀγιον
1751 2569 1759 2581 ,
1778 2549 1818 2581 ὼς
1840 2552 1873 2577 οὐ

1081 2593 1196 2628 Μητέρα
1211 2594 1279 2620 Θεοῦ
1292 2614 1299 2626 ,
1317 2594 1379 2621 οὐδὲ
1390 2594 1560 2629 θεράποντας
1577 2594 1658 2626 ὄντας
1668 2595 1802 2629 Χριστοῦ.

1116 2638 1172 2664 Καὶ
1202 2638 1251 2673 βοᾷ
1282 2639 1296 2665 ό
1322 2640 1543 2675 χρυσοῤῥήμων·
1570 2639 1630 2665 Τῶν
1645 2640 1732 2673 λόγων
1761 2647 1812 2666 σου
1838 2643 1875 2667 τὰ

1081 2683 1149 2718 ἔργα
1178 2684 1242 2718 ἐμοὶ
1269 2685 1428 2720 πιστότερα.
1448 2686 1584 2720 Συνῆκται
1609 2683 1656 2713 οὖν
1680 2685 1711 2718 ἐξ
1737 2686 1876 2721 ἀληθείας

1083 2728 1241 2761 Ἰουδαΐζειν
1255 2730 1318 2761 τοὺς
1333 2730 1551 2765 Είκονομάχους·
1570 2730 1616 2756 καὶ
1631 2731 1646 2756 ὁ
1662 2730 1808 2757 πανθάνων
1826 2731 1874 2757 ὑπ’

281 2822 303 2838 ’⁵
323 2821 407 2849 Exod.
423 2820 533 2852 xxv,18.
571 2820 592 2836 "
612 2818 692 2847 Num.
713 2825 769 2852 χχι,
788 2818 815 2845 9.
854 2818 876 2834 ³⁸
898 2817 978 2846 llebt'.
998 2825 1027 2850 ll,
1046 2819 1070 2845 9.
1110 2818 1129 2834 ’7
1152 2817 1320 2847 Testimonia
1335 2818 1392 2846 hac
1407 2819 1467 2847 vidc
1483 2826 1573 2853 supra,
1590 2818 1642 2847 col.
1659 2818 1722 2847 £77.
