1923 3078
58 118 133 150 1185

52 219 106 255 τὴν
132 220 271 249 Θεοτόκον
295 224 342 250 καὶ
369 225 435 260 ὑτὲρ
449 227 500 260 τῆς
514 227 668 255 Θεοτόκου¹
695 230 739 256 διὰ
765 231 855 258 πάντα

52 265 135 300 ἅγιον
148 267 197 293 καὶ
213 268 285 304 ὑπὲρ
298 270 407 297 πάντων
422 272 508 306 ἁγίων
520 280 527 288 '
555 274 664 310 μάρτυς
683 276 852 312 ἀπαράγρα-

53 319 136 344 πτος,
166 314 216 340 καὶ
251 315 424 351 ὁμολογητὴς
452 318 584 354 Χριστοῦ.
612 322 625 347 ὁ
657 322 778 350 ὲναθλῶν
806 323 854 350 καὶ

53 359 249 393 ἐνιστάμενος.
272 361 327 388 Καὶ
338 362 429 395 οὐδεὶς
443 365 592 400 ἀντερήσει
607 366 697 400 λόγος.
723 369 754 395 Ui
770 369 852 396 Μακ-

54 405 169 431 καϐαῖοι
193 406 346 442 μάρτυρες,
373 409 412 443 μὴ
441 410 532 445 κρεῶν
557 411 639 438 ὑείων
665 413 852 449 ἀνασχόμενοι

52 451 228 484 παρανόμως
243 453 405 486 γεύσασθαι.
427 455 456 481 '0
478 456 637 492 Πρόδρομος
661 459 768 494 μάρτυς
782 461 853 497 ὑπὲρ

53 498 174 533 aqua?)
189 500 334 536 ἀληθείας·
351 503 399 528 καὶ
415 502 495 536 ἄλλος
507 504 577 540 ὑπὲρ
593 506 641 532 τοῦ
663 507 701 542 μὴ
723 508 850 535 καταῦα-

63 545 257 573 ιέσθαιὸὸολδν
276 548 317 579 εις
336 549 481 585 οἰκοδομὴν
504 551 641 578 εὶδωλείου
654 560 662 567 ο
679 553 728 580 καὶ
755 554 851 589 ἔτερος

53 590 89 616 δῦ
102 591 199 626 ἕτερον
213 592 346 628 ἔνταλμα.
375 595 408 621 Τί
438 596 494 631 γὰρ
513 596 554 623 δεῖ
574 598 609 624 τὰ
633 599 719 627 πολλὰ
737 600 849 635 λέγειν;

54 637 103 663 καὶ
127 637 245 665 ἐνταῦθα
270 640 412 676 προδήλως
436 642 451 668 δ
465 642 510 669 διὰ
525 643 644 679 Χριστὸν
670 636 795 673 ἓναθλῶν
817 649 849 675 οὐ

55 683 175 718 μάρτυς,
192 684 231 716 ὣς
245 686 311 720 φασί
322 695 395 718 τινες
406 687 462 715 τῶν
477 688 634 725 δυστήνων;
652 691 762 727 μάρτυς
779 694 848 729 ἀλη-

55 729 118 764 θὴς.
135 730 199 765 μηδ’
214 731 302 758 ὁτιοῦν
314 733 413 760 ἐνδέων
429 734 484 762 τῶν
505 735 548 770 ἐφ’
569 736 708 772 Ἐλλήνων
731 739 748 774 ἢ
785 739 850 766 Ἰου-

54 776 140 802 δαίων
155 778 392 813 μαρτυρησάντων
406 787 413 794 ·
431 781 486 808 Καὶ
500 782 518 808 ὀ
535 781 654 816 μάρτυς
676 783 712 810 ἐν
731 785 850 819 οὐρανῷ

53 822 176 855 πιστός.
201 822 292 855 "om;
311 821 370 857 οὖν,
395 825 420 851 εί
439 826 453 853 ὸ
475 825 523 853 τὸν
540 826 626 854 τύπον
652 828 701 855 τοῦ
728 830 847 865 σταυροῦ

51 866 170 900 ἀθετῶν,
188 868 229 898 είς
248 868 367 904 Χριστὸν
378 870 511 907 ἀναφέρει
523 872 573 907 τὴν
590 872 721 908 ἀθέτησιν
732 881 739 889 ⁸
755 861 848 910 πολλῷ
861 861 885 891 Β

54 915 157 949 μᾶλλον
169 916 185 941 ό
199 915 250 951 τὴν
263 917 357 944 εἰκόνα
373 918 493 954 Χριστοῦ
504 920 684 955 ἀρνούμενος,
707 922 750 954 είς
776 923 846 958 Χρι-

54 961 117 988 στὸν
146 962 307 999 ἀναπέμπει
336 965 386 999 τὴν
403 965 530 1001 ἄρνησιν.
555 966 649 999 Οὕτως
681 968 730 994 καὶ
763 969 778 995 ὁ
803 970 848 1004 ἐφ’

52 1009 176 1044 ἑκατέρα
190 1010 351 1046 μαρτυρῶν,
365 1011 471 1047 μάρτυς
490 1012 678 1048 ἀληθέστατος
690 1022 698 1029 ·
714 1014 764 1041 καὶ
778 1015 847 1050 μᾶλσ

52 1054 99 1080 λον
118 1056 148 1081 ἐν
164 1056 199 1090 τῇ
223 1056 308 1083 εικόνι
320 1065 327 1072 ·
342 1057 384 1083 ὄτι
405 1058 419 1083 ὸ
433 1058 484 1093 μὲν
500 1060 613 1094 σημεῖον
625 1067 634 1076 ”
659 1060 673 1086 ὁ
696 1060 725 1087 δὲ
753 1061 846 1098 μορφὴ

52 1100 186 1135 Χριστοῦ.
217 1103 385 1138 Παρακαλῶ,
405 1103 518 1138 ἀδελφοί
540 1113 591 1141 μου
607 1105 690 1140 ἆγιοι,
717 1107 843 1142 κλήσεως

53 1147 219 1182 ἐπουρανίου
247 1148 368 1183 μέτοχοι,
396 1149 506 1184 πρῶτον
535 1152 647 1187 μνήμην
677 1161 729 1188 μου
761 1154 846 1180 ποιεῖ-

53 1193 117 1219 σθαι
144 1193 193 1219 τοῦ
221 1194 372 1221 ταπεινοῦ’
397 1193 439 1228 οἷς
465 1196 549 1230 λέγω,
575 1197 650 1233 ἔργῳ
681 1198 846 1234 ἀποδειχθῆ-

51 1238 96 1265 ναί
114 1247 149 1273 με
166 1239 328 1274 εὐχόμενοι·
343 1240 476 1276 μηδαμῶς
499 1242 739 1278 ὑποχαυνούμενον
761 1245 793 1270 ἐκ
814 1252 845 1270 τε

49 1285 106 1311 τῶν
133 1286 259 1320 ἀοράτων
281 1286 328 1313 καὶ
356 1288 503 1323 ὁρωμένων
538 1289 698 1324 προσϐολῶν
715 1297 723 1305 ·
747 1289 845 1317 ἔπειτα

50 1332 201 1367 προσέχειν
241 1333 348 1365 ἑαυτοῖς
383 1334 431 1360 καὶ
457 1335 490 1369 τῇ
524 1335 690 1371 ἐνισταμένη
718 1336 843 1370 ἀθλήσει.

55 1376 139 1404 Ἀλλὰ
154 1377 193 1412 μὴ
204 1378 261 1409 τοῖς
271 1378 412 1413 λογισμοῖς
425 1379 627 1414 ὲμπυρίξεσθαι
643 1380 689 1406 διὰ
704 1381 844 1416 πτωχείαν

49 1423 190 1455 συνέσεως
216 1425 245 1450 ὲν
259 1426 291 1460 τῇ
322 1424 377 1451 τῶν
405 1425 581 1461 πραγμάτων
606 1426 690 1458 δείξει
714 1427 768 1453 ὑπὸ
794 1427 845 1461 τῆς

50 1470 185 1504 προνοίας
198 1470 398 1505 διοικουμένων
414 1470 531 1505 βαθέως,
547 1472 594 1498 καὶ
615 1471 653 1503 ὡς
665 1471 716 1498 οὐκ
734 1472 845 1506 ἐφικτὸν

48 1514 196 1550 ἀνθρώπου
212 1515 318 1551 διανοίᾳ
329 1523 335 1530 ·
349 1515 417 1550 μηδὲ
430 1514 445 1541 ὃ
464 1515 581 1549 ψάλλετε
598 1516 722 1544 πάθοιτε.
755 1517 842 1551 Ἐμοῦ
858 1532 879 1562 c

51 1559 87 1586 δὲ
108 1560 190 1595 παρὰ
205 1561 313 1595 μικρὸν
339 1560 555 1595 ἐσαλεύθησαν
581 1562 609 1588 οί
632 1562 735 1595 πόδες·
771 1562 840 1596 παρ’

50 1607 159 1640 atq-or
170 1605 300 1640 ἐξεχύθη
312 1606 349 1633 τὰ
360 1606 528 1641 διαϐήματά
539 1615 600 1641 μου
611 1615 619 1623 ο
644 1607 689 1634 ὅτι
702 1607 842 1641 ἐζήλωσα

49 1653 100 1680 ἐπὶ
115 1652 178 1686 τοῖς
190 1653 326 1687 ἀνόμοις,
340 1652 371 1680 τὸ
383 1653 430 1680 καὶ
446 1653 476 1680 τὸ
490 1653 613 1688 θεωρῶν.
638 1653 720 1680 Ἀλλὰ
740 1653 842 1688 μᾶλλον

48 1699 160 1726 ἀκούειν
175 1699 224 1726 τοῦ
245 1699 349 1735 Κυρίου
371 1699 513 1734 λέγοντος·
535 1699 710 1734 Ὺπόμεινόν
735 1707 772 1733 με
798 1700 843 1732 εὶς

50 1745 168 1779 ἡμέραν
181 1745 379 1778 ἀναστάσεώς
397 1753 468 1780 μου.
484 1745 539 1772 Καὶ
556 1745 598 1772 ὅτι
621 1745 654 1772 '0
678 1745 843 1779 ὑπομείνας

49 1791 95 1824 εἰς
107 1791 208 1824 τέλος,
225 1789 316 1824 οὗτος
329 1791 511 1826 σωθήσεται.

139 1848 205 1876 KB’.
225 1863 260 1869 —
273 1848 338 1878 Τοῖς
351 1848 485 1876 ἀποῦσιν
497 1848 652 1883 ἀδελφοῖς.
670 1847 761 1884 [ﬂat]

667 127 938 161 EPISTOLARUM
959 132 1032 164 LIB.
1053 134 1104 166 'II.

54 174 153 200 αὐτῶν
164 182 171 189 ·
184 174 228 201 διὰ
241 174 361 210 Χριστὸν
375 177 421 204 καὶ
435 177 506 214 ὑπὲρ
522 180 643 216 Χριστοῦ
659 183 776 218 πάσχων
790 193 795 199 ·
811 185 856 212 διὰ
869 187 895 216 Λ

908 191 979 215 stum
998 194 1026 216 et
1040 198 1091 225 pro
1105 191 1216 219 Christo
1227 194 1303 228 pati;
1323 201 1433 231 propter
1450 196 1592 233 Deitaram
1609 206 1636 228 et
1651 210 1702 236 pro

908 232 1046 269 Deipara;
1072 243 1183 272 propter
1208 245 1320 267 sanctos
1342 249 1439 269 omnes
1466 248 1491 271 et
1518 252 1569 279 pro
1598 249 1702 276 sanctis

907 280 1135 316 quibuscunque;
1156 289 1303 320 martyrem
1320 286 1535 322 irrefragahilem
1553 295 1580 318 et
1594 293 1701 320 confes-

907 333 997 354 sorem
1021 327 1123 356 Christi
1146 337 1227 364 esse,
1251 332 1297 366 qui
1320 332 1442 360 decertat
1462 339 1490 360 et
1505 336 1620 365 resistit.
1645 338 1701 366 Nec

905 373 1007 405 apponi
1033 379 1128 402 contra
1157 377 1308 411 quidquam
1330 383 1428 414 potest.
1451 380 1599 411 Macltabmi
1627 393 1701 412 Inar-

905 422 979 453 tyres
998 418 1078 452 facti,
1095 422 1169 456 quod
1190 424 1288 452 suillas
1309 433 1407 454 carnes
1430 428 1512 455 edere
1530 423 1698 459 abnuerent.

905 462 1063 492 Pratcursor
1083 473 1184 503 martyr
1205 469 1256 496 fuit
1273 475 1386 505 propter
1404 472 1537 501 indicium
1554 476 1677 504 veritatis
1690 497 1698 509 ,

905 510 975 537 alius
992 511 1064 545 quod
1089 513 1201 541 oholum
1223 516 1349 543 conferre
1372 518 1456 546 nollet
1476 519 1510 546 ad
1529 524 1698 550 structuram

904 554 998 589 idolii;
1026 563 1054 584 et
1078 559 1149 585 alios
1170 560 1243 587 aliud
1272 562 1308 589 ob
1337 564 1507 591 mandatum.
1532 565 1603 599 Quid
1625 568 1698 595 enim

903 601 999 629 attinet
1011 605 1094 631 multa
1107 605 1203 638 loqui?
1219 607 1252 633 Et
1262 608 1306 635 hic
1318 609 1364 643 qui
1378 610 1524 638 manifeste
1534 619 1582 646 pro
1589 612 1699 641 Clu-isto

901 646 1040 680 decertat,
1061 656 1163 686 martyr
1177 659 1230 679 non
1248 654 1301 681 erit
1312 675 1320 686 ,
1343 660 1371 681 ut
1385 655 1479 683 miseri
1496 658 1608 692 quidam
1623 659 1697 686 σπῆι-ι

902 694 995 720 mant?
1008 694 1113 730 Martyr
1131 697 1210 731 plane
1226 706 1324 731 verus,
1341 701 1415 728 nulla
1439 710 1468 729 re
1482 703 1643 739 discrepans
1663 706 1697 732 ab

901 737 956 765 illis
971 747 1042 774 quos
1062 740 1164 768 ethnici
1185 743 1227 770 vel
1240 743 1327 777 Judaei
1342 751 1478 781 martyres
1494 737 1618 776 fecerunt
1632 758 1640 777 :
1662 749 1697 777 Et

901 785 975 811 testis
990 785 1018 812 in
1031 787 1094 813 cmlo
1107 788 1194 821 ﬁdelis
1207 789 1240 816 ³⁸.
1255 789 1377 818 Omnino
1391 800 1467 828 ergo,
1489 794 1512 821 si
1527 796 1591 830 quis
1607 797 1697 824 crucis

901 834 994 865 typum
1006 832 1122 866 spernit,
1135 833 1162 860 in
1170 834 1308 863 Christum
1323 837 1414 872 ipsum
1423 844 1613 875 contemptum
1623 842 1697 870 hunc

899 880 1029 910 torquet:
1047 878 1135 905 multo
1146 880 1233 914 magis
1249 881 1295 915 qui
1310 882 1456 918 imaginem
1475 885 1576 913 Christi
1593 892 1673 922 negat
1687 910 1695 921 ,

898 922 1072 956 negationem
1089 923 1115 950 in
1130 923 1272 952 Christum
1286 926 1380 954 refert.
1396 928 1452 960 Sic,
1466 930 1513 964 qui
1531 933 1694 967 martyrium

898 973 948 1000 pro
963 967 1097 995 alterutro
1109 969 1205 996 suﬂ'crt
1217 990 1225 1004 ,
1242 976 1349 1007 martyr
1361 974 1542 1003 verissimus:
1564 984 1597 1004 ac
1610 979 1696 1012 magis

898 1013 980 1040 etiam
998 1014 1024 1041 in
1041 1014 1176 1050 imagine:
1199 1017 1263 1051 quia
1287 1022 1368 1053 typus
1382 1020 1490 1054 signum
1503 1041 1511 1054 ,
1531 1022 1619 1058 imago
1639 1023 1695 1051 for-

898 1066 941 1085 ma
955 1064 998 1086 est
1007 1060 1122 1088 (Zhristi.
1132 1061 1264 1096 Obsecro,
1281 1063 1381 1092 fratres
1398 1067 1451 1093 mei
1463 1067 1561 1100 sancti,
1575 1069 1695 1097 ecelestis

898 1105 1052 1132 vocationis
1071 1107 1238 1142 participes,
1263 1109 1382 1144 primum
1398 1111 1508 1146 quidem
1533 1115 1692 1142 memoriam

898 1150 951 1176 ιιιιεί
966 1150 1077 1178 humilis
1092 1151 1199 1180 faciatis
1209 1174 1216 1187 ,
1233 1160 1343 1184 orantes
1360 1161 1390 1183 ut
1406 1165 1468 1192 quae
1481 1158 1544 1186 dico
1556 1179 1563 1191 ,
1579 1167 1610 1187 re
1622 1169 1692 1195 praes

897 1200 965 1223 stem
976 1217 984 1230 ,
1002 1198 1086 1225 nullis
1098 1200 1199 1229 cedens
1218 1209 1269 1230 nec
1285 1203 1389 1237 apertis
1413 1212 1463 1232 uec
1475 1206 1588 1234 occultis
1604 1207 1692 1234 insul-

897 1242 970 1270 tibus
1000 1251 1007 1270 :
1031 1244 1129 1273 deinde
1143 1247 1222 1275 vobis
1245 1247 1316 1283 ipsis
1341 1250 1490 1278 attendatis
1515 1256 1543 1279 et
1566 1253 1692 1287 prmscnti

896 1290 1052 1318 certamini.
1085 1291 1140 1319 Nec
1163 1300 1230 1321 vero
1259 1295 1475 1330 cogitationibus
1507 1299 1626 1326 uramini
1657 1308 1692 1327 ex

898 1336 988 1371 inopia
1006 1338 1129 1366 scientiae
1149 1339 1177 1367 in
1204 1341 1302 1368 harum
1322 1350 1414 1370 rerum
1441 1345 1690 1380 contemplatione,

896 1390 957 1416 quae
969 1391 983 1410 a
1002 1385 1173 1419 providentia
1193 1387 1250 1414 alto
1265 1388 1382 1415 consilio
1395 1389 1598 1423 gubernantur.
1617 1393 1691 1427 quod

896 1430 1005 1464 assequi
1020 1431 1115 1465 nequit
1131 1432 1251 1460 humana
1273 1434 1472 1469 intelligentia;
1499 1445 1549 1464 nec
1570 1439 1647 1466 vobis
1664 1439 1691 1467 id

896 1475 1038 1510 contingat
1053 1477 1126 1511 quod
1142 1479 1243 1507 canitis
1260 1488 1266 1506 :
1290 1480 1343 1517 Mei
1359 1487 1449 1509 autem
1464 1491 1527 1516 pene
1544 1486 1608 1511 moti
1628 1491 1689 1512 sunt

895 1521 989 1555 pedes:
1002 1530 1065 1556 pene
1075 1523 1153 1557 a/ftm'
1164 1529 1226 1551 sunt
1238 1534 1342 1560 gressus
1354 1528 1404 1554 mei
1415 1536 1425 1560 ;
1438 1529 1501 1562 quia
1514 1530 1597 1557 κίονὶ
1611 1539 1691 1566 super

895 1567 999 1602 t'm'qttos
1022 1568 1062 1601 ³³,
1090 1569 1143 1597 hoc
1163 1574 1191 1597 et
1213 1571 1279 1598 illud
1297 1571 1404 1601 videns.
1428 1575 1481 1603 Sed
1498 1575 1591 1603 audite
1601 1578 1690 1611 potius

893 1613 1028 1641 dicentem
1046 1615 1212 1643 Dominum:
1239 1616 1370 1652 Exspecta
1391 1627 1432 1647 me
1455 1621 1482 1647 in
1505 1622 1549 1649 die
1568 1630 1689 1650 resto-re-

894 1659 988 1686 ctionis
1005 1668 1068 1687 mea:
1084 1661 1118 1688 ⁸ο.
1134 1661 1167 1689 Et
1181 1671 1188 1690 :
1205 1662 1258 1695 Qui
1271 1665 1429 1692 sustinuerit
1443 1675 1525 1702 usque
1547 1668 1574 1695 in
1592 1668 1688 1703 ﬁnem,

895 1706 936 1732 hic
951 1705 1041 1734 salvus
1051 1707 1102 1735 erit
1118 1707 1151 1736 “.

1082 1849 1165 1878 XXII.
1187 1850 1330 1881 Fratribus
1343 1854 1506 1885 absentibus.

410 1906 438 1931 In
448 1911 549 1931 carcere
559 1906 652 1936 scripta
663 1909 782 1936 tanquam
801 1907 988 1930 testamentum.
1002 1905 1102 1938 (Baron.
1119 1915 1162 1934 an.
1174 1909 1230 1940 816,
1242 1916 1268 1935 n.
1281 1910 1334 1943 35.)

83 1963 208 1990 Πάντοτε
238 1961 288 1997 μὲν
318 1961 487 1988 διατίθεσθαι
516 1960 571 1996 χρὴ
599 1961 645 1988 τὸν
678 1961 844 1997 Χριστιανὸν

48 2010 85 2037 τὰ
103 2010 175 2044 πρὸς
200 2008 334 2035 θάνατον·
362 2007 481 2043 μάλιστα
500 2007 529 2034 δὲ
553 2007 656 2034 ὁπόταν
673 2009 842 2043 πειρασμοῖς

48 2055 194 2090 περιπαρῇ
218 2054 333 2081 θάνατον
353 2053 524 2081 ἀπειλοῦσιν.
545 2054 623 2080 Ἐπεὶ
650 2053 698 2081 οὖν
721 2053 843 2080 τοιοῦτον

48 2102 79 2128 τὸ
104 2101 168 2128 καθ’
183 2101 269 2136 ἡμᾶς,
301 2099 346 2126 διὰ
371 2100 421 2135 τὴν
451 2100 610 2135 σφύζουσαν
636 2100 692 2126 τῶν
718 2099 842 2126 διωκτῶν

49 2149 153 2183 μανίαν
170 2147 264 2174 εἵνεκα
288 2146 339 2182 τῆς
351 2145 471 2182 Χριστοῦ
495 2146 625 2182 ἀγάπης·
652 2145 699 2172 τοῦ
725 2154 843 2181 προκει-

49 2195 133 2229 μένου
149 2193 182 2229 δὴ
200 2192 352 2229 μαρτυρίου
366 2192 418 2227 τῆς
434 2193 499 2228 περὶ
512 2192 595 2219 αὐτὸν
609 2191 758 2227 ὁμολογίας
770 2199 777 2206 ·
793 2192 842 2218 καὶ

46 2240 98 2266 οὐκ
115 2236 175 2266 οῖδα
190 2239 217 2265 τί
245 2247 290 2274 μοι
317 2238 490 2274 ἀποϐήσεται
512 2238 620 2273 ἀθρόως
635 2237 693 2264 δντι
712 2246 840 2274 μεμονω-

48 2286 125 2321 μένῳ
137 2286 184 2312 καὶ
200 2284 404 2321 περιειργμένῳ
419 2284 528 2320 μακράν
551 2293 603 2311 που
625 2284 673 2319 ἀφ’
689 2285 768 2319 ὑμῶν
785 2283 840 2310 τῶν

45 2331 179 2359 ἁπάντων
193 2331 317 2365 ἀδελφῶν
330 2339 382 2365 μου
405 2331 453 2357 καὶ
475 2330 622 2365 Πατέρων·
647 2328 725 2361 ἔδοξα
749 2328 841 2361 καλῶς

46 2377 122 2413 ἔχειν
138 2376 299 2403 τελευταίαν
314 2375 397 2403 οίονεὶ
422 2376 526 2410 φωνὴν,
541 2376 643 2410 ταύτην
658 2375 709 2410 τὴν
729 2375 840 2402 ἐπιστο-

45 2422 97 2457 λὴν
114 2421 288 2458 παραθέσθαι
305 2422 381 2457 ὑμῖν,
396 2421 444 2448 καὶ
468 2421 503 2448 δι⁹
518 2421 596 2456 ὑμῶν
609 2420 686 2456 πάσῃ
712 2422 744 2456 τῇ
761 2421 839 2448 ἀδελ-

46 2469 158 2503 φότητι.
174 2468 266 2494 Καλὸν
283 2467 338 2504 γὰρ
355 2467 487 2499 πολλάκις
512 2466 681 2494 διατίθεσθαι
697 2467 744 2493 καὶ
774 2468 838 2494 ἐπι-

47 2514 152 2549 μένειν.
177 2512 195 2548 ἢ
223 2513 373 2549 προσδοκίᾳ
401 2512 475 2548 ζωῆς
512 2513 627 2546 ἐξάπινα
659 2512 838 2547 ἀνάρπαστον

44 2559 202 2594 γινόμενον,
228 2558 371 2585 ἀδιάθετον
393 2557 517 2589 ἀϐούλως
531 2557 836 2592 ὲγκαταλιμπᾱινεσθαι.

44 2605 77 2631 Τί
92 2605 186 2631 τοίνυν
210 2604 241 2631 τὸ
265 2604 373 2641 παρόν;
405 2603 516 2639 Ἐπειδὴ
547 2603 679 2634 πολλάκις
705 2602 757 2628 ὅσα
784 2601 838 2628 ἔδει

44 2651 145 2682 εἰπεῖν,
174 2650 230 2677 εἴτε
256 2650 364 2685 βαρέως
390 2650 519 2684 νοσήσας,
549 2648 604 2675 εῐτε
623 2647 752 2683 διωγμῶν
769 2656 839 2683 προ-

44 2698 200 2732 κειμένων,
227 2696 276 2723 xui.
299 2696 430 2732 διεθέμην
454 2697 503 2723 καὶ
529 2695 766 2731 ὑπεμνημάτισα·
791 2694 838 2721 καὶ

43 2742 124 2768 οὔπω
141 2741 221 2777 χρεία
235 2741 301 2777 περὶ
310 2742 365 2769 τῶν
381 2742 434 2777 ἤδη
449 2741 601 2776 λεχθέντων
616 2739 833 2792 δευτερολογεῖν.

51 2787 158 2814 Ἐκεῖνο
170 2787 290 2822 πρῶτον,
307 2787 420 2822 ἀδελφοί
437 2791 501 2823 μοι),
523 2787 567 2813 ἴνα
597 2794 643 2821 μοι
667 2787 836 2821 συγγνώμην

858 2269 881 2297 ι)

932 1960 1044 1996 Semper
1053 1963 1164 1998 quidem
1175 1965 1208 1992 ad
1219 1971 1335 1994 mortem
1347 1967 1441 1996 omnia
1454 1968 1599 2003 disponere
1608 1970 1688 1999 Chri-

895 2006 1013 2033 stianum
1029 2012 1156 2042 oportet:
1177 2010 1225 2037 sed
1244 2013 1304 2037 tum
1326 2013 1444 2040 maxime
1468 2021 1530 2041 cum
1555 2016 1688 2044 atruutnis

894 2055 1010 2077 mortem
1027 2051 1227 2094 intentautibus
1245 2059 1369 2089 urgetur.
1391 2055 1508 2089 Quando
1532 2058 1615 2094 igitur
1636 2060 1688 2088 hoc

894 2096 921 2124 in
945 2102 1018 2125 statu
1038 2103 1104 2125 sunt
1125 2107 1169 2127 res
1186 2093 1308 2133 nostrae,
1329 2102 1459 2130 saeviente
1478 2110 1686 2138 persecutorum

894 2143 971 2170 rabie
986 2143 1021 2171 ob
1031 2143 1135 2171 Christi
1152 2145 1330 2178 charitutem,
1345 2146 1404 2174 sive
1417 2147 1453 2174 ob
1473 2156 1593 2182 praesens
1607 2150 1687 2177 testi-

895 2189 1018 2216 monium
1033 2189 1216 2218 confessionis
1229 2191 1307 2226 ejus;
1329 2200 1379 2219 nec
1401 2194 1472 2221 scire
1491 2202 1604 2229 possum
1619 2196 1687 2230 quid

895 2234 986 2262 subito
1001 2239 1163 2262 eventurum
1183 2235 1220 2263 sit
1236 2237 1302 2263 mihi
1322 2237 1357 2264 ab
1373 2238 1435 2265 aliis
1454 2239 1598 2274 sejuncto,
1618 2249 1685 2275 pro-

894 2280 993 2314 culque
1007 2287 1022 2306 a
1039 2280 1116 2308 vobis
1133 2282 1263 2309 omnibus
1277 2281 1412 2311 fratribus
1432 2285 1499 2312 meis
1515 2293 1546 2312 ac
1559 2285 1687 2314 Patribus

895 2326 1078 2353 eireumeluso
1099 2335 1107 2353 :
1126 2328 1206 2355 "recte
1231 2328 1366 2356 facturum
1384 2337 1428 2357 me
1447 2331 1621 2363 existimavi.
1643 2333 1685 2365 si,

895 2377 1052 2404 supremam
1082 2371 1163 2398 veluti
1192 2380 1308 2406 vocem,
1337 2373 1409 2402 hanc
1436 2375 1579 2410 epistolam
1608 2377 1687 2404 vobis

892 2415 1111 2443 commendarem
1125 2437 1133 2450 ,
1159 2421 1187 2443 et
1209 2425 1257 2451 per
1280 2426 1330 2446 vos
1347 2419 1483 2448 universa
1507 2420 1684 2450 fraternitati.

892 2461 989 2489 Melius
1006 2463 1079 2490 enim
1094 2468 1136 2491 est
1149 2471 1221 2499 saepe
1234 2466 1352 2499 testari,
1367 2471 1395 2493 et
1410 2471 1587 2501 exspectare,
1601 2476 1684 2502 quam

893 2507 954 2535 vita:
973 2508 1104 2544 longioris
1121 2510 1329 2544 exspectatione
1347 2511 1439 2539 subito
1455 2512 1554 2546 abripi,
1573 2517 1600 2540 et
1614 2513 1685 2540 inte—

893 2559 995 2582 statum
1009 2555 1166 2583 inconsulto
1182 2556 1311 2591 relinqui.
1329 2557 1400 2590 Quid
1413 2565 1480 2592 ergo
1501 2565 1556 2585 non
1576 2560 1685 2587 restat?

892 2600 1120 2635 Quandoquidem
1140 2609 1212 2636 stupe
1234 2609 1407 2638 quaecunque
1424 2603 1517 2631 dicere
1534 2606 1684 2631 convenie-

892 2647 956 2679 bat,
981 2646 1024 2674 vel
1049 2646 1124 2682 gravi
1152 2648 1283 2682 quopiam
1307 2649 1405 2677 morbo
1426 2649 1609 2683 decumbens,
1640 2651 1682 2678 vol

892 2693 1012 2720 instante
1030 2693 1231 2727 persecutione,
1249 2694 1388 2727 recensui,
1404 2696 1599 2731 memoriaeque
1616 2704 1683 2731 sug-

890 2739 982 2775 gcssi;
1005 2747 1094 2774 neque
1117 2747 1192 2767 nunc
1211 2747 1280 2774 opus
1299 2745 1343 2768 est
1361 2748 1424 2776 qua:
1442 2742 1514 2770 dicta
1531 2747 1614 2771 sunt.
1631 2743 1681 2770 ite-

891 2791 952 2812 rum
969 2787 1104 2818 repetere.
1121 2782 1179 2811 lloc
1195 2784 1325 2818 primum,
1342 2784 1441 2815 fratres
1455 2787 1520 2820 mei,
1532 2792 1562 2815 ut
1573 2788 1679 2816 veniam

81 2843 105 2860 ³³
117 2843 190 2872 Psal.
207 2852 342 2877 Lxxxvtn,
358 2843 404 2873 58.
443 2843 464 2860 ³³
481 2843 553 2872 Psal.
570 2850 655 2875 Lxxu,
676 2842 703 2869 ἓ.
742 2842 765 2858 ⁸⁰
779 2842 843 2878 Sopl

898 2861 902 2869 .
919 2850 961 2874 Ill,
976 2841 1002 2868 8.
1041 2841 1062 2856 “
1080 2839 1163 2867 Marc.
1179 2848 1239 2873 xm,
1254 2841 1296 2868 15.
