1923 3078
233 114 300 148 1187

837 115 871 144 S.
889 115 1086 146 TIIEODORI
1104 116 1278 150 ΞΤΠΒῘΤίΕ

1792 111 1867 156 uss

231 171 298 198 mihi
314 170 384 197 detis
399 177 505 202 eorum,
521 178 581 206 qua:
597 170 707 205 przeler‘
717 169 852 196 rationem
873 170 900 196 in
919 171 1019 204 guber—

1087 174 1162 208 οίητε
1189 175 1232 209 ἐφ’
1259 172 1301 206 οἷς
1327 176 1404 210 παρὰ
1431 176 1510 211 λόγον
1536 177 1581 204 διὰ
1609 179 1659 214 τῆς
1687 179 1866 214 καθηγήσεως

230 217 340 243 natione
355 217 497 243 adversum
516 225 563 244 vos
580 217 637 243 dixi
653 216 694 244 vel
709 216 762 251 egi,
780 221 838 243 tum
854 217 947 248 verbo,
966 220 1023 243 tum

232 262 314 288 facto.
340 263 442 288 Delicta
458 262 527 288 enim
545 263 603 297 quis
622 262 748 296 intelliget
764 262 810 288 “i
832 262 881 289 Et:
901 262 1023 296 O/I'eudi-

232 316 288 334 mus
305 316 392 334 omnes
401 308 439 340 “;
461 312 488 335 et
504 316 554 342 ego
568 308 719 343 praisertim
737 309 860 334 omnium
884 308 1022 342 nequissi—

233 363 304 380 mus.
326 353 402 380 Unde
427 359 455 381 et
479 362 574 389 preces
597 359 703 381 vestras
729 354 847 388 imploro
872 353 905 380 ad
926 361 1025 381 conse-

233 400 368 434 quendam
385 399 500 427 salutem
525 407 686 426 :erumnosze
709 399 808 426 anima:
821 407 888 426 mea:
906 407 912 425 τ
929 399 1027 426 deinde

233 453 281 479 pro
302 446 449 477 fratribus,
463 446 509 480 qui
527 449 637 479 propter
652 449 760 478 peccata
788 452 849 471 mea
871 445 1024 478 segregati,

233 492 376 525 arulsique
390 495 454 518 sunt
478 499 492 523 a
515 491 652 518 nostrain
673 491 775 525 Spiritu
799 495 896 517 sancto
912 498 1027 525 congre-

234 539 352 571 gatione.
375 537 418 563 Est
434 538 554 571 quidem,
565 541 607 563 est
620 537 702 571 plane
718 536 846 563 nitiuihus
861 536 1026 570 patefactum

234 583 307 616 quod
321 584 361 609 eis
376 582 628 616 impendetjustum
647 581 693 608 Dei
709 582 846 616 judicium
861 590 868 608 :
885 587 1025 608 verumta-

236 637 297 654 men
316 628 380 662 quia
399 629 446 654 lilii
462 632 527 654 sunt
550 632 577 654 ct
593 627 715 654 membra
727 646 735 658 .
753 627 952 654 condolendum
974 627 1028 654 illis

235 680 277 702 est
288 695 295 706 ,
316 680 343 701 et
358 674 477 708 amplius
491 674 713 700 contestandum.
739 673 805 700 Dico
820 679 932 704 autem,
953 674 1026 700 fratri

236 721 350 748 Leontio
362 741 369 752 ,
388 721 507 747 Maximo
521 740 528 752 ,
545 719 677 746 Clementi
692 739 699 752 ,
723 720 784 746 aliis
807 719 954 752 omnibus,
980 719 1027 753 qui

234 768 342 802 seipsos
356 774 522 802 quacunque
541 766 630 793 inanis
651 769 800 799 prmlextus
823 765 914 799 specie
936 773 1028 799 segre-

235 819 352 850 garnnt;
371 821 431 848 qnze
445 814 471 840 in
489 820 533 839 me
546 812 657 847 quidem
674 811 863 843 admiserunt,
881 812 945 838 olim
958 811 1026 842 dixi.

1079 219 1158 251 ἔλεξα
1179 220 1195 255 ἢ
1222 221 1326 257 ἔδρασα
1350 223 1391 253 εἰς
1414 222 1487 258 ὑμᾶς
1509 223 1628 258 λογικῶς
1650 225 1697 250 καὶ
1713 233 1867 260 πραγματι-

1080 265 1145 297 κῶς.
1174 267 1331 301 Ἀμαρτίας
1344 268 1399 302 γὰρ
1424 270 1470 302 τίς
1488 270 1643 303 aur-1305;;
1670 270 1742 297 Καίο
1766 272 1867 298 [Ira/o-

1077 320 1135 346 μεν
1159 311 1309 346 ἅπαντες·
1333 314 1380 340 καί
1400 322 1432 348 γε
1470 315 1590 350 μάλιστα
1624 316 1679 350 ὲγὼ
1709 318 1723 343 ὁ
1748 306 1867 344 ’πάντων

1080 358 1256 392 ἀχρειότερος
1283 358 1447 394 ἀνθρώπων.
1466 361 1513 387 Διὸ
1533 361 1579 388 καὶ
1612 362 1775 398 ὲξαιτοῦμοιι
1796 363 1867 398 ὑμῶν

1080 404 1129 437 τὴν
1150 403 1307 439 προσευχὴν
1329 405 1368 436 εἰς
1392 404 1537 438 ἐπίτευξιν
1549 407 1688 442 σωτηρίας
1707 408 1756 443 τῆς
1777 408 1866 434 ταλαι-

1082 448 1174 483 πώρου
1204 458 1254 483 μου
1280 449 1387 484 ψυχῆς·
1418 450 1516 478 ἔπειτα
1551 452 1595 478 διὰ
1631 453 1695 485 τοὺς
1724 453 1797 480 κατὰ
1823 454 1867 485 τὰς

1081 490 1220 525 ἁμαρτίας
1254 500 1306 526 μου
1340 494 1552 529 ἀπορραγὲν-τας
1582 498 1633 531 τῆς
1666 497 1696 523 ὲν
1733 498 1868 533 Πνεύματι

1081 536 1152 571 ἁγίῳ
1178 537 1326 571 συναφείας
1356 539 1436 574 ἡμῶν
1465 540 1610 574 ἀδελφούς.
1638 542 1717 568 Ἐστι
1741 543 1792 577 μὲν
1813 542 1868 575 οὖν,

1082 582 1139 609 ἐστι
1156 583 1343 618 δεδηλωμένον
1361 586 1391 611 ὲν
1410 585 1497 612 ἅπασι
1509 586 1539 612 τὸ
1557 586 1662 614 ἔνδικον
1685 587 1779 620 αὐτοῖς
1794 589 1869 624 παρὰ

1082 627 1142 662 Θεῷ
1173 630 1279 664 κρῖμα·
1310 629 1367 656 ἀλλ’
1390 631 1466 665 ὅμως
1494 631 1557 658 ἐπεὶ
1586 633 1672 659 τέκνα
1704 634 1751 660 καὶ
1792 635 1868 670 μέλη,

1083 674 1297 708 συμπαθητέον,
1328 675 1376 702 καὶ
1413 677 1653 714 διαμαρτυρητέον
1689 679 1781 711 αὐτοῖς
1816 680 1867 708 ἔτι.

1082 719 1161 753 Λέγω
1174 719 1216 755 δὴ,
1237 720 1275 755 τῷ
1290 720 1398 756 ἀδελφῷ
1411 722 1543 758 Λεοντίῳ,
1563 723 1694 759 Μαξίμῳ,
1719 725 1870 759 Κλήμεντι,

1081 767 1138 796 τοῖς
1152 765 1241 798 ἄλλοις
1261 766 1360 798 ἅπασι,
1388 769 1446 800 τοῖς
1468 768 1530 795 καθ’
1555 769 1749 805 οἱονδηποτοῦν
1774 771 1872 805 τρόπον

1083 811 1300 846 προφασιλογίας
1317 813 1439 847 ματαίας
1465 814 1656 849 ἀποσχισθεῖσι
1668 823 1676 832 ”
1698 816 1732 842 τὰ
1749 817 1788 847 εἰς
1806 816 1872 851 ἐμέο

236 865 263 887 et
280 867 353 886 nunc
369 860 448 891 dico,
470 857 668 892 ignoscendum
684 857 738 884 illis
752 862 804 884 est.
827 857 880 884 Sed
897 857 1027 892 quoniam

1087 858 1129 884 mi.
1154 856 1231 884 εἶπον
1265 858 1368 890 πάλαι,
1395 859 1442 886 καὶ
1476 860 1548 894 λέγω
1579 861 1657 896 ἄρτι·
1680 862 1873 897 Συγχωρητέον

237 914 299 941 qua:
315 907 342 933 in
356 905 440 932 Deum
455 904 603 931 commissa
620 907 702 936 sunt,
720 903 840 930 hominis
859 911 911 930 non
930 908 989 935 est,
1006 904 1029 930 si

235 953 340 986 absque
360 950 519 984 paenitentia
541 953 695 980 maneant,
723 949 844 981 solvere;
874 949 912 976 illi
938 953 1029 976 autem

236 995 395 1030 poenitentia
411 993 534 1020 nondum
552 993 617 1020 tacti
634 992 782 1024 videnlur;
803 993 870 1027 quin
887 992 939 1019 alia
953 993 1031 1020 insu-

239 1049 286 1076 per
303 1041 360 1068 hmc
373 1045 399 1067 et
413 1040 458 1066 illa
471 1039 563 1074 egisse
575 1046 636 1073 qua:
651 1038 703 1072 ipsi
722 1041 824 1065 norunt
836 1048 842 1064 :
856 1038 987 1071 obsecro,
1003 1044 1032 1065 ut

238 1096 287 1123 per
297 1095 346 1114 vos
358 1087 414 1114 sive
427 1093 511 1118 nunc,
522 1086 578 1112 sive
594 1088 656 1119 post
666 1089 780 1111 mortem
792 1092 892 1115 meam,
903 1085 953 1111 hoc
967 1085 1031 1117 illis,

238 1134 420 1162 tentationum
435 1136 507 1159 metu
519 1151 527 1164 ,
544 1131 723 1158 denuntietur
736 1139 742 1157 :
762 1131 826 1165 quia
843 1131 941 1158 videtis
952 1151 958 1160 .
973 1130 1027 1158 fra-

238 1185 293 1209 tres
305 1201 312 1213 ,
331 1179 449 1207 terribile
470 1182 497 1206 et
517 1169 674 1205 inevitabile
688 1176 823 1211 judicium
839 1196 846 1209 ,
870 1177 923 1204 nisi
942 1176 1026 1203 Deum

238 1227 319 1261 digna
335 1224 493 1260 poenitentia
527 1222 701 1258 placaveritis
718 1229 726 1248 :
753 1226 886 1256 quantum
906 1222 978 1248 enim
996 1221 1028 1248 ad

239 1280 283 1300 me
308 1277 478 1306 peccator-em
505 1268 700 1304 ignoscendum
726 1273 767 1295 est
794 1268 883 1295 vobis.
912 1267 969 1295 IIoc
991 1271 1034 1295 est

240 1319 312 1355 quod
338 1317 461 1345 nonnihil
479 1324 523 1344 me
545 1315 689 1342 contristat
703 1334 710 1346 ,
735 1320 760 1340 el
781 1314 865 1341 tuenti
891 1313 1032 1341 occurrit:

239 1366 311 1402 quod
337 1370 367 1392 ut
385 1372 449 1400 erga
465 1370 561 1390 omnes
582 1361 729 1396 pcrﬁciatis
745 1368 794 1388 vos
812 1368 872 1387 oro.
898 1359 990 1387 Valete
1006 1359 1033 1386 in

239 1414 367 1441 Domino.

451 1456 548 1485 XXIII.
566 1471 600 1476 -—
613 1454 760 1489 Prwposila
778 1454 823 1489 (‘).

1085 903 1188 934 αὐτοῖς.
1215 903 1286 930 Ἀλλ’
1313 904 1408 940 ἐπειδὴ
1433 904 1469 931 τὰ
1496 906 1536 937 εἰς
1551 906 1629 938 Θεὸν,
1653 907 1704 934 οὐκ
1731 907 1872 942 ἀνθρώπου

1084 949 1160 975 λύειν
1179 949 1355 985 ἀμετανόητα
1371 951 1488 986 μένοντα
1499 959 1506 966 ·
1524 951 1553 978 οὐ
1568 952 1655 986 δήπου
1672 952 1700 979 δὲ
1716 961 1874 988 μετανενοη-

1086 994 1164 1026 κότες
1196 995 1355 1028 φαίνονται³
1393 996 1464 1023 ἀλλὰ
1498 997 1547 1024 καὶ
1586 998 1874 1034 προσεξεργασάμενοι

1085 1039 1165 1066 τοῦτο
1180 1041 1301 1073 κάκεῖνο,
1318 1040 1336 1068 ἆ
1356 1041 1428 1069 ἴσασι
1439 1049 1446 1057 ·
1462 1043 1626 1078 παρακαλῶ,
1640 1043 1674 1070 δι’
1690 1043 1767 1078 ὑμῶν
1782 1043 1799 1079 ἦ
1816 1043 1876 1076 νῦν,

1086 1087 1142 1112 sita
1172 1087 1242 1121 μετὰ
1267 1087 1383 1114 θάνατόν
1414 1096 1476 1122 μου,
1505 1089 1583 1124 φόϐῳ
1617 1089 1672 1116 τῶν
1700 1090 1876 1125 πειρασμῶν,

1085 1132 1197 1167 δοθῆναι
1221 1133 1314 1165 αὐτοῖς
1338 1133 1384 1160 τὸν
1411 1134 1509 1168 λόγοντ
1534 1135 1577 1162 ὅτι
1604 1135 1729 1170 βλέπετε,
1754 1136 1876 1170 ἀδελφὰ,

1087 1178 1204 1214 φοϐερὸν
1221 1179 1251 1205 τὺ
1278 1180 1367 1215 κρῖμα
1384 1181 1431 1206 καὶ
1453 1181 1643 1217 ἀπαραίτητον
1656 1190 1663 1197 '
1680 1183 1712 1208 εἰ·
1734 1184 1773 1217 μὴ
1795 1191 1878 1217 μετα·

1086 1225 1145 1260 νοίᾳ
1159 1224 1293 1260 ἀξιολόγῳ
1312 1224 1489 1257 ὲξιλεώσεσθε
1502 1227 1548 1253 τὸν
1560 1227 1641 1254 Θεόνο
1655 1228 1686 1254 τὸ
1704 1229 1758 1263 γὰρ
1773 1230 1802 1255 ὲν
1818 1230 1879 1264 ἐμοὶ

1085 1271 1125 1306 τῷ
1151 1271 1308 1307 ἁμαρτωλῷ
1331 1273 1523 1308 συγχωρητέον
1554 1274 1630 1308 ὑμῖν.
1655 1275 1742 1301 Τοῦτό
1762 1276 1824 1302 ἐστι
1850 1275 1879 1302 τὸ

1088 1317 1244 1344 ὑπολυποῦν
1275 1327 1309 1354 με
1339 1320 1387 1345 καὶ
1415 1321 1641 1355 παριστάμενον·
1678 1321 1692 1347 ὂ
1723 1321 1880 1348 διατελέσαι

1087 1361 1157 1396 πρὸς
1174 1362 1280 1394 πάντας
1297 1363 1416 1390 δυσωπῶ
1441 1365 1525 1400 ὑμᾶς.
1545 1365 1689 1401 Ἔρρωσθε
1717 1367 1746 1393 ἐν
1771 1367 1879 1403 Κυρίῳ.

1268 1456 1314 1482 ΚΓ
1315 1459 1332 1485 ¹,
1341 1471 1371 1477 -
1397 1456 1579 1493 ἰΙγ-ουμένῳ.
1591 1457 1684 1494 [σλβ’.]

733 1511 772 1536 De
786 1512 878 1536 sanctis
897 1510 1055 1542 imaginibus.
1070 1511 1170 1543 (Baron.
1184 1519 1224 1537 an.
1238 1513 1295 1544 816,
1309 1521 1334 1538 η.
1348 1514 1400 1546 5t.)

275 1573 400 1601 Paterna:
412 1568 551 1598 sanctitati
566 1572 663 1595 vestra:
680 1567 817 1595 scribendi
834 1574 937 1594 moram
958 1565 1009 1593 feci
1026 1575 1033 1593 :
1048 1569 1070 1600 C

243 1621 278 1648 ita
296 1619 405 1655 quidem
421 1616 568 1651 impeditus
588 1614 670 1648 abea
685 1613 809 1640 custodia
830 1620 891 1647 quae
916 1619 960 1638 me
982 1612 1036 1638 cir-

241 1669 370 1695 cumstat.
384 1663 483 1690 Audivi
495 1662 637 1689 enimvero
649 1660 714 1687 olim
728 1659 848 1686 careeris
862 1663 971 1693 propter
985 1658 1037 1684 Do-

243 1712 347 1739 minum
366 1717 398 1736 ac
412 1707 572 1736 certaminis
588 1706 628 1733 tui
647 1705 779 1733 laborem.
799 1703 852 1731 Sed
878 1703 1037 1730 benedictus

241 1758 314 1785 Deus
334 1756 381 1791 qui
402 1759 429 1782 et
451 1754 624 1781 sanctitatem
642 1756 717 1778 tuam
743 1750 851 1777 vocavit
873 1749 906 1776 ad
928 1748 1037 1776 confes-

242 1804 347 1831 sionem
365 1799 426 1827 Filii
443 1799 485 1826 sui
500 1798 564 1825 .lesu
580 1796 693 1828 Christi,
710 1794 816 1821 Domini
832 1798 859 1820 et
876 1792 922 1820 Dei
938 1792 1037 1820 nostri.

243 1848 338 1882 Neque
354 1847 428 1874 enim
442 1844 518 1872 aliud
532 1849 573 1870 est
589 1849 639 1877 pro
652 1841 770 1876 imagine
783 1839 880 1866 formze
894 1839 967 1866 illius
977 1846 1038 1866 cor-

243 1902 333 1930 porea:
347 1894 501 1923 decertare,
515 1897 598 1925 quam
612 1895 661 1924 pro
675 1887 735 1922 ipso
749 1886 911 1921 martyrium
927 1884 1036 1912 facere:

242 1938 465 1976 quandoquidem
478 1944 561 1963 unum
577 1934 704 1967 idemque
716 1936 769 1966 est,
782 1932 872 1967 quoad
885 1938 1038 1965 reprtesen-

243 1985 319 2014 tandi
336 1984 401 2017 vim,
418 1987 445 2010 et
460 1983 549 2017 imago
563 1984 591 2008 et
606 1980 629 2007 is
644 1979 690 2014 qui
709 1977 827 2012 imagine
845 1976 1037 2003 adumbralur.

246 2030 358 2066 Dcpingi
373 2033 465 2057 autem
475 2027 634 2058 Christum,
655 2025 697 2051 vel
714 2024 818 2058 lapides
844 2022 895 2058 ipsi
908 2021 1037 2049 clamant.

243 2078 349 2106 Idcirco
371 2075 471 2103 similis
487 2073 575 2100 factus
591 2077 633 2099 est
653 2070 732 2097 nobis
754 2077 801 2104 per
821 2068 914 2096 omnia
935 2067 1040 2102 absque

245 2128 369 2160 peccato,
386 2123 458 2149 sient
474 2120 607 2154 scriptum
621 2122 666 2144 est
677 2116 720 2143 “z
739 2115 842 2150 absque
859 2118 972 2149 peccato
987 2121 1038 2140 au-

245 2174 299 2195 tem
311 2188 318 2201 ,
336 2166 409 2202 quod
425 2165 484 2193 sine
499 2163 603 2191 semine
619 2168 730 2190 carnem
747 2159 862 2194 accepit,
876 2163 1040 2194 conceptus-

214 2227 216 2229 -
244 2222 298 2250 quc
321 2218 362 2241 est
383 2210 510 2246 virginali
534 2216 610 2236 more
633 2215 668 2235 ex
689 2205 868 2234 sanctissima
891 2203 978 2232 Matre
1007 2211 1040 2231 ac

247 2260 372 2294 Deipara.

281 2303 398 2337 Quando
426 2305 551 2329 nostrum
580 2299 663 2335 igitur
691 2296 884 2332 unusquisque
914 2295 1037 2330 pingitur

247 2353 326 2387 (nam
345 2350 390 2384 qui
412 2349 487 2384 pingi
505 2347 619 2382 nequit,
643 2353 696 2373 non
712 2345 736 2372 is
753 2344 836 2371 homo
849 2363 856 2375 ,
873 2342 920 2370 sed
935 2342 1039 2369 aborti-

247 2404 312 2423 vum
326 2395 455 2430 quiddam
469 2398 511 2421 est
528 2402 535 2420 :
554 2393 648 2420 vivens
663 2391 737 2418 enim
751 2388 909 2424 quodlibet,
922 2387 995 2422 quod
1011 2387 1039 2414 in

248 2441 336 2468 Iuecm
354 2439 430 2471 exit,
453 2443 548 2465 natura
567 2437 648 2464 habet
671 2440 701 2462 ut
721 2435 809 2469 ipsum
830 2433 903 2468 pingi
924 2432 1039 2467 possit),

249 2487 339 2522 pictus
353 2485 481 2512 videlicet
505 2488 533 2511 et
556 2483 684 2510 Christus
698 2485 759 2508 est:
783 2480 835 2508 etsi
856 2479 935 2506 aliter
951 2477 1043 2512 impiis

250 2533 368 2565 videtur,
381 2531 427 2566 qui
440 2529 569 2558 salutaris
582 2527 695 2564 proinde
708 2524 924 2561 dispensationis
938 2528 1043 2558 myste-

252 2579 321 2605 rium
334 2578 479 2611 abnegaut.
494 2574 563 2601 Nam
575 2581 630 2608 quo
643 2579 722 2607 pacto
734 2570 859 2599 conﬁteri
871 2570 933 2597 licet
944 2568 1042 2596 Filium

254 2623 300 2651 Dei
318 2623 474 2653 hominem,
500 2621 571 2648 sicut
586 2627 636 2647 nos
650 2638 658 2651 ,
680 2617 844 2652 appellatum
857 2635 865 2647 ,
881 2623 1000 2650 quorum
1016 2619 1044 2642 et

253 2670 337 2696 frater
351 2667 504 2702 nuncupari
520 2666 623 2698 voluit;
644 2664 698 2691 nisi
715 2671 793 2698 aeque
809 2670 841 2690 ac
857 2668 907 2688 nos
922 2661 1043 2688 circum-

254 2715 390 2744 scribatur
400 2715 412 2740 ἶ)
424 2715 478 2740 Aut
493 2712 631 2748 quomodo
651 2711 709 2746 lege
724 2716 828 2738 natura:
853 2717 947 2738 natum
961 2730 969 2744 ,
992 2710 1046 2738 nisi

290 2772 314 2788 θ’
330 2770 403 2798 Psal.
421 2778 497 2803 xvm,
517 2771 558 2798 l3.
598 2770 620 2786 ⁸³
634 2770 693 2798 Jac.
710 2777 752 2804 Ill,
764 2769 790 2796 '2.
831 2769 854 2785 ⁸³
875 2768 954 2797 llcbr.
970 2776 1008 2801 iv,
1027 2768 1068 2795 15.

294 2831 331 2866 (⁵)
350 2831 518 2867 Dogmalica.

1130 1569 1282 1604 Ἐὁράδυνα
1296 1570 1449 1597 ἐπιστεῖλαι
1464 1572 1497 1606 τῇ
1513 1572 1635 1607 πατρικῇ
1651 1579 1698 1597 σου
1720 1572 1865 1606 αγιωσυνῃ
1875 1578 1882 1586 ·

1087 1613 1158 1641 οὕτω
1183 1623 1240 1647 πως
1264 1616 1439 1651 ἐμποδισοεὶς
1467 1617 1520 1643 ὑπὸ
1551 1617 1601 1652 τῆς
1636 1618 1825 1652 περιεχούσης
1852 1626 1885 1653 με

1087 1660 1250 1694 ἀσφαλείας.
1287 1661 1363 1688 Ἐπεὶ
1392 1662 1474 1688 πάλαι
1511 1662 1640 1698 ἀκηκοώς
1665 1663 1723 1697 εἰμι
1751 1663 1805 1697 τῆς
1841 1663 1886 1689 διὰ

1088 1706 1192 1741 Κύριον
1216 1706 1340 1742 φυλακῆς
1368 1708 1417 1734 καὶ
1442 1708 1614 1744 ὲναολήσεώς
1641 1717 1689 1734 σου
1712 1709 1758 1734 τον
1773 1708 1888 1742 ἀγῶνα.

1094 1752 1165 1778 ’Λλλ¹
1180 1752 1327 1788 εὐλογητὸς
1341 1754 1355 1779 ὁ
1386 1753 1463 1787 Θεὸς,
1481 1755 1495 1780 ὁ
1523 1754 1571 1780 καὶ
1593 1754 1641 1789 τὴν
1666 1754 1715 1789 σὴν
1742 1755 1887 1789 ὁσιότητα.

1089 1799 1210 1830 καλέσας
1224 1799 1264 1830 εἰς
1277 1799 1327 1835 τὴν
1348 1799 1496 1834 ὁμολογίαν
1527 1800 1574 1826 τοῦ
1592 1799 1658 1826 Υἱοῦ
1683 1799 1767 1827 αὑτοῦ
1795 1800 1890 1835 Ἰησοῦ

1088 1844 1221 1878 Χριστοῦ,
1238 1843 1286 1870 τοῦ
1306 1844 1409 1880 Κυρίου
1434 1844 1482 1871 καὶ
1497 1844 1565 1871 Θεοῦ
1593 1844 1685 1881 ἡμῶν,
1716 1844 1754 1870 Οὐ
1784 1846 1849 1880 γάρ
1866 1853 1891 1870 τι

1089 1890 1153 1917 ἄλλο
1167 1891 1227 1916 ἐστὶ
1240 1890 1270 1917 τὸ
1280 1890 1351 1925 ὑπὲρ
1368 1891 1418 1925 τῆς
1432 1890 1538 1922 εἰκόνος
1550 1889 1598 1916 τοῦ
1621 1890 1780 1925 σωματικοῦ
1804 1890 1892 1917 αὐτοῦ

1090 1936 1269 1972 χαρακτῆρος
1287 1936 1422 1968 ὲναολεῖν,
1438 1936 1454 1971 ἢ
1475 1936 1506 1962 τὸ
1523 1936 1588 1971 περὶ
1616 1936 1700 1964 αὑτοῦ
1720 1938 1893 1971 μαρτυρεῖν.

1096 1982 1208 2017 Ἐπειδὴ
1235 1981 1263 2008 ἓν
1280 1981 1328 2007 καὶ
1347 1981 1446 2007 ταυτὸν
1461 1982 1494 2017 τῇ
1515 1982 1666 2017 ὁμοιωτικῇ
1691 1981 1863 2011 ὑποστάσει,
1879 1982 1895 2015 ἡ

1091 2027 1172 2054 εἰκὼν
1185 2027 1254 2063 πρὸς
1270 2028 1315 2054 τὸν
1338 2026 1551 2063 εἰκονιζόμενον.
1577 2027 1639 2054 Ὅτι
1670 2027 1699 2053 δὲ
1719 2028 1897 2060 εικενίζεται

1090 2072 1219 2108 Χριστὸς,
1234 2072 1282 2098 καὶ
1296 2072 1320 2098 οἱ
1336 2071 1406 2098 λίθοι
1426 2072 1591 2107 κεκράγασι.
1608 2072 1682 2098 Διότι
1706 2072 1807 2106 ὅμοιος
1826 2074 1898 2108 ἡμῖν

1091 2119 1189 2153 γέγονε
1199 2119 1270 2146 κατὰ
1281 2119 1372 2145 πάντα
1381 2118 1449 2153 πλὴν
1459 2118 1613 2154 ὰμαρτίας’
1626 2118 1698 2145 καθὰ
1710 2118 1882 2154 γέγραπται
1891 2127 1898 2134 ·

1092 2164 1231 2199 ἁμαρτίας
1242 2164 1280 2196 δὲ,
1292 2164 1333 2190 ὅτι
1346 2162 1410 2190 ἄνευ
1427 2165 1533 2199 σπορᾶς
1548 2164 1644 2199 εἴληφε
1660 2164 1710 2198 τὴν
1720 2164 1833 2199 σάρκα,
1850 2165 1900 2191 καὶ

1093 2208 1198 2243 ὲχυήοη
1217 2207 1392 2243 παρθενικῶς
1406 2208 1439 2234 ὲκ
1453 2207 1504 2242 τῆς
1520 2208 1657 2242 παναγίας
1677 2208 1763 2235 αὺτοῦ
1784 2210 1903 2245 μητρὸς

1092 2255 1138 2282 καὶ
1155 2254 1298 2281 Θεοτόκου.
1838 2290 1841 2292 η

1132 2301 1209 2327 Ἐπεὶ
1223 2299 1270 2326 οὖν
1289 2301 1371 2335 ἡμεῖς
1387 2301 1581 2336 είκονιζὸμεθα
1604 2301 1742 2333 ἅπαντες¹
1775 2302 1812 2334 ὃς
1846 2303 1905 2338 γὰρ

1091 2346 1142 2373 οὐκ
1158 2346 1335 2378 εἰκονίζεται,
1354 2347 1404 2373 οὐκ
1418 2346 1575 2382 ἄνθρωπος,
1605 2347 1675 2374 ἀλλά
1690 2356 1716 2373 τι
1736 2347 1904 2384 ἐκτρωμα·

1093 2393 1134 2419 ὅτι
1145 2393 1191 2418 καὶ
1208 2393 1262 2419 πᾶν
1288 2392 1355 2424 ζῶον
1370 2394 1409 2425 εἰς
1433 2393 1491 2428 φῶς
1509 2393 1587 2420 ὲλοδν
1600 2393 1787 2424 εἰκονίζεσοαι
1808 2396 1909 2429 πέψα-

1096 2445 1158 2463 κεν·
1182 2437 1331 2464 εἰκόνισται
1356 2438 1480 2474 δηλονότι
1509 2439 1557 2465 καὶ
1585 2439 1723 2473 Χριστός·
1751 2440 1811 2466 κᾶν
1848 2443 1911 2473 τοῖς

1095 2481 1185 2512 ἀθέοις
1199 2481 1229 2507 οὐ
1245 2482 1323 2517 δοκῇ,
1339 2482 1520 2518 ἀρνουμένοις
1539 2482 1667 2509 ἐντεῦθεν
1684 2482 1715 2508 τὸ
1730 2482 1784 2515 τῆς
1806 2493 1911 2519 σωτη-

1096 2528 1155 2563 ρίου
1170 2528 1329 2563 οἰκονομίας
1345 2530 1506 2564 μυστήριον.
1530 2528 1592 2560 Πῶς
1619 2530 1673 2564 γὰρ
1700 2529 1734 2555 ἂν
1756 2530 1913 2566 ὁμολογη-

1095 2574 1154 2609 θείη
1170 2575 1184 2600 ὁ
1196 2574 1259 2606 Υἱὸς
1269 2575 1316 2601 τοῦ
1325 2574 1393 2601 Θεοῦ
1401 2575 1544 2610 ἄνθρωπος
1551 2575 1721 2610 χρηματίσαι
1734 2575 1804 2601 καθ’
1816 2577 1913 2612 ἡμᾶς.

1093 2616 1131 2646 ὧν
1145 2620 1194 2646 καὶ
1209 2620 1323 2655 ἀδελφὸς
1337 2620 1436 2654 ἠξίωσε
1466 2620 1601 2655 κληθῆναι
1614 2639 1622 2651 ,
1651 2620 1689 2655 μὴ
1706 2620 1817 2655 ἐπίσης
1841 2624 1913 2657 ἡμῖν

1098 2666 1349 2701 περιγραςιόμενοκ
1363 2665 1425 2696 Πῶς
1442 2665 1471 2692 δὲ
1489 2665 1655 2701 γεννηθῆναι
1673 2665 1749 2700 νόμῳ
1771 2667 1913 2701 φύσεως,

1102 2711 1140 2747 μὴ
1151 2710 1274 2746 ἐμφερὴς
1291 2710 1328 2738 ὢν
1347 2711 1382 2746 τῇ
1401 2711 1491 2746 οἰκείᾳ
1512 2711 1615 2747 puppi;
1636 2711 1667 2738 Εἰ
1691 2708 1739 2738 οὖν
1760 2712 1798 2738 οὺ
1827 2722 1913 2750 περι·
