1923 3078
56 113 122 146 1189

650 112 920 143 EPISTOLARUM
955 113 1029 143 LIB.
1048 113 1089 142 II.

1617 111 1685 144 1190

54 172 209 205 γέγραπται
221 190 227 201 ,
243 169 292 196 οὐκ
307 170 340 196 ἐκ
352 169 406 196 τῶν
419 168 592 204 παρϐενικῶν
604 170 691 205 αὐτῆς
705 170 841 204 αἱμάτων,

901 170 932 196 sit
957 169 1038 196 matri
1062 175 1117 195 suae
1133 167 1254 195 similis?
1278 165 1335 194 Nisi
1352 167 1434 203 igitur
1451 172 1494 195 est
1509 167 1686 196 clrcumscrL

54 214 126 248 ὲξῶν
141 215 383 249 ὲπλαστούργησεν
411 215 501 250 ἑαυτῷ
529 214 602 246 ναὸν,
632 214 689 240 ἀλλ’
717 215 866 249 οὐράνιονν

53 263 142 297 φέρων
159 261 238 296 σῶμα
249 269 256 276 ·
272 260 364 292 καθὼς
385 260 539 296 Μαρκέλλῳ
553 260 592 295 τῷ
607 259 740 295 αἱρετικῷ
756 260 841 293 δοκεῖ,

57 308 103 332 καὶ
133 307 191 336 τοῖς
220 305 274 340 πρὸ
300 304 384 332 αὐτοῦ
410 305 496 332 πάλαι
519 304 657 339 ἀσεβέσιν.
698 304 841 331 Ἐντεῦθεν

53 352 146 378 λοιπὸν
165 351 225 378 οὐδὲ
243 351 336 386 μήτηρ
352 351 461 385 ἀληθῶς
478 351 494 386 ἡ
519 351 622 386 μήτηρ,
640 351 709 378 ἀλλὰ
735 350 842 385 ψευδώ-

55 403 155 430 νυμος⁸
172 395 227 421 οὐδ’
240 396 308 430 ἡμῖν
329 395 432 430 ὅμοιος,
454 395 512 421 ἀλλ’
532 395 712 430 ἑτεροοὺσιος.
732 395 768 421 Οὸ
789 394 842 429 μὴν

56 442 117 467 οὗτε
140 441 227 476 ’Λδὰμ
248 440 450 475 ἀνακέριληται·
467 441 525 471 πῶς
541 440 594 475 γὰρ
613 441 666 473 iv;
688 440 844 476 ἐτερογενεϊ

55 486 235 520 ἀναστήσεται
252 484 358 520 σώματι
379 485 409 510 τὸ
423 484 531 519 χοϊχόν;
560 484 634 511 Διότι
652 484 691 519 τῷ
716 485 802 520 ὁμοίῳ
813 484 843 511 τὸ

55 531 146 566 ὅμοιον
169 529 359 562 ἀνασώζεσθαι
376 529 522 556 δέδεικται.
541 529 611 556 Οὔτε
636 527 683 556 οὖν
696 531 711 556 ὸ
727 530 842 561 Θάνατος

54 576 208 610 κατεπόθη,
235 575 308 602 κατὰ
332 576 363 601 τὸ
387 575 552 602 ἀκόλουθον
588 574 652 601 οὔτε
689 576 707 610 ἡ
742 575 842 611 νομικὴ

54 621 167 657 λατρεία
207 622 360 648 πέπαυται·
394 621 476 657 χρεία
513 621 677 657 περιτομῆς,

56 676 166 695 λοιπων.

714 623 760 648 καὶ
788 621 843 648 τῶν

94 756 187 792 Ὁρᾷς,
197 752 220 783 ὣ
231 756 277 783 τοῦ
292 756 359 783 Θεοῦ
373 756 511 792 ἄνθρωπε,
527 757 567 789 εἰς
585 757 599 783 ὃ
615 757 753 793 βάραθρον
781 758 845 784 ἀσε-

55 801 132 833 ϐείας
153 801 315 837 ἐληλακότες
341 803 527 838 ὲνεπάρησαν,
549 804 581 829 ὲκ
603 803 651 830 τοῦ
677 803 715 838 μὴ
742 804 845 839 ἐγγρά-

55 848 154 880 φεσθαι
169 847 214 874 τὸν
231 847 349 883 Χριστὸν
362 848 391 874 ἐν
412 848 508 875 πίνακι
533 848 658 881 δοξάζειν
686 850 710 876 ot
731 850 842 876 Εἰκονο-
857 840 880 869 Β

56 893 157 927 uexat;
191 893 382 924 Ἰουδαῖζουσιν
409 893 464 928 ἄρα
508 893 668 928 ἀσφαλῶς(
702 893 844 921 Ἐντεῦθεν

55 938 117 964 οὔτε
136 938 186 972 τὴν
200 938 340 970 Θεοτόκον,
368 938 430 965 οὔτε
458 939 519 965 τινὰ
543 939 598 966 τῶν
620 941 706 974 ἁγίων
726 940 845 975 παραδέ-

56 992 168 1018 χονται,
186 984 230 1010 διὰ
254 985 305 1019 τῆς
332 984 388 1011 τῶν
411 985 521 1012 οἰκείων
545 985 637 1012 αὐτῶν
660 987 845 1021 χαρακτήρων

56 1030 209 1064 ἀρνήσεως,
232 1031 295 1061 τοὺς
316 1031 607 1066 χαρακτηριζομένους
626 1031 844 1066 βδελυττόμενοι.

62 1074 93 1101 Ἡ
104 1075 158 1109 γὰρ
168 1075 218 1109 τῆς
236 1076 339 1107 εἰκόνος
349 1076 415 1112 τιμὴ
426 1077 473 1103 καὶ
486 1076 584 1111 ἀτιμία
597 1077 645 1103 ἐπὶ
655 1077 686 1103 τὺ
701 1077 844 1112 πρωτότο-

54 1127 106 1145 πον
116 1119 250 1146 διαϐαίνει
263 1140 270 1152 ,
284 1119 321 1151 ὤς
334 1129 417 1155 φησιν
442 1122 456 1147 ό
470 1120 558 1156 μέγας
572 1121 724 1152 Βασίλειος.
749 1121 846 1147 Βδέλυ-

55 1165 101 1197 ξαι
126 1166 172 1192 τὸν
194 1165 281 1193 τύπον
308 1167 355 1193 τοῦ
383 1166 517 1202 σταυροῦ”
539 1168 587 1194 καὶ
606 1167 667 1204 τίνα
694 1167 844 1203 βδελύσσῃ;

55 1211 118 1246 οὐχὶ
128 1211 174 1237 τὸν
187 1210 319 1243 ζωοποιὸν
343 1212 475 1247 σταυρόν;
500 1212 593 1244 Οὕτως
622 1211 670 1239 τοῦ
698 1212 844 1247 βασιλέως,

54 1257 146 1288 οὕτως
159 1257 314 1284 οὑτινοσοῦν
329 1257 474 1293 ἀνθρώπου
484 1267 490 1273 -
502 1258 574 1284 οὕτω
590 1259 637 1285 καὶ
651 1258 699 1285 τοῦ
715 1258 845 1293 Χριστοῦ,

54 1303 106 1337 τῆς
119 1311 150 1329 τε
164 1303 278 1339 Μητρδς
296 1303 392 1335 αὐτοῦ,
419 1303 466 1330 καὶ
481 1304 581 1336 παντὸς
599 1305 690 1338 ἁγίου.
710 1305 847 1339 Ἦρνηται

54 1349 104 1376 νῦν
119 1351 134 1375 ὁ
147 1349 275 1384 Χριστὸς,
291 1350 338 1375 καὶ
348 1349 504 1382 δεδίωκται,
525 1350 572 1376 καὶ
586 1349 772 1382 ὲξουδένωται.
794 1351 848 1378 Καὶ

55 1393 196 1428 μακάριος
215 1391 249 1423 εί,
263 1393 364 1428 Πάτερ,
380 1393 500 1420 ὲναθλών
523 1394 571 1420 καὶ
595 1395 776 1430 ἀντεχόμενος
798 1396 848 1430 τῆς

53 1436 225 1470 ὀρθοδοξίας.
234 1436 314 1463 Ἀλλὰ
330 1437 482 1472 προσεύχου
495 1439 542 1465 καὶ
561 1439 632 1474 ὑπὲρ
658 1440 726 1474 ἐμοῦ
745 1440 792 1466 τοῦ
808 1441 847 1466 ol-

893 220 968 250 ptus,
986 223 1040 242 non
1052 223 1085 242 ex
1099 215 1223 249 virginali
1242 215 1328 249 ipsius
1342 215 1476 250 sanguine
1487 235 1494 246 ,
1514 222 1547 242 ex
1566 223 1620 249 quo
1633 215 1686 243 sibi

894 261 950 295 ipse
961 261 1094 295 templum
1107 261 1253 292 exstruxit,
1268 260 1314 288 sed
1326 260 1438 287 caeleste
1451 260 1559 294 praefert
1573 268 1686 295 corpus.

893 306 932 332 uti
948 305 1076 333 Marcello
1091 306 1218 333 haeretica
1236 305 1323 332 visum
1348 309 1408 336 est,
1433 305 1593 340 celerisque
1618 305 1684 332 olim

892 352 986 386 impiis
1001 357 1064 380 ante
1077 352 1180 386 ipsum.
1198 351 1276 379 Unde
1294 356 1496 378 consectarium
1512 355 1554 378 est
1567 370 1574 382 ,
1592 356 1622 377 ut
1639 358 1687 378 ne-

894 405 948 432 que
964 402 1050 424 mater
1062 405 1123 424 vere
1138 403 1225 424 mater
1242 398 1289 428 sit,
1305 397 1352 424 sed
1366 397 1464 423 falsum
1480 403 1577 422 nomen
1592 401 1666 430 gerat
1680 405 1686 421 :

894 450 944 470 nec
960 443 1006 470 ille
1021 443 1121 470 similis
1135 442 1226 475 nobis,
1242 443 1288 469 sed
1301 446 1405 469 naturae
1423 441 1577 468 dissimilis.
1595 441 1688 475 Neque

894 487 978 521 igitur
994 487 1080 515 Adam
1098 488 1251 522 appellatus
1266 491 1307 514 est
1322 496 1328 513 :
1350 495 1411 513 nam
1428 494 1484 521 quo
1500 486 1525 513 id
1540 487 1639 520 pacto?
1659 487 1687 512 In

894 533 1008 561 alterius
1019 536 1125 560 natura:
1136 540 1251 567 corpore
1265 538 1390 566 resurget
1402 532 1476 566 quod
1489 536 1618 558 terrestre
1627 531 1689 557 est?

893 580 974 607 Certe
989 579 1071 607 simili
1095 579 1185 606 simile
1205 578 1304 605 salvari
1327 578 1497 612 intelligitur.
1524 579 1617 611 Neque
1642 576 1689 611 igi-

895 628 940 651 tur
957 625 1040 658 (nam
1063 624 1089 650 id
1106 628 1148 651 est
1162 631 1195 650 ex
1211 630 1244 649 eo
1261 623 1452 656 consequens)
1469 629 1543 649 mors
1560 622 1686 656 absorpta

891 674 934 702 est
948 690 954 702 ,
970 677 1058 704 neque
1075 669 1173 703 legalis
1189 668 1308 695 servitus
1321 667 1401 695 desiit
1415 676 1422 694 :
1445 672 1502 694 tum
1515 675 1578 694 vero
1592 672 1619 695 et
1634 668 1688 694 cir-

895 715 1065 742 cumcisione
1077 734 1085 747 ,
1101 718 1128 741 et
1143 714 1256 748 reliquis
1269 721 1349 747 opus.

932 760 1024 793 Vides,
1043 768 1060 787 o
1080 761 1162 787 homo
1177 759 1224 787 Dei
1238 780 1245 792 ,
1267 760 1293 786 in
1309 766 1390 794 quem
1405 759 1523 787 demersi
1540 759 1687 794 impietalis

896 804 1029 839 gurgitem
1043 804 1216 831 lconomachi
1230 804 1402 835 devenerint,
1415 811 1469 830 non
1482 804 1590 838 depingi
1604 804 1686 831 Chri-

895 854 967 876 stum
995 849 1021 875 in
1049 849 1140 876 tabula
1167 850 1340 876 statuentes?
1363 849 1475 883 Absque
1498 850 1553 876 ulla
1579 849 1687 876 dubita-

896 893 1130 926 tionejudaitant.
1145 892 1215 919 llinc
1229 900 1319 927 neque
1339 893 1491 927 Deiparam,
1510 901 1559 920 nec
1573 900 1686 922 sancto—

896 946 955 966 rum
967 945 1131 973 quemq-iam
1148 938 1306 971 admittunt,
1321 946 1369 973 per
1385 939 1556 973 negationem
1571 941 1688 974 propria:

897 984 1021 1019 ipsorum
1043 984 1079 1011 for
1090 991 1150 1015 mae,
1166 991 1214 1011 eos
1230 991 1339 1018 quoque
1354 992 1472 1018 quorum
1491 984 1577 1012 forma
1597 986 1688 1020 expri-

896 1030 992 1062 mitur,
1007 1034 1193 1057 exsecrantes.
1219 1029 1348 1064 hnaginis
1363 1031 1437 1057 enim
1460 1030 1547 1057 honor
1570 1035 1689 1061 etwon—

896 1080 1016 1110 temptus
1032 1075 1059 1102 in
1076 1080 1248 1109 prototypum
1271 1074 1357 1107 redit,
1378 1079 1408 1102 ut
1425 1082 1539 1110 magnus
1555 1076 1593 1102 ait
1607 1075 1685 1103 Basi-

898 1122 959 1149 lius.
976 1121 1072 1149 Crucis
1097 1121 1305 1148 similitudinem
1322 1121 1474 1149 exsecraris
1491 1129 1498 1148 :
1525 1129 1606 1156 quam
1631 1130 1687 1149 rem

897 1172 923 1195 te
939 1166 1077 1194 exsecrari
1102 1166 1216 1194 censes?
1243 1174 1333 1193 nonne
1353 1167 1441 1201 ipsam
1463 1167 1599 1194 vivilicam
1625 1175 1688 1195 cru-

897 1212 973 1241 cem?
987 1212 1031 1240 Sic
1046 1213 1079 1239 de
1095 1212 1166 1247 regis
1182 1211 1280 1247 elligie,
1295 1216 1342 1239 aut
1359 1212 1480 1247 cujusvis
1496 1212 1634 1239 hominis:
1650 1212 1691 1239 sic

896 1264 923 1286 et
940 1258 1058 1291 Christi,
1073 1262 1099 1285 et
1114 1257 1208 1285 illati-is
1219 1258 1279 1293 ejus
1299 1263 1327 1285 et
1340 1259 1426 1285 sancti
1442 1258 1596 1293 cujuslibet.
1613 1257 1692 1285 Nunc

896 1303 1025 1331 Christus
1042 1309 1156 1338 negatus
1171 1309 1222 1335 est,
1240 1308 1267 1330 et
1283 1304 1504 1338 persecutionem
1522 1311 1619 1338 passus
1633 1308 1690 1336 est,

899 1354 927 1376 et
943 1349 1095 1384 despicatui
1113 1349 1220 1376 habitus
1235 1354 1284 1376 est.
1301 1349 1333 1376 Et
1357 1350 1451 1376 beatus
1465 1357 1509 1382 es,
1524 1348 1613 1380 Pater,
1628 1356 1690 1375 eum

899 1395 1018 1422 dimicas
1033 1403 1065 1422 ac
1077 1395 1211 1422 obniteris
1226 1403 1276 1430 pro
1289 1396 1442 1422 orthodoxa
1459 1395 1520 1422 lide.
1535 1395 1586 1422 Sed
1600 1398 1627 1421 et
1642 1402 1692 1429 pro

899 1448 941 1467 me
958 1441 1059 1468 misero
1075 1448 1201 1475 precare,
1218 1445 1248 1467 ut
1263 1441 1387 1476 vestigiis
1405 1441 1559 1468 sanctitatis
1574 1445 1628 1468 tua:
1648 1440 1690 1467 in-

53 1482 161 1517 κτροῦ,
186 1483 301 1509 κατόπιν
320 1483 389 1511 ἰέναι
414 1484 465 1519 τῆς
479 1485 635 1522 ἁγιωσύνης
651 1494 698 1512 σου
710 1506 718 1518 ,
743 1486 792 1513 καὶ
808 1486 845 1522 μὴ

901 1486 992 1513 sistam
1004 1506 1012 1519 ,
1030 1494 1080 1514 nec
1092 1491 1201 1522 propter
1220 1492 1332 1522 peccata
1350 1494 1410 1514 mea
1423 1487 1530 1522 ejiciar.

54 1528 233 1564 ἀπωσθῆναι,
245 1529 291 1556 διὰ
304 1529 354 1560 τὰς
370 1530 508 1565 ἁμαρτίας
526 1539 589 1566 μου.

236 1585 300 1612 ΚΔ’.
316 1599 352 1606 -
369 1586 503 1620 Ἰτνατίῳ
514 1586 619 1620 τέκνῳ.
631 1586 724 1624 [σλζ¹.]

1126 1586 1221 1615 XXIV.
1234 1602 1267 1608 —-
1279 1586 1386 1623 lgnat-t'o
1399 1587 1467 1622 ﬁlio.

728 1645 845 1671 Celebrat
855 1645 923 1670 illius
935 1644 1035 1668 laudes.

98 1686 134 1712 Ἀ
165 1685 322 1721 γέγραφας,
340 1686 436 1714 τέκνον
462 1687 654 1722 ἠγαπημένον,
677 1688 764 1722 ἔγνων
776 1697 783 1704 ·
801 1688 849 1715 καὶ

54 1730 150 1765 χαίρω
158 1731 266 1757 ἁκούων
273 1739 320 1757 σου
329 1731 378 1766 τῆς
385 1732 489 1767 φωνῆς·
497 1733 527 1759 οὐ
539 1733 592 1768 μὴν
601 1733 638 1765 ὡς
647 1733 851 1767 ὑπολαμϐάνεις

55 1777 95 1802 τὰ
107 1777 169 1803 κατ’
180 1777 231 1812 ὲμὲ
243 1783 250 1792 ⁸
262 1777 333 1804 ἕωλα
345 1777 399 1813 γὰρ
414 1778 462 1804 καὶ
478 1778 627 1813 οὐδαμινά’
639 1778 709 1814 πλὴν
723 1780 747 1805 εί
761 1779 850 1813 λέγοις

55 1822 229 1856 ὡφελεῖσθαι.
240 1823 268 1850 ὲν
279 1824 335 1854 τοῖς
347 1823 439 1857 λόγοις
453 1832 516 1858 μου.
533 1824 624 1859 Γράφε
638 1825 686 1850 καὶ
697 1824 775 1859 δέχου
786 1833 792 1838 ’
805 1825 852 1851 καὶ

55 1868 160 1902 φθόνος
170 1868 268 1900 οὐδείς.
295 1869 410 1904 Συνίημι
425 1869 480 1904 βίον
496 1870 587 1896 ’ἐλκειν
608 1878 638 1896 σε
650 1879 851 1906 στενοχωρητι-

54 1915 111 1941 κὺν
122 1915 152 1940 ἐν
166 1914 206 1949 τῷ
222 1915 338 1949 παρόντι
353 1915 467 1950 διωγμῷ
477 1924 484 1931 ν
508 1915 603 1951 ὥσπερ
620 1916 669 1942 καὶ
689 1917 714 1942 οἱ
737 1916 853 1951 ὁμοτρό-

54 1969 123 1991 πως
152 1968 193 1986 σοι
217 1960 411 1996 κρυπτόμενοι.
446 1961 517 1987 Ἀλλ’
547 1962 563 1995 ἡ
584 1961 662 1992 ἐλπὶς
687 1961 851 1996 κουφιξέτω.

57 2006 133 2040 Ἔχε
148 2005 183 2031 τὰ
198 2006 270 2032 κατὰ
293 2007 323 2032 σὲ
346 2005 486 2040 ἀσφαλῶς,
506 2005 576 2040 μετὰ
596 2006 644 2032 τοῦ
668 2006 752 2032 καλοῦ
769 2007 853 2032 Εὐσε-

55 2051 134 2086 βίου,
155 2050 184 2076 ὃν
196 2051 242 2077 καὶ
261 2051 468 2086 προσαγορεύω.
492 2052 526 2078 Ἦ
539 2052 614 2087 παρὰ
630 2052 684 2078 τῶν
705 2053 855 2087 αἱρετικῶν

54 2095 196 2121 κοινωνία
208 2095 240 2121 οὐ
253 2095 342 2127 κοινὸς
361 2095 536 2131 ἄρτος,”ἀλλά
552 2096 709 2131 φάρμακον,
726 2097 755 2122 οὐ
775 2097 855 2131 σῶμα

53 2142 198 2177 βλάπτον,
225 2141 294 2168 ἀλλὰ
318 2141 408 2176 ψυχὴν
426 2142 552 2177 μελαῖνον
569 2143 617 2169 καὶ
641 2142 782 2174 σκοτίζον·
813 2143 856 2177 ρί»

53 2196 145 2214 πτειν
161 2187 189 2213 δὲ
198 2188 245 2213 καὶ
258 2187 391 2223 κρύϐδην,
405 2189 455 2214 οὐκ
466 2189 528 2224 ἐμοὶ
543 2188 574 2214 τὸ
585 2188 686 2221 λέγειν.
703 2188 784 2215 Ἀλλὰ
797 2189 852 2215 τῶν

52 2232 218 2259 ποιούντων
232 2233 322 2268 φόϐῳ·
342 2234 408 2269 περὶ
421 2230 459 2260 ὧν
473 2233 563 2260 ἐκεῖνο
583 2232 675 2267 λέγειν
706 2233 795 2265 ἔστιν,
817 2234 857 2260 ὅτι

50 2278 180 2306 Πολλοὶ
205 2277 265 2304 τῶν
286 2279 442 2313 ἀρχόντων
472 2279 636 2305 ἐπίστευον·
662 2280 705 2311 εἰς
740 2280 856 2306 αὐτόν·

50 2324 134 2351 ἀλλ’
153 2324 211 2358 οὐχ
223 2323 399 2358 ὡμολόγουν
412 2324 461 2351 διὰ
484 2324 556 2357 τοὺς
577 2324 760 2358 Φαρισαίους
772 2334 779 2341 ·
807 2325 845 2352 ἵνι

907 2327 982 2362 pit-us
1002 2325 1169 2352 crediderunt
1190 2325 1216 2351 in
1234 2332 1293 2351 eum
1314 2331 1323 2350 :

47 2369 103 2404 μὴ
117 2368 352 2404 ἀποσυνάγωγοι
363 2369 518 2404 γένωνται.
541 2370 718 2405 Ἠγάπησαν
731 2371 787 2405 γὰρ
800 2370 858 2405 τὴν

51 2413 165 2445 δόξαν
181 2413 241 2440 τῶν
265 2413 432 2447 ἀνθρώπων
444 2413 564 2447 μᾶλλον
577 2414 597 2448 ἢ
617 2415 674 2447 τὴν
689 2414 785 2447 δόξαν
803 2415 858 2442 τοῦ

52 2459 154 2486 Θεοῦ.
173 2458 205 2484 ΕΞ
219 2458 248 2484 δὲ
262 2458 411 2493 όρθοδὸξων
426 2459 454 2485 αἱ
469 2459 548 2494 εὐχαὶ
572 2459 621 2493 τῆς
640 2460 796 2495 ἱερουργίας
809 2468 816 2476 ·
833 2460 858 2487 τί

51 2504 158 2536 τοῦτο,
177 2505 202 2530 εί
225 2503 300 2538 παρὰ
322 2504 471 2539 αἰρετικῶν
504 2504 632 2538 γίνοιντο,
654 2505 857 2540 augmine-rat;

49 2551 100 2578 Οὐ
119 2551 178 2585 γὰρ
205 2547 243 2579 ὡς
266 2549 280 2575 ό
306 2549 423 2584 ποιήσας
448 2549 534 2580 αὑτὰς
552 2549 715 2585 φρονοῦσιν·
743 2551 804 2577 οὐδὲ
822 2551 860 2582 ὡς

49 2596 146 2623 αὐταὶ
171 2593 200 2619 αἱ
217 2594 304 2627 φωναὶ
320 2595 500 2629 σημαίνουσι,
525 2595 717 2622 πιστεύουσιν·
744 2596 860 2632 ἐπείπερ

50 2641 143 2667 πᾶσα
159 2639 178 2673 ἡ
194 2641 386 2674 μυσταγωγία,
397 2640 516 2676 Χριστὸν
530 2641 676 2676 ἄνθρωπον
688 2642 797 2677 ἀληθῶς
812 2651 861 2676 γε-

48 2683 202 2721 γενῆσθαι
214 2684 335 2716 δοξάζει·
349 2685 373 2711 οἱ
387 2686 416 2712 δὲ
437 2686 594 2721 ἀρνοῦνται,
609 2687 662 2716 κᾶν
684 2687 797 2722 λέγωσι,
817 2688 861 2716 διὰ

48 2732 91 2759 τὸ
109 2731 228 2766 φρονεῖν
243 2731 280 2766 μὴ
294 2731 509 2764 ὲξεικονίζεσθαι
523 2733 615 2761 αὐτόν.

99 2825 122 2840 ⁸⁵
138 2823 222 2850 lum.
242 2831 293 2857 sn,
314 2824 354 2850 l2.

935 1686 1001 1719 Qua-
1016 1686 1169 1721 scripsisti,
1183 1686 1282 1714 dilecte
1303 1687 1357 1720 lili,
1384 1687 1524 1721 intellexi,
1548 1695 1580 1716 ac
1601 1695 1693 1716 vocem

901 1737 974 1759 lnam
991 1732 1101 1767 quidem
1122 1732 1216 1759 audire
1231 1741 1274 1760 me
1288 1733 1404 1760 delectat
1421 1742 1428 1760 :
1446 1737 1474 1761 at
1494 1741 1537 1761 res
1557 1741 1624 1761 mea!
1641 1742 1694 1761 non

901 1779 941 1805 sic
961 1783 1035 1810 sunt,
1051 1783 1080 1805 ut
1093 1783 1120 1805 tu
1135 1779 1276 1805 existimas
1290 1787 1298 1812 ;
1320 1786 1381 1805 nam
1397 1784 1462 1806 sunt
1473 1779 1570 1807 inanes
1584 1788 1616 1807 ac
1631 1780 1694 1807 nul-

902 1824 956 1851 lius
978 1824 1073 1858 pretii,
1098 1824 1152 1851 nisi
1175 1823 1247 1858 quod
1274 1824 1448 1852 sermonibus
1469 1825 1538 1852 meis
1559 1825 1648 1859 juvari
1669 1829 1696 1852 te

903 1869 954 1896 ais.
972 1869 1069 1896 Scribe
1083 1873 1109 1896 et
1123 1869 1217 1904 accipe
1230 1878 1236 1895 :
1256 1876 1306 1896 nec
1319 1869 1457 1897 invidebo.
1474 1868 1598 1905 Intelligo
1610 1871 1694 1897 vitam

905 1915 1015 1942 trahere
1032 1919 1056 1941 te
1077 1915 1185 1949 plenam
1202 1915 1392 1943 molestiarum
1410 1916 1437 1942 in
1458 1916 1584 1950 praesenti
1602 1924 1696 1951 perse-

903 1961 1036 1988 cutione:
1058 1960 1289 1993 quemadmodum
1312 1965 1339 1987 et
1360 1960 1378 1987 i-i
1403 1961 1450 1995 qui
1468 1960 1597 1988 similiter
1618 1969 1650 1987 ac
1667 1966 1696 1988 tu

905 2007 932 2032 in
949 2005 1060 2033 latebris
1073 2005 1186 2038 degunt.
1200 2005 1252 2031 Sed
1269 2004 1388 2031 laborem
1406 2012 1470 2039 spes
1484 2005 1617 2032 sublevet.
1635 2005 1695 2032 Tibi

905 2052 1002 2080 scdulo
1015 2059 1081 2079 cave
1097 2058 1159 2078 cum
1174 2051 1282 2086 egregio
1301 2050 1431 2081 Eusebio,
1446 2058 1528 2085 quem
1543 2055 1570 2078 et
1591 2051 1693 2078 saluto.

905 2096 1070 2125 Communio
1083 2103 1145 2123 cnm
1162 2095 1298 2122 haereticis
1313 2102 1366 2122 non
1380 2095 1458 2130 panis
1474 2096 1629 2122 communis
1643 2099 1696 2127 est,

906 2144 953 2171 sed
972 2151 1106 2171 venenum
1120 2162 1127 2174 ,
1144 2141 1216 2177 quod
1233 2149 1287 2168 non
1304 2148 1406 2176 corpus
1421 2140 1531 2176 quidem
1545 2160 1552 2172 ,
1568 2141 1616 2167 sed
1638 2141 1698 2167 ani-

906 2197 982 2216 mum
998 2189 1127 2216 obscurat
1140 2192 1167 2214 et
1180 2187 1341 2214 oblenebrat
1355 2195 1361 2212 ε
1378 2186 1514 2221 projicere
1524 2193 1589 2213 vero
1604 2186 1698 2213 occul-

908 2239 945 2267 te,
958 2239 1064 2261 nonest
1077 2241 1168 2260 meum
1178 2233 1269 2260 dicere
1282 2241 1289 2265 ;
1305 2232 1351 2259 sed
1365 2232 1483 2266 suntqui
1495 2236 1567 2258 metu
1577 2231 1695 2264 iaciant;

908 2281 942 2308 de
961 2281 1061 2315 quibus
1075 2280 1142 2306 illud
1163 2286 1296 2313 usurpare
1311 2278 1352 2306 l'as
1369 2282 1411 2305 est
1425 2286 1431 2304 :
1454 2276 1535 2304 Multi
1553 2285 1585 2303 ex
1597 2277 1697 2310 princi-

1349 2324 1394 2351 θεά
1419 2328 1525 2358 propter
1545 2322 1697 2350 Pharist

905 2379 958 2398 non
975 2370 1178 2404 confitebantur,
1205 2374 1234 2396 ut
1258 2377 1272 2396 e
1296 2369 1437 2404 Synagoga
1453 2377 1504 2395 non
1527 2369 1695 2403 ejicerentur.

907 2417 1062 2444 Dilexerunt
1087 2416 1155 2442 enim
1180 2415 1296 2449 gloriam
1326 2415 1462 2441 hominum
1489 2416 1593 2450 magis,
1618 2424 1698 2450 quam

906 2461 1018 2496 gloriam
1044 2460 1092 2487 Dei
1116 2459 1149 2486 ".
1173 2456 1250 2492 Quod
1277 2459 1300 2486 si
1329 2459 1546 2486 orthodoxorum
1571 2464 1633 2486 sunt
1660 2467 1699 2486 eae

908 2514 1001 2542 preces
1013 2507 1114 2541 quibus
1128 2513 1171 2533 res
1183 2513 1262 2533 sacra
1278 2505 1418 2540 peragitur
1433 2514 1440 2532 ι
1459 2512 1603 2540 quorsum,
1618 2512 1651 2531 an
1664 2506 1698 2531 ab

907 2552 1042 2579 luereticis
1067 2551 1119 2578 illa:
1135 2552 1217 2584 ﬁant,
1235 2551 1428 2586 disceptatur?
1452 2550 1545 2585 Neque
1559 2550 1632 2577 enim
1651 2557 1699 2577 eas

913 2597 1024 2632 perinde
1039 2603 1121 2631 atque
1137 2598 1260 2632 ipsarum
1281 2602 1377 2624 auctor
1396 2596 1551 2631 intelligunt
1575 2605 1582 2623 :
1612 2603 1700 2630 neque

913 2642 941 2669 id
957 2642 1073 2669 credunt
1086 2642 1159 2676 quod
1176 2649 1258 2669 voces
1278 2641 1345 2676 ipsa:
1358 2640 1515 2675 signiﬁcant
1535 2649 1541 2667 :
1564 2638 1699 2673 siquidem

913 2687 952 2714 rei
976 2694 1062 2714 sacrae
1080 2687 1203 2722 peractio
1217 2687 1308 2714 omnis
1322 2685 1461 2713 Christum
1479 2686 1619 2713 hominem
1636 2691 1700 2711 vere

915 2731 1016 2760 factum
1032 2732 1126 2759 statuit
1143 2741 1149 2759 :
1172 2733 1200 2759 hi
1213 2739 1277 2760 vero
1297 2736 1414 2766 negant,
1434 2731 1567 2767 quidquid
1591 2730 1698 2762 dicant,

914 2779 960 2815 qui
977 2786 1037 2806 cum
1052 2778 1124 2814 pingi
1141 2785 1220 2814 posse
1236 2778 1401 2806 inliciantnr.
