1923 3078
244 103 310 138 1191

278 160 517 194 Quemadmodum
539 160 562 187 si
578 160 681 187 diceret
697 158 798 194 aliquis
814 168 820 186 ε
841 159 930 186 Credo
944 159 971 186 in
986 158 1035 185 νει·
1049 157 1074 186 Α

243 212 323 238 trem,
340 212 366 234 ct
381 206 492 238 Filium,
504 211 532 234 et
547 206 679 241 Spiritum
699 209 835 236 sanctum,
850 204 964 232 sentiret
986 211 1034 230 :Ill-

244 257 297 279 tem
307 253 423 283 Patrem,
432 256 459 279 et
467 250 576 284 Filium,
583 256 609 278 et
617 251 747 286 Spiritum
754 255 877 278 sanctum
886 258 967 277 unam
974 257 1034 276 esse

245 297 412 332 bypostasim
421 297 473 324 sub
482 297 580 332 triplici
595 297 719 328 nomine;
732 297 805 331 quod
821 296 871 322 fuit
881 295 1034 329 insipientis

245 341 356 368 Sabellii
370 341 484 376 dogma;
501 348 560 375 age,
573 341 646 367 hunc
660 341 806 375 quisquam
821 344 946 367 nostrum
962 339 1035 366 dicat

245 386 272 412 in
291 385 454 412 Trinitatem
474 385 605 413 credere?
624 385 738 412 minime
757 391 824 412 sane
847 393 855 411 :
875 390 1034 418 quanquam

247 431 270 458 is
283 436 432 458 asseveret.
450 430 495 458 Sic
510 431 603 465 igitur,
617 437 704 465 neque
723 430 779 461 hic.
797 434 828 456 ut
842 430 963 464 loquitur
973 449 980 461 ,
997 429 1034 456 ita

246 475 350 507 credit,
366 476 492 509 quamvis
515 476 552 502 rei
577 483 662 502 sacrae
685 475 752 502 ritus
775 475 944 502 ortbodoxus
970 478 1034 501 est:

247 519 295 546 sed
316 520 338 546 is
355 520 493 547 incassum
510 520 631 555 loquitur
641 540 648 552 ,
664 519 707 546 vel
720 519 811 553 potius
826 519 906 546 ludos
921 518 987 553 agit,
1002 525 1036 545 ac

247 565 388 599 liturgiam
415 566 580 592 contumelia
605 565 688 592 allicit
714 573 721 592 :
752 565 974 600 quandoquidem
1008 569 1036 591 et

248 611 463 645 praestigiatores
491 616 518 638 et
547 611 733 637 incantatores
761 610 861 638 divinis
887 611 1037 638 abutuntur

249 656 366 683 canticis
393 656 420 683 in
447 656 646 682 daemoniorum
669 656 769 683 sacris.
783 655 968 683 Praestabilins
993 660 1037 683 est

249 707 324 732 eunt,
337 700 383 735 qui
399 701 519 726 nondqu
536 701 572 727 sit
586 708 665 727 sacro
679 700 754 727 fonte
768 701 868 727 tinctus
883 720 890 732 ,
910 700 934 727 si
950 701 1037 735 bapti-

249 750 326 772 zator
342 745 512 772 orthodoxus
534 753 587 771 non
611 745 700 777 adsit,
725 752 740 772 a
763 747 917 778 monacho;
939 750 987 773 aut
1012 746 1036 773 si

249 791 320 818 desit
342 790 406 822 ille,
430 798 445 817 a
467 791 536 818 laico
555 790 709 825 baptizari,
730 790 858 818 dicente:
880 791 1037 825 Baptizatur

249 836 312 862 talis
328 835 354 862 in
371 836 480 862 nomine
493 835 594 868 Patris,
609 840 636 863 et
655 835 728 867 Filii,
742 840 769 863 et
789 835 908 871 Spiritus
929 837 1014 864 sancti
1029 845 1036 869 ;

248 887 330 914 quam
354 881 453 907 lavacri
477 886 615 915 expertem
638 888 654 908 e
678 881 732 908 vita
757 881 853 909 abire:
871 886 897 908 et
919 882 963 909 ille
975 890 1038 910 vere

249 925 405 960 baplizatus
421 931 472 954 est.
495 926 533 953 Ex
552 926 716 954 necessitate
734 926 806 954 enim
826 926 855 953 ﬁt
874 927 940 962 legis
958 934 1037 955 com-

248 971 364 999 mutatio
379 980 386 1005 ;
407 973 445 999 uti
460 972 524 999 olim
543 971 645 999 tactum
658 975 685 998 et
699 972 880 999 constitutum
896 977 948 1000 est.

436 1027 520 1055 XXV.
532 1043 567 1048 —
580 1027 660 1055 Petro
676 1026 776 1055 Nicaea
795 1027 844 1061 (1).

847 104 878 134 S.
898 101 1096 134 THEODORI
1117 98 1293 137 STUDI'Ij/E

1807 92 1860 125 1192

1127 154 1170 185 Ὦς
1184 152 1218 180 ἂν
1233 153 1257 178 εί
1271 151 1317 178 καὶ
1333 151 1421 185 λέγων
1435 159 1478 182 τις
1490 158 1496 165 ·
1514 149 1640 177 Πιστεύω
1655 149 1695 181 εἷς
1709 149 1860 183 Πατέρακαὶ

1086 199 1150 226 Υίὲιν
1165 199 1212 225 καὶ
1223 198 1300 232 ἅγιον
1315 197 1430 232 Πνεῦμα
1442 204 1448 212 ’
1465 195 1574 232 φρονῶν
1590 195 1620 222 δὲ
1631 195 1673 222 ὅτι
1687 196 1702 220 6
1717 193 1811 228 Πατὴρ
1824 193 1861 218 καὶ

1083 246 1098 272 6
1114 244 1178 276 Υἱὸς
1195 243 1243 270 καὶ
1271 243 1302 269 τδ
1327 243 1405 277 ἅγιον
1431 241 1544 276 Πνεῦμα
1573 241 1623 276 μία
1644 239 1794 270 ὑπόστασις
1816 239 1861 264 ἐστι

1084 291 1239 326 τριώνυμος
1257 298 1264 305 ·
1289 289 1359 324 ὅπερ
1386 289 1505 324 ὑπάρχει
1539 287 1628 323 δόγμα
1657 285 1803 314 Σαϐελλίου
1825 284 1860 311 τοῦ

1086 336 1304 371 ματαιόφρονος·
1325 333 1352 360 τί
1375 332 1441 365 οὗν;
1463 332 1588 368 είπωμεν
1612 331 1658 358 τὸν
1683 330 1806 358 τοιοῦτον
1825 338 1861 354 πι-

1085 381 1191 408 στεύειν
1207 380 1247 412 είς
1259 379 1381 415 Τριάδα;
1400 378 1542 413 οὐδαμῶς·
1556 377 1608 404 κᾶν
1623 376 1701 412 λέγῃ.
1713 375 1806 406 Οὕτως
1815 372 1861 404 οὖν,

1084 427 1146 454 οὐδὲ
1161 425 1278 453 ἐνταῦθα
1303 424 1428 452 πιστεύει
1451 424 1490 455 ὡς
1512 423 1605 458 λέγει·
1629 422 1681 449 κᾶν
1696 420 1831 457 ὀρθόδοξος
1849 421 1863 454 ἡ

1087 472 1288 508 μυσταγωγία·
1315 471 1373 498 ἀλλ’
1404 470 1570 503 είκαιολογεῖ
1597 471 1612 496 6
1645 468 1767 500 τοιοῦτος
1794 467 1863 502 “leg.

1085 519 1145 548 cod.
1169 517 1330 553 ἐκάτερος]·
1349 517 1449 553 μᾶλλον
1473 517 1503 544 δὲ
1520 516 1658 551 ἑνυϐρίζει
1693 514 1801 546 παίζων
1823 513 1864 548 τὴν

1085 565 1256 600 λειτουργίαν
1266 571 1273 578 ”
1290 564 1352 590 ἐπεὶ
1366 563 1413 589 καὶ
1435 562 1534 598 γόητες
1549 561 1597 588 καὶ
1619 560 1745 588 ὲπαοιδοὶ
1756 558 1864 595 χρῶνται

1086 610 1172 641 θείαις
1197 609 1281 644 ᾠδαῖς
1305 609 1334 635 ἐν
1357 609 1414 639 τοῖς
1432 605 1634 642 δαιμονιὼδεσι.
1668 605 1807 639 Συμφὲριι
1827 602 1864 628 τὸν

1090 655 1269 687 ἀϐάπτιστον,
1283 654 1307 680 εί
1340 653 1379 688 μὴ
1398 652 1551 688 εὑρίσκοιτο
1576 649 1718 686 ὀρθόδοξος
1740 650 1754 675 6
1782 647 1866 683 βατπί-

1088 701 1153 733 ζων,
1171 700 1224 727 ὑπὸ
1249 698 1378 734 μοιιαχοῦ,
1399 698 1428 733 ἢ,
1457 698 1505 724 καὶ
1531 696 1628 723 τούτου
1653 695 1690 730 μὴ
1720 692 1865 724 δντος,ὐπὺ

1087 746 1182 773 λαῖκοῦ
1199 744 1394 781 βαπτισθῆναι,
1409 743 1536 778 λέγοντος
1546 750 1552 757 ·
1564 741 1736 774 Βαπτίζεται
1762 739 1778 765 ὸ
1802 738 1867 764 δεῖνα

1090 793 1129 824 εἰς
1141 792 1171 818 τὸ
1184 792 1270 827 ὄνομα
1279 790 1326 817 τοῦ
1343 789 1452 825 [ἰατρὸς
1465 788 1513 815 καὶ
1525 787 1573 814 τοῦ
1588 786 1654 814 Υίοῦ
1668 785 1714 812 καὶ
1736 783 1783 810 τοῦ
1799 782 1866 816 ἁγίου

1092 838 1262 873 Πνεύματος·
1291 837 1308 871 ἦ
1332 835 1486 870 ἀφώτιστον
1503 833 1673 868 ἐκδημῆσαι·
1701 831 1748 858 καὶ
1763 828 1865 864 ἀληθῶς

1090 883 1252 918 ἐϐαπτίσθη.
1274 881 1320 914 Ἐξ
1334 881 1460 915 ἀνάγκης
1476 879 1530 914 γὰρ
1547 878 1595 905 καὶ
1608 877 1694 913 νόμου
1714 874 1866 912 μετάθεσις”

1090 929 1129 961 ὠς
1143 929 1239 963 γέγονε
1257 927 1342 954 πάλαι
1354 926 1401 952 καὶ
1417 925 1619 952 ἀποδέδεικται.

1266 1029 1331 1055 κε’.
1345 1043 1380 1048 —
1395 1027 1495 1061 Πέτρῳ
1504 1026 1639 1058 Νικαίας.
1653 1022 1754 1060 [σμβ’.1

629 1072 668 1098 De
681 1073 855 1098 haereticorum
867 1074 964 1098 vitanda
979 1074 1161 1098 communione.
1176 1074 1276 1105 (Baron.
1287 1080 1329 1097 an.
1343 1072 1398 1101 816,
1414 1079 1440 1096 ιι,
1454 1071 1506 1102 46.)

281 1115 377 1142 Sciens
395 1113 440 1141 tibi
459 1114 534 1141 cordi
555 1121 617 1142 esse
629 1134 637 1148 ,
664 1120 694 1141 ut
712 1119 800 1141 tecum
812 1134 820 1146 ,
844 1123 923 1142 sacro
947 1115 1036 1150 capite

249 1167 320 1191 meo,
338 1160 414 1186 nihili
429 1159 512 1185 homo
528 1159 644 1193 loquar;
663 1159 767 1187 amoris
781 1167 858 1193 ergo,
875 1167 927 1187 non
946 1167 1037 1188 neces-

248 1205 337 1231 sitatis
359 1212 461 1236 causa,
482 1212 554 1231 nunc
580 1204 687 1238 loquor.
715 1203 748 1231 Et
770 1204 880 1239 quidem
896 1205 953 1239 jam
974 1208 1037 1231 ante

249 1249 357 1276 locutus
369 1257 416 1283 per
429 1250 542 1276 alteram
558 1249 701 1284 epistolam
716 1249 810 1276 videor
823 1259 830 1277 :
847 1257 928 1284 quam
944 1254 1036 1277 utrum

249 1295 390 1329 acceperis
418 1295 522 1322 nescio.
547 1294 577 1322 ln
604 1299 721 1329 utraque
751 1299 842 1322 autem
868 1296 961 1322 eadem
982 1303 1036 1323 vox

251 1341 317 1368 mihi
331 1361 338 1373 ,
353 1345 384 1368 ιιι
398 1348 513 1375 corpore
523 1341 624 1374 valeas,
647 1342 684 1368 mi
699 1341 777 1369 Pater
789 1362 798 1376 ,
814 1342 921 1370 lirmutn
936 1342 1036 1370 verita-

251 1387 286 1414 tis
313 1385 523 1413 fundamentum
548 1386 581 1414 ad
608 1388 756 1414 multorum
784 1388 981 1420 stabilitatem,
1004 1388 1037 1414 ad

249 1430 312 1458 ﬁdei
330 1430 500 1464 signaculum
516 1450 524 1463 ,
550 1430 584 1458 ad
604 1431 711 1458 laudem
731 1431 831 1460 Christi
844 1453 852 1465 ,
873 1432 906 1460 ad
923 1433 1037 1467 gloriam

252 1475 387 1502 universa:
402 1475 532 1503 Ecclesiae
545 1486 551 1503 :
571 1476 703 1510 quoniam
719 1479 886 1513 conspicuus
900 1483 928 1505 tu
943 1479 1039 1506 oculus

1121 1115 1205 1146 Εἰδὼς
1221 1116 1264 1142 ὅτι.
1287 1114 1374 1149 φιλεῖς
1386 1112 1555 1148 φθέγγεσθαί
1572 1119 1607 1146 με
1620 1109 1666 1137 τδν
1677 1108 1785 1140 οὐδενὸς
1803 1106 1870 1139 ἀξιον

1088 1161 1157 1196 πρὸς
1174 1161 1204 1186 σὲ
1225 1159 1275 1195 τὴν
1293 1159 1369 1194 ἱεράν
1386 1167 1437 1194 μου
1461 1156 1583 1192 κεφαλήν
1595 1164 1602 1172 ·
1620 1155 1713 1190 φιλίας
1735 1152 1830 1189 χάριν,
1843 1151 1869 1177 οὐ

1087 1207 1183 1242 χρείας
1200 1206 1282 1232 ἓνεκα
1296 1206 1347 1240 ἤδη
1361 1204 1517 1239 φθέγγομαι
1528 1201 1688 1236 ’φαίνομαι
1701 1200 1730 1227 δὲ
1746 1200 1795 1226 καὶ
1809 1206 1870 1232 προ-

1087 1252 1274 1287 φθεγξάμενος
1286 1251 1320 1277 δι’
1333 1250 1433 1285 ἐτέρας
1447 1248 1592 1283 ἐπιπολῆς
1604 1255 1611 1263 °
1625 1247 1659 1282 ἣν
1674 1245 1817 1277 είὲδὲξατο
1827 1243 1870 1269 οὐκ

1087 1298 1248 1333 ὲπίσταμιι.
1282 1297 1327 1323 Ἐν
1353 1294 1400 1322 οὖν
1424 1294 1595 1330 αμφοτέραις
1615 1290 1656 1324 εἷς
1674 1300 1721 1327 μοι.
1743 1291 1759 1316 6
1788 1290 1871 1323 λόγος,

1089 1335 1223 1376 ὑγιαίνειν
1237 1350 1267 1368 σε
1283 1341 1321 1376 τῷ
1334 1341 1441 1376 σώματι
1458 1339 1503 1365 τὸν
1524 1338 1592 1373 ὲμδν
1612 1337 1733 1372 Πατέρα,
1749 1335 1797 1361 τὸν
1818 1341 1872 1360 στε-

1091 1389 1152 1423 ρεὸν
1171 1387 1297 1422 θεμέλιον
1314 1387 1364 1421 τῆς
1385 1385 1526 1421 ἀληθείας,
1549 1385 1589 1415 εἰς
1613 1383 1740 1418 ἒδρασμα
1762 1379 1873 1409 πολλῶν,

1090 1435 1130 1466 si;
1158 1434 1294 1469 σφραγῖδα
1318 1433 1447 1464 πίστεως,
1476 1432 1516 1462 εἱς
1544 1430 1654 1456 ἔπαινον
1678 1427 1812 1462 Χριστοῦ,
1838 1424 1872 1455 εἰς

1091 1480 1171 1510 κλέος
1191 1480 1240 1513 τῆς
1259 1478 1324 1513 ὅλης
1357 1476 1536 1508 Ἐκκλησίας·
1552 1474 1646 1509 ἐπειδὴ
1660 1473 1816 1508 περιφανὴς
1846 1470 1874 1496 σὺ

251 1529 307 1556 prze
318 1521 434 1554 caeteris,
448 1521 552 1549 Orienti
567 1526 593 1549 et
610 1522 749 1550 Occidenti
763 1528 854 1556 notus,
872 1523 974 1551 habens
986 1531 1038 1550 una

1092 1524 1227 1560 ὔφθαλμλς
1251 1523 1328 1559 παρὰ.
1349 1523 1413 1554 τοὺς
1441 1521 1550 1554 ἄλλους,
1572 1519 1704 1554 ’Δνατολῇ
1722 1518 1771 1544 καὶ
1801 1516 1874 1542 Δύσει

251 1576 316 1596 cum
341 1569 394 1596 vita
416 1575 531 1601 sancta,
559 1569 717 1597 facultatem
742 1570 877 1598 sermonis
891 1570 1040 1598 'eximiam.

253 1613 329 1641 Unde
343 1619 370 1640 et
386 1613 599 1648 imperatoribus
613 1614 712 1641 charus
728 1614 816 1641 factus
833 1622 863 1642 es
874 1635 882 1648 ,
899 1620 927 1642 et
941 1615 1042 1649 princi-

253 1660 335 1696 pibus
352 1660 479 1688 amabilis
492 1680 500 1693 ,
522 1664 549 1687 et
569 1661 713 1688 monachis
736 1661 882 1688 laudabilis
895 1682 902 1694 ,
926 1661 1044 1696 propriae

251 1713 317 1732 vero
332 1705 464 1732 Ecclesiae
476 1705 540 1740 quid
554 1705 645 1733 dicere
660 1713 731 1740 opus
742 1706 803 1733 est?
817 1715 879 1734 cum
895 1706 1003 1734 beatum
1017 1711 1043 1733 te

252 1749 402 1784 pradicet,
427 1753 452 1775 te
469 1753 604 1783 exspetat,
631 1754 757 1783 ametque
781 1749 816 1776 ob
841 1750 958 1784 plurima
982 1757 1044 1784 quae

251 1794 366 1829 petrasti
376 1793 482 1829 egregia
498 1794 630 1825 facinora,
642 1799 671 1821 ut
685 1794 805 1822 infantes
812 1795 896 1822 ubera
906 1801 1041 1830 materna,

252 1842 284 1865 ut
296 1838 363 1873 pulli
378 1839 524 1870 nutricem,
540 1842 570 1865 ut
585 1838 647 1873 agni
663 1846 758 1866 verum
774 1843 923 1874 pastorem.
940 1839 1042 1872 Quidni

252 1883 369 1910 autem?
393 1891 456 1911 cum
479 1883 594 1911 auribus
614 1884 771 1911 insonautia
793 1885 912 1912 habeant
935 1885 1042 1913 vivilica

251 1930 334 1957 verba
355 1934 401 1956 tua
418 1938 425 1962 ;
447 1937 502 1964 prae
520 1930 609 1956 oculis
625 1934 717 1957 erecta
744 1937 791 1965 per
812 1934 838 1957 te
861 1929 908 1958 Dei
931 1931 1041 1965 templa.

250 1974 374 2003 Necdum
401 1975 464 2003 dico
490 1975 727 2011 eleemosynarum
754 1976 866 2011 copias,
889 1980 916 2004 et
938 1977 1042 2011 reliqua

252 2027 337 2055 opera
353 2026 459 2048 sancta.
475 2019 531 2048 Nec
546 2028 609 2048 vero
625 2021 758 2048 arbitrere
774 2028 817 2048 me
835 2021 963 2049 amicitia:
981 2029 1043 2057 gra-

251 2065 362 2093 tiﬁcari.
380 2065 447 2093 Nam
463 2066 512 2094 etsi
531 2066 620 2093 oculis
634 2074 686 2093 nun
704 2067 845 2101 usurpavi,
863 2067 954 2094 audivi
971 2067 1043 2095 nihi-

251 2111 373 2139 lominus
398 2119 432 2138 ex
458 2111 492 2138 iis
517 2111 563 2146 qui
582 2111 716 2139 viderant.
738 2111 815 2144 Quod
838 2113 861 2139 si
889 2120 962 2140 nune
986 2113 1043 2141 lucc

251 2161 368 2192 occupat
383 2157 521 2192 piaculum
535 2177 543 2189 ,
566 2164 634 2196 vere
653 2157 745 2186 luscus
770 2158 815 2185 ille
830 2162 857 2185 et
875 2159 995 2186 externis
1013 2164 1041 2186 et

252 2202 369 2230 intentis
385 2203 490 2230 oculis:
512 2210 546 2229 ne
561 2203 746 2236 contristeris,
763 2203 855 2236 beate,
870 2211 958 2238 neque
973 2204 1041 2231 adeo

252 2248 371 2276 mireris.
395 2248 517 2283 Apostoli
533 2249 559 2275 in
574 2249 717 2276 cmnaculo
734 2253 830 2281 erant,
854 2254 881 2276 et
895 2250 1040 2277 celeberri-

251 2302 327 2321 mum
346 2295 477 2329 templum
504 2294 618 2322 deicidaa
646 2295 827 2329 occupabant.
843 2295 948 2328 ,Eadcm
968 2303 1039 2323 nunc

252 2340 499 2368 lconomachorum
526 2341 617 2374 ratio,
646 2345 674 2368 et
700 2340 812 2368 Judaica
838 2341 1037 2368 sentientium:

252 2393 322 2420 quos
337 2391 476 2413 convertat
497 2385 628 2414 Dominus
641 2406 649 2419 ,
676 2391 703 2413 et
717 2386 855 2414 custodiat
877 2391 901 2414 te
925 2393 975 2422 pro
996 2394 1039 2414 me

252 2437 376 2459 orantem
396 2432 451 2459 tilio
467 2436 523 2459 tuo.

1091 1569 1309 1605 γνωριζόμενος’
1327 1568 1397 1604 ἔχων
1421 1568 1491 1603 μετὰ⁵
1507 1567 1554 1595 τοῦ
1574 1566 1649 1604 ίεροῦ
1677 1566 1736 1601 βίου
1763 1565 1811 1592 καὶ
1836 1563 1876 1589 τὶν

1091 1615 1171 1649 λόγον
1204 1615 1363 1642 πολλοστόν.
1395 1614 1442 1647 Ἐξ
1460 1611 1491 1641 οὗ
1521 1614 1570 1640 καὶ
1599 1611 1739 1648 βασιλεῦσι
1766 1611 1877 1644 γέγονας

1093 1660 1223 1695 φιλητὸς,
1262 1660 1310 1686 καὶ
1331 1660 1461 1696 ἄρχουσιν
1494 1659 1625 1696 ὲραστδς,
1652 1657 1700 1685 καὶ
1730 1655 1877 1692 μονασταῖς

1093 1706 1252 1737 ἐπαινετὸς*
1279 1707 1312 1741 τῇ
1336 1706 1365 1733 δὲ
1388 1705 1478 1741 οἰκείᾳ
1499 1705 1651 1741 Ἐκκλησίᾳ
1667 1704 1694 1730 τί
1708 1703 1750 1730 δεῖ
1767 1702 1816 1729 καὶ
1839 1701 1878 1726 λέ-

1092 1760 1170 1786 γειν;
1198 1752 1390 1787 μακαριζούσῃ
1406 1760 1437 1778 σε
1453 1752 1505 1785 χαὶξ
1517 1750 1699 1785 ὲπιποθούσῃ,
1714 1749 1750 1776 δι’
1762 1749 1782 1776 ἃ
1806 1747 1879 1781 ἔδρα-

1094 1806 1142 1829 σας
1165 1797 1278 1824 πλεῖστα
1308 1798 1350 1824 ὅτι
1386 1797 1505 1832 μάλιστα
1527 1796 1742 1832 κατορθώματα,
1766 1795 1806 1826 ὡς
1834 1795 1880 1827 νή-

1093 1851 1144 1869 πια
1178 1843 1241 1875 τοὺς
1271 1844 1424 1879 μητρικοὺς
1456 1842 1576 1878 μαζοὺς,
1616 1842 1655 1874 ὡς
1691 1841 1799 1868 νεοττοὶ.
1836 1839 1881 1872 τὴν

1092 1889 1202 1924 τροφὸν,
1227 1889 1265 1920 ὠς
1288 1890 1370 1925 ἄρνες
1389 1889 1434 1916 τὸν
1452 1888 1563 1924 ἀληθῶς
1579 1887 1716 1923 ἶποιμένα.
1745 1887 1806 1914 Καὶ
1829 1884 1883 1914 πῶς

1094 1934 1148 1968 γὰρ
1164 1934 1195 1960 οὔ
1205 1942 1212 1965 ;
1223 1934 1324 1961 ἔναυλα
1339 1934 1446 1969 ἔχοντες
1455 1934 1490 1960 τὰ
1503 1933 1599 1968 ζωηρά
1612 1941 1660 1959 σου
1676 1933 1804 1967 ῥήματα,
1826 1928 1882 1957 κατ’

1093 1978 1250 2014 ὀφθαλμοὺς
1270 1979 1414 2014 βλέποντες
1435 1980 1500 2011 τοὺς
1525 1979 1578 2005 ὑπὸ
1604 1978 1652 2004 σοῦ
1677 1976 1883 2012 ἁνορθωθέντας

1092 2025 1174 2055 ναοὺς
1188 2025 1267 2052 Θεοῦ.
1277 2025 1333 2051 Καὶ
1348 2024 1425 2051 οῠπω
1436 2025 1509 2059 λέγω
1523 2024 1554 2051 τὺ
1567 2023 1679 2059 δαψιλὲς
1698 2023 1748 2057 τῆς
1769 2023 1885 2056 ὲλεημο·

1095 2070 1188 2105 σύνης,
1210 2071 1257 2097 καὶ
1281 2070 1316 2097 τά
1333 2070 1415 2097 λοιπὰ
1439 2070 1592 2104 ὸσιώματα.
1627 2069 1682 2096 Καὶ
1706 2068 1746 2104 μὴ
1779 2067 1886 2100 δόξειας

1093 2115 1170 2151 φιλία
1182 2124 1216 2151 με
1231 2115 1402 2151 χαρίζεσθαι.
1415 2116 1447 2142 Et
1462 2115 1515 2151 γὰρ
1527 2115 1575 2142 καὶ
1596 2115 1634 2150 μὴ
1649 2113 1709 2148 ὕψει
1726 2113 1869 2140 ὑπέλαϐον
1879 2131 1886 2142 .

1094 2161 1152 2188 ἀλλ’
1167 2161 1242 2195 ὅμως
1267 2161 1402 2196 κατήκοος
1419 2161 1554 2196 ἐγενόμην
1582 2160 1657 2196 παρὰ
1678 2159 1733 2185 τῶν
1762 2159 1885 2186 εἰδότων.

1094 2207 1125 2233 Et
1138 2206 1166 2233 δὲ
1176 2207 1218 2233 ὅτι
1237 2206 1285 2233 νῦν
1308 2207 1440 2242 κάθαρμα
1458 2208 1473 2233 6
1493 2207 1530 2237 ὡς
1550 2206 1657 2241 ἀληθῶς
1677 2205 1888 2240 ἑτερόφθαλμος

1092 2252 1207 2283 καὶτοῖς
1220 2251 1272 2283 ἔξω
1283 2252 1331 2278 καὶ
1346 2253 1401 2283 τοῖς
1421 2251 1495 2278 ἔνδον
1513 2251 1620 2286 ὄμμασι
1640 2250 1751 2284 κατέχει
1776 2249 1869 2276 ταῦτα
1879 2269 1886 2276 .

1093 2297 1132 2332 μὴ
1147 2295 1245 2328 λυποῦ,
1259 2292 1282 2322 ὦ
1296 2295 1388 2331 μάκαρ
1398 2304 1406 2311 ·
1422 2297 1491 2331 μήτε
1508 2296 1562 2331 μὴν
1583 2295 1739 2330 θαυμάσῃς.
1766 2295 1803 2321 Ol
1821 2294 1889 2321 ἀπὸ·

1092 2341 1182 2368 στολοι
1194 2342 1222 2368 ὲν
1234 2341 1273 2376 τῷ
1284 2341 1402 2378 ὑπερῴῳ
1416 2340 1498 2377 ἦσαν,
1511 2343 1559 2369 καὶ
1576 2342 1622 2368 τὸν
1640 2341 1814 2377 περιβόητον
1827 2340 1891 2367 ναὸν

1091 2388 1115 2414 οι
1129 2387 1266 2414 θεοκτόνοι
1281 2387 1512 2422 περιελάμϐανον.
1523 2387 1643 2414 Τοιαῦτα
1660 2387 1710 2413 καὶ
1724 2389 1759 2413 τὰ
1769 2386 1832 2412 τῶν
1847 2386 1891 2411 El-

1093 2431 1254 2467 κονομάχων
1280 2432 1327 2459 καὶ
1356 2433 1576 2468 Ἰουδαιοφρόνων
1598 2432 1656 2459 νῦν.
1677 2431 1731 2464 Οὓς
1756 2431 1893 2467 ὲπιστρὲι

252 2478 328 2511 ψειεν
342 2479 355 2504 6
367 2478 480 2512 Κύριος,
494 2478 541 2504 καὶ
555 2478 585 2504 σὲ
601 2477 796 2512 περιφυλάξειε
817 2478 1038 2513 προσευχόμενον
1054 2479 1120 2513 περὶ
1130 2476 1198 2512 ἐμοῦ
1214 2476 1261 2503 τοῦ
1279 2478 1326 2503 σοῦ
1343 2478 1450 2504 τέκνου.

374 2532 467 2560 XXVI.
484 2548 519 2554 —
534 2532 726 2568 Theophylacto
741 2532 915 2559 Nicomedia.

1217 2532 1528 2567 KG’.-—9€ogav.1dxtq)
1537 2532 1745 2568 Νικομηδείας.
1787 2531 1881 2568 [σμγ’.
1884 2530 1892 2566 J

742 2578 780 2603 De
797 2579 888 2603 sanctis
904 2578 1061 2610 imaginibus.
1075 2580 1175 2611 (Dat-on.
1193 2578 1299 2608 an.816,
1317 2585 1341 2602 ιι.
1353 2578 1405 2609 59.)

285 2630 413 2659 Jamdum
436 2630 563 2665 optabam
579 2629 738 2657 beatitudini
763 2634 816 2658 tute
836 2630 954 2658 scribere
973 2640 979 2658 :
996 2632 1042 2659 sed

252 2676 412 2705 defuitmihi
420 2676 514 2704 humili
524 2675 601 2711 copia
611 2674 754 2703 tabellarii.
763 2675 841 2703 Nunc
850 2675 896 2703 Dei
906 2676 1044 2704 voluntate

1135 2632 1222 2660 Πάλαι
1243 2629 1397 2665 ἐπεθύμουν
1421 2630 1571 2656 ἐπιστεῖλαι
1583 2632 1616 2666 τῇ
1631 2630 1821 2666 μακαριότητι
1845 2640 1894 2657 σου

1098 2678 1146 2704 καὶ
1159 2677 1208 2704 οὐκ
1231 2674 1370 2709 ἐξεγένετό
1384 2682 1430 2708 μοι
1442 2674 1480 2709 τῷ
1493 2675 1612 2710 ταπεινῷ
1631 2675 1732 2711 ἀπορίᾳ
1747 2683 1893 2711 γραμμα-

291 2791 331 2826 (l)
348 2790 435 2826 Huius
450 2791 522 2820 Petri
537 2791 660 2828 episcopi
679 2791 829 2822 honoriﬁca
844 2793 945 2822 mentio
956 2798 998 2821 cst
1014 2747 1166 2822 iiiiolll‘iifg.
1185 2793 1289 2823 Niceta:
1302 2794 1373 2830 apud
1390 2793 1500 2823 Surium
1514 2794 1531 2821 5
1547 2793 1656 2828 Aprilis.
