1923 3078
71 135 144 170 1193

70 193 193 230 τηφόρου
207 202 214 209 ·
227 193 276 221 νῦν
289 194 319 222 δὲ
349 196 459 233 εὐδοκία
475 198 543 225 Θεοῦ
578 201 729 236 ἐπιτυχὼν,
750 203 796 229 τὸν
811 204 858 229 πό·
874 206 900 235 Α

74 240 121 267 θον
139 249 191 276 μου
206 241 371 278 ἁποπληρῶ,
388 243 419 270 ὃν
433 245 548 277 εἰκότως
564 247 608 273 ἐπ’
623 248 693 284 αὐτῇ
705 249 843 284 κέκτημαι
853 259 860 266 ·

72 287 104 313 οὐ
121 287 204 322 μόνον
228 288 274 315 διὰ
289 289 339 324 τὴν
356 290 385 316 ἔν
400 290 495 326 Κυρίῳ
524 292 672 328 ὁμολογίαν
686 302 694 310 ο
724 295 793 322 ἀλλὰ
809 298 864 332 γὰρ

72 333 121 359 καὶ
138 333 212 365 ἰδίως
224 334 268 361 διὰ
282 335 332 370 τὴν
345 335 484 371 ἐξαίρετόν
505 346 552 365 σου
567 339 644 374 παρὰ
661 341 725 372 τοὺς
745 341 863 374 πολλοὺς

72 379 253 415 ίδιοτροπίαν,
269 380 300 407 τὸ
317 382 462 417 μειλίχιον,
482 384 513 411 τὸ
539 385 654 418 ἁπλοῦν,
680 387 711 413 τὸ
740 388 862 422 ἐπίχαρι,

69 424 100 451 τδ
113 425 203 459 γλυκὺ
219 426 250 452 ὲν
261 428 323 459 ταῖς
336 428 469 463 ὁμιλίαις,
485 430 516 457 τὺ
531 431 739 468 εὐπροσήγορον
760 434 788 461 ὲν
803 436 865 466 ταῖς

70 471 221 504 ἐντεύξεσι,
238 475 269 500 τὸ
281 474 345 509 περὶ
359 475 450 502 πάντα
461 477 633 512 ἀγαθοεργές
644 487 652 495 ·
664 479 711 513 ἀρ’
727 476 765 507 ὧν
781 481 796 507 ὀ
808 481 865 516 ,τῆς

72 518 151 553 ἱερᾶς
166 527 214 545 σου
234 519 325 555 ψυχῆς
339 523 496 558 χαρακτὴρ,
521 524 570 551 καὶ
589 526 626 561 μὴ
642 526 791 563 ὁρώμενος,
819 537 866 555 τε·

73 564 213 601 θεώρηται
230 567 402 602 ὡραῖα-μένος
417 570 450 605 τῇ
468 571 592 608 ποικιλίᾳ
604 573 660 600 τῶν
670 574 785 609 ἀρετῶν.
809 576 866 602 Ἀ).-

71 611 106 638 λὰ
124 612 191 648 περὶ
206 612 282 640 τοῦδε
298 614 348 649 μὲν
364 615 466 647 ἱκανῶς
482 637 490 649 ,
503 617 545 643 ὅτι
561 618 631 653 μηδὲ
654 620 751 654 καιρὸς
777 621 866 654 ἐγκω-

75 656 159 691 μίων.
176 658 208 684 Τί
221 658 251 685 δέ
265 666 307 686 σοι
322 656 426 693 ὦπται,
440 658 463 688 ὦ
475 662 581 700 μάκαρ,
596 664 631 690 τὰ
648 665 788 701 παρόντα;
808 667 866 693 ἀλλ’

73 702 135 738 οὐχὶ
162 705 263 739 μικροῦ
291 705 347 732 δεῖν
378 707 556 743 Ἰουδαῐσμὺς,
581 709 642 745 ἤτοι
669 710 865 747 Ἐλληνισμός;

79 748 220 784 Ἀφῃρέθη
231 751 246 776 ὁ
256 751 358 787 κόσμος
367 753 417 787 τῆς
431 754 604 789 Ἐκκλησίας,
614 757 630 791 ὴ
642 755 703 791 ὄψις
715 757 770 784 τῶν
786 758 867 793 ἱερῶν

74 794 150 821 ναῶν
169 796 238 830 πυρὶ
251 798 390 833 παρεδόθη
408 799 442 826 τὰ
460 800 526 834 ἆγια
541 809 548 816 ·
564 801 627 829 ἄλλο
644 811 671 829 τι
687 803 780 838 σχῆμα
798 813 867 838 γνω-

76 839 184 875 ρίζεται
211 842 241 868 ὲν
256 842 296 877 τῷ
313 844 523 882 Χριστιανισμῷ
545 855 551 862 ·
568 848 626 882 εἴγε
640 848 682 875 δεῖ
706 850 866 885 Χριστιανι-

78 887 160 921 σμδν,
175 887 244 915 ἀλλὰ
260 889 297 924 μὴ
320 889 747 931 Ἰουδαϊσμὺνκαλεῖν.Εῠκαιρον
758 897 805 924 καὶ
819 897 865 924 νῦν
880 888 903 918 Β

74 931 169 965 λέγειν
185 941 191 947 ·
208 935 307 967 Κύριε,
326 936 397 968 τοὺς
410 937 570 971 Προρὴτας
595 947 654 966 σου
671 940 864 972 ἀπέκτειναν,

73 977 127 1004 καὶ
154 978 193 1005 τὰ
218 980 420 1015 θυσιαστήριά
449 991 508 1010 σου
538 984 747 1020 κατέσκαψαν.
768 988 822 1013 Καί
834 996 866 1021 γε

74 1024 203 1052 ἔκτειναν
217 1027 264 1053 καὶ
279 1035 312 1060 γε
329 1029 517 1064 κατέσκαψαν.
533 1031 570 1057 Τὸ
595 1031 651 1066 γὰρ
671 1031 742 1065 ξέειν
760 1034 807 1060 καὶ
820 1035 865 1067 ἐξ-

73 1071 202 1106 ορύσσειν
214 1072 265 1107 τὴν
289 1073 352 1108 ὄψιν
369 1074 468 1108 αὐτῶν,
485 1076 546 1111 οὐχὶ
569 1079 776 1105 κατασκάπτειν
792 1080 867 1106 ἐστὶν

73 1117 221 1151 ἐμφανῶςς
240 1119 340 1153 ’Λφελε
365 1120 428 1155 ὄψιν
445 1121 611 1157 ἀνθρώπου·
629 1124 677 1151 καὶ
704 1125 797 1151 οὐκέτι
818 1125 865 1152 ἇν-

73 1163 195 1198 θρωπος.
224 1165 293 1192 ἀλλά
322 1175 349 1193 τι
370 1166 521 1203 ξκτρωμα·
543 1168 601 1203 εἴγε
633 1171 683 1197 καὶ
709 1170 769 1197 ἔστι
795 1171 864 1206 ζῇν·

78 1209 282 1245 Ἐνεπύρισαν
299 1211 335 1239 ὲν
364 1214 436 1248 πυρὶ
453 1214 488 1241 τὸ
502 1215 698 1250 ἀτιαστήριόν
716 1226 785 1245 σου.
811 1219 866 1245 Καὶ

72 1256 162 1283 ταῦτα
180 1257 289 1292 ἀληθῶς
305 1266 312 1274 ·
336 1260 428 1287 πᾶσαν
443 1260 520 1288 θείαν
540 1263 632 1290 εἰκόνα
659 1264 690 1290 ὲν
720 1265 796 1301 πάσῃ
814 1264 864 1301 ὕλῃ

73 1301 262 1337 χαραχθεῖσαν
277 1304 483 1339 ἐμπρήσαντες.
497 1306 648 1343 Ἀνέῳκται
656 1309 767 1342 γλῶσσα
785 1310 865 1345 βλάσ-

74 1355 182 1381 φημος,
196 1348 242 1374 τὸν
257 1349 375 1384 Χριστὸν
389 1351 499 1378 εἴδωλον
516 1352 645 1387 λέγουσα,
660 1354 710 1389 τὴν
724 1355 864 1388 Θεοτόκον,

73 1394 168 1420 πάντα
185 1393 273 1428 ἆγιον.
294 1396 349 1422 Καὶ
372 1396 426 1432 γὰρ
455 1398 504 1424 τοῦ
527 1399 684 1434 ἀρχετύπου
700 1401 750 1436 τὴν
769 1402 866 1437 κλῆσιν

71 1439 105 1465 τὸ
119 1440 287 1476 παράγωγον
301 1441 435 1478 κέκτηται
452 1452 460 1459 ·
478 1445 573 1480 ἐπειδὴ
589 1447 636 1473 καὶ
663 1447 713 1482 τὴν
742 1448 865 1483 προσκύ-

72 1493 165 1520 νησιν.
182 1485 232 1512 Διὰ
252 1487 334 1514 τοῦτο
350 1489 397 1515 καὶ
411 1488 518 1524 [πάντα
532 1491 650 1526 σταυροῦ
666 1492 764 1524 τύπον,
781 1502 866 1520 σταυ-

74 1531 124 1567 ρὸν
136 1531 282 1568 καλοῦμεν,
299 1534 347 1560 καὶ¹
360 1534 413 1571 ‘7']
429 1537 647 1571 προσκυνοῦντες
672 1539 718 1565 τὸν
734 1538 866 1571 ζωοποιὸν
880 1559 903 1590 C

77 1578 197 1590 -ρ-..-ὶη
242 1588 311 1590 -ΑΑῙ
337 1589 348 1590 γ
377 1589 385 1590 κ
411 1582 419 1590 1
458 1582 471 1590 Λ
527 1583 603 1590 ηις-ι
665 1584 677 1590 ~
734 1586 761 1590 .-

74 1578 208 1614 σταυρὺν,
240 1582 502 1616 προσπτυσσόμεθα.
527 1583 610 1610 Ἀλλά
628 1584 715 1612 ταῦτα
733 1586 865 1622 ἐξετραγ-

75 1623 173 1660 ᾠδησα
209 1626 224 1652 ὁ
252 1628 394 1659 ταπεινὸς,
415 1628 465 1664 οὐχ
489 1629 528 1661 ὡς
555 1631 707 1666 ἀγνοούσης
734 1641 781 1659 σου
807 1634 867 1668 ,τῆς

75 1670 219 1705 πανσόφου
231 1671 402 1707 τελειότητος
424 1675 474 1709 τῆς
488 1675 593 1711 πλάνης
613 1677 659 1702 τὸν
675 1677 798 1713 ὄλεθρον,
829 1680 866 1715 μή

76 1725 104 1743 τι
119 1717 235 1752 πάθοιμι
257 1720 381 1754 μωρικόν
391 1729 399 1736 ·
416 1720 447 1747 τὸ
462 1720 604 1749 θλιπτικδν
618 1723 646 1749 δὲ
663 1723 749 1756 πάθος
779 1734 868 1761 παρα-

78 1763 250 1799 μυθούμενος
270 1765 320 1801 τῆς
342 1766 463 1801 ἐμαυτοῦ
485 1768 599 1803 καρδίας
621 1770 667 1797 διὰ
685 1771 740 1797 τῶν
767 1773 868 1807 ἀναφο-

77 1810 156 1845 ρῶν·
182 1811 212 1837 αῖ
224 1820 284 1844 πως
313 1813 453 1848 πεφύκασι
469 1814 645 1851 λαλούμεναι,
675 1817 815 1852 κουφίζειν
835 1819 870 1845 τὰ

76 1856 204 1892 ὲνκρυφῆ
221 1858 333 1892 ἀλγεινά
348 1868 355 1874 ·
376 1860 423 1886 καὶ
436 1860 495 1896 ἅμα
513 1861 650 1889 ὑποκινῶν
666 1863 753 1899 αὐτὴν
771 1863 871 1899 θερμό-

75 1911 158 1938 τερον
168 1904 310 1938 προσιέναι
320 1905 389 1941 Θεῷ,
405 1908 517 1942 ταχεῖαν
531 1908 691 1944 ἐπιτίμησιν
710 1910 822 1945 ποιῆσαι
834 1912 868 1946 τῇ

77 1950 188 1985 πονηρᾷ
202 1950 289 1987 ταύτῃ
305 1952 408 1987 αἱρέσει
426 1954 467 1984 είς
497 1954 636 1990 σωτηρίαν
661 1955 710 1982 τοῦ
736 1955 802 1983 λαοῦ
819 1956 868 1982 αὺ-

668 145 937 178 EPISTOLARUM
959 147 1031 178 LIB.
1064 148 1104 178 II.

1633 147 1703 180 1194

913 209 1020 237 nactus,
1035 204 1130 238 expleo
1144 202 1310 231 desiderium
1327 211 1428 235 meum,
1443 203 1514 238 quod
1527 208 1592 238 erga
1605 207 1630 231 te
1647 204 1710 238 jure

913 251 1034 285 suscepi,
1053 258 1106 278 non
1122 251 1210 278 solum
1226 250 1262 277 ob
1274 254 1350 278 tuam
1378 250 1405 277 in
1421 249 1539 277 Domino
1557 250 1708 277 confessio-

914 306 986 332 nem,
1003 297 1050 326 sed
1067 297 1240 332 peculiariter
1257 296 1338 329 etiam
1355 295 1390 322 ob
1403 296 1527 330 egregios
1539 303 1594 329 prze
1613 296 1708 323 multis

913 352 1004 372 mores
1014 348 1087 376 tuos.
1099 343 1272 374 suavitatem,
1287 342 1443 375 candorem,
1461 342 1587 376 gratiam,
1600 346 1628 369 ct
1640 342 1708 369 mel-

913 390 990 417 litam
1015 390 1260 421 conversationem,
1288 388 1474 416 allabilitatcm
1508 388 1535 415 in
1554 388 1709 423 congressi-

914 436 982 469 bus,
1007 441 1034 463 et
1058 443 1141 471 supra
1170 435 1263 462 omnia
1290 436 1506 462 beneﬁcentiam
1523 443 1530 461 :
1547 442 1582 461 ex
1610 434 1712 469 quibus

915 488 1000 510 sacra:
1024 481 1123 508 anima:
1149 486 1203 508 tuae
1230 481 1383 512 character,
1408 480 1458 507 etsi
1483 487 1538 507 non
1563 480 1711 515 inspectus,

915 532 1029 555 ornatus
1055 527 1132 555 visus
1154 533 1196 554 est
1218 527 1350 554 virtutum
1370 527 1512 554 varietate.
1538 526 1592 554 Sed
1607 527 1641 554 de
1662 527 1713 554 hac

916 581 946 600 re
967 574 1034 602 satis
1052 584 1059 602 :
1076 582 1126 601 nec
1141 575 1215 601 enim
1231 578 1338 608 tempus
1354 577 1395 600 est
1415 573 1618 601 encomiorum.
1643 573 1713 606 Quid

915 626 980 646 vero
1004 619 1064 651 tibi,
1081 627 1098 646 ο
1117 620 1205 650 beate,
1230 619 1288 647 visa
1310 623 1375 646 sunt
1404 619 1462 646 haec
1487 626 1548 654 quae
1561 618 1714 654 geruntur?

916 664 1013 691 Annon
1031 672 1114 699 prope
1140 663 1309 697 Judaismus,
1327 668 1375 692 aut
1398 663 1598 699 paganismus?
1619 664 1714 690 Detra-

916 715 977 737 etus
992 715 1034 738 est
1045 715 1160 739 ornatus
1186 711 1325 744 Ecclesiae,
1341 719 1479 738 sacrarum
1498 712 1596 738 mdium
1609 710 1691 738 facies
1705 719 1711 738 :

917 757 973 792 igni
990 757 1086 784 tradita
1102 763 1166 785 sunt
1180 763 1272 785 sancta
1288 767 1295 785 :
1311 758 1364 785 alia
1380 758 1505 792 quaedam
1539 757 1626 785 forma
1653 765 1713 784 cer-

918 804 992 831 nitur
1005 805 1031 831 in
1048 804 1260 832 (lhristianismo
1276 814 1283 832 :
1300 805 1322 832 si
1336 804 1579 832 Christianismum
1604 804 1657 831 dici
1674 804 1715 831 fas

918 854 970 881 cst,
985 853 1012 876 ct
1026 857 1081 876 non
1105 850 1195 885 potius
1212 850 1394 878 .ludaismum.
1423 849 1501 877 Nune
1530 854 1713 885 opportunum

917 900 959 923 est.
976 900 1005 922 ut
1030 896 1154 923 dicatur:
1167 895 1288 928 Domine,
1304 896 1444 931 prophetas
1462 901 1523 923 tuos
1545 896 1711 926 occiderunt,

917 944 942 966 ct
967 940 1068 966 altaria
1093 945 1139 966 tua
1158 940 1393 967 destruxerunt“.
1412 940 1445 966 Et
1465 940 1575 974 quidem
1604 940 1714 967 occide-

918 990 991 1019 runt,
1006 990 1033 1012 et
1043 986 1152 1020 quidem
1165 986 1371 1014 destruxeruut.
1391 985 1509 1012 Eradere
1521 986 1593 1013 enim
1608 991 1635 1012 et
1648 985 1714 1013 effo-

917 1032 981 1059 dere
996 1032 1091 1059 facient
1108 1040 1214 1065 eorum,
1224 1032 1289 1067 quid
1307 1032 1380 1059 aliud
1391 1037 1442 1064 est,
1454 1039 1536 1066 quam
1552 1037 1645 1066 aperte
1664 1032 1713 1059 de-

917 1078 1046 1104 struere?
1064 1076 1148 1103 Aufer
1172 1076 1294 1104 hominis
1324 1075 1433 1107 faciem,
1462 1082 1515 1102 non
1541 1075 1598 1109 jam
1630 1075 1712 1101 homo

917 1123 978 1155 erit,
989 1123 1035 1150 sed
1046 1123 1197 1150 abortivum
1215 1123 1357 1158 quiddam,
1371 1123 1392 1149 si
1408 1128 1496 1149 tamen
1510 1122 1600 1148 vivere
1615 1121 1711 1156 possit.

917 1169 1091 1196 Incenderunt
1115 1169 1170 1204 igni
1194 1170 1377 1195 sanctuarith
1394 1173 1469 1195 tuum
1487 1167 1521 1194 ⁸⁷.
1539 1167 1572 1194 Et
1584 1168 1635 1195 hoc
1652 1175 1713 1194 vero

918 1215 982 1256 item
1001 1225 1008 1242 :
1026 1222 1134 1242 omnem
1161 1215 1282 1242 divinam
1303 1215 1450 1249 imaginem
1468 1222 1633 1249 quacunque
1649 1222 1707 1241 ma-

919 1261 985 1288 teria
1011 1268 1170 1296 expressam
1198 1265 1417 1289 concremautes.
1453 1261 1586 1294 Apertum
1611 1264 1654 1287 est
1679 1268 1710 1287 os

918 1308 1118 1342 hlasphemum,
1134 1307 1274 1334 Christum
1293 1307 1393 1334 idolum
1413 1307 1563 1341 appellans,
1589 1312 1616 1333 ct
1650 1307 1714 1334 Dei-

917 1361 1021 1387 param,
1052 1358 1080 1380 et
1098 1359 1209 1392 omnem
1239 1358 1364 1380 sanctum
1385 1362 1392 1380 :
1410 1353 1551 1388 archetypi
1578 1353 1714 1387 siquidem

917 1405 1015 1425 nomen
1041 1399 1140 1426 retinet
1164 1400 1246 1426 etiam
1273 1400 1428 1434 exemplum
1447 1420 1455 1432 ,
1475 1401 1586 1435 quando
1604 1405 1632 1427 et
1647 1400 1715 1427 ado-

918 1445 1052 1472 rationem
1073 1452 1190 1480 quoque.
1208 1445 1312 1473 Idcirco
1332 1451 1359 1473 et
1376 1454 1484 1473 omnem
1506 1451 1598 1482 typum
1612 1454 1713 1477 crucrs,

917 1498 1027 1517 crucem
1060 1490 1242 1526 appellamus,
1263 1496 1289 1518 et
1317 1491 1451 1519 rivilicam
1467 1500 1576 1520 crucem
1596 1493 1715 1519 adoran—

919 1542 960 1564 tes
987 1537 1191 1571 amplectimur.
1216 1536 1317 1565 Verum
1345 1538 1403 1565 hare
1415 1546 1465 1574 ego
1484 1538 1596 1566 humilis
1621 1538 1716 1572 deplo—

919 1583 986 1616 ravi,
1009 1590 1063 1610 non
1094 1582 1171 1617 quasi
1194 1584 1296 1610 erroris
1319 1584 1466 1618 perniciem
1490 1584 1597 1619 ignoret
1620 1588 1715 1611 exacta

920 1629 1054 1663 sapientia
1069 1633 1134 1658 tua;
1149 1637 1181 1655 ne
1193 1629 1293 1656 stultus
1312 1629 1406 1657 videar
1424 1639 1431 1657 :
1450 1630 1496 1657 sed
1508 1635 1538 1656 ut
1555 1629 1646 1657 cordis
1662 1629 1717 1656 mei

920 1676 1044 1704 dolorem
1068 1678 1128 1712 ipse
1148 1677 1248 1704 leniam
1282 1677 1524 1704 counmemorando
1539 1686 1546 1704 :
1564 1676 1654 1704 solent
1678 1677 1716 1704 si-

921 1723 1031 1758 quidem
1061 1724 1247 1755 narrationes,
1264 1731 1326 1750 cum
1352 1723 1514 1756 eﬂ'eruntur,
1535 1723 1658 1751 occultas
1675 1723 1717 1750 le-

922 1777 985 1797 vare
1006 1769 1146 1797 molestias
1165 1779 1172 1801 ς
1189 1775 1271 1805 atque
1296 1774 1326 1796 ut
1348 1769 1423 1796 illam
1446 1777 1500 1796 una
1530 1770 1647 1797 excitem
1682 1769 1717 1796 ad

923 1816 1006 1844 Deum
1026 1816 1136 1844 enixius
1149 1816 1363 1850 deprecandum,
1378 1821 1407 1843 ut
1426 1816 1542 1843 celerem
1564 1816 1716 1843 vindictam

921 1869 1011 1896 pravae
1041 1862 1104 1888 huic
1133 1862 1228 1888 hrercsi
1252 1861 1347 1888 reddat
1362 1862 1395 1888 ad
1416 1862 1508 1897 populi
1521 1862 1564 1890 sui
1590 1862 1717 1889 salutem.

922 1908 974 1935 Ora
990 1908 1072 1935 etiam
1091 1915 1140 1942 pro
1157 1915 1200 1934 me
1216 1907 1330 1934 minimo
1354 1907 1409 1934 lilio
1434 1912 1492 1941 tuo,
1505 1908 1586 1935 Pater
1602 1907 1719 1935 sanctis-

925 1963 1004 1982 SllllQ.

75 1995 136 2023 τοῦ.
164 1996 320 2032 Προσεὺχου
334 1998 460 2035 καὶπερὶ
481 2000 548 2035 ἐμοῦ
566 2000 614 2028 τοῦ
644 2001 786 2036 ἐλαχίστου
818 2011 864 2028 σου
895 2002 1002 2031 τέκνου,
1021 1999 1157 2033 ἁγιώτατέ
1175 2008 1228 2033 μου
1245 1999 1347 2033 Πάτερ.

257 2056 314 2083 KZ.
324 2072 358 2076 —
371 2057 496 2091 Τιμοθέῳ
510 2057 615 2092 τέκνῳ.
629 2058 727 2095 [σμδ’.]

1118 2057 1224 2085 XXVII.
1243 2072 1278 2078 -—
1299 2057 1434 2084 Timotheo
1461 2057 1528 2091 ﬁlio.

327 2125 422 2151 Laudat
433 2127 465 2152 ob
477 2130 640 2153 constantiam
652 2136 696 2160 pro
710 2130 843 2161 imaginum
855 2129 1002 2154 defensione
1016 2137 1021 2153 :
1036 2132 1087 2153 tum
1097 2128 1194 2159 jejunio
1211 2128 1310 2152 modum
1322 2127 1471 2158 praescribit.

112 2178 167 2206 Οἴα
191 2187 238 2206 σου
254 2180 271 2216 η
290 2180 375 2216 ψυχὴ,
399 2182 495 2209 τέκνον
527 2192 577 2218 μου
609 2185 737 2219 ποοητὸν,
752 2185 866 2212 τοιαῦτα
883 2188 905 2214 D

76 2225 129 2251 καὶ
142 2224 178 2252 τὰ
193 2226 358 2260 γράμματα,
383 2227 533 2263 θαρσαλέα,
551 2229 668 2265 εὔθυμα,
698 2230 870 2266 εὐπρόθυμα,

76 2273 207 2307 ῳιλόθεα,
224 2274 417 2311 φιλομάρτυρα
427 2284 433 2290 ’
447 2277 494 2303 καί
509 2285 540 2310 γε
552 2278 602 2312 τῆς
614 2277 705 2313 ψυχῆς
720 2278 824 2310 εἰκόνες
845 2278 870 2304 οἱ

75 2320 174 2354 λόγοι·
203 2320 251 2348 καὶ
278 2322 311 2348 ἐκ
335 2322 384 2349 τοῦ
416 2324 640 2359 περισσεύματος
670 2325 719 2360 τῆς
755 2325 870 2360 καρδίας

75 2367 200 2399 ἕκαστος
210 2367 288 2403 φέρει
303 2368 337 2396 τὰ
353 2369 432 2403 λόγια
441 2378 448 2385 ·
468 2370 538 2397 ὥστε
549 2371 597 2397 καὶ
611 2372 685 2407 ἡμᾶς
698 2372 870 2404 ἀκούσαντάς

75 2421 129 2440 σου
146 2412 202 2439 τῶν
222 2414 365 2450 ῥημάτων,
384 2416 602 2452 ἐπιρρωσθῆναι,
618 2417 665 2444 καὶ
691 2418 800 2453 μᾶλλον.
820 2419 869 2444 ἀν-

73 2459 256 2495 δρειωθῆναι,
273 2462 320 2488 καὶ
339 2462 408 2497 πρὸς
420 2462 535 2497 ἄθλησιν
558 2463 730 2499 ἐπειχθῆναι.
752 2464 817 2501 Ἐμὲ
841 2464 871 2491 δὲ

74 2506 151 2533 καὶὸ
164 2506 279 2541 ἁδελφὸς
308 2508 448 2546 Ἀδριανὸς
471 2508 678 2545 ἐξηγησάμενος
706 2510 787 2537 πλέον
812 2510 870 2543 ὲξὲ‹

74 2560 173 2579 νισεν⁰
192 2553 360 2587 ἁναγγείλας
376 2562 424 2581 σου
445 2555 476 2582 τὸ
504 2554 636 2591 εὒθαρσον
663 2557 710 2583 καὶ
732 2556 869 2591 σταθηρδν

76 2601 125 2624 ut
141 2597 384 2633 εὗπαῤῥησίαστον
397 2608 404 2615 ·
424 2600 471 2626 καὶ
488 2600 537 2635 μέν
555 2608 598 2627 τοι
624 2601 670 2628 καὶ
696 2601 869 2628 διαλεκτικὸν

75 2645 150 2680 πρὸς
169 2644 233 2676 τοὺς
249 2645 432 2680 ἐρεθίζοντας.
442 2646 530 2674 Πόθεν
546 2656 587 2674 σοι
601 2647 705 2680 ταῦτας
718 2647 734 2682 ἢ
747 2647 808 2682 οὐχὶ
824 2648 871 2674 ἐπὶ

74 2690 129 2724 θεῆς
162 2690 338 2727 προαγούσης
361 2692 469 2728 ἀγαθῆς
495 2694 684 2729 προαιρέσεως
715 2693 762 2720 καὶ
797 2693 872 2725 θείας

77 2738 287 2774 περιποιήσεως
302 2747 309 2753 ·
324 2739 358 2766 δι’
371 2738 405 2777 ἧς
415 2740 535 2776 ἤνεγκας
556 2741 591 2768 τὰ
611 2741 795 2777 προλαϐόντα,
825 2741 873 2767 καὶ

79 2783 207 2820 ἕστηκας
219 2785 254 2820 τῇ
267 2785 354 2811 ἑλπίδι
375 2786 426 2821 τῆς
444 2787 523 2821 δόξης
551 2787 599 2814 τοῦ
617 2787 697 2819 θεοῦ,
719 2787 800 2822 μέχρι
825 2787 873 2812 θα-

128 2852 156 2868 "
169 2852 202 2880 lll
220 2853 287 2888 Reg.
301 2862 357 2885 χιιι.
370 2856 413 2883 ll.

80 2889 181 2915 vimus.
196 2888 274 2915 Eutr.

211 2936 346 2967 Panos.
363 2936 422 2966 Gn.
444 2933 557 2966 XCIX.

466 2856 488 2872 "
499 2855 569 2884 Psal.
584 2864 679 2891 tum,
689 2857 716 2885 7.

954 2184 1048 2218 Qualis
1067 2183 1176 2212 animus
1188 2188 1262 2215 lous,
1283 2183 1319 2210 lili
1337 2183 1373 2210 mi
1393 2183 1637 2215 desideratissime,
1652 2185 1719 2211 tales

924 2236 951 2258 et
968 2231 1063 2258 littera:
1076 2229 1163 2264 plena:
1191 2229 1299 2262 ﬁducia,
1312 2230 1466 2262 alacritate,
1485 2230 1660 2261 strenuitate.
1674 2231 1717 2257 in-

923 2277 993 2312 signi
1005 2284 1067 2310 erga
1081 2276 1163 2303 Deum
1174 2281 1200 2302 et
1211 2280 1344 2311 martyres
1354 2275 1499 2303 charitate.
1509 2275 1615 2310 Quippe
1628 2276 1718 2312 imago

923 2322 1008 2350 animi
1035 2329 1127 2349 sermo
1151 2325 1204 2353 est,
1226 2327 1252 2348 et
1276 2330 1308 2348 ex
1330 2322 1497 2349 ahundantia
1524 2322 1615 2348 c0rdis
1636 2329 1721 2349 unus-

923 2369 1039 2403 quisque
1051 2366 1154 2403 profert
1167 2368 1287 2395 oracula.
1300 2367 1336 2394 Ita
1351 2372 1379 2395 ut
1390 2373 1415 2394 et
1429 2375 1491 2399 nos,
1502 2372 1646 2402 postquam
1658 2375 1718 2394 Ver-

924 2416 967 2442 his
983 2415 1038 2442 tuis
1054 2422 1135 2441 aures
1152 2415 1333 2449 praebuimus,
1346 2413 1458 2441 fortiore
1472 2414 1563 2441 animo
1573 2421 1606 2441 ac
1634 2414 1720 2448 magis

922 2461 994 2488 virili
1022 2460 1162 2491 fuerimus.
1179 2464 1206 2486 et
1231 2460 1263 2486 ad
1285 2464 1424 2487 certamen
1449 2459 1602 2487 ineundum
1633 2459 1720 2486 multo

922 2507 1113 2543 promptiores.
1134 2505 1176 2533 Me
1189 2513 1253 2533 vero
1266 2510 1293 2533 et
1305 2505 1388 2533 frater
1403 2505 1542 2533 Adrianus
1555 2505 1589 2532 de
1609 2510 1635 2531 te
1655 2512 1719 2531 nar-

921 2561 986 2581 rans
1009 2553 1196 2580 vehementius
1222 2552 1434 2588 perculitzeum
1461 2556 1489 2578 et
1522 2551 1648 2578 fiduciam
1676 2550 1721 2577 ille

922 2606 1011 2632 tuam,
1028 2604 1055 2626 et
1068 2599 1153 2626 rohur
1167 2599 1263 2631 animi,
1276 2603 1303 2626 et
1319 2599 1426 2626 dicendi
1451 2598 1603 2625 libertatem
1632 2596 1719 2623 refer-

925 2652 977 2679 ret,
992 2645 1141 2680 quinetiam
1153 2648 1180 2671 et
1197 2650 1284 2671 artem
1301 2643 1453 2671 disserendi
1471 2643 1601 2670 adversus
1617 2649 1718 2676 provo-

925 2700 1030 2721 cantes.
1061 2693 1140 2720 Unde
1155 2693 1197 2719 hae
1213 2692 1261 2719 tibi
1276 2692 1353 2719 dotes
1365 2692 1376 2718 ?
1388 2699 1479 2718 annon
1494 2698 1527 2719 ex
1555 2690 1626 2717 bono
1657 2696 1721 2724 pro.

927 2741 1015 2775 posito
1046 2739 1232 2771 antecedente,
1259 2746 1290 2765 ac
1324 2738 1422 2765 fiducia
1454 2739 1481 2765 in
1513 2737 1595 2765 Deum
1615 2745 1622 2769 ;
1641 2736 1720 2770 cujus

926 2794 977 2820 ope
1003 2785 1144 2820 superiora
1171 2784 1318 2820 pertulisti,
1335 2792 1367 2812 ac
1378 2792 1427 2820 spe
1448 2784 1543 2820 gloria:
1575 2783 1622 2811 Dei
1655 2791 1717 2817 per-

779 2856 817 2874 ⁶⁷²⁴
830 2855 949 2889 Inclusa,
965 2857 992 2883 in
1008 2856 1073 2882 edit.
1088 2853 1222 2881 Sirmondz‘
1235 2854 1391 2889 lypographi
1406 2853 1470 2880 tilio
1485 2853 1596 2884 amissa,
1614 2851 1720 2886 suppl:-

1541 2932 1581 2964 38
