1923 3078
237 134 306 167 1195
326 145 327 149 ‘

835 135 865 165 S.
875 134 1076 166 'TllEODORl
1097 135 1272 165 STUDITJE

1796 133 1863 166 1196

235 189 348 220 stttisti.
383 197 469 224 usqtte
498 189 530 216 ad
565 189 668 217 obitum
707 190 741 217 ad
783 197 901 226 pugnam
939 190 1021 218 accinl

1081 191 1162 217 νάτου
1175 189 1416 225 εὐτρεπιζόμενος;
1437 189 1534 224 Χαῖρε,
1552 189 1698 225 εὐφραίνου
1715 197 1723 205 ⁸
1743 190 1864 226 ίσχύσεις

236 241 279 263 tus
292 235 304 262 ’ί
315 235 418 266 Gaude,
444 235 534 262 laetare
549 246 554 262 :
569 242 630 262 cum
651 235 706 262 Deo
731 235 832 262 valebis
853 234 944 262 omnia
961 234 1028 262 tole-

235 289 305 313 rare,
318 289 419 308 corona
435 280 555 308 victoria:
567 281 719 308 redimitus.
743 280 795 308 Sed
809 284 836 307 et
851 288 900 315 pro
913 288 955 308 me
969 288 1027 309 ora.

236 325 330 358 frater,
348 332 377 354 ut
395 333 421 354 et
436 332 493 359 tua,
511 331 538 354 et
558 327 680 361 cujusvis
701 328 812 355 alterius
828 327 926 355 similis
944 327 1028 355 vesti-

236 372 278 406 gia
293 379 455 406 consequar.
475 371 646 399 Suntautem
668 372 734 399 satis
760 372 837 400 multi
862 381 911 408 per
925 371 1027 400 Christi

235 417 349 450 gratiam
365 425 371 442 :
389 416 490 443 etenim
519 416 601 443 veluti
628 417 795 443 curriculum
826 421 868 444 est
884 417 910 443 in
926 417 986 444 luce
1001 421 1028 443 ct

234 466 381 496 conspectu
401 463 521 496 positttm
541 471 548 489 :
567 462 676 497 plurimi
690 470 800 497 quoque
814 467 961 498 martyres.
988 463 1027 489 Ne

235 508 309 534 aliud
341 508 425 543 igitur
452 508 510 535 haec
538 515 600 543 quae
624 514 755 543 geruntur
779 502 918 536 existimes
944 516 1026 544 quam

233 552 336 580 Christi
359 553 541 588 negationem,
556 554 645 588 quoad
661 561 707 581 eos
732 553 779 588 qui
801 558 1026 589 ’persequuntur,

236 599 392 634 factumque
414 607 463 634 pro
482 599 591 627 Christo
607 600 777 635 martyrium,
797 600 886 635 quoad
909 607 957 628 eos
980 600 1026 634 qui

234 645 344 679 praemia
361 645 494 674 referunt.
524 648 614 681 Atque
634 646 706 674 istud
724 647 834 681 quidem
857 650 899 674 est
913 647 940 674 in
957 654 1025 673 con-

234 691 315 718 fesso.
335 691 402 718 Nam
430 696 460 718 ut
484 692 510 718 in
529 692 619 719 crucis
639 692 758 727 imagine
785 699 853 719 crux
874 693 931 727 ipsa
960 692 1026 719 vivi-

233 737 283 764 fica
301 741 327 764 et
346 737 515 772 agnoscitur,
541 742 569 764 et
594 742 706 772 negatur
722 745 728 764 :
747 737 786 765 sic
815 742 842 764 et
866 737 893 764 in
909 738 1026 772 imagine

233 781 335 810 Christi
354 783 426 809 idem
447 783 506 810 sine
517 782 677 810 discrimine
694 783 879 810 statuendum.
907 782 1024 810 Mundus

205 848 209 851 .
233 828 295 854 licet
310 828 461 855 obcatcatus
484 829 529 860 sit,
544 828 586 856 vel
605 828 650 855 ubi
665 828 805 856 Christum
821 829 946 864 abnegat,
959 836 1025 856 cott-

1081 238 1128 263 σὺν
1144 236 1204 272 Θεῷ
1215 237 1303 263 πάντα
1316 236 1451 269 ἐνεγκεῖν,
1464 235 1643 271 ἀθλοφορικδν
1659 236 1789 271 στέφανον
1800 238 1866 264 ἀνα-

1078 281 1331 316 δησάμενος.ῖἈλλ’
1347 280 1428 316 εὔχου
1439 282 1534 316 κάμοὶ,
1555 281 1665 316 ἀδελφὲ,
1697 281 1864 309 συνέπεσθαι

1079 328 1120 355 σοί
1136 336 1166 355 τε
1176 328 1225 355 καὶ
1239 328 1267 354 εί
1280 337 1332 355 τινι
1344 329 1416 364 ἄλλῳ
1435 328 1632 364 παραπλησίῳ.
1650 329 1748 356 Ὶκανοὶ
1770 329 1799 356 δὲ
1814 329 1865 365 χά-

1079 382 1132 409 ριτι
1146 374 1276 410 Χριστοῦ.
1293 375 1348 401 Καὶ
1362 376 1417 410 γὰρ
1434 374 1472 406 ὡς
1486 375 1517 401 τὸ
1545 374 1654 401 στάδιον
1665 374 1792 410 λαμπρὸν
1817 376 1865 402 καὶ

1078 421 1216 455 ἐμφανές·
1239 421 1362 448 πλεῖστοι
1381 421 1428 447 καὶ
1445 421 1470 447 οί
1491 421 1639 457 μάρτυρες.
1664 421 1710 456 Μὴ
1733 422 1787 457 γὰρ
1805 422 1864 448 οῐου

1077 475 1103 492 τι
1121 466 1186 493 ἄλλο
1197 465 1266 494 εἶναι
1282 467 1315 493 τὰ
1333 467 1465 502 παρόντα,
1488 467 1505 501 ἢ
1533 466 1651 502 Χριστοῦ
1677 468 1792 503 ἄρνησιν
1817 468 1864 494 ἐπὶ

1076 512 1139 543 τοὺς
1156 511 1304 545 διώκοντας
1320 521 1328 529 ·
1347 514 1394 539 καὶ
1416 512 1535 548 Χριστοῦ
1565 513 1720 548 μαρτυρίαν
1737 515 1778 544 εἰς
1799 514 1865 545 τοὺς

1076 555 1191 584 τὰ”ἆολα
1204 558 1347 592 φέροντας,
1363 559 1412 585 καὶ
1425 558 1504 585 τοῦτο
1515 558 1636 595 εὔδηλον.
1657 559 1702 590 Ὦς
1712 558 1767 594 γὰρ
1785 559 1816 585 ὲν
1829 561 1863 594 τῇ

1077 603 1162 630 εἰκόνι
1172 603 1218 630 τοῦ
1231 604 1349 640 σταυροῦ
1365 605 1378 630 ὁ
1394 605 1527 637 ζωοποιὺς
1546 606 1665 640 σταυρὸς
1684 605 1732 631 καὶ
1753 605 1864 640 ὠμολὸο

1079 657 1162 684 γηται
1174 650 1221 675 καὶ
1232 650 1348 685 ἤρνηται
1365 659 1371 665 ·
1386 650 1457 677 οὑτω
1470 651 1518 677 καὶ
1532 651 1561 677 ἐν
1577 652 1611 686 τῇ
1633 651 1718 677 εἰκόνι
1742 651 1864 686 Χριστοῦ

1077 696 1108 722 τὸ
1124 696 1189 722 αὑτὸ
1213 696 1442 731 ἀπαραλλάκτως.
1461 697 1493 724 El
1514 697 1560 723 καὶ
1579 697 1750 733 τετύφλωται
1773 698 1788 724 ὁ
1809 699 1865 724 κό-

1076 751 1143 776 σμος
1156 749 1164 757 ·
1177 742 1224 768 καὶ
1235 742 1352 778 Χριστὸν
1365 743 1541 778 ἀρνούμενος,
1559 743 1650 775 παίζει
1661 744 1711 778 τὴν
1719 743 1808 778 ὓϐριν,
1817 745 1864 770 διὰ

1073 788 1124 822 τὴν
1145 787 1192 813 τοῦ
1225 787 1402 822 ὑϐριζομένου
1430 787 1631 824 μακροθυμίαν.
1661 789 1717 815 Καὶ
1742 789 1769 815 τί
1794 789 1862 816 θαυ-

1076 833 1179 867 μαστὸν
1197 834 1383 868 εἰ.ὑπομένει,
1399 833 1489 870 ζητῶν
1505 834 1555 870 τὴν
1582 834 1635 861 τῶν
1657 835 1864 869 παροινούντων

233 874 372 900 tumeliam
388 874 482 907 jocum
497 878 615 909 reputat,
630 879 740 909 propter
753 874 827 901 illius
842 874 1021 908 tolerantiam,

1076 879 1317 914 ἐπιστροφήνςΜὴ
1333 879 1394 914 οὐχὶ
1409 879 1540 913 στέφανον
1562 879 1591 912 ἐξ
1609 880 1736 907 ἀκανθῶν
1758 881 1862 916 ἐπέθη-

237 927 318 954 quem
333 920 531 947 contumeliose
542 924 650 947 tractat.
665 920 718 947 Sed
735 920 800 955 quid
828 921 928 947 mirum
940 920 963 947 si
980 921 1024 948 ille

232 965 360 997 sustinet,
375 965 542 993 furiosorum
567 967 773 993 conversionem
800 974 925 1001 quaerens
940 966 951 992 ?
969 968 1024 993 An-

231 1019 286 1038 non
313 1011 434 1046 spineam
465 1019 595 1038 coronam
617 1012 698 1046 capiti
718 1013 778 1046 ejus
802 1013 956 1046 imposuere
973 1012 1024 1039 nti-

232 1057 313 1085 lites?
330 1064 421 1084 annon
444 1061 547 1084 vestem
575 1057 599 1084 ei
616 1057 819 1085 circumdedere
835 1064 1000 1092 purpuream

231 1103 278 1137 qui
303 1107 330 1130 et
354 1103 446 1129 dixere
468 1111 476 1129 :
496 1104 558 1136 Ave,
576 1111 622 1130 rea:
633 1102 789 1130 Judworum
807 1110 816 1129 :
836 1108 861 1129 et
878 1103 976 1130 dabant
992 1104 1017 1130 ei

232 1150 326 1184 alapas
339 1149 371 1176 “.
392 1150 450 1184 Ipse
465 1157 529 1176 vero
541 1150 633 1176 omnia
651 1150 813 1184 perferebat,
828 1157 891 1177 cum
909 1150 1017 1178 deride-

232 1201 315 1228 retur,
333 1196 530 1230 habereturque
550 1196 677 1228 ludibrio,
694 1204 755 1223 cutn
773 1200 800 1223 et
816 1197 842 1222 in
863 1203 944 1222 cruce
968 1195 1021 1223 alia

233 1241 350 1274 plurima
362 1245 511 1276 pateretur.
529 1240 605 1268 Talia
623 1249 696 1269 nunc
709 1250 817 1276 quoque
830 1245 938 1276 propter
952 1241 1020 1268 ima-

232 1288 321 1322 ginem
346 1295 436 1320 suam,
452 1289 525 1314 etin
548 1295 598 1314 sua
624 1290 682 1322 ipse
716 1287 834 1322 imagine
858 1287 1020 1322 perpetitur,

232 1331 366 1365 siquidem
399 1331 574 1366 archetypum
602 1332 628 1358 in
654 1333 772 1367 imagine
793 1332 970 1367 conspicitur,
992 1338 1021 1360 ut

232 1377 282 1403 viri
301 1378 388 1405 sancti
402 1378 505 1405 dixere.
533 1378 585 1405 Sed
600 1379 759 1406 miserescat
773 1378 816 1405 ille
824 1379 947 1406 celeriter
967 1378 1019 1406 Ec-

231 1423 321 1450 clesim
331 1431 397 1456 suta,
410 1424 583 1451 confessores
597 1425 790 1452 corroborans.
805 1424 894 1452 Audio
910 1431 935 1452 te
947 1425 1017 1460 jeju-

232 1467 307 1495 nium
326 1469 496 1503 protrahere,
511 1472 539 1496 et
550 1469 624 1496 lattor
640 1469 754 1504 utique:
770 1469 816 1496 tibi
836 1477 900 1496 vero
926 1473 1020 1497 auctor

231 1522 291 1541 sum
307 1519 335 1541 ut
351 1515 472 1549 quotidie
484 1519 544 1549 post
558 1522 699 1549 vesperam
716 1516 808 1543 cibum
821 1523 926 1543 sumas.
957 1515 1020 1542 Haec

229 1560 303 1586 enim
332 1560 373 1587 via
398 1561 472 1595 regia
489 1565 540 1594 est,
557 1566 584 1588 et
601 1561 657 1589 haec
680 1561 824 1588 laudabilis
853 1561 1017 1588 abstinentia
1030 1556 1052 1586 C

231 1606 256 1632 in
271 1607 323 1633 isto
339 1607 461 1642 martyrii
477 1615 586 1642 genere.

388 1662 506 1690 XXVIII.
521 1678 556 1683 —
572 1662 674 1690 Basilio
695 1665 846 1698 pt'azpoaito.

1074 933 1126 951 καν
1143 925 1226 951 αὐτοῦ
1250 926 1284 960 τῇ
1313 926 1419 961 κεφαλῇ
1437 925 1461 952 οί
1491 926 1720 961 στρατευόμενοι;
1742 927 1779 962 μὴ
1799 927 1863 962 οὐχὶ

1074 971 1122 997 καλ⁸
1145 971 1253 1006 ίμάτιον
1273 972 1431 1008 πορφυροῦν
1459 972 1623 1007 περιέϐαλον
1647 973 1745 1006 adadv;
1769 973 1795 1000 οἵ
1813 975 1864 1000 καὶ

1074 1017 1169 1051 ἔλεγον
1180 1026 1187 1033 ·
1203 1018 1301 1052 Χαῖρε,
1321 1020 1337 1044 ό
1348 1018 1500 1050 βασιλεὺς
1521 1017 1583 1045 τῶν
1614 1018 1763 1047 Ἰουδαίων
1775 1027 1782 1035 ·
1809 1020 1864 1047 καὶ

1073 1062 1194 1089 ἐδίδουν
1207 1062 1287 1095 αὐτῷ
1297 1063 1485 1097 ῥαπίσματα.
1505 1062 1533 1089 '0
1546 1062 1575 1089 δὲ
1590 1062 1671 1099 ἔφερε
1686 1064 1784 1096 πάντα,
1807 1071 1863 1090 κα-

1072 1108 1275 1144 ταγελώμενος,
1298 1108 1545 1144 μυκτηριξόμενος,
1570 1110 1618 1136 καὶ
1635 1110 1685 1136 ὅσα
1705 1109 1775 1136 ἄλλα
1806 1109 1867 1136 πᾶ-

1074 1163 1145 1190 σχων
1160 1157 1189 1182 ὲν
1209 1155 1329 1191 σταυρῷ.
1345 1155 1465 1183 Τοιαῦτά
1479 1158 1538 1183 ἐστι
1554 1155 1602 1182 νῦν
1616 1156 1731 1191 πάσχων
1750 1155 1794 1182 διὰ
1810 1156 1866 1190 τῆς

1073 1201 1178 1232 εἰκόνος
1193 1200 1287 1234 αὑτοῦ,
1311 1201 1359 1228 καὶ
1380 1202 1408 1227 ἐν
1425 1203 1459 1236 τῇ
1486 1201 1572 1228 είκύνι
1587 1201 1669 1228 αὑτοῦ
1682 1208 1689 1215 ·
1705 1201 1800 1235 ἐπειδὴ
1831 1203 1868 1228 τὸ

1073 1248 1228 1282 ἀρχέτυπον
1243 1248 1273 1274 ὲν
1284 1248 1317 1283 τῇ
1333 1248 1418 1274 είκόνι
1430 1248 1602 1282 ὲκφαίνεται,
1614 1247 1652 1279 ὡς
1671 1247 1782 1283 εἴρηται
1804 1249 1870 1280 τοῖς

1074 1293 1171 1326 ἁγίοις.
1199 1292 1270 1319 Ἀλλ’
1292 1294 1336 1327 είη
1354 1293 1427 1325 ἔλεος
1444 1294 1473 1319 ἐν
1489 1293 1568 1328 τάχει
1591 1294 1624 1328 τῇ
1646 1293 1796 1328 Ἐκκλησία
1810 1293 1868 1320 αὐ-

1073 1338 1132 1369 τοῦ,
1151 1338 1310 1373 ὲνδυναμῶν
1322 1338 1386 1370 τοὺς
1406 1338 1618 1374 ὁμολογοῦντας.
1635 1338 1739 1366 Ἀκούω
1757 1338 1800 1364 ὅτι
1814 1347 1870 1373 νη-

1075 1383 1167 1410 στείαν
1181 1383 1272 1414 ἕλκεις
1285 1391 1292 1398 ·
1308 1383 1356 1410 καὶ
1370 1383 1459 1419 χαίρω
1478 1383 1539 1419 μὲν,
1554 1382 1730 1419 συμὸουλεύω
1745 1383 1774 1409 δὲ
1788 1383 1867 1410 καθ-

1074 1429 1194 1465 εκάστην
1225 1429 1327 1456 ἐσθίειν
1354 1430 1423 1465 μετὰ
1446 1431 1480 1456 τὰ
1495 1429 1638 1466 ἑσπρινά.
1665 1430 1752 1456 Τοῦτο
1772 1429 1829 1465 γὰρ
1848 1431 1868 1465 ή

1073 1475 1201 1511 βασιλικὴ
1215 1475 1285 1508 ὁδὸς,
1307 1476 1354 1503 καὶ
1367 1475 1436 1511 αὕτη
1453 1475 1584 1511 ἐπαινετὴ
1612 1475 1762 1511 ἐγκράτεια
1783 1476 1814 1502 ἐν
1828 1478 1867 1511 τῇ

1073 1520 1218 1556 μαρτυρίᾳ.

1178 1662 1245 1690 κη’.
1257 1663 1447 1697 -Βασιλείῳ
1462 1663 1629 1698 ἡγουμένῳ.
1646 1663 1751 1700 [aug-ﬂ]

412 1720 445 1745 Ut
456 1719 554 1745 fortiter
571 1727 615 1751 pro
627 1721 722 1746 Christo
738 1721 789 1752 pati
801 1724 899 1753 pergat,
917 1727 965 1747 nec
980 1721 1089 1753 trepidet
1099 1719 1120 1746 si
1130 1723 1188 1746 ante
1199 1721 1374 1752 imperatorem
1387 1723 1430 1745 aut
1439 1720 1557 1752 praesides
1569 1721 1680 1745 ducatur.

267 1772 319 1801 Ubi
340 1773 460 1800 intellexi
473 1773 564 1800 omnia
582 1781 642 1807 quae
656 1778 766 1807 propter
779 1773 923 1800 Dominum
939 1781 1020 1808 passa

231 1825 272 1847 cst
297 1820 428 1847 sanctitas
451 1824 507 1851 tua,
523 1827 585 1846 cum
604 1826 683 1845 sacro
708 1827 759 1845 suo
774 1819 903 1852 subdito;
919 1819 1021 1854 gloriﬁ-

231 1866 290 1893 cavi
319 1866 450 1901 optimum
480 1865 564 1891 Deum
580 1869 703 1891 nostrum
721 1864 819 1891 valde:
834 1865 904 1898 quod
928 1866 1021 1899 utique

230 1917 341 1939 exortus
359 1916 386 1939 et
403 1911 461 1946 ipse
483 1918 512 1937 es
524 1911 607 1937 veluti
631 1910 706 1937 sidus
721 1911 747 1937 itt
767 1911 868 1937 mundo
882 1918 945 1938 cum
961 1911 1022 1938 aliis

230 1958 376 1990 sideribus,
394 1958 421 1984 in
437 1957 488 1983 hac
499 1957 625 1991 prmsenti
643 1957 723 1991 quasi
743 1962 875 1984 noctttrna
889 1956 1024 1984 hmreseos

231 2011 331 2039 pugna,
360 2010 408 2030 vas
436 2001 590 2034 electionis,
611 2002 738 2028 columna
768 2007 795 2028 et
823 2001 1022 2028 firmamentum

230 2050 363 2078 veritatis.
395 2049 483 2082 Quam
512 2048 673 2076 admirabile
698 2056 745 2083 par
774 2048 841 2075 illttd
873 2048 1021 2075 vestrum!

230 2105 312 2132 quam
328 2095 441 2123 Christo
460 2095 587 2126 amabile,
612 2095 684 2129 quod
706 2095 799 2130 plagas
828 2094 914 2129 ipsius
942 2101 1023 2121 causa

1109 1774 1202 1800 Πάντα
1219 1773 1385 1808 καταμαθὼν
1398 1773 1470 1808 άπερ
1485 1772 1529 1800 διὰ
1544 1773 1646 1808 Κύριον
1660 1773 1764 1808 ὑπέστη
1775 1781 1826 1800 σου
1848 1775 1867 1808 ὴ

1074 1818 1183 1852 ὁσιότης
1197 1818 1246 1847 σὺν
1256 1817 1295 1852 τῷ
1310 1817 1375 1854 ἱερῷ
1397 1817 1510 1853 ὑπηκόῳ
1523 1825 1529 1831 ·
1546 1817 1661 1849 ἐδόξασα
1684 1817 1731 1844 τὸν
1756 1818 1870 1852 ἀγαθὸν

1074 1864 1140 1892 Θεὸν
1159 1865 1237 1900 ἡμῶν
1264 1864 1341 1892 λίαν·
1362 1865 1458 1900 ὅτιπερ
1473 1863 1613 1896 ἀνέτειλας
1633 1864 1680 1890 καὶ
1701 1863 1785 1896 αὐτὸς
1803 1874 1870 1900 φω-

1074 1909 1143 1946 στὴρ
1165 1911 1194 1937 ὲν
1209 1909 1248 1945 τῷ
1273 1911 1368 1946 κόσμῳ
1384 1911 1433 1937 σῦν
1456 1910 1545 1942 ἄλλοις
1569 1909 1756 1945 λαμπτῆρσιν,
1779 1910 1810 1936 ὲν
1830 1911 1870 1946 τῇ

1072 1959 1131 1984 νυνὶ
1161 1957 1332 1993 νυκτομαχίᾳ
1354 1957 1403 1990 τῆς
1432 1956 1577 1991 αἱρέσεως,
1601 1955 1698 1987 σκεῦος
1726 1955 1871 1991 ἐκλογῆς,

1074 2003 1170 2034 στύλος
1185 2003 1233 2029 καὶ
1246 2003 1390 2037 ἑδραίωμα
1404 2002 1451 2036 τῆς
1471 2001 1611 2037 ἀληθείας.
1630 2002 1673 2033 Ὠς
1688 2001 1842 2038 θαυμαστὴ
1852 2004 1872 2038 ἢ

1072 2048 1138 2080 δυὰς
1152 2049 1241 2084 ὑμῶνί
1265 2049 1302 2079 ὼς
1319 2049 1422 2084 ὲραστὴ
1436 2048 1475 2083 τῷ
1490 2048 1611 2083 Χριστῷ,
1634 2048 1742 2082 πληγὰς
1756 2048 1792 2075 δι’
1813 2050 1874 2075 αὐ-

1072 2094 1117 2121 τὸν
1133 2094 1316 2129 ὑπομείνασα,
1341 2093 1508 2127 ἀπαγωγὰς,
1533 2092 1667 2127 φυλακὰς,
1695 2093 1743 2120 καὶ
1771 2094 1874 2121 ταῦτα

232 2143 351 2178 pertulit,
368 2142 474 2174 exsilia,
489 2149 623 2174 carceres,
644 2146 672 2167 et
695 2148 726 2168 ea
749 2148 835 2176 usque
851 2141 877 2167 in
901 2148 1021 2175 prmseu-

1076 2140 1126 2172 Eu);
1137 2140 1185 2166 τοῦ
1201 2139 1341 2174 παρόντος.
1359 2139 1440 2166 Ἀλλὰ
1455 2140 1482 2166 τί
1499 2140 1540 2166 ὅτι
1552 2139 1605 2174 πρὸ
1617 2140 1666 2174 τῆς
1680 2139 1780 2175 πείρας
1793 2137 1874 2177 ἧκες

231 2194 285 2216 tcm
298 2189 368 2215 dietn
381 2188 387 2214 !
405 2187 457 2214 Sed
472 2186 536 2221 quid
551 2190 594 2213 est
607 2187 692 2220 quod,
707 2190 853 2221 antequam
869 2185 1019 2219 periculum

232 2233 346 2264 faceres,
363 2233 396 2260 ad
416 2240 459 2259 me
470 2231 600 2258 humilem
618 2231 726 2260 venisti.
741 2231 819 2258 sicuti
836 2238 868 2257 ex
892 2235 917 2258 te
941 2230 1018 2257 intel-

232 2280 294 2311 lexi,
313 2286 363 2306 nec
378 2284 467 2305 tamen
485 2281 632 2311 conspectu
659 2284 719 2303 meo
730 2276 783 2303 frui
802 2276 895 2304 licuit:
909 2283 957 2303 nec
969 2276 1019 2302 mi-

232 2333 292 2352 rum
317 2325 421 2359 utique.
444 2322 670 2357 Quandoquidem
687 2321 772 2354 enim,
789 2326 819 2349 ut
845 2321 1019 2357 conjiciebas,

232 2379 287 2399 non
316 2371 425 2398 aderam
443 2379 450 2403 ;
465 2370 547 2397 miser
574 2369 647 2396 enim
673 2375 722 2403 ego
747 2376 779 2395 ac
796 2368 914 2395 tenebris
945 2367 1020 2395 obsi-

233 2421 278 2444 tus
296 2426 304 2450 ;
323 2416 388 2451 quid
400 2421 426 2443 te
439 2415 610 2443 incommodo
626 2413 739 2441 atlecisti
758 2414 768 2440 7
784 2414 836 2440 nisi
850 2414 922 2449 quod
945 2420 1019 2440 nunc

232 2463 349 2497 teipsum
374 2461 452 2489 nobis
469 2469 517 2496 per
534 2461 638 2488 litteras
658 2460 824 2496 conjunxisti
841 2468 847 2486 :
863 2459 952 2493 ctjam
970 2466 1020 2486 nos

232 2509 328 2544 spiritu
346 2509 460 2535 invicem
484 2509 633 2540 intuemur,
648 2512 674 2535 ct
689 2507 716 2534 in
734 2514 819 2533 unum
845 2505 1020 2533 convenimus

233 2556 260 2582 in
276 2554 384 2590 spiritu,
406 2554 494 2581 unain
505 2553 621 2580 Domino
630 2553 720 2580 anima
732 2551 830 2585 effecti,
846 2559 895 2586 ego
911 2552 1020 2579 humilis

234 2602 260 2628 in
272 2601 348 2628 vobis
365 2600 478 2632 sanctis,
488 2605 514 2627 et
526 2607 574 2626 vos
585 2600 612 2626 in
629 2606 681 2626 me.
697 2598 879 2631 Quamobrem
895 2597 1020 2625 Christus

233 2649 260 2674 in
288 2646 377 2674 medio
402 2651 537 2678 nostrum,
558 2645 636 2681 juxta
655 2652 778 2672 vcracetn
795 2644 868 2670 illius
886 2643 1019 2678 pollicita-

233 2694 344 2721 tionem.
361 2692 432 2725 (ξιιῙά
446 2691 544 2720 deinde
560 2691 694 2726 reliquum
710 2696 751 2718 est
765 2691 776 2717 ?
790 2690 1021 2725 Ut,quemadmo-

232 2741 296 2767 dum
315 2739 448 2774 cmpimus
468 2738 494 2765 in
509 2737 649 2765 laboribus
670 2744 719 2772 pro
747 2736 872 2770 Christo,
894 2742 1021 2763 consum-

234 2793 338 2813 memus
354 2784 522 2820 propositum
537 2783 616 2811 nobis
633 2787 783 2817 certamen,
801 2782 869 2810 nihil
894 2781 1020 2810 reformi-

268 2852 290 2868 “
301 2852 380 2880 Joan.
397 2852 490 2885 “1,5.

1071 2187 1141 2222 πρός
1157 2196 1189 2221 με
1207 2187 1252 2213 τὸν
1268 2187 1408 2217 ταπεινὸν,
1421 2187 1493 2213 καθὰ
1505 2186 1641 2219 ἐδίδαξας,
1666 2185 1702 2221 μὴ
1720 2186 1873 2221 ἐπιτυχών

1072 2242 1124 2268 μου
1142 2233 1189 2259 τοῦ
1213 2233 1400 2268 συνοψισμοῦ;
1424 2233 1472 2258 καὶ
1505 2232 1629 2263 είκὸτως.
1662 2232 1773 2267 Ἐπειδὴ
1793 2233 1873 2270 γὰρ,

1071 2279 1108 2311 ὡς
1132 2279 1332 2314 ὑπελάμϐανες,
1353 2279 1402 2305 οὑκ
1426 2276 1460 2313 ἦν
1476 2287 1482 2294 ο
1513 2279 1622 2313 οἰκτρὸς
1644 2277 1698 2313 γὰρ
1728 2278 1787 2312 ἐγὼ
1815 2281 1875 2308 καὶ

1072 2325 1208 2356 σκοτεινὸς
1221 2333 1227 2339 ·
1247 2325 1274 2351 τί
1286 2326 1329 2351 ἵνα
1343 2325 1391 2351 καὶ
1408 2324 1542 2359 ὲϐλάϐηςς
1569 2323 1638 2359 πλὴν
1665 2324 1705 2350 ὅτι
1734 2325 1874 2360 συνῆψας

1070 2372 1137 2406 ἡμῖν
1149 2371 1245 2398 ἑαυτὸν
1267 2371 1326 2397 νυνὶ
1349 2371 1392 2397 διὰ
1406 2371 1453 2397 τοῦ
1468 2371 1632 2406 γράμματος
1646 2377 1653 2384 ·
1683 2370 1732 2396 καὶ
1748 2371 1874 2406 ὁρῶμεν

1070 2417 1202 2452 ἀλλήλους
1216 2417 1267 2452 ἤδη
1282 2416 1321 2452 τῷ
1336 2416 1471 2450 πνεύματι
1486 2424 1493 2431 ·
1507 2417 1555 2442 καὶ
1573 2416 1612 2447 εἰς
1631 2415 1731 2442 ταυτὸν
1757 2417 1873 2452 συνήλ-

1071 2463 1154 2498 θομεν
1170 2464 1200 2489 ὲν
1215 2462 1369 2498 πνεύματι·
1385 2463 1434 2497 μία
1451 2461 1524 2497 ψυχὴ
1537 2462 1565 2488 ὲν
1581 2461 1677 2496 Κυρίῳ
1697 2462 1871 2496 γεγονότες,

1072 2508 1153 2543 ὲγὼὸ
1170 2508 1297 2540 ταπεινὸς
1322 2509 1350 2535 ὲν
1376 2508 1441 2544 ὑμῖν
1462 2509 1519 2539 τοῖς
1541 2507 1639 2541 ἁγίοις,
1662 2507 1708 2533 καὶ
1724 2507 1809 2542 ὑμεῖς
1838 2510 1877 2535 ὲν

1071 2553 1148 2589 ἐμοί·
1168 2555 1266 2589 ὅτιπερ
1295 2554 1412 2590 Χριστὸς
1429 2555 1457 2580 ἐν
1486 2553 1561 2589 μέσῳ
1586 2553 1764 2588 ἀμφοτέρων,
1790 2557 1878 2583 κατὰ

1072 2600 1121 2635 τὴν
1134 2599 1239 2634 ἀψευδῆ
1262 2599 1438 2634 ἐπαγγελίαν.
1464 2600 1497 2626 Τί
1523 2599 1614 2626 λοιπὸν
1637 2599 1694 2632 tu;
1711 2599 1768 2632 ἵνα,
1788 2601 1880 2629 καθὰ

1071 2645 1246 2681 ἐνηρξάμεθα
1264 2646 1294 2672 ὲν
1309 2647 1366 2677 τοῖς
1392 2645 1463 2680 ὑπὲρ
1479 2645 1598 2681 Χριστοῦ
1615 2645 1793 2680 μαρτυρίοις,
1819 2655 1879 2674 τε-

1072 2691 1229 2726 λειώσωμεν
1244 2690 1291 2717 τὸν
1325 2690 1506 2727 προκείμενον
1540 2691 1606 2727 ἡμῖν
1635 2690 1739 2725 ἀγῶνα,
1775 2692 1879 2727 μηδὲν

1073 2736 1315 2772 ὑποπτήσσοντες·
1339 2737 1376 2773 μὴ
1396 2736 1504 2773 πληγὰς
1531 2735 1620 2770 αὖθις,
1647 2737 1684 2773 μὴ
1701 2736 1804 2773 δεσμὰ,
1829 2740 1879 2775 μὴ

1076 2782 1295 2817 στρεϐλωτῆρας,
1315 2782 1352 2818 μὴ
1369 2782 1435 2818 πῦρ,
1450 2783 1488 2819 μὴ
1508 2782 1595 2817 ξίφος,
1620 2782 1657 2817 μὴ
1682 2782 1766 2818 ὕδωρ,
1794 2785 1880 2820 μηδὲ
