1923 3078
78 147 145 180 1197

679 140 949 173 EPISTOLARUM
966 141 1040 172 LIB.
1058 140 1088 170 II

1628 135 1697 168 1198

79 204 228 240 μάχαιραν.
249 200 342 233 (δῠιιως
362 199 519 226 ὑποτίθεται
544 199 611 235 ἡμῖν
625 199 639 226 ὁ
654 199 754 234 λόγος·
778 197 865 230 οὕτως

923 196 1023 230 iantes,
1033 203 1087 223 non
1099 195 1190 230 plagas
1202 201 1294 230 porro.
1312 201 1365 221 non
1378 193 1498 226 vincula,
1511 200 1566 220 non
1581 196 1703 221 tormen-

77 250 127 285 βοᾷ
140 249 155 275 δ
173 247 337 278 Ἀπόστολος
351 254 358 261 ·
373 244 462 277 οὕτως
478 246 496 280 ἡ
509 244 651 277 τελείωσις
674 245 728 271 τῶν
757 244 863 280 μαρτύ-

77 304 132 333 ρων
146 294 286 322 ἁπάντων.
303 293 359 319 Οὐκ
383 291 466 326 ἐσμὲν
485 291 659 326 ἀγενέστεροι
682 289 771 316 αὐτῶν
787 296 794 304 ·
812 288 864 316 κᾶν

75 340 132 375 ἐγὼ
145 340 243 371 τάλας,
258 339 291 365 ὲκ
307 337 374 364 Θεοῢ
390 337 437 364 καὶ
448 336 526 363 αὐτοὶ
536 336 720 371 ἐγεννήθημεν
731 344 738 350 ·
754 336 804 370 τὴν
816 335 865 361 αὺ-

74 388 126 423 τὴν
141 385 247 423 μητέρα
259 386 309 420 τῆς
319 382 456 414 υἱοθεσίας
469 382 636 417 κεκτήμεθα.
659 382 772 408 Ἐκεῖνοι
783 381 864 417 ὴθλο-

55 464 58 465 ,
74 433 201 468 φόρησαν
211 439 218 446 ·
236 430 284 457 καὶ
296 430 379 465 ἡμεῖς
393 428 534 464 ἁσχημονή
541 436 639 463 σομεν;
664 428 792 461 γυναῖκες
815 426 865 454 καὶ

75 479 160 513 κόραι
197 475 387 510 ἑοτέφθησαψ
418 474 466 501 καὶ
496 474 577 508 ἡμεῖς
609 472 862 508 φιλοσαρκήσομεν;

75 525 204 559 γέροντες
220 522 268 549 καὶ
284 521 370 557 νήπια
381 520 541 555 νενικήκασι
557 519 704 554 τυράννους
720 519 768 545 καὶ
786 519 863 553 βασι-

75 570 206 599 λεύοντας
220 576 227 584 °
243 567 291 594 καὶ
304 566 385 602 ἡμεῖς
396 565 601 600 ίλιγγιάσομεν;
621 564 756 599 οὐδαμῶς.
769 563 864 598 Δῶμεν

76 615 127 646 τὰς
143 614 247 648 σάρκας
257 613 314 643 τοῖς
327 610 502 646 σαρκοφίλοις
517 618 525 625 ·
541 610 558 644 ὴ
572 609 646 645 ψυχὴ
663 608 791 643 ἄληπτος.
818 608 864 644 Μὴ

76 659 243 696 φοϐηθῶμεν
259 657 331 691 τοὺς
346 656 595 692 σωματοκτόνους
607 664 615 671 ·
631 655 711 682 ἀλλὰ
735 654 789 681 τὸν
811 654 865 681 δυ-

77 706 211 741 νάμενον
225 703 274 731 καί
290 702 398 737 ψυχὴν
425 702 474 728 καί
496 701 582 735 σῶμα
606 699 641 727 ἐν
666 700 773 736 γεέννῃ
789 700 865 727 ἀπο-

76 752 177 779 λέσαι.
191 748 281 777 Τανῦν
298 748 458 782 ἀγαλλίασις
474 747 521 773 καὶ
539 745 667 781 Θυμηδία.
697 746 788 780 Εἴπερ
810 746 865 780 γὰρ

77 796 311 832 συμπάσχομεν,
328 792 377 821 καὶ
390 793 710 826 συνδοξασθησόμεθα.
728 792 865 828 Θρηνείτω

76 843 92 869 ό
106 842 240 873 διάϐολος,
256 841 304 867 καὶ
318 840 343 866 oi
360 839 442 867 αὑτοῦ
459 838 615 874 ὑπηρέται·
633 837 714 864 τοῦτο
743 838 797 874 γὰρ
813 838 865 865 πά-

922 247 959 275 ta,
984 249 1038 269 non
1062 242 1163 277 ignem,
1180 248 1234 268 non
1259 246 1363 271 ensem,
1385 247 1440 266 non
1455 246 1566 274 aquam,
1580 246 1633 265 non
1650 239 1703 274 gla-

914 288 990 316 dium
1006 288 1040 314 ‘°.
1057 286 1102 315 Sic
1119 287 1176 321 ipsa
1194 295 1244 314 nos
1260 286 1400 319 Scriptura
1414 285 1542 312 admonet
1558 292 1564 311 :
1582 284 1622 312 sic
1631 284 1704 319 Apo-

914 334 1000 362 stolus
1025 333 1143 361 clamat:
1158 333 1196 359 sic
1216 335 1366 366 martyrum
1386 330 1508 357 omnium
1524 337 1703 358 consumma-

915 380 962 407 tio.
985 378 1045 406 Non
1071 382 1136 417 sunt
1165 378 1254 410 nobis,
1271 384 1354 412 quam
1368 375 1432 408 illis,
1447 376 1539 403 minus
1560 376 1626 403 clari
1653 384 1703 404 na-

914 425 992 457 tales,
1006 431 1162 459 quanquam
1191 430 1240 458 ego
1265 422 1358 449 infelix
1377 430 1383 454 ;
1400 429 1434 448 ex
1465 420 1521 448 Deo
1536 424 1563 447 et
1577 421 1627 455 ipsi
1646 421 1702 448 nati

915 477 1011 497 smnus
1026 469 1148 496 eamdem
1162 468 1318 502 adoptionis
1334 471 1448 493 matrem
1464 465 1564 500 adepti.
1582 465 1621 493 illi
1635 473 1704 501 prat-

915 517 970 543 mia
996 515 1113 542 retulere
1131 524 1137 541 :
1159 518 1186 541 et
1215 521 1268 541 nos
1293 513 1442 548 degeneres
1454 512 1558 539 erimus
1573 512 1585 539 T
1599 511 1706 539 femina:

914 569 947 589 ac
960 561 1056 596 puellae
1069 565 1206 588 coronatae.
1217 563 1281 587 sunt
1296 568 1303 585 :
1318 565 1344 586 et
1360 567 1409 586 nos
1422 558 1498 586 carni
1514 556 1707 585 blandiemur‘f

915 615 994 635 senes
1019 610 1046 634 et
1075 606 1153 641 pueri
1174 610 1305 641 tyrannos
1329 604 1418 632 vicere
1443 608 1471 631 et
1494 612 1593 639 reges:
1612 609 1639 631 et
1655 611 1706 631 nos

915 657 1055 688 stupentes
1084 652 1248 679 harebimus
1264 651 1275 678 ?
1294 651 1404 678 Minime
1426 658 1502 678 vero.
1521 650 1638 677 Carnem
1662 650 1706 678 di-

915 699 1056 726 mittamus
1081 697 1125 725 his
1140 698 1188 733 qui
1214 704 1326 725 carnem
1349 696 1463 732 diligunt
1478 706 1484 723 :
1499 696 1609 724 animus
1633 696 1706 723 inte-

915 746 966 773 rim
982 745 1132 780 expugnari
1142 745 1246 779 nequit.
1277 744 1315 771 Ne
1328 744 1474 771 timeamus
1488 752 1533 771 eos
1560 744 1606 779 qui
1636 743 1707 770 occi-

914 791 980 818 dunt
1011 799 1105 826 corpus
1123 797 1132 817 :
1148 790 1193 817 sed
1214 798 1273 817 eum
1299 790 1345 824 qui
1355 794 1439 823 potest
1460 790 1578 816 animam
1599 794 1623 816 et
1649 797 1708 816 cor-

917 846 965 872 pus
993 838 1099 872 perdere
1122 837 1150 864 in
1181 840 1324 872 gehennam
1345 837 1379 863 ".
1410 836 1439 863 in
1475 836 1603 871 przesenti
1637 836 1708 864 laeti-

79 895 191 923 σχουσιν
201 871 274 921 etin-1
286 884 489 918 ἀκαταπλήκτῳ
500 871 623 910 ἐνστάσει
634 871 868 918 θεῶν’μαρτυρούν-

923 885 957 912 tia
975 890 1017 912 est
1031 889 1058 912 et
1077 884 1203 913 alacritas
1220 894 1226 911 :
1245 884 1381 920 Siquidem
1396 884 1465 911 enim
1485 884 1709 918 compatimur,et

77 940 145 960 των.
161 932 216 967 Φὴς
230 931 267 967 μὴ
285 930 386 957 ἰδέσθαι
401 929 512 956 πώποτε
524 928 637 964 βασιλέα
651 937 659 945 ο
678 928 744 964 μηδὲ
754 928 867 964 ἄρχουσι

79 978 250 1015 παρεστάναι
267 985 275 993 ο
295 975 442 1003 κὰντεῦθέν
455 984 515 1007 πως
533 975 632 1011 δεδιᾷν.
652 974 805 1010 Μηδαμῶς.
831 972 868 1001 *Ω

80 1025 185 1059 Πάτερ,
207 1022 413 1057 καταφρόνησον
437 1020 612 1056 ἀμφοτέρων,
627 1021 642 1048 ὁ
657 1020 776 1056 Χριστὸν
798 1020 868 1056 ἔχων

81 1058 268 1104 ἐνδεδυμένον.
292 1058 462 1099 Ἐκείνόςνσε
484 1067 615 1102 πτηξάτω
627 1066 722 1102 ὥσπερ
738 1067 786 1093 καὶ
812 1066 869 1094 δαί-

81 1125 164 1153 μονες
177 1124 185 1132 ·
205 1114 312 1147 ἄνοιξον
328 1114 374 1140 σὺν
393 1113 482 1149 στόμα
495 1113 592 1149 παρὼν
617 1113 687 1149 πρὸς
711 1113 803 1141 αὐτόν.
825 1114 870 1140 Δο-

80 1163 195 1199 θήσετιι
210 1162 264 1196 γάρ
282 1169 324 1187 σοι
346 1160 425 1193 λόγος
439 1167 445 1174 ·
460 1159 579 1195 Χριστὸς
602 1159 795 1194 ἐπηγγείλατο.
822 1160 870 1186 Ἐ-

79 1207 177 1243 λεγξον
189 1206 282 1238 αὐτὸν,
304 1206 329 1232 εί
349 1205 533 1241 ματαιολογεῖ.
550 1205 586 1231 Οὐ
603 1204 649 1231 τὸν
670 1204 771 1240 Ἀχαάὸ
786 1204 869 1241 ήλεγ·

81 1254 128 1287 ξεν
159 1252 269 1286 Ἦλίας;
290 1252 320 1279 οὺ
342 1251 387 1278 τὸν
408 1251 533 1287 Ἡρώδην
556 1250 703 1284 Ἰωάννης;
720 1251 771 1277 οὐκ
796 1250 870 1277 ἄλλοι

79 1298 144 1329 τοὺς
167 1297 283 1330 ἇλλους;
309 1295 353 1323 ἵνα
379 1295 418 1331 μὴ
435 1294 629 1331 κατονομάζων
644 1294 816 1331 μακρολογῶ.
841 1295 870 1321 '0

79 1343 144 1369 τότε
162 1342 239 1374 Θεὸς,
265 1342 313 1368 καὶ
341 1340 401 1368 νῦν.
425 1340 470 1372 Ὠς
497 1340 641 1376 ἠγάπησεν
666 1340 797 1373 ἐκείνους,
823 1340 871 1368 καὶ

80 1387 327 1424 Μαθητιῶν
347 1385 381 1423 ἧς
398 1387 455 1419 τοῖς
468 1387 642 1420 ἀποστόλοις,
659 1387 786 1423 μάρτυσι,
806 1396 872 1423 προ-

82 1435 196 1470 φήταις,
225 1433 376 1469 Πατράσιν,
401 1432 496 1464 ὁσίοις.
524 1432 554 1459 Ὁ
568 1432 674 1468 καρπὸς
702 1431 741 1468 τῷ
773 1432 872 1468 δένδρῳ

82 1478 278 1515 ἐξομοιούσθω,
310 1477 359 1505 καὶ
385 1478 410 1503 εί
441 1477 479 1513 μὴ
514 1477 585 1504 οὕτω
624 1477 870 1514 περιπατήσομεν·

83 1526 176 1552 σκαιοὶ
192 1525 240 1551 καὶ
256 1524 317 1559 οὐχὶ
330 1523 461 1559 μαθηταὶ,
479 1523 539 1550 οὐδὲ
564 1524 628 1556 υἱοὶ,
657 1523 719 1550 οὐδὲ
747 1523 850 1559 καρποί
863 1531 870 1539 ·

83 1551 154 1599 ἀλλά
168 1571 217 1606 τῆς
232 1551 424 1606 ἀντικείμένης
438 1551 546 1605 μέριδος
558 1577 565 1585 ·
579 1551 634 1596 τῶν
647 1551 819 1605 φιλοκοσμίαν
828 1570 872 1605 δὴ,
885 1551 907 1579 c

81 1617 167 1651 λέγω,
182 1616 230 1642 καὶ
246 1615 434 1650 δουλοσᾶῳκων
446 1623 452 1630 ·
482 1610 519 1641 ὧν
534 1613 584 1649 τὴν
597 1614 713 1650 μίμησιν
730 1615 874 1649 φύγοιμεν,

84 1661 265 1696 ὲπιτύχοιμεν
290 1660 319 1687 δὲ
336 1660 417 1691 Θεοῦ,
451 1658 649 1695 τελειοφρόνως
679 1660 876 1694 ἀγωνιζόμενοι

84 1708 115 1733 ἐν
129 1706 242 1742 Χριστῶ
258 1704 346 1740 Ἰησοῦ
357 1704 397 1739 τῷ
412 1703 508 1739 Κυρίῳ
523 1704 602 1739 ἡμῶν
631 1704 754 1740 εἰρηκότι
773 1713 780 1720 ·
802 1705 876 1739 Θαρ-

85 1753 179 1786 σεῖτε,
193 1752 250 1787 ἐγὼ
263 1752 411 1785 νενίκηκα
429 1751 484 1777 τὸν
494 1751 621 1784 κόσμον.

919 930 1223 966 congloriﬁcabimur“.
1250 930 1354 966 Lugeat
1383 930 1510 958 diabolus
1538 934 1567 957 et
1591 928 1709 957 ministri

919 977 978 1012 ejus
996 975 1091 1003 :hunc
1116 976 1188 1004 enim
1208 975 1274 1012 ipsis
1297 976 1419 1003 dolorem
1430 975 1503 1011 parit
1514 975 1615 1003 invicta
1634 982 1708 1002 mar-

920 1027 1008 1058 tyrum
1042 1022 1206 1049 constantia.
1243 1021 1390 1057 Nunquam
1420 1026 1447 1050 te
1475 1028 1566 1057 regem
1592 1021 1634 1049 ais
1661 1029 1710 1049 co-

919 1075 978 1095 ram
1004 1067 1145 1099 intuitum,
1171 1074 1220 1094 nec
1245 1067 1272 1094 in
1299 1071 1476 1102 conspectum
1506 1068 1613 1094 venisse
1644 1074 1710 1102 pro-

919 1120 1022 1145 cerum,
1037 1117 1118 1147 atque
1140 1113 1242 1140 idcirco
1264 1113 1453 1141 extimescere.
1480 1113 1570 1141 Absit.
1584 1111 1605 1140 0
1619 1112 1712 1146 Pater,

921 1165 1054 1193 utrosque
1075 1167 1185 1193 sperne,
1201 1159 1247 1194 qui
1263 1158 1402 1186 Christum
1420 1159 1504 1186 habes
1524 1166 1607 1194 quem
1621 1158 1712 1186 indui-

920 1205 964 1233 sti.
980 1205 1026 1232 ille
1042 1209 1067 1232 te
1092 1206 1184 1232 timeat
1197 1205 1235 1232 uti
1247 1210 1274 1233 et
1288 1205 1436 1233 daemones.
1457 1204 1559 1232 Resera
1573 1212 1605 1233 os
1624 1208 1711 1238 tuum,

919 1259 982 1279 cum
1005 1251 1077 1286 apud
1099 1251 1187 1286 ipsum
1216 1259 1311 1279 coram
1336 1259 1410 1286 ages.
1428 1251 1545 1279 Dabitur
1562 1251 1635 1280 enim
1663 1250 1712 1279 tibi

920 1304 1035 1328 sermo;
1053 1297 1180 1325 Christus
1204 1297 1341 1331 pollicitus
1362 1302 1405 1325 est
1417 1298 1451 1325 ⁵⁸,
1479 1297 1572 1332 Argue
1597 1305 1660 1324 cum
1688 1296 1713 1325 si

921 1342 1012 1370 inania
1043 1342 1173 1377 loquitur.
1196 1341 1257 1370 Non
1271 1343 1366 1371 Achab
1383 1343 1457 1371 Elias
1487 1343 1631 1378 coarguit?
1651 1342 1712 1370 Non

921 1388 1055 1416 Herodem
1084 1388 1229 1417 Joannes?
1245 1397 1299 1417 non
1319 1390 1387 1417 alios
1409 1390 1477 1417 alii?
1494 1394 1569 1417 utne
1589 1389 1713 1424 singulos

922 1434 1083 1470 appellando
1098 1435 1149 1463 sim
1171 1435 1289 1470 longior.
1318 1435 1370 1469 Qui
1392 1440 1457 1463 tunc
1489 1435 1570 1468 Deus,
1587 1435 1657 1462 idem
1687 1439 1715 1463 et

922 1487 1007 1507 nunc.
1033 1479 1067 1507 Ut
1080 1480 1140 1507 illos
1150 1480 1255 1514 dilexit,
1275 1481 1311 1508 ita
1326 1485 1352 1508 et
1369 1488 1429 1508 nos.
1443 1481 1591 1508 Alumnum
1608 1485 1633 1507 te
1652 1487 1715 1515 pro-

924 1525 1012 1552 fessus
1038 1532 1067 1552 es
1092 1526 1290 1560 apostolorum,
1319 1532 1481 1562 martyrum,
1509 1527 1714 1561 prophetarum,

923 1571 1051 1604 Patrum,
1079 1577 1253 1600 sanctorum.
1284 1572 1382 1599 Arbori
1411 1571 1515 1609 [ructus
1541 1571 1715 1609 respondeat.

923 1618 981 1645 Nisi
1001 1619 1074 1645 enim
1095 1626 1144 1646 nos
1169 1619 1205 1645 ita
1229 1618 1359 1653 gerimus,
1380 1618 1527 1652 degeneres
1540 1624 1646 1649 sumus,
1658 1624 1715 1644 non

924 1663 1061 1699 discipuli,
1088 1671 1144 1691 non
1167 1664 1226 1696 lilii,
1251 1671 1306 1690 non
1323 1663 1431 1690 fructus
1447 1672 1453 1689 :
1468 1662 1515 1690 sed
1531 1664 1557 1690 in
1578 1662 1717 1690 contraria

924 1713 1002 1743 parte
1031 1717 1138 1742 sumus,
1156 1716 1250 1736 eorum
1276 1708 1348 1740 dico,
1364 1708 1409 1742 qui
1437 1708 1569 1735 mundum
1589 1707 1716 1742 diligunt,

926 1754 974 1787 qui
995 1754 1070 1781 carni
1084 1754 1207 1781 serviunt
1224 1763 1230 1781 ε
1249 1761 1366 1789 quorum
1383 1754 1505 1789 exempla
1521 1753 1668 1788 fugiamus,
1688 1756 1718 1779 ut

87 1799 145 1829 frui
172 1798 228 1826 Deo
250 1797 400 1832 possimus,
417 1796 492 1824 omni
506 1803 557 1830 ope
571 1800 707 1823 certantes
719 1796 746 1823 in
766 1795 878 1824 Christo
911 1797 977 1827 Jesu
1004 1800 1118 1828 Domino
1150 1805 1255 1832 nostro,
1272 1800 1319 1835 qui
1340 1799 1582 1834 dixit:Conﬁdite,
1602 1807 1650 1834 ego
1668 1798 1720 1827 uici

87 1846 218 1872 mundum
232 1845 266 1871 ⁸³.

87 1901 148 1929 ΚΘ.
165 1915 201 1921 -
216 1898 341 1935 Μεταλῷ
366 1899 416 1926 καὶ
439 1899 539 1934 Μαρίᾳ
557 1897 768 1933 μοναζούσαις.
788 1899 877 1935 [won]

985 1900 1083 1929 XXlX.
1102 1915 1139 1920 -—
1155 1900 1288 1936 Megaloni
1301 1905 1325 1928 et
1346 1900 1442 1929 Maria:
1468 1901 1637 1929 monialibus.
1656 1904 1666 1914 ⁶

766 1956 794 1982 in
810 1957 878 1983 ohilu
897 1959 1000 1989 prmposi
1005 1958 1031 1983 ti.

123 2013 162 2039 Τὸ
175 2012 292 2047 γράμμα
306 2011 383 2046 ὑμῶν
397 2011 487 2046 τίμιον
501 2018 509 2025 ·
529 2011 576 2036 καὶ
595 2011 612 2046 ἡ
625 2012 797 2047 προσηγορία
812 2021 874 2039 συν-

87 2060 159 2095 ετή·
186 2060 203 2094 ὴ
228 2058 257 2085 δὲ
289 2057 416 2092 ἀγγελία,
436 2057 462 2083 τί
482 2056 566 2089 altrm;
588 2056 716 2092 ὀδυνηρὰ,
746 2058 763 2093 ἢ
792 2067 876 2094 χαρο-

962 2013 1133 2040 Venerabilis
1161 2012 1278 2046 cpistola
1308 2018 1410 2045 vestra,
1439 2014 1550 2041 cordata
1571 2014 1717 2042 salutatio:

928 2059 1039 2088 nuntius
1054 2066 1127 2089 vero,
1140 2058 1205 2092 quid
1219 2058 1330 2085 dicam?
1352 2059 1483 2092 plenusne
1493 2060 1594 2092 luctus,
1608 2068 1642 2087 an
1654 2069 1722 2096 gau-

87 2105 182 2137 ποιός;
212 2104 240 2131 '0
256 2103 321 2138 ὲμὸς
349 2103 444 2138 Πατὴρ
470 2102 649 2138 ὲξεδήμησεν,
676 2105 690 2130 ὁ
710 2104 872 2140 ὀμολογητὴς

929 2106 967 2133 dii
980 2106 992 2132 ?
1005 2104 1086 2133 Pater
1099 2112 1178 2131 meus
1196 2104 1312 2132 excessit
1322 2112 1337 2131 e
1352 2105 1432 2136 vivis,
1450 2106 1551 2133 Christi
1567 2107 1720 2140 confessor,

87 2150 248 2187 Χριστοῢ,ό
262 2151 388 2185 δεύτερος
423 2149 494 2181 Ἰὼϐ.
521 2149 551 2176 τὺ
585 2150 800 2186 ὲγκαλλώπισμα
823 2151 872 2179 τῶν

927 2152 978 2180 Job
988 2152 1065 2183 alter,
1077 2151 1160 2178 decus
1172 2150 1380 2182 monachorum,
1392 2151 1535 2180 charitatis
1550 2153 1720 2186 conciliator,

90 2197 244 2233 μοναστῶν,
256 2197 270 2222 ό
280 2196 329 2231 τῆς
340 2195 450 2230 ἀγάπης
461 2196 564 2231 Δημιου
570 2195 645 2230 ργὺς,
656 2196 671 2221 ὁ
682 2196 880 2231 παντοφίλητος

87 2243 172 2278 ἀνὴρ,
188 2242 202 2268 ὁ
213 2242 261 2269 τοῦ
273 2241 341 2268 Θεοῦ
355 2241 508 2277 ἄνθρωπος,
522 2242 536 2267 ὁ
550 2241 721 2277 πολύδακρυς
730 2241 879 2277 ὀφθαλμὸς,

87 2287 103 2313 ὀ
121 2285 275 2321 φιλομαθὴς
289 2285 361 2318 νοῦς,
377 2286 391 2312 ὁ
407 2285 468 2321 Θείᾳ
487 2284 589 2320 γνώσει
606 2286 850 2322 πεπλουτισμὲνος,
867 2287 881 2313 ό

88 2332 175 2363 πολὺς
194 2331 224 2357 ὲν
239 2331 488 2367 ταπεινοφροσύνῃ,
503 2331 550 2358 καὶ
565 2331 710 2364 πολλοστὸς
719 2333 748 2359 ὲν
764 2332 880 2366 συνέσει,

87 2378 104 2404 ὁ
122 2376 277 2411 περιφανὴς
300 2376 354 2412 πρὸ
367 2378 518 2411 σχήματος,
537 2378 585 2403 καὶ
602 2378 672 2412 μετὰ
698 2378 748 2414 τὴν
770 2387 882 2414 μοναχι-

88 2422 143 2457 κὴν
154 2420 295 2447 τελείωσιν
313 2420 475 2456 ὑπέρτερος.
497 2421 527 2447 '0
544 2421 631 2453 δεθεὶς
640 2422 669 2448 ὲν
685 2422 780 2458 ἀγάπῃ
794 2423 862 2449 Θεοῦ
873 2430 881 2439 ·

88 2464 243 2492 κάντεῦθεν
262 2465 383 2500 μισήσας
399 2465 501 2501 κόσμον
512 2474 519 2481 ·
535 2465 598 2498 δούς
618 2474 647 2492 τε
664 2469 765 2502 προῖκα
790 2468 882 2494 πάντα

89 2511 205 2547 Χριστῷ
216 2510 360 2537 πολύολὸον
379 2511 474 2539 οὐσίαν
495 2519 502 2526 ⁵
522 2508 583 2538 εἶτα
610 2512 779 2547 διαζευχθεὶς
802 2521 881 2548 περι-

90 2557 171 2589 manu
184 2555 333 2591 ὁμοζύγου,
348 2557 445 2590 γένους
459 2565 489 2583 τε
512 2557 560 2584 καὶ
572 2557 657 2590 φίλων
672 2559 719 2584 καὶ
736 2558 859 2592 συνήθων
874 2566 882 2573 ·

90 2604 106 2628 ὸ
133 2601 337 2633 καταλελοιπὼς
368 2602 509 2638 περίγειον
537 2602 656 2638 ἀξίωμα,
682 2601 766 2636 οἷκον,
795 2604 882 2638 πόλιν,

92 2650 225 2686 πατρίδα,
250 2651 297 2677 καὶ
317 2650 403 2677 ταῦτα
417 2651 446 2677 ἐν
465 2650 629 2688 ἀκμανζοὺσῃ
650 2650 745 2686 ἡλικίᾳ
760 2657 767 2665 ’
784 2650 884 2685 εὐπρε-

92 2697 161 2732 πείᾳ
176 2705 208 2723 τε
228 2696 375 2732 προσώπου
398 2698 445 2724 καὶ
472 2697 534 2732 ὕψει
548 2696 675 2732 ἡλικίας”
700 2696 840 2733 εὐσθενείᾳ
853 2704 883 2722 τε

93 2741 234 2777 σώματος,
252 2741 300 2769 καὶ
311 2742 586 2778 ἀμφοτεροδεξιότητι
598 2742 718 2778 τρόπων,
733 2742 837 2775 νοητῶν
854 2750 884 2767 τε

93 2788 144 2815 καὶ
156 2787 263 2822 ὁρατῶν
279 2795 286 2803 ·
305 2788 352 2815 καὶ
363 2789 449 2816 πλείω
464 2788 567 2816 τούτων
585 2788 617 2816 ἄν
629 2797 671 2820 τις
686 2787 781 2821 εἰπὼν,
808 2788 885 2815 ἐλάτ-

929 2198 972 2224 νίι·
1000 2196 1130 2224 omnibus
1148 2195 1260 2227 charus,
1276 2196 1358 2223 homo
1388 2196 1446 2229 Dei,
1460 2197 1503 2224 cui
1518 2202 1650 2233 perpetuo
1666 2206 1723 2226 ma-

930 2243 998 2271 dens
1014 2242 1113 2269 oculus
1128 2241 1267 2277 lacrymis,
1295 2250 1372 2270 mens
1388 2242 1509 2270 discendi
1527 2244 1636 2279 cupida,
1652 2245 1722 2271 divi-

931 2289 975 2317 nis
1006 2288 1139 2315 doctrinis
1173 2289 1304 2323 locuples,
1338 2288 1364 2315 in
1398 2289 1551 2316 humilitate
1582 2290 1721 2321 assiduus.

932 2334 1057 2367 idemque
1079 2333 1246 2368 perspicacia
1275 2333 1359 2360 animi
1387 2333 1513 2368 inclytus,
1534 2338 1597 2361 ante
1612 2342 1721 2362 sacrum

932 2378 1054 2406 habitum
1076 2379 1254 2413 conspicuus,
1271 2383 1298 2405 ct
1308 2379 1378 2405 idem
1390 2384 1451 2412 post
1464 2380 1645 2407 monasticam
1660 2388 1722 2415 per—

933 2424 1075 2451 fectionetn
1093 2424 1171 2458 longe
1190 2424 1373 2458 praestantior.
1404 2423 1452 2450 ille
1470 2422 1515 2451 Dei
1531 2424 1662 2451 charitate
1677 2425 1724 2452 do-

931 2469 1049 2501 vinctus,
1075 2475 1108 2495 ac
1133 2467 1231 2495 deinde
1255 2468 1386 2494 mundum
1413 2476 1524 2499 exosus.
1551 2469 1725 2504 gratuiti-que

933 2522 1046 2542 munere
1070 2513 1214 2541 facultates
1248 2520 1354 2546 omnes,
1380 2521 1441 2540 cum
1476 2514 1608 2548 praedives
1640 2520 1724 2546 esset.

933 2560 1043 2587 Christo
1069 2559 1201 2594 elargitus
1218 2566 1225 2585 :
1241 2566 1305 2586 mox
1333 2558 1476 2593 sejunctus
1507 2563 1549 2585 est
1576 2559 1611 2585 ab
1626 2558 1725 2588 illustri

934 2605 1059 2640 conjuge,
1076 2613 1092 2632 a
1105 2604 1229 2639 cognatis
1241 2609 1268 2631 et
1279 2604 1376 2631 amicis
1390 2608 1417 2631 et
1429 2603 1609 2632 familiaribus
1625 2613 1632 2630 :
1648 2605 1726 2632 abdi-

935 2657 995 2678 cato
1023 2650 1145 2678 terrestri
1174 2650 1347 2685 magistratu,
1377 2649 1470 2676 relicta
1491 2649 1584 2681 domo,
1605 2650 1725 2682 civitate.

936 2695 1023 2730 patria
1041 2703 1049 2727 ;
1067 2698 1094 2722 et
1109 2695 1165 2722 hac
1182 2694 1208 2721 in
1237 2694 1344 2722 florenti
1360 2698 1439 2721 aetate
1455 2704 1462 2722 :
1478 2694 1534 2722 oris
1552 2694 1638 2722 forma
1662 2703 1727 2730 per-

936 2741 1069 2775 clcgante,
1092 2740 1221 2767 eminenti
1236 2745 1352 2772 statura,
1373 2740 1474 2775 optima
1486 2741 1608 2775 corporis
1622 2740 1728 2768 valetu-

936 2787 1015 2820 dine,
1041 2791 1158 2822 utroque
1182 2786 1294 2814 laudum
1324 2794 1424 2821 genere
1451 2787 1637 2822 praeditus,et
1668 2794 1729 2823 qua

130 2856 155 2872 "
173 2855 253 2882 Rom.
268 2863 326 2890 un,
342 2856 386 2885 '55.
434 2856 561 2886 “Matth.
579 2865 624 2891 xx,
638 2856 684 2884 28.
722 2856 743 2872 "
766 2855 899 2888 “0111.1”,
917 2854 959 2882 l7.
997 2855 1020 2871 “
1036 2834 1130 2883 Matth.
1152 2862 1179 2888 ι,
1195 2854 1239 2883 i9.
1277 2853 1390 2882 "Joan.
1409 2862 1446 2889 vr,
1463 2854 1508 2883 55.
