1923 3078
221 150 288 183 1199

817 155 846 184 S.
863 152 1060 183 THEODORI
1079 150 1251 182 STUDITA‘.‘

1782 148 1850 180 1200

220 209 313 236 animo
343 209 530 242 continentur,
543 215 569 237 et
585 218 646 246 qua:
664 211 807 239 incurrunt
822 213 849 240 in
862 212 955 240 oculos
968 222 974 239 :
986 216 1013 239 et

1075 219 1115 238 ’ων
1131 209 1203 237 ἔλθοι
1231 209 1281 244 τῆς
1302 208 1348 236 τοῦ
1380 209 1475 245 ἀνδρὸς
1502 209 1613 244 ἀρετῆς.
1631 205 1716 240 οὗτος
1748 207 1846 243 ῷχετοκ

220 253 244 281 si
259 254 323 289 quis
350 254 427 289 piura
446 255 556 288 dixerit,
582 264 636 282 non
653 257 676 283 is
701 262 790 284 tamen
807 258 859 286 viri
884 260 1012 286 virtutem

221 296 346 328 oratione
356 305 551 335 consequatur.
568 301 640 329 Vixit
655 303 710 335 ille,
722 304 755 330 ad
767 303 914 331 Dominum
929 304 1011 331 abiit:

221 346 267 373 ubi
281 350 383 378 autent,
398 351 424 373 et
442 354 496 381 quo
513 348 615 382 pacto?
630 347 744 383 Ercptus
770 349 925 384 importttne
939 349 1013 385 gregi

221 391 258 419 ob
275 392 401 419 morbum
417 392 552 420 diilicilem
571 401 578 425 ;
594 394 716 422 inclusus
729 402 838 423 carcere
865 396 892 423 in
906 395 1014 423 civitate

222 437 302 465 annis
318 438 425 466 dttobus
437 439 497 466 aliis
509 443 538 466 et
548 446 581 466 eo
604 440 720 475 amplius
740 450 746 467 :
768 441 866 469 deinde
880 442 907 469 in
919 449 1015 477 quam-

222 484 284 510 dam
299 483 439 518 ablegatus
451 484 579 517 insulam,
597 486 654 518 ubi,
671 487 717 521 qui
728 487 914 515 confessorem
927 488 1013 521 decet,

223 536 273 564 pro
287 529 396 556 Christo
407 537 517 556 cursum
528 531 738 558 consummavit.

259 574 319 601 Non
336 574 417 609 igitur
441 574 507 602 mihi
525 583 671 603 maerorem
700 577 744 604 hic
765 585 846 605 casus
865 577 954 610 aﬂert,
968 577 1014 605 sed

225 619 346 647 lmtitiam
360 620 535 655 singularem.
564 621 622 648 Non
639 622 684 649 ille
704 627 746 650 est
770 628 906 654 mortuus,
921 624 967 650 sed
989 623 1015 650 in

226 666 418 701 sempiternam
443 667 526 693 vitam
545 667 694 702 migravit:
714 676 767 695 non
797 669 869 696 lntnc
887 673 958 696 terra
979 673 1018 696 te-

227 712 274 747 git,
291 713 338 740 sed
361 712 460 739 cmlum
478 713 660 747 amplectitur.
680 713 793 749 Excepit
815 715 888 742 hunc
907 714 1017 742 confes-

227 766 321 786 sorum
352 759 465 790 chorus.
491 765 581 788 coztus
607 765 758 789 ascetarum
774 771 781 789 :
797 763 844 790 ubi
868 763 914 791 lux
940 770 1016 794 vera,

227 804 274 832 ubi
293 804 372 831 beata
392 805 512 839 requies,
527 810 638 840 propter
664 814 746 841 quam
759 807 962 841 adipiscendam
978 808 1018 834 la-

226 851 306 879 bores
319 858 352 878 ac
363 851 503 878 molestias
518 851 589 878 ultro
607 852 633 879 in
647 860 729 880 carne
750 853 845 886 subiit,
862 857 1016 880 ascetarttm

228 895 470 931 contessorumque
488 897 552 924 ritu.
573 897 651 925 Nunc
667 899 735 925 mihi
760 899 890 927 solemnis
907 899 957 927 iste
977 899 1017 926 fe—

228 945 342 977 stusque
358 943 427 977 dies,
442 951 516 971 nunc
539 944 624 971 animi
639 944 734 979 ingens
748 945 892 973 oblectatio
904 945 1018 977 estyscd

228 992 256 1015 et
269 988 431 1016 orthodoxis
445 990 584 1020 omnibus,
605 990 679 1025 quod
707 991 859 1026 adjttlorem
877 991 909 1018 ad
933 990 1018 1018 Deum

228 1034 415 1067 transmisere,
430 1035 476 1069 qui
493 1035 587 1062 eodem
597 1036 678 1063 modo
706 1041 786 1071 atque
801 1041 934 1072 martyres
953 1037 1015 1063 hae-

228 1085 309 1107 tenus
340 1087 437 1108 cursus
455 1081 582 1108 absolvit.
611 1081 731 1110 Laetetur
744 1083 876 1111 Ecclesia.
892 1083 964 1118 quod
978 1091 1021 1110 c0-

228 1126 338 1154 iumnas
361 1126 453 1154 adhuc
483 1127 676 1155 habet:saccr
703 1129 770 1156 ordo
797 1129 925 1162 exsultet,
949 1129 1020 1164 quod

228 1172 313 1199 stella:
328 1172 355 1200 in
373 1173 475 1200 mundo
501 1181 613 1201 rursum
630 1174 765 1207 oriuntur,
778 1182 839 1209 qure
864 1175 897 1202 iis
923 1175 969 1210 qui
993 1175 1021 1202 in

229 1217 349 1244 tenebris
376 1218 512 1244 ltzercseos
524 1223 666 1246 versantur
676 1219 764 1246 lucem
779 1219 935 1246 ostendant.
956 1220 996 1246 Oh
1012 1220 1018 1246 !

227 1261 319 1295 Pater,
341 1261 422 1290 Pater
436 1263 442 1289 ἰ
458 1271 540 1298 quam
559 1264 684 1299 egregius
710 1272 808 1292 cursus
821 1265 866 1292 ille
881 1270 945 1292 tuus
958 1265 1020 1292 est!

228 1314 310 1342 quam
325 1312 450 1335 sanctum
463 1314 670 1336 monumentttm
685 1314 760 1337 tuutn
795 1318 878 1345 quam
893 1311 970 1338 beata
984 1318 1024 1338 1'8-

228 1351 353 1380 cordalio
371 1354 408 1381 lui
427 1354 433 1381 !
452 1354 538 1383 Totus
559 1361 586 1384 tu
602 1357 773 1392 splendidus,
795 1357 908 1392 pulcher
940 1362 1022 1386 totus.

228 1397 297 1432 Quis
312 1403 338 1426 te
353 1399 470 1428 intuitus
482 1408 534 1428 non
549 1401 668 1430 dilexit?
683 1402 751 1436 Quis
775 1403 824 1430 tibi
845 1403 942 1430 obvius
963 1410 1019 1430 non

228 1443 359 1471 delinitus
374 1449 416 1471 est
431 1444 442 1471 ?
461 1445 636 1474 Consuetudo
652 1451 698 1474 tua
713 1447 853 1482 optabilis,
877 1447 966 1474 virtus
980 1455 1025 1474 cx-

229 1489 335 1524 plorata
354 1499 361 1524 ;
381 1491 447 1525 quid
472 1492 609 1527 reliquum
633 1493 697 1520 est?
717 1493 855 1521 Memento
878 1498 934 1520 ttnn
964 1501 1025 1528 gre-

1063 255 1162 291 ἀνῆλθε
1178 255 1246 290 πρὸς
1259 255 1372 291 Κύριον.
1382 256 1436 282 [Ιοῦ
1446 255 1492 281 καὶ
1505 255 1580 288 πῶς;
1591 254 1685 290 ἀρθεὶς
1696 254 1782 290 {pop-sq
1789 256 1851 289 (sic)

1061 302 1095 329 ὲκ
1107 301 1156 336 τῆς
1173 302 1291 337 ποίμνης
1315 302 1358 328 διὰ
1377 301 1425 337 τὴν
1439 301 1578 329 δύσοιστον
1602 301 1680 328 νόσον
1696 309 1704 317 ⁸
1731 301 1852 336 φυλακι-

1064 347 1138 379 σοεὶς
1161 348 1190 374 ὲν
1215 347 1293 374 ἄστει
1316 347 1407 381 ἄλλοις
1430 348 1478 376 δύο
1499 348 1572 374 ἔτεσι
1584 348 1632 374 καὶ
1644 347 1729 381 πρός·
1748 347 1848 374 ἔπειτα

1062 393 1214 429 ὲξορισθεὶς
1236 394 1265 420 ὲν
1288 395 1362 429 νήσῳ
1385 394 1463 421 τινί·
1489 395 1603 421 κάκεῖσε
1624 393 1774 425 τελειώσας
1804 395 1852 420 τὸν

1062 438 1259 474 ὁμολογητικὸν
1277 439 1378 474 δρόμον
1397 439 1467 475 ὑπὲρ
1484 440 1614 475 Χριστοῦ.

1100 574 1157 601 Οὐκ
1168 574 1300 610 ὀδυνηρόν
1319 583 1362 609 μοι
1376 574 1422 601 οὖν
1442 574 1473 601 τὸ
1486 575 1572 604 πάθος
1586 583 1592 589 ·
1616 574 1684 602 ἀλλὰ
1710 574 1758 601 καὶ
1790 575 1854 602 λίαν

1066 621 1213 657 περιχαρὲς
1231 628 1239 636 ο
1257 621 1287 646 οὐ
1304 620 1436 656 τέθνηκεν
1455 628 1467 636 ’λ
1483 620 1552 648 ἀλλὰ
1584 621 1701 656 μετέστη
1723 622 1764 653 είς
1785 621 1854 648 αίὼ-

1066 676 1122 695 νιον
1135 667 1208 702 ζωήν
1219 673 1226 680 ⁸
1238 666 1269 693 ού
1287 666 1323 701 γῆ
1345 666 1427 693 αὑτὸν
1439 666 1574 702 ἐκάλυψεν
1587 674 1595 681 ’
1608 666 1666 693 ἀλλ’
1676 667 1790 702 οὐρανὸς
1803 667 1856 694 ὐπ-

1066 713 1185 745 εδέξατο.
1218 712 1368 739 ’Υτεὲλαδεν
1393 713 1474 740 αὑτὸν
1501 714 1516 748 ἡ
1543 713 1717 749 ὁμολογητῶν
1745 714 1853 749 χορεία.

1067 760 1084 795 ἠ
1099 758 1227 794 ἀσκητῶν
1256 759 1407 794 ὁμοσκηνία
1421 766 1429 774 ⁴
1450 759 1517 786 ὅπου
1537 759 1569 786 τὸ
1587 759 1646 794 φῶς
1667 759 1697 786 τὺ
1713 759 1852 794 ἀληθινὸν,

1067 804 1132 830 ἔνθα.
1151 805 1178 832 αἱ
1195 804 1330 840 μακάριαι
1345 803 1524 836 ἀναπαύσεις,
1535 805 1594 831 ἀνθ’
1606 802 1644 832 ὦν
1656 805 1743 832 εἵλετο
1759 805 1855 832 κόπων

1068 849 1116 876 καὶ
1129 849 1217 876 πόνων
1226 850 1254 881 ἐν
1267 850 1348 885 σαρκὶ
1363 850 1520 885 ἁσκητικῶς
1533 858 1563 876 τε
1577 850 1624 877 καὶ
1637 851 1853 886 ὀμολογητικῶς.

1031 884 1055 914 Β
1069 895 1126 922 Νῦν
1146 904 1191 930 μοι
1206 884 1601 931 πανήγυρις,ὲορτὴ,ουμηδία
1617 904 1623 912 ·
1644 884 1711 923 ἀλλὰ
1729 884 1782 932 μὴν
1808 897 1857 923 καλ⁵

1068 942 1151 968 πᾶσιν
1164 941 1325 976 ὁροοδόξοις,
1344 942 1500 977 προστάτην
1513 942 1552 973 εἰς
1564 942 1630 969 Θεὸν
1651 942 1858 978 παραπέμψασι

1069 987 1219 1023 σύνδρομον
1243 987 1298 1014 τῶν
1334 988 1547 1022 προδραμόντων
1576 989 1724 1024 μαρτύρων
1759 989 1856 1017 τανῦν.

1075 1032 1293 1067 Ἀγαλλιάσοωὴ
1315 1033 1474 1066 Ἐκκλησία,
1492 1034 1532 1059 ὅτι
1552 1033 1663 1065 στύλολς
1678 1035 1718 1061 ἔτι
1745 1035 1857 1061 κτᾶται·

1069 1078 1259 1114 εὐφραινέσθω
1277 1079 1292 1104 ὁ
1322 1079 1392 1114 ἱερὸς
1408 1080 1500 1110 θίασος
1513 1100 1519 1111 ,
1543 1080 1584 1106 ὅτι
1608 1080 1750 1116 φωστῆρες
1764 1081 1792 1108 ἐν
1809 1081 1858 1108 κό-

1071 1132 1133 1160 σμῳ
1148 1125 1231 1151 πάλιν
1245 1124 1386 1159 ἀνίσχουσι
1401 1125 1627 1160 φρυκτωρῶντες
1643 1126 1706 1158 τοὺς
1724 1127 1752 1153 ὲν
1766 1128 1860 1154 σκότει

1071 1171 1121 1205 τῆς
1132 1170 1275 1206 αἱρέσεως.
1286 1171 1317 1196 Ὢ
1329 1172 1335 1197 ί
1349 1168 1370 1197 ὦ
1384 1171 1485 1206 Πάτερ,
1502 1172 1593 1208 Πάτερ
1604 1192 1611 1205 ,
1628 1172 1666 1204 ὡς
1683 1173 1767 1205 καλός
1786 1182 1834 1200 σου
1846 1174 1862 1201 ὁ

1070 1215 1188 1252 δρόμοςί
1207 1216 1245 1247 ὡς
1258 1216 1331 1242 ὅσιον
1340 1216 1369 1242 τὸ
1385 1216 1557 1251 μνημόσυνόν
1580 1218 1645 1244 eoo!
1666 1217 1705 1248 ὼς
1723 1219 1863 1254 μακάριον

1072 1263 1103 1290 τὸ
1117 1262 1267 1296 ὑπόμνημά
1290 1262 1353 1288 σουι
1382 1261 1444 1293 ὅλος
1470 1263 1502 1289 σὺ
1518 1263 1639 1298 φαιδρὸς,
1667 1264 1726 1295 ὅλος
1740 1266 1861 1300 χαρίεις.

1073 1308 1121 1339 Τίς
1138 1316 1168 1333 σε
1187 1307 1250 1333 ἰδὼν
1262 1307 1312 1333 οὐκ
1326 1308 1472 1342 ἦγάπηκε;
1494 1308 1536 1339 τίς
1555 1309 1583 1335 δὲ
1597 1309 1734 1344 συντυχὼν
1758 1311 1789 1336 οὔ
1815 1319 1864 1345 γε·

1073 1352 1242 1387 γλύκανται;
1261 1353 1293 1378 'H
1309 1353 1437 1379 συνουσία
1452 1362 1497 1380 σου
1513 1354 1596 1389 ἐφετή
1609 1362 1616 1370 ·
1633 1356 1649 1390 ἡ
1664 1355 1748 1391 ἀρετὴ
1761 1364 1864 1391 γνωρι-

1076 1399 1166 1434 στική.
1182 1398 1214 1424 Τί
1226 1398 1255 1425 τὺ
1271 1398 1380 1432 ).οιπὸν;
1396 1399 1530 1435 Μέμνησο
1547 1400 1584 1433 ὡς
1602 1403 1652 1436 τῆς
1665 1402 1784 1437 ποίμνης
1803 1412 1863 1435 σο),

1075 1444 1166 1480 κάμοῦ
1184 1444 1231 1471 τοῦ
1248 1444 1295 1471 σοῦ
1315 1444 1385 1477 υἱοῦ,
1404 1446 1455 1472 κᾶν
1467 1446 1611 1481 ἐλαχίστου
1624 1448 1670 1474 καὶ
1681 1449 1864 1484 ἐρριμμένου.

1076 1491 1157 1524 Οἶδας
1166 1491 1212 1518 τὸν
1224 1491 1306 1518 πόθον
1319 1500 1367 1518 σου
1381 1491 1426 1518 τὸν
1439 1492 1468 1519 ἐν
1483 1493 1545 1528 ἐμοί
1555 1501 1562 1508 ο
1577 1493 1614 1525 ὡς
1630 1493 1707 1528 κάγὼ
1723 1495 1768 1520 τὸν
1780 1496 1810 1522 ὲν
1824 1498 1866 1522 σοὶ

229 1536 272 1571 gis
301 1538 352 1570 tui,
366 1543 422 1565 tum
447 1539 500 1566 mei
527 1540 624 1574 ipsius,
649 1540 696 1567 lilii
718 1540 766 1573 lui,
792 1548 947 1575 quanquam
974 1540 1021 1567 mi-

1076 1537 1153 1572 ἐμοῦ.
1169 1537 1306 1572 Βοήθησον
1321 1537 1352 1574 [Γ.
1366 1538 1480 1574 Βζησον]
1499 1539 1568 1574 ὑπὲρ
1585 1540 1674 1575 πάσης
1687 1540 1735 1575 τῆς
1749 1540 1868 1577 Ἐκκλη-

231 1582 298 1610 nimi
312 1584 420 1617 quidem
438 1592 469 1612 ac
481 1585 553 1613 vilis.
567 1585 628 1618 Quo
644 1593 695 1619 ego
713 1590 739 1612 te
749 1593 902 1620 proscqttar
917 1592 1022 1617 amore,

231 1633 324 1660 nosti:
339 1637 366 1660 et
380 1640 435 1667 quo
448 1637 477 1659 tu
490 1639 542 1664 me,
561 1632 634 1658 novi.
663 1631 714 1659 Fer
731 1631 781 1659 toti
815 1631 943 1659 Ecclesia;
960 1638 1025 1665 sup-

231 1677 320 1712 petias
342 1677 414 1712 apud
428 1676 586 1704 Dominum.
605 1676 659 1704 Pro
679 1685 723 1704 me
739 1677 840 1704 misero
864 1677 1023 1711 deprecare.

232 1727 262 1750 ut
277 1723 369 1751 statim
385 1731 418 1751 ac
442 1728 468 1750 te
481 1723 598 1754 veniam,
622 1731 677 1758 qtto
696 1730 772 1750 more
789 1723 860 1749 diem
889 1722 1025 1749 clausisti.

233 1768 295 1797 Haec
310 1770 419 1804 quidem
442 1777 501 1796 mea
512 1774 553 1797 est
566 1769 639 1804 apud
651 1776 825 1796 communem
846 1768 952 1795 Patrem
965 1776 1028 1795 ora-

234 1816 284 1843 tio.
311 1815 366 1844 Vos
393 1823 458 1843 vero
488 1815 630 1848 adhortor,
658 1823 693 1842 ne
726 1815 807 1842 [idem
836 1814 1029 1849 prodatis:ut

233 1867 329 1889 sancte
357 1863 468 1894 vivatis,
483 1869 547 1890 cum
566 1861 628 1889 silis
648 1861 735 1888 ambae
751 1861 836 1892 illius.
862 1865 889 1888 et
914 1859 1028 1887 alterius

1074 1583 1137 1615 σίας
1152 1584 1218 1616 πρὸς
1233 1584 1345 1620 Κύριον·
1360 1584 1469 1620 δεήθητι
1481 1586 1527 1612 καὶ
1539 1586 1604 1621 περὶ
1618 1586 1684 1622 ἐμοῦ
1696 1586 1743 1612 τοῦ
1752 1588 1866 1623 οἰκτροῦ

1073 1629 1151 1663 τάχει
1164 1628 1251 1655 ἐλθεῖν
1266 1629 1334 1664 πρὸς
1351 1630 1391 1662 σὲ,
1408 1631 1436 1656 ὲν
1446 1627 1468 1664 ᾧ
1478 1631 1570 1667 τρόπῳ
1585 1632 1768 1660 τετελείωσαι.
1778 1630 1866 1661 Δῦται

1077 1675 1126 1710 μέν
1143 1683 1188 1710 μοι
1203 1675 1232 1702 αἱ
1248 1676 1334 1710 φωναὶ
1350 1676 1418 1712 πρὸς
1433 1677 1478 1703 τὸν
1494 1678 1582 1705 κοινὸν
1593 1678 1712 1715 Πατέρα.
1733 1679 1821 1716 ’Υμᾶς
1837 1681 1866 1707 δὲ

1076 1721 1239 1756 παρακαλῶ,
1262 1721 1299 1758 μὴ
1312 1723 1459 1758 προδοῦναι
1475 1724 1524 1758 τὴν
1545 1725 1636 1751 πίστιν
1648 1734 1655 1741 ”
1673 1726 1754 1758 ὁσίως
1779 1726 1865 1762 βιοῦν,

1076 1766 1114 1798 ὡς
1124 1767 1228 1794 ἐκείνου
1239 1766 1328 1799 οὖσαι,
1342 1769 1445 1805 θατέρα
1459 1770 1577 1806 θατέροις
1588 1779 1595 1787 ·
1612 1772 1628 1807 ὴ
1640 1771 1690 1806 μὲν
1707 1773 1844 1808 ὁμόζυγος
1857 1782 1864 1790 ⁸

1075 1813 1092 1848 ή
1110 1813 1138 1839 δὲ
1149 1813 1200 1848 τῆς
1219 1814 1356 1848 ὁμοζύγου
1371 1816 1500 1851 ὁμαίμων
1514 1825 1522 1832 ·
1538 1818 1577 1849 ὡς
1597 1818 1629 1844 ἂν
1648 1819 1697 1845 σὺν
1712 1819 1815 1856 ἐκείνῳ
1823 1821 1867 1848 δό-

1077 1858 1125 1894 ξης
1140 1859 1189 1894 τῆς
1205 1860 1292 1887 ἀῖδῐου
1304 1861 1496 1889 ἀπολαύσοιτε.

234 1907 329 1939 altera,
347 1908 405 1935 haec
429 1907 540 1942 quidem
562 1906 663 1942 conjux
678 1926 685 1940 ,
712 1906 758 1934 illa
785 1911 875 1933 autem
903 1905 1029 1940 conjugis
1048 1906 1250 1940 consanguinea
1266 1915 1274 1939 ;
1300 1911 1328 1934 ut
1358 1915 1418 1934 cum
1434 1908 1480 1935 illo
1495 1909 1580 1944 gloria
1598 1909 1776 1944 perfruamini
1795 1920 1870 1940 sem-

234 1953 349 1988 piterna.

419 2000 505 2029 XXX.
524 2016 560 2023 —
576 2000 692 2029 Simeoni
705 2001 844 2028 monacho.

1224 1997 1258 2026 Λ.
1270 2013 1304 2019 --
1315 1997 1439 2032 Συμεὼν
1453 1999 1621 2033 μονάζοντι.
1633 2000 1725 2036 [σιξσιέ.ἶ

383 2060 526 2086 Gratulatur
536 2060 602 2092 quod
619 2067 664 2091 pro
674 2060 770 2086 Christo
783 2063 887 2084 strenue
897 2058 1040 2083 dimicasset
1051 2056 1171 2081 adversus
1184 2055 1366 2080 lconomacbos.
1384 2055 1483 2085 (Bal-on.
1497 2062 1534 2081 an.
1555 2056 1611 2085 818,
1623 2064 1650 2081 n.
1667 2057 1719 2088 22.)

269 2115 385 2144 Reddita
403 2115 471 2143 mihi
487 2115 604 2150 epistola
629 2115 783 2143 sanctitatis
806 2119 870 2142 tum.
893 2114 946 2142 Ulli
966 2120 1026 2141 eam

234 2162 297 2196 legi,
314 2165 342 2189 et
356 2161 461 2196 singula
475 2161 557 2188 didici
572 2169 633 2196 quae
652 2161 690 2188 illi
712 2160 883 2195 cmterisquc,
903 2159 950 2194 qui
964 2166 1025 2185 cum

234 2216 265 2235 ea
282 2212 355 2239 sunt,
373 2207 476 2234 sanctis
492 2206 618 2235 Patrihus
632 2207 735 2234 nostris
750 2215 757 2233 :
782 2206 902 2239 Quorum
919 2205 1025 2232 nomina

234 2259 294 2280 cum
312 2255 338 2279 in
363 2254 430 2280 libro
448 2253 550 2285 vitaz",
580 2253 749 2285 acciderant,
770 2259 876 2280 sacram
903 2251 1026 2279 onmiutn

234 2297 434 2332 expulsionem,
451 2297 627 2332 longinquam
639 2298 867 2332 deportationem,
882 2297 1026 2323 molestam

235 2343 308 2369 illam
326 2348 352 2370 et
366 2351 488 2377 gravem,
512 2343 547 2369 ob
569 2343 673 2370 variam
693 2344 746 2370 huc
767 2347 849 2376 atque
865 2341 930 2369 illuc
945 2341 1029 2369 abdu-

235 2389 365 2422 ctiouem,
381 2393 408 2416 ct
430 2389 526 2416 duram
544 2389 690 2424 impiorum
713 2389 880 2421 custodiam;
909 2386 1029 2422 ingemui

235 2435 319 2463 simul
334 2435 457 2467 humilis,
479 2435 506 2462 in
521 2436 674 2470 cuiusmodi
693 2436 856 2462 tentationcs
873 2434 918 2461 Dei
936 2434 1028 2461 Eccle—

237 2480 294 2508 sias
307 2485 415 2516 tempus
426 2481 585 2516 perduxerit
604 2483 696 2509 animo
722 2481 920 2508 considerans:
945 2479 1029 2507 simul

234 2525 318 2552 etiam
337 2526 416 2553 beata
435 2526 498 2553 duxi
516 2527 732 2560 persecutionem
752 2533 801 2560 pro
812 2525 922 2552 Christo
937 2524 1028 2551 feren-

236 2574 303 2600 tium
320 2572 492 2604 certamina;
516 2577 596 2607 teque
614 2572 716 2606 pariter
735 2571 781 2606 qui
804 2576 944 2606 gestorum
967 2578 1039 2597 om—

235 2619 311 2646 nium
339 2617 418 2645 nobis
434 2617 549 2645 nuntius
566 2617 652 2650 fuisti,
676 2624 727 2644 nec
753 2616 869 2644 renuisti
893 2624 957 2651 erga
973 2624 1028 2650 me,

236 2663 317 2691 nihili
329 2663 481 2696 hominem,
495 2667 522 2690 et
533 2671 646 2690 manttm
659 2670 771 2690 movere
787 2663 821 2690 ad
841 2662 1027 2696 scribendum,

235 2714 263 2737 et
282 2713 368 2737 totam
389 2709 544 2737 aﬂlictionis
559 2709 658 2736 seriem
682 2707 841 2743 singulatim
855 2716 1027 2744 percensere.

235 2754 298 2787 Quo
313 2754 426 2782 nomine
438 2754 582 2783 benedicat
597 2754 647 2782 tibi
662 2753 806 2787 Dominus,
821 2761 854 2782 ac
867 2754 955 2788 magis
968 2762 1027 2782 ma-

234 2801 333 2836 gisque
347 2801 491 2829 conﬁrmet
506 2805 533 2829 et
554 2800 712 2830 corrob0ret
731 2800 759 2829 in
773 2801 872 2834 acerba
885 2800 938 2830 ista
952 2801 1030 2829 testi-

272 2867 295 2884 “
307 2867 422 2904 Philipp.
441 2876 478 2902 tv.
494 2869 518 2897 5.

1116 2109 1269 2144 Δεξάμενος
1295 2110 1342 2136 ἐπὶ
1359 2111 1455 2146 χεῖρας
1483 2111 1534 2146 τὴν
1560 2112 1609 2147 τῆς
1636 2112 1793 2147 ἁγιωσύνης
1825 2123 1871 2140 σου

1080 2155 1236 2191 ἐπιστολὴν,
1255 2156 1301 2183 καὶ
1317 2156 1452 2190 ἀναγνοὺς
1476 2158 1522 2184 καὶ
1539 2158 1676 2194 διδαχθεὶς
1691 2159 1798 2187 ἕκαστα
1818 2161 1873 2187 τῶν

1082 2202 1298 2238 συμϐεόηκότων
1313 2202 1381 2238 αύτῇ
1404 2212 1434 2230 τε
1457 2204 1504 2230 καὶ
1525 2206 1583 2236 τοῖς
1609 2205 1657 2232 σὺν
1684 2206 1753 2241 αὐτῇ
1781 2207 1873 2240 ἁγίοις

1081 2247 1222 2283 Πατρᾶισιν
1238 2247 1332 2284 ἡμῶψ
1347 2246 1405 2275 ⁷ον
1419 2250 1454 2277 τὰ
1469 2250 1602 2285 ὀνόματα
1612 2251 1647 2277 ἐν
1660 2251 1759 2283 ﬁlo/ilco
1776 2251 1855 2287 ζωῆς
1865 2263 1872 2269 -

1080 2295 1124 2321 διὰ
1140 2294 1189 2330 τὴν
1205 2295 1333 2322 ἁπάντων
1361 2295 1437 2330 ίερὰν
1465 2296 1626 2331 φυγαδείαν,
1643 2297 1691 2324 καὶ
1715 2297 1874 2334 ἀλλοδαπὴν

1084 2340 1297 2376 μετανάστασιν,
1317 2342 1365 2368 καὶ
1388 2343 1571 2378 πειραστικὴν
1595 2343 1643 2370 καὶ
1657 2342 1814 2379 ολιπτικὴν,
1830 2345 1876 2371 διὰ

1082 2387 1133 2422 τῆς
1148 2384 1199 2414 ὧδέ
1217 2396 1246 2413 τε
1264 2387 1377 2414 κάκεῖσε
1402 2388 1554 2422 ἀπαγωγῆς
1568 2397 1597 2414 τε
1619 2388 1667 2415 καὶ
1682 2393 1876 2425 φρουρητικῆς

1083 2434 1160 2469 παρὰ
1172 2434 1226 2460 τῶν
1238 2433 1328 2460 ἀθέων
1351 2434 1550 2469 καταπράξεως
1562 2442 1569 2449 ·
1589 2433 1656 2469 ὁμοῦ
1674 2435 1724 2469 μὲν
1738 2435 1877 2468 ἐστέναξα

1082 2481 1096 2506 ὁ
1123 2481 1259 2511 ταπεινὸς,
1277 2481 1317 2511 είς
1345 2477 1388 2506 οἷα
1405 2481 1508 2515 ἢγαγεν
1528 2481 1542 2506 ὁ
1567 2480 1663 2515 χρόνος
1686 2483 1877 2518 πειραστὴρια

1081 2526 1131 2557 τὰς
1160 2525 1324 2562 Ἐκκλησίας
1347 2526 1396 2552 τοῦ
1423 2526 1490 2552 Θεοῦ
1515 2525 1721 2552 κατασκοπῶνο
1747 2527 1818 2562 ὁμοῦ
1847 2527 1876 2554 δὲ

1083 2573 1242 2609 ἐμακάρισα
1260 2574 1293 2600 τὰ
1317 2572 1388 2600 ἆθλα
1409 2574 1464 2600 τῶν
1480 2573 1668 2608 δεδιωγμένων
1693 2574 1787 2601 ἕνεκεν
1806 2575 1879 2609 Χρι-

1084 2618 1148 2645 στοῦ
1162 2627 1168 2633 ’
1183 2619 1281 2645 ἔπειτα
1303 2619 1350 2646 καὶ
1375 2619 1405 2645 σὲ
1431 2619 1478 2646 τὸν
1505 2618 1621 2653 ἄγγελον
1644 2620 1711 2655 ήμῖν
1738 2620 1878 2653 γεγονότα

1083 2664 1212 2691 ἁπάντων
1239 2664 1294 2691 τῶν
1316 2665 1638 2701 δραματουργηθέντωνο
1666 2665 1717 2691 οὐκ
1746 2666 1878 2702 ἀποκνή-

1083 2719 1168 2737 σαντα
1191 2712 1260 2746 πρός
1282 2719 1316 2746 με
1337 2711 1382 2737 τὸν
1399 2711 1505 2743 οὐδενὸς
1520 2710 1606 2743 ἄξιον,
1621 2711 1669 2738 καὶ
1684 2711 1766 2746 χεῖρα
1780 2712 1832 2739 ἐπὶ
1848 2713 1879 2738 τὸ

1082 2756 1186 2791 γράψαι
1202 2756 1305 2789 δοῦναι,
1328 2757 1376 2784 καὶ
1400 2756 1578 2793 ίχνομυθῆσαι
1601 2758 1665 2793 ὅλην
1688 2757 1737 2793 τὴν
1754 2756 1808 2792 τῆς
1825 2767 1878 2784 κα·

1084 2801 1195 2835 κώτεως
1212 2802 1356 2839 ὑπόθεσιν·
1381 2803 1439 2830 ἀνθ’
1466 2801 1504 2831 ὧν
1533 2803 1682 2839 εὑλογήσαι
1710 2810 1739 2829 σε
1755 2802 1876 2838 Κύριος,
