1923 3078
95 150 165 184 1201

694 149 969 181 EPISTOLARUM
989 151 1065 182 LIB.
1091 151 1133 183 II.

1660 149 1731 183 1202

96 204 224 240 στηρίξαι
243 212 275 230 τε
290 203 339 230 ἐπὶ
361 203 454 237 πλέον,
471 203 519 230 καὶ
534 203 684 238 βεϐαιῶσαι
707 203 736 231 ὲν
752 204 785 239 τῇ
802 203 885 239 ἀμει-

944 203 1020 231 nonii
1037 203 1138 232 Christi
1151 202 1337 231 dimicatione.
1350 201 1496 231 Enimvero
1509 202 1625 238 cognovi
1635 211 1732 238 quem-

95 252 181 286 λίκτῳ
198 249 326 277 ὲνστάσει
352 250 401 285 τῆς
419 250 574 286 μαρτυρίας
596 249 727 285 Χριστοῦ.
754 249 810 276 Καὶ
830 249 884 284 γὰρ

96 297 198 333 ἔμαθον
227 297 323 332 ὅτιπερ
350 296 499 332 συμϐαλὼν
526 295 596 331 μετὰ
617 295 666 331 τὴν
694 295 820 322 ἔνστασιν
845 295 885 330 τῷ

96 342 239 378 ἀσεϐάρχῃ
272 341 383 377 Ἰωάννῃ
410 341 460 377 οὐχ
484 341 650 374 ὑπεστάλης,
675 340 735 367 οὐδὲ
759 340 886 376 δεύτερος

96 387 180 425 ἦλθες
208 388 260 423 τῆς
281 388 322 420 είς
345 387 443 422 λόγους
460 386 641 423 συμπλοκῆς-
671 385 740 413 ἀλλὰ
765 387 886 422 στερρῶς

95 433 312 467 ἁντικαταστὰς,
335 433 473 469 περιεῖλες
490 433 583 465 αὐτὸν,
601 433 648 459 καὶ
663 432 886 467 ἀπεστομάτισας

97 480 231 512 νεανικῶς
246 480 318 514 λόγῳ
332 479 463 515 ἀληθείας
475 479 526 514 τῆς
541 479 667 513 δοθείσης
683 487 725 505 σοι
743 479 797 506 ὑπὸ
811 479 888 515 ἐνερ-

97 528 178 563 γείας
194 526 242 554 τοῦ
255 527 333 561 ἁγίου
349 526 519 562 Πνεῦματος.
808 558 813 564 ⁸

134 573 192 600 Καὶ
203 573 258 608 γὰρ
276 573 337 599 οὐδὲ
354 572 490 608 πάρεστιν
509 574 538 599 ἐν
555 573 612 604 τοῖς
634 571 822 607 ἠπατημένοις
841 571 888 598 δύ-

96 628 182 655 ναμις
196 619 276 653 λόγου
290 628 298 635 ·
316 619 378 645 ἐπεὶ
393 619 461 654 μηδὲ
477 618 535 653 φῶς
547 627 554 634 ·
581 618 642 645 οὐδὲ
665 618 796 653 ἀληθείας
819 618 889 645 ἀπό-

95 666 193 697 δειξις,
218 665 280 691 οὐδὲ
303 673 330 692 τι
351 664 442 696 εὐθὲς,
466 665 528 691 οὐδὲ
552 665 627 692 ὅσιον
641 666 669 692 ὲν
686 665 778 692 σκότει
793 664 889 691 διαπο-

99 711 259 747 ρευομένοις
283 712 317 746 τῇ
346 710 470 745 ὰσύνετῳ
494 710 594 747 καρδίᾳ
623 711 671 738 καὶ
700 710 889 746 μεμωραμένῃ

99 757 201 792 σοφίᾳ,
223 757 340 792 τάληθὲς
360 757 390 783 δὲ
416 758 514 790 εἰπεῖν,
533 757 634 793 ἀσοφίᾳ
649 757 697 785 καὶ
721 757 828 792 ἀμαθίᾳ
843 757 890 783 καὶ

97 802 260 839 τυφλότητι.
273 803 321 829 Ἒν
334 803 362 829 δὲ
382 803 461 837 μόνον
474 803 521 830 καὶ
537 803 646 838 πρῶτον
662 803 709 831 καὶ
720 803 888 835 τελευταῖον,

98 850 117 884 ὴ
135 848 246 881 ἐξουσία
263 848 312 875 τοῦ
332 848 444 880 σκότους
455 856 462 864 ’
475 847 555 875 τοῦτο
567 849 659 880 αὐτοῖς
674 849 722 875 καὶ
738 848 828 882 λόγος,
844 849 892 875 καὶ

936 249 1084 276 admodum
1107 253 1170 283 post
1194 247 1397 276 dimicationem
1427 247 1523 282 ipsam,
1550 255 1612 274 cum
1626 246 1733 275 Joanne

935 295 1083 330 impiorum
1108 295 1178 322 duce
1203 301 1387 329 cougressus,
1417 293 1630 328 haudquaquam
1656 299 1732 322 metu

937 342 1065 375 cesseris,
1090 349 1141 369 nec
1157 340 1271 368 inferior
1284 341 1419 368 sermonis
1440 339 1568 367 conﬂictu
1581 340 1732 371 exstiteris,

937 388 985 417 sed
1003 388 1111 416 fortiter
1134 387 1272 416 obsistens
1294 387 1385 422 ipsum
1409 386 1520 418 viceris.
1545 392 1573 414 et
1593 387 1731 422 elinguem

936 434 1051 470 juvenili
1070 434 1165 470 vigore
1188 434 1342 461 reddideris
1368 434 1452 460 verbo
1481 432 1606 460 veritatis
1633 434 1732 460 subui-

938 489 1001 514 xus,
1028 489 1111 516 quam
1138 480 1186 507 tibi
1206 480 1326 515 Spiritus
1346 479 1433 507 sancti
1458 479 1582 514 operatio
1605 486 1733 514 suggere-

938 526 998 555 bat.

974 572 1053 600 Nulla
1070 572 1195 600 videlicet
1207 572 1235 600 in
1259 571 1294 599 iis
1309 572 1355 606 qui
1372 571 1479 607 decepti
1496 575 1562 599 sunt
1577 571 1679 599 residet
1693 571 1735 600 vis

939 618 1090 651 sermonis;
1114 618 1244 653 quoniam
1262 625 1315 645 nec
1330 618 1434 648 lumen.
1460 625 1510 646 nec
1532 618 1656 645 veritatis
1673 625 1735 652 spe-

941 662 1040 695 cimen,
1064 670 1115 690 nec
1140 667 1246 690 rectum
1262 662 1378 697 aliquid.
1398 667 1446 689 aut
1467 668 1592 690 sanctum
1610 662 1639 689 in
1657 667 1733 690 tene-

940 709 997 736 bris
1022 709 1229 737 ambulantibus
1249 710 1334 737 stulto
1353 710 1436 738 corde
1453 715 1480 737 et
1492 710 1609 738 evanida
1621 711 1732 745 sapien-

941 756 990 788 tia,
1006 763 1068 788 seu,
1089 761 1119 783 ut
1140 756 1233 784 verius
1249 757 1368 789 dicatur,
1391 757 1561 792 insipientia,
1582 757 1732 792 imperitia,

941 802 1072 830 caecitate.
1088 801 1175 830 Unum
1192 807 1284 830 autem
1305 803 1388 835 inest,
1403 807 1430 830 et
1449 802 1567 838 primum
1584 808 1612 830 et
1633 807 1736 838 postre-

943 856 1029 880 mum,
1044 853 1166 883 potestas
1181 849 1357 877 tenebrarum
1373 858 1379 876 :
1410 849 1462 876 hoc
1477 849 1532 877 illis
1545 854 1574 877 et
1586 857 1688 882 sermo,
1707 853 1734 876 et

97 895 174 930 ὅρος,
192 895 241 921 καὶ
256 895 360 927 πίστις,
385 894 433 921 καὶ
454 894 531 928 δόξα,
548 895 595 921 καὶ
622 895 714 922 ὅπλον.
745 895 796 922 Ἐκ
828 895 888 922 τῶν

944 894 1070 927 Jetinitio.
1087 900 1116 922 et
1138 896 1214 928 tides,
1227 901 1255 922 et
1271 896 1368 930 gloria.
1390 900 1418 923 et
1438 903 1525 923 arma.
1553 895 1597 922 Ea:
1613 896 1735 930 operibus

97 941 196 975 ἔργων
204 940 304 968 αὐτῶν
314 940 519 975 ἐπιγνώσεσθε
544 941 656 974 αὐτοὺς
665 961 672 972 ,
686 941 738 976 ἔφη
759 942 773 967 ὁ
787 941 890 976 Κύριος

98 986 133 1012 Tt
155 986 212 1022 γὰρ
243 986 294 1013 οὒκ
318 986 436 1021 ἔδρασαν
461 985 560 1018 ἀσεϐές
587 995 617 1013 τε
648 987 696 1013 καὶ
729 987 887 1020 ’1ουδαϊκόν;

98 1033 220 1068 Χριστὸν
243 1024 399 1067 ὲνῦϐρισαν,
412 1032 463 1067 τὴν
481 1032 621 1064 Θεοτόκον,
637 1032 701 1064 τοὺς
722 1032 816 1066 ἁγίους
827 1041 834 1048 ’
850 1029 889 1059 ὧν

98 1080 155 1116 γὰρ
169 1080 195 1107 οἰ
220 1079 373 1114 σωματικοὶ
397 1079 572 1114 χαρακτῆρες
588 1079 778 1114 ἀτιμάζονται,
798 1079 889 1111 αὐτοῖς

98 1126 251 1162 ἑκείνοιςὴ
278 1125 358 1161 ’ύϐρις
383 1125 579 1160 ἀναπέμπεται
602 1127 659 1157 τοῖς
683 1125 888 1162 πρωτοτύποις·

99 1173 149 1200 καὶ
179 1172 224 1199 διὰ
250 1172 330 1199 τοῦτο
354 1172 469 1204 εἰκότως
503 1171 688 1208 ’Λντίχριστοι
721 1172 830 1207 ῥηθεῑεν
865 1172 890 1198 ol

98 1219 285 1254 Εἰκονομάχοι
296 1227 303 1234 ·
323 1218 418 1254 ἐπειδὴ
441 1218 515 1252 λέγει
529 1219 544 1245 ὁ
565 1218 697 1251 Θεολόγος
711 1219 758 1245 καὶ
772 1218 890 1252 εὐαγγε-

98 1264 213 1300 λιστής·
244 1264 299 1291 Kal
327 1264 386 1291 νῦν
413 1264 522 1291 πολλοὶ
555 1263 766 1298 Ἀντίχριστοι.
797 1263 890 1291 Ταῦτα

100 1311 191 1346 μικρὰ
210 1309 259 1345 μὲν
273 1309 343 1346 πρὸς
364 1310 414 1346 τὴν
440 1309 489 1345 σὴν
504 1309 613 1336 σύνεσιν
626 1318 634 1325 ’
656 1310 707 1344 τῆς
726 1309 838 1344 ἀγάπης
862 1309 890 1336 δὲ

100 1355 237 1390 σύμϐολα,
262 1355 313 1390 τῆς
341 1356 370 1381 ὲν
387 1355 428 1381 ἐνὶ
451 1355 610 1391 φρονήματι
631 1355 680 1382 καὶ
698 1356 748 1390 μιᾷ
762 1354 834 1390 ψυχῇ
851 1355 893 1381 δο-

99 1401 197 1436 θείσης
211 1402 277 1436 ἡμῖν
292 1401 344 1427 ὑπὸ
358 1401 436 1428 Θεοῦ.
456 1401 539 1428 Ἀλλά
553 1410 599 1436 μοι
614 1401 780 1437 προσεύχου,
792 1401 891 1436 eam:

99 1447 181 1479 καλὲ,
198 1448 234 1474 τὰ
247 1445 295 1474 ἷσά
308 1456 350 1474 σοι
367 1447 491 1474 ὲναθλεῖν
504 1456 510 1462 ·
528 1448 576 1474 καὶ
592 1448 726 1483 γνωρίσαι
749 1456 794 1483 μοι
809 1448 891 1474 πάλιν

100 1493 222 1527 ἀξίωσον
235 1493 311 1526 ὅπως
328 1492 360 1520 σύ
373 1502 403 1520 τε
416 1493 531 1527 διάγοις,
552 1494 598 1520 καὶ
609 1494 684 1525 ὅπως
699 1493 753 1528 ἔχει
772 1493 820 1520 καὶ
833 1493 890 1525 ἕξει

97 1540 136 1567 τὰ
153 1541 203 1576 τῆς
216 1540 294 1576 ἱερᾶς
311 1548 358 1566 σου
377 1540 512 1572 συνοδίας.

97 1598 211 1626 AA’.—-
230 1597 340 1632 Ἰωσὴφ
353 1597 474 1633 ἀδελφῷ
490 1597 785 1633 καὶάρχιεπισκόπῳ.
800 1597 892 1635 [σξβ¹.]

940 949 1031 968 eorum
1056 942 1219 976 cognoscetis
1244 942 1328 972 eos",
1345 943 1384 969 ait
1401 941 1545 969 Dominus.
1566 941 1638 974 Quid
1659 942 1733 969 enim

941 988 1054 1023 impium
1070 992 1117 1015 aut
1137 987 1281 1015 Iudaicum
1296 996 1351 1015 non
1367 989 1503 1022 egerunt?
1516 987 1654 1016 Christum
1674 996 1736 1016 con.

942 1033 1052 1061 tumelia
1072 1033 1234 1066 all'ecerunt,
1256 1033 1400 1068 Deiparam
1414 1038 1441 1061 et
1457 1038 1567 1061 sanctos
1591 1041 1600 1060 .'
1616 1041 1735 1068 quorttm

941 1079 1013 1106 enim
1025 1087 1164 1114 corporea).
1175 1079 1270 1115 ﬁgurae
1283 1079 1431 1114 ignominia
1445 1079 1611 1113 adiciuntur,
1626 1081 1653 1107 in
1666 1084 1732 1115 pro-

943 1129 1034 1161 totypa
1064 1125 1123 1160 ipsa
1162 1126 1361 1154 transmittitur
1399 1126 1593 1154 contumelia:
1621 1126 1737 1162 ideoque

952 1171 1113 1198 Antichristi
1134 1171 1231 1198 merito
1247 1171 1299 1198 dici
1312 1175 1428 1205 possunt
1442 1171 1636 1199 lconomaehi:
1653 1179 1737 1207 quan-

942 1216 1100 1251 doquidem.
1121 1216 1162 1244 uti
1188 1225 1202 1244 a
1219 1216 1359 1252 Theologo
1376 1222 1403 1245 et
1416 1217 1582 1253 evangelista
1601 1217 1736 1253 scriptum

941 1266 984 1289 est
999 1271 1005 1288 :
1022 1261 1056 1288 Et
1072 1271 1141 1289 nunc
1170 1263 1247 1289 multi
1265 1268 1327 1290 sunt
1342 1263 1538 1291 Amic/tristi".
1561 1263 1625 1291 Haec
1652 1271 1738 1299 parva

942 1308 1052 1342 quidem
1079 1310 1113 1336 ad
1128 1309 1308 1344 prudentiam
1323 1315 1397 1337 tuam
1416 1319 1423 1337 :
1441 1310 1488 1337 sed
1509 1310 1663 1345 charitatis,
1677 1318 1739 1346 qtue

942 1354 1022 1382 nobis
1048 1362 1063 1382 a
1089 1355 1146 1382 Deo
1170 1355 1197 1382 in
1220 1363 1276 1382 uno
1295 1363 1377 1382 sensu
1401 1359 1429 1383 et
1453 1355 1544 1382 anima
1563 1363 1617 1383 una
1636 1356 1737 1383 donata

942 1407 994 1434 est,
1013 1401 1137 1437 symbola
1150 1406 1224 1429 sunt.
1240 1401 1280 1428 Tu
1299 1409 1375 1434 vero,
1397 1401 1481 1429 fr'ater
1493 1402 1612 1437 egregie,
1628 1409 1678 1437 pro
1695 1409 1739 1430 me

946 1455 1007 1479 ora,
1024 1452 1053 1474 ut
1077 1447 1135 1482 pari
1165 1451 1255 1475 tecum
1286 1455 1374 1483 pugna
1400 1447 1537 1475 decertem
1554 1457 1561 1474 :
1577 1452 1606 1475 et
1619 1447 1740 1475 iudicare

942 1501 1025 1528 porro
1047 1501 1101 1520 non
1116 1493 1248 1527 graveris,
1261 1493 1400 1528 quomodo
1416 1497 1442 1520 et
1465 1493 1522 1527 ipse
1544 1501 1619 1528 agas,
1634 1497 1662 1520 et
1674 1500 1740 1528 quo-

943 1539 1027 1566 modo
1038 1547 1068 1565 se
1078 1538 1196 1566 habeant
1210 1539 1384 1573 habiturique
1398 1539 1453 1566 sint
1467 1539 1537 1566 sacri
1555 1539 1671 1566 comites
1689 1539 1738 1566 tui.

1020 1597 1114 1624 XXXI.
1134 1613 1169 1617 —-
1180 1597 1306 1633 Josepho,
1321 1599 1402 1633 fratri
1414 1605 1438 1625 et
1457 1600 1666 1634 archiepiscopo.

98 1647 175 1678 varia
187 1655 240 1676 tum
252 1651 282 1676 ab
293 1652 460 1678 Iconomaehis
476 1651 564 1683 impie,
582 1655 633 1677 tum
645 1656 730 1677 contra
742 1652 917 1708 Icongtnaghlpss
938 1661 952 1678 a
972 1652 1066 1716 Egisti
1083 1652 1266 1679 confessoribus
1281 1654 1379 1680 fortiter
1397 1658 1468 1687 gesta
1491 1659 1622 1681 memorat.
1637 1657 1737 1688 (Baron.

298 1705 305 1708 .
386 1703 392 1707 .
821 1691 846 1708 n.
909 1702 916 1714 ,
933 1691 959 1709 n.
1002 1703 1007 1708 .

821 1691 846 1708 Π.
861 1691 916 1714 διο,
933 1691 959 1709 Il.
972 1691 1007 1708 ιι).

137 1726 224 1753 ὐσον
248 1726 296 1761 μὲν
316 1726 371 1753 ἀπὸ
394 1726 580 1762 γραμμάτων,
601 1728 652 1754 οὐκ
668 1727 770 1762 ἔμαθον
790 1728 824 1754 τὰ
844 1727 890 1763 τῆς

980 1729 1119 1761 Quantum
1135 1729 1245 1763 quidem
1273 1737 1307 1757 ex
1325 1730 1433 1761 litteris,
1460 1731 1494 1758 de
1508 1731 1662 1758 valetudine
1693 1735 1738 1759 tua

100 1772 197 1806 ὑγείας
215 1781 272 1804 σου,
299 1773 367 1800 ἀλλὰ
384 1772 435 1808 φεῦ
449 1773 503 1800 τῶν
528 1773 670 1808 ἁμαρτιῶν
687 1782 738 1808 μου
756 1774 797 1800 ὅτι
821 1773 892 1800 οὕτω

99 1818 236 1851 γέγονενι
261 1817 399 1853 Ἐδηλὼθη
420 1818 474 1853 γὰρ
498 1827 543 1854 μοι
571 1819 623 1845 ὑπὸ
648 1819 702 1845 τῶν
728 1819 850 1853 ἀδελφῶν
875 1820 892 1855 ὴ

103 1864 211 1890 τούτων
227 1864 287 1899 μεί)⁹
307 1864 408 1900 ἑτέρων
423 1864 548 1892 ἀπώλεια
561 1873 568 1880 ·
583 1865 631 1892 καὶ
647 1865 695 1900 ἥδε
708 1865 756 1892 τοῦ
768 1865 892 1892 διαϐόλου

101 1910 242 1946 ἐνέργεια.
272 1910 355 1937 Ἀλλὰ
379 1910 444 1943 δόξα
467 1910 506 1945 τῷ
523 1910 584 1946 Θεῷ
608 1911 647 1946 τῷ
668 1911 804 1946 κρύψαντι
824 1912 894 1938 αὐτὰ

100 1956 159 1982 ἀπὸ
177 1955 232 1982 τῶν
257 1955 443 1991 κρατούντων.
462 1956 598 1991 Ἔμελλον
612 1957 667 1993 γὰρ
683 1957 778 1984 πολλοὶ
804 1958 894 1984 κινδυ-

100 2001 203 2030 νεύειν.
226 2002 296 2028 Ἀλλ’
324 2003 366 2029 ὅτι
387 2003 435 2029 καὶ
464 2002 489 2029 οί
512 2003 607 2038 ἴαμϐοι
628 2003 828 2036 συναπώλοντο,
848 2003 894 2036 οὒς

100 2046 134 2075 εὖ
161 2048 248 2075 ποιῶν
270 2048 427 2085 ἐμέτρησας
449 2049 521 2076 κατὰ
544 2049 599 2076 τῶν
627 2049 832 2085 Είκονομάχων.
856 2049 892 2076 οὺ

101 2094 216 2126 πάντως
243 2095 272 2121 δὲ
299 2095 516 2131 ἁμεταγράφους
554 2096 602 2122 καὶ
628 2095 895 2131 ἀπαρασημειώτους

101 2141 218 2176 ἔμελλες
234 2141 334 2172 αὐτοὺς
346 2142 579 2177 πέμπειν.Ταῦτα
595 2143 643 2178 μὲν
662 2143 798 2177 ἐλύπησεν
809 2143 893 2178 ἡμᾶς,

100 2188 141 2219 ὡς
154 2187 187 2214 τὸ
201 2187 286 2219 εἰκός.
310 2187 381 2222 Ἐγὼ
405 2188 434 2215 δὲ
461 2190 475 2216 ὁ
490 2189 628 2222 ταπεινὸς,
651 2190 698 2216 καὶ
716 2188 794 2222 αὖθις
809 2198 895 2225 προσ-

102 2233 232 2270 αγορεύω
242 2233 291 2270 τὴν
302 2234 461 2271 ἁγιωσύνην
473 2243 520 2262 σου
536 2235 696 2271 γλιχόμενός
707 2245 754 2262 σου
765 2236 795 2263 τὸ
806 2236 895 2271 τίμιον

103 2280 267 2316 πρόσωπον·
289 2281 338 2308 καὶ
359 2280 433 2313 τίνος
455 2281 510 2317 γὰρ
530 2281 584 2317 πρὸ
601 2282 668 2314 σοῦς
687 2282 735 2309 καὶ
758 2281 819 2317 οὐχὶ
834 2282 894 2315 ἄεις

103 2325 137 2353 οὐ
163 2326 291 2352 τοσοῦτον
315 2327 347 2353 ὲκ
372 2326 491 2361 φύσεως,
514 2328 576 2354 ὅσον
603 2328 636 2354 ὲκ
659 2328 843 2363 συμπράξεως
864 2328 895 2354 οὐ

101 2371 156 2407 τῆς
178 2372 300 2407 χαμόθεν
316 2373 508 2409 ὲγειρομένης.
529 2374 587 2401 ἀλλ’
599 2374 746 2410 οὐρανόθεν
766 2376 894 2410 ἐνεργου-

103 2419 204 2454 μένης,
219 2419 251 2444 ὲκ
264 2418 378 2454 πρώτης
396 2419 520 2455 βαλϐῖδος
534 2420 629 2456 σχεδὸν
642 2423 723 2456 μέχρι
735 2421 781 2448 τοῦ
796 2421 876 2456 δεῦρο
885 2430 892 2436 ·

103 2465 144 2496 ὼς
166 2464 241 2491 ἴσασι
258 2465 360 2497 πάντες
373 2473 380 2483 ·
398 2466 447 2492 καὶ
460 2466 625 2501 ἐμύρφωσαν
651 2467 676 2493 οἱ
692 2467 889 2502 γεννήσαντες,

102 2510 175 2536 εἴπω
190 2509 238 2535 καὶ
256 2509 423 2545 σωματικῶς
440 2512 488 2538 καὶ
502 2511 715 2546 mseriarum;
729 2512 780 2547 El'q
795 2511 825 2539 δὲ
846 2511 893 2547 μὲ-

101 2563 162 2582 νειν
176 2555 251 2590 ἡμᾶς
265 2555 313 2582 καὶ
334 2555 402 2591 πρὸς
423 2556 454 2582 τὸ
477 2556 540 2592 ἑξῆς
564 2556 712 2589 ὡσαύτως·
731 2557 776 2584 καὶ
794 2557 830 2593 μή
858 2566 891 2592 με

100 2600 270 2636 διαιρεῖσθαί
285 2609 332 2627 σου
357 2603 407 2636 τῆς
421 2602 523 2638 ἀρετῆς
545 2601 641 2636 πλήθει
656 2602 711 2628 τῶν
733 2603 891 2638 ἁμαρτιῶν·

100 2649 137 2675 ὲκ
155 2647 230 2680 θείας
257 2647 466 2684 φιλανθρωπίας
494 2649 758 2684 συγκροτουμένους,
785 2649 833 2675 καὶ
851 2649 894 2674 ὲυ-

100 2693 223 2726 τεύξεως
246 2693 301 2720 τῶν
318 2695 358 2726 εἰς
380 2694 439 2728 φῶς
463 2694 642 2728 ἐνεγκόντων.
657 2695 697 2721 Τὰ
715 2694 764 2730 μὲν
787 2695 819 2731 δὴ
843 2695 893 2730 τῆς

102 2740 189 2775 εὐχῆς
203 2739 327 2766 τοιαῦτα.

139 2784 183 2812 Τὰ
197 2785 219 2811 δ’
238 2786 307 2812 ἄλλα
320 2784 365 2813 οἷα
389 2786 435 2813 καὶ
454 2786 516 2819 ὅσα,
528 2787 575 2814 ἐπὶ
595 2785 647 2821 τῆς
670 2786 835 2823 Ἐκκλησίας
846 2786 894 2814 τοῦ

103 2830 186 2864 Θεοῦ,
205 2833 365 2866 στεναγμῶν
393 2832 441 2859 καὶ
464 2832 589 2868 ὀδυρμῶν
619 2833 693 2865 ἄξια,
709 2833 757 2869 ήδη
786 2834 894 2865 πάντως

147 2888 276 2916 "Matth.
293 2898 328 2918 vn
354 2890 396 2919 l6.
436 2891 458 2907 "
478 2890 578 2919 Hoan.
599 2891 687 2924 11,19.

944 1775 1013 1802 nihil
1036 1775 1163 1813 cognovi,
1180 1777 1226 1803 sed
1250 1776 1302 1803 heu
1318 1777 1436 1811 peccatis
1451 1777 1518 1804 meis
1531 1778 1606 1812 quod
1623 1777 1682 1805 haec
1700 1777 1738 1805 ita

943 1820 1113 1848 eveneruntl
1139 1821 1289 1848 lndicatum
1314 1823 1387 1849 enim
1416 1822 1481 1850 mihi
1495 1828 1537 1850 est
1559 1831 1573 1850 a
1594 1823 1738 1855 fratribus,

943 1866 1049 1894 litteras
1078 1867 1138 1894 illas
1156 1875 1210 1894 una
1228 1875 1290 1894 cum
1305 1868 1367 1896 aliis
1396 1868 1573 1896 intercidisse
1592 1879 1598 1896 :
1634 1874 1661 1896 et
1682 1870 1740 1897 haec

943 1912 1055 1948 quidem
1091 1913 1193 1940 diaboli
1219 1914 1271 1941 vis.
1299 1914 1351 1941 Sed
1375 1915 1434 1942 laus
1451 1914 1516 1947 Deo,
1532 1915 1579 1949 qni
1597 1915 1659 1943 illas
1672 1915 1736 1943 abs-

944 1958 1038 1985 condit
1075 1959 1108 1986 iis
1123 1959 1170 1994 qui
1186 1967 1278 1986 rerum
1295 1960 1457 1994 potiuntur:
1481 1961 1574 1988 multis
1596 1961 1671 1988 enim
1688 1961 1740 1988 im-

946 2004 1084 2039 pendebat
1114 2005 1278 2039 perieulum.
1311 2006 1466 2038 Quinetiam
1505 2007 1620 2041 periisse
1657 2007 1740 2035 simul

945 2050 1063 2083 iambos,
1097 2059 1166 2085 quos
1193 2056 1267 2079 recte
1304 2060 1389 2087 agens
1410 2057 1506 2080 contra
1540 2053 1739 2081 lconomachos

945 2097 1096 2131 scripseras
1117 2106 1123 2124 :
1149 2098 1263 2125 omnino
1289 2104 1379 2125 autem
1406 2099 1467 2126 sine
1491 2100 1616 2134 exemplo
1630 2104 1658 2127 et
1674 2105 1738 2128 nota

945 2149 993 2169 eos
1006 2143 1113 2170 mittere
1128 2151 1182 2170 non
1204 2144 1349 2171 debueras.
1366 2144 1429 2172 llaec
1455 2152 1521 2172 sane
1542 2146 1740 2174 contristarunt

946 2195 1008 2220 nos,
1025 2193 1055 2214 ut
1069 2196 1118 2223 par
1133 2193 1204 2216 erat.
1220 2188 1276 2224 Ego
1291 2197 1355 2216 vero
1369 2189 1482 2217 humilis
1500 2190 1599 2216 iterum
1613 2190 1740 2225 alloquor

947 2233 1118 2261 sanctitatem
1132 2239 1218 2267 tuam,
1238 2235 1334 2262 faciem
1353 2236 1539 2263 venerandam
1566 2235 1659 2263 videre
1671 2236 1740 2263 desi-

946 2278 1062 2311 derans;
1079 2279 1157 2314 cujus
1178 2280 1252 2307 enim
1272 2280 1364 2314 potius
1379 2288 1462 2315 quam
1480 2282 1573 2308 tuam?
1597 2281 1637 2308 Ac
1650 2289 1740 2308 nonne

947 2325 1072 2359 semper?
1092 2333 1181 2360 neque
1204 2326 1230 2353 id
1244 2334 1278 2353 ex
1297 2331 1395 2354 natura
1417 2331 1536 2360 tantum,
1556 2333 1691 2362 quantum
1705 2334 1740 2355 ex

948 2371 1087 2398 actionum
1119 2372 1288 2406 conspiranti
1313 2373 1453 2406 societate,
1483 2381 1538 2400 non
1564 2373 1638 2400 lmmi
1663 2378 1738 2408 nata,

946 2416 992 2442 sed
1022 2416 1130 2444 caelitus
1158 2417 1291 2452 profecta,
1310 2425 1325 2445 a
1341 2420 1438 2453 primis
1462 2419 1517 2447 fere
1541 2419 1698 2448 carceribus
1711 2420 1740 2447 in

946 2462 1016 2489 hanc
1031 2462 1113 2495 diem,
1143 2467 1172 2489 ut
1187 2464 1278 2490 sciunt
1292 2471 1403 2498 omnes;
1427 2474 1460 2493 ac
1482 2465 1674 2493 formaverunt.
1688 2473 1737 2500 pa-

945 2513 1048 2540 rentes,
1080 2509 1261 2544 corporaliter
1294 2510 1384 2537 dicam
1404 2519 1437 2538 an
1466 2511 1666 2546 spiritualiter?
1683 2511 1740 2538 Uti.

946 2562 1009 2581 nam
1035 2559 1127 2582 autent
1154 2555 1194 2583 sic
1210 2563 1372 2584 maneamus
1391 2557 1474 2584 etiam
1499 2557 1526 2584 in
1541 2561 1692 2592 posterum,
1710 2563 1740 2585 ut

947 2608 962 2627 a
990 2601 1091 2628 virtute
1121 2606 1168 2629 tua
1198 2610 1252 2629 non
1278 2602 1393 2631 divellar
1413 2608 1586 2638 peccatorum
1614 2611 1739 2630 meorum

948 2647 1133 2681 multitudine,
1169 2656 1201 2676 ex
1223 2648 1315 2676 divina
1334 2650 1501 2685 benignitate
1519 2650 1736 2680 consentientes,

946 2698 973 2719 et
987 2701 1019 2720 ex
1038 2701 1134 2721 eorum
1152 2695 1346 2729 deprecatione
1361 2698 1406 2732 qui
1433 2698 1604 2732 genuerunt!
1628 2697 1668 2722 Ac
1678 2700 1738 2722 vota

947 2741 1057 2773 quidem
1077 2747 1170 2769 nostra
1187 2743 1249 2771 talia
1264 2750 1338 2771 sunt.

983 2787 1087 2815 Caetera
1101 2793 1191 2816 autent
1208 2791 1301 2824 qualia
1316 2796 1344 2819 et
1358 2800 1440 2826 quam
1460 2792 1556 2825 multa,
1573 2793 1599 2819 in
1618 2791 1739 2820 Ecclesia

950 2834 1007 2870 Dei,
1031 2836 1134 2870 gemitu
1149 2844 1182 2863 ac
1202 2835 1331 2873 lacrymis
1350 2838 1442 2874 digna,
1457 2839 1512 2874 jam
1535 2847 1646 2874 prorsus
1661 2839 1739 2866 audi-
