1923 3078
220 145 288 177 1203

817 149 847 179 S.
862 147 1059 180 THEODORI
1072 148 1246 181 STUDIT/E

1772 146 1843 181 1204

218 201 254 228 sti
272 209 279 228 :
299 207 361 236 quae
379 201 451 230 enim
466 209 502 230 ne
527 201 611 237 prisci
626 202 735 237 quidem
754 207 849 231 contra
863 204 1002 232 Christum

1065 205 1165 236 ικούοις
1178 213 1185 220 -
1201 203 1218 232 ἃ
1231 204 1285 239 γὰρ
1295 202 1356 230 οὐδὲ
1373 203 1398 230 οἱ
1411 202 1496 230 πάλαι
1512 202 1703 239 αῐρετίσαντες
1719 203 1844 239 ἔπραξαν

218 252 330 284 egerant
353 247 484 280 hzeretici,
516 255 548 275 ea
579 256 653 276 nunc
679 249 778 284 majori
805 250 881 277 rabie
898 254 1005 285 patrata

219 300 293 322 sunt.
307 294 341 322 Et
364 294 466 322 dormit
494 295 631 329 Christus,
648 300 674 324 et
689 296 791 324 salsum
807 298 1006 327 incredulitatis

218 348 294 368 mare
319 340 496 374 intumescit,
525 346 677 370 extremam
702 344 849 378 perniciem
878 343 1004 372 all'erens.

220 387 273 414 Sed
297 386 388 415 adsint
407 392 496 415 tecum
514 389 635 423 germani
652 389 788 424 discipuli,
804 390 850 425 qui
867 390 1005 419 Christum

218 434 252 460 ad
268 433 483 468 increpationem
502 435 671 470 periculique
688 435 875 471 depulsionem
887 438 1008 465 exsusci-

218 482 286 506 tent.
300 479 375 507 Abiit
387 483 414 506 et
430 486 510 507 meus
524 480 551 506 in
567 480 661 508 habitu
676 486 820 516 susceptor
834 489 867 510 ac
878 490 1006 518 sponsor,

218 524 261 551 vir
288 524 386 557 bonus,
420 524 605 554 confessionis
631 527 774 562 praemium
806 533 952 563 reportans
979 529 1007 556 in

218 569 467 604 molestissima,ut
499 572 528 599 in
554 572 655 600 lectulo
685 580 716 601 se
742 573 801 608 ipse
814 581 925 602 versare
952 582 1008 603 non

190 632 196 671 ι
219 621 324 650 posset,
343 617 514 658 inﬁrmitate.
555 617 719 651 Quomodo?
756 618 826 646 Cum
855 620 1007 654 resisteret,

221 660 352 671 _U___.___
434 667 452 671 Α,
479 670 485 671 κ
525 667 531 671 ,
659 664 691 671 ..
724 664 730 671 .
783 665 798 671 ..
893 666 899 671 .

193 660 197 708 ς
219 660 353 688 abductus
371 667 413 689 est
429 667 456 689 et
473 663 639 696 custoditus,
650 664 748 692 deinde
764 665 846 692 etiam
861 666 1008 702 relegatus,

219 711 303 742 atque
323 707 360 734 ita
376 708 538 744 martyrium
553 717 759 738 consummans.
776 711 868 746 Itaque
880 713 1010 740 Dominus

193 753 275 780 inon
312 753 437 788 despexit
464 753 625 782 obedientize
656 756 716 791 ejus
739 756 857 791 labores,
892 763 1010 792 quantos

220 799 293 826 riosti
308 808 314 826 :
339 799 447 827 tametsi
467 805 579 835 propter
590 807 704 836 peccata
720 810 779 830 mea
793 803 863 830 inter
877 803 1008 832 Mcechia-

219 853 271 874 nos
293 847 479 881 deprehensus
499 847 591 881 fuerit,
613 849 724 884 corpori
744 857 869 884 parcens,
881 858 934 878 non
952 852 1010 878 ani-

1057 249 1130 276 κατὰ
1140 249 1271 285 Χριστοῦ,
1283 247 1370 276 ταῦτα
1387 247 1576 284 μανικώτερον
1590 248 1766 284 ἐξείργασται
1783 250 1843 279 νῦν.

1057 295 1112 322 Καὶ
1130 295 1250 329 Χριστὸς
1264 294 1410 321 καθεύδει·
1428 294 1475 322 καὶ
1487 295 1503 331 ἠ
1516 295 1628 330 ἁλμυρὰ
1646 296 1697 330 τῆς
1712 296 1845 329 ἀπιστίας

1057 341 1180 368 Θάλασσα
1200 341 1402 378 κεκορύφωται,
1430 341 1610 376 πανολεορίαν
1626 341 1753 369 ποιοῦσα.
1770 342 1845 370 Ἀλλ’

1056 387 1154 422 εἴησαν
1169 389 1218 415 σὺν
1233 388 1276 415 σοὶ
1290 389 1316 414 οι
1336 387 1527 423 γνησιεύοντες
1541 388 1596 415 τῶν
1612 387 1753 423 μαθητῶν,
1773 389 1845 424 Χρι-

1059 433 1121 460 στὸν
1142 434 1182 465 είς
1207 434 1368 469 ἐπιτίμησιν
1383 433 1431 460 καὶ
1451 433 1670 468 καταστόρευσιν
1683 434 1739 469 ,τῆς
1754 434 1846 460 κινδυσ

1058 479 1178 511 νεύσεως
1197 479 1388 515 διεγείροντες.
1415 479 1528 515 Οίχεταί
1547 488 1598 515 μου
1611 480 1658 507 καὶ
1680 480 1694 506 ὸ
1712 479 1760 507 τοῦ
1781 481 1848 516 σχή-

1060 533 1145 560 ματος
1171 525 1321 561 ἁνάδοχος,
1357 525 1427 561 ἀνὴρ
1452 525 1564 560 ἀγαθὸς,
1591 525 1738 561 ὁμολογίας
1763 524 1848 553 ἆθλον

1058 571 1283 606 ἀπενεγκάμενος
1303 571 1333 597 ὲν
1353 570 1465 607 τοιαύτῃ
1490 571 1671 606 χαλεπωτάτῃ
1699 571 1786 607 νόσῳ·
1809 571 1848 603 ὡς

1059 616 1158 648 ἐνδεῶς
1171 616 1246 652 ἔχειν
1264 617 1312 643 καὶ
1326 617 1373 644 τοῦ
1392 617 1438 644 ἐπὶ
1457 616 1553 651 κλίνης
1571 617 1747 652 στρέφεσθαι.
1764 617 1846 652 Πῶς;

1060 662 1167 695 ἐνστὰς,
1188 663 1237 690 καὶ
1254 663 1349 699 ἀρθεὶς
1368 663 1416 691 καὶ
1438 663 1629 698 φυλακισθεὶς,
1646 661 1706 690 εἷτα.
1724 663 1772 690 καὶ
1801 664 1846 698 £5-

1059 709 1179 745 ορισῡείς
1191 718 1199 726 ·
1213 709 1262 736 καὶ
1271 709 1358 746 ταύτῃ
1372 709 1402 736 τὸ
1417 710 1566 745 μαρτύριον
1583 709 1706 741 τελέσας.
1721 710 1760 736 Οὐ
1775 718 1847 746 παρη

1060 756 1130 783 εἶδεν
1150 753 1198 783 οὖν
1219 755 1302 783 αὑτοῦ
1316 757 1418 791 Κύριος
1434 757 1498 788 τοὺς
1518 757 1720 788 ὕποτακτικοὺς
1734 757 1847 790 κόπους,

1060 803 1176 834 ὁπόσους
1188 800 1338 834 οἷσθα.κᾶν
1353 802 1426 829 ἑάλω
1447 802 1519 829 κατὰ
1531 803 1582 834 τὰς
1595 803 1733 838 ἁμαρτίας
1747 811 1799 837 μου
1819 804 1848 830 ὲν

1061 850 1118 881 τοῖς
1132 849 1319 884 Μοιχειανοίς,
1336 850 1424 884 φειδοϊ
1437 849 1484 875 τοῦ
1497 849 1633 884 σώματος,
1655 849 1685 875 οὺ
1701 848 1849 884 συναιρού-

220 900 266 920 mo
278 892 342 919 item
358 892 499 928 abreptus,
515 899 544 921 ut
557 901 601 921 res
617 881 675 929 ipsa
692 881 850 923 declaravit.
862 881 1010 931 Propterea

1065 904 1144 931 μενος
1158 881 1205 931 τῷ.
1219 895 1305 930 φρονή
1311 881 1377 930 ματι
1388 903 1395 911 ·
1416 895 1455 926 ὡς
1468 895 1498 922 τὸ
1513 881 1632 930 πρᾶγμα
1656 895 1775 922 ἐδείκνυ.
1785 881 1790 884 Π
1799 895 1849 922 Διὰ

219 941 303 972 coetui
323 947 339 968 a
364 940 418 968 Deo
440 941 603 974 subductus,
621 943 648 969 in
664 943 777 970 alteram
797 947 902 978 partem
923 944 1010 971 victo-

220 985 290 1012 riam
311 985 415 1012 vertit:
443 987 676 1020 quemadmodum
699 992 726 1016 et
748 988 914 1021 tlediciotes,
928 993 1011 1023 atque

220 1031 289 1059 adeo
315 1030 442 1059 Nicaenus
465 1039 597 1067 quoque;
627 1039 656 1060 ut
682 1033 782 1061 litteris
809 1034 877 1068 ipsis
896 1035 1011 1062 edoctus

219 1086 292 1107 sum.
312 1077 346 1106 Et
358 1079 421 1114 quid
436 1079 509 1106 hunc
523 1083 570 1106 aut
591 1078 668 1106 illum
683 1078 766 1106 dico?
782 1079 847 1106 Mihi
860 1079 932 1106 enim
948 1086 1012 1114 per—

220 1126 334 1157 suadeo,
344 1126 384 1153 sic
397 1126 508 1152 all‘eotos
521 1133 582 1152 esse
595 1133 692 1156 omnes
700 1125 746 1159 qui
759 1125 928 1153 restiterunt.
939 1125 1011 1158 Quin

219 1177 249 1200 ot
265 1172 323 1207 ipSe
336 1179 418 1200 verus
432 1171 587 1206 patriarcha
600 1176 694 1199 noster
706 1172 849 1200 veritatem
859 1174 1010 1208 profitetur,

221 1223 252 1245 ut
264 1225 297 1245 ex
316 1217 378 1251 ejus
402 1225 451 1245 ore
468 1218 550 1245 didici
573 1218 620 1253 qui
643 1218 719 1245 illum
744 1219 876 1252 audierat,
897 1220 1013 1255 ejusque

221 1262 411 1290 defensionem
438 1263 578 1290 laudabat.
611 1263 674 1291 Ilzeo
703 1264 772 1296 dixi,
798 1269 856 1292 tum
868 1269 900 1292 ut
915 1264 1013 1292 defun-

221 1312 296 1335 ctum
310 1309 408 1335 merito
436 1308 586 1340 laudarem.
605 1313 662 1336 tum
679 1314 710 1336 ut
725 1310 864 1336 sanctitati
883 1314 936 1337 tua!
948 1314 1012 1337 nota

222 1354 340 1382 iacerem
352 1363 413 1389 quae
423 1354 566 1382 debebam.
585 1355 639 1383 Sed
658 1363 711 1382 non
729 1356 840 1390 ignoras
854 1356 1012 1383 intestinum

221 1401 336 1433 malum,
360 1400 502 1428 Leontium
529 1401 605 1428 illum
620 1402 755 1436 quondam
779 1407 914 1432 nostrum,
927 1402 973 1436 qui
987 1406 1014 1429 et

222 1451 303 1473 antea
338 1445 500 1474 Mterhianis
527 1447 653 1478 adhmsit,
679 1451 706 1473 et
730 1454 802 1474 nunc
824 1447 951 1482 princeps
973 1451 1015 1475 est

222 1491 476 1520 lconomacllorum.
505 1492 570 1519 Eam
596 1493 632 1520 ob
659 1501 770 1520 causam
795 1498 824 1520 et
851 1493 1013 1522 Studianum

221 1537 352 1569 obtinuit.
368 1542 395 1565 et
407 1537 572 1565 Saccudioni
595 1538 693 1571 injuste
715 1539 885 1567 dominatur.
907 1539 944 1566 Ex
960 1539 1013 1566 im-

221 1589 292 1618 puro
321 1582 389 1609 nihil
417 1591 515 1617 purum
535 1592 541 1610 :
563 1583 653 1618 qualis
675 1583 782 1618 genitor
804 1583 936 1615 carnalis,
952 1582 1049 1610 talis“

222 1633 251 1655 et
274 1628 346 1658 ﬁlius
366 1637 373 1656 :
394 1637 475 1665 quem
494 1628 567 1656 Deus
595 1633 738 1656 convertat
766 1629 869 1657 sanctis
891 1628 1017 1664 precibus

224 1674 281 1701 tuis
293 1682 302 1708 ;
316 1678 344 1701 ct
361 1682 406 1702 me
421 1679 594 1709 peccatorem
612 1674 639 1701 in
670 1675 767 1701 timore
791 1682 843 1702 suo
862 1674 1016 1701 conﬁrmet.

224 1720 320 1747 Saluto
347 1727 395 1748 eos
415 1722 461 1755 qui
489 1720 650 1748 reverentia:
676 1724 730 1747 tuae
753 1720 933 1748 famulantur.
963 1720 1016 1753 Qui

223 1772 332 1795 mecum
347 1770 401 1799 est,
422 1769 452 1794 ut
466 1765 588 1795 famulus
609 1771 635 1794 te
650 1771 809 1795 veneratur.

420 1909 528 1939 XXXII.
544 1926 580 1932 ——
596 1910 728 1938 Thalelwo
748 1910 815 1945 ﬁlio.

1060 941 1141 968 τοῦτο
1150 942 1202 968 ὑπὸ
1215 941 1283 968 Θεοῦ
1299 942 1347 968 καὶ
1359 942 1454 977 ραγεὶς
1462 942 1511 976 τῆς
1521 941 1688 976 συμμορίας,
1698 941 1850 977 ἑτεραλκέα

1060 988 1110 1022 τὴν
1124 987 1204 1021 νίκην
1218 987 1378 1022 πεποίηται,
1389 987 1484 1022 ὥσπερ
1493 988 1541 1014 καὶ
1551 988 1565 1014 ὁ
1578 987 1755 1022 Μηδικιώτης
1765 987 1850 1014 ’ἀλλὰ

1064 1033 1116 1069 μὴν
1129 1033 1178 1060 καὶ
1195 1034 1210 1059 ὁ
1229 1033 1363 1065 Νικαίας·
1379 1033 1416 1065 ὡς
1432 1033 1595 1068 γράμμασιν
1620 1033 1713 1064 αὐτοῖς
1731 1032 1851 1059 ἐπιστώ-

1063 1079 1123 1114 θην.
1139 1079 1195 1106 Καὶ
1208 1079 1234 1105 τί
1254 1079 1328 1114 λέγω
1340 1078 1436 1105 τοῦτον
1455 1079 1597 1111 κάκεῖνονς
1615 1078 1669 1105 Καὶ
1683 1078 1737 1113 γὰρ
1754 1078 1851 1104 πείθο-

1064 1133 1113 1160 μαι
1126 1125 1172 1151 καὶ
1183 1124 1298 1151 ἕκαστον
1306 1124 1362 1151 τῶν
1375 1124 1560 1160 ἐνισταμένων
1570 1123 1656 1155 οὕτως
1666 1123 1748 1159 ἔχειν.
1770 1123 1852 1150 ’Δλλὰ

1062 1171 1118 1205 γὰρ
1132 1170 1180 1197 καὶ
1196 1170 1277 1202 αὐτὸς
1294 1171 1308 1197 ὁ
1324 1169 1451 1205 ἀληθινὸς
1467 1169 1548 1206 ἡμῶν
1563 1170 1738 1205 πατριάρχης
1753 1169 1852 1205 ὁμολο-

1063 1217 1119 1251 γῶν
1135 1217 1192 1243 ἐστι
1204 1217 1253 1252 τὴν
1267 1216 1398 1252 ἀλήθειαν
1408 1225 1416 1231 ·
1431 1215 1469 1248 ὡς
1488 1215 1589 1251 ἔμαθον
1606 1217 1639 1243 ἐκ
1653 1217 1789 1250 στόματος
1802 1215 1852 1243 τοῦ

1063 1262 1129 1298 παρ’
1154 1262 1237 1288 αὐτοῦ
1259 1262 1420 1296 ἀκηκοότος,
1446 1262 1494 1289 καὶ
1516 1261 1693 1294 ἐπαινοῦντος
1714 1262 1763 1298 τὴν
1789 1263 1853 1289 τότε

1064 1306 1204 1334 ἔνστασιν.
1221 1308 1328 1343 Εἰρηκα
1343 1307 1439 1341 ταῦτα,
1453 1307 1522 1342 ὁμοῦ
1538 1307 1588 1343 μὲν
1600 1307 1646 1335 τὸν
1657 1308 1853 1343 ὲκδημήσαντα

1064 1354 1178 1385 εἰκότως
1200 1353 1362 1388 ἁποτιμῶν·
1394 1353 1463 1388 ὁμοῦ
1486 1353 1515 1380 δὲ
1535 1354 1584 1380 καὶ
1600 1355 1634 1389 τῇ
1664 1355 1698 1389 σῇ
1730 1353 1853 1389 ὁσιότητι

1064 1399 1194 1434 γνώριμα
1208 1399 1345 1426 καθιστῶν
1359 1398 1394 1425 τὰ
1417 1398 1591 1435 ὀφειλόμεῖρα.
1613 1399 1684 1426 Ἀλλ’
1708 1397 1784 1431 οῑδας
1810 1400 1854 1426 ὅτι

1064 1446 1094 1472 τὸ
1109 1446 1254 1480 ὲγκόλπιον
1278 1445 1364 1472 κακὸν
1388 1445 1526 1478 Λεόντιος,
1541 1446 1555 1473 ὁ
1568 1445 1634 1473 ποτὲ
1653 1445 1801 1481 ἡμέτερος,
1815 1446 1855 1478 ὡς

1066 1489 1229 1525 συναπήχθη
1257 1491 1315 1521 τοῖς
1343 1491 1516 1525 Μοιχειανοῖς
1548 1491 1693 1526 πρότερον,
1730 1491 1780 1517 καὶ
1806 1490 1854 1517 νῦν

1066 1536 1223 1571 προστάτης
1250 1536 1305 1562 τῶν
1331 1535 1535 1571 Εἰκονομάχων.
1563 1535 1613 1562 Διὰ
1637 1535 1717 1562 τοῦτο
1742 1536 1790 1563 καὶ
1820 1535 1855 1563 τὰ

1065 1582 1189 1610 Στουδίου
1207 1582 1365 1617 παρὲλαὸεο
1390 1582 1439 1608 καὶ
1454 1581 1502 1608 τοῦ
1519 1581 1722 1614 Σακκουδίωνος
1744 1581 1855 1617 ἀνόμως

1064 1629 1155 1663 ἄρχει.
1175 1628 1221 1662 Ἐξ
1236 1628 1395 1663 ἀκαθάρτου
1408 1628 1487 1655 οὐδὲν
1505 1627 1625 1664 καθαρόν
1636 1636 1643 1644 ·
1659 1625 1715 1661 οἶος
1733 1629 1748 1655 ὁ
1766 1628 1855 1663 φύσας

1065 1673 1137 1701 κατὰ
1165 1674 1265 1707 σάρκα,
1295 1672 1417 1700 τοιοῦτον
1441 1673 1473 1709 δὴ
1505 1674 1552 1701 καὶ
1577 1674 1608 1701 τὺ
1624 1674 1749 1710 γέννημα
1766 1682 1774 1690 ·
1794 1674 1824 1702 ὃν
1840 1675 1856 1701 ό

1067 1719 1134 1750 Θεὸς
1159 1718 1373 1754 μεταστρέψειεν
1390 1719 1485 1754 εὐχαῖς
1506 1728 1554 1746 σου
1571 1719 1678 1753 ἁγίαις·
1694 1720 1767 1755 κάμὲ
1790 1728 1856 1755 ατη..

1068 1765 1152 1801 ρίξειε
1169 1765 1214 1792 τὸν
1231 1765 1395 1800 ἁμαρτωλὸν
1418 1766 1459 1797 είς
1474 1765 1556 1800 φόϐον
1572 1765 1665 1793 αὑτοῦ.
1686 1765 1757 1797 Τοὺς
1770 1765 1855 1800 ἠξιω-

1068 1811 1164 1846 μένους
1184 1811 1381 1847 ὑπηρετεῖσθαι
1396 1812 1430 1847 τῇ
1446 1811 1586 1847 τιμιότητί
1605 1820 1653 1839 σου
1667 1812 1856 1848 προσφθέγγο·

1067 1866 1126 1893 μαι.
1141 1859 1171 1885 ‘0
1188 1858 1235 1885 σὺν
1251 1858 1312 1892 ἐμοί
1328 1866 1358 1884 σε
1371 1858 1505 1890 δουλικῶς
1517 1859 1677 1893 προσκυνεῖ.
1799 1869 1802 1871 λ

1216 1914 1278 1942 AB‘.
1297 1929 1333 1934 —
1348 1915 1501 1947 Θαλελαιῳ
1518 1915 1622 1949 τέκνῳ.
1633 1914 1724 1953 [σεθ’.]

285 1960 324 1986 De
341 1957 500 1991 presbytero,
517 1957 571 1990 qui,
586 1965 642 1984 cum
659 1959 812 1984 orthodoxus
829 1960 907 1990 esset,
927 1962 1006 1990 metu,
1019 1966 1074 1985 cum
1091 1960 1216 1986 haereticis
1227 1961 1310 1987 cibum
1326 1961 1450 1986 sumebat.
1465 1961 1567 1993 (Baron.
1577 1968 1616 1987 an.
1628 1962 1683 1992 818,
1694 1968 1720 1987 ιι.
1732 1962 1786 1993 20.)

259 2000 345 2029 Recte
370 2001 461 2035 egisti,
489 2001 537 2036 qui
551 2001 584 2028 ad
610 2009 654 2028 me
679 2002 832 2037 scripseris,
853 2002 951 2030 dilecte
967 2002 1016 2030 (ili.

225 2048 282 2077 lloc
296 2047 356 2082 ipso
367 2047 441 2075 enim
457 2051 514 2074 tum
537 2047 630 2080 tidem,
648 2053 706 2075 tum
718 2055 839 2075 amorem
857 2053 935 2075 tuum
953 2057 1018 2084 pro-

225 2093 329 2121 didisti.
346 2092 399 2120 Sed
416 2092 481 2128 quid
497 2092 564 2120 mihi
583 2092 678 2120 laudes
693 2093 807 2126 occinis,
826 2101 942 2128 quarum
959 2101 1019 2121 om-

226 2140 292 2168 nino
313 2147 375 2166 sum
403 2139 517 2174 expers?
536 2138 595 2166 Non
623 2148 666 2167 me
693 2145 863 2174 peccatorem
891 2141 973 2171 nosti,
987 2148 1019 2168 ac

226 2194 354 2215 sermone
370 2186 485 2213 rudem?
499 2185 552 2214 Sed
569 2185 655 2213 solers
667 2191 709 2214 est
722 2187 869 2214 admodum
886 2187 1016 2218 Charitas,

225 2233 323 2261 amicis
340 2240 387 2260 eas
403 2240 521 2268 quarum
536 2238 663 2268 expertes
671 2239 737 2261 sunt
751 2233 844 2261 laudes
854 2234 1017 2262 attribuens.

227 2279 371 2307 Laudandi
390 2279 471 2315 igitur
482 2279 573 2307 studio
596 2280 699 2310 misso.
716 2288 764 2308 ora
780 2280 871 2315 potius
882 2301 890 2314 ,
914 2280 950 2308 illi
963 2300 971 2313 ,
989 2284 1018 2307 ut

227 2325 256 2353 in
269 2325 385 2353 Domino
397 2325 584 2357 constabiliar,
593 2331 619 2353 et
630 2325 705 2353 omni
717 2326 797 2353 modo
809 2333 926 2353 servera
935 2326 1016 2353 malo.

225 2372 384 2407 tiorporalis
407 2371 554 2400 inﬁrmitas
582 2377 627 2399 tua
647 2380 709 2400 cum
735 2375 885 2408 gratiarum
911 2373 1019 2400 actione

226 2418 263 2446 sit
275 2418 346 2453 apud
361 2418 445 2445 Deum
463 2427 470 2446 :
488 2426 539 2446 nec
553 2418 588 2446 de
603 2419 686 2446 modo
697 2419 862 2446 contristare
882 2426 936 2453 quo
949 2426 1017 2446 con-

228 2463 297 2500 tigit.
323 2463 404 2492 Novit
425 2464 557 2492 Dominus
576 2472 638 2500 qua:
654 2465 754 2500 cuique
766 2465 871 2499 prosint
888 2463 1018 2491 tribuere.

227 2510 305 2538 Unde
319 2509 346 2537 id
361 2513 453 2538 tamen
468 2511 599 2538 acciderit
619 2511 724 2538 nescio.
743 2510 935 2537 Maledicentia
952 2517 1019 2537 con-

227 2561 375 2590 temnatur,
388 2564 421 2584 ac
434 2557 560 2584 celeriter
573 2561 719 2584 evanescet
735 2565 743 2583 :
758 2556 781 2583 si
795 2556 867 2583 enim
881 2557 1020 2590 timeatur,

229 2603 316 2638 magis
332 2603 547 2638 ingruet;quam
571 2603 666 2630 vincas
682 2604 799 2636 utinam,
814 2602 870 2630 Deo
888 2602 1020 2630 corrobo-

229 2653 316 2677 rante.
330 2648 493 2683 Quanquam
510 2648 635 2683 plurimae
649 2648 684 2675 ab
696 2648 730 2675 iis
743 2647 790 2682 qui
806 2653 1018 2682 perscquunlur,

228 2695 361 2723 molestiae
381 2696 516 2730 ingruunt
534 2704 541 2722 :
561 2700 588 2723 at
604 2695 727 2723 ccelestis
758 2695 945 2722 remuneratio
967 2699 1019 2723 est.

229 2739 365 2776 Siquidem
383 2740 466 2775 igitur
488 2741 673 2774 compatimur,
685 2743 709 2766 et
721 2737 1020 2773 congloriﬁcabimur".

229 2785 287 2815 Non
303 2786 375 2814 enim
393 2785 584 2814 oblectationis
599 2786 688 2821 [istuch
708 2784 757 2814 sed
772 2784 898 2820 martyrii
915 2789 1021 2819 tempus

228 2837 281 2860 est.

264 2880 285 2894 ⁸⁷
301 2879 380 2907 Buin.
398 2888 456 2913 vm,
473 2880 514 2908 l7.

1104 2003 1203 2035 Καλῶς
1221 2004 1365 2040 ἐποίησας,
1387 2004 1543 2035 ἐπιστείλας
1563 2012 1620 2039 μοι,
1635 2004 1731 2032 τέκνον
1746 2005 1856 2041 ἠγαπη-

1069 2050 1160 2085 μένον.
1175 2050 1300 2083 Ἔδειξας
1315 2051 1370 2086 γὰρ
1383 2051 1413 2077 ὲν
1424 2050 1511 2084 τούτῳ
1521 2050 1571 2086 τὴν
1583 2050 1676 2077 πίστιν
1686 2050 1733 2077 καὶ
1742 2051 1856 2086 ἀγάπην

1068 2105 1126 2124 σου.
1147 2097 1229 2124 Ἀλλὰ
1241 2097 1268 2123 τί
1281 2105 1327 2132 μοι
1346 2097 1475 2128 ἐπαίνους
1492 2096 1577 2132 ᾄδεις,
1597 2093 1635 2124 ὧν
1656 2097 1765 2132 ἁμοιρῶ
1784 2097 1856 2124 κατὰ

1067 2143 1172 2176 πάντα;
1188 2143 1245 2170 Οὐκ
1263 2140 1338 2174 οἶδας
1356 2143 1397 2169 ὅτι
1413 2142 1578 2178 ἁμαρτωλὸς
1602 2141 1658 2177 ἐγὼ
1682 2142 1730 2169 καὶ
1747 2142 1857 2178 ἰδιώτης

1034 2205 1055 2232 D
1068 2188 1108 2223 τῷ
1127 2189 1217 2223 λόγῳ;
1236 2189 1307 2215 Ἀλλ’
1321 2190 1338 2223 ἡ
1354 2188 1449 2222 ἀγάπη
1461 2188 1670 2221 κλεπτίστατος,
1684 2189 1719 2215 τὰ
1735 2189 1775 2224 μὴ
1790 2189 1857 2215 όντα

1069 2235 1126 2265 τοῖς
1142 2234 1305 2270 ἀγεράστοις
1327 2233 1404 2270 παρὰ
1418 2233 1472 2260 τῶν
1485 2233 1633 2268 φιλούντων
1648 2234 1857 2269 προσάπτουσα.

1077 2280 1225 2315 Ἀφέμενος
1249 2278 1297 2307 οὖν
1320 2279 1368 2306 τοῦ
1391 2281 1532 2313 ἐπαινεῖν,
1557 2279 1710 2315 προσεύχου
1738 2280 1856 2314 μᾶλλον,

1068 2327 1174 2358 τέκνον,
1194 2325 1370 2361 στηρίζεσθαι
1391 2334 1425 2359 με
1439 2327 1468 2352 ὲν
1487 2324 1593 2361 Κυρίῳ,
1611 2325 1660 2351 καὶ
1674 2325 1811 2357 σώζεσθαι
1829 2327 1859 2352 ἐν

1069 2372 1152 2400 παντὶ
1179 2372 1272 2407 τρόπῳ
1290 2371 1345 2398 ἀπὸ
1369 2371 1416 2398 τοῦ
1439 2371 1573 2407 Πονηροῦ.
1600 2371 1630 2398 Ἢ
1645 2372 1792 2408 σωματική
1809 2380 1858 2399 σου

1069 2418 1197 2445 ἀσθένεια
1207 2419 1235 2444 ὲν
1249 2417 1411 2453 εὐχαριστίᾳ
1422 2418 1466 2452 εἴη
1478 2417 1547 2452 πρὸς
1561 2417 1628 2444 Θεόν
1638 2424 1646 2432 ·
1661 2417 1708 2444 καὶ
1718 2417 1756 2452 μὴ
1770 2417 1859 2444 λυποῦ

1067 2465 1114 2491 τὸν
1129 2465 1231 2499 τρόπον
1246 2463 1276 2496 ἐξ
1291 2461 1321 2491 οῦ
1331 2461 1426 2498 ἦλθεν.
1445 2461 1506 2490 Οἵδε
1518 2463 1623 2498 Κύριος
1638 2463 1673 2489 τὰ
1683 2463 1860 2498 συμφέροντα

1068 2510 1176 2546 ἑκάστῳ
1206 2510 1327 2537 τιθέναι·
1353 2510 1426 2546 πλὴν
1448 2509 1540 2544 ἀγνοῶ
1565 2509 1628 2536 ὅθεν
1654 2518 1695 2536 σοι
1718 2507 1798 2546 ἧκεν.
1827 2509 1860 2535 'ﬂ

1070 2556 1234 2592 βλασφημία
1250 2555 1476 2591 καταφρονείσθω
1487 2563 1494 2570 ·
1517 2555 1566 2582 καὶ
1587 2555 1730 2590 οἰχήσεται
1744 2555 1859 2581 θᾶττον·

1070 2602 1193 2636 φοϐοῦσα
1210 2601 1239 2628 δὲ
1252 2602 1353 2636 μᾶλλον
1367 2601 1559 2637 παραγίνεται.
1577 2597 1630 2632 Ἦς
1647 2599 1779 2635 ρυσθείης
1789 2598 1862 2626 Θεοῦ

1074 2648 1236 2684 ἐπιῤῥώσει.
1261 2649 1293 2675 El
1317 2648 1364 2674 καὶ
1393 2647 1580 2682 καταπόνησις
1597 2647 1683 2683 πολλὴ
1708 2646 1786 2683 παρά
1806 2645 1864 2672 τῶν

1072 2695 1213 2722 διωκτῶν·
1240 2694 1308 2721 ἀλλὰ
1322 2694 1353 2720 τὺ
1376 2693 1505 2730 βραϐεῖον
1535 2693 1670 2729 οὐράνιον.
1697 2693 1793 2726 Εἴπερ
1815 2690 1864 2719 οὖν

1073 2741 1306 2776 συιιπὰσχομεν,
1323 2741 1397 2777 [ἵνα]
1409 2741 1457 2768 καὶ
1472 2739 1740 2774 συνδοξασθῶμεν.
1753 2739 1792 2767 οὐ
1807 2738 1864 2777 γὰρ

1074 2786 1222 2819 εὐπαθείας
1236 2787 1252 2813 ὸ
1273 2785 1379 2822 καιρὸς,
1393 2785 1462 2813 ἀλλὰ
1477 2785 1639 2822 μαρτυρίου.
