1923 3078
84 123 151 156 1205

680 120 952 153 EPISTOLABUM
977 121 1052 151 LIB.
1069 122 1111 152 II.

1638 120 1704 153 1206

115 181 151 209 Τδ
169 179 319 217 πρόϐλημα
334 179 399 214 περὶ
423 178 471 206 τοῦ
485 177 672 214 πρεσϐυτέρου
692 177 740 205 τοῦ
756 177 865 213 ὁρθοδο-

946 177 1066 210 Quaestio
1080 177 1114 205 de
1127 177 1300 213 presbytero,
1315 178 1359 213 qui
1373 186 1435 205 cum
1458 177 1630 205 orthodoxus
1649 185 1695 204 cre

83 227 136 261 ξεῖν
161 226 321 258 δοκοῦντος,
350 224 536 256 συνεσθίοντας
571 224 599 250 δὲ
623 223 765 258 ὲπισκόπῳ
790 223 864 249 καθὰ

82 275 194 310 εῐρηκας
204 281 210 288 ·
223 273 248 299 εἰ
257 272 307 308 μὲν
318 271 450 298 παύσοιτο
460 271 509 306 τῆς
517 270 645 306 τοιαύτης
655 269 864 302 συνεστιάσεως,
887 272 894 277 "

83 320 141 356 μετ’
154 319 295 354 ἔπιτιμίου
315 317 467 353 ἀπείρξεως
484 317 534 352 τῆς
555 316 710 352 ἱερουργίας
724 316 776 347 ἓως
794 315 866 347 τινὸς

83 366 192 403 χρόνου,
223 365 322 402 μηκέτι
340 366 379 396 είς
398 364 445 390 τὸν
457 363 539 390 αὑτὸν
558 363 666 389 δλισῢον
685 362 864 389 ὑποπίπτειν·

83 414 138 449 ἔχει
154 412 226 439 ἴασιν
246 411 294 438 τοῦ
319 411 475 446 ἱερουργεῖν
495 409 562 444 Θεῷ.
590 408 623 436 Εἰ
644 409 672 436 δὲ
687 408 865 444 ἀδιαφοροίη·

85 460 122 496 μὴ
136 459 242 493 γένοιτο
257 457 356 493 λύτρον
371 456 468 491 ἀνδρὸς
480 456 494 482 ὁ
518 456 584 487 ἴδιος
602 454 715 487 πλοῦτος
726 463 734 469 ·
749 454 796 481 τοῦ
810 462 868 488 φυ-

83 506 141 541 γεῖν
166 505 216 532 σὺν
238 504 272 539 τῇ
297 503 370 530 δόσει
396 501 445 529 καὶ
469 501 612 537 αἱρετικῆς
639 501 794 532 κοινωνίας,
820 499 868 526 καὶ

84 550 300 588 άμαρ[τη]τικῆς
310 549 394 583 ἄλλης
408 546 545 583 πράξεως·
555 547 586 573 οὐ
597 545 650 581 μὴν
666 547 699 582 τῇ
709 545 868 580 ἀνταλλαγῇ

83 598 175 626 δοῦναι
191 597 222 624 τδ
243 596 337 629 καλὸν,
360 589 409 622 καὶ
422 594 516 621 λαϐεῖν
532 593 564 620 τὺ
579 594 684 628 χεῖρον·
706 589 762 619 οἷον
776 591 869 618 δοῦναι

85 646 152 681 φῶς,
168 644 217 671 καὶ
231 643 324 669 λαϐεῖν
347 641 452 672 σκότος.
481 639 542 666 Οὐδ’
566 639 599 666 ἃν
615 639 650 665 τὰ
673 638 722 665 ὅλα
738 638 870 673 χρήματα

83 691 131 718 τοῦ
150 690 253 725 κόσμου
267 687 382 723 παρέξει
394 693 451 718 τις·
471 685 520 712 καὶ
533 683 670 711 κοινωνῶν
685 684 728 718 είη
742 684 775 719 τῇ
793 683 870 718 αἱρέ-

86 746 138 770 σει,
154 736 233 771 φίλος
253 733 322 761 Θεοῦ
348 732 521 763 καθίσταται,
544 730 603 757 ἀλλ’
628 730 737 765 ἐχθρός.
758 729 815 756 Καὶ
844 728 871 754 τί

84 784 157 817 λέγω
174 780 334 812 κοινωνίας;
350 778 411 805 Κᾶν
425 778 454 804 ὲν
471 775 609 812 βρώματι,
623 775 671 801 καὶ
694 775 808 809 πόματι,
823 773 871 799 καὶ

86 829 162 865 φιλίᾳ
193 827 351 861 συγκάτεισι
374 825 431 855 τοῖς
456 823 607 858 αἱρετικοῖς
632 820 794 851 ὑπεύθυνος.
817 818 870 845 Τοῦ

86 873 312 911 Χρυσοπόμουὴ
329 871 485 905 ἀπόφασις’
508 869 570 894 ἐπεὶ
590 867 639 894 καὶ
660 866 761 911 παντὸς
780 865 868 911 ἁγίου.

86 908 149 952 Ilii;
166 919 196 946 δὲ
209 917 347 948 ἀκούσιον,
361 915 407 942 καὶ
424 913 474 940 οὐκ
494 912 575 948 ἔργον
589 911 628 945 τῷ
644 909 769 937 δοκοῦντι
792 908 869 944 ὀρθο-

65 989 68 994 λ
87 964 208 1001 φρονεῖν,
224 959 398 989 κοινωνοῦντι
414 957 443 984 δὲ
457 957 532 992 ὅμως
548 957 582 992 τῇ
600 956 709 1001 άρέσει
730 953 872 1001 ᾋκούσιόν

87 999 172 1043 ἐστιν,
191 1009 255 1035 ὅταν
269 1006 300 1033 τὸ
315 1006 402 1040 στόμα
416 1013 460 1036 τις
474 1003 523 1030 τοῦ
537 1000 680 1038 ὁρθοδόξου
696 1000 793 1036 βιαίως
807 999 873 1026 ἁνα-

88 1057 182 1094 χάνας,
197 1054 283 1089 ἐγχέῃ
300 1052 351 1088 τὴν
365 1049 507 1086 αἰρετικῆν
516 1047 660 1094 κοινιονίαν
670 1047 760 1094 -Δόπερ
776 1045 872 1094 suoth

89 1091 138 1130 σαν
150 1100 180 1128 ὀι
192 1100 277 1127 πάλαι
295 1096 441 1133 αίρετικοὶ,
459 1096 507 1123 καὶ
522 1093 658 1125 ποιοῦσιν,
672 1092 709 1124 ὡς
723 1091 837 1128 ἔμαθον,
849 1091 873 1117 ot

87 1149 147 1177 νυνὶ
170 1145 369 1183 Χριστομάχοι.
388 1143 425 1169 To
454 1142 483 1169 δὲ
512 1140 558 1175 ἀφ’
585 1138 683 1167 ἑαυτοῦ
716 1138 872 1174 μετασχεῖν,

89 1194 225 1222 ἑκούσιον.
242 1191 273 1218 Ei
285 1191 313 1218 δὲ
327 1190 367 1217 ὅτι
379 1189 450 1216 δέει·
468 1187 548 1214 τοῦτο
558 1186 613 1221 γάρ
627 1186 684 1212 ἐστι
695 1185 726 1211 τὸ
741 1183 876 1219 ζητούμε-

88 1249 134 1268 νον
144 1248 151 1255 ·
167 1238 229 1265 οὐδὲ
244 1236 332 1267 οὕτως
346 1234 403 1267 ἕξει
425 1231 586 1266 ἀπολογίαν.
604 1230 652 1264 Μὴ
665 1229 807 1264 φοΰεῒσθε
820 1229 875 1264 γὰρ

89 1286 148 1314 ἀπὸ
156 1284 217 1311 τῶν
224 1282 454 1311 ἀποκτεινόντων
466 1277 500 1305 τὸ
515 1276 612 1312 σῶμα,
620 1275 688 1303 ἀλλὰ
695 1275 774 1307 Θεὸν,
787 1275 834 1302 τὸν
846 1275 877 1301 τὸ

91 1331 298 1368 συναμφότερον
308 1328 407 1363 γεέννῃ
417 1325 528 1353 αίωνίου
543 1332 579 1350 πυ
584 1323 630 1359 pb;
642 1322 875 1368 παραπέμποντα,

94 1377 260 1412 ’Δκοὺομεν;
281 1372 402 1408 ’Λληθῶς
415 1373 429 1399 ὁ
449 1371 552 1405 κόσμος
569 1369 629 1400 ὅλος
644 1369 709 1403 μιᾶς
725 1367 813 1402 ψυχῆς
828 1367 877 1393 οὑκ

90 1426 163 1453 ἔστιν
188 1422 324 1454 ἀντάξιος,
345 1421 395 1455 τῆς
413 1416 600 1453 φυλαττούσης
623 1416 722 1449 ἑαυτὴν
743 1415 877 1449 ἀμέτοχον

89 1472 137 1499 καὶ
162 1469 305 1506 αἱρετικῆς
321 1465 466 1496 κοινωνίας
486 1463 533 1490 καὶ
549 1461 651 1493 παντὸς
674 1460 772 1487 κακοῦ.
795 1461 827 1486 Oi
851 1460 879 1486 δὲ

91 1516 256 1554 ἀμςιοτέρων
265 1513 385 1549 μέτοχοι,
401 1510 628 1547 χόρτῳὶσότιμοι,
640 1508 739 1542 ξύλοις,
754 1508 877 1543 καλάμῃ.

93 1565 128 1591 ’Δ
141 1560 328 1590 κατακαύσειε
348 1559 379 1586 τὸ
394 1555 589 1592 δοκιμαστικὺν
606 1554 663 1590 πῦρ
678 1555 728 1589 τῆς
742 1553 893 1593 κρίσεωςχ

89 1609 154 1640 τοὺς
172 1607 195 1634 δ’
212 1605 304 1634 αὐτῶν
319 1605 479 1639 πράκτορας
508 1601 685 1636 συντηρήσειν
701 1599 796 1632 ἀῖδίως
813 1598 879 1634 φλο·

89 1653 264 1691 γιζομένους,
277 1651 325 1678 καὶ
341 1650 379 1686 μὴ
396 1647 611 1685 χωνευομένους.

91 1700 222 1736 stipulae:
245 1705 307 1733 quae
320 1696 430 1732 quidem
451 1695 610 1730 explorator
625 1694 697 1729 ignis
723 1693 821 1728 judicii
856 1697 990 1724 cremabit

888 805 908 832 Β

917 222 1048 255 deretur;
1087 230 1149 250 cum
1175 223 1314 258 episcopo,
1343 223 1574 258 quemadmodum
1603 223 1708 252 dixisti.

917 276 972 295 uua
992 269 1083 296 cibum
1099 269 1191 304 capit;
1208 269 1231 297 si
1252 269 1361 304 quidem
1377 269 1413 296 ita
1429 269 1568 296 convivari
1586 269 1708 300 desierit,

919 315 1044 350 imposita
1054 324 1146 350 poena,
1157 316 1300 344 abstcntus
1310 321 1339 343 ut
1349 316 1385 343 sit
1398 316 1433 343 ah
1449 325 1478 343 re
1493 324 1570 344 sacra
1585 316 1710 344 obeunda

919 370 1006 397 usque
1029 363 1062 390 ad
1081 368 1185 390 certum
1205 367 1322 398 tempus,
1343 371 1377 390 ne
1393 363 1507 398 posthac
1534 363 1616 390 simili
1632 363 1709 397 lapsu

918 408 1040 436 oiTendat
1067 418 1074 436 :
1095 409 1187 437 sanari
1221 413 1319 443 potest,
1345 413 1375 436 ut
1398 408 1485 437 sacris
1507 413 1647 443 operetur.
1664 407 1711 435 Sin

919 455 943 483 is
959 455 1156 490 parvipendat;
1181 463 1216 483 ne
1242 456 1298 483 sint
1327 455 1431 482 homini
1452 455 1571 490 propriae
1585 462 1651 489 opes
1664 462 1714 489 pro

919 501 1114 535 redemptionis
1126 501 1222 536 pretio.
1240 501 1376 537 Fugienda
1389 502 1461 528 enim
1485 508 1547 528 cum
1562 500 1711 527 donatione

920 547 1078 574 communio
1105 546 1243 579 haeretica,
1258 551 1287 574 et
1311 546 1385 574 aliud
1408 547 1524 582 quodvis
1539 545 1629 573 scelus
1644 555 1652 573 ι
1665 552 1715 572 nec

921 593 961 621 sic
986 593 1153 620 instituenda
1182 594 1373 627 commutatio,
1407 599 1436 620 ut
1464 593 1538 628 quod
1555 593 1659 620 bonum
1674 596 1715 619 est

921 638 1010 671 detur,
1040 638 1192 673 accipiatur
1222 639 1295 674 quod
1322 639 1467 667 deterius:
1496 639 1653 674 cujusmodi
1673 645 1715 665 εει

922 685 1009 712 lucem
1027 685 1179 720 impertiri,
1206 693 1238 713 ac
1259 686 1387 713 tenebras
1412 686 1524 714 referre.
1543 685 1598 713 Nec
1613 685 1636 713 si
1654 685 1715 720 quis

922 731 1065 758 universas
1093 731 1189 758 mundi
1213 731 1324 759 divitias
1348 731 1456 763 oll‘erat,
1474 731 1716 765 communicetque

923 776 1030 808 haeresi,
1058 777 1164 804 amicus
1189 777 1235 804 Dei
1254 778 1420 809 censebitur,
1444 778 1490 805 scd
1506 777 1605 805 hostis.
1621 777 1715 810 Quan—

925 830 1008 857 quam
1021 822 1088 857 quid
1100 823 1321 850 communionem
1338 823 1422 851 dico?
1443 823 1489 851 Vel
1506 824 1527 850 si
1546 823 1574 850 in
1592 823 1654 850 cibo
1668 831 1714 857 po-

926 872 1022 903 tuque,
1037 874 1064 896 et
1078 869 1200 896 amicitia
1211 876 1274 896 cum
1289 869 1425 897 haereticis
1436 869 1640 904 congrediatur,
1654 876 1717 895 rcus

925 920 977 942 est.
995 915 1058 942 llaec
1075 915 1275 951 Chrysostomi,
1292 916 1347 943 imo
1362 921 1389 943 et
1406 916 1528 950 cujusvis
1540 916 1639 948 sancti,
1656 922 1718 942 ora-

926 960 965 988 tio
978 965 1029 987 est.
1045 959 1188 993 Quomodo
1202 968 1265 988 vero
1279 961 1305 987 id
1322 965 1417 988 contra
1433 960 1601 988 voluntatem
1618 967 1650 987 ac
1664 967 1717 986 non

926 1011 1023 1042 sponte
1040 1006 1080 1040 ﬁt,
1096 1015 1157 1034 cum
1177 1007 1239 1042 quis
1263 1007 1435 1035 ortliodoxus
1461 1007 1572 1042 quidem
1592 1006 1717 1036 videtur.

927 1053 1023 1081 haeresi
1039 1057 1130 1080 tamen
1152 1053 1262 1081 interim
1278 1053 1485 1081 communicat?
1503 1053 1605 1080 Contra
1621 1052 1719 1079 volun-

929 1104 1011 1126 tatem
1025 1103 1077 1131 cst,
1093 1099 1117 1126 si
1136 1099 1197 1135 quis
1222 1099 1367 1126 orthodoxi
1392 1107 1424 1126 os
1440 1107 1489 1134 per
1512 1099 1568 1126 vim
1583 1098 1720 1132 aperiens,

928 1144 1084 1172 hareticam
1102 1145 1326 1172 communionem
1345 1144 1492 1172 infundat:
1512 1144 1538 1171 id
1559 1143 1632 1179 quod
1648 1143 1720 1170 feces

928 1193 993 1216 runt
1004 1189 1067 1215 olim
1082 1189 1211 1222 haeretici,
1233 1194 1260 1216 et
1275 1189 1390 1220 faciunt.
1406 1196 1435 1217 ιιι
1451 1189 1545 1221 didici,
1563 1188 1644 1223 hujus
1659 1194 1722 1216 arta-

929 1235 964 1262 tis
988 1234 1202 1262 Christomachi.
1223 1235 1291 1262 Cum
1309 1235 1370 1270 quis
1391 1240 1481 1262 autem
1498 1243 1512 1261 a
1525 1235 1616 1270 seipso
1637 1235 1721 1269 parti-

930 1289 993 1316 ceps
1007 1281 1047 1313 ﬁt,
1077 1281 1103 1308 id
1124 1285 1222 1316 sponte
1246 1281 1287 1308 ﬁt.
1307 1281 1355 1308 Sin
1369 1286 1459 1309 autem
1477 1281 1607 1316 quoniam
1627 1282 1722 1312 timet;

930 1327 982 1355 hoc
999 1327 1071 1355 enim
1087 1332 1128 1355 est
1143 1329 1214 1362 quod
1230 1329 1378 1364 quaeritur;
1398 1336 1449 1356 nec
1465 1328 1505 1356 sic
1519 1328 1630 1356 habebit
1643 1335 1722 1355 excu-

931 1374 1078 1402 sationem.
1101 1374 1192 1402 Nolite
1208 1376 1281 1403 enim
1298 1376 1388 1402 timere
1401 1384 1444 1402 eos
1458 1376 1503 1410 qui
1530 1376 1652 1402 occidunt
1664 1383 1723 1401 cor-

931 1429 981 1456 pus
992 1422 1015 1437 ⁸⁸
1029 1431 1036 1456 ;
1054 1422 1102 1449 sed
1119 1423 1214 1457 Deum,
1235 1424 1282 1458 qui
1310 1428 1456 1458 utrumque
1470 1427 1561 1458 potest
1580 1423 1606 1450 in
1622 1422 1724 1458 gehen-

932 1475 996 1495 nam
1027 1468 1186 1502 sempiterni
1204 1470 1274 1504 ignis
1301 1467 1459 1495 amandare.
1475 1467 1608 1494 Audimus
1624 1467 1635 1493 ?
1655 1466 1724 1493 Vere

931 1514 1050 1541 mundus
1065 1518 1139 1542 totus
1154 1521 1208 1541 non
1223 1519 1266 1542 est
1277 1522 1338 1542 cum
1355 1514 1446 1540 anima
1464 1520 1517 1539 uua
1529 1511 1722 1545 conferendus,

929 1566 990 1594 quae
1005 1560 1124 1594 seipsam
1152 1564 1209 1587 tum
1229 1560 1262 1588 ab
1286 1560 1412 1588 hmretica
1441 1560 1649 1591 communione,
1665 1565 1722 1587 tum

929 1605 963 1631 ab
993 1605 1068 1633 omni
1093 1606 1166 1633 malo
1198 1613 1286 1634 servat
1312 1607 1475 1633 immunem.
1503 1605 1556 1639 Qui
1580 1613 1646 1633 vero
1662 1610 1726 1632 sunt

930 1651 1073 1686 utriusque
1100 1653 1266 1688 participes,
1296 1652 1360 1680 feuo
1386 1652 1490 1680 similes
1533 1657 1608 1685 sunt,
1640 1652 1725 1687 ligno,

1027 1706 1034 1724 :
1064 1705 1159 1726 eorum
1186 1704 1277 1727 autem
1313 1703 1439 1729 auctores
1465 1699 1491 1726 in
1527 1698 1741 1733 sempiternum‘

93 1755 182 1778 aevum
216 1744 346 1777 servabit,
371 1743 524 1771 exurendos
556 1742 638 1774 idem,
656 1749 711 1768 non
739 1748 805 1768 vero
822 1744 990 1778 purgandos.

92 1808 156 1836 Al".
177 1803 304 1839 -Πρὸς
326 1802 400 1839 εοὺς
433 1801 593 1839 γεέγεντας,
608 1799 651 1839 μῂ
682 1799 885 1839 περιγραπτὸν

319 1835 396 1865 εἶναι
410 1837 465 1863 τὸν
475 1834 612 1870 Χριστόν
631 1834 718 1871 [σπη’.

135 1886 167 1913 ὀ
196 1885 234 1920 μὴ
256 1882 446 1919 περιγραπτὸν
472 1879 544 1908 εἶναι
569 1880 695 1915 σώματος
721 1880 880 1915 χαρακτῆρι

93 1933 141 1961 τὸν
157 1930 277 1967 Χριστὸν
288 1929 375 1964 λέγων
385 1936 392 1943 ·
409 1927 498 1964 εἱρμῷ
510 1936 565 1954 τινι
580 1927 691 1958 πάντως
699 1926 818 1961 φυσικῷ,
834 1927 881 1953 καὶ

94 1977 235 2010 ἀποδείξει
260 1976 358 2011 λογικῇ
391 1974 579 2009 κεχρημένος,
610 1972 660 2008 τὴν
691 1973 757 2007 περὶ
784 1972 880 1999 τούτου

95 2026 225 2052 ἔνστασιν
241 2022 399 2057 πεποίηται,
413 2021 453 2052 εἰς
470 2020 614 2055 βεϐαίωσιν
629 2018 758 2053 ἀληθείας
773 2019 818 2045 καὶ
827 2019 883 2045 δια-

95 2073 215 2108 σάφησιν
225 2070 280 2097 τῶν
293 2069 434 2105 ἀμυήτων.

131 2117 239 2146 οὐκοῦν
255 2115 399 2152 παρελθὼν
422 2114 583 2147 διδασκέτω,
611 2114 687 2146 ὃπως
702 2114 759 2150 ἔχει
775 2114 882 2148 φύσεως

95 2165 111 2192 ὀ
126 2165 219 2198 λόγος,
234 2163 282 2190 καὶ
302 2162 344 2194 τίς
364 2162 380 2196 ἡ
403 2161 478 2188 αἰτία
505 2161 555 2195 τῆς
582 2161 731 2196 ἁγραφίας.
759 2160 819 2187 Ὀτι
845 2159 883 2194 τῷ

95 2210 159 2238 καθ’
175 2210 248 2245 ἡμᾶς
264 2208 330 2235 εῖδει
344 2209 374 2235 οὑ
392 2207 586 2243 μεμόρφωται;
603 2207 645 2234 ὅτι
667 2207 771 2238 ὀστέοις
782 2206 813 2233 τὸ
828 2205 882 2233 σῶ-

973 1801 1095 1831 XXXIII.
1113 1819 1147 1824 —-—
1162 1805 1201 1831 Ad
1217 1812 1261 1831 eos
1269 1804 1315 1837 qui
1329 1805 1420 1831 dicunt
1436 1811 1488 1830 non
1510 1802 1691 1830 circumscribi

937 1840 939 1843 ’
1254 1839 1401 1867 Christum.

966 1883 1017 1917 Qui
1045 1884 1286 1918 circumscriptum
1311 1893 1372 1913 esse
1393 1885 1517 1919 corporis
1532 1884 1620 1912 forma
1640 1883 1723 1910 Chri-

931 1935 1002 1957 stum
1023 1935 1118 1965 negat;
1136 1932 1331 1959 consocutione
1345 1931 1463 1966 quadam
1478 1931 1590 1958 omnino
1604 1930 1727 1965 physica,

930 1980 958 2002 et
969 1975 1202 2004 demonstratione
1219 1977 1318 2012 logica,
1335 1986 1412 2009 usus,
1430 1978 1501 2005 hanc
1521 1978 1554 2005 de
1578 1977 1631 2005 isto
1648 1984 1728 2011 argu-

931 2026 1022 2048 mento
1035 2021 1194 2049 instantiam
1219 2023 1333 2057 protulit
1347 2024 1379 2050 ad
1397 2023 1639 2050 conﬁrmationem
1657 2022 1728 2050 veri—

933 2068 1009 2099 tatis,
1023 2073 1050 2094 ct
1064 2073 1094 2095 ut
1105 2068 1212 2103 profani
1227 2069 1353 2096 homines
1375 2069 1513 2096 manifesti
1528 2069 1604 2096 ﬁant.

967 2114 1102 2142 Prodiens
1120 2116 1250 2150 itaqueiu
1268 2116 1400 2148 medium,
1418 2116 1514 2144 doceat
1531 2115 1610 2151 cujus
1627 2115 1663 2143 sit
1681 2122 1729 2142 na-

932 2164 1000 2188 turae
1014 2168 1115 2194 sermo,
1134 2165 1234 2196 etquae
1261 2169 1342 2190 causa
1367 2162 1412 2195 sit,
1438 2169 1488 2190 cur
1501 2161 1629 2190 Christus
1657 2161 1728 2196 pingi

931 2213 985 2233 non
995 2207 1091 2241 possit.
1107 2207 1148 2234 An
1173 2208 1247 2242 quod
1269 2216 1322 2235 non
1338 2213 1380 2236 est
1395 2209 1427 2235 ad
1456 2208 1663 2236 similitudinem
1678 2215 1728 2235 no-

96 2265 136 2294 μα
161 2255 193 2282 οὑ
224 2254 397 2289 διείληπται;
421 2253 462 2280 ὅτι
484 2252 630 2288 βλεφάροις
647 2252 695 2279 καὶ
719 2252 818 2288 ὀφρύσι
834 2252 876 2282 τὰς

938 2256 1021 2280 stram
1039 2253 1203 2281 informatus
1217 2255 1229 2281 ‘2
1246 2255 1318 2289 quod
1337 2262 1437 2289 corpus
1451 2255 1476 2282 ci
1489 2262 1543 2282 non
1558 2259 1600 2282 est
1611 2254 1729 2281 divisum

93 2302 214 2334 ὸπτικὰς
230 2300 314 2336 κόρας
330 2300 381 2327 οὐκ
396 2299 585 2335 ὲφήρμοσται;
602 2299 642 2326 ὅτι
663 2298 716 2326 ὠσὶ
739 2299 804 2330 τοὺς
826 2299 883 2325 ἐλι-

93 2349 214 2380 κοειδείς
228 2347 330 2382 πόρους
351 2346 381 2373 οὐ
396 2346 542 2372 τετόνωται
553 2353 560 2378 ;
572 2345 613 2371 ὅτι
630 2345 687 2381 ῥισὶ
696 2345 750 2372 τῶν
765 2346 886 2380 ὀσφραν-

91 2395 150 2422 τῶν
176 2393 386 2428 ἀντιλαμϐάνειν
414 2392 463 2418 οὐκ
484 2391 662 2427 ηὺθείασται;
690 2392 731 2418 ὅτι
757 2392 886 2426 παρειαῖς

93 2440 222 2477 ἡϐώσαις
250 2440 300 2466 οὐκ
317 2438 484 2474 ὲξήρτηταις
502 2439 544 2465 ὅτι
566 2438 679 2473 στόματι
697 2437 745 2465 καὶ
765 2438 883 2474 γλώττῃ.

92 2485 202 2523 χείλεσι
215 2494 248 2514 τε,
271 2486 318 2512 καὶ
345 2485 463 2517 ὀδοῦσιν,
478 2485 509 2511 οὺ
533 2484 691 2516 διείλεκται,
712 2484 838 2520 βέϐρωκέ
854 2493 884 2510 τε

92 2532 144 2558 καὶ
167 2531 312 2563 πέπωκενς
339 2530 381 2557 ὃτι
405 2528 499 2565 ὤμων,
516 2528 563 2556 καὶ
580 2528 699 2560 ὼλενῶν,
723 2529 771 2555 καὶ
784 2528 884 2563 χειρῶν

92 2576 239 2613 περιϐέσει
252 2576 283 2603 οὑ
296 2575 471 2609 διέπλασται;
487 2575 530 2603 ὅτι
546 2575 646 2610 στέρνα
664 2574 738 2609 αὐτῷ
755 2574 801 2601 καὶ
814 2575 887 2601 νῶτα

94 2624 146 2651 σὺν
161 2624 277 2658 κνημῖσι
287 2623 336 2649 καὶ
357 2622 438 2650 ποσὶν
451 2622 501 2649 οὐκ
513 2622 676 2657 ἐμπέφυκεν
687 2630 695 2655 ;
710 2621 752 2648 ὅτι
763 2621 886 2656 παράτα-

91 2678 138 2697 σιν
160 2669 293 2705 χρονικὴν
315 2669 387 2696 κατὰ
412 2668 555 2704 προκοπὴν
583 2668 633 2695 καὶ
647 2667 763 2703 αὔξησιν
778 2667 887 2702 ἡλικίας

93 2715 147 2741 οὐκ
159 2714 292 2749 εῖληιρενς
308 2714 350 2740 δτι
365 2713 473 2748 κίνησις
485 2713 560 2748 αὐτῷ
572 2713 735 2748 πορευτικὴ,
749 2714 766 2748 ἡ
785 2713 853 2745 ἅνω,
869 2714 885 2747 ἡ

93 2759 218 2793 κάτω,ὴ
238 2759 324 2793 ὲντδς,
354 2761 371 2795 ή
392 2758 480 2791 ἐκτὸς,
506 2759 524 2794 ἡ
552 2758 638 2792 δεξιὰ,
666 2759 683 2793 ἡ
710 2757 853 2794 ἀριστερὰ,
871 2759 887 2791 ἡ

95 2804 299 2841 κυκλοφορικὴ,
329 2805 360 2832 οὗ
390 2805 627 2840 συνεκπέφανται;
658 2805 698 2832 ὅτι
727 2805 822 2836 κόποις
840 2805 887 2830 καὶ

131 2862 154 2878 ⁸³
171 2861 266 2890 Matth.
283 2869 309 2895 x,
323 2861 367 2890 ‘28.

938 2298 1047 2325 ossibus
1060 2298 1072 2324 ?
1086 2299 1158 2334 quod
1177 2300 1292 2335 pupillas
1303 2300 1445 2328 oculorum
1463 2308 1516 2328 non
1534 2300 1616 2327 habet
1631 2300 1727 2335 palpe-

937 2343 994 2371 bris
1008 2344 1154 2373 instructas
1173 2353 1205 2374 ac
1217 2347 1372 2382 superciliis
1385 2347 1397 2373 ?
1411 2347 1483 2382 quod
1498 2354 1579 2374 aures
1594 2354 1649 2373 non
1661 2353 1728 2374 sunt

937 2390 1059 2418 sinuosis
1073 2397 1222 2427 compactae
1236 2393 1389 2421 meatibus?
1413 2393 1486 2428 quod
1507 2401 1560 2421 tton
1589 2397 1653 2420 sunt
1668 2398 1729 2428 apte

936 2436 1095 2470 compositae
1112 2445 1193 2466 nares
1206 2439 1238 2466 ad
1248 2438 1438 2474 percipiendos
1451 2439 1553 2467 odores
1564 2439 1575 2466 ?
1587 2439 1659 2474 quod
1673 2447 1727 2466 nou

934 2485 977 2509 est
990 2482 1202 2517 pubescentibus
1214 2484 1290 2519 genis
1302 2484 1469 2512 instructus?
1477 2484 1551 2519 quod
1560 2492 1617 2517 ore,
1628 2484 1728 2517 lingua.

935 2526 1016 2554 labiis
1031 2527 1225 2564 dentibusque,
1243 2537 1291 2557 nec
1306 2537 1399 2558 vocem
1412 2530 1533 2565 protulit,
1547 2537 1597 2557 nec
1613 2530 1729 2557 comedit

941 2577 989 2599 aut
1002 2573 1092 2601 bibit?
1106 2575 1179 2609 quod
1195 2583 1249 2603 non
1269 2581 1312 2604 est
1326 2576 1458 2606 humeris.
1476 2580 1503 2603 et
1521 2576 1604 2609 ulnis,
1624 2580 1652 2603 et
1670 2584 1730 2603 ma-

942 2617 1023 2646 nibus
1038 2619 1235 2648 circumductis
1251 2621 1437 2649 conformatus
1451 2622 1463 2648 ?
1476 2621 1548 2656 quod
1571 2628 1622 2649 nec
1636 2626 1730 2656 pectus

941 2663 966 2690 ei
987 2672 1036 2692 nec
1048 2665 1159 2693 dorsum
1171 2686 1179 2697 ,
1195 2675 1256 2695 cum
1280 2668 1407 2695 cruribus
1424 2667 1592 2702 pedibusque
1603 2687 1610 2699 ,
1629 2667 1698 2695 inest
1714 2677 1728 2694 ιι

944 2714 1042 2738 natura
1056 2712 1066 2738 ?
1080 2713 1154 2747 quod
1171 2721 1316 2749 progressu
1333 2715 1464 2749 temporis
1482 2722 1537 2741 non
1564 2719 1606 2742 est
1634 2722 1729 2749 proce-

943 2756 999 2783 rior
1012 2757 1110 2790 factus,
1130 2759 1208 2794 juxta
1226 2768 1383 2795 processum
1402 2765 1429 2788 et
1445 2762 1641 2789 incrementum
1666 2766 1731 2799 teta-

942 2803 977 2831 tis
992 2804 1003 2830 ?
1016 2806 1087 2840 quod
1106 2807 1194 2835 nullus
1217 2807 1241 2835 ci
1258 2808 1290 2835 ad
1307 2808 1443 2836 incessum
1461 2813 1562 2842 motus,
1576 2816 1670 2844 supra,
1686 2808 1731 2836 in-
