1923 3078
217 137 284 170 120'!

808 132 839 162 S.
859 129 1054 161 THEODORI
1068 128 1240 159 STUDIT/E

1763 119 1839 152 1208

213 194 266 225 l‘ra.
281 192 362 223 intra,
392 194 479 221 extra,
496 188 683 221 dextrorsum,
701 187 902 218 sinistrorsum.
916 186 944 213 in
959 179 1004 213 or-

1068 183 1195 218 ιχθηδόσι,
1210 181 1327 213 καὶτοῖς
1350 179 1439 211 ἄλλοις
1463 176 1636 212 ἀδιασλήτοις
1658 175 1785 206 πάθεσιν,
1801 176 1838 202 οὗ

212 240 292 272 bent,
307 236 493 272 deprehensus
507 235 569 263 est?
588 235 659 270 quod
677 233 816 261 laboribus
829 241 862 261 ac
874 232 1006 260 molestiis

213 284 329 319 aliisque
344 281 544 314 affectionibus,
558 289 618 316 qna:
641 280 721 315 culpa
749 283 854 310 vacant,
870 278 1006 306 obnoxius

215 339 270 359 non
293 330 368 363 fuit;
404 328 502 363 capitis
523 335 630 355 comam
655 326 780 353 nutriens
795 345 802 357 ,
833 329 860 352 et
884 325 1004 352 vestibus

215 378 374 405 universum
389 383 489 410 corpus
501 374 631 401 obvelans
646 373 658 398 ?
673 373 720 399 Sin
730 378 820 400 autem
838 372 865 398 in
877 371 1004 399 confesso

215 427 258 450 est
282 421 371 448 visum
384 420 412 447 in
423 419 466 447 his
482 427 543 454 qua:
565 418 725 453 collegimus
748 417 885 443 hominem
900 423 1004 448 verum,

216 467 296 500 cujus
308 465 367 493 ﬁeri
381 465 526 492 delineatio
539 463 624 498 possit
638 462 726 496 quoad
744 461 860 488 formam
878 467 1007 494 corpora-

218 515 270 540 lem
287 533 295 547 ,
313 519 450 546 veraxque
479 511 595 545 pictura,
615 509 674 536 sine
689 515 744 543 qua
760 514 810 534 nec
823 510 948 533 c0nstare
963 505 1007 532 ul-

216 559 273 586 lum
294 564 394 591 corpus
420 555 601 590 compositum
626 552 734 587 possit:
769 551 902 586 siquidem
932 553 1006 577 tactu

185 610 187 623 ε
217 609 246 630 et.
262 603 352 630 colore
382 601 538 629 continetur
553 609 560 626 :
579 606 640 634 quae
654 598 750 633 ingens
765 597 810 624 illa
830 597 937 623 accitas
953 599 1006 630 est,

219 648 359 683 impiaque
382 646 535 678 altercatio,
555 649 585 672 ut
600 645 752 675 Christum,
771 642 818 678 qui
848 642 926 670 nobis
941 649 1008 670 con-

191 696 193 727 i
220 693 410 722 substantialis
434 691 570 727 apparuit,
585 698 618 718 ac
633 698 681 726 per
695 689 786 716 omnia
802 688 909 720 similis,
934 688 1008 723 pingi

220 747 274 767 non
291 745 372 774 posse
385 736 553 765 contendat?
569 734 713 768 Quomodo
731 740 805 764 vero,
818 739 852 759 eo
879 737 1009 766 pereunte

220 785 292 819 quod
309 784 382 820 pingi
398 787 496 818 potest,
512 789 566 809 non
583 789 635 808 una
652 781 741 815 perire
763 786 875 806 necesse
889 782 930 806 est
962 786 1009 806 co-

1055 229 1247 256 συνουσίωταιο
1263 227 1336 263 θριξὶ
1349 226 1399 262 τὴν
1415 224 1537 260 κεφαλὴν
1552 221 1657 257 κομῶν,
1674 221 1723 248 καὶ
1737 221 1840 256 χιτῶσι

1053 275 1084 302 τὸ
1103 275 1162 302 ὅλον
1177 274 1256 308 σῶμα
1274 272 1459 307 σκεπόμενος;
1474 270 1506 296 Εἰ
1523 269 1552 295 δὲ
1567 270 1597 295 ὲν
1617 267 1724 298 τούτοις
1740 266 1842 301 ὁμολο-

1053 321 1195 356 γουμένως
1209 317 1309 350 ὦπται,
1327 315 1364 345 ὧν
1379 318 1396 353 ἡ
1414 317 1546 351 ἂθροισις,
1562 314 1705 350 ἄνθρωπος
1721 311 1840 347 ἀληθὴς,

1055 368 1100 394 καὶ
1116 363 1145 394 οὗ
1159 368 1175 402 ἡ
1195 365 1268 392 κατὰ
1288 365 1333 391 τὸν
1350 363 1507 398 σωματικὸν
1529 360 1693 396 χαρακτῆρα
1708 358 1842 390 ἑξεικόνι-

1055 421 1107 444 σις.
1122 411 1224 447 γραφὶς
1250 409 1385 445 ἀψευδής·
1401 408 1448 436 καὶ
1474 404 1508 442 ἦς
1527 407 1592 433 ἄνευ
1615 405 1676 431 οὐδὲ
1705 403 1842 438 συστῆναι

1055 459 1109 485 πᾶν
1132 457 1211 491 σῶμα
1240 455 1368 483 σύνθετον
1392 452 1448 480 οἷόν
1482 460 1530 479 τε·
1558 451 1638 487 εἴπερ
1667 451 1697 476 ὲν
1716 449 1773 484 ἁφῇ
1792 448 1843 475 καὶ

1055 503 1134 538 χροιᾷ
1150 503 1182 529 τὸ
1195 502 1333 528 τοιοῦτον·
1348 499 1391 532 τίς
1410 500 1427 534 ἡ
1455 498 1526 532 ἄγαν
1547 496 1684 530 τυφλότης
1699 494 1747 522 καὶ
1760 494 1845 525 ἄθεος

1055 548 1114 584 ἔρις
1127 567 1135 579 ,
1160 547 1205 573 τὸν
1224 547 1291 581 ἡμῖν
1311 544 1454 580 ὁμοούσιον
1481 543 1528 570 καὶ
1541 542 1634 577 ὅμοιον
1660 540 1732 568 κατὰ
1749 538 1845 566 πάντα

1057 591 1212 627 πεφηνότα,
1230 590 1371 625 ἄγραπτον
1397 587 1516 624 Χριστὸν
1531 587 1638 621 λέγειν;
1664 585 1728 617 Πῶς
1749 584 1778 610 δὲ
1794 583 1847 610 καὶ

1056 637 1102 664 τοῦ
1119 635 1246 673 γραπτοῦ
1262 634 1417 670 οἰχομένου,
1431 633 1462 660 οὐ
1475 633 1666 667 συνοιχήσεται
1683 631 1793 658 ἅπαντα
1808 628 1848 656 τὰ

1058 684 1187 718 σύ¹στοιχα
1209 681 1360 717 ἰδιώματα;
1377 681 1410 707 Ἦ
1423 680 1478 715 γὰρ
1496 679 1609 713 ἰδιότης,
1623 678 1706 712 φησὶν
1720 677 1734 703 ὸ
1747 675 1850 702 Θεολὸ-

1057 739 1115 765 γος,
1142 730 1282 764 ἀκίνητος,
1300 728 1317 764 ἢ
1335 727 1394 759 πῶς
1418 726 1494 762 μένοι
1518 725 1616 759 ἰδιότης
1630 722 1777 757 κινουμένη
1795 720 1847 748 καὶ

1059 777 1285 812 μεταπίπτουσα;
1302 774 1413 800 Είπάτω
1425 773 1439 799 ό
1452 771 1653 805 ἀντικείμενος.

221 817 318 866 gnatas
340 817 436 859 omnes
451 828 655 865 proprietates?
670 827 718 854 Est
732 826 805 853 enim
829 826 1008 853 immutabilis
1028 825 1190 860 proprietas,
1220 823 1259 850 ait
1291 820 1468 855 Theologus;
1491 823 1538 846 aut
1551 817 1688 853 quomodo
1706 817 1850 851 permanet

222 883 326 905 mutata
342 882 561 908 evanescensque
575 873 729 909 proprietas
743 872 754 898 ?
770 872 945 907 Respondeat
959 872 1144 900 adversarius.

406 931 528 960 XXXIV.
550 946 584 952 -—
607 930 759 957 Naucratio
775 929 843 964 ﬁlio.

1217 927 1278 954 AA’.
1297 924 1382 962 [TE'.]
1396 939 1430 945 —
1446 921 1621 956 Ναυκρατιῳ
1633 919 1737 953 τέκνῳ.

283 981 385 1006 (arcere
404 980 527 1004 inclusum
539 978 698 1003 cohortatur:
716 981 777 1007 tum,
789 983 845 1007 quae
862 979 889 1001 et
900 976 954 1008 ipse
966 977 989 1001 in
1006 982 1051 1000 suo
1073 980 1173 1000 carcere
1189 975 1326 1004 pateretur,
1344 970 1456 999 exponit.
1470 970 1570 1002 (Βία-οη.
1588 974 1629 992 an.
1645 966 1736 996 8|6,n.
1748 965 1786 996 8.)

277 1033 504 1070 Quidjucundius
532 1034 627 1062 audire
641 1041 691 1068 ego
710 1038 836 1069 peccator
859 1038 980 1068 poteram
999 1053 1008 1065 ν

1095 1031 1128 1057 Τί
1140 1030 1238 1057 τούτου
1252 1028 1440 1064 χαριέστερον,
1456 1026 1503 1053 τοῦ
1514 1024 1629 1052 ἀκοῦσαί
1643 1031 1675 1058 με
1689 1022 1735 1049 τὸν
1751 1021 1851 1070 ἁμαρ-

223 1090 305 1117 quam
319 1087 344 1108 te
359 1081 488 1108 dilectum
507 1081 591 1108 filium
618 1088 720 1113 meum,
738 1087 801 1107 cum
828 1079 890 1106 aliis
907 1084 1010 1114 septem

224 1127 355 1155 fratribus
371 1126 435 1157 tuis,
450 1133 560 1160 quorum
576 1125 682 1151 nomina
700 1129 761 1151 sunt
776 1124 878 1151 inlibro
895 1125 955 1151 vitae
969 1124 992 1140 ⁸³
1003 1145 1011 1156 ,

225 1182 274 1210 pro
288 1171 397 1200 Christo
409 1171 511 1205 optimo
522 1170 577 1196 Deo
589 1175 682 1197 nostro
695 1169 787 1205 ﬂagris
799 1178 899 1198 caesum
910 1169 1013 1197 fuisse?

226 1219 298 1246 Laus
308 1218 333 1245 ei
353 1217 400 1252 qui
417 1224 466 1243 vos
482 1216 588 1243 vocavit
612 1216 644 1242 ad
660 1216 862 1244 confessionem
889 1216 1013 1243 veritatis

226 1272 282 1292 sine
298 1274 305 1290 :
320 1263 380 1290 laus
397 1262 423 1289 ei
435 1262 480 1297 qui
497 1261 670 1289 honorandus
697 1263 804 1289 animas
820 1266 924 1289 vestras
953 1269 1013 1289 cor—

227 1309 376 1340 roboravit,
393 1313 422 1334 ut
432 1311 495 1334 ante
508 1306 578 1334 alios
591 1312 730 1334 certamen
753 1307 873 1334 subirent
891 1316 897 1334 :
917 1312 947 1334 ut
960 1315 1013 1334 nou

227 1353 453 1384 rel‘ormidarent,
467 1360 516 1379 nec
533 1351 691 1386 refugerent
706 1360 720 1378 a
746 1357 894 1386 conspectu
923 1351 1013 1386 impii,

229 1400 275 1428 sed
299 1398 442 1434 pulchram
474 1396 673 1424 confessionem
707 1402 823 1424 vestram
848 1397 964 1427 obirent.
990 1401 1017 1423 ct

227 1452 336 1481 propter
350 1452 410 1471 eam
421 1444 533 1471 dorsum
558 1443 716 1470 verberibus
731 1450 794 1469 cum
822 1442 933 1469 Christo
949 1450 1017 1477 pra:-

229 1493 335 1520 berent.
362 1489 419 1517 Vos
451 1490 552 1517 chorus
583 1489 652 1516 alius
677 1489 858 1516 confessionis
889 1489 1017 1516 Ecclesia:

230 1536 277 1563 Dei
300 1534 398 1569 adiecti
417 1534 500 1561 estis:
515 1542 564 1561 vos
587 1533 766 1560 fraternitatis
784 1534 811 1560 in
835 1533 943 1561 Christo
958 1533 1017 1568 glo-

231 1582 301 1608 riam
331 1580 456 1607 auxistis.
484 1580 558 1606 Beati
583 1579 705 1610 omnino,
721 1579 811 1606 dilecti
843 1579 908 1610 mei,
925 1584 953 1605 et
978 1583 1018 1606 ter

232 1627 300 1654 beati
315 1636 321 1653 :
337 1627 401 1660 quin
418 1631 445 1653 et
462 1625 532 1652 beati
548 1630 657 1652 ventres
677 1625 723 1659 qui
740 1625 767 1652 in
796 1626 882 1652 lucem
895 1633 944 1652 vos
960 1625 1018 1652 edi-

230 1674 340 1700 derunt.
357 1671 433 1705 Quod
447 1672 470 1699 si
486 1672 519 1698 de
533 1679 576 1698 me
590 1671 690 1706 aliquid
705 1672 786 1698 etiam
802 1671 946 1698 dicendum
959 1676 1018 1704 est;

232 1721 328 1749 beatus
339 1727 390 1754 ego
404 1726 513 1753 quoque
525 1717 617 1745 infelix
633 1707 669 1745 ac‘
699 1719 792 1749 miser,
809 1719 855 1753 qui
883 1723 1018 1745 tantorum

233 1766 314 1795 audio
331 1770 406 1801 pater
419 1765 548 1797 ﬁliorum,
566 1764 610 1790 Dei
625 1764 741 1790 liliorum
751 1769 777 1791 et
793 1765 929 1791 lncredum
942 1765 1021 1792 Chri-

233 1814 278 1839 sti.
295 1811 437 1845 Quodnam
470 1810 523 1837 hoc
540 1810 668 1845 gaudium
684 1811 695 1836 ἰν
718 1811 815 1837 Annon
834 1810 907 1836 omni
923 1810 1021 1844 gaudio

233 1858 421 1886 delectabilins
431 1857 442 1883 ?
453 1856 582 1889 Quaenam
595 1856 678 1890 gloria
696 1856 754 1882 brcc
764 1856 775 1881 ?
785 1856 882 1882 Annon
897 1856 1020 1883 diadema

235 1903 399 1936 ecstantium
418 1902 502 1936 gloria
532 1901 693 1934 mirabilior,
711 1901 780 1928 ferre
798 1902 925 1936 stigmata
943 1902 1022 1928 Chri-

235 1949 270 1975 sti
283 1957 289 1975 :
304 1948 426 1974 viviﬁcas
441 1947 501 1981 ejus
523 1947 674 1981 passiones,
688 1954 736 1974 ceu
747 1947 882 1974 coronas?

288 2036 334 2063 Sic
351 2035 434 2070 igitur
445 2040 535 2062 vestra
550 2043 579 2062 se
595 2035 707 2066 habent,
720 2042 781 2070 quae
795 2039 823 2062 et
838 2034 938 2062 cmlum
960 2034 1021 2061 lau-

235 2083 320 2115 davit,
337 2087 364 2109 et
384 2086 455 2109 terra
482 2081 596 2109 audivit.
620 2081 717 2108 Nostra
741 2089 806 2108 vero
829 2081 930 2108 nullius
958 2084 1023 2108 sunt

236 2128 376 2159 momenti,
394 2132 420 2154 et
438 2128 515 2162 plena
531 2127 660 2162 peccatis,
674 2127 764 2162 qualia
783 2127 910 2154 nimirum
923 2127 1022 2154 Adria-

238 2182 289 2201 nus
317 2173 400 2201 frater
413 2173 548 2200 nuntiavit
564 2181 571 2199 :
587 2173 699 2200 omnino
715 2173 786 2199 enim
807 2173 899 2200 salvus
924 2173 1020 2199 evasit.

237 2220 314 2253 Quod
339 2220 362 2247 si
377 2219 441 2254 quid
458 2219 538 2254 adjici
553 2223 678 2254 oporteat
693 2228 700 2246 :
720 2219 776 2246 haec
793 2227 903 2254 quoque
916 2219 1023 2246 indica—

239 2268 338 2294 bimus.
357 2265 642 2294 Postdilaniationem
669 2265 840 2292 incluserunt
865 2273 915 2292 nos
942 2265 1023 2292 ambo

238 2314 264 2338 in
278 2311 388 2339 sublimi
402 2311 470 2343 loco,
486 2311 598 2344 jannam
616 2311 788 2338 obstruentes
805 2315 861 2343 :ct,
872 2311 953 2338 scalis
980 2318 1023 2338 re-

238 2359 330 2390 motis,
349 2358 433 2386 additi
446 2358 733 2393 suntcircumquaque
750 2359 887 2390 custodes,
906 2365 939 2384 ne
961 2357 1023 2392 quis

239 2405 352 2440 propius
364 2404 485 2434 accedat,
500 2405 692 2438 contiugatque
717 2404 896 2430 domicilium.
914 2402 985 2435 Quin
1001 2407 1028 2429 et

239 2455 360 2478 castrum
386 2448 570 2484 ingredientes
584 2449 705 2483 singulos
733 2449 805 2476 obrii
832 2450 956 2475 custodes
977 2449 1028 2475 ob-

240 2499 360 2528 servant,
379 2502 428 2522 nec
445 2495 499 2522 alio
512 2495 646 2522 divertere
678 2496 772 2522 sinunt
795 2502 875 2529 quam
904 2495 937 2521 ad
966 2502 1029 2529 pro—

240 2542 313 2576 prias
330 2540 438 2574 domos,
456 2541 546 2576 quoad
565 2541 602 2568 illi
616 2549 726 2568 rursum
743 2541 927 2574 egrediantur.
943 2539 1030 2567 luter-

240 2588 344 2615 dictum
360 2591 402 2614 est
418 2595 522 2620 severe,
549 2595 582 2614 ne
611 2587 676 2622 quid
703 2587 781 2614 nobis
817 2586 898 2614 detur
931 2590 1029 2620 praeter

239 2641 340 2668 nquam
354 2633 442 2660 solum
457 2637 483 2660 et
497 2633 611 2667 lignum.
630 2631 668 2659 lta
682 2640 733 2660 nos
754 2632 834 2667 plane
851 2636 980 2667 tanquam
1001 2632 1028 2658 in

239 2679 366 2713 sepulcro
395 2678 530 2711 locarunt,
559 2682 589 2705 ut
615 2683 729 2705 euocent
748 2686 808 2705 nos.
838 2677 910 2705 Deus
939 2682 1028 2705 autem

242 2723 417 2758 lveuiguitatis
438 2731 495 2750 sua:
523 2723 723 2755 misericordia,
741 2731 787 2758 per
803 2730 835 2750 ea
858 2731 919 2758 qua:
934 2723 1030 2750 intuli-

241 2777 304 2798 mus
320 2769 487 2802 necessaria,
502 2773 529 2796 et
545 2770 617 2804 quod
633 2769 744 2805 insuper
760 2769 794 2796 ab
810 2777 853 2799 co,
868 2769 914 2805 qui
938 2769 1030 2798 aduto‘

287 2849 310 2864 ⁸η
334 2848 450 2883 Philipp.
470 2857 505 2880 tv,
533 2849 558 2876 5.

1043 2379 1065 2407 Ι)

1061 1076 1156 1107 τωλδν,
1165 1076 1261 1109 ὅτιπερ
1281 1075 1313 1101 σὺ
1330 1074 1345 1099 ὁ
1361 1071 1503 1107 ἀγαπητός
1518 1079 1569 1106 μου
1588 1069 1656 1101 υἱὸς,
1671 1067 1731 1103 μεθ’
1746 1066 1852 1101 ἐτέρων

1063 1121 1133 1148 ἑπτα
1144 1121 1267 1155 ἀδελφῶν
1282 1128 1341 1152 σου,
1351 1115 1396 1145 ὧν
1413 1119 1450 1144 τὰ
1461 1118 1592 1151 ὀνόματα
1605 1115 1640 1141 ὲν
1653 1114 1749 1147 βίϐλῳ
1761 1111 1852 1145 ζωῆς,

1063 1167 1250 1203 ὲμαστίχθητε
1266 1165 1336 1201 ὑπὲρ
1347 1163 1466 1199 Χριστοῦ
1480 1162 1528 1189 τοῦ
1548 1160 1653 1196 ἀγαθοῦ
1671 1160 1749 1195 ἡμῶν
1761 1157 1851 1190 Θεοῦς

1063 1212 1132 1245 Δόξα
1157 1211 1197 1247 τῷ
1222 1211 1369 1238 καλέσαντι
1393 1209 1466 1244 ὑμᾶς
1497 1207 1536 1239 εἰς
1560 1207 1610 1241 τὴν
1633 1204 1780 1240 ὁμολογίαν
1800 1203 1854 1238 τῆς

1063 1258 1194 1293 ἀληθείας
1209 1256 1292 1284 αὑτοῦ
1311 1265 1317 1270 ·
1333 1255 1397 1288 δόξα
1412 1254 1452 1290 τῷ
1474 1251 1676 1287 σταθερὼσαντι
1691 1249 1740 1281 τὰς
1756 1249 1855 1284 τιμίας

1065 1304 1141 1340 ὑμῶν
1160 1303 1249 1339 ψυχὰς
1271 1302 1326 1329 τῶν
1344 1301 1432 1329 ἄλλων
1452 1297 1680 1336 προκινδυνεῦσαι
1699 1297 1740 1328 εἰς
1763 1295 1793 1321 τὺ
1816 1295 1856 1330 μὴ

1066 1351 1178 1384 πτῆξαι,
1194 1349 1262 1385 μηδὲ
1275 1348 1454 1383 ὑποχωρῆσαι
1474 1345 1527 1373 ἀπὸ
1552 1343 1699 1380 προσώπου
1714 1342 1762 1369 τοῦ
1780 1341 1854 1369 ἀλά-

1067 1404 1162 1432 στορος
1179 1404 1185 1410 ·
1213 1394 1284 1421 ἀλλὰ
1301 1393 1352 1429 τὴν
1381 1392 1466 1427 καλὴν
1481 1390 1558 1425 ὑμῶν
1583 1387 1730 1424 ὁμολογίαν
1753 1388 1857 1422 ὁμολο-

1067 1441 1153 1476 γῆσαι
1165 1460 1172 1473 ,
1188 1440 1236 1467 καὶ
1247 1439 1292 1466 διὰ
1307 1439 1413 1472 ταύτην
1430 1438 1479 1464 σὺν
1501 1435 1612 1471 Χριστῷ
1628 1434 1718 1461 δοῦναι
1733 1434 1778 1459 τὸν
1801 1433 1857 1460 νῶ-

1067 1496 1112 1513 τον
1126 1487 1166 1518 εἰς
1184 1487 1332 1522 μάστιγας.
1355 1482 1543 1519 Προσετέθητε
1560 1480 1641 1516 χορὸς
1656 1479 1737 1510 ἄλλος
1752 1478 1857 1513 ὁμολοο

1068 1534 1132 1568 γίας
1154 1533 1188 1568 τῇ
1214 1531 1362 1566 Ἐκκλησία.
1384 1529 1432 1556 τοῦ
1449 1528 1528 1556 Θεοῦ.
1557 1527 1700 1562 “biﬁda-re
1722 1524 1752 1554 τὸ
1775 1524 1858 1555 κλέος

1069 1580 1118 1614 τῆς
1134 1579 1164 1604 ἐν
1186 1576 1297 1613 Χριστῷ
1320 1575 1511 1610 ἀδελφότητος.
1535 1573 1675 1606 Μακάριοι
1688 1570 1784 1602 ὅντως,
1802 1578 1855 1596 πο-

1071 1624 1147 1659 θητοί
1160 1622 1283 1659 μου,’καὶ
1298 1621 1505 1658 τρισμακάριοι,
1528 1619 1662 1655 μακάριαι
1687 1617 1734 1644 καὶ
1749 1617 1777 1643 αἱ
1793 1625 1856 1643 κοι-

1071 1671 1144 1702 λίαι,
1161 1669 1188 1696 αῖ
1211 1671 1251 1700 εἰς
1285 1669 1342 1704 φῶς
1371 1667 1443 1703 ὑμᾶς
1465 1667 1580 1702 ἤγαγον.
1600 1664 1672 1692 Εἱδέ
1687 1673 1713 1691 τι
1728 1663 1777 1690 καὶ
1793 1664 1861 1698 περὶ

1072 1715 1154 1751 ἐμοῦ·
1174 1715 1308 1751 μακάριος
1332 1713 1409 1747 κάγὼ
1436 1713 1450 1739 ὁ
1473 1711 1662 1746 ἀμακάριπτος
1682 1710 1730 1736 καὶ
1744 1709 1859 1741 ἄθλιον

1073 1763 1114 1790 ὅτι
1129 1761 1297 1797 τηλικούτων
1316 1759 1419 1791 ἀκούω,
1443 1758 1538 1792 Πατὴρ
1561 1757 1676 1790 τέκνων,
1695 1756 1762 1783 Θεοῦ
1780 1756 1861 1788 υἱῶν,

1073 1810 1121 1836 καὶ
1136 1808 1313 1843 κληρονόμων
1337 1804 1467 1841 Χριστοῦ.
1485 1804 1536 1835 Τις
1557 1805 1573 1838 ὴ
1589 1803 1664 1838 χαρὰ
1687 1802 1778 1838 air");
1801 1802 1863 1829 ἀλλ’

1074 1855 1134 1889 ουχὶ
1147 1854 1239 1888 πάσης
1250 1853 1337 1888 χαρᾶς
1361 1850 1555 1886 θυμηρεστὲρα
1570 1858 1578 1883 ;
1599 1849 1647 1880 Τίς
1662 1850 1678 1884 ἡ
1696 1849 1759 1882 δόξα.
1770 1848 1863 1884 αῦτη;

1074 1900 1131 1926 ἀλλ’
1145 1900 1205 1934 οὐχὶ
1232 1899 1286 1926 τῶν
1300 1898 1334 1924 τὰ
1355 1897 1510 1932 διαδήματα
1527 1895 1683 1931 φορούντων
1699 1895 1865 1928 θαυμασιω-

1074 1947 1152 1980 τέρα,
1168 1945 1305 1980 στίγματα
1333 1944 1428 1979 φέρειν
1452 1942 1498 1969 τοῦ
1514 1941 1646 1978 Χριστοῦ,
1681 1941 1716 1968 τὰ
1739 1939 1865 1972 ζωοποιὰ

1075 1991 1156 2019 αὑτοῦ
1172 1990 1261 2025 πάθη,
1277 1990 1314 2021 ὡς
1332 1989 1433 2024 στέφης

1110 2036 1203 2068 Οὕτως
1227 2035 1275 2070 μὲν
1302 2032 1348 2061 οὖν
1374 2034 1424 2064 τὰς
1447 2032 1509 2059 καθ’
1532 2033 1626 2066 ὑμᾶς’
1648 2031 1666 2059 ἃ
1681 2031 1727 2058 καὶ
1741 2031 1865 2066 οὐρανὸς

1076 2084 1173 2119 ᾔνεσε,
1197 2081 1244 2108 καὶ
1262 2081 1296 2116 γῆ
1321 2079 1482 2115 ἠκουτίσθη.
1509 2079 1549 2105 Τὰ
1573 2078 1601 2106 δὲ
1627 2078 1750 2113 ἡμέτερα
1773 2078 1866 2112 μηδα-

1077 2130 1143 2165 μινα
1157 2128 1203 2155 καὶ
1216 2127 1367 2162 ἁμαρτωλά
1380 2135 1387 2142 ·
1402 2126 1472 2161 πλὴν
1487 2125 1524 2156 ὡς
1538 2124 1705 2160 ἀπήγγειλεν
1719 2126 1732 2151 ὁ
1743 2125 1863 2158 ἀδελφὸς

1082 2175 1220 2210 Ἀδριανός
1231 2183 1238 2190 ·
1260 2174 1370 2204 πάντως
1382 2174 1437 2208 γὰρ
1458 2172 1661 2199 ἀποσέσωσται.
1678 2171 1709 2197 Et
1725 2171 1753 2197 δέ
1765 2180 1792 2197 τι
1806 2172 1865 2198 δέοι

1076 2224 1124 2249 καὶ
1146 2220 1321 2256 προσθεῖναι,
1339 2219 1424 2246 ταῦτα
1449 2218 1497 2245 καὶ¹
1524 2216 1690 2252 δηλώσομεν.
1716 2216 1795 2243 Μετὰ
1818 2217 1865 2243 τὸν

1076 2267 1180 2303 δαρμὸν
1195 2266 1320 2293 ἔκλεισαν
1339 2265 1414 2299 ἡμᾶς
1429 2264 1493 2295 τοὺς
1511 2263 1558 2290 δύο
1572 2264 1612 2294 είς
1627 2262 1757 2296 ἀνώγεων
1769 2282 1776 2293 ,
1794 2263 1866 2288 ἀνα-

1077 2313 1231 2348 φράξαντες
1257 2312 1307 2347 τὴν
1322 2310 1418 2347 θύραν,
1439 2310 1487 2336 καὶ
1511 2310 1627 2345 ἄραντες
1653 2309 1702 2344 τὴν
1719 2308 1864 2343 κλίμακα·

1079 2359 1209 2387 κυκλόθεν
1224 2358 1344 2393 φύλακες
1356 2366 1362 2372 ·
1382 2358 1418 2392 μὴ
1440 2357 1481 2387 τίς
1504 2365 1555 2382 που
1581 2355 1655 2392 θίγῃ,
1673 2355 1740 2390 μηδὲ
1755 2354 1865 2390 ἅψηται

1069 2406 1125 2438 ⁴τοῦ
1140 2404 1277 2440 δωματίου
1290 2411 1296 2419 ·
1314 2403 1382 2429 ἀλλὰ
1410 2403 1457 2429 καὶ
1479 2402 1569 2429 πάντα
1595 2401 1641 2428 τὸν
1662 2400 1863 2435 εἰσερχόμενον

1077 2453 1116 2483 εἰς
1135 2451 1165 2477 τὸ
1193 2450 1321 2485 κάστρον,
1350 2447 1577 2484 προῦπαντῶντες
1596 2447 1620 2473 οἱ
1649 2445 1781 2481 φύλακες,
1812 2446 1865 2472 οὐκ

1077 2497 1142 2523 ὲῶτῐ
1155 2505 1207 2522 που
1232 2495 1371 2530 τραπῆναι
1390 2493 1479 2528 πάρεξ
1501 2493 1549 2519 τοῦ
1567 2492 1633 2519 ἰδίου
1655 2493 1742 2523 οἴκου,
1756 2492 1812 2523 ἕως
1830 2492 1865 2518 ἂν

1077 2540 1155 2572 αὖθις
1183 2540 1215 2576 [ί.
1229 2538 1318 2575 αὖτις]
1342 2538 1457 2571 ἐξέλθοι,
1477 2537 1653 2573 Παραγγελία
1678 2537 1807 2572 κραταιὰ,
1824 2536 1864 2572 μὴ

1078 2586 1314 2620 ἐπιδοθῆναι-ἡμῖν
1339 2593 1366 2610 τι
1379 2583 1468 2619 πάρεξ
1483 2583 1578 2614 ὕδατος
1605 2583 1685 2618 μόνου
1711 2582 1758 2608 καὶ
1770 2581 1863 2614 ξύλου.

1079 2632 1173 2663 Οὕτως
1197 2631 1290 2662 ἁπλῶς
1310 2630 1419 2665 θέμενοι
1439 2629 1476 2661 ὡς
1503 2630 1532 2655 ὲν
1560 2629 1648 2664 τάφῳ,
1675 2628 1722 2654 καὶ
1746 2628 1817 2662 πρὸς
1831 2628 1864 2655 τὸ

1080 2677 1281 2712 κτεῖναιήμᾶς.
1305 2675 1334 2702 Ὀ
1353 2675 1382 2701 δὲ
1404 2674 1469 2705 Θεὸς
1486 2673 1554 2700 ἐλέει
1578 2672 1786 2707 φιλανθρωπίας
1813 2673 1864 2699 αὖε

1079 2724 1126 2750 τοῦ
1137 2731 1144 2738 ·
1164 2723 1197 2749 δι’
1213 2720 1251 2749 ὧν
1266 2721 1520 2757 προεισηνέγκαμεν
1534 2718 1632 2755 χρειῶν
1647 2727 1654 2734 ·
1669 2719 1716 2746 καὶ
1731 2718 1772 2744 ἔτι
1783 2717 1819 2745 δι’
1833 2716 1864 2748 οὗ

1081 2769 1230 2797 ἐπιδέδοται
1245 2769 1312 2803 ἡμῖν
1328 2767 1358 2793 τὸ
1381 2765 1551 2802 προσταχθὲν
1573 2766 1607 2793 δι’
1619 2765 1688 2800 ὀπῆς
1711 2764 1764 2800 τῆς
1790 2764 1866 2802 09,0!-
