1923 3078
79 143 151 176 1209

670 137 941 170 EPISTOLARUM
971 137 1045 169 LIB.
1064 137 1106 167 II.

1631 133 1699 166 1210

77 202 134 234 δης,
149 198 197 226 ἐπὶ
210 197 345 234 κλίμακος
359 196 480 228 ἀνιόντος
492 195 562 224 κατὰ
576 195 627 232 τὴν
645 196 719 231 ὤραν
739 195 863 230 ἑστώσης

924 195 949 222 is
966 197 1037 221 stata
1062 192 1132 220 liora
1148 190 1230 220 scalis
1252 190 1334 223 redit,
1350 189 1429 218 nobis
1445 189 1574 218 tribuitur
1584 189 1703 226 impera-

78 245 231 281 διατρέφει.
245 243 283 270 Οὐ
294 242 439 278 τολμῶμεν
451 242 538 277 φῆσαι
554 242 642 268 ὲκεῖνο
654 242 668 268 ὅ
683 250 749 277 φησι
765 241 865 276 Δανιὴλ

78 293 229 328 δεξάμενος
242 289 320 325 παρὰ
327 289 374 315 τοῦ
396 288 560 324 Ἀμσακοὺμ
570 288 599 314 τὸ
611 288 723 323 ἄριστον
735 293 742 301 ·
759 286 868 321 Ἐμνή-

79 339 140 372 σθη
159 337 215 372 γάρ
232 344 291 370 μου
306 336 322 361 ὀ
342 334 426 367 Θεός.
444 334 517 369 Πλὴν
530 334 571 360 ὃτι
585 330 712 369 ἐμνήσθη
725 333 773 361 καὶ
789 332 868 368 ἡμῶν

80 385 136 412 τῶν
152 381 327 419 ἁμαρτωλῶν
339 390 346 396 ·
363 381 411 408 καὶ
433 380 572 413 ἐλεεῖ,καὶ
584 381 721 416 περιέπει,
738 380 783 407 καὶ
806 379 869 406 σκέ-

80 440 138 458 πει.
153 430 228 461 Ἕως
241 429 274 456 ἂν
287 426 334 455 οὖν
348 428 481 462 πάρεστιν
501 427 575 462 ἡμᾶς
592 427 741 462 τρέφεσθαι
767 427 800 453 ἐκ
813 425 868 452 τῶν

80 478 174 505 ἔνδον·
193 476 210 512 ἢ
233 476 308 506 ὅπως
331 475 396 501 ποτὲ
425 474 484 506 ἑνὸς
504 473 558 500 τῶν
585 472 741 508 πορταρίων
760 472 867 499 οἴκοθεν

80 525 169 560 λάθρα
183 521 351 553 ἐπιδιδόντος
376 519 425 547 τοῦ
451 521 499 547 καὶ
525 519 725 555 ἑϐδομαρησίου
741 527 749 534 ·
767 518 867 554 τρέφει

81 571 167 607 ἡμᾶς,
190 569 239 596 καὶ
265 567 414 602 δοξάζομεν
436 565 481 592 τὸν
506 565 582 591 Θεόν.
600 564 813 592 ,Ἐπιλιπόντων
838 564 869 591 δὲ

81 618 136 644 τῶν
154 615 266 652 χρειῶν,
288 613 431 648 οἰκονομίᾳ
448 611 529 644 Θεοῦ,
555 610 809 646 συγκαταλείψομεν
821 610 869 637 καὶ

81 665 164 700 ἡμεῖς
174 662 225 697 τὴν
238 661 322 695 ζωὴν,
344 660 392 685 καὶ
409 659 438 684 ἐν
455 657 544 693 τούτῳ
555 657 689 693 χαίρομεν
701 665 708 673 ·
726 657 774 684 καὶ
788 656 868 684 τοῦτο

80 711 131 746 τῆς
153 707 362 745 μεγαλοδωρεᾶς
375 705 422 732 τοῦ
442 704 520 731 Θεοῦ.

121 798 179 826 Καὶ
195 797 237 828 τίς
251 796 310 831 εἰμι
324 794 380 830 ἐγὼ
393 796 407 821 ὁ
433 795 528 826 τάλας,
549 793 664 829 τοιούτῳ
675 794 769 830 τρόπῳ
783 803 869 821 κατα-

81 845 198 881 ληφθεὶς
210 843 281 877 ὑπὲρ
294 842 342 869 τοῦ
354 842 487 876 ὀνόματος
502 840 596 872 αὑτοῦ,
609 840 655 866 καὶ
669 840 737 876 ’πρὸς
749 840 779 867 τὸ
792 841 865 877 ἑξῆς,

81 893 120 924 ὡς
133 891 250 923 κελεύει,
264 889 343 924 δόξης
363 887 564 924 περισσοτέρας
576 887 623 913 τὸν
635 887 787 923 ἀγέραστον
799 895 866 914 κατ-

80 937 199 971 αξιῶσαι
227 936 276 962 σὺν
305 935 345 970 τῷ
376 932 501 968 ἀδελφῷς
524 933 678 969 Παρακαλῶ
708 931 755 960 οὖν
784 933 866 969 ὑμᾶς,

81 982 209 1016 ἀδελφοὶ,
238 979 458 1014 συναγωνίσασθέ
494 988 539 1014 μοι
567 980 597 1006 ὲν
630 980 692 1011 ταῖς
705 981 869 1015 προσευχαῖς

83 1028 163 1063 ὑμῶν
178 1026 247 1063 πρὸς
260 1025 306 1052 τὸν
321 1025 398 1058 Θεὸν,
415 1025 458 1052 ἵνα
473 1024 564 1060 ῥυσθῶ
589 1025 618 1051 ἐν
631 1026 711 1052 παντὶ
721 1026 814 1062 τρόπῳ
825 1026 870 1052 διὰ

81 1073 185 1103 παντὸς
207 1074 239 1099 ἐκ
255 1071 301 1098 τοῦ
314 1071 438 1106 Πονηροῦ
448 1079 455 1086 ·
476 1071 523 1097 καὶ
537 1071 580 1098 ἵνα
603 1071 617 1097 ὁ
642 1071 826 1107 ἐναρξάμενος
841 1073 870 1098 ἐν

82 1121 152 1155 ἡμῖν
179 1118 261 1154 ἔργον
281 1117 427 1152 ὁμολογίας
441 1116 524 1142 αὐτοῦ
549 1116 593 1143 διὰ
610 1117 752 1152 σπλάγχνα
763 1117 869 1151 οἰκτιρ-

84 1166 156 1202 μῶν,
183 1165 233 1191 οὑκ
251 1163 281 1196 ἐξ
295 1163 384 1199 ἔργων
405 1162 456 1198 μού
469 1171 550 1189 τινων
561 1171 568 1178 ⁸
586 1162 617 1189 οὺ
633 1162 688 1199 γὰρ
708 1163 826 1198 ἐποίησά
844 1172 870 1190 τι

83 1211 188 1246 ἀγαθον
202 1211 248 1237 ἐπὶ
265 1210 314 1244 τῆς
344 1209 406 1245 γῆς,
431 1209 500 1236 ἀλλὰ
524 1209 681 1236 τούναντίον
695 1218 701 1226 ·
715 1210 798 1242 αὐτὸς
823 1210 871 1237 καὶ

83 1257 270 1285 ὲπιτελέσειεν
286 1257 315 1283 ὲν
328 1255 503 1290 ἀμφοτέροις.
517 1255 602 1282 Τοῦτο
616 1256 663 1282 καὶ
685 1256 767 1291 ἡμεῖς
781 1256 806 1282 οἱ
821 1265 871 1282 τα-

85 1303 174 1330 πεινοὶ
184 1302 253 1337 πρὺς
265 1301 337 1336 ὑμᾶς
351 1303 414 1332 τοὺς
425 1301 460 1327 τὰ
471 1301 541 1328 αὐτὰ
554 1302 706 1336 πάσχοντας
720 1302 750 1328 οὐ
765 1301 872 1336 διαλιμ-

86 1350 208 1383 πάνομεν
237 1347 371 1374 αἰτεῖσθαι
392 1347 462 1382 μετὰ
486 1347 625 1382 δακρύων.
650 1347 688 1373 Οὐ
705 1347 784 1382 μόνον
807 1347 872 1378 τοὺς

84 1393 157 1421 ὀκτὼ
170 1394 220 1429 τὴν
239 1393 355 1429 ἐκλογὴν
368 1393 415 1420 τοῦ
427 1393 529 1429 Κυρίου
540 1401 547 1407 ·
563 1393 631 1420 ἀλλὰ.
646 1393 693 1419 καὶ
713 1393 758 1419 τὸν
785 1393 872 1420 ἀόὃᾶν

84 1442 199 1476 Πέτρον,
211 1441 258 1467 καὶ
272 1440 318 1467 τὸν
332 1439 413 1466 καλὸν
426 1439 540 1474 Λητόῐον
553 1447 560 1454 ο
577 1439 626 1466 καὶ
653 1439 680 1465 sl.’
706 1447 767 1466 τινα
781 1438 871 1470 ἄλλον,

84 1487 267 1523 ἀσπαζόμεθα
281 1487 311 1513 ἐν
329 1486 435 1522 Κυρίῳ.

275 1541 338 1570 AE’.
352 1556 389 1563 —
408 1541 568 1576 Ἐπιφανίῳ
586 1540 690 1573 τέκνῳ.
703 1540 782 1577 [τς¹].

917 245 973 268 tum
993 247 1040 274 per
1059 238 1179 266 foramen
1198 237 1299 270 ostioli,
1315 244 1365 264 nes
1378 241 1523 264 sustentat.
1539 236 1635 264 Dicere
1647 245 1702 265 non

917 284 1050 318 audemus
1083 283 1153 318 quod
1181 282 1276 310 Daniel
1305 281 1382 314 dixit,
1408 289 1469 309 cum
1493 284 1640 317 prandium
1668 282 1702 310 ab

916 328 1045 356 Habacuc
1075 328 1225 362 accepisset
1253 337 1260 355 :
1288 326 1451 354 Recordatus
1483 327 1551 353 enim
1581 332 1620 354 est
1650 328 1702 355 mei

916 375 986 402 Deus
997 375 1030 401 ‘°.
1045 373 1237 401 Verumtamen
1253 372 1410 400 recordatus
1425 377 1467 400 est
1478 373 1563 400 nostri
1575 373 1622 408 qui
1640 381 1703 408 pec-

917 426 1022 448 catores
1046 428 1152 454 sumus,
1174 424 1206 447 et
1234 421 1389 453 miseretur,
1403 423 1430 447 et
1445 420 1524 454 regit,
1538 425 1564 447 et
1576 421 1700 455 protegit.

917 467 1043 501 Quandiu
1063 467 1146 503 igitur
1170 467 1289 502 suppetit
1313 467 1388 494 intus
1419 467 1492 494 unde
1509 467 1614 494 alamur
1628 487 1635 500 ,
1655 473 1703 496 aut

917 521 1083 548 quocunque
1099 513 1180 540 modo
1194 513 1294 548 aliquis
1307 513 1482 541 ostiariorum
1494 513 1540 548 qui
1557 513 1704 541 hebdoma-

917 560 1011 588 darius
1027 560 1073 592 sit,
1097 560 1166 586 clam
1184 559 1314 593 elargitur
1349 559 1431 586 domo
1460 559 1568 587 allatum
1589 560 1702 592 cibum;

918 606 967 634 alit
986 614 1046 638 nos,
1059 610 1087 634 et
1099 605 1181 633 Deum
1194 605 1388 641 gloriﬁcamus.
1405 605 1598 633 Deﬁcientibus
1611 606 1702 633 autem

918 651 1092 684 necessariis,
1107 650 1154 678 Dei
1167 650 1318 685 permissu;
1338 650 1420 677 vitam
1432 658 1486 677 una
1501 658 1635 685 ponemus
1651 651 1703 685 ipsi

920 702 1002 732 atque
1018 697 1044 724 in
1062 697 1114 723 hoc
1133 696 1293 732 gaudemus,
1309 696 1389 731 idque
1410 695 1499 731 ipsum
1517 700 1559 724 est
1574 695 1622 724 Dei
1641 704 1704 724 tnu-

919 743 1060 770 niﬁcentia
1074 763 1080 770 .

971 789 1004 816 Et
1021 789 1083 824 quis
1111 795 1161 824 ego
1184 795 1244 815 sum
1260 788 1355 822 miser,
1383 788 1428 823 qui
1444 794 1494 823 pro
1522 788 1582 823 ejus
1597 788 1705 817 nomine

921 835 948 862 in
963 835 1035 862 hunc
1048 834 1160 861 modum
1174 834 1305 866 detinear,
1320 837 1348 860 ut
1362 833 1558 861 abundantiore
1570 838 1630 868 post
1646 834 1705 869 glo-

918 881 968 912 ria,
984 879 1151 913 sicutjubet,
1165 879 1356 906 inhonoratum
1385 886 1448 906 cum
1478 878 1562 906 fratre
1577 886 1705 906 remune-

918 926 983 954 ret?
1000 925 1120 953 Obsecro
1131 932 1196 960 ergo
1215 933 1273 957 vos,
1290 924 1399 957 fratres,
1414 925 1507 959 juvate
1519 933 1562 952 me
1578 925 1705 960 precibus

919 973 1016 1000 vestris
1029 973 1062 999 ad
1074 971 1170 1003 Deum,
1188 975 1217 998 ut
1233 979 1339 1006 semper
1353 978 1369 998 a
1382 971 1454 998 malo
1469 971 1567 999 liberer
1580 971 1707 1000 omnibus

920 1019 1023 1045 modis:
1035 1017 1117 1052 ctqui
1130 1016 1313 1044 confessionis
1330 1024 1386 1044 sum
1400 1024 1469 1052 opus
1483 1017 1510 1044 in
1524 1017 1602 1044 nobis
1611 1017 1706 1053 coepit,

921 1072 969 1100 per
983 1064 1087 1091 viscera
1099 1062 1298 1090 misericordia:
1315 1070 1382 1095 suae,
1393 1070 1446 1090 non
1456 1071 1487 1090 ex
1501 1063 1629 1098 operibus
1640 1063 1707 1091 meis

921 1110 1003 1142 ullis;
1020 1117 1109 1143 neque
1122 1109 1194 1136 enim
1209 1108 1312 1135 bonum
1329 1108 1440 1143 aliquod
1457 1109 1485 1136 in
1507 1114 1578 1136 terra
1592 1110 1646 1144 egi,
1660 1110 1706 1137 sed

920 1157 1107 1189 contrarium;
1127 1155 1184 1190 ipse
1200 1154 1324 1190 perficiat
1338 1155 1364 1182 in
1389 1155 1534 1183 ambobus.
1550 1155 1608 1183 Hoc
1622 1156 1706 1183 etiam

921 1206 948 1229 et
964 1209 1012 1229 nos
1026 1202 1141 1229 humiles
1156 1209 1206 1236 pro
1221 1201 1310 1234 vobis.
1325 1201 1372 1236 qui
1389 1201 1483 1230 eadem
1496 1202 1631 1237 patimini,
1644 1210 1706 1230 cum

921 1247 1048 1283 lacrymis
1064 1254 1143 1274 orare
1172 1254 1227 1274 non
1242 1253 1394 1274 cessamus.
1410 1246 1470 1274 Non
1483 1252 1545 1274 octo
1558 1251 1664 1275 tantum
1681 1248 1707 1274 in

921 1293 1037 1333 D’mnino
1054 1294 1154 1321 electos
1166 1313 1174 1326 ,
1191 1293 1239 1320 sed
1264 1292 1390 1320 abbatem
1417 1301 1526 1328 quoque
1541 1293 1667 1326 Petrum,
1682 1297 1710 1320 et

921 1339 1060 1375 egregium
1084 1339 1221 1372 Letoium,
1247 1342 1274 1366 ct
1292 1339 1315 1366 si
1342 1339 1406 1374 quis
1432 1339 1515 1374 alius,
1531 1339 1558 1367 in
1594 1339 1710 1367 Domino

922 1385 1083 1413 salutamus.

1103 1538 1215 1568 XXXV.
1231 1556 1267 1561 —
1282 1539 1431 1576 Epiphanio
1448 1539 1516 1574 filio.

357 1596 510 1628 Epiphanius
521 1596 629 1621 mittitur
639 1597 669 1621 ad
681 1596 824 1622 Paschalem
838 1602 958 1622 summum
970 1595 1120 1626 pontiﬁcem.
1139 1595 1239 1627 (Baron.
1254 1602 1293 1621 an.
1307 1595 1361 1626 818,
1375 1602 1401 1621 n.
1415 1595 1450 1627 4.)

126 1653 206 1686 Ἰδοὺ,
218 1652 313 1679 τέκνον
330 1660 381 1686 μου
401 1649 592 1685 ἠγαπημένον,
608 1649 699 1681 καθὼς
713 1649 872 1685 προεθυμή-

84 1702 146 1736 θης,
159 1701 266 1735 ἀπᾶραι
279 1699 308 1726 ὲν
324 1699 358 1734 τῇ
372 1697 462 1728 Δὺσει,
485 1697 609 1728 εἰπόντος
625 1705 676 1731 μου
693 1693 759 1731 ἆραι
779 1696 872 1731 γράμ-

87 1754 162 1781 ματα
195 1744 294 1772 ταῦτα.
327 1742 487 1769 Ἀπέστειλα
511 1741 558 1768 δύο
584 1741 739 1773 ἐπιστολὰς,
767 1739 812 1767 τοῦ
840 1749 871 1767 τε

87 1790 282 1822 ἁποστολικοῦ,
299 1789 348 1816 καὶ
363 1787 410 1814 τοῦ
423 1786 508 1823 κυροῦ
526 1786 670 1814 Μεθοδίου.
689 1787 720 1813 Ol.
733 1786 788 1821 γὰρ
807 1786 872 1821 περὶ

86 1840 133 1866 τὸν
152 1837 268 1871 ἀδελφὸν
291 1835 429 1862 Διονύσιον
452 1833 561 1869 εὐδοκία
576 1833 643 1860 Θεοῦ
662 1834 711 1860 καὶ
727 1832 873 1868 ἀπεσώθη-

89 1893 139 1911 σαν
153 1883 208 1915 ἓως
221 1881 277 1909 τῶν
300 1881 369 1913 ἐκεῖ,
385 1880 433 1906 καὶ
451 1879 574 1914 χρηστὰς
595 1878 707 1910 ἐλπίδας
732 1878 852 1914 ἡνεγκαν
864 1887 871 1893 ·

89 1931 161 1966 πρὸς
185 1928 220 1960 ἃς
239 1928 289 1955 καὶ
315 1927 396 1954 πάλιν
426 1925 576 1952 ἐπιστεῖλαι
602 1922 632 1951 εὖ
659 1924 782 1959 ἐνόμισα.
805 1925 872 1951 Ἐπ-

89 1975 199 2004 ἑττειλα
212 1974 251 2006 δὲ,
265 1974 315 2009 οὐχ
328 1973 366 2005 ὠς
381 1973 428 1999 ἀπ’
444 1971 511 2006 ἐμοῦ
531 1971 621 2007 μόνον,
639 1970 708 2002 ἀλλ’,
720 1971 758 2002 ὡς
770 1970 800 1996 τδ
810 1969 875 2005 πρό-

89 2029 181 2056 τερον,
200 2020 231 2052 ἐξ
243 2019 407 2054 ἀμφοτέρων
427 2017 676 2052 τῶννὴγουμένων,
705 2015 751 2047 οὓς
774 2015 873 2051 δηλοῖή

90 2066 233 2101 ἐπιπολὴ,
254 2064 342 2100 πάρεξ
355 2063 402 2091 τοῦ
416 2064 465 2098 τῆς
480 2062 629 2098 Εὐκαιρίας
640 2068 648 2077 ⁶
667 2058 744 2093 οὗτος
757 2061 822 2096 γὰρ,
838 2061 876 2092 ὼς

90 2112 207 2146 ἔμαθον,
222 2111 293 2137 κατὰ.
303 2111 354 2141 τὰς
372 2109 510 2144 ἁμαρτίας
532 2116 584 2143 μου
605 2107 751 2135 κατέπεσε.
775 2106 876 2133 Γνὼσει

91 2155 139 2183 οὖν
157 2156 294 2190 καὶκοινῇ
310 2155 417 2190 γνώμῃ,
431 2154 476 2180 διὰ
490 2153 649 2189 μηνύματος
672 2152 815 2188 λαθραίου,
830 2153 876 2179 καὶ

91 2200 273 2234 ἀναγνώσεως
290 2199 340 2234 τῆς
352 2198 508 2234 ἐπιπολῆς,
535 2199 595 2224 τότε
609 2198 817 2233 ἐπεστείλαμεν,
839 2197 877 2228 ὡς

90 2248 140 2275 καὶ
164 2247 258 2282 ὲδήλου
271 2246 302 2272 τὸ
317 2246 398 2272 ἀπιὸν
410 2245 536 2280 γράμμα.
549 2244 607 2271 Νῦν
626 2244 665 2275 δὲ,
683 2244 733 2271 κᾶν
755 2244 786 2271 οὐ
801 2243 877 2270 δεδύ-

957 1648 1008 1682 Εη,
1027 1648 1125 1677 dilecte
1145 1649 1181 1676 ﬁli
1197 1649 1244 1682 mi,
1263 1649 1335 1676 sicut
1354 1649 1435 1676 alacri
1451 1651 1542 1677 animo
1559 1650 1712 1685 instituisti,

922 1695 996 1722 solve
1012 1695 1039 1722 in
1067 1693 1256 1727 Occidentem,
1287 1696 1393 1723 litteras
1424 1696 1491 1723 istas
1523 1696 1629 1724 laturus
1642 1705 1712 1732 quas

922 1741 1032 1769 dictavi.
1062 1741 1122 1768 Misi
1147 1742 1276 1777 epistulas
1296 1742 1375 1775 duas,
1411 1742 1445 1770 ad
1469 1744 1659 1778 apostolicum,
1686 1750 1714 1773 et

923 1787 956 1814 ad
978 1787 1121 1814 dominum
1140 1787 1320 1815 Methodium.
1346 1787 1442 1816 Frater
1465 1789 1538 1816 eiiim
1566 1789 1713 1826 Dionysius

924 1833 970 1861 Dei
983 1839 1051 1861 nutu
1067 1838 1094 1861 et
1117 1834 1263 1861 incolumis
1289 1841 1411 1869 eousque
1441 1835 1573 1870 pervasit,
1588 1841 1614 1864 et
1637 1845 1712 1872 spem

924 1880 1057 1913 optimam
1088 1879 1262 1914 reportavit:
1287 1880 1320 1907 ad
1349 1888 1431 1915 quam
1462 1881 1578 1909 iteratas
1608 1882 1713 1911 litteras

925 1924 1023 1951 addere
1038 1932 1128 1959 opera:
1155 1925 1273 1959 pretium
1296 1925 1374 1953 duxi.
1402 1926 1505 1960 Scripsi
1530 1932 1630 1960 autem,
1658 1936 1713 1956 non

926 1976 1055 2006 tanquam
1070 1979 1086 1998 a
1101 1979 1144 1999 me
1159 1971 1258 2005 solum,
1275 1973 1332 2005 sed,
1349 1972 1421 2000 sicut
1435 1977 1525 2006 antea,
1543 1981 1576 2001 ex
1591 1982 1710 2009 persona

926 2022 1105 2052 utrorumque
1128 2019 1347 2052 prcepositorum,
1376 2026 1446 2053 quos
1473 2018 1574 2047 indicat
1587 2021 1712 2056 epistola,

926 2069 1105 2099 pneterquam
1121 2063 1272 2092 Eucazriae:
1291 2064 1314 2092 is
1327 2065 1410 2098 enim,
1429 2068 1459 2092 ut
1483 2067 1586 2101 accepi,
1602 2073 1714 2102 propter

926 2114 1035 2144 peccata
1050 2117 1110 2136 mea
1126 2109 1219 2144 lapsus
1229 2115 1280 2138 est.
1300 2110 1340 2137 Ex
1357 2111 1495 2138 communi
1506 2119 1570 2147 ergo
1581 2113 1713 2141 sententia

926 2159 952 2181 ct
969 2154 1095 2187 scicntia,
1117 2158 1173 2182 tum
1187 2163 1235 2189 per
1248 2156 1385 2183 occultam
1402 2157 1639 2192 significationem,
1655 2163 1712 2186 tum

927 2207 974 2235 per
989 2200 1110 2235 epistola
1134 2201 1222 2236 ipsius
1236 2201 1392 2235 lectionem,
1411 2208 1475 2231 tunc
1498 2203 1668 2238 scripsimus,
1684 2211 1714 2232 ut

927 2245 1042 2280 epistola
1064 2246 1148 2274 missa
1176 2246 1257 2274 etiam
1279 2247 1445 2276 declarabat.
1460 2248 1538 2277 Nunc
1565 2258 1646 2282 vero,
1662 2251 1714 2279 etsi

91 2302 179 2329 νημαι
194 2292 274 2319 τοῦτο
295 2292 407 2326 ποιῆσαι
430 2291 474 2318 διὰ
500 2291 550 2326 τὴν
570 2290 731 2324 ἀσφάλειαν,
755 2290 811 2317 ἀλλ’
840 2290 872 2321 ὡς

931 2295 1038 2326 propter
1054 2297 1158 2319 arctam
1172 2294 1323 2322 custodiam
1338 2295 1364 2322 id
1381 2295 1470 2324 facere
1481 2304 1534 2324 non
1547 2298 1630 2332 potui.
1644 2303 1714 2325 atta-

91 2341 143 2376 ᾒδη
177 2338 445 2374 ὁμογνωμονούντων
481 2338 656 2373 ἀμφοτέρων,
689 2338 737 2363 καὶ
762 2337 830 2372 αὕτη
861 2338 878 2372 ή

92 2386 235 2421 ἐπιστολή.
254 2386 334 2416 Ἴσως
351 2384 378 2410 δὲ
396 2384 444 2411 καὶ
457 2385 526 2420 μετὰ
539 2383 624 2410 ταῦτα
636 2383 770 2419 ἐνδέχεται
787 2384 880 2410 κάκεί-

90 2443 154 2465 νους
182 2432 340 2467 ἐπιγνῶναι.
368 2431 465 2457 Ἀπιθι
491 2428 549 2462 οὖν,
573 2427 596 2456 ὧ
627 2431 694 2456 καλὲ
722 2431 878 2465 Ἐπιφάνιε·

92 2480 227 2514 ὲκίῳανον
262 2478 294 2512 τῇ
325 2477 407 2504 Δὺσει
444 2476 559 2511 ἄγγελος
598 2477 702 2509 πιστὸς,
739 2478 878 2512 φρόνιμος,

93 2523 366 2561 ἁρχαιογνώριστος·
397 2522 539 2554 ἀποδιδοὺς
568 2522 616 2557 τὴν
643 2521 806 2557 ἐπιστολὴν,
832 2523 880 2549 καὶ

92 2571 166 2598 κατὰ
176 2570 211 2596 τὰ
218 2569 383 2604 θεοκινήτως
395 2568 557 2595 τυπωθέντα
569 2569 598 2595 ὲν
624 2568 664 2604 τῷ
680 2568 749 2604 ἁγίῳ
765 2567 881 2594 ἀποστοο

92 2615 176 2650 λικῴ,
202 2613 356 2648 ὑποθετικῷ
370 2613 465 2648 τρόπῳ
484 2613 532 2639 καὶ
550 2613 622 2648 λόγῳ
635 2613 682 2639 τοῦ
696 2613 770 2648 ἱεροῦ
794 2612 880 2639 Μεθο-

92 2661 163 2692 ὄὶου,
180 2660 230 2685 καὶ
257 2657 304 2684 τοῦ
322 2658 371 2692 τῆς
391 2658 586 2692 Μονεμὸοισίας
611 2658 689 2692 ἁγίου
716 2658 878 2691 ἐπισκόπου,

93 2706 143 2733 καὶ
158 2705 241 2735 αὐτὸς
257 2703 517 2738 συνεπιπρεσϐεύων
540 2704 589 2730 καὶ
609 2703 765 2739 ὲκλιπαρῶν
778 2704 819 2735 εἰς
831 2704 878 2730 πέ-

95 2759 148 2787 ρας
170 2749 315 2784 ἐνεχθῆναι
328 2748 414 2775 ταῦτα
434 2748 501 2775 Θεοῦ
514 2748 635 2784 εὐδοκίᾳ,
652 2749 697 2775 τοῦ
724 2749 832 2784 ἔχοντός
850 2756 878 2775 σε

94 2797 142 2827 καὶ
153 2795 307 2828 ἀποσῶσαι,
331 2795 379 2822 καὶ
404 2796 580 2831 παραστῆσαι
598 2797 631 2834 τῇ
652 2796 713 2834 ἱερᾷ
729 2797 777 2824 καὶ
792 2804 880 2833 μακα-

130 2865 153 2880 ⁶⁹
171 2863 238 2892 Dan.
257 2871 313 2897 xxv,
328 2863 373 2892 37.

928 2345 990 2364 men
1005 2338 1089 2365 veluti
1106 2339 1163 2373 jam
1188 2341 1422 2370 consentientibus
1450 2343 1584 2378 utrisque,
1617 2352 1713 2372 eorum

928 2382 1009 2409 etiam
1021 2387 1064 2410 est
1079 2383 1137 2411 haec
1151 2385 1277 2419 cpistola.
1292 2385 1420 2415 Fortasse
1435 2391 1525 2415 autem
1536 2393 1630 2424 postea
1647 2396 1714 2416 con-

928 2426 1008 2460 tingit.
1020 2431 1050 2453 ut
1067 2433 1095 2454 et
1110 2427 1162 2462 ipsi
1185 2429 1318 2457 certiores
1333 2431 1409 2458 ﬁant.
1432 2432 1504 2459 Vade
1525 2433 1617 2468 igitur,
1634 2441 1714 2469 egre‘

928 2472 971 2506 gie
987 2472 1133 2508 Epiphani,
1146 2482 1247 2510 appare
1258 2475 1396 2504 Occidenti
1415 2479 1528 2506 nuntius
1539 2479 1636 2512 ﬁdelis,
1650 2489 1715 2516 pru-

929 2520 1005 2552 dens,
1019 2520 1075 2555 jam
1089 2521 1153 2548 olim
1170 2523 1302 2557 probatus
1316 2533 1322 2551 :
1337 2525 1419 2552 redde
1431 2526 1584 2560 epistolam,
1598 2532 1625 2554 et
1635 2527 1714 2562 juxta

928 2573 959 2592 ea
973 2574 1033 2601 quae
1054 2567 1146 2595 divino
1160 2568 1291 2597 instinctu
1319 2571 1453 2606 impressa
1476 2577 1542 2599 sunt
1570 2573 1597 2599 in
1618 2579 1713 2601 sancto

928 2611 1088 2645 apostolico,
1105 2613 1280 2647 suggestione
1295 2615 1439 2650 verbisque
1463 2616 1551 2643 sancti
1573 2615 1714 2649 Mcthodii,

927 2662 953 2683 et
968 2658 1054 2684 sancti
1069 2657 1261 2687 Monembasia:
1286 2660 1406 2696 episcopi
1433 2661 1514 2688 simul
1540 2661 1676 2689 intercede
1688 2665 1715 2689 et

929 2703 998 2737 ipse.
1009 2708 1036 2730 et
1046 2711 1105 2736 ora,
1117 2707 1147 2730 ut
1159 2704 1193 2732 ad
1207 2705 1288 2733 ﬁnem
1305 2706 1362 2734 haec
1373 2706 1555 2741 perducantur
1564 2706 1612 2734 Dei
1621 2707 1716 2734 volun-

933 2752 998 2782 tate,
1030 2750 1077 2785 qui
1092 2754 1182 2785 potest
1194 2755 1222 2778 et
1235 2751 1341 2779 salvum
1370 2757 1396 2780 te
1422 2760 1542 2787 servare,
1570 2758 1598 2781 et
1621 2753 1716 2782 sistere

934 2803 1023 2831 sacro,
1038 2800 1065 2824 et
1085 2795 1165 2825 beato
1181 2797 1286 2826 vertici.
1314 2797 1352 2827 Ne
1376 2798 1531 2828 formidcs-
1557 2799 1641 2829 multa
1668 2799 1716 2831 tibi
