1923 3078
229 114 290 146 121]

766 143 772 149 .
816 117 847 148 S.
867 116 1064 148 THEODORI
1084 117 1256 148 STUDITA!

1780 114 1851 148 12112

227 180 344 206 merces,
371 175 399 201 et
425 180 553 205 magnum
575 179 725 202 certamen.
756 170 883 202 Christus
907 178 1009 202 tecum.

1074 173 1110 208 it;
1125 173 1244 208 κορυφῇ.
1261 171 1307 206 Μὴ
1331 170 1440 206 δείσῃηςο
1462 169 1545 202 πολύς
1569 177 1611 196 σοι
1629 170 1644 196 ό
1674 169 1779 205 μισθὸς,
1799 171 1850 196 καὶ

227 219 322 248 Saluta
339 223 448 247 sanctos
463 227 570 253 omnes,
586 224 613 247 et
628 219 746 246 maxime
764 227 811 248 eos
823 220 870 255 qui
880 220 1015 249 notissimi

1074 219 1150 253 ιέγας
1160 220 1175 245 ό
1188 218 1272 253 ἀγών.
1289 217 1405 253 Χριστὸς
1428 216 1497 252 μετὰ
1512 216 1572 243 σοῦ.
1587 216 1724 252 Πρόσειπε
1741 216 1848 248 πάντας

228 268 293 292 sunt
307 273 314 291 :
326 264 462 300 praecipue
475 268 601 291 sanctum
629 262 736 290 Patrem
753 271 843 291 meum
858 264 1016 292 archiman-

1074 266 1127 298 τοὺς
1155 265 1258 300 ἁγίους,
1283 264 1330 291 καὶ
1354 263 1473 299 μάλιστα
1500 263 1564 295 τοὺς
1592 262 1845 298 γνωριμωτάτους·

228 309 339 342 dritam,
355 317 388 337 ac
404 309 547 336 dominum
568 316 659 335 meum
682 307 944 344 Chartophylacem:
965 317 1014 338 cu-

227 356 273 392 ius
287 356 409 385 charitas
422 356 504 383 inﬁxa
518 356 598 384 estin
614 355 712 383 humili
723 355 804 383 corde
816 363 888 383 meo.

413 499 535 528 XXXVI.
548 515 584 520 -
599 500 749 528 Naucratio
761 499 827 535 ﬁlio.

1058 311 1207 346 ἐξαιρέτως
1217 310 1263 337 τὸν
1285 309 1363 344 ἅγιόν
1382 318 1436 345 μου
1466 309 1578 345 Πατέρα
1597 309 1644 336 τὸν
1665 309 1850 344 ἀρχιμανδρί-

1058 365 1120 392 την.
1144 356 1225 384 Ἀλλά
1239 356 1345 384 καὶτὸν
1362 355 1497 391 δεσπότην
1525 363 1576 390 μου
1598 354 1645 382 τὸν
1665 354 1849 390 Χαρτοφύλα-

1060 411 1114 430 κα*
1145 398 1175 430 οὗ
1196 403 1214 438 ἡ
1244 402 1339 438 ἀγάπη
1371 401 1492 436 ἔγκειται
1518 401 1547 428 ἐν
1574 402 1607 436 τῇ
1644 401 1760 436 ταπεινῇ
1795 407 1849 435 μου

1066 448 1176 484 καρδίᾳ.

1209 504 1279 538 Aq".
1293 503 1379 540 [T92]
1399 519 1419 526 -
1449 503 1626 538 Ναυκρατίῳ
1634 503 1741 534 τέκνῳ.

794 557 938 588 Dogmatiea
952 557 985 582 de
1001 559 1092 584 sanctis
1108 559 1266 591 imaginibus.

265 610 305 638 De
322 615 347 638 te
360 610 475 646 gaudeo,
492 609 529 637 mi
550 609 634 638 frater
658 609 798 644 Naucrati,
816 611 888 646 quod
913 611 1014 640 lzetitia:

231 656 301 685 ﬁlius
315 656 402 684 factus
414 663 454 688 es,
470 655 542 690 quod
549 659 590 683 est
603 663 652 690 pro
662 655 771 683 Christo
784 657 850 691 pati.
865 656 932 684 Nam
943 658 1015 693 quod

231 703 283 731 isto
302 701 389 737 majus
402 701 502 729 laetitiae
522 706 732 737 argumentum,
755 706 802 729 aut
822 702 887 738 quid
911 707 953 731 est
981 703 1015 731 ad

231 749 338 777 laudem
353 747 505 775 illustrius?
519 746 646 782 Flagellis
663 747 746 782 igitur
757 754 846 776 caesus
856 756 896 782 es,
911 748 1014 777 Christi

231 794 356 829 exemplo
370 801 379 822 :
397 801 413 820 e
425 800 534 820 carcere
546 797 696 827 pertractus
714 793 741 820 in
755 801 902 826 carcerem,
917 794 944 821 in
955 802 1016 822 ma-

231 847 284 867 nus
299 838 373 874 impii
388 837 501 866 Joannis
517 838 632 865 traditus
651 845 692 870 es.
721 839 773 866 sub
786 847 840 874 quo
855 844 882 867 et
898 847 948 875 ego
965 840 1015 867 bu-

231 885 303 913 milis
328 884 472 912 decertavi.
489 883 652 917 Quinetiam,
680 884 752 919 quod
771 885 818 912 illo
846 885 1018 921 aggrediente

231 939 285 960 non
302 939 332 959 es
351 931 508 964 subversus,
523 931 570 958 sed
589 938 605 958 e
621 931 759 959 contrario
787 931 891 960 insana
918 932 1017 960 mentis

231 977 369 1006 hominem
387 977 509 1014 repulisti
521 982 548 1006 et
561 977 720 1012 confutasti,
741 979 836 1014 utique
859 979 952 1006 audivi
967 987 1018 1015 ego

231 1024 324 1057 miser,
339 1029 367 1052 et
382 1031 507 1059 magnam
525 1024 616 1052 animo
645 1024 704 1059 cepi
727 1024 908 1060 voluptatem.
937 1026 1019 1054 Adsit

231 1077 297 1098 vero
312 1069 360 1098 tibi
388 1073 415 1098 et
429 1069 456 1097 in
468 1074 607 1104 posterum
623 1070 657 1098 ad
685 1075 799 1098 eventus
816 1079 911 1099 omnes
937 1080 953 1099 a
965 1071 1019 1100 Do-

233 1115 308 1143 mino
322 1115 486 1143 subsidium.
500 1115 634 1149 Quoniam
644 1123 707 1143 Vero
718 1116 872 1151 insinuasti,
885 1118 1018 1153 quasdam

233 1162 269 1190 ab
284 1161 317 1189 eo"
334 1162 405 1190 inter
429 1162 623 1196 disputandum
645 1162 760 1197 proferri
792 1163 952 1196 sententias,
984 1163 1019 1191 ad

233 1208 404 1236 eversionem
421 1212 577 1236 sanctarum
594 1208 755 1243 imaginum,
766 1208 892 1237 videlicet
905 1209 1018 1243 Asterii,

236 1254 390 1290 Epiphanii,
408 1258 436 1282 et
455 1254 589 1282 Theodoti
614 1264 620 1282 :
640 1263 730 1291 opera:
755 1256 874 1291 pretium
898 1255 965 1284 duxi
984 1256 1019 1283 ad

236 1299 444 1328 instructionem
457 1300 612 1333 amborum,
627 1300 679 1328 hoc
689 1301 750 1328 loco
760 1308 913 1333 recensere,
928 1309 1017 1337 quan-

236 1354 319 1382 quam
330 1346 357 1374 id
369 1347 490 1382 epistolae
502 1347 614 1375 modum
629 1348 743 1381 excedit,
756 1353 812 1375 tum
825 1348 898 1383 ipsas
910 1349 1018 1377 illorum

237 1400 330 1424 voces.
347 1397 404 1420 tum
419 1396 553 1426 nostram,
567 1392 622 1421 Deo
641 1393 763 1428 juvante,
779 1394 830 1421 etsi
845 1394 962 1430 imperiti
972 1402 1020 1423 su-

237 1447 311 1473 mus,
324 1447 419 1468 earum
443 1439 670 1468 confutationem.
691 1440 792 1468 Asterii
817 1440 910 1476 itaque
930 1441 1020 1469 oratio

1101 615 1199 650 Χαίρω
1211 615 1258 642 ἐπὶ
1273 616 1325 648 σοὶ,
1351 615 1450 649 ἀδελφέ
1481 623 1532 650 μου
1547 614 1717 649 Ναυκράτιε,
1733 613 1776 640 δτι
1799 612 1851 647 τῆς

1065 661 1154 696 χαρᾶς
1183 661 1238 693 υίὸς
1252 661 1449 696 χρηματίζεις·
1472 661 1540 695 ὅπερ
1558 659 1656 686 ὲστὶτδ
1675 659 1719 686 διὰ
1732 658 1851 694 Χριστὸν

1066 708 1192 742 πάσχειν.
1217 708 1273 734 Καὶ
1294 708 1320 734 τί
1343 707 1397 743 γὰρ
1427 706 1522 734 τούτου
1550 706 1746 741 χαριέστερονς
1763 704 1790 731 τί
1821 703 1852 730 δὲ

1065 753 1273 789 εὑκλεέστερον;
1298 752 1482 788 Ἐμαστίχθης
1514 749 1561 778 οὖν
1590 749 1824 786 Χριστομιμήτως
1842 755 1850 763 ·

1065 799 1153 834 ἤρθης
1178 799 1210 825 ὲκ
1241 798 1365 833 φυλακῆς
1390 799 1430 829 είς
1457 797 1592 832 φυλακὴν,
1622 794 1787 830 παραδοθεὶς
1811 794 1853 825 είς

1068 846 1163 880 χεῖρας
1191 844 1315 872 Ἰωάννου
1341 843 1388 870 τοῦ
1402 843 1529 876 ἀσεϐοῦς,
1542 843 1585 877 ἐφ’
1600 839 1622 877 ᾧ
1635 843 1649 869 ό
1660 841 1787 872 ταπεινὸς
1803 841 1854 867 καὶ

1070 889 1224 924 ¹λιγωνίιικιιά.
1241 889 1313 915 Ἀλλ’
1329 889 1370 916 ὅτι
1385 888 1583 924 προσϐαλόντος
1602 887 1685 914 αὑτοῦ
1712 887 1741 913 οὐ
1759 894 1855 920 περιε-

1068 935 1188 971 τράπης,
1201 934 1357 961 τούναντίον
1369 934 1398 962 δὲ
1415 935 1462 961 καὶ
1484 934 1640 968 ἀπεπέμψω
1658 931 1854 967 διελεγκτικῶς

1067 982 1113 1008 τὸν
1127 981 1323 1017 ματαιόφρονα,
1338 980 1408 1007 πάνυ
1436 981 1451 1008 ὁ
1474 980 1560 1012 τάλας
1579 980 1678 1015 ἥσθην,
1699 979 1748 1005 καὶ
1769 977 1854 1004 εὐθύ-

1070 1035 1156 1062 μησα.
1172 1027 1222 1062 Εῐη
1239 1026 1268 1053 δέ
1283 1035 1324 1053 σοι
1338 1027 1385 1053 καὶ
1399 1026 1467 1062 πρὸς
1484 1026 1514 1053 τδ
1529 1026 1593 1061 ἑξῆς
1609 1026 1678 1061 πρὸς
1697 1025 1751 1051 πᾶν
1764 1023 1856 1050 ὁτιοῦν

1068 1073 1122 1100 τῶν
1139 1072 1356 1108 συμὸησομένων
1380 1071 1456 1107 παρὰ
1477 1072 1581 1107 Κυρίου
1601 1071 1722 1106 βοήθεια,
1742 1069 1856 1105 Ἐπειδὴ

1068 1119 1097 1146 δὲ
1119 1119 1186 1155 ἔφης
1211 1120 1351 1155 προτεῖναι
1379 1118 1458 1145 αὐτὸν
1478 1119 1508 1145 ὲν
1522 1119 1555 1154 τῇ
1571 1117 1687 1151 διαλέξει
1707 1117 1800 1152 φωνὰς
1827 1116 1858 1142 ἑν

1069 1167 1210 1202 ἀνατροπῇ
1243 1165 1297 1192 τῶν
1323 1164 1408 1199 ἁγίων
1432 1164 1559 1191 εἰκόνων·
1584 1163 1669 1199 ἤγουν
1700 1161 1857 1197 Ἀστερίου,

1075 1212 1245 1247 Ἐπιφανίου,
1259 1212 1307 1238 καὶ
1328 1210 1456 1238 Θεοδότου
1469 1219 1476 1226 ·
1491 1210 1644 1244 ἀναγκαῖον
1668 1207 1761 1244 ᾠήθην
1782 1208 1857 1243 πρὸς

1070 1258 1255 1294 καταρτισμὸν
1276 1257 1450 1293 ἀμφοτέρων,
1473 1255 1647 1291 παραθέσθαι
1669 1253 1810 1280 ἐνταῦθα’
1832 1253 1858 1279 εί

1070 1304 1118 1332 καὶ
1137 1303 1293 1340 ὑπερτείνει
1308 1303 1338 1330 τὸ
1353 1302 1558 1337 ἐπιστολιμαῖον
1574 1300 1642 1335 ὕφος
1652 1308 1659 1316 ·
1680 1299 1765 1330 αὐτὰς
1778 1298 1858 1325 ὲκεί-

1070 1359 1124 1377 νων
1135 1350 1184 1381 τὰς
1199 1350 1301 1385 φωνὰς,
1326 1349 1374 1376 καὶ
1388 1348 1438 1384 τὴν
1462 1348 1510 1374 σὺν
1534 1346 1593 1382 Θεῷ
1617 1346 1682 1381 παρ’
1705 1345 1784 1381 ἡμῶν
1804 1344 1861 1371 τῶν

1070 1395 1184 1431 ἀμαθῶν
1215 1395 1370 1430 ἀνατροπὴν
1407 1393 1507 1421 αὐτῶν,
1539 1392 1572 1419 ΊΙ
1597 1392 1645 1418 οὖν
1674 1391 1721 1418 τοῦ
1760 1391 1860 1417 ’Δστε-

1072 1442 1130 1478 ρίου
1148 1441 1187 1476 (Ι)
1204 1441 1252 1467 ἐπὶ
1265 1441 1364 1474 λέξεως
1390 1440 1454 1467 τάδε
1466 1447 1474 1455 ·
1492 1448 1502 1465 t
1532 1439 1579 1473 Μὴ
1605 1437 1694 1474 γράφε
1714 1437 1760 1464 τὸν
1788 1437 1860 1472 Χρι-

238 1485 272 1512 ad
289 1484 401 1512 verbum
414 1488 456 1512 est
485 1484 652 1520 hujusmodi.
681 1493 690 1511 ι
711 1484 851 1513 Christum
882 1493 916 1513 ne
928 1486 1017 1522 pinge.

1074 1487 1154 1514 στόν·
1175 1487 1256 1522 ἀρκεῖ
1270 1486 1324 1522 γὰρ
1344 1485 1419 1522 αὐτῷ
1442 1485 1460 1521 ἠ
1491 1484 1542 1520 μία
1557 1484 1607 1519 τῆς
1630 1482 1859 1518 ὲνσωματὼσεως

239 1529 343 1558 Sufﬁcit
355 1530 428 1558 enim
444 1530 494 1566 ipsi
509 1530 581 1565 quod
590 1530 623 1558 ad
638 1537 795 1566 corpoream
805 1537 930 1559 naturam
943 1539 1021 1560 assu-

238 1576 363 1603 mendam
376 1580 467 1604 nostra
482 1583 565 1604 causa
580 1583 609 1603 se
622 1580 718 1611 sponte
727 1576 830 1605 dimisit
844 1586 851 1604 :
867 1577 914 1604 sed
932 1581 1023 1605 mente

239 1626 268 1649 et
287 1622 423 1651 intellectu
439 1621 559 1650 Verbum
591 1622 783 1658 incorporeum
803 1622 950 1651 circumfer
959 1623 993 1651 ⁶¹.
1010 1633 1020 1650 ι

238 1669 421 1706 interrogetur
447 1669 539 1705 itaque
562 1674 713 1705 argutator,
739 1670 917 1706 quamobrem
938 1670 1022 1699 Chri-

239 1720 312 1744 stum
323 1716 395 1753 pingi
412 1721 503 1752 negat.
527 1716 656 1744 Sullicere
669 1716 694 1744 ei
718 1716 785 1744 dicit
800 1717 907 1745 unicam
932 1717 1023 1745 incor-

239 1762 391 1797 porationis
406 1762 599 1794 humilitatem,
612 1761 714 1797 quippe
728 1769 789 1796 quae
799 1762 882 1789 semel
896 1766 1022 1797 suscepta

239 1811 281 1836 est
293 1808 352 1836 sine
363 1808 476 1840 honore,
494 1808 645 1843 refugiente
664 1808 724 1843 ipso
735 1807 848 1835 alteram
861 1808 1023 1836 humilitatis

239 1854 500 1882 manifestationem.
516 1854 548 1881 Et
563 1855 699 1889 quomodo
715 1853 761 1881 illa
779 1858 875 1890 sponte
887 1859 1022 1890 suscepta,

241 1899 265 1928 si
281 1899 361 1928 habet
376 1899 533 1934 adjunctam
549 1899 707 1926 infamiam?
719 1898 787 1927 Nam
809 1900 882 1935 quod
895 1900 1023 1928 volunta-

241 1946 312 1973 rium
323 1950 376 1977 est,
388 1945 414 1972 id
428 1945 577 1981 gloriosum
588 1952 708 1980 quoque,
716 1952 767 1973 nec
776 1945 932 1980 adjunctam
943 1945 1025 1973 habet

241 1991 418 2020 involuntarii
440 1996 543 2019 notam.
557 1991 606 2025 Ac,
625 1991 648 2018 si
675 1999 720 2019 res
736 1998 815 2019 secus
834 1991 915 2024 foret,
933 1995 1024 2019 tamen

241 2035 346 2072 pictura
367 2035 473 2063 iteratio
487 2040 538 2069 est,
549 2036 619 2063 idem
632 2036 703 2071 quod
714 2036 789 2071 prius
796 2035 927 2063 exhibens
936 2036 1025 2071 quoad

242 2081 461 2110 similitudinem.
479 2081 513 2109 Et
531 2082 668 2116 quomodo
693 2082 766 2110 illius
792 2082 952 2110 memoriam
976 2090 1025 2117 per

243 2127 368 2156 auditum
391 2127 521 2155 refricare
546 2136 602 2155 non
625 2127 762 2163 piaculum
778 2128 838 2156 sit:
867 2127 891 2156 si
915 2128 1025 2162 quidem

244 2181 292 2210 per
311 2175 398 2202 visum
425 2181 480 2201 rem
505 2174 656 2209 divulgare,
673 2175 751 2209 quasi
780 2174 879 2202 iterare
898 2174 1026 2209 injuriam

245 2219 345 2248 luerit?
359 2219 406 2247 Est
416 2220 488 2248 enim
510 2219 626 2248 alterum
641 2220 719 2248 alteri
733 2227 885 2248 consonum
899 2224 927 2247 et
940 2227 1031 2255 requa-

246 2267 283 2300 le,
300 2272 331 2295 ut
356 2275 472 2303 magnus
504 2267 622 2295 Basilius
643 2267 737 2295 divino
758 2274 807 2295 ore
828 2266 1028 2302 pronuntiavit.

246 2313 415 2349 intelligetur
436 2317 527 2342 autem
540 2318 566 2341 et
582 2322 630 2348 per
653 2313 898 2349 comparationem,
925 2313 948 2340 si
962 2319 1030 2340 crux

248 2359 332 2387 semel
346 2359 508 2392 delineatur,
524 2359 635 2387 alterius
648 2359 773 2387 videlicet
800 2366 861 2386 esse
873 2358 966 2386 erucis
979 2359 1031 2385 ite-

247 2405 391 2438 rationem,
407 2405 478 2433 sicut
489 2409 516 2433 et
528 2405 561 2433 de
572 2404 725 2440 Evangelia.
738 2405 907 2440 thu-oniam
919 2411 1033 2440 semper

249 2455 397 2487 utrumque
428 2452 613 2486 describitur;
652 2452 811 2480 innumeras
840 2459 902 2480 esse
922 2458 1031 2484 cruces,

249 2497 390 2533 multoque
404 2496 481 2533 plura
506 2496 663 2533 Evangelia,
693 2505 747 2525 non
774 2504 857 2524 unam
883 2501 910 2524 ct
935 2504 1031 2524 unum.

249 2542 327 2576 Quod
341 2543 365 2572 si
382 2551 435 2571 una
453 2551 519 2572 crux
546 2548 574 2571 et
596 2551 649 2570 non
663 2543 716 2571 alia
729 2547 781 2575 est,
797 2542 850 2571 etsi
878 2541 952 2570 mille
972 2542 1033 2576 pin-

1071 1532 1317 1568 ταπεινοφροσύνῃ,
1348 1532 1383 1568 ἢν
1402 1530 1572 1567 αὐθαιρέτως
1589 1530 1623 1557 δι’
1643 1530 1718 1565 ἡμᾶς
1743 1528 1860 1555 κατεδέ-

1073 1579 1154 1613 ξατο·
1169 1579 1218 1606 ἐπὶ
1231 1578 1260 1605 δὲ
1274 1577 1324 1613 τῆς
1344 1577 1434 1613 ψυχῆς
1457 1585 1504 1604 σου
1533 1575 1676 1612 βαστάζων
1688 1574 1794 1610 νοητῶς
1815 1575 1863 1600 τὸν

1072 1625 1217 1660 ἀσώματον
1241 1623 1326 1658 Λόγον
1345 1624 1489 1658 περίφερε.
1511 1631 1520 1648 ι
1554 1619 1718 1657 Ἐρωτάσθω
1741 1627 1861 1655 τοιγαρ-

1074 1671 1122 1698 οῦν
1148 1673 1162 1698 ὸ
1181 1669 1364 1705 λογογράφος,
1392 1668 1504 1696 ἀνθότου
1529 1666 1725 1702 ἀπαγορεύσας
1740 1666 1864 1701 Χριστὸν

1073 1717 1238 1753 γράφεσθαι,
1252 1717 1348 1752 ἀρκεῖν
1363 1714 1438 1750 αὑτῷ
1461 1714 1537 1749 λέγει
1560 1714 1611 1749 τὴν
1626 1713 1692 1748 μίαν
1711 1712 1761 1747 τῆς
1774 1712 1866 1738 ὲνσωο

1076 1763 1226 1799 ματὼσεως
1237 1761 1487 1797 ταπεινοφροσύνην
1496 1769 1503 1777 ⁶
1520 1761 1558 1792 ὼς
1568 1759 1616 1787 xui.
1632 1759 1681 1795 τὴν
1695 1758 1772 1790 ἅπαξ
1786 1759 1867 1793 αἱρε-

1075 1810 1168 1837 θεῖσαν
1194 1809 1288 1842 ἄδοξον
1304 1807 1485 1842 ὑποφεύγοντι
1511 1806 1561 1841 τὴν
1581 1804 1795 1841 δευτερεύουσαν
1815 1804 1867 1839 τῆς

1075 1854 1328 1890 ταπεινοφροσύνης
1352 1853 1518 1889 φανέρωσιν.
1538 1852 1592 1878 Καὶ
1609 1851 1666 1883 πῶς
1699 1850 1867 1885 αὐθαίρετος

1075 1902 1100 1929 εί
1131 1901 1241 1934 ἀδοεοςς
1264 1900 1295 1927 τὺ
1318 1900 1374 1936 γὰρ
1394 1898 1558 1932 αὐθαίρετον
1579 1897 1697 1930 ἔνδοξον,
1720 1896 1772 1923 οὐκ
1802 1895 1868 1931 ἔχον

1075 1947 1122 1975 τοῦ
1147 1946 1277 1974 ἀκουσίου
1306 1945 1337 1972 τὺ
1363 1945 1468 1978 ἄδοξον.
1490 1944 1521 1970 El
1538 1943 1567 1970 δὲ
1582 1942 1663 1970 τοῦτο
1683 1941 1731 1969 οὗ·
1748 1941 1809 1968 ἀλλ’
1825 1942 1868 1968 ὃτι

1076 1994 1238 2029 δευτέρωσις
1260 1993 1277 2028 ὴ
1294 1992 1324 2019 τὸ
1348 1992 1414 2019 αὐτὸ
1441 1991 1488 2018 καὶ
1514 1989 1622 2025 πρῶτον
1645 1988 1706 2016 καθ’
1732 1988 1869 2023 ὁμοίωσιν

1076 2039 1238 2070 δεικνύουσα
1269 2038 1374 2074 γραφή.
1404 2036 1465 2068 Πῶς
1489 2036 1517 2062 δὲ
1544 2036 1590 2062 καὶ
1617 2035 1648 2061 τὸ
1668 2034 1868 2069 ὑπομνηματι-

1077 2086 1170 2119 ζεσθαι
1183 2085 1216 2112 δι’
1229 2084 1315 2119 ἀκοῆς
1327 2084 1357 2110 οὐ
1373 2083 1589 2119 παραιτήσεται·
1607 2081 1664 2115 εῐγε
1678 2081 1709 2107 τὸ
1725 2080 1760 2106 δι’
1776 2080 1868 2114 ὄψεως

1080 2130 1294 2167 θριαμϐεύεσθαι
1329 2129 1367 2160 ὡς
1393 2128 1559 2164 δευτέρωσιν
1595 2126 1679 2162 φέρον
1708 2126 1869 2160 νεμεσητὸν

1080 2176 1171 2211 αὐτῷ;
1190 2175 1338 2210 Ἑκάτερον
1348 2173 1404 2209 γὰρ
1419 2172 1532 2209 θατέρου
1552 2171 1661 2199 σύνοδόν
1689 2178 1720 2197 τε
1736 2171 1784 2197 καὶ
1810 2171 1871 2196 ἰσο-

1056 2238 1058 2241 -
1077 2223 1206 2259 δύναμον,
1235 2221 1273 2253 ὡς
1289 2220 1321 2247 τὸ
1345 2219 1418 2246 θεῖον
1445 2218 1542 2254 στόμα,
1570 2216 1738 2248 Βασίλειοςὸ
1764 2216 1867 2251 μέγας,

1078 2266 1280 2303 ἀπεφθέγξατο.
1303 2265 1501 2300 Δογισθήσεται
1516 2263 1546 2289 δὲ
1567 2261 1700 2290 καὶκατὰ
1721 2261 1752 2288 τδ
1768 2261 1871 2288 ἀνά.λο⁹

1079 2323 1138 2349 γον,
1162 2313 1210 2340 καὶ
1223 2312 1253 2340 τό
1267 2312 1313 2339 τδν
1326 2311 1441 2347 σταυρὸν
1457 2309 1530 2342 ἅπαξ
1547 2308 1696 2344 γραφῆναι,
1705 2307 1801 2343 ἐτέρου
1818 2307 1870 2342 δη-

1080 2360 1148 2395 λαδὴ
1171 2358 1288 2394 σταυροῦ
1310 2357 1475 2393 δευτέρωσις
1488 2364 1495 2372 ·
1515 2355 1553 2388 ὠς
1577 2355 1625 2382 καὶ
1647 2354 1694 2380 ἐπὶ
1710 2353 1759 2380 τοῦ
1773 2353 1869 2388 Εὐαγ-

1081 2404 1186 2441 γελίου.
1205 2405 1262 2432 Καὶ
1279 2402 1377 2438 ἐπειδὴ
1388 2402 1432 2429 ἀεὶ
1446 2401 1584 2437 γράφεται
1603 2400 1748 2436 ἀμφότερα
1758 2407 1767 2415 ·
1783 2398 1871 2425 ἀπεί-

1082 2459 1146 2486 ρους
1167 2449 1320 2485 σταυροὺς,
1339 2448 1408 2484 πρὺς
1434 2448 1463 2475 δὲ
1481 2447 1530 2474 καὶ
1561 2445 1729 2480 Εὐαγγέλια,
1749 2444 1802 2480 οὐχ
1818 2444 1872 2472 ἕνα

1082 2497 1127 2525 καὶ
1145 2496 1186 2528 ἓν,
1213 2495 1360 2530 ὑπάρχειν.
1392 2494 1424 2521 Ei
1440 2494 1470 2521 δὲ
1493 2490 1535 2525 εἷς
1561 2494 1610 2520 καὶ
1636 2491 1790 2527 οὐδέτερος,
1817 2491 1871 2518 κᾶν

1084 2543 1235 2579 μυριοστῶς
1248 2542 1392 2577 γράφοιτο,
1408 2541 1525 2578 σταυρός
1540 2539 1589 2576 (2).
1604 2539 1660 2566 Καὶ
1681 2538 1711 2565 ἓν
1725 2537 1774 2565 καὶ
1790 2537 1870 2564 οὐδέ-

998 2598 1116 2627 NOTAE.

287 2656 369 2698 (l).in
389 2656 582 2698 θοὰ-Βεεηού
598 2664 673 2698 oram
686 2657 749 2698 libri
764 2665 771 2684 :
793 2656 891 2698 ’ἰστέον
909 2655 1035 2698 (inform

257 2691 396 2728 ’Δστέριος
411 2693 464 2719 ὑπὸ
474 2691 521 2718 τοῦ
537 2692 688 2728 ἀγιωτάτου
706 2691 861 2728 Σωφρονίου
873 2692 976 2728 ἐντοῖς
983 2691 1035 2728 αὺ-

250 2728 299 2755 τοῦ
318 2725 466 2758 συνοδικοῐς
483 2725 819 2762 ἀναθέματιζόμενοςήιαὶ
834 2726 886 2762 ὑπὸ
894 2725 974 2762 ἀλλοᾲυ
982 2726 1037 2753 Πα-

250 2763 316 2798 τρὸς
333 2762 515 2798 Ἀπολιναρίῳ
523 2760 699 2796 καὶἘὺτυχέῖ
708 2761 933 2798 συνταττόμενος.
946 2760 1038 2798 Scien-

251 2799 316 2825 dum
345 2798 414 2833 quod

1083 2658 1158 2692 tychs
1175 2656 1340 2692 conjuncti“.

1120 2692 1158 2727 (‘2)
1174 2691 1202 2719 In
1220 2686 1281 2720 cod.
1295 2692 1361 2727 Reg.
1375 2691 1409 2727 ad
1423 2697 1499 2727 oram
1518 2689 1581 2717 libri
1593 2697 1600 2716 :
1613 2686 1661 2727 Ei;
1672 2687 1873 2727 εστιΧριστδς,

1085 2723 1135 2754 κᾶν
1150 2723 1309 2763 γράφωνται
1328 2723 1429 2763 ιῖυρίοι.
1450 2724 1649 2763 Καὶῂσταυρὺς
1662 2723 1748 2763 οὕτω..
1759 2723 1813 2750 κᾶν
1827 2723 1875 2763 γίτ

1086 2759 1185 2789 νωντὰί
1199 2759 1334 2794 πλείονεςζ
1350 2759 1422 2788 Unus
1445 2766 1483 2788 an
1503 2759 1624 2788 Christus
1637 2766 1647 2785 :
1663 2759 1724 2794 cui,
1739 2759 1876 2785 innumeri

474 2793 570 2825 acrius
590 2805 606 2833 α
628 2793 796 2833 sanctissimo
818 2793 1039 2833 Sophronia?“
1087 2798 1241 2833 pingantur.
1255 2796 1299 2824 Sic
1313 2801 1338 2824 et
1358 2803 1435 2829 crux,
1447 2795 1507 2824 licet
1526 2795 1614 2830 plures
1631 2793 1820 2828 conﬁciantur.

254 2830 494 2861 anatltentatimtut
508 2840 517 2865 ,'
531 2837 554 2860 et
567 2832 600 2860 ab
614 2832 668 2860 alio
686 2840 746 2860 cum
758 2830 922 2867 Apollinurio
936 2837 961 2859 et
984 2830 1040 2858 Eu-
