1923 3078
87 131 153 166 1213

676 133 945 166 EPISTOLARUM
965 134 1040 167 LIB.
1068 134 1111 166 II.

1634 125 1702 168 121i

85 194 171 222 τερον,
196 186 251 214 κᾶν
274 185 398 222 ἀπείρως
430 186 576 223 γράφοιτο,
607 185 796 222 Εὑαγγέλιονο
819 189 867 216 καὶ

919 192 1018 224 gantur
1037 197 1044 216 :
1056 188 1080 216 si
1094 195 1190 222 unum,
1201 191 1229 216 et
1243 195 1298 216 non
1311 187 1437 221 alterum,
1457 187 1634 223 Evangelium
1647 193 1700 222 est,

85 230 124 266 εἷς
134 232 182 260 καὶ
196 232 227 259 οὐ
249 231 307 265 δύο,
326 231 380 259 κᾶν
403 231 537 264 ὡσαύτως
566 233 710 268 γράφοιτο,
735 233 864 269 Χριστός.

85 279 257 316 Γραφόμενος
271 278 327 313 γάρ
352 279 437 311 ἐστιν,
453 279 491 310 ὡς
515 280 788 314 ἀναγινωσκόμενος’
818 280 866 307 καὶ

85 327 114 353 οὗ
129 325 314 361 πλησθήσεται
329 322 377 357 οὖς
387 325 442 352 ἀπὸ
451 324 690 361 ἀκροάσεως,οὕτε
704 326 758 361 μὴν
768 325 867 360 ὀφθαλ-

87 371 136 407 μὸς
155 371 212 399 ἀπὸ
224 371 349 407 ὁράσεως
362 379 369 387 ’
393 371 435 398 ὅτι
459 372 473 398 6
486 371 553 403 Θεὸς
579 370 725 407 ἄνθρωπος
744 372 841 405 γέγονε
857 379 864 386 ·

85 417 132 444 καὶ
142 417 183 444 ὅτι
197 416 277 452 ὤφθη
307 416 408 452 βρέφος
428 417 443 443 6
470 416 598 448 αἰώνιος·
613 416 662 443 καὶ
682 417 866 451 γαλακτοτρο-

85 463 174 496 φείται
185 462 200 488 6
215 462 325 496 τρέφων
340 461 375 488 τὰ
389 461 550 497 σύμπαντα·
577 461 627 490 καὶ
649 461 829 496 ὰγκαλίζεται
852 463 867 489 6

84 507 288 544 ἀπερίληπτος*
315 508 363 535 καὶ
382 507 549 543 χρηματίζει
572 509 641 545 ἀνὴρ
669 509 685 535 6
710 508 865 544 ὑπέρθεος’

84 555 132 582 καὶ
147 554 312 590 βαπτίζεται
329 554 346 590 ἡ
360 554 411 589 τῆς
426 554 526 588 σοφίας
540 554 677 587 ἄϐυσσος·
703 555 751 582 καὶ
765 555 819 591 δρᾷ
833 555 867 583 τὰ

85 599 224 635 θεοπρεπῆ
251 599 300 626 καὶ
328 600 554 635 ἁνθρωποπρεπῆ
582 600 596 626 6
623 600 802 635 ὑττερούσιος⁹
820 601 867 628 καὶ

86 645 250 681 σταυροῦται
264 646 278 672 6
299 644 350 680 τῆς
369 645 450 680 δόξης
464 645 568 679 Κύριος
578 654 587 662 α
605 646 655 672 καὶ
669 645 803 672 θάπτεται
819 647 866 673 καὶ

84 691 227 719 ἀνίσταται
252 692 266 718 6
285 690 427 731 Cmqnouiw
440 691 474 718 τὰ
487 691 636 726 σύμπαντα
647 699 654 707 ·
681 691 729 718 καὶ
744 692 866 724 ἀναλαμ-

84 736 195 764 σάνεται
221 736 465 772 ἀνθρωποπρεπῶς
489 737 504 764 6
524 737 653 773 μηδαμοῦ
677 737 865 773 χωρούμενος.

83 781 237 811 Παυσάσθω
258 782 441 817 ἀπαγορεύειν
459 782 510 819 τὴν
525 782 596 810 οὕτω
612 784 746 820 σωτήριον
763 785 866 820 κόσμου

83 827 146 857 καθ’
169 829 289 861 ἑκάτερα
318 828 474 864 φανέρωσιν
488 837 495 845 ·
514 830 562 856 καὶ
584 829 634 865 τὴν
658 830 738 863 δόξαν
759 830 865 866 Κυρίου

83 873 193 906 ἀδοξίαν
220 872 433 909 ὑποτιθέμενος,
457 874 505 901 καὶ
521 875 571 910 τὴν
585 875 750 912 αὐθαίρετον
769 865 866 903 ταπει-
883 865 904 893 Β

83 919 252 956 νοφροσύνην
266 920 394 947 ἁκούσῖον
411 920 647 956 ὑποϐαλλόμενος·
667 922 818 950 παυσάσθω
839 923 867 950 δὲ

82 965 131 993 καὶ
141 965 181 1001 τῷ
194 966 304 1002 μεγάλῳ
317 967 451 1002 Βασιλείῳ
463 966 686 1002 ἀντιφερόμενος,
701 965 732 995 οὗ
744 969 761 1004 ὴ
778 969 865 1004 φωνὴ,

83 1010 152 1038 Θεοῦ
173 1008 328 1047 φωνή’ὧδέ
346 1021 397 1038 που
418 1013 621 1048 προστάσσοντι
634 1021 641 1028 ”
664 1023 674 1040 ι
710 1014 866 1050 Ἐγγραφέ-

83 1057 140 1084 σθω
153 1057 192 1093 τῷ
206 1058 301 1084 πίνακι
317 1058 366 1084 καὶ
378 1059 392 1084 ὁ
409 1058 466 1086 τῶν
485 1058 684 1094 παλαισμάτων
693 1059 868 1095 ἀγωνοθέτης

83 1104 210 1139 Χριστός.
228 1113 238 1130 ι
261 1104 398 1140 Ἐρῤίφθω
421 1104 449 1130 δέ
471 1112 524 1131 που
544 1104 617 1131 θείου
647 1104 730 1140 χοροῦ
750 1105 800 1132 σὺν
831 1106 865 1140 τῇ

83 1149 210 1185 παρούσῃ
234 1150 372 1185 ἀποφάσει
395 1151 472 1186 καὶὴ
495 1150 561 1186 ἑξῆς
588 1151 756 1186 κατάφασις,
772 1151 810 1183 ὡς
835 1151 866 1178 τδ

83 1195 141 1222 ἴσον
164 1194 215 1231 τῆς
227 1195 343 1228 ἀτοπίας
362 1195 472 1231 ἔχουσα.

117 1283 150 1310 Τί
159 1283 214 1319 γάρ
221 1292 304 1319 φησιν
313 1293 320 1317 ;
329 1283 392 1312 Ἐπὶ
399 1284 428 1311 δὲ
438 1284 489 1317 τῆς
498 1283 588 1320 ψυχῆς
598 1293 645 1311 σου
654 1285 795 1320 βαστάζων
803 1294 867 1322 νοη-

81 1329 136 1362 τῶς
146 1329 192 1357 τὸν
206 1329 352 1365 ἀσώματον
365 1330 452 1364 Λόγον
463 1331 609 1366 περίφερε.
623 1331 655 1357 Ὢ
672 1332 721 1367 τῆς
736 1331 864 1366 ἀλογίαςί

81 1376 203 1403 Οὐτίπου
212 1377 266 1412 γὰρ
278 1377 349 1403 θεῖον
361 1377 449 1411 στόμα
463 1376 609 1412 ἀσώματον
623 1377 669 1404 τὸν
681 1378 778 1412 Λόγον,
797 1378 866 1413 μετὰ

81 1422 250 1456 τὸγενέσθαι
264 1422 344 1449 αὑτὸν
363 1423 465 1458 σάρκα,
481 1422 604 1458 λέλεχεν;
624 1424 723 1450 Οὐκέτι
739 1423 790 1459 μὲν
812 1424 866 1459 γὰρ

81 1468 173 1503 σάρκα
191 1468 321 1503 Χριστὸν,
341 1467 399 1495 ἀλλ’
428 1467 478 1495 οὒκ
501 1468 648 1503 ἀσώματον
680 1469 726 1496 τὸν
740 1469 826 1504 Λόγον
852 1470 867 1496 6

83 1513 155 1562 ἱερός
175 1514 336 1562 ’.ἑπόστολος
355 1514 477 1562 εἴρηκεν,
493 1515 522 1541 ὲν
545 1511 585 1546 οἷς
603 1523 687 1550 φησιν
700 1524 708 1531 ·
725 1514 820 1551 Ἡμεῖς
831 1515 867 1542 δὲ
879 1533 901 1562 c

81 1560 141 1588 ἀπὸ
154 1560 209 1588 τοῦ
222 1560 281 1587 νῦν
301 1559 411 1588 οὐδένα
427 1560 550 1595 οῑδαμεν
563 1561 639 1588 κατὰ
660 1561 759 1596 σάρκα
776 1563 819 1589 ἐὶ
832 1561 867 1588 δὲ

80 1605 132 1632 καὶ
151 1605 324 1640 ἐγνώκαμεν
345 1605 420 1632 κατὰ
435 1605 534 1640 σάρκα
548 1606 688 1640 Χριστὸν,
708 1606 790 1635 ἀλλὰ
809 1607 867 1634 νῦν

81 1651 182 1678 οὐκέτι
202 1650 399 1686 γινώσκομεν.
413 1651 503 1688 Ὅπερ
519 1652 678 1688 ἑρμηνεύων
699 1653 713 1679 ό
736 1653 867 1686 Θεολόγος

81 1697 246 1732 Γρηγόριοζ,
258 1697 292 1723 τὰ
307 1697 428 1733 σαρκικὰ
441 1697 493 1733 ἔφη
510 1698 596 1734 πάθη,
614 1699 662 1725 καὶ
674 1699 756 1734 χωρὶς
774 1699 867 1734 ἁμαρ-

80 1742 143 1773 τίας
157 1742 282 1778 ἡμέτερα
300 1751 307 1758 ·
330 1742 368 1775 ὡς
381 1743 429 1770 καὶ
447 1743 564 1778 ἀλλαχοῦ
584 1752 667 1780 φησιν
682 1751 690 1760 ·
701 1744 800 1771 Οὐκέτι
816 1744 867 1779 μὲν

83 1789 184 1823 σάρκα,
198 1789 248 1819 οὐκ
261 1789 408 1824 ἀσώματον
419 1789 457 1816 δέ.
478 1789 509 1816 '0
522 1790 551 1816 δὲ
566 1789 713 1826 ἀσώματον
720 1791 767 1816 τὸν
779 1791 867 1826 Λόγον

81 1835 185 1870 φήσας,
205 1835 236 1861 οὐ
265 1836 346 1870 μόνον
370 1837 427 1867 τοῖς
451 1835 537 1868 δυσὶν,
557 1835 627 1862 ἀλλὰ
653 1837 701 1862 καὶ
715 1837 784 1863 πᾶσι
810 1838 868 1869 τοῖς

81 1880 225 1916 θεοφόροις
241 1880 397 1916 μαχόμενος
407 1878 471 1908 εἶεν.
489 1881 628 1909 Δέδεικται
642 1882 732 1909 τοίνυν
759 1882 867 1917 φύσεως

80 1927 155 1962 λόγῳ
178 1927 273 1963 ἀτόπῳ
303 1927 403 1954 ἄτοπον
430 1927 653 1963 ὲπακολουθῆσαν
669 1937 676 1944 ·
689 1929 737 1956 καὶ
759 1930 793 1964 τῇ
819 1929 866 1956 τοῦ

80 1972 200 2007 ψεύδους
217 1973 358 2008 ἀνατροπῇ
378 1973 481 2000 κείσθω
500 1973 687 2009 ἀντιστρόφως
708 1976 725 2010 ἡ
740 1975 867 2010 ἀλήθεια.

81 2018 161 2051 Πῶς;
181 2018 274 2054 Γράφε
297 2018 342 2045 τὸν
362 2019 479 2054 Χριστὸν
497 2020 564 2046 ὅπου
579 2020 620 2047 δεῖ
633 2028 639 2035 ·
655 2020 692 2052 ὡς
703 2021 774 2056 ἔχων
787 2021 869 2048 αὑτὸν

82 2063 265 2092 κατοικοῦντα
280 2065 309 2092 ὲν
321 2066 355 2101 τῇ
367 2065 466 2101 καρδία
477 2074 524 2092 σου
539 2074 547 2082 ·
562 2066 606 2092 ῐνα
621 2066 668 2093 καὶ
684 2067 870 2101 ἀναγινωσκό-

83 2117 167 2144 μενος
184 2110 214 2136 ἐν
237 2109 334 2146 δέλτῳ,
348 2111 395 2137 καὶ
418 2110 556 2146 ὁρώμενος
572 2113 601 2138 ὲν
623 2112 717 2148 Γραφῇ
733 2122 740 2129 ·
755 2113 793 2144 ὼς
809 2114 869 2146 ταῖς

81 2155 162 2182 δυσὶν
185 2155 330 2191 αἰσθήσεσι
353 2156 554 2192 γνωριζόμενος
567 2149 674 2191 διττῶς,
691 2158 794 2195 φωτίζῃ
820 2167 867 2186 σου

917 236 970 264 etsi
991 235 1098 263 inﬁnite
1117 235 1311 264 describatur:
1328 235 1369 262 sic
1393 242 1475 268 unus,
1489 242 1545 262 non
1565 235 1701 269 geminus,

917 282 968 310 etsi
993 281 1118 310 similiter
1155 281 1294 316 pingalur,
1326 280 1453 308 Christus
1493 284 1545 308 est.
1576 280 1702 316 Pingitur

916 328 1002 361 enim,
1019 332 1051 356 ut
1064 331 1092 355 et
1103 327 1201 362 legitur
1214 336 1220 354 :
1238 334 1287 354 nec
1299 326 1494 361 multiplicatur
1508 326 1583 354 auris
1594 326 1700 359 auditu,

916 378 964 402 aut
987 373 1085 401 oculus
1099 373 1169 400 visu.
1187 371 1247 400 Jam
1275 380 1337 400 cum
1363 372 1436 400 Deus
1451 371 1542 400 factus
1554 372 1635 399 homo
1651 373 1698 406 sit,

917 419 1007 448 infans
1032 419 1143 448 habitus
1160 419 1206 454 qui
1220 418 1404 454 sempiternus
1419 427 1426 445 :
1442 425 1505 445 cum
1522 417 1593 445 lacte
1612 418 1703 445 alatur

917 473 965 501 per
994 473 1076 501 quem
1099 465 1227 492 universa
1255 464 1385 497 aluntur;
1404 471 1467 491 cum
1492 463 1703 499 incomprehen-

918 511 1006 539 sibilis
1032 511 1104 539 ulnis
1125 510 1316 543 contineatur;
1331 517 1393 537 cum
1424 509 1466 536 vir
1485 509 1636 544 appelletur
1654 509 1702 544 qui

918 556 990 584 Deus
1007 556 1125 583 eximius
1137 559 1179 583 est
1193 563 1200 588 ;
1216 563 1279 583 cum
1294 555 1447 590 baptizatur
1471 553 1496 582 is
1516 554 1595 589 cujus
1618 554 1700 582 inex-

918 602 1016 630 hausta
1046 600 1179 636 sapientia
1210 604 1273 634 est;
1295 607 1357 627 cum
1395 599 1488 626 divina
1526 599 1704 635 humanaque

916 651 1028 683 peragat
1044 647 1092 682 qui
1110 651 1235 674 naturam
1257 653 1365 673 omnem
1394 648 1525 680 superat;
1544 653 1606 674 cum
1626 646 1702 673 cruci

918 692 1049 719 Dominus
1063 691 1156 726 gloriae
1186 691 1331 726 alligatur;
1358 691 1505 726 sepeliatur
1528 698 1560 718 ac
1578 695 1703 726 resurgat

917 739 941 766 is
965 738 1011 773 qui
1036 738 1118 765 rebus
1131 736 1259 764 omnibus
1275 736 1359 763 vitam
1388 736 1531 771 impertit;
1552 736 1702 771 accipiatur

917 784 1034 819 denique
1048 788 1078 810 ut
1093 783 1235 810 hominem
1251 782 1329 810 decet
1341 782 1365 810 is
1384 783 1431 817 qui
1445 782 1523 809 nullo
1538 783 1625 817 spatio
1637 790 1703 810 cou-

918 830 1028 858 tinetur.
1046 829 1160 857 Desinat
1181 833 1236 856 tam
1248 829 1397 856 salutarem
1412 828 1517 856 mundo
1537 833 1654 864 utraque
1669 836 1703 856 ex

917 881 994 912 parte
1009 874 1256 903 manifestationem
1282 873 1439 909 prohibere,
1468 878 1574 902 etcum
1595 873 1702 901 Domini

917 922 1030 957 gloriam
1056 921 1235 956 ignominiam
1258 924 1376 954 reputat,
1391 925 1419 947 et
1447 927 1509 947 cum
1526 924 1703 954 spontaneam

917 967 1099 995 humilitatem
1116 970 1211 994 contra
1227 965 1397 992 voluntatem
1417 965 1504 992 fuisse
1518 965 1587 992 falso
1601 972 1704 1000 suppo-

917 1013 957 1040 nit
970 1021 977 1040 :
994 1012 1103 1040 desinat
1116 1016 1143 1038 et
1153 1019 1252 1047 magno
1268 1010 1368 1038 Basilio
1385 1010 1535 1044 adversari,
1547 1010 1626 1046 cujus
1639 1018 1702 1043 vox,

917 1059 964 1087 Dei
979 1065 1032 1086 vox
1043 1062 1104 1085 est:
1121 1057 1162 1085 sic
1180 1062 1272 1084 autem
1289 1057 1312 1084 is
1327 1056 1428 1084 alicubi
1448 1056 1592 1091 praecipit:
1614 1065 1624 1082 ι
1638 1055 1703 1084 Pin-

916 1109 995 1140 gatur
1011 1104 1038 1131 in
1055 1103 1148 1131 tabula
1166 1109 1193 1131 et
1214 1103 1394 1131 certaminum
1413 1110 1514 1138 praeses
1530 1102 1656 1130 Christus
1669 1103 1703 1130 ⁸¹.

917 1150 1084 1185 llepudietur
1110 1153 1201 1176 autem
1221 1157 1236 1176 a
1262 1149 1369 1184 piorum
1387 1153 1459 1176 coetu
1487 1156 1551 1176 cum
1571 1148 1622 1176 hac
1639 1156 1703 1176 sen-

916 1197 1012 1230 tentia,
1028 1203 1146 1231 sequens
1166 1203 1276 1231 quoque
1305 1195 1432 1228 assertio,
1458 1202 1520 1223 cum
1545 1196 1582 1223 ait
1609 1195 1656 1222 illa
1670 1202 1703 1223 ex

915 1249 995 1278 aequo
1007 1241 1137 1269 absurda.
1685 1248 1687 1250 -

951 1288 1022 1322 Quid
1032 1287 1105 1316 enim
1120 1286 1176 1314 ait?
1190 1286 1220 1314 ln
1235 1286 1326 1314 animo
1335 1291 1381 1314 tuo
1390 1294 1437 1321 per
1445 1286 1703 1321 contemplationem

916 1335 1109 1369 incorporeum
1142 1331 1261 1360 Verbum
1292 1332 1488 1360 circumferat)
1514 1333 1700 1359 dementiaml

916 1380 1044 1415 Nunquid
1061 1379 1132 1407 enim
1150 1379 1195 1406 Dei
1207 1386 1258 1406 vox
1274 1378 1467 1413 incorporeum
1484 1378 1613 1411 Verbum,
1630 1382 1706 1413 post-

916 1433 999 1462 quam
1014 1433 1078 1454 caro
1106 1425 1208 1452 factum
1237 1429 1290 1456 est.
1321 1425 1491 1460 appellavit?
1521 1424 1578 1451 Non
1593 1432 1703 1451 carnem

915 1472 1027 1508 quidem
1043 1471 1192 1503 Christum.
1214 1471 1260 1499 sed
1273 1479 1360 1506 neque
1374 1471 1564 1505 incorporeum
1585 1469 1704 1497 Verbum

916 1525 994 1546 sacer
1009 1517 1156 1552 Apostolus
1172 1515 1250 1549 dixit,
1261 1515 1306 1543 ubi
1317 1515 1357 1543 sic
1368 1514 1406 1542 ait
1420 1525 1427 1542 :
1442 1515 1536 1550 Itaque
1551 1522 1599 1541 nos
1612 1522 1644 1541 ea:
1656 1514 1706 1540 hoc

921 1563 1049 1592 neminem
1061 1562 1180 1589 novimus
1208 1561 1353 1588 secundum
1367 1568 1493 1588 carnem:
1512 1561 1562 1588 eui
1584 1560 1706 1595 cognovi-

920 1617 978 1636 mus
989 1608 1132 1636 secundum
1145 1616 1249 1634 carnem
1263 1606 1418 1639 Christum;
1433 1606 1478 1633 sed
1495 1614 1562 1632 nunc
1577 1605 1636 1641 jam
1653 1613 1705 1632 non

920 1654 1039 1681 nouimus
1051 1653 1083 1681 ".
1100 1652 1178 1686 Quod
1195 1652 1389 1686 interpretatus
1413 1651 1561 1686 Gregorius
1590 1651 1706 1678 Theolo-

920 1708 970 1736 gus
988 1700 1021 1733 ",
1033 1700 1123 1727 carnis
1148 1698 1218 1726 dixit
1248 1697 1371 1729 affectus,
1385 1701 1412 1725 et
1437 1705 1498 1732 quae
1525 1701 1618 1724 nostra
1635 1702 1702 1724 sunt

920 1746 1024 1781 absque
1036 1749 1164 1780 peccato:
1185 1748 1254 1772 utet
1269 1744 1333 1771 alibi
1347 1743 1412 1770 dicit
1426 1750 1432 1767 :
1450 1743 1506 1778 jam
1526 1742 1636 1777 quidem
1651 1749 1706 1769 non

921 1798 1041 1825 carnem,
1055 1799 1109 1818 non
1134 1790 1326 1825 incorporeum
1351 1794 1453 1816 tamen.
1471 1788 1522 1821 Qui
1538 1795 1602 1816 vero
1616 1789 1707 1815 incor-

920 1844 1033 1873 poreum
1047 1835 1166 1864 Verbum
1187 1835 1263 1868 dicit,
1288 1842 1343 1862 non
1368 1834 1476 1862 duobus
1508 1834 1600 1866 modo,
1618 1833 1664 1861 sed
1679 1838 1707 1860 et

920 1883 1047 1912 omnibus
1071 1882 1173 1910 sanctis
1199 1881 1326 1909 Patribus
1359 1881 1530 1908 adversatur.
1559 1878 1705 1907 OstenSum

921 1928 1004 1965 igitur
1018 1929 1124 1956 ratione
1138 1928 1260 1963 physica,
1286 1927 1436 1955 absurdum
1449 1934 1483 1954 ex
1498 1925 1621 1953 absurdo
1638 1933 1706 1953 con-

921 1974 1010 2010 sequi.
1023 1973 1082 2001 Jam
1100 1973 1244 2008 proﬂigato
1258 1972 1412 2004 mendacio,
1428 1979 1461 1999 ex
1472 1971 1587 1998 adverso
1603 1969 1706 1997 veritas

921 2024 1066 2048 statuatur.
1083 2019 1141 2052 Quo
1155 2018 1257 2053 pacto?
1287 2017 1426 2045 Christum
1453 2016 1533 2051 pinge
1552 2015 1598 2043 ubi
1618 2022 1707 2050 operae

921 2066 1038 2102 pretium
1057 2065 1139 2092 fuerit
1154 2074 1160 2092 :
1179 2069 1306 2099 tanquam
1326 2063 1414 2098 ipsum
1429 2069 1524 2098 gerens
1539 2061 1706 2088 habitantem

922 2113 950 2140 in
965 2111 1049 2139 corde
1062 2115 1110 2138 tuo
1125 2119 1132 2137 :
1151 2114 1182 2137 ut
1194 2110 1252 2137 sive
1272 2110 1299 2136 in
1313 2109 1385 2136 libro
1402 2108 1520 2143 legatur,
1536 2107 1593 2134 sive
1608 2114 1721 2134 cerna-.

923 2165 967 2188 tur
986 2160 1013 2187 in
1030 2159 1155 2194 pictura;
1184 2162 1314 2193 tanquam
1342 2156 1444 2191 duplici
1473 2163 1557 2184 sensu
1585 2156 1705 2190 agnitus,

82 2201 133 2234 τὰς
148 2201 252 2238 φρένας
270 2202 423 2238 ’,μαθόντος
447 2203 516 2238 ὅπερ
535 2203 580 2230 διὰ
596 2203 676 2238 λόγου
692 2204 863 2241 κατηχήθης,

922 2202 1048 2231 bifariam
1063 2202 1186 2229 animum
1202 2206 1279 2229 tuum
1291 2201 1442 2233 collustret,
1459 2204 1599 2235 expertum
1612 2200 1707 2234 utique

81 2247 164 2273 τοῦτο
174 2247 286 2282 βλέπειν
298 2248 359 2274 κατ’
378 2248 547 2283 ὀφθαλμούς.
565 2249 620 2276 Καί
633 2258 665 2284 γε
683 2251 712 2277 ὲν
725 2250 764 2285 τῷ
782 2251 870 2283 οὕτως

82 2291 281 2324 ἀκοντίζεσθαι
299 2293 346 2318 καὶ
369 2292 494 2328 ὁρᾶσθαι,
510 2293 561 2320 οὐκ
577 2294 633 2329 ἔχει
657 2294 737 2329 φύσιν
752 2295 790 2331 μὴ
809 2295 871 2331 οὐχὶ

81 2336 246 2370 δοξάζεσθαι
261 2337 340 2370 Θεὸν,
354 2338 402 2364 καὶ
417 2338 635 2366 κατανύττεσθαι
663 2340 807 2376 ἄνθρωπον
819 2340 868 2366 εὐ-

83 2383 154 2418 σεϐῆ
169 2392 175 2399 ·
193 2381 224 2410 οὗ
246 2384 274 2410 τί
288 2383 322 2411 ἂν
336 2385 442 2419 γένοιτο
460 2385 715 2421 σωτηριωδέστερον
738 2386 786 2413 καὶ
810 2385 871 2421 Θεῷ

82 2430 271 2465 εὐπρόσιτονς
292 2430 385 2463 Οὕτως
405 2429 452 2458 οὖν
474 2432 497 2458 οἱ
517 2432 659 2467 οὐδαμινοὶ
683 2432 799 2468 νοοῦμεν
821 2433 871 2460 τά-

81 2475 159 2512 ληθῆ
176 2484 182 2492 ’
201 2477 226 2503 εί
243 2477 291 2503 καί
304 2485 377 2508 τινες
398 2477 453 2504 τῶν
468 2477 521 2513 πρὸ
533 2477 613 2513 ἡμῶν
639 2478 720 2513 ἱερῶν
741 2477 872 2513 Πατέρων

82 2521 190 2557 ἑτέρως
214 2522 383 2558 ὑπειλήφασι
398 2522 429 2550 τὸ
449 2522 604 2559 διελεγχθὲν
630 2523 789 2559 πρόϐλημα.
817 2524 873 2559 Τῆς

83 2566 154 2602 γοῦν
171 2567 251 2595 τοῦδε
267 2568 358 2604 φωνῆς
373 2568 584 2605 περαιωθείσης,
601 2569 644 2601 τίς
663 2570 680 2605 ἡ
691 2569 739 2596 τοῦ
759 2570 874 2604 Ἐπιφα-

83 2621 147 2640 νιου
160 2614 218 2649 (5);
238 2614 341 2649 Νοήσει
366 2615 382 2651 η
410 2616 444 2651 σὴ
461 2616 617 2649 θεοσέὸεια,
635 2616 660 2642 εί
680 2615 788 2650 πρέπον
814 2616 874 2642 ἐστὶ

85 2696 110 2727 Ρ
111 2696 172 2725 ilio.

919 2249 992 2284 quod
1020 2255 1069 2283 per
1083 2254 1240 2275 sermonem
1257 2247 1370 2274 edoctus
1393 2254 1432 2280 es,
1447 2246 1500 2273 hoc
1513 2246 1601 2280 ipsum
1618 2244 1706 2272 oculis

921 2291 1032 2320 intueri.
1052 2291 1135 2326 Atqui
1153 2299 1214 2319 cum
1229 2291 1270 2318 sic
1285 2290 1393 2318 auditur
1408 2298 1441 2318 ac
1456 2290 1590 2322 cernitur,
1609 2294 1705 2317 natura

921 2337 1037 2366 omnino
1053 2342 1240 2373 comparatum
1257 2341 1297 2365 est
1309 2341 1339 2364 ut
1352 2341 1380 2365 et
1396 2336 1563 2373 gloriﬁcetur
1580 2335 1662 2368 Deus,
1678 2339 1707 2362 et

920 2386 1004 2414 homo
1027 2385 1090 2420 pius
1105 2385 1198 2412 dolore
1214 2389 1352 2420 pungatur
1365 2404 1373 2417 ,
1400 2391 1456 2419 quo
1476 2383 1541 2419 quid
1556 2382 1706 2410 salutarius

921 2431 980 2459 fieri
1005 2436 1106 2467 potest,
1137 2435 1183 2458 aut
1203 2430 1334 2458 lacilioris
1354 2430 1389 2458 ad
1412 2429 1499 2458 Deum
1529 2427 1704 2456 adituSYSic

922 2476 1005 2511 igitur
1020 2484 1070 2503 nos
1083 2475 1175 2511 pusilli
1198 2484 1261 2503 vera
1277 2475 1430 2509 cogitamus
1449 2484 1456 2502 :
1476 2474 1527 2502 etsi
1554 2473 1707 2509 quidamqe

922 2523 1024 2551 sanctis
1040 2522 1180 2554 Patrihus,
1198 2522 1245 2557 qui
1274 2529 1324 2549 nos
1349 2524 1557 2556 praecesserunt,
1581 2519 1708 2547 confuta-

922 2575 979 2598 tam
997 2569 1176 2605 quaestionem
1204 2569 1283 2597 aliter
1310 2576 1449 2603 accepere.
1471 2567 1528 2595 Hac
1544 2567 1626 2602 igitur
1642 2573 1709 2594 con-

922 2616 993 2644 fecta
1017 2616 1091 2643 illius
1110 2616 1256 2648 sententia,
1277 2622 1401 2650 quamam
1436 2614 1522 2641 altera
1563 2611 1707 2648 Epiphanii

123 2660 145 2676 ·¹
161 2659 264 2688 Homil.
286 2668 294 2688 l
310 2659 348 2689 De
360 2661 444 2690 divite
457 2667 484 2690 et
496 2661 612 2690 Lazaro.
648 2661 671 2677 “
692 2661 770 2689 Orat.
790 2662 819 2689 in
835 2661 866 2690 S.
887 2661 1037 2695 Barlaam,
1054 2661 1081 2689 in
1096 2661 1159 2690 line.
1197 2661 1219 2678 ⁸³
1231 2661 1253 2690 ll
1266 2660 1330 2689 Cor.
1346 2669 1373 2694 ν,
1392 2660 1435 2687 l6.
1473 2659 1496 2675 “
1513 2657 1590 2687 Orat.
1609 2658 1653 2691 ll,
1673 2658 1709 2685 de

839 2741 955 2770 ΝΟΤᾸΕ.

123 2788 282 2826 (ψη-ωδ,
293 2788 361 2826 Reg.
375 2787 418 2826 ad
424 2794 500 2814 oram
510 2787 589 2826 libri:
602 2787 701 2826 ’ῐστέρν
710 2787 749 2819 ὡς
762 2787 877 2826 Ἐπιφα-

87 2821 146 2857 νιος
156 2821 218 2851 ’ὑπὸ
233 2824 281 2851 τοῦ
295 2823 375 2858 ἁγίου
391 2822 605 2858 Ἑπιφανίουεὲνγ
615 2822 655 2858 τῷ
670 2821 719 2858 λβ’.
737 2823 877 2858 κεφαλαίῳ

89 2861 148 2891 τῶν
160 2859 304 2896 αἱρέσεων,
312 2858 480 2895 Οὑαλεντίνῳ
490 2858 536 2886 καὶ
550 2857 675 2894 Ἰσιδώρῳ
688 2857 876 2887 συντάττεται·

1006 2787 1035 2827 δέξ
1057 2787 1105 2815 τοῦ
1126 2787 1208 2827 dﬁcit
1233 2786 1482 2827 Eugippovloths‘rd‘
1507 2785 1710 2827 Kapnoxpéfqv

936 2823 1096 2856 Ἐπιφάνιος
1120 2820 1359 2886 ἀναθῗατίζέται.
1387 2820 1529 2849 Sciendum
1555 2820 1626 2862 quod
1645 2820 1710 2856 Epi-

936 2858 1043 2886 phanius
1060 2867 1076 2886 a
1086 2863 1178 2886 sancto
1219 2857 1355 2886 vinhanto.
1366 2857 1498 2885 ltazmeon
1510 2861 1596 2886 cantte
1613 2864 1710 2886 xxxul.

929 2858 1043 2893 phanius
1060 2867 1076 2886 a
1086 2863 1178 2886 sancto
1194 2857 1355 2893 Epiphanio,
1366 2857 1498 2885 ltazmeon
1510 2857 1596 2892 capite
1613 2864 1710 2890 xxxul.
