1923 3078
236 135 306 167 1215

826 138 856 168 S.
876 134 1073 170 THEODORI
1090 139 1262 171 STUDITE

1785 134 1861 169 1216

231 191 296 219 est?
311 189 416 218 Viderit
430 190 519 225 pietas
533 195 589 223 tua,
618 198 684 218 num
700 191 795 219 deceat
818 192 956 228 depictum
971 201 1020 221 co-

1078 194 1138 222 θεδν
1153 194 1225 230 ἔχειν
1241 194 1315 229 ἡμᾶς
1334 191 1516 228 ζωγραφητὸν
1538 191 1582 218 διὰ
1602 191 1769 227 χρωμάτων.
1784 193 1862 228 Ὀρα

231 235 337 264 loribus
357 243 406 263 nos
420 235 520 263 habere
535 235 632 264 Deum.
662 235 730 264 Vide
743 244 826 272 porro
845 238 1016 265 mendacem.

231 281 291 310 Non
308 283 446 310 C-hristum
465 283 543 316 dixit,
572 284 598 310 in
627 292 682 319 quo
707 285 925 320 circumscriptio
954 294 1017 313 cum

230 329 515 363 ineircumscriptione
533 330 737 358 demonstratur
752 340 758 358 :
776 331 816 358 sic
833 333 905 358 enim
918 333 1019 359 utrius-

231 383 283 410 que
305 380 410 403 natura;
424 376 572 403 deelaratiu
597 377 644 404 iit:
667 377 713 404 sed
739 377 823 404 Deum
851 378 951 405 habere
968 386 1018 406 nos

232 421 382 456 depictum,
411 421 528 449 Verbum
557 422 727 450 humanitate
756 431 861 451 exuens
881 432 914 451 ex
931 424 1018 450 Mani-

231 467 370 494 chaeorum
394 468 537 500 sententia,
563 475 595 495 ac
618 468 703 495 Deum
724 469 827 496 nudum
851 476 1017 504 proponens,

233 516 263 539 ut
281 513 477 548 propositionis
512 513 681 541 absurdilatc
721 518 823 542 terreat
850 516 1018 542 audientem.

234 558 280 585 Sic
292 558 414 594 profecto
438 563 465 586 et
487 559 622 586 visibilem
652 559 736 587 Deum
752 561 843 588 dicere
869 561 1019 589 absurdum

234 609 293 632 est:
311 605 445 640 siquidem
469 605 508 632 ait
531 605 622 632 divina
648 605 810 640 Scriptura:
836 607 921 634 Deum
946 615 1020 633 nemo

231 650 298 678 uidit
306 659 431 684 unquam,
441 651 584 686 etquidem
597 652 746 687 unigenitus
760 651 859 684 Filius,
873 661 935 680 cum
948 653 1020 681 Deus

232 701 305 724 esset
322 701 348 724 et
359 702 527 729 cerneretur,
553 697 605 725 hoc
624 698 714 733 ipsum
751 699 929 726 enarravit".
955 698 1019 732 Sed,

234 743 327 778 procul
340 743 434 776 dubio,
444 744 548 771 nudum
565 745 733 772 humanitate
749 744 833 772 Deum
851 753 931 772 nemo
942 745 1020 775 vidit.

235 789 368 822 Quoniam
390 797 452 817 vero
479 790 636 825 unigenitus
650 798 703 817 non
731 791 768 818 ita
784 791 873 818 nudus
893 797 954 825 post
981 791 1022 818 in-

235 837 421 863 carnationem
435 845 441 868 ;
458 836 561 864 idcirco
572 842 598 864 et
609 837 784 872 aspectabilis
793 842 844 865 est.
861 837 930 865 llinc
943 845 1022 865 sacer

1070 240 1102 275 δὴ
1121 240 1167 267 τὸν
1189 239 1367 274 ψευδηγόρον.
1383 238 1420 266 Οὺ
1434 237 1552 272 Χριστὸν
1567 235 1653 269 εἶπεν,
1669 236 1713 272 ἐφ’
1729 233 1751 271 ᾦ
1762 237 1862 272 δηλοῦ-

1071 287 1142 320 ταιή
1159 285 1318 320 περιγραφὴ
1335 284 1403 319 μετὰ
1417 282 1464 310 τοῦ
1488 282 1697 318 ἀπεριγράπτου
1711 289 1719 297 ⁰
1738 279 1790 309 ὦδε
1803 283 1861 317 γὰρ

1071 331 1124 358 τῶν
1138 331 1276 365 ἑκατέρων
1292 330 1400 364 φύσεων
1416 330 1433 363 ἡ
1449 329 1564 364 δήλωσις
1581 337 1589 344 ·
1606 328 1675 355 ἀλλὰ
1698 328 1766 355 Θεὸν
1785 328 1862 363 ἔχειν

1071 378 1147 412 ἡμᾶς
1176 375 1357 412 ζωγραφητόν
1377 382 1385 390 ⁸
1410 375 1602 410 ἀπαμφιεννὺς
1628 375 1675 401 τὸν
1698 375 1785 408 Λόγον
1807 374 1861 408 τῆς

1072 421 1282 457 ἀνθρωπότητος
1297 419 1461 454 Μανιχαῑκῷ
1476 419 1641 455 φρονήματι,
1659 419 1708 446 καὶ
1727 419 1794 445 Θεὸν
1809 426 1861 452 γυο

1073 469 1139 503 μνὸν
1160 469 1320 504 προτείνας·
1335 468 1373 500 ὡς
1398 467 1431 494 ἂν
1448 467 1488 502 τῷ
1502 467 1597 502 ἀτόπῳ
1623 467 1674 502 τῆς
1697 467 1861 501 προτάσεως

1072 515 1118 541 τὸν
1142 514 1282 550 ἀκροατὴν
1319 514 1493 548 ἐκπλήξειεν.
1522 513 1600 540 Οὕτω
1628 513 1660 549 δὴ
1685 515 1732 540 καὶ
1761 514 1862 548 ὁρατὸν

1072 561 1139 587 Θεὸν
1160 562 1248 587 εἰπεῖν
1267 561 1383 587 ἔκτοπον
1399 568 1405 575 ·
1423 560 1502 596 εῐπερ
1522 560 1591 594 φησι
1608 559 1642 585 τὰ
1666 559 1726 585 θεῖα
1750 559 1840 594 Λόγια
1852 567 1860 575 ·

1074 605 1148 632 Θεὸν
1166 605 1265 638 οὐδεὶς
1281 605 1393 640 ἑώρακε
1406 605 1524 632 πώποτε
1541 613 1548 620 ο
1563 605 1609 632 καὶ
1625 605 1678 640 μὴν
1701 606 1718 632 ό
1734 613 1862 640 μονογε-

1072 652 1131 686 νὴς
1142 652 1208 684 Υἱὸς
1222 652 1288 683 Θεὸς
1306 651 1345 678 ὢν
1357 653 1405 678 καὶ
1418 651 1567 687 ὁρώμενος,
1587 650 1668 678 τοῦτο
1682 650 1839 687 ἐξηγήσατο
1853 659 1860 666 ·

1073 697 1131 724 ἀλλ’
1153 697 1265 732 εὔδηλον
1281 697 1322 724 ὅτι
1339 697 1442 731 γυμνὸν
1461 697 1528 723 Θεὸν
1545 696 1755 732 ἀνθρωπότητος
1772 697 1864 729 οὐδεὶς

1074 742 1204 778 ἑώρακεν.
1228 742 1305 769 Ἐπεὶ
1316 742 1343 769 δὲ
1357 744 1371 769 ὁ
1385 742 1541 777 Μονογενὴς
1553 742 1583 768 οὑ
1596 742 1700 776 γυμνὸς
1716 742 1787 778 μετὰ.
1811 743 1864 777 τὴν

1075 790 1223 824 σάρκωσιν,
1236 789 1280 816 διὰ
1289 788 1368 815 τοῦτο
1377 789 1425 815 καὶ
1440 789 1546 824 ὁρατός.
1556 789 1612 815 Καὶ
1624 789 1754 824 βεόόηκεν
1764 789 1778 815 ὁ
1789 789 1862 825 ἱερὸς

1082 835 1244 867 ’Δπόστολος
1258 844 1264 850 ·
1281 836 1353 868 Θεὸς
1363 834 1533 869 ἐφανερώθη
1545 835 1580 861 ἑν
1592 835 1694 869 σαρκὶ,
1702 835 1864 869 ἐδικαιώθη

235 881 383 915 Apostolus
402 882 521 910 clamat:
543 881 611 908 Deus
625 883 811 917 manifestata;
827 887 865 909 est
883 883 911 909 in
930 891 1019 915 carne,

1078 883 1106 910 ἓν
1135 882 1282 916 πνέυματι
1298 902 1306 916 ,
1331 881 1414 917 ὤφθη
1438 882 1578 917 ἀγγέλοις
1593 903 1600 914 ,
1623 883 1777 916 ἐκηρύχθη
1821 882 1859 909 ἐν

233 927 399 962 justi/iratus
418 933 455 954 est
476 929 504 954 in
519 929 626 963 spiritu,
651 929 776 963 apparuit
802 929 911 964 angelis,
928 929 1024 962 prtuli—

235 979 312 1004 catus
322 978 360 1000 est
376 974 403 1000 in
421 974 550 1009 gentibus,
572 974 687 1002 creditus
701 980 739 1002 est
759 975 785 1002 in
797 975 903 1007 mundo,
920 983 1024 1002 assunt-

234 1024 295 1055 ptus
310 1024 347 1047 est
362 1020 388 1046 in
402 1020 487 1055 gloria
501 1020 533 1047 ⁸⁵.
551 1020 619 1048 Illud
635 1020 728 1055 utique
739 1021 769 1047 in
783 1029 873 1054 carne,
903 1021 930 1048 in
952 1010 1021 1055 qua-

235 1073 344 1101 cunque
355 1067 543 1094 enuntiatione
568 1075 648 1101 atquo
672 1067 734 1101 jure
763 1066 1022 1102 subintelligendnm

235 1117 287 1139 est.
303 1111 430 1139 Cohaeret
450 1112 523 1139 enim
538 1119 590 1140 vox
608 1113 653 1139 illa
672 1113 756 1147 prior,
779 1120 834 1139 non
859 1112 941 1139 modo
959 1120 1022 1139 cum

236 1158 480 1192 subsequentibus,
501 1158 548 1186 sed
568 1164 595 1185 et
617 1166 680 1185 cum
709 1158 838 1186 omnibus
863 1158 1025 1192 incorpora-

236 1203 321 1231 tionis
333 1203 555 1238 proprietatibus.
582 1203 817 1236 Quemadmodum
838 1203 921 1238 igitur
949 1203 1022 1231 Deus

238 1247 430 1276 manifestatus
454 1253 496 1276 est
514 1249 542 1276 in
557 1256 658 1282 carne;
675 1249 716 1276 sic
733 1254 760 1277 et
786 1249 813 1276 in
833 1249 949 1284 singulis
963 1257 1025 1284 quae

239 1300 301 1323 sunt
316 1299 379 1323 ante
401 1301 626 1323 commemorata.
646 1295 739 1331 Neque
755 1297 829 1324 enim
848 1302 946 1324 natura
960 1296 1022 1329 fert,

239 1346 278 1373 ut,
295 1341 348 1368 nisi
365 1341 585 1376 subintelligatur
599 1342 665 1369 illud
680 1343 707 1368 in
723 1350 814 1374 carne,
833 1346 880 1369 aut
893 1350 1025 1377 apparue-

239 1387 286 1420 rit,
297 1391 344 1414 aut
363 1392 512 1422 assumptus
527 1388 572 1414 sit.
588 1387 629 1415 [ta
648 1388 774 1415 videlicet
783 1393 809 1414 et
825 1387 895 1415 lacte
907 1388 1027 1415 nutritur

1071 927 1203 959 ἔθνεσιν,
1212 927 1374 961 ἐπιστεύθη
1385 928 1420 954 ἐν
1430 928 1545 961 κόσμῳ,
1557 927 1713 961 ἀνελήφθη
1726 927 1760 953 ὲν
1775 927 1863 961 δόξῃ.

1072 974 1109 1001 Τὸ
1121 972 1168 1000 οὖν
1187 973 1222 1000 ἐν
1236 973 1337 1008 σαρκὶ,
1354 974 1401 999 ἐπὶ
1422 974 1497 1009 πάσῃ
1519 974 1672 1007 ἁποφάνσει
1695 972 1748 999 ἀπὸ
1769 973 1862 1000 κοινοῦ

1071 1019 1199 1056 ληπτέον.
1216 1019 1318 1054 Εἱρμὸς
1331 1019 1386 1054 γάρ
1413 1019 1455 1051 τίς
1480 1020 1554 1046 ἐστιν
1569 1021 1584 1054 ἡ
1609 1020 1706 1054 πρώτη
1721 1020 1810 1054 φωνὴ,
1829 1020 1862 1046 οὐ

1074 1066 1154 1102 μόνον
1167 1067 1226 1097 ταῖς
1242 1065 1342 1101 ἑφεξῆς
1360 1074 1367 1081 ·
1380 1065 1448 1092 ἀλλὰ
1466 1066 1521 1101 γὰρ
1542 1066 1589 1092 καὶ
1616 1067 1719 1097 πάσαις
1734 1067 1795 1097 ταῖς
1811 1066 1867 1101 τῆς

1073 1111 1296 1147 ἐνσωματώσεως
1314 1112 1454 1146 ἰδιότητι-ιν.
1476 1113 1520 1143 Ὠς
1534 1110 1581 1139 οὖν
1593 1113 1608 1138 ὁ
1621 1112 1687 1143 Θεὸς
1698 1112 1862 1148 ἐφανερώθη

1073 1158 1102 1184 ὲν
1121 1159 1212 1194 σαρκὶ,
1229 1158 1277 1184 καὶ
1305 1157 1348 1191 ἐφ’
1363 1157 1473 1193 ἑκάστῳ
1494 1157 1548 1184 τῶν
1574 1158 1788 1194 προειρημένων
1820 1158 1865 1192 (οὐ

1073 1203 1128 1240 γὰρ
1145 1204 1178 1231 ἂν
1198 1203 1255 1239 ἔχοι
1275 1203 1368 1238 φύσιν,
1398 1205 1434 1240 μὴ
1463 1204 1746 1239 προσυπακουομένου
1761 1204 1809 1230 τοῦ
1830 1204 1868 1231 ἐν

1073 1249 1174 1283 σαρκὶ,
1188 1250 1204 1285 ἢ
1219 1250 1359 1284 ὀφθῆναι,
1378 1250 1395 1285 ἢ
1412 1250 1636 1285 ἀναληφθῆναι)
1647 1259 1655 1265 ·
1678 1250 1749 1277 οὕτω
1763 1250 1868 1287 δηλαδὴ

1076 1295 1125 1322 καὶ
1153 1296 1327 1332 γαλουχεῖται
1347 1296 1382 1323 ὲν
1404 1296 1506 1330 σαρκὶ,
1519 1298 1566 1323 καὶ
1588 1297 1737 1332 προκόπτει
1760 1296 1866 1332 ἡλικίᾳ,

1078 1343 1125 1368 καὶ
1143 1341 1246 1377 βαδίζει
1264 1343 1335 1374 ποδὶ,
1352 1343 1399 1369 καὶ
1415 1342 1483 1377 ἱδροῖ
1506 1342 1621 1378 ἀγωνίᾳ,
1639 1343 1686 1370 καὶ
1705 1343 1867 1377 διαλέγεται

1079 1387 1188 1423 γλώττῃ
1204 1395 1212 1404 '
1228 1389 1277 1414 καὶ
1291 1389 1396 1424 ὅσαπερ
1409 1388 1476 1415 ἄλλα
1489 1387 1538 1423 τῆς
1558 1389 1644 1424 αὐτῆς
1659 1389 1830 1424 συστοιχίας.

239 1435 267 1461 in
284 1441 377 1466 carne,
389 1438 417 1461 et
435 1434 543 1469 prolicit
576 1438 666 1466 aetate,
691 1438 719 1461 et
740 1433 854 1469 pedibus
877 1434 1007 1466 ambulat,
1039 1439 1065 1461 et
1085 1434 1112 1460 in
1136 1434 1234 1470 agonia
1257 1435 1347 1467 sudat,
1362 1438 1389 1462 et
1411 1433 1511 1470 lingua.
1531 1434 1662 1469 loquitur,
1678 1439 1705 1462 et
1730 1439 1869 1470 quotquot

237 1481 293 1509 alia
305 1485 369 1508 sunt
382 1480 504 1515 ejusdem
514 1481 630 1508 ordinis.

277 1527 341 1556 Haec
356 1536 422 1556 vero
434 1528 458 1556 si
473 1527 514 1555 sic
533 1528 645 1560 habent,
673 1527 896 1562 quandoquidem
921 1533 975 1553 una
992 1533 1025 1553 ex

1114 1523 1145 1550 Εἰ
1159 1523 1188 1550 δὲ
1202 1522 1292 1550 ταῦτα
1309 1521 1396 1554 οὕτως
1412 1531 1419 1539 ·
1431 1523 1526 1558 ἐπειδὴ
1543 1523 1572 1550 ἓν
1588 1523 1642 1551 τῶν
1652 1523 1783 1550 ἁπάντων
1798 1524 1869 1551 ἰδιω-

241 1573 369 1601 omnibus
379 1573 502 1609 corporis
517 1573 730 1609 proprietatibus
747 1571 965 1607 circumscriptio
974 1575 1027 1605 est,

243 1619 420 1646 manifestum
443 1624 484 1647 est
507 1624 535 1647 et
560 1620 749 1647 circumscribi
769 1619 854 1646 Deum
876 1618 905 1645 in
934 1625 1027 1651 carne,

243 1667 300 1693 sive
317 1665 457 1693 coloribus
475 1666 664 1698 adumbretur,
683 1673 730 1692 seu
746 1666 846 1700 quovis
857 1665 912 1692 alio
934 1664 1027 1692 modo.

243 1711 264 1738 E
279 1711 387 1740 duobus
402 1713 474 1739 enim
492 1712 608 1738 alterum
625 1711 738 1738 omnino
767 1711 953 1738 necessarium
977 1714 1028 1737 est.

244 1757 274 1785 Si
290 1759 368 1786 visus
384 1761 426 1785 est
438 1758 464 1784 in
480 1765 572 1790 carne,
584 1763 610 1785 et
622 1758 649 1784 in
672 1765 754 1785 carne
769 1756 1006 1784 circumscribitur
1022 1765 1028 1783 :

243 1804 379 1838 siquidem
402 1804 459 1830 haec
485 1808 601 1838 cognata
620 1808 684 1830 sunt
707 1804 782 1830 inter
800 1810 840 1836 se,
865 1807 892 1830 et
913 1802 1030 1830 alterum

244 1849 359 1876 alterius
373 1856 467 1876 causa.
487 1848 514 1876 Si
533 1849 627 1883 itaque
644 1849 780 1883 posterius
797 1856 891 1876 verum
910 1856 964 1875 non
978 1851 1029 1881 est,

244 1900 319 1923 certe
335 1902 385 1922 nec
401 1895 498 1930 prius:
518 1896 592 1930 atqui
607 1903 703 1923 verum
721 1895 796 1930 prius
811 1904 817 1922 :
836 1895 920 1930 igitur
936 1899 963 1922 et
981 1903 1031 1929 po-

245 1941 356 1968 sterius.
376 1940 422 1968 Sic
436 1945 463 1968 et
476 1941 554 1976 juxta
569 1940 676 1969 divinas
694 1941 818 1976 paginas,
834 1946 861 1968 et
876 1941 1027 1968 secundum

246 1988 386 2022 vulgarem
402 1987 584 2014 ratiocinandi
597 1987 721 2019 modum,
740 1986 897 2022 insipientis
917 1991 959 2014 est
977 1995 1031 2014 non

246 2032 371 2061 confiteri
397 2032 482 2060 Deum
500 2034 527 2060 in
541 2041 624 2061 carne
640 2033 724 2069 pingi,
758 2033 892 2068 siquidem
917 2033 1032 2061 visusin

246 2086 330 2106 carne
346 2083 398 2107 est.
423 2079 524 2107 Deinde
547 2080 600 2107 alio
625 2079 653 2106 in
677 2079 738 2107 loco
757 2079 800 2106 vir
824 2083 951 2106 strenuus
975 2079 1032 2106 ait:

248 2135 259 2150 ι
278 2125 375 2152 Audivi
394 2126 525 2161 quosdam
540 2125 636 2161 jubere
655 2125 961 2160 incomprehensibilem
985 2125 1033 2152 Dei

1079 1571 1172 1606 μάτων
1180 1569 1227 1596 τοῦ
1240 1569 1366 1605 σώματος
1377 1570 1424 1596 καὶ
1434 1570 1451 1605 ή
1466 1571 1635 1606 περιγραφὴ,
1649 1570 1761 1606 εὔδηλον
1768 1571 1810 1598 ὅτι
1822 1571 1870 1598 καὶ

1079 1616 1280 1652 περιγράφεται
1292 1615 1360 1647 Θεὸς
1383 1618 1411 1643 ἐν
1427 1616 1519 1651 σαρκὶ,
1532 1617 1587 1643 εἴτε
1600 1617 1870 1652 χρωματουργικῶς,

1079 1665 1127 1692 εἴτ’
1140 1662 1187 1690 οὖν
1195 1663 1475 1699 ὲτεροτρόπως.Δυοῖν
1488 1664 1542 1700 γὰρ
1550 1664 1692 1699 ἑκάτερον,
1703 1665 1780 1692 πᾶσα
1788 1665 1873 1700 ἀνάγ-

1079 1721 1126 1747 κη,
1142 1711 1173 1737 El
1183 1706 1273 1736 ὦπται
1288 1710 1316 1736 ὲν
1331 1710 1414 1745 σαρκὶ
1424 1730 1432 1743 ,
1444 1710 1490 1736 καὶ
1513 1711 1749 1745 περιγράφεταιὲν
1764 1712 1850 1747 σαρκί
1862 1719 1871 1727 θ

1080 1759 1195 1794 ἐπείπερ
1204 1758 1234 1785 σύ
1239 1765 1344 1792 στοιχον
1351 1757 1398 1783 καὶ
1405 1756 1577 1792 ἀλληλαίτιον
1583 1757 1713 1793 ἑκάτερον
1724 1759 1871 1794 ἐκατέρου.

1081 1806 1113 1832 Εἰ
1126 1802 1173 1832 οὖν
1192 1805 1229 1840 μὴ
1245 1803 1277 1830 τὸ
1302 1802 1428 1837 δεύτερον
1453 1801 1564 1836 ἀληθὲς,
1589 1802 1643 1829 οὐδ’
1659 1803 1723 1839 ἄρα’
1736 1803 1767 1830 τὸ
1793 1804 1872 1839 πρῶ-

1080 1860 1135 1878 τον.
1151 1851 1232 1877 Ἀλλὰ
1248 1850 1300 1886 μὴν
1308 1849 1338 1876 τὸ
1346 1848 1452 1884 πρῶτον
1460 1848 1559 1882 ἀληθές
1570 1856 1577 1863 '
1591 1848 1689 1875 οὐκοῦν
1705 1849 1794 1876 καὶτὸ
1810 1850 1873 1876 δεύ-

1080 1907 1170 1933 τερον.
1179 1897 1257 1924 Οὕτω
1273 1897 1320 1923 καὶ
1332 1895 1402 1922 κατὰ
1413 1895 1447 1922 τὰ
1458 1894 1518 1922 Θεῖα
1530 1895 1626 1930 Λόγια,
1640 1896 1687 1922 καὶ
1701 1896 1774 1922 κατὰ
1784 1896 1874 1923 κοινὸν

1084 1942 1272 1978 συλλογισμὸν,
1284 1941 1388 1976 ἠλίθιον
1404 1940 1435 1967 τὸ
1460 1940 1497 1976 μὴ
1521 1941 1663 1976 ὁμολογεῖν
1684 1940 1751 1967 Θεὸν
1767 1942 1874 1977 ἐγγρά-

1083 1988 1180 2023 φεσθαι
1195 1989 1224 2014 ὲν
1240 1988 1334 2022 σαρκὶ,
1353 1987 1432 2022 εἴπερ
1447 1983 1537 2013 ὦπται
1554 1987 1583 2013 ἓν
1599 1986 1681 2021 σαρκί
1697 1994 1705 2001 ’
1730 1987 1808 2013 Ἐπεὶ
1825 1989 1874 2014 καὶ

1083 2034 1196 2070 ὲτέρωθι
1212 2035 1226 2060 6
1247 2033 1378 2068 γεννάδας
1391 2033 1490 2069 φησίν·
1510 2043 1520 2059 ι
1548 2033 1673 2059 Ἤκουσα
1697 2033 1740 2060 ὅτι
1763 2034 1813 2060 καὶ
1829 2034 1875 2061 τὸν

1084 2080 1276 2116 ἀκατάληπτον
1295 2079 1359 2106 Υὶὸν
1371 2078 1418 2106 τοῦ
1428 2078 1496 2106 Θεοῦ
1512 2088 1587 2111 τινες
1606 2079 1723 2114 γράφειν
1733 2079 1876 2114 ἐπαγγέλ-

1083 2127 1186 2153 λονται.
1214 2124 1310 2160 (milia:
1327 2125 1374 2151 ἐπὶ
1396 2125 1443 2151 τοῦ
1465 2125 1594 2152 ἀκοῦσαι.
1615 2135 1624 2151 ι
1642 2126 1690 2157 Τίς
1716 2125 1785 2160 γοῦν
1811 2125 1875 2152 νοῦν

248 2171 347 2199 Filium
357 2172 443 2207 pingi.
456 2172 525 2199 Cum
543 2172 614 2200 istud
629 2172 717 2204 audis,
734 2172 908 2199 exhorresce.
925 2181 935 2198 ι
965 2171 1026 2205 Quis

1086 2171 1155 2207 ἔχων
1178 2172 1229 2198 οὒκ
1253 2171 1426 2205 ὲπιγελάοειε
1449 2171 1493 2197 τὸν
1526 2173 1733 2207 ματαιόφρονα;
1754 2173 1876 2201 Otia-[mu

248 2217 340 2253 itaque
355 2225 429 2245 sanae
442 2218 541 2245 mentis
563 2217 743 2253 desipientem
758 2226 814 2244 non
845 2218 950 2245 rideat!
970 2217 1026 2245 Non

1083 2217 1188 2252 ἀνέγνω
1203 2238 1209 2250 ,
1227 2218 1268 2245 ὅτι
1281 2217 1455 2245 Συνέλαϐον
1470 2217 1523 2243 τὸν
1543 2218 1676 2251 Ἰησοῦν,
1687 2219 1736 2245 καὶ
1757 2219 1878 2254 ἔδησαν

250 2263 314 2299 lcgit
328 2263 431 2297 utique,
446 2262 517 2297 quod
533 2262 781 2297 comprehenderunt
796 2261 899 2291 Iesum.
922 2267 947 2289 et
961 2262 1030 2297 liga-

254 2313 346 2336 verunt
373 2316 455 2340 eum;
471 2313 495 2335 et
523 2308 692 2335 adduxerunt
718 2316 775 2335 cum
795 2308 830 2335 ad
855 2309 959 2334 Annam
983 2308 1039 2342 pri-

250 2362 322 2381 mum
339 2354 373 2388 ⁸⁷,
392 2354 541 2389 principem
561 2353 756 2381 sacerdotum?
772 2353 805 2380 Et
828 2353 892 2380 alibi
907 2361 1016 2380 rursum
1031 2362 1037 2380 :

251 2401 413 2435 Acceperunt
425 2408 486 2435 ergo
500 2408 594 2434 corpus
608 2399 682 2432 Jcsu,
699 2404 723 2426 et
741 2399 886 2435 ligaverunt
902 2398 969 2426 illud
985 2399 1038 2426 Iin-

252 2447 301 2474 teis
317 2454 378 2473 eum
401 2446 564 2472 aromatibus
579 2445 627 2472 ιιι
652 2445 749 2472 Annon
779 2446 925 2472 conﬁtetur
952 2446 1037 2472 Deum

252 2500 312 2520 esse
327 2491 420 2520 Jesum
434 2492 446 2518 ?
461 2491 489 2518 Si
508 2492 579 2519 Deus
594 2491 687 2527 igitur,
704 2491 845 2526 quomodo
865 2491 888 2519 is
901 2491 946 2526 qui
961 2499 1038 2518 com-

252 2538 383 2574 prehendi
404 2538 508 2573 nequit,
526 2538 739 2573 comprehensus
753 2542 796 2565 est
810 2545 842 2564 ac
865 2537 963 2572 ligatus
985 2537 1038 2564 nisi

253 2584 397 2612 manifeste
414 2585 440 2612 in
453 2593 545 2617 carne,
562 2584 792 2620 quemadmodum
822 2583 1041 2618 sapientissimus

253 2630 355 2658 Paulus
371 2630 515 2658 confessus
530 2631 594 2658 est?
613 2630 698 2658 Sileat
716 2631 798 2666 igitur
813 2629 908 2656 furens
921 2628 948 2655 in
962 2628 1042 2655 Chrio

255 2681 328 2705 stum
346 2681 374 2704 et
394 2677 439 2704 hic
463 2677 662 2704 fraudulenlus.
681 2675 774 2703 Sicubi
795 2683 859 2702 vero
885 2674 978 2702 audiat
993 2674 1042 2701 ha-

1085 2264 1187 2295 αὺτὸν,
1203 2263 1252 2291 καὶ
1276 2263 1435 2298 ἀπήγαγον
1461 2263 1555 2290 αὐτὸν
1571 2264 1646 2298 ,πρὸς
1669 2265 1779 2292 Ἄνναν
1796 2265 1877 2300 πρῶ-
1898 2266 1901 2270 ’

1087 2318 1151 2343 τον,
1168 2309 1213 2336 τὸν
1234 2309 1385 2345 ἀρχιερέα;
1410 2309 1465 2336 Καὶ
1493 2309 1607 2345 ἑτέρωθι
1629 2310 1711 2337 πάλιν
1724 2319 1730 2325 ·
1746 2311 1879 2340 Ἔλαϐον

1088 2352 1145 2382 οὖν
1162 2354 1196 2381 τὸ
1224 2353 1311 2388 σῶμα
1332 2353 1386 2380 τοῦ
1403 2353 1505 2387 Ἰησοῦ
1522 2362 1529 2368 ·
1546 2354 1596 2380 καὶ
1618 2353 1736 2387 ἔδησαν
1748 2355 1829 2381 αὐτὸ
1844 2355 1880 2382 ἐν

1088 2400 1217 2432 ὀθονίοις
1234 2399 1310 2434 μετὰ
1332 2398 1392 2425 τῶν
1408 2399 1587 2433 ἀρωμάτων;
1602 2399 1795 2434 υὺχὸμολογεϊ
1810 2399 1880 2426 Θεὸν

1087 2447 1133 2472 τὸν
1156 2445 1275 2480 ἰησοῦν;
1291 2445 1322 2472 Εἰ
1338 2445 1405 2477 Θεὸς
1415 2444 1473 2476 οὖν,
1489 2444 1548 2477 πῶς
1570 2446 1584 2472 ὁ
1597 2446 1794 2481 ἁκατάληπτος
1813 2446 1879 2481 ὲλή-

1088 2491 1141 2527 φθη
1163 2491 1211 2518 καὶ
1224 2491 1313 2526 ἐδέθη,
1330 2491 1347 2526 ἧ
1361 2490 1442 2526 δῆλον
1455 2491 1496 2518 ὄτι
1515 2492 1544 2518 ὲν
1572 2491 1663 2526 σαρκὶ,
1680 2491 1753 2518 καθὰ
1769 2492 1880 2527 ὡμολό-

1088 2546 1172 2573 γησεν
1183 2538 1197 2564 ὁ
1212 2539 1350 2572 niveo-po;
1362 2537 1469 2569 Παῦλος
1480 2546 1487 2570 ;
1506 2537 1614 2572 Σιγάτω
1629 2536 1675 2565 οὖν
1685 2538 1793 2566 λυττῶν
1805 2538 1882 2566 κατὰ

1088 2583 1206 2619 Χριστοῦ
1223 2585 1270 2610 καὶ
1285 2581 1362 2615 οὗτος
1376 2586 1390 2612 ὁ
1406 2584 1516 2616 πλάνος.
1538 2585 1601 2611 Ἐὰν
1614 2584 1642 2611 δέ
1658 2594 1709 2611 που
1731 2584 1882 2612 ἀκούσειεν

1090 2629 1131 2655 ὅτι
1152 2628 1198 2655 καὶ
1221 2628 1377 2663 ἐσθιόμενον
1389 2629 1488 2664 ἔχομεν
1508 2629 1585 2664 Θεὸν,
1600 2630 1670 2666 τάχα
1688 2630 1720 2657 ἃν
1746 2631 1778 2656 οὐ
1796 2631 1882 2665 μόνον

1092 2674 1193 2710 φρίξοι,
1206 2675 1275 2702 ἀλλὰ
1291 2676 1337 2702 καὶ
1351 2676 1544 2713 διαρῤηχθείη,
1570 2676 1609 2712 μὴ
1631 2677 1725 2712 φέρων
1748 2677 1781 2704 τὸ
1795 2678 1882 2706 ἄκου-

291 2746 314 2762 ⁸³
327 2746 407 2774 Joan.
424 2754 444 2778 I,
461 2745 505 2774 il.
543 2746 566 2762 “
582 2745 674 2772 lTim.
692 2752 733 2778 xu,
750 2743 794 2770 16.
831 2744 853 2760 ⁸⁷
872 2742 951 2771 Joan.
967 2750 1021 2770 xvn

1078 2742 1095 2770 ι.
1134 2743 1157 2759 ⁸⁸
1170 2741 1251 2771 Joan.
1263 2751 1321 2776 xu,
1335 2743 1379 2770 40.

258 2823 318 2845 eum
351 2814 489 2844 Valentino
517 2819 542 2843 et
567 2814 671 2842 Isidoro
702 2813 870 2850 conjungilur
905 2821 912 2840 :

260 2856 348 2880 satur.

945 2822 960 2841 α
985 2817 1076 2841 cando
1096 2817 1182 2840 autent
1218 2812 1365 2849 Sophronia
1401 2817 1460 2848 post
1491 2812 1677 2847 Carpocratcm
1703 2811 1885 2839 anathemati-
