1923 3078
76 147 144 181 i217

665 148 932 179 EPISTOLARUM
952 148 1026 178 LIB.
1058 146 1101 177 Ii.

1623 141 1692 174 1218

74 213 141 240 σμα.
164 204 246 231 Ἀλλά
271 204 298 231 τί
321 205 431 239 φησινὸ
466 206 601 241 Χριστόςς
619 207 672 233 Kal
699 208 714 233 ὀ
737 207 858 241 τρώγων

918 213 973 233 tere
1001 212 1050 232 nos
1078 205 1161 231 Deum
1187 210 1268 238 quem
1294 203 1500 235 manducemus,
1531 201 1601 228 forte
1636 209 1690 229 non

72 259 119 285 με,
140 250 281 283 κάκεῖνος
305 250 424 285 ζήσεται
435 251 471 278 δι’
487 252 550 285 ἐμὲ.
572 252 629 279 Οὐκ
655 251 688 279 ἂν
715 253 744 279 δὲ
771 253 859 285 ἄλλως

75 295 193 330 βρωθειη
208 297 233 322 ei
253 295 290 331 μὴ
304 297 336 322 ἐν
352 296 445 332 σαρκί.
475 297 530 324 Καὶ
549 297 603 332 γὰρ
624 299 637 324 ὁ
659 298 777 333 Χριστὸς
791 298 858 332 ὁμοῦ

72 341 140 373 Θεὸς
154 342 201 368 καὶ
215 341 359 377 ἄνθρωπος
373 342 475 374 τέλειος
487 343 627 378 ὑπάρχων,
643 343 776 379 ὁπότερον
795 344 857 371 καθ’

74 387 207 422 ἑκάτερον
218 387 272 413 τῶν
288 387 317 420 ἐξ
339 384 376 414 ὧν
404 388 532 424 συνετέθη
551 389 656 422 φύσεων
675 389 835 424 ὀνομάζοιτο
849 398 858 406 ”

75 432 121 458 καὶ
148 432 211 458 καθ’
236 432 367 468 ἑκάτερον
383 433 484 468 κυρίως
509 434 653 469 νοούμενος
672 435 800 469 λέγοιτο·
828 435 859 461 οὐ

75 477 126 510 τῆς
143 477 260 512 θατέρου
274 477 404 512 ἰδιότητος
420 479 450 503 ἐν
468 478 506 513 τῷ
522 479 657 515 μοναδικῷ
671 480 722 515 τῆς
739 481 860 507 ὑποστά-

76 532 147 555 σεως
163 524 329 560 μειουμένης
343 525 359 560 ῆ
379 526 601 561 συμφυρομένης.

110 653 168 679 Καὶ
184 652 288 688 μάρτυς
308 653 355 680 τοῦ
379 654 460 688 λόγου
478 654 560 686 αὐτὸς
584 657 597 683 ὁ
610 655 675 688 Θεὸς
696 657 743 683 καὶ
762 657 859 691 Λόγος,

75 698 114 733 πῆ
129 698 178 732 μὲν
189 698 276 732 λέγων
288 706 296 714 ·
316 699 348 725 Τί
365 708 403 733 με
425 700 534 734 ζητεῖτε
555 701 737 734 ἀποκτεῖναι,
752 703 862 737 ἂνθρω-

75 752 135 770 πον
154 743 187 777 ὃς
210 744 267 778 τὴν
293 745 438 779 ἀλήθειαν
452 747 525 781 ὑμῖν
540 747 716 781 .1ε.1ἁ.ιηκα;
733 749 862 783 Καίτοιγε

75 789 90 815 ὁ
115 788 202 822 λέγων
230 789 277 816 καὶ
299 790 366 822 Θεὸς
393 791 526 823 ἀθάνατος
548 790 593 827 ἦν.
611 793 652 828 Ili]
676 793 705 819 δὲ
731 793 860 828 φάσκων·

79 843 89 860 ε
114 835 208 869 Ὑμεῖς
221 835 316 869 λέγετε
329 855 337 867 ,
358 837 399 863 ὅτι
425 837 663 873 Βλασφημεῖς-ὅτι
686 837 779 865 εἷπον·
800 839 862 870 Υἱὺς

910 251 992 279 modo
1015 251 1038 278 is
1067 250 1253 280 exhorrescet,
1283 249 1330 276 sed
1361 249 1557 283 disrumpetur,
1589 247 1694 275 dictum

910 305 966 326 non
985 296 1087 325 ferens.
1108 296 1160 324 Sed
1176 296 1240 331 quid
1253 295 1379 322 Christus
1392 295 1429 322 ait
1443 295 1455 321 ?
1474 294 1508 321 Et
1522 295 1568 330 qui
1582 293 1695 321 mandu-

910 348 954 370 cat
972 351 1022 375 me,
1038 348 1062 370 et
1078 343 1134 377 ipse
1148 343 1213 369 vivet
1223 346 1330 376 propter
1344 349 1385 368 me
1397 340 1430 367 ".
1446 339 1500 368 Nec
1523 348 1587 367 vero
1614 340 1694 368 aliter

912 388 1125 415 manducaretur
1138 387 1191 414 nisi
1208 387 1235 414 in
1255 395 1348 414 carne.
1366 385 1472 413 Etenim
1497 385 1621 413 Christus
1633 393 1694 413 cum

911 434 991 462 simul
1009 433 1079 461 Deus
1096 434 1133 462 sit
1147 437 1174 460 et
1186 433 1254 460 idem
1270 433 1352 459 homo
1367 431 1514 467 perfectus,
1538 432 1695 459 utrumlihet

910 480 1058 507 secundum
1077 479 1247 511 alterutram,
1274 486 1307 505 ex
1327 478 1360 506 iis
1381 479 1486 506 naturis
1515 478 1616 513 quibus
1630 486 1697 505 con-

911 529 974 556 stat,
1001 525 1142 559 appellari,
1170 529 1196 551 et
1214 523 1360 551 secundum
1388 523 1547 551 alterutram
1581 523 1692 559 proprie

910 575 1048 604 spectatus
1060 570 1111 597 dici
1138 573 1238 604 potest,
1257 573 1354 595 neutra
1370 569 1537 603 proprietate
1558 568 1584 595 in
1600 569 1697 603 singu-

910 615 1018 642 laritate
1043 621 1166 649 personae
1195 613 1237 640 vel
1254 613 1388 640 diminuta
1415 613 1458 640 vel
1483 613 1640 640 commista.

945 659 980 686 Et
991 660 1067 687 testis
1080 659 1189 694 quidem
1211 658 1293 693 hujus
1317 659 1459 685 sententia:
1481 657 1553 684 Deus
1569 657 1639 684 idem
1665 664 1698 684 ac

914 706 1042 737 Verbum,
1056 705 1154 732 alicubi
1175 705 1289 732 dicens:
1311 703 1381 736 Quid
1398 712 1437 730 me
1460 704 1579 739 quam‘tis
1593 703 1698 737 interﬁ-

911 757 977 783 cere,
991 750 1120 776 hominem
1129 750 1172 784 qui
1188 750 1321 775 ueritatem
1332 749 1402 775 vobis
1416 748 1518 775 locutus
1533 756 1590 775 sum
1605 747 1650 774 7°?
1666 748 1698 775 Et

911 794 958 828 qui
977 794 1034 821 haec
1056 798 1147 820 tamen
1163 793 1242 824 dixit,
1261 792 1332 819 Deus
1347 793 1428 820 etiam
1453 792 1618 819 immortalis
1635 791 1696 818 fuit.

911 839 981 865 Alibi
1005 846 1068 866 vero
1095 839 1189 866 aiens:
1209 837 1260 864 Vos
1280 838 1369 864 dicitis
1382 857 1390 869 ,
1417 838 1480 872 quia
1503 837 1668 871 blasphemus
1684 857 1692 869 ,

75 879 124 907 τοῦ
152 881 218 907 Θεοῦ
249 882 319 916 εἰμι.
347 892 356 908 ι
389 883 444 909 Καὶ
474 883 527 919 μὴν
554 885 569 911 ὁ
597 884 696 915 εἰπὼν.
733 885 780 912 καὶ
809 886 864 917 υἱὸς

918 885 977 919 quia
1000 883 1078 910 dixi:
1094 882 1182 910 Filius
1207 882 1255 910 Dei
1279 891 1337 910 sum
1354 882 1376 898 '”
1394 881 1446 909 .Et
1461 889 1527 909 sane
1553 888 1615 912 cum
1641 882 1699 908 haec

77 925 220 960 ἀνθρώπου
244 925 288 962 ἦν.
304 927 383 954 Οὕτω
403 928 433 955 τὺ
458 929 579 962 πεφυκὸς
603 930 733 965 ἐκατέρου
763 931 862 965 ὀνόμα-

76 979 122 1002 τος
155 971 256 1006 (θατέρᾳ
284 971 362 1006 φύσει
381 972 566 1007 ἀπονέμοντες
597 974 708 1000 οὺτίπου
731 974 862 1009 διασφαλ-

75 1016 189 1051 λύμεθα.
209 1017 287 1044 Ἐπεὶ
307 1018 335 1044 δὲ
349 1018 396 1045 καὶ
413 1019 491 1045 τοῦδε
507 1019 584 1051 τέλος
598 1020 709 1055 εἴληφεν
730 1022 745 1055 ἡ
775 1021 861 1056 φωνὴ,

77 1062 119 1094 τίς
139 1063 156 1097 ἡ
180 1063 307 1090 Θεοδότου
338 1064 395 1099 (4);
414 1073 423 1090 ι
454 1065 511 1097 Τὰς
532 1065 586 1092 τῶν
611 1065 696 1099 ἁγίων
721 1066 791 1098 ἰδέας
813 1067 863 1093 οὐκ

77 1110 107 1134 ὲν
131 1109 233 1136 εἰκόσιν
257 1109 388 1142 ὲξὺλικῶν
409 1111 563 1146 χρωμάτων
586 1112 637 1138 ἀνα
659 1112 778 1147 μορφοῦν
793 1122 863 1148 παρ-

79 1155 231 1190 ειλήφαμεν
245 1164 252 1171 ·
275 1155 342 1183 ἀλλὰ
378 1157 428 1188 τὰς
445 1157 548 1184 τούτων
574 1158 674 1193 ἀρετὰς
693 1158 739 1186 διὰ
761 1159 815 1185 τῶν
834 1160 862 1185 ὲν

77 1201 200 1235 Γραφαῖς
231 1202 295 1237 περὶ
318 1202 408 1228 αὐτῶν
435 1203 616 1238 δηλουμένων,
634 1201 689 1230 οἷον
714 1213 789 1236 τινας
812 1205 862 1239 ὲμ-

77 1246 180 1281 ψύχους
195 1247 304 1279 εἰκόνας
317 1248 520 1283 ἁναμάττεσθαι
540 1249 720 1284 δεδιὸάγμεθα
734 1258 741 1265 ·
756 1251 788 1276 ὲκ
803 1249 863 1276 τού-

77 1301 126 1319 του
150 1293 219 1328 πρὸς
238 1293 284 1320 τὸν
305 1294 398 1328 ὅμοιον
429 1295 521 1333 αὐτοῖς
549 1295 745 1331 διεγειρὸμενοι
769 1295 860 1330 ζῆλον.

84 1339 164 1366 Ἐπεὶ
192 1339 349 1367 εἰπάτωσαν
379 1341 404 1367 οἱ
434 1341 484 1372 τὰς
510 1342 616 1369 τοιάσδε
649 1342 862 1378 ἁναστηλοῦντες

81 1383 199 1420 μορφὰς,
217 1385 297 1417 ποίας
315 1386 369 1421 ἄρα
387 1387 419 1412 ὲκ
437 1386 540 1413 τούτων
553 1387 773 1414 καταπολαύοιεν
789 1387 862 1421 ὡφε-

80 1430 155 1461 λείας
169 1439 176 1445 ·
190 1430 207 1465 ἢ
231 1431 260 1456 ἐν
279 1430 343 1466 ποίᾳ
358 1431 401 1458 διὰ
415 1431 464 1465 τῆς
485 1432 587 1458 τούτων
604 1432 782 1466 ἀναμνήσεως
795 1432 860 1459 ἀνάυ

80 1484 176 1510 γονται
195 1478 368 1512 πνευματικῇ
394 1477 506 1513 Θεωρία.
527 1477 596 1504 Ἀλλ’
617 1477 728 1513 εὔδηλον
744 1477 781 1509 ὡς
811 1486 863 1512 μα-

80 1522 144 1549 ταία
159 1523 297 1558 ἡτοιαύτη
320 1523 438 1554 ἐπίνοια.
469 1523 516 1549 καὶ
539 1522 694 1558 διαβολικῆς
721 1523 862 1558 μεθοδείας

915 929 1026 960 diceret,
1047 929 1118 955 ﬁlius
1135 929 1217 955 etiam
1244 927 1362 955 hominis
1377 926 1440 954 fuit.
1457 926 1502 954 Sic
1531 926 1604 960 quod
1633 933 1698 961 pro-

915 975 1004 1009 prium
1018 979 1060 1002 est
1074 974 1232 1002 alterutrius
1250 973 1440 1008 appellationis
1453 972 1576 1000 alterutri
1594 977 1699 999 natura:

915 1020 1074 1052 tribuentes,
1091 1026 1106 1046 a
1137 1026 1201 1045 vero
1220 1018 1378 1053 neutiquam
1401 1017 1569 1044 aberramus.
1584 1016 1698 1049 Quando

916 1071 1004 1092 autem
1023 1069 1050 1092 et
1066 1065 1147 1099 hujus
1172 1071 1224 1091 vox
1239 1064 1319 1091 linem
1351 1065 1467 1098 accepit,
1481 1063 1538 1098 jam
1563 1062 1696 1090 Theodoti

914 1119 1038 1146 quaenam
1054 1116 1095 1138 est
1106 1111 1118 1137 ?
1131 1119 1141 1136 ι
1159 1109 1322 1137 Sanctorum
1338 1109 1412 1137 ideas
1428 1110 1517 1136 nonin
1534 1109 1698 1144 imaginibus

914 1165 947 1184 ex
978 1157 1081 1185 crassis
1111 1157 1249 1185 coloribus
1273 1155 1426 1183 informare
1458 1153 1697 1190 accepimus,sed

915 1205 1071 1231 eorumdem
1083 1203 1196 1230 virtutes
1213 1210 1260 1237 per
1271 1209 1303 1230 ea
1317 1209 1379 1237 qua:
1395 1202 1428 1228 de
1441 1201 1508 1236 ipsis
1526 1201 1698 1228 declarantur

915 1249 943 1276 in
958 1250 1044 1276 sacris
1061 1248 1219 1283 Scripturis,
1235 1248 1313 1283 quasi
1334 1249 1467 1283 quasdatn
1480 1247 1615 1274 animatas
1629 1246 1700 1272 ima-

915 1295 991 1330 gines
1007 1294 1159 1328 exprimere
1173 1294 1261 1321 edocti
1296 1300 1401 1325 sumus,
1419 1300 1452 1319 ex
1467 1299 1521 1327 quo
1549 1291 1607 1326 pari
1635 1298 1697 1318 cum

915 1340 981 1375 ipsis
1004 1339 1094 1367 studio
1111 1340 1265 1367 incitamur.
1282 1339 1377 1366 Dicant
1390 1338 1486 1366 deinde
1499 1337 1545 1372 qui
1563 1337 1629 1364 tales
1640 1336 1698 1363 ior-

915 1393 1021 1413 marum
1036 1385 1137 1420 elligies
1149 1385 1266 1420 erigunt,
1281 1391 1362 1419 quem
1381 1391 1413 1411 ex
1431 1383 1485 1410 illis
1507 1382 1624 1417 denique
1641 1382 1700 1408 fru-

916 1438 989 1458 ctum
1005 1436 1208 1466 consequantur
1223 1439 1233 1458 :
1245 1434 1291 1457 aut
1304 1431 1337 1458 ad
1350 1437 1432 1464 quam
1449 1437 1482 1457 ex
1493 1436 1586 1456 carum
1602 1428 1698 1455 admo-

916 1477 1020 1504 nitione
1029 1476 1179 1511 spiritalem
1195 1475 1451 1510 contemplationem
1465 1478 1618 1509 assurgant.
1646 1473 1699 1500 Sed

916 1522 1099 1557 perspicuum,
1117 1527 1159 1550 est
1183 1522 1292 1550 inanem
1320 1521 1453 1556 ejusmodi
1474 1520 1699 1555 excogitationem

80 1567 198 1603 εὕρεμα.
221 1577 230 1593 ι
246 1568 333 1599 Εὐθὺς
348 1569 363 1602 ἡ
381 1567 474 1602 eam;
495 1567 542 1595 τοῦ
573 1568 653 1603 λόγου
667 1570 697 1596 οὐ
714 1570 862 1605 νεμεσητὴ.

918 1575 985 1600 esse,
1005 1572 1033 1595 et
1055 1567 1196 1595 diabolica}
1211 1567 1277 1594 artis
1294 1567 1433 1594 inventum
1448 1566 1497 1593 τ’.»
1528 1565 1588 1593 Non
1609 1564 1700 1592 statim

81 1613 106 1638 εἰ
119 1613 167 1638 καὶ
186 1612 241 1639 τῶν
269 1612 367 1647 ἐφεξῆς
389 1613 497 1640 ἀτόπων
518 1616 757 1649 κατασκευαστική
775 1623 782 1630 θ
803 1616 864 1642 ἐπεὶ

82 1657 130 1684 καὶ
154 1658 248 1684 πολλοὶ
272 1659 326 1684 τῶν
355 1659 437 1694 ἱερῶν
457 1659 625 1686 διδασκάλων
653 1661 703 1696 τῆς
727 1661 866 1696 εἰκονικῆς

82 1703 148 1735 θέας
161 1703 210 1738 τὴν
219 1704 262 1730 διὰ
269 1704 354 1738 λόγων
361 1705 480 1739 ἱστορίαν
489 1705 666 1740 προύργιαιτέ
672 1715 720 1741 ραν
728 1706 846 1733 τίθενται
857 1715 864 1721 '

82 1749 112 1774 οὐ
120 1749 309 1781 διαῦάλλοντες
319 1750 368 1784 τὴν
379 1749 497 1785 θατὲραν
513 1759 521 1767 ο
534 1751 623 1786 ἕτεροι
649 1752 677 1778 δὲ
687 1752 717 1778 τὸ
731 1752 849 1787 ἔμπαλιν
857 1761 864 1768 ·

83 1793 139 1828 ἒχοι
148 1793 177 1820 δὲ
191 1795 222 1820 τὸ
234 1794 302 1826 ἴσον,
316 1795 388 1821 καθά
403 1804 483 1830 φησιν
496 1797 510 1823 ὁ
533 1796 618 1831 μέγας
632 1797 784 1828 Βασίλειος·
799 1807 808 1823 ι
832 1798 867 1824 Ἃ

83 1839 138 1873 γὰρ
151 1840 166 1865 ὁ
176 1839 256 1873 λόγος
266 1839 316 1874 τῆς
329 1841 449 1875 ἱστορίας
463 1841 496 1867 δι’
509 1841 595 1876 ἀκοῆς
605 1843 766 1889 παρίστησι,
782 1842 868 1868 ταῦτα

83 1885 207 1921 γραφικὴ
227 1886 359 1913 σιωπῶσα
372 1887 417 1913 διὰ
435 1888 576 1923 μιμήσεως
592 1885 724 1915 δείκνυσι.
740 1897 749 1914 ι
767 1889 822 1915 Καὶ
837 1889 867 1915 ού

84 1930 187 1962 πάντες
211 1930 367 1967 ζωγράφοι,
394 1932 454 1958 οὐδὲ
482 1932 582 1964 πάντες
603 1933 768 1969 λογογράφοι
784 1943 790 1949 ·
810 1935 869 1961 ἀλλ’

84 1976 194 2012 ἑκάστῳ
207 1977 245 2007 ὡς
259 1979 274 2004 ὁ
294 1977 360 2009 Θεὸς
383 1978 494 2013 ἐμέρισε
519 1979 618 2014 μέτρον
644 1979 765 2014 χάριτος,
784 1981 866 2007 Ὥστε

83 2023 163 2057 τήνδε
176 2022 226 2058 τὴν
236 2023 367 2059 πρότασιν
382 2024 491 2059 παρεὶς,
505 2024 607 2059 λεγέτω
615 2025 664 2061 τὴν
675 2026 748 2061 ὲξῆςι
767 2036 775 2052 ι
794 2026 871 2053 Ἐπεὶ

85 2069 242 2096 εἰπάτωσαν
268 2070 291 2096 ol
312 2070 361 2102 τὰς
386 2070 491 2097 τοιάσδε
510 2071 726 2107 ἁναστηλοῦντες
744 2073 850 2108 μορφὰς
863 2092 870 2103 .

84 2115 167 2146 ποίας
183 2116 216 2142 ἐκ
234 2115 338 2142 τούτων
365 2116 419 2152 ἄρα
443 2117 656 2145 καταπολαύοιεν
679 2118 812 2153 ὡφελείας
828 2127 836 2135 ·
851 2120 867 2154 ἢ

85 2161 115 2186 ἐν
132 2161 199 2196 ποίᾳ
225 2161 271 2187 διὰ
299 2161 348 2196 τῆς
379 2161 481 2189 τούτων
510 2164 690 2199 ἀναμνήσεως
722 2165 867 2199 ἀνάγονται

86 2209 261 2242 πνευματικῇ
282 2207 393 2244 Θεωριᾳ.
412 2217 422 2234 ι

128 2297 340 2332 Ἀντερωτάσθω
350 2295 396 2325 οὖν
411 2298 428 2324 ὁ
440 2298 572 2332 γεννάδας
588 2306 596 2316 ”
613 2298 696 2325 ποίαν
706 2299 761 2334 γὰρ
774 2299 868 2335 ὄνησιν

85 2343 136 2370 καὶ
150 2343 227 2378 ῑερὰν
239 2343 356 2379 θεωρίαν
371 2344 422 2371 οὒκ
443 2344 516 2371 ἔστιν
529 2344 654 2372 ἐντεῦθεν
671 2345 819 2381 εὑρέσθαις
837 2347 868 2373 El

85 2389 142 2425 γὰρ
154 2389 225 2423 αὕτη
241 2389 321 2423 φύσις
335 2390 448 2423 εἰκόνος,
466 2391 578 2426 μίμημα
595 2389 666 2418 εἶναι
680 2391 726 2418 τοῦ
753 2391 869 2427 ἀρχετύ-

87 2443 152 2465 που,
166 2434 239 2461 καθά
253 2443 335 2469 φησιν
353 2435 368 2461 ὸ
381 2435 510 2470 Θεολόγος
530 2436 677 2471 Γρηγόριος
695 2445 703 2453 ·
726 2436 774 2463 καὶ
788 2437 817 2463 ὲν
837 2438 870 2472 τῇ

86 2479 215 2506 εικόνιτὸ
228 2481 382 2515 ἀρχέτυπον
397 2481 568 2516 ἑκφαίνεται,
582 2482 654 2509 καθά
671 2491 754 2518 φησιν
766 2483 780 2509 ὀ
804 2483 872 2509 πάν-

87 2534 171 2560 om;
196 2526 335 2559 Διονύσιος
353 2535 360 2542 ·
391 2527 469 2563 δῆλον
497 2528 538 2555 ὅτι
559 2529 591 2555 ὲκ
617 2527 664 2554 τοῦ
690 2529 870 2564 μιμήματος,

121 2584 145 2600 ¹⁹
165 2582 245 2611 Joan.
263 2591 298 2616 vt,
314 2584 358 2611 58.
403 2584 517 2619 "Ibam
533 2592 584 2617 vn,
605 2584 650 2612 40.

87 2623 234 2654 martyres,
247 2619 335 2653 initio,
353 2624 373 2647 t.
389 2619 410 2652 Ι,
423 2627 484 2655 pag.
498 2620 560 2648 527.

698 2585 720 2600 "
744 2584 822 2612 Joan.
839 2593 866 2618 x,
883 2585 927 2612 56.

914 1612 1164 1648 reprehendendum
1179 1613 1311 1640 orationis
1319 1612 1461 1640 exordium
1479 1616 1531 1643 est,
1547 1611 1599 1638 etsi
1628 1611 1700 1638 viam

918 1659 1023 1685 muniat
1044 1658 1078 1685 ad
1105 1658 1222 1685 absurda
1245 1666 1307 1693 qua:
1325 1661 1532 1692 consequuntur
1548 1665 1555 1683 :
1574 1657 1700 1691 quando-

917 1705 1026 1740 quidem
1050 1708 1077 1731 et
1093 1705 1170 1731 multi
1192 1711 1208 1731 e
1234 1703 1321 1731 sacris
1337 1703 1493 1731 doctoribus
1519 1702 1702 1729 narrationem

918 1759 979 1786 qua:
992 1758 1058 1778 voce
1072 1751 1112 1783 lit,
1128 1751 1265 1778 utiliorem
1284 1750 1452 1777 arbitrantur
1480 1753 1591 1784 aspectu
1607 1749 1703 1784 imagi-

916 1806 992 1830 num,
1003 1806 1091 1832 neque
1104 1798 1176 1824 hunc
1187 1802 1276 1824 tamen
1295 1797 1468 1831 vituperant;
1507 1795 1552 1822 alii
1568 1803 1632 1822 vero
1645 1795 1704 1822 vice

916 1852 1004 1871 versa.
1019 1843 1072 1871 Sed
1097 1844 1206 1879 perinde
1229 1848 1280 1876 cst,
1306 1848 1336 1870 ut
1364 1851 1479 1878 magnus
1494 1843 1531 1870 ait
1560 1842 1702 1870 Basilius:

920 1900 930 1917 ι
944 1891 1011 1918 Nam
1020 1898 1080 1925 quae
1091 1890 1257 1918 narrationis
1270 1897 1361 1918 sermo
1379 1897 1427 1925 per
1446 1889 1570 1916 auditum
1588 1888 1698 1923 ingerit,

918 1937 971 1964 hoc
990 1937 1094 1971 pictura
1108 1936 1190 1964 silens
1203 1943 1250 1971 per
1266 1936 1446 1963 imitationem
1464 1935 1584 1962 ostendit
1593 1935 1626 1961 ".
1644 1943 1654 1959 ι
1669 1935 1704 1961 At

920 1989 970 2009 nec
985 1989 1079 2009 omnes
1097 1982 1222 2017 pictores,
1243 1989 1294 2009 nec
1306 1989 1400 2009 omnes
1415 1987 1479 2009 sunt
1501 1985 1622 2008 oratores
1637 1980 1704 2007 :sed

920 2032 1001 2062 prout
1030 2027 1177 2062 unicuique
1209 2027 1281 2055 Deus
1304 2028 1397 2063 gratiae
1425 2027 1536 2054 modum
1564 2026 1702 2061 impertiit.

920 2075 1019 2108 Quare,
1031 2074 1131 2101 omissa
1147 2074 1198 2101 hac
1219 2074 1411 2108 propositione,
1426 2073 1459 2100 ad
1477 2076 1632 2107 sequentem
1657 2080 1704 2099 ve-

920 2121 988 2148 niat.
1005 2129 1016 2146 (
1031 2119 1129 2147 Dicant
1144 2119 1242 2147 deinde
1265 2119 1312 2154 qui
1339 2119 1407 2147 tales
1428 2118 1578 2146 formarum
1604 2118 1704 2152 eﬂigies

919 2173 967 2192 aut
980 2166 1013 2193 ad
1029 2174 1109 2200 quam
1121 2174 1154 2193 ex
1171 2173 1265 2193 earum
1280 2164 1465 2192 admonitione
1482 2164 1629 2199 spiritalem
1646 2164 1703 2190 eri-

918 2216 1000 2246 gunt,
1015 2218 1096 2245 quem
1111 2219 1143 2239 ex
1157 2212 1209 2239 illis
1223 2211 1340 2246 denique
1352 2210 1470 2238 fructum
1486 2214 1703 2245 consequantur:

883 2249 909 2279 D
922 2257 1177 2292 contemplationem
1194 2260 1349 2291 assurgaut.
1371 2265 1381 2282 ι

958 2303 1138 2338 luterrogetur
1152 2303 1273 2331 vicissim
1286 2303 1326 2330 vir
1339 2307 1478 2333 strenuus,
1491 2302 1553 2337 quis
1574 2309 1628 2329 non
1643 2301 1705 2328 inde.

918 2347 1033 2382 fructus,
1046 2356 1106 2383 quae
1129 2356 1182 2376 non
1198 2349 1240 2383 pia
1258 2348 1450 2382 contemplatio
1470 2347 1584 2374 oriatur.
1598 2345 1665 2372 Nam
1681 2346 1704 2373 si

920 2393 1047 2429 imaginis
1063 2398 1160 2421 natura
1177 2399 1218 2421 est
1245 2397 1273 2420 ut
1290 2394 1326 2420 sit
1343 2393 1483 2428 archetypi
1506 2391 1682 2419 simulacrum
1695 2411 1704 2424 ,

920 2439 1148 2474 quemadmodum
1177 2440 1215 2467 ait
1247 2439 1392 2474 Gregorius
1421 2439 1598 2474 Theologus,
1621 2442 1649 2465 et.
1676 2438 1704 2465 in

923 2485 1042 2520 imagine
1066 2486 1241 2520 archetypum
1266 2486 1398 2517 cernitur,
1424 2489 1454 2512 ut
1484 2484 1705 2519 sapientissimus

925 2529 1073 2566 Dienysius
1089 2530 1210 2565 loquitur
1226 2539 1232 2557 ε
1252 2530 1424 2565 perspicuum
1439 2533 1481 2557 est
1495 2536 1528 2556 ex
1545 2528 1705 2559 simulacro.

980 2586 1003 2602 "
1021 2585 1124 2613 Concil.
1138 2585 1240 2612 Nicatui
1255 2592 1284 2617 ll,
1302 2590 1354 2612 act.
1369 2585 1395 2612 ϐ.
1442 2584 1464 2600 ⁷⁸
1482 2582 1559 2611 Hom.
1573 2581 1609 2609 20
1628 2581 1655 2608 in
1671 2582 1708 2611 ιο

843 2665 962 2694 ΝΟΤΕ.

124 2712 164 2744 (ι)
184 2711 214 2740 1η
228 2713 291 2740 eod.
308 2712 374 2747 Reg.
392 2713 425 2740 ad
442 2720 518 2740 oram
529 2713 591 2740 libri
610 2721 616 2739 :
637 2712 736 2739 ’ἰστέον
756 2711 794 2744 ὡς
806 2712 871 2739 Θεό-

87 2746 159 2783 ζοτοι
173 2748 305 2783 τέσσαρες
320 2746 372 2774 ὑπὸ
387 2748 434 2775 τοῦ
451 2748 528 2782 ἁγίου
541 2747 694 2783 Σωφρονιου
703 2747 870 2783 ἀναθεματί-

88 2780 182 2813 ζονται
192 2791 199 2798 ·
213 2780 270 2818 ἀλλ’
286 2783 311 2809 οἱ
327 2784 377 2818 μὲν
395 2780 612 2818 τρεϊςπρόδηλοί
619 2791 626 2797 ·
641 2783 655 2809 ὁ
667 2782 694 2808 δὲ
710 2780 748 2813 εἷς
763 2780 868 2818 ἀνώνυ-

89 2825 151 2853 μος,
165 2817 219 2853 υπὸ
238 2817 268 2853 δὲ
294 2817 387 2850 ἐτέρου
413 2817 526 2853 ῑπατρδς,
540 2818 578 2849 ὡς
600 2817 730 2852 ἀνέγνων,
744 2817 870 2853 6265020,-

95 2851 237 2889 ’Δγκύρων
254 2852 436 2888 διασὲὁληται,
452 2851 592 2880 Sciendum
604 2858 642 2880 ut
659 2857 775 2887 quatuor
787 2851 869 2879 Theo—

924 2713 1000 2741 doto;
1011 2722 1028 2740 α
1044 2718 1134 2741 sancto
1145 2713 1292 2748 Sophronia
1300 2711 1523 2740 anatlumatizari
1537 2719 1568 2738 ac
1583 2715 1634 2748 tres
1644 2711 1705 2748 ιμιότ

926 2750 984 2776 dem
1001 2750 1057 2776 noti
1074 2754 1155 2776 sunt:
1171 2745 1212 2775 hic
1232 2755 1318 2776 autent
1332 2756 1398 2775 unus
1419 2747 1475 2774 sine
1498 2745 1658 2781 cognomine,
1673 2745 1707 2773 ab

924 2784 1007 2810 altera
1022 2784 1110 2814 Putre.
1121 2784 1188 2810 sicut
1200 2784 1261 2819 legi,
1276 2783 1423 2818 infamatur
1432 2779 1558 2817 tanquam
1574 2782 1608 2808 sit
1620 2779 1705 2808 Theo—

923 2820 1001 2847 dotus
1017 2819 1184 2854 Ancyranus.
