1923 3078
232 128 302 162 1219

823 130 854 161 S.
868 127 1066 160 THEODORI
1085 129 1260 160 STUDIT/E

1784 123 1856 156 1220

229 186 283 214 hoc
296 189 351 218 est,
368 192 401 213 ex
423 184 542 220 imagine
555 192 682 220 magnam
698 185 840 213 utilitatem
856 185 968 220 percipi,
983 192 1015 212 ac

1075 185 1151 221 iTouv
1166 185 1280 217 εἰκόνος,
1293 183 1362 211 πολὺ
1379 182 1409 210 τδ
1429 182 1526 218 ὄφελος
1541 181 1652 218 πρόεισι
1667 188 1676 196 ·
1691 181 1740 208 καὶ
1751 180 1796 208 διὰ
1806 181 1856 209 τοῦ

229 238 279 266 per
291 230 466 258 simulacrum
482 230 614 259 exsistere
634 230 815 266 multiplicem
829 231 903 258 circa
922 230 1017 258 arche-

231 281 324 311 typum
336 275 434 303 mentis
465 275 732 310 contemplationem.
748 276 788 303 Ac
810 275 886 303 testis
901 274 1010 310 quidem

230 320 340 348 divinus
353 320 481 354 Basilius,
502 320 601 349 alicubi
626 322 738 349 dicens:
756 330 765 347 ι
786 320 916 357 Imaginis
935 320 1019 348 honor

231 366 266 393 ad
283 370 452 401 prototypum
467 366 585 394 ascendit
596 367 629 394 “.
648 376 660 393 ι
677 366 706 393 Si
722 366 844 394 ascendit
871 371 974 399 autem,
991 370 1020 394 et

230 411 371 439 descendit
394 412 467 439 haud
483 412 565 439 dubie
596 412 630 440 ad
652 412 800 447 imaginem
828 419 844 440 a
859 416 1015 448 prototypo.

230 455 316 483 Nemo
334 463 400 484 vero
412 456 447 483 ita
463 457 602 491 desipitut
617 456 689 484 dicat
705 457 837 485 honorem
845 457 948 485 nullius
959 464 1020 484 esse

231 500 369 535 utilitatis,
385 506 431 528 aut
444 501 619 529 simulacrum
633 509 688 529 non
715 509 776 530 esse
790 502 828 529 rei
860 502 1020 529 assimilatas

231 553 387 580 expressam
403 546 528 582 eliigiem,
555 546 592 574 ita
610 551 641 574 ut
669 547 784 574 alterum
801 547 829 574 in
851 547 937 575 altero
964 547 1019 580 sit,

228 591 307 625 juxta
332 592 453 619 divinum
478 591 637 627 Dionysium
652 600 660 618 :
675 600 730 627 quo
760 592 825 627 quid
841 599 902 620 esse
927 592 1021 620 utilius

231 641 321 673 potest
331 638 374 664 vel
389 637 422 664 ad
445 637 573 665 sublimia
604 637 695 664 animo
714 637 943 672 contemplandal
973 638 1022 666 Est

230 684 303 711 enim
318 684 521 718 repraesentatio
535 684 587 719 ipsi
618 691 709 711 rerum
738 683 861 719 aspectui
878 692 948 718 par:
980 689 1022 713 est

232 729 333 764 imago,
350 734 378 756 ut
402 729 513 764 proprio
535 730 662 765 exemplo
691 734 764 763 utar,
791 730 824 758 ad
840 730 906 758 solis
933 730 1021 758 lucem

231 776 309 811 quasi
324 777 396 804 luna:
411 777 468 803 lux.
487 776 595 812 Alioqui
606 776 630 804 si
646 784 690 804 res
703 784 784 804 secus
797 777 887 810 habet,
901 777 966 812 quid
977 785 1023 804 ve-

232 822 335 850 teribus
349 822 553 850 tabernaculum
570 822 718 849 testimonii
732 821 846 857 profuit,
864 822 938 857 quod
971 822 1023 850 fuit

232 867 384 894 caelestium
416 866 592 894 simulacrum
605 865 695 893 ‘iNam
710 871 737 894 et
761 866 817 894 illic
833 874 894 894 cum
915 867 1020 895 caeteris
1037 862 1057 890 Β

232 912 381 939 Cherubim
410 911 503 946 gloriae
533 911 756 946 propitiatorium
794 912 994 948 obtegebant"
1011 930 1020 944 ,

232 957 286 985 hoc
313 961 365 989 est,
382 956 514 991 imagines
532 957 651 984 humana
665 957 844 986 similitudine
867 965 1018 993 expressae:

232 1010 328 1031 omnes
358 1002 392 1030 ad
414 1007 531 1030 mentem
560 1010 669 1030 sursum
689 1004 864 1032 attollendam
890 1008 978 1039 aptas,
995 1008 1022 1031 et

233 1048 478 1084 contemplationes
496 1048 664 1076 adorationis
685 1049 713 1076 in
730 1049 838 1085 spiritu.
856 1049 969 1077 Frustra
979 1057 1022 1078 ve-

232 1102 265 1122 ro
277 1095 366 1127 nobis,
379 1095 530 1124 secundum
546 1095 619 1122 illam
642 1096 867 1130 propositionem,
882 1100 909 1123 ct
930 1096 1020 1131 imago

234 1141 326 1169 crucis
346 1149 353 1167 :
377 1140 477 1169 frustra
488 1145 514 1168 et
539 1148 600 1175 qua:
615 1141 761 1168 lanceam:
791 1141 893 1169 frustra
908 1148 936 1170 et
962 1151 1023 1178 qua:

234 1187 375 1223 spongiam
389 1190 564 1222 repraesentat
578 1197 586 1214 :
603 1187 735 1222 siquidem
751 1193 778 1216 et
797 1188 855 1216 haec
877 1189 1022 1218 simulacra

236 1237 311 1266 sunt,
332 1233 384 1260 etsi
404 1240 460 1261 non
483 1233 609 1260 humanae
635 1233 841 1262 similitudinis:
865 1234 969 1263 frustra
996 1240 1023 1264 et

236 1285 406 1313 quacunque
429 1278 482 1305 alia
510 1278 685 1307 sensibilibus
707 1279 883 1315 imaginibus,
906 1285 936 1308 ut
961 1289 1023 1309 eum

237 1323 369 1361 Dionysio
381 1325 479 1359 loquar
488 1325 511 1341 ⁷⁸
529 1345 538 1358 ,
556 1325 636 1353 nobis
654 1329 719 1353 sunt
742 1325 842 1353 tradita
857 1335 863 1353 :
894 1334 943 1362 per
963 1334 1024 1362 quae

177 1401 183 1405 ,
237 1371 270 1399 ad
289 1370 494 1405 intelligibilem,
519 1371 609 1405 quoad
625 1371 686 1407 ejus
699 1371 757 1399 fieri
782 1376 881 1406 potest,
909 1372 1023 1408 inquit,

193 1419 197 1425 '
237 1414 500 1450 cantemplationem
517 1416 698 1451 assurgimus.

191 1455 198 1464 ⁸
290 1460 391 1488 Deinde
407 1467 471 1488 vero
479 1464 506 1488 et
514 1469 567 1488 una
579 1468 594 1488 e
604 1461 725 1497 quinque
738 1462 836 1490 animae
849 1462 1025 1492 facultatibus

237 1507 382 1542 phantasia
399 1511 441 1535 est
459 1516 466 1535 :
486 1507 630 1543 phantasia
642 1515 707 1536 vero
719 1508 809 1544 imago
826 1509 950 1544 quaedam
970 1517 1025 1538 me-

238 1554 292 1581 rito
324 1554 471 1581 videatur:
488 1558 637 1590 utrumque
661 1555 734 1582 enim
767 1555 944 1585 simulacrum
971 1562 1024 1584 est.

239 1599 298 1627 Non
313 1599 416 1628 inutilis
427 1600 510 1636 igitur
521 1600 622 1636 imago,
637 1609 699 1637 qua
711 1601 747 1630 sit
752 1602 903 1637 phantasiae
915 1603 1025 1632 similis.

239 1645 315 1678 Quod
331 1646 355 1673 si
384 1646 492 1673 inutilis
512 1653 544 1674 ea
562 1650 605 1675 est
633 1654 695 1682 qua:
727 1648 912 1682 praestantior,
941 1648 1028 1677 multo

239 1692 333 1727 utique
345 1691 430 1726 magis
446 1699 479 1719 ea
492 1699 555 1727 qua:
583 1692 711 1726 deterior,
729 1693 829 1721 frustra
844 1698 948 1722 natura
960 1702 1028 1722 con-

192 1752 198 1758 -
239 1737 340 1772 genita.
360 1737 400 1765 Ac
416 1737 439 1765 si
450 1736 564 1770 frustra,
579 1737 681 1772 pariter
699 1743 727 1766 et
740 1746 801 1774 quae
826 1743 890 1767 sunt
905 1739 1027 1775 ejusdem

239 1791 302 1810 cum
319 1783 363 1810 illa
389 1782 505 1815 ordinis,
522 1790 631 1815 sensus,
647 1784 751 1818 opinio,
778 1784 917 1819 cogitatio.
939 1793 1026 1812 mens.

241 1828 288 1856 Sic
314 1829 419 1856 ratione
457 1828 572 1864 physica
599 1833 681 1856 utens
725 1829 814 1857 oratio
853 1829 1026 1865 insipientem

239 1874 370 1908 ostendit,
389 1874 476 1910 magis
493 1874 625 1909 probabili
641 1875 881 1910 contemplatione,
902 1875 1028 1911 imaginis

240 1921 299 1950 sive
322 1921 474 1956 phantasia!
503 1924 730 1956 contemptorem.
765 1921 820 1957 Ego
839 1929 905 1949 vero
929 1923 1028 1950 etalio

241 1967 354 1996 nomine
377 1966 551 2002 phantasiam
583 1967 680 1995 miror.
697 1967 782 1995 Aiunt
804 1967 878 1996 enim
903 1969 1028 1996 nonnulli

242 2014 384 2042 mulierem
399 2013 496 2041 hausta
512 2013 650 2050 Ethiopis
683 2014 800 2050 imagine
816 2015 867 2043 sub
885 2015 944 2050 ipso
960 2023 1028 2044 con-

242 2059 506 2094 ceptu,1!5thiopem
541 2060 689 2094 peperisse.
721 2059 817 2089 Simile
835 2061 964 2096 quiddam
996 2061 1030 2090 de

241 2105 397 2140 patriarcha
411 2104 495 2132 Iacob
525 2109 652 2132 narratur
668 2105 696 2132 in
720 2106 860 2141 virgarum
878 2107 1030 2135 deeortica-

244 2150 346 2177 tione"
361 2158 369 2181 :
385 2157 441 2184 quo
460 2157 495 2177 ex
519 2149 590 2183 visu,
605 2150 674 2178 varii
699 2151 799 2180 coloris
817 2159 915 2186 pecora
936 2160 1030 2180 nasce-

1070 232 1229 268 μιμήματος
1243 231 1357 266 πλείστη
1369 230 1416 257 ἐπὶ
1428 229 1458 256 τδ
1477 228 1630 264 ἀρχέτυπον
1647 227 1664 263 ἡ
1680 227 1857 262 πνευματικὴ

1069 277 1172 312 θεωρία
1188 277 1287 305 ἄνεισι.
1302 276 1358 303 Καὶ
1378 275 1485 311 μάρτυς
1503 275 1517 300 ὁ
1531 274 1612 305 αὐτὸς
1628 272 1699 304 θεῖος
1715 272 1858 304 Βασίλειος

1068 320 1119 350 ὧδέ
1136 331 1187 350 που
1202 322 1289 357 λέγων
1305 330 1312 337 ·
1328 331 1338 348 ι
1363 321 1395 348 Ἦ
1409 321 1458 356 τῆς
1469 321 1572 351 εἰκόνος
1590 318 1658 354 τιμὴ
1670 318 1716 345 ἐπὶ
1734 317 1765 345 τὸ
1779 326 1858 353 πρω-

1068 371 1185 398 τότυπον
1200 369 1352 397 ἀναϐαίνει.
1371 377 1382 395 ι
1400 368 1432 394 Εἰ
1447 367 1476 394 δὲ
1495 365 1648 396 ἀναϐαίνει,
1662 364 1711 391 καὶ
1733 363 1858 391 κάτεισιν

1070 416 1180 452 εὖδηλον
1203 415 1250 442 ἐπὶ
1274 415 1324 450 τὴν
1340 414 1433 441 εἰκόνα
1449 412 1503 440 ἀπὸ
1516 411 1564 439 τοῦ
1587 409 1781 446 πρωτοτύτιου.
1800 409 1858 436 οὐκ

1070 463 1104 490 ἂν
1120 463 1149 489 δέ
1163 471 1204 494 τις
1218 460 1387 497 ἁνοηταίνων
1407 458 1534 493 ἀνωφελῆ
1559 457 1609 494 τὴν
1623 456 1708 492 τιμὴν
1724 456 1833 483 εἴποιεν
1848 463 1855 471 ·

1070 509 1123 536 οὐδ’
1138 506 1179 536 ἀὖ
1195 508 1225 535 τὸ
1249 507 1360 543 μίμημα
1374 506 1411 542 μὴ
1424 505 1485 540 οὐχὶ
1507 503 1555 530 τοῦ
1580 502 1772 538 μεμιμημένον
1790 502 1858 528 ἀπο-

1070 552 1189 587 τύπωμα
1204 560 1211 567 ·
1224 551 1261 584 ὡς
1283 549 1354 578 εἶναι
1367 551 1497 585 ἑκάτερον
1517 550 1546 575 ὲν
1569 547 1692 583 ἐκατέρῳ
1714 546 1786 573 κατὰ
1812 545 1857 573 τὸν

1071 598 1142 625 Θεῖον
1158 597 1295 624 Διονύσιον
1307 606 1314 612 ·
1333 593 1364 623 οὗ
1383 596 1410 622 τί
1429 596 1462 622 ἂν
1478 595 1583 629 γένοιτο
1605 591 1818 628 ὼφελιμώτερόν
1828 599 1858 617 τε

1071 644 1119 672 καὶ
1128 643 1385 678 άναγωγικώτερον;
1404 642 1545 677 Ἐμφασις
1571 640 1625 674 γάρ
1643 639 1702 665 ἐστι
1722 637 1774 672 τῆς
1793 636 1859 664 αὑτ-

1071 691 1161 726 οψίας,
1176 690 1223 717 καὶ
1239 688 1389 724 σεληνιαῖόν
1403 696 1430 714 τι
1451 687 1520 721 φῶς,
1536 686 1580 712 ἶνα
1597 685 1645 712 καὶ
1658 683 1752 719 οἰκείῳ
1768 691 1859 718 παρα·

1071 737 1197 771 δείγματι
1215 735 1372 771 χρήσωμαι,
1398 733 1467 768 πρὸς
1489 731 1602 767 ἡλιακὸν
1628 731 1686 765 φῶς
1712 730 1730 765 ή
1753 729 1857 755 εἰκώνο

1072 784 1134 810 ἐπεὶ
1146 784 1170 810 εἰ
1194 782 1231 818 μὴ
1259 781 1349 814 τοῦτο,
1366 780 1392 806 τί
1416 779 1519 814 ὀνίνησι
1543 778 1606 810 τοὺς
1626 777 1711 804 πάλαι
1732 777 1750 812 ἡ
1771 775 1860 811 σκηνὴ

1072 829 1119 856 τοῦ
1147 827 1316 864 μαρτυρίου,
1345 826 1459 862 μίμημα
1487 821 1555 851 οὖσα
1583 824 1637 850 τῶν
1662 821 1858 857 ἑπουρανίων;

1071 875 1158 902 Κάκεῖ
1171 875 1225 909 γὰρ
1238 873 1307 908 μετὰ
1320 873 1376 898 τῶν
1390 872 1479 898 ἄλλων
1494 869 1636 906 Χερουϐὶμ
1662 868 1742 903 δόξης
1769 867 1860 893 κατα-

1071 919 1217 951 σκιάζοντα
1237 917 1267 944 τδ
1287 917 1440 952 ἱλαστήριον
1456 921 1464 930 ·
1480 915 1619 942 τουτέστιν
1633 913 1738 944 εἰκόνες
1751 911 1861 946 ἀνθρω-

1071 965 1206 1001 πομόρφῳ
1226 964 1292 991 εῖδει
1313 961 1530 997 διατυπούμεναι
1545 969 1553 975 ⁸
1574 958 1737 994 άναγωγικὰ
1757 958 1860 988 πάντα.

1071 1011 1118 1038 καὶ
1135 1010 1184 1045 τῆς
1201 1011 1230 1036 ἐν
1247 1008 1382 1044 πνεύματι
1396 1007 1524 1042 λατρείας
1540 1005 1720 1040 θεωρήματα.
1754 1003 1857 1037 Μάτην

1070 1056 1099 1082 δὲ
1114 1055 1179 1090 ἡμῖν
1195 1054 1256 1081 ὅσον
1281 1053 1328 1079 ἐπὶ
1350 1053 1382 1088 τῇ
1405 1051 1495 1087 τοιᾷδε
1521 1050 1652 1086 προτάσει
1670 1049 1717 1075 καὶ
1737 1048 1754 1083 ἠ
1778 1056 1861 1074 σταυη

1074 1100 1180 1136 ροειδὴς
1207 1099 1288 1126 εἰκών
1301 1107 1309 1114 ο
1329 1098 1419 1134 μάτην
1440 1097 1488 1125 καὶ
1509 1097 1527 1132 ἡ
1567 1094 1724 1130 λογχοειδής
1741 1101 1748 1108 ·
1766 1093 1860 1128 μάτην

1072 1146 1119 1173 καὶ
1134 1146 1152 1180 ἡ
1166 1144 1353 1179 σπογγοειδής.
1378 1143 1509 1178 Ἐπείπερ
1524 1141 1570 1168 καὶ
1583 1140 1672 1168 ταῦτα
1697 1139 1859 1175 μιμήματα,

1072 1193 1124 1220 κᾶν
1142 1193 1191 1220 οὐκ
1206 1191 1444 1226 ἀνθρωπόμορφα·
1458 1189 1547 1224 μάτην
1562 1187 1609 1214 καὶ
1623 1187 1674 1214 ὅσα
1683 1185 1751 1213 ἄλλα
1763 1184 1862 1220 αἰσθηο

1071 1239 1130 1270 ταίς
1141 1238 1238 1268 εἰκόσι,
1254 1234 1439 1267 Διονυσιακῶς
1456 1235 1554 1266 εἰπεῖν,
1568 1232 1751 1268 παραδέδοται
1767 1232 1836 1266 ἡμῖν
1852 1239 1860 1246 ·

1071 1279 1149 1310 δι’ὦν
1162 1282 1209 1308 ἐπὶ
1216 1281 1266 1313 τάς
1281 1281 1380 1318 νοητὰς
1391 1279 1463 1307 κατὰ
1474 1279 1505 1306 τὺ
1513 1278 1637 1312 δυνατὸν,
1649 1276 1743 1313 φησὶν,
1758 1275 1861 1311 ἀναγό-

1075 1329 1145 1366 μεθα
1159 1328 1287 1364 θεωρίας.
1651 1330 1654 1333 ‘

1109 1465 1226 1491 Ἔπειτα
1242 1462 1290 1489 καὶ
1313 1462 1330 1497 ἡ
1354 1461 1402 1496 μία
1415 1460 1470 1487 τῶν
1495 1459 1576 1486 πέντε
1593 1458 1644 1493 τῆς
1663 1457 1753 1493 ψυχῆς
1778 1456 1862 1484 δυνά-

1077 1518 1149 1546 μεων
1166 1510 1184 1545 η
1202 1507 1336 1544 φαντασία
1349 1516 1356 1522 ·
1372 1506 1510 1541 φαντασία
1530 1505 1558 1532 δὲ
1583 1503 1668 1536 δόξειέ
1687 1511 1729 1534 τις
1755 1501 1839 1529 εἰκών
1853 1510 1861 1517 ·

1079 1557 1228 1593 ἰνδάλματα
1254 1555 1308 1591 γὰρ
1331 1554 1486 1591 ἀμφότερα.
1517 1554 1574 1580 Οὐκ
1594 1552 1737 1587 ἀνωφελὴς
1766 1550 1822 1586 ἄρα
1844 1551 1861 1585 ἡ

1077 1604 1159 1632 εἰκὼν
1168 1605 1201 1640 τῇ
1217 1601 1354 1637 φαντασίᾳ
1370 1601 1485 1627 ἐοικυῖα.
1498 1599 1563 1626 Εἱδὲ
1576 1598 1717 1632 ἀνωφελὴς
1729 1598 1746 1633 ἠ
1757 1596 1863 1633 προύρ-

1077 1650 1214 1686 γιαιτέρα,
1232 1648 1322 1684 πολλῷ
1342 1645 1387 1674 οὖν
1408 1645 1508 1682 μᾶλλον
1529 1646 1546 1681 ἡ
1564 1643 1794 1680 ὑφειμενεστέρα,
1811 1641 1865 1677 μά-

1077 1706 1127 1733 την
1148 1695 1356 1730 συνυπάρχουσα
1378 1695 1409 1729 τῇ
1426 1693 1507 1728 φύσει
1523 1700 1531 1708 ·
1543 1692 1591 1718 καὶ
1604 1692 1628 1718 εἰ
1649 1691 1750 1726 μάτην,
1764 1689 1813 1716 καὶ
1835 1688 1864 1715 αἰ

1079 1743 1214 1778 σύστοιχοι
1225 1742 1321 1774 αὐτῆς,
1337 1740 1474 1776 αἴσθησις,
1486 1738 1560 1771 δόξα,
1569 1738 1683 1770 διάνοια,
1695 1735 1768 1767 νοῦς.
1785 1733 1864 1762 οὕτω

1078 1787 1272 1825 φυσιολογῶνὸ
1290 1787 1369 1821 λόγος
1389 1786 1471 1813 ἄνουν
1494 1783 1659 1819 ὑπαγορεύει
1683 1781 1729 1809 διὰ
1747 1780 1864 1816 θεωρίας

1078 1833 1329 1876 ὲπαγωγικωτέεας
1345 1832 1391 1859 τὸν
1414 1833 1464 1867 τῆς
1491 1830 1594 1861 εἰκόνος
1623 1829 1683 1864 ἦτοι
1714 1826 1866 1876 φαντασίας

1078 1881 1267 1916 ὲξουδενωτήν.
1289 1874 1359 1914 Ἒγὼ
1375 1878 1404 1905 δὲ
1417 1877 1465 1905 καὶ
1480 1877 1567 1909 ἄλλως
1580 1876 1686 1911 ἄγαμαι
1698 1874 1748 1909 τὴν
1760 1881 1867 1908 φαντα-

1080 1928 1150 1954 σίαν.
1171 1927 1240 1953 Φασὶ
1255 1925 1310 1961 γάρ
1332 1933 1406 1956 τινες
1418 1924 1536 1958 γυναῖκα
1553 1922 1625 1949 κατὰ
1646 1921 1692 1948 τὸν
1706 1918 1866 1955 συλλήψεως

1078 1973 1174 2009 καιρὸν
1187 1972 1305 1999 Αἰθίοπα
1327 1970 1539 2007 φαντασθεῖσαν,
1563 1967 1681 1996 Αἰθίοπα
1708 1967 1867 1993 ἀποτεκεῖν.

1079 2019 1205 2047 Τοιοῦτον
1225 2019 1272 2045 καὶ
1287 2019 1318 2045 τὸ
1341 2017 1412 2044 κατὰ
1435 2016 1482 2043 τὸν
1506 2015 1679 2051 πατριάρχην
1700 2012 1799 2040 Ἰακὼϐ
1819 2012 1869 2039 ἐπὶ

1078 2063 1117 2099 τῷ
1130 2063 1185 2090 τῶν
1202 2062 1308 2099 ῥάϐδων
1323 2061 1450 2096 λεπισμῷ
1465 2069 1472 2075 ·
1487 2060 1517 2093 ἐξ
1526 2058 1559 2096 ἦς
1576 2058 1727 2094 φαντασίας
1741 2058 1869 2085 Enoth-

1078 2110 1154 2136 λοντο
1179 2109 1212 2135 τὰ
1232 2110 1260 2135 ὲν
1280 2109 1336 2140 τοῖς
1357 2108 1498 2143 θρέμμασι
1517 2106 1677 2141 τικτόμενα,
1693 2104 1752 2138 καὶ,
1774 2103 1797 2131 ὣ
1818 2103 1868 2131 τοῦ

1080 2155 1232 2191 θαύματοςί
1248 2155 1290 2181 ὃτι
1314 2153 1515 2189 πραγματικῆς
1539 2152 1681 2187 ἐνεργείας
1696 2151 1713 2186 ἡ
1736 2151 1870 2178 εἰκονοει-

244 2197 352 2230 bantur,
365 2201 401 2228 et,
417 2203 434 2224 ο
457 2203 514 2224 rem
527 2195 624 2223 miram
641 2196 647 2223 !
665 2196 775 2232 imagini
798 2197 897 2224 similis
913 2196 1025 2232 phanta-

1079 2202 1127 2237 δὴς
1143 2200 1278 2235 φαντασία
1295 2196 1384 2227 ὦπται
1398 2198 1584 2231 ἀποτέλεσμα.
1609 2197 1678 2224 Ἀλλ’
1696 2196 1742 2223 ἐπὶ
1754 2196 1785 2223 τὸ
1799 2204 1870 2231 προ-

244 2242 285 2270 sia
300 2242 356 2270 vim
371 2241 534 2270 effectricem
560 2241 618 2269 visa
637 2245 679 2269 est
695 2249 911 2270 consummasse.
931 2243 983 2271 Sed
995 2243 1028 2270 ad

244 2289 416 2324 propositum
444 2291 596 2316 revertatur
624 2289 711 2316 oratio
729 2297 736 2319 :
759 2287 871 2316 «Dicant
891 2289 939 2324 qui
960 2289 1029 2318 tales

245 2337 396 2364 formarum
421 2334 523 2370 eﬂigies
552 2334 672 2369 erigunt.
690 2342 771 2370 quem
790 2342 822 2362 ex
844 2334 898 2363 illis
912 2335 1030 2370 denique

245 2382 364 2410 fructum
396 2385 624 2416 consequantur:
652 2385 699 2409 aut
715 2380 748 2408 ad
768 2388 850 2416 quam
880 2388 914 2408 ex
934 2389 1030 2410 earum

245 2427 430 2455 admonitione
441 2426 589 2462 spiritalem
602 2426 858 2461 contemplationem
879 2427 1031 2461 provehan-

247 2479 300 2501 tur.
320 2483 329 2499 ι
348 2473 458 2508 Ecquis,
489 2480 506 2501 ο
523 2473 619 2506 amice,
633 2481 668 2501 ex
692 2473 818 2508 imaginis
840 2478 952 2509 aspectu
967 2493 976 2506 ,
993 2473 1031 2501 si-

246 2520 355 2555 quidem
369 2524 463 2548 exacte
470 2519 585 2554 lixisque
598 2519 779 2553 dextrorsum,
795 2527 827 2548 ac
844 2520 1032 2548 sinistrorsum

247 2566 334 2594 oculis
351 2569 455 2598 cernat,
486 2565 634 2593 simulacra
659 2565 790 2595 hauriens
804 2572 859 2592 non
887 2564 980 2600 inﬁgat
1004 2565 1032 2591 in

247 2612 356 2638 animo:
369 2615 396 2638 et
412 2611 514 2646 optima
537 2610 658 2645 quidem,
680 2611 703 2638 si
716 2618 750 2638 ex
772 2611 891 2646 imagine
909 2610 1033 2645 optima:

249 2658 291 2685 sin
307 2665 340 2685 ex
355 2658 437 2693 turpi,
456 2658 571 2693 turpia?
588 2657 625 2685 ita
639 2662 669 2685 ut
682 2664 802 2692 persmpe
815 2662 842 2684 et
861 2656 935 2684 domi
958 2656 1036 2684 habi-

249 2709 312 2731 tans
339 2711 413 2731 nunc
441 2708 653 2739 compungatur,
678 2710 751 2730 nunc
776 2710 841 2730 νει-ο
865 2707 1034 2732 succenseat.

249 2750 347 2778 Annon
363 2754 390 2777 et
403 2749 501 2785 aliquis
515 2749 650 2777 interdum
659 2748 832 2776 obdormiens
842 2748 908 2777 visis
925 2753 1036 2777 noctur-

1076 2247 1202 2282 κείμενον
1219 2247 1233 2273 ό
1246 2246 1325 2280 λόγος
1339 2254 1346 2260 ·
1365 2255 1375 2272 ι
1392 2244 1557 2272 Εἱπάτωσαν
1572 2244 1598 2270 οἱ
1613 2243 1662 2274 τὰς
1675 2242 1781 2269 τοιάσδε
1798 2242 1870 2268 ἀνα-

1078 2292 1237 2327 στηλοῦντες
1257 2291 1378 2327 μορφὰς,
1393 2290 1475 2322 ποίας
1495 2290 1548 2325 ἄρα
1567 2290 1599 2316 ὲκ
1616 2289 1718 2316 τούτων
1742 2296 1871 2314 καταπο-

1077 2338 1184 2365 λαύοιεν
1200 2337 1352 2371 ὠφελείας·
1370 2337 1387 2372 ἣ
1406 2337 1435 2364 ὲν
1460 2336 1526 2371 ποίᾳ
1538 2335 1582 2361 διὰ
1602 2334 1651 2370 τῆς
1677 2332 1782 2360 τούτων
1799 2333 1872 2359 ἀνα-

1081 2385 1207 2421 μνήσεως
1223 2384 1371 2417 ἀνάγονται
1387 2382 1498 2418 θεωρίᾳ.
1517 2391 1527 2408 t
1539 2383 1594 2409 Καὶ
1608 2381 1659 2414 τίς,
1669 2377 1692 2407 ὦ
1701 2381 1762 2413 τᾶν,
1775 2379 1828 2406 οὑκ
1837 2379 1873 2405 ἐκ

1078 2431 1127 2467 τῆς
1136 2431 1272 2466 εἰκονικῆς
1286 2430 1367 2462 ἰδέας,
1381 2429 1459 2465 εἰπερ
1474 2428 1597 2464 ἐναργῶς
1611 2427 1757 2458 ἁτενίσειε,
1771 2426 1870 2459 δεξιᾶς

1079 2485 1109 2503 τε
1125 2477 1142 2512 ἢ
1157 2476 1315 2512 ἀριστερᾶς,
1334 2475 1483 2510 ἰνδάλματα
1509 2473 1599 2501 λαϐὼν
1610 2474 1639 2499 ὲν
1658 2472 1697 2507 νῷ
1725 2472 1841 2499 ἄπεισιν
1858 2481 1868 2505 ;

1080 2521 1137 2549 ἀλλ’
1152 2522 1176 2548 εἰ
1196 2521 1246 2557 μὲν
1267 2521 1296 2553 ἐξ
1310 2521 1424 2556 ἀρίστης
1446 2520 1546 2556 ἄριστα
1563 2527 1570 2535 ·
1588 2520 1612 2546 εἰ
1627 2518 1657 2545 δὲ
1678 2517 1708 2551 ἐξ
1723 2517 1873 2553 αἰσχίστης

1081 2567 1207 2603 αἴσχιστα
1219 2575 1225 2582 ·
1244 2566 1314 2593 ὥστε
1332 2566 1463 2598 πολλάκις
1482 2566 1531 2593 καὶ
1554 2565 1623 2592 οἶκοι
1643 2564 1732 2600 μένων
1747 2565 1782 2599 τῇ
1815 2563 1869 2599 μὲν

1081 2612 1306 2644 κατανύττεσθαι,
1327 2613 1360 2648 τῇ
1377 2613 1406 2638 δὲ
1425 2610 1614 2639 παθαίνεσθαι.
1631 2611 1666 2637 Ἦ
1679 2609 1739 2644 οὐχὶ
1756 2608 1806 2636 καί
1830 2617 1874 2641 τις

1084 2657 1168 2684 ἐνίοτε
1186 2656 1352 2691 ἀφυπνὼσας
1367 2657 1423 2687 τοῖς
1439 2656 1607 2692 νυκτερινοῖς
1624 2655 1805 2690 φαντάσμασι
1823 2662 1874 2681 πε-

1088 2703 1210 2739 ριχαρῶς
1223 2703 1239 2738 ἢ
1253 2702 1382 2738 λυπηρῶς
1402 2703 1586 2735 διανίσταται;
1604 2701 1636 2729 Εἰ
1656 2702 1684 2729 δὲ
1703 2702 1764 2728 ικεῖ
1773 2700 1873 2732 οὕτως,

1085 2750 1174 2786 πολλῷ
1196 2750 1297 2784 μᾶλλον
1319 2751 1348 2777 ἐν
1360 2750 1416 2782 τοῖς
1431 2749 1492 2777 καθ’
1507 2749 1580 2785 ὕπαρ
1596 2748 1770 2783 εἰκονίσμασι
1786 2747 1873 2774 διατί-

291 2852 313 2868 "
328 2851 387 2879 Lib.
404 2851 440 2881 De
452 2850 554 2887 Spiritu
570 2854 674 2884 sancto.
689 2857 713 2878 ο.
728 2849 771 2877 l7.
795 2849 833 2888 Ἴτ’
849 2848 933 2878 Exod.
948 2857 1011 2884 xxv,
1026 2849 1071 2877 20.
1097 2850 1108 2866 ⁶
1124 2846 1162 2877 De
1184 2849 1286 2877 caelesti
1300 2847 1464 2881 hierarchia,
1483 2854 1543 2882 cap.
1560 2846 1585 2874 l.
1626 2847 1648 2864 "
1665 2845 1732 2874 Gen.
1744 2844 1871 2876 “1.37.
