1923 3078
83 136 153 170 ιξοι

683 141 954 175 EPISTOLARUM
972 143 1047 174 LIB.
1075 144 1116 174 ΙΙ.

1642 145 1710 179 1222

79 195 178 222 ὕεσθαι
192 196 250 223 ἔστι
272 196 339 233 πρὸς
357 197 476 233 ἑκάτερα
494 197 540 225 τδν
561 198 696 234 βλέποντα
707 209 714 215 ·
733 202 771 228 Οὐ
786 201 868 237 δήπου

925 202 969 231 nis
987 203 1134 235 excitatur,
1163 209 1210 231 seu
1225 202 1285 230 laeta
1313 210 1345 231 ea
1365 202 1430 236 sint,
1446 210 1493 232 seu
1508 203 1597 232 tristia
1611 204 1623 230 τ
1635 203 1713 237 Quod

80 241 217 276 ἀνέγνως,
233 240 256 269 ὦ
274 242 407 278 βέλτιστε,
425 244 464 276 ὡς
477 245 502 271 οἱ
515 245 600 272 πάλαι
611 246 805 281 ὑποδείγματι
822 247 873 274 καὶ

81 287 159 322 σκιᾷ
183 289 366 323 λατρεύουσι
387 289 448 317 τῶν
466 290 665 325 ἐπουρανίων.
678 291 728 326 Τί;
743 293 873 330 ἑκάτερον

80 334 133 361 οὐκ
149 334 249 366 είκὼν;
274 336 325 362 οὐκ
345 336 376 362 ὲν
395 336 481 363 είκόνι
500 337 634 373 ἀνήγοντο
657 338 727 374 πρὸς
748 339 798 375 τὴν
818 339 873 367 τῶν

80 381 253 416 ἐπουρανίων
271 380 403 416 θεωρίαν;
420 383 471 410 οὐκ
493 383 529 410 ἐν
548 384 643 411 εικόνι
662 384 872 419 διαπορεύεται

80 427 138 458 πᾶς
153 426 319 462 ἄνθρωπος,
335 429 488 461 Δαυῖτικῶς
503 430 591 457 είπεῖν
607 439 615 463 ;
633 432 684 458 οὐκ
701 431 782 463 αὐτὸς
803 432 835 458 σὺ
858 432 873 458 6

81 472 271 509 Είκονομάχος
295 474 377 501 είκὼν
392 475 472 510 Θεοῦ,
490 477 537 503 καὶ
553 476 625 504 κατὰ
646 477 718 504 ἰδέαν
740 479 872 513 πατρῴαν

80 519 236 556 γεννηθεὶς,
256 521 303 547 καὶ
321 521 464 554 είκονικῶς
478 523 508 549 έν
525 523 622 550 πίνακι
642 524 871 560 ὲγγραφόμενος;

80 565 97 601 ῆ
116 566 199 600 μόνος
225 567 257 594 σὺ
274 567 500 600 ἀνεξεικὸνιστος,
515 568 553 601 ὡς
568 569 619 596 οὐκ
640 569 794 605 ἄνθρωπος,
813 571 872 597 ἀλλ’

79 611 285 647 ἀμϐλωθρίδιος
299 613 364 640 -καὶ
380 614 425 640 διὰ
438 614 518 641 τοῦτο
533 615 580 642 καὶ
595 615 660 647 τοὺς
673 616 767 650 ἁγίους
786 616 872 649 οὕτως

79 659 226 694 οίόμενος;
249 660 320 686 Ἀλλ’
334 660 376 687 ἵνα
401 661 502 695 μᾶλλον
518 661 532 688 6
552 662 617 697 περὶ
630 661 708 689 τοῦδε
728 663 806 696 λόγος
824 663 872 690 πί-

81 712 188 731 στωσιν
205 705 309 738 δέξοιτο
321 714 329 722 ο
345 707 443 742 παρεὶς
459 706 490 733 τδ
500 706 606 734 οἴκοθεν
619 707 805 743 δογματίζειν,
820 708 871 734 αὒ-

78 751 143 782 τοὺς
161 752 346 787 προστήσεται
362 752 426 784 τοὺς
443 754 494 788 τῆς
517 753 681 789 οἰκουμένης
693 753 869 789 λαμπτῆρας,

79 798 317 833 ἀποκρινομένους
333 807 375 824 σοι
399 798 468 834 πρὸς
486 798 536 834 τὴν
559 798 708 835 ἐρώτησιν.
720 799 871 835 Γρηγόριος

79 845 94 870 6
108 844 237 875 Νυσσεύς
251 852 257 859 ·
282 854 290 870 ι
319 842 397 871 Εἶδον
428 845 561 876 πολλάκις
581 845 627 871 ἐπὶ
650 846 761 881 γραφῆς
778 846 869 872 είκόνα

79 891 127 917 τοῦ
139 889 244 922 πάθους
254 899 262 906 ο
284 891 331 917 καὶ
342 890 393 917 οὐκ
411 891 545 926 ἀδακρυτὶ
556 891 604 926 τήν
623 891 686 918 θέαν
701 891 842 928 παρῆλθον
859 900 866 907 ·

79 936 205 973 ἐναργῶς
213 937 264 970 τῆς
278 936 377 972 τέχνης
385 937 431 964 ὑπ’
441 935 502 971 Βψιν
511 936 632 972 ἀγούσης
646 937 696 972 τὴν
710 937 841 971 ἱστορίαν.
856 946 865 963 ι

85 983 115 1010 '0
133 982 341 1018 Χρυσόστομος·
363 992 373 1008 ι
405 982 476 1018 Ἐγὼ
493 982 541 1009 καὶ
553 982 603 1018 τὴν
622 983 773 1018 κηρόχυτον
798 983 868 1018 ἡγά-

80 1038 158 1064 πησα
177 1029 288 1064 γραφὴν
313 1028 455 1060 εὐσεϐείας
470 1028 563 1055 ἕνεκεν
579 1028 807 1064 πεπληρωμένην.
822 1027 868 1055 Εἷ-

78 1075 123 1102 ὂον
137 1075 192 1110 γὰρ
202 1075 318 1110 ἄγγελον
329 1076 358 1102 έν
368 1075 453 1102 εικόνι
461 1075 608 1102 ἐλαύνοντα
616 1074 766 1111 Βαρϐάρων
775 1075 867 1110 στίφη·

79 1120 152 1148 εἶδον
173 1121 333 1157 πατούμενα
357 1121 509 1157 Βαρϐάρων
527 1121 598 1156 φῦλα
612 1131 619 1138 ·
640 1121 689 1148 καὶ
719 1121 765 1147 τὸν
788 1120 872 1147 Δαὸὶδ

79 1169 257 1204 ἀληθεύοντα·
272 1169 369 1203 Κύριε,
380 1169 416 1195 ἐν
426 1167 465 1202 τῇ
474 1168 560 1195 πόλει
570 1176 628 1195 σου
638 1167 695 1200 τὴν
704 1167 806 1195 είκόνα
817 1168 870 1195 αὐ-

78 1214 140 1241 τῶν
156 1214 385 1248 ἑξουὸενώσεις.
405 1214 539 1250 Κύριλλος
562 1213 780 1249 ’Δλεξανδρείαςο
799 1222 808 1239 ι
823 1210 870 1239 Εἷ-

78 1261 124 1287 δον
137 1260 193 1295 ἐγὼ
206 1260 279 1288 κατὰ
289 1261 382 1296 τοίχου
396 1261 516 1296 γραφὴν,
532 1260 697 1288 ὲναθλοῦσαν
709 1261 765 1292 τοῖς
779 1259 869 1294 σκάμ-

80 1316 149 1342 μασι
160 1307 245 1343 κόρην
254 1315 260 1322 '
272 1307 319 1334 καὶ
325 1308 375 1334 οὐκ
384 1306 518 1342 ἀδακρυτὶ
526 1306 575 1341 τὴν
581 1306 644 1333 θέαν
653 1305 840 1333 κατώπτευσα.
856 1314 866 1331 ι

78 1354 230 1389 Γρηγόριος
242 1354 257 1380 6
266 1353 395 1388 Θεολόγος
405 1363 412 1369 ·

923 249 947 276 si
963 248 1004 277 sic
1020 256 1063 276 res
1082 248 1137 276 illic
1155 248 1260 282 habet;
1277 249 1363 277 multo
1383 249 1470 285 magis
1494 249 1522 277 in
1538 250 1572 278 iis
1587 250 1715 286 imagini-

923 295 976 323 bus
990 303 1051 330 quae
1072 295 1144 323 inter
1158 295 1324 331 vigilandum
1360 296 1555 330 informantur,
1585 296 1715 325 utrolibet

922 341 1005 369 modo
1020 349 1134 370 necesse
1160 346 1202 370 est
1226 341 1295 370 allici
1320 346 1507 370 contuentem.
1540 340 1600 371 Non
1626 343 1715 379 legisti

923 385 1038 418 scilicet,
1058 387 1100 414 vir
1118 387 1230 421 optime.
1246 387 1320 422 quod
1332 391 1438 415 veteres
1453 387 1599 423 exemplari
1611 393 1637 415 et
1655 396 1715 416 um-

923 431 979 460 brat
991 432 1140 460 deserviunt
1156 433 1299 460 caelestium
1309 432 1334 449 ⁷⁸
1347 453 1354 461 .
1380 432 1473 466 Quid?
1501 437 1646 469 utrumque
1660 441 1714 461 non

923 478 1014 513 imago
1033 478 1092 505 est?
1108 485 1163 506 non
1178 479 1204 505 in
1220 479 1339 513 imagine
1367 479 1401 506 ad
1421 478 1575 507 caelestium
1591 483 1716 507 contem-

922 523 1069 558 plationem
1085 524 1305 552 subvehebantur
1317 525 1330 552 ?
1346 532 1400 552 non
1416 525 1446 552 in
1462 525 1579 559 imagine
1594 530 1716 560 pertran-

921 569 956 596 sit
975 570 1064 598 omnis
1078 571 1155 597 homo
1171 571 1195 587 ⁷³
1214 591 1222 604 ,
1241 575 1272 598 ut
1297 578 1360 598 cum
1383 570 1486 598 Davide
1514 570 1633 606 loquar?
1660 578 1715 599 non

921 614 980 650 ipse
991 619 1031 648 tu,
1048 615 1239 649 lconomache,
1261 615 1307 643 Dei
1321 615 1424 650 imago,
1442 620 1469 643 et
1494 615 1526 642 ad
1539 615 1626 650 patris
1639 615 1718 643 simi-

921 661 1063 689 litudinem
1084 662 1202 698 genitus,
1218 667 1245 690 et
1262 662 1393 698 graphice
1416 662 1540 697 depictus
1558 661 1584 688 in
1603 661 1716 689 tabula?

920 707 961 735 An
975 712 1003 736 tu
1026 708 1102 737 solus
1119 708 1180 737 sine
1195 709 1316 744 imagine
1344 717 1384 743 es,
1401 714 1533 744 tanquam
1564 716 1617 736 non
1634 708 1716 736 homo

920 754 971 786 sis,
994 754 1041 782 sed
1070 759 1167 790 partus
1183 754 1335 787 abortivus,
1361 760 1443 790 atque
1462 755 1565 782 idcirco
1589 754 1629 781 sic
1642 758 1669 781 et
1683 754 1717 782 de

922 798 1028 827 sanctis
1042 799 1208 827 existimas?
1229 799 1330 827 Verum
1354 803 1384 828 ut
1404 799 1537 834 majorem
1552 800 1610 827 haec
1625 799 1715 828 oratio

920 843 1042 871 inveniat
1057 844 1149 876 ﬁdem,
1166 845 1273 880 propria
1288 845 1500 873 ratiocinatione
1516 846 1713 880 praetermissa,

921 891 980 925 ipsa
1007 890 1147 918 exhibebit
1175 891 1250 918 orbis
1286 895 1422 919 terrarum
1439 892 1559 925 lumina,
1591 899 1652 927 quae
1666 891 1716 919 tibi

921 934 955 962 ad
972 935 1138 970 interrogata
1161 936 1354 971 respondeant.
1377 935 1526 971 Gregorius
1552 936 1714 972 Nyssenus:

921 981 984 1009 Vidi
1001 989 1189 1017 saepenumero
1212 983 1239 1010 in
1261 982 1366 1018 pictura
1385 983 1532 1018 imaginem
1546 983 1587 1011 rei
1599 983 1716 1011 misera-

922 1027 996 1061 bilis,
1011 1035 1060 1056 nec
1070 1028 1157 1055 oculis
1182 1028 1265 1056 siccis
1290 1029 1476 1063 spectaculum
1491 1029 1608 1065 praeterii
1625 1037 1632 1056 :
1648 1028 1715 1057 adeo

922 1073 1067 1101 manifeste
1081 1073 1133 1101 sub
1143 1073 1239 1102 oculos
1250 1081 1308 1102 rem
1323 1079 1428 1109 gestam
1445 1082 1490 1102 ars
1503 1074 1652 1103 exhibebat
1661 1074 1710 1101 ³⁸.»

924 1117 1137 1153 Chrysostomus
1150 1118 1172 1135 "
1186 1128 1193 1147 :
1206 1128 1216 1145 ι
1233 1119 1289 1154 Ego
1297 1122 1324 1146 et
1334 1120 1361 1147 in
1377 1127 1440 1147 cera
1455 1127 1614 1155 expressam
1625 1119 1714 1147 amavi

923 1167 1071 1202 picturam,
1084 1166 1195 1202 pietatis
1212 1173 1294 1194 causa
1312 1165 1476 1194 coniectam.
1497 1165 1559 1193 Vidi
1576 1165 1649 1194 enim
1662 1173 1714 1193 an-

922 1214 1011 1250 gelum
1027 1215 1054 1241 in
1066 1214 1183 1250 imagine
1201 1213 1382 1242 Barbarorum
1401 1214 1494 1249 copias
1514 1213 1713 1248 dissipantem;

922 1260 977 1288 vidi
992 1259 1176 1288 Barbarorum
1192 1260 1302 1295 agmina
1320 1260 1527 1288 conculcantem
1544 1269 1551 1288 :
1570 1259 1715 1287 Davidem.

923 1313 977 1342 que
988 1314 1051 1334 vere
1062 1307 1196 1334 dicentem
1215 1306 1358 1339 :Domine,
1381 1306 1409 1333 in
1430 1307 1538 1334 civitate
1557 1311 1604 1333 tua
1618 1305 1715 1341 imagi-

924 1361 983 1380 nem
1007 1353 1126 1388 ipsorum
1153 1353 1188 1380 ad
1221 1353 1333 1380 nihilum
1363 1354 1464 1389 redige:
1488 1353 1523 1381 “.
1550 1362 1560 1380 ι
1593 1352 1714 1389 Cyrillus

77 1400 303 1428 Alexandrinus:
321 1409 330 1426 ι
348 1399 408 1427 Vidi
420 1407 470 1434 ego
497 1399 525 1427 in
551 1398 655 1435 pariete
675 1397 820 1433 picturam,
843 1397 960 1433 puellam
977 1397 1004 1425 in
1020 1398 1109 1426 stadio
1124 1397 1308 1426 decertantem
1323 1407 1331 1426 :
1353 1405 1403 1427 nec
1417 1398 1495 1426 licuit
1507 1398 1567 1426 sine
1577 1397 1709 1432 lacrymis

78 1447 268 1481 spectaculum
287 1446 420 1473 contueri.
436 1445 585 1481 Gregorius
601 1444 755 1480 Theologus
771 1443 793 1460 ³⁸
809 1451 816 1469 :

114 1506 171 1541 Τῆς
184 1505 207 1531 δ’
221 1503 256 1540 ἦν
268 1504 455 1541 ὑπερκυπτων
465 1504 599 1541 Πολέμων.
609 1505 638 1541 έν
652 1503 747 1541 είκόνι.

957 1499 1098 1536 Eminebat
1112 1499 1207 1527 exinde
1221 1499 1347 1536 Polemon
1359 1500 1387 1527 in
1401 1500 1517 1536 imagine
1527 1508 1537 1527 .'

115 1534 344 1576 ΤάὖτηνἿδοῦσὶι
366 1539 487 1575 μαμμία,
511 1534 627 1576 ἑταιρίς]
663 1539 723 1576 (κα).
747 1537 802 1576 γὰρ
825 1534 860 1573 ἦν

954 1535 1043 1569 Quam
1071 1543 1131 1562 cum
1148 1534 1288 1571 (scortum)
1302 1535 1399 1563 uideret
1412 1544 1423 1569 ;
1438 1534 1494 1576 eiut
1517 1535 1588 1576 enim
1598 1536 1714 1576 pictura

669 1573 831 1609 σεϐασμία),

119 1610 255 1644 Ἀπῆλθεν
270 1609 350 1641 εὐθύς
359 1619 367 1626 ·
380 1610 428 1637 καὶ¹
442 1609 506 1642 θέας
520 1609 672 1645 ἡττημένη,

119 1646 164 1678 Ὧς
178 1645 257 1678 ζῶντ’
273 1645 486 1681 ὲπαισχυνθεϊσα
498 1644 544 1672 τὸν
556 1644 760 1680 γεγραμμένον.

78 1703 219 1734 Βασίλειος
238 1703 253 1729 6
274 1701 376 1737 μέγας·
396 1711 406 1728 (
429 1701 580 1736 ’Δνάστητέ
605 1709 650 1737 μοι
670 1700 728 1734 νῦν,
747 1697 770 1727 ὧ
796 1700 869 1735 λαμ-

79 1750 144 1786 προὶ
161 1749 216 1776 τῶν
235 1748 391 1784 ἀθλητικῶν
407 1748 630 1784 κατορθωμάτων
649 1747 807 1784 ζωγράφοι·
819 1746 869 1782 τὴν
884 1758 895 1766 κ

78 1796 126 1822 τοῦ
143 1794 302 1830 στρατηγοῦ
322 1793 517 1821 κολοϐωθεῖσαν
532 1793 626 1820 εἰκόνα
638 1793 699 1824 ταῖς
720 1791 870 1828 ὑμετέραις

80 1843 254 1880 μεγαλύνατε
281 1842 408 1877 τέχναις·
438 1841 628 1876 ἀμαυρότερον
648 1839 714 1876 παρ’
739 1838 807 1874 ἐμοῦ
824 1838 869 1864 τὸν

79 1889 246 1925 στεφανίτην
259 1888 400 1925 γραφέντα
413 1888 470 1919 τοῖς
487 1887 538 1921 τῆς
553 1887 690 1922 ὑμετέρας
706 1885 802 1920 σοφίας
819 1892 870 1910 πε-

79 1936 235 1971 ριλάμψατε
257 1934 411 1971 χρώμασιν.
439 1932 562 1960 ’Δπέλθω
577 1933 610 1968 τῇ
629 1931 682 1959 τῶν
700 1930 870 1966 ὰριστευμά-

77 1991 132 2008 των
155 1981 203 2008 τοῦ
226 1981 364 2016 μάρτυρος
390 1979 568 2015 νενικημένος
591 1978 696 2012 γραφῇ.
712 1975 808 2011 Χαίρω
834 1976 867 2011 τῇ

77 2027 193 2062 τοιαύτῃ
207 2026 259 2060 τῆς
273 2026 410 2061 ὑμετέρας
430 2024 521 2059 ἰσχύος
536 2024 657 2058 σήμερον
668 2021 732 2057 νίκῃ
746 2020 871 2056 ήττώμε-

77 2083 121 2105 νος
135 2082 142 2088 ·
160 2073 208 2100 ίδω
222 2071 273 2106 τῆς
289 2072 379 2107 χειρὸς
391 2072 460 2107 πρὸς
475 2070 505 2097 τὸ
522 2070 578 2105 πῦρ
594 2068 789 2104 ἀκρισέστερον
804 2067 870 2103 παρ’

79 2118 159 2154 ὑμῶν
177 2119 356 2154 γραφομένην
375 2117 426 2152 τὴν
440 2116 540 2152 πάλην.
556 2115 617 2142 Ἰδω
633 2114 809 2150 φαιδρότερον
823 2113 870 2140 ἐπὶ

77 2166 130 2201 τῆς
153 2166 293 2201 ὑμετέρας
314 2164 359 2191 τδν
373 2163 527 2199 παλαιστὴν
541 2161 736 2198 γεγραμμένον
754 2159 869 2192 είκόνος.

77 2212 286 2239 Κλανσάτωσαν
310 2210 437 2245 δαίμονες
458 2210 504 2236 καὶ
523 2209 570 2236 νῦν
591 2209 653 2240 ταῖς
666 2206 714 2234 τοῦ
732 2206 871 2242 μάρτυρος

76 2260 104 2286 ὲν
120 2259 189 2293 ὑμῖν
208 2257 361 2293 ἀριστείαις
381 2256 564 2292 πληττόμενοι
576 2262 584 2270 ·
612 2253 766 2289 φλεγομένη
787 2252 868 2280 πάλιν
887 2264 907 2291 D

77 2305 174 2335 αὐτοῖς
190 2304 207 2340 ἡ
224 2303 285 2340 χεὶρ
301 2303 349 2330 καὶ
366 2302 470 2331 νικῶσα
484 2300 644 2328 δεικνύσθω.
662 2310 672 2326 ι
698 2299 780 2335 Ὁρᾷς
796 2299 870 2331 ὅπως

76 2353 90 2378 6
113 2351 166 2387 μὲν
189 2349 335 2386 προτίθησι
350 2349 398 2384 τῆς
416 2348 603 2383 λογογραφίας
621 2347 670 2383 τὴν
691 2345 869 2382 ζωγραφίαν·

76 2398 105 2424 ὲν
156 2396 248 2432 ;ήλίκη
265 2397 282 2431 ἠ
308 2395 463 2428 ὲκθείασις,
486 2394 524 2426 ὡς
537 2393 584 2421 καὶ
606 2393 712 2420 κλαίειν
730 2393 794 2423 τοὺς
813 2391 871 2419 δαί-

78 2451 180 2479 μονας·
199 2443 214 2469 6
235 2442 263 2469 δὲ
281 2441 404 2476 πηλίκως
426 2442 485 2473 πῶς
505 2440 641 2475 σεϐαστὴν
662 2439 711 2475 τὴν
732 2439 871 2474 είκονουρ-

76 2489 141 2524 γίαν
164 2487 312 2523 κέκληκεν,
334 2487 371 2519 ὡς
386 2487 522 2522 έταιρίδος
543 2485 732 2522 σωφρονισμὸν
747 2485 871 2520 ὑπάρξα-

77 2543 146 2567 σαν;
166 2532 236 2561 Εἶτα
250 2533 333 2560 πάλιν
356 2533 416 2565 πῶς
434 2534 448 2560 6
462 2533 556 2568 ἔτερος
569 2531 619 2558 οὐκ
632 2531 752 2567 ἄδακρυς
771 2531 804 2557 ἐκ
821 2530 871 2565 τῆς

76 2579 223 2616 γραφικῆς
247 2579 313 2611 θέας
338 2579 466 2611 ἄπεισιν,
497 2578 527 2605 έν
554 2578 588 2613 τῇ
616 2577 710 2613 γραφῇ
738 2575 871 2603 ἀθλοῦσαν

79 2627 191 2662 βλέπων
209 2625 260 2662 τὴν
286 2625 429 2661 μάρτυρα;
454 2624 540 2652 Πάλιν
553 2625 613 2657 πῶς
634 2625 648 2651 6
665 2623 745 2655 ἄλλος
762 2624 871 2658 ἠγαπη-

78 2672 166 2708 μένην
184 2671 264 2699 καλεῖ
281 2671 332 2706 τὴν
356 2671 507 2706 κηρόχυτον
531 2669 660 2705 γραφὴν,
686 2668 725 2701 ὡς
750 2669 779 2695 έν
799 2668 870 2704 αὐτῇ

80 2718 140 2745 ἰδὼν
164 2718 200 2745 τὰ
224 2718 405 2753 πρωτότυπας
437 2718 553 2745 Ἔπειτα
578 2717 626 2744 καὶ
643 2717 658 2743 6
680 2715 739 2752 μετ’
752 2715 867 2748 αὐτοὺς,

78 2764 137 2797 πῶς
151 2764 210 2791 οὐδ’
224 2764 306 2797 αὐτὸς
322 2766 354 2791 ἐκ
365 2765 414 2801 τῆς
430 2764 540 2801 γραφῆς
563 2764 643 2800 τῆσδε
657 2763 776 2798 ἄδακρυς
790 2762 868 2790 ἄπει-

1472 1569 1639 1607 [uenerabt‘lit
1654 1580 1664 1606 ;

948 1605 1062 1641 Repente
1089 1605 1165 1638 abiit,
1189 1613 1235 1632 nec
1262 1606 1331 1640 ferre
1358 1605 1536 1640 spectaculum
1553 1608 1649 1641 potuit.

955 1640 1021 1669 Cum
1033 1641 1141 1675 puderet
1152 1641 1249 1668 intueri
1260 1641 1339 1677 quasi
1349 1642 1474 1668 viventem
1486 1641 1531 1677 qui
1546 1640 1631 1677 pictus
1642 1647 1711 1671 erat.

921 1698 1042 1727 Basilius
1061 1706 1177 1734 magnus
1193 1707 1201 1726 :
1219 1708 1230 1725 ι
1245 1697 1391 1733 Exsurgite
1421 1698 1488 1726 mihi
1513 1706 1598 1732 nunc,
1614 1706 1631 1727 ο
1643 1707 1713 1735 prat-

920 1745 987 1773 clari
997 1744 1189 1773 athleticorum
1200 1748 1339 1780 gestorum
1357 1745 1488 1779 pictores,
1500 1745 1623 1772 mutilam
1634 1744 1713 1773 ducis

920 1792 1068 1829 imaginem
1088 1792 1190 1821 eximio
1205 1796 1298 1820 vestro
1322 1792 1441 1820 artiﬁcio
1456 1792 1595 1820 illustrate
1608 1801 1615 1820 :
1628 1798 1712 1820 coro-

920 1844 1016 1867 natum
1037 1839 1178 1871 athletam,
1200 1838 1346 1867 obscurius
1359 1846 1375 1866 a
1390 1846 1434 1867 me
1448 1839 1597 1874 depictum,
1613 1843 1713 1867 vestra:

922 1893 972 1915 vos
989 1885 1131 1914 industriae
1140 1884 1279 1913 coloribus
1290 1885 1470 1920 conspicuum
1485 1884 1599 1912 reddite.
1616 1884 1713 1913 Disce-

921 1931 984 1960 dam
1006 1939 1097 1959 rerum
1113 1931 1243 1966 praeclare
1257 1939 1273 1959 ο
1302 1935 1423 1966 martyre
1448 1935 1588 1966 gestarum
1605 1931 1712 1965 pictura

922 1978 1021 2005 victus.
1043 1977 1184 2006 Gaudeam
1202 1977 1252 2006 tali
1274 1981 1373 2005 vestrae
1392 1977 1510 2005 solertia:
1532 1976 1648 2005 victoria
1660 1977 1714 2005 ho-

922 2023 1018 2050 dierno
1034 2023 1079 2051 die
1092 2026 1250 2058 superatus.
1260 2022 1355 2051 Liceat
1368 2023 1470 2050 intueri
1483 2029 1582 2050 manus
1597 2022 1713 2057 hujusce

922 2075 984 2095 cum
1008 2068 1070 2104 igne
1092 2068 1194 2096 luctam
1213 2068 1372 2103 diligentius
1396 2077 1413 2096 ιι
1437 2068 1514 2096 vobis
1536 2067 1710 2096 delineatam.

922 2113 1035 2142 Videam
1060 2114 1222 2142 alacriorem
1246 2114 1367 2150 pugilem
1388 2119 1477 2142 vestra
1490 2114 1626 2149 depictum
1641 2113 1712 2141 ima-

922 2158 993 2193 gine.
1010 2157 1134 2194 Lugeant
1147 2159 1286 2186 daemones
1299 2163 1328 2186 et
1348 2166 1422 2186 nunc
1439 2159 1568 2195 martyris
1579 2159 1651 2186 inter
1663 2166 1713 2187 vos

923 2203 1022 2230 virtute
1050 2203 1194 2238 perculsi:
1221 2203 1322 2231 ardens
1345 2203 1444 2231 iterum
1462 2203 1530 2238 ipsis
1549 2210 1660 2236 manus,
1685 2207 1713 2231 et

922 2250 1020 2277 victrix
1049 2249 1172 2285 quidem,
1199 2249 1359 2277 ostendatur
1372 2248 1406 2278 ⁸⁵.
1423 2259 1433 2276 ι
1449 2249 1556 2283 Viden',
1580 2249 1712 2284 quemad-

922 2296 1033 2323 modum
1047 2296 1117 2323 alter
1131 2296 1284 2324 narrationi
1299 2295 1435 2331 picturam
1450 2295 1601 2331 anteponit,
1616 2294 1642 2322 in
1657 2302 1713 2330 qua

922 2346 1027 2369 tantum
1041 2342 1107 2370 insit
1118 2341 1216 2370 divinae
1236 2342 1357 2376 virtutis,
1375 2346 1405 2370 ut
1424 2343 1563 2370 daemones
1574 2341 1607 2369 ad
1623 2343 1713 2377 lacry-

921 2396 982 2417 mas
996 2389 1103 2425 adigat:
1116 2389 1186 2418 alter
1194 2393 1224 2417 ut
1238 2389 1421 2417 venerabilem
1436 2389 1568 2424 picturam
1584 2387 1711 2424 appellet,

922 2435 995 2471 quod
1026 2440 1150 2464 scortum
1169 2434 1291 2471 adegerit
1305 2435 1340 2463 ad
1358 2435 1556 2463 continentiam
1573 2435 1584 2462 ‘2
1607 2434 1668 2462 Mox
1683 2438 1713 2462 ut

922 2481 990 2509 alter
1004 2481 1103 2508 iterum
1118 2488 1174 2508 non
1195 2481 1255 2508 sine
1270 2480 1399 2517 lacrymis
1413 2481 1472 2508 visa
1484 2479 1582 2508 tabella
1599 2479 1709 2512 abierit,

921 2527 1001 2563 quasi
1027 2527 1055 2554 in
1078 2527 1185 2562 pictura
1211 2530 1362 2562 martyrem
1383 2526 1501 2562 puellam
1525 2525 1712 2552 decertantem

920 2573 1060 2602 vidisset?
1079 2573 1200 2601 Rursum
1221 2577 1253 2601 ut
1274 2573 1345 2602 alius
1367 2571 1558 2600 charissimam
1575 2575 1654 2598 vocet
1667 2571 1712 2606 pi-

922 2625 1029 2648 cturam
1049 2620 1245 2653 encausticam,
1262 2619 1343 2655 quasi
1366 2620 1393 2646 in
1419 2619 1478 2653 ipsa
1503 2621 1646 2653 prototypa
1669 2617 1712 2644 in-

920 2671 1043 2695 tueretur
1060 2667 1072 2694 ?
1091 2667 1191 2696 Postea
1204 2670 1231 2695 et
1246 2666 1270 2695 is
1284 2666 1331 2702 qui
1352 2669 1465 2694 caeteros
1477 2664 1664 2699 subsequitur,
1683 2667 1713 2690 ut

923 2722 973 2743 nec
993 2715 1051 2750 ipse
1071 2714 1154 2742 siccis
1180 2713 1215 2742 ab
1230 2718 1342 2749 aspectu
1362 2712 1478 2747 hujusce
1500 2710 1598 2739 tabulae
1623 2709 1712 2738 oculis

923 2761 1033 2795 abierit,
1049 2761 1163 2797 perinde
1173 2764 1256 2796 atque
1268 2767 1326 2788 rem
1337 2759 1424 2795 ipsam
1436 2757 1523 2786 oculis
1533 2755 1713 2792 usurpasset?

113 2832 137 2847 ⁷⁸
151 2831 235 2859 Hebr.
251 2840 310 2864 vui,
332 2832 360 2861 5.
396 2833 418 2849 τ’
433 2833 505 2862 Psal.
520 2841 637 2866 xxxvm,
650 2834 677 2862 7.
715 2834 738 2850 ⁸ο
753 2832 828 2861 Orat.
846 2833 874 2860 in
888 2832 1039 2864 Abraham,
1051 2837 1072 2860 t.
1093 2830 1127 2864 ll,
1137 2839 1199 2867 pag.
1210 2830 1273 2867 998,
1307 2828 1332 2867 ξ’
1345 2813 1433 2867 Serm.
1443 2829 1477 2857 de
1487 2828 1602 2867 diversis
1611 2827 1711 2856 utrius-

79 2875 134 2902 que
145 2867 313 2896 Testamenti
331 2869 409 2897 locis.
446 2869 468 2885 θ’
485 2869 559 2898 Psal.
572 2863 656 2903 usit,
676 2868 720 2896 20.
759 2869 782 2886 ⁸³
799 2869 868 2896 lamh

922 2876 984 2896 trm.
1001 2868 1045 2896 18.
1083 2866 1106 2884 ³⁸
1117 2863 1196 2895 noni.
1213 2865 1246 2893 Π
1260 2865 1288 2894 in
1306 2863 1335 2892 S.
1351 2864 1487 2897 Barlaam,
1502 2863 1529 2892 in
1542 2864 1607 2892 ἐκ.
