1923 3078
218 119 288 154 19.23

809 127 839 156 S.
859 127 1055 158 THEODORI
1074 128 1246 160 STUDITE

1768 125 1838 158 ιξξι

220 175 286 203 Vide
301 180 367 210 quot
382 184 414 202 ex
433 183 464 203 ea
480 183 510 204 re
525 177 687 205 commoda:
701 178 885 214 contemplare
896 185 1004 215 quantae

1060 190 1114 214 τιν,
1141 183 1179 214 ὡς
1202 182 1286 217 αὐτὴν
1310 179 1452 207 ὑπολαϐὼν
1475 179 1523 214 τὴν
1545 179 1693 214 αὑτοψίανς
1709 178 1764 205 Ἴδε
1788 179 1839 205 ὅσα

218 223 274 263 sint
286 222 427 249 utilitates.
443 222 474 249 Et
487 229 631 258 postquam
649 224 803 253 sciscitatus
815 225 936 260 audiisti,
949 234 1003 254 non

218 267 254 295 ab
273 267 325 294 hoc
338 267 380 294 vel
403 268 449 295 illo
469 276 501 295 ex
521 269 662 296 hominum
678 270 755 305 plebe
772 278 803 298 ac
819 271 893 303 faece,
908 273 954 299 sed
971 272 1004 299 ab

220 313 254 341 iis
269 314 316 349 qui
332 322 394 342 cum
409 314 511 349 Spiritu
525 314 571 341 Dei
585 315 771 349 loquerentur,
784 317 878 344 orbem
896 318 1005 345 univer-

221 367 283 387 sum
313 361 391 394 quasi
419 361 518 387 tonitru
535 365 656 388 terruere
672 369 679 394 ;
709 362 812 397 subjice
835 364 908 398 quod
923 372 956 390 ex
972 364 1005 391 iis

221 405 406 439 concluditur,
435 413 452 432 0
477 406 661 434 ratiocinator.
691 407 744 434 Sed
774 409 941 443 perspicitur»
967 414 1005 437 est

220 451 326 477 inanem
346 451 476 484 eiusmodi
489 453 707 487 excogitationem
724 462 790 487 esse,
817 460 841 481 et
868 455 1007 482 diabolica:

221 496 287 523 artis
303 497 432 522 inventum
448 497 481 523 ⁸⁸.
498 499 655 532 Opportune
669 498 712 526 hic
722 499 785 526 licet
798 504 925 527 contenta
940 509 1007 528 voce

222 541 395 568 exclamare:
417 541 583 576 Obstupesce,
606 543 711 576 ce’lum,
730 553 806 579 super
818 546 917 573 hoc":
937 554 1008 582 quo-

223 586 295 612 niam
312 585 408 612 frivola
420 587 582 621 excogitatio
595 595 627 615 ac
637 588 776 616 diabolicae
790 591 856 618 artis
868 591 1007 619 inventum

224 632 250 659 id
268 632 430 666 appellatur,
455 633 527 668 quod
547 634 631 661 divini
645 635 739 663 Patres
757 636 884 665 docuere.
902 638 936 665 At
955 646 1009 666 non

225 679 261 706 ita
286 683 338 710 est.
365 679 544 714 impostorum
568 681 735 716 nequissime
758 691 765 709 :
798 683 844 710 sed
865 691 881 710 e
901 684 1009 712 diverso

224 727 372 759 reserenda
391 726 418 752 in
436 730 462 752 te
489 726 586 761 linguze
608 727 741 754 vibrantis
764 728 865 762 jacula.
880 729 1010 762 Quando-

225 770 333 805 quidem
348 771 430 805 igitur
448 772 499 799 tela
512 778 553 799 est
566 773 599 800 ad
608 773 687 800 ﬁnem
701 782 789 809 usque
800 779 934 810 pertexta,
944 776 1010 804 illud

225 816 354 851 pervelim
369 821 395 844 te
412 825 502 850 nosse,
517 817 610 851 frater,
628 818 677 847 has
690 821 838 848 sententias
861 821 896 848 ab
914 822 1012 849 lcono-

1052 229 1087 255 τὰ
1102 227 1251 263 ὀνησιφόρα
1263 236 1270 245 ι
1300 227 1437 261 σκόπησον
1456 225 1559 260 πηλίκα
1578 224 1613 252 τὰ
1625 223 1762 259 ὠφέλιμα.
1784 224 1841 250 Καὶ

1054 273 1148 310 ἐπειδὴ
1164 274 1305 309 ἐρωτήσας
1318 273 1449 308 ἧκουσας,
1465 271 1495 298 οὐ
1512 270 1588 306 παρὰ
1607 269 1684 297 τοῦδε
1701 270 1748 297 καὶ
1760 270 1839 297 τοῦδε

1056 319 1180 355 σμικρῶν
1207 318 1358 354 ἀνθρώπων
1382 319 1431 345 καὶ
1460 316 1628 351 οὐδαμινῶν,
1654 315 1724 350 πρὸς
1749 315 1841 342 αὐτῶν

1054 366 1083 393 δὲ
1095 365 1149 393 τῶν
1166 364 1301 400 πνεύματι
1325 363 1522 399 φθεγξαμένων
1539 362 1620 395 Θεοῦ,
1640 362 1689 388 καὶ
1706 359 1842 396 βροντῶν-

1055 420 1109 438 των
1129 411 1177 446 τὴν
1196 409 1242 437 ὑπ’
1266 409 1390 445 οὐρανὸν,
1411 409 1515 444 φράσον
1533 409 1580 434 καὶ
1598 407 1628 434 τὸ
1653 407 1842 442 συμπέρασμα

1055 457 1214 490 τοῦλόγου,
1235 453 1257 482 ὦ
1276 455 1455 489 δογματιστά.
1483 453 1564 480 Ἀλλ’
1584 453 1716 486 εὔδηλον
1732 452 1770 484 ὠς
1785 460 1842 486 μα-

1056 502 1124 528 ταία
1137 501 1156 535 ἡ
1167 501 1288 534 τοιαύτη
1298 500 1425 532 ἐπίνοια,
1439 499 1485 526 καὶ
1501 497 1677 532 διαὸολικῆς
1685 497 1843 532 μεθοδείας

1058 548 1175 582 εὕρεμα.
1203 545 1336 582 Εῠκαιρον
1358 544 1475 572 ἐνταῦθα
1503 544 1635 578 ὲκὸοῆσαι
1662 543 1733 578 μέγα
1747 551 1755 558 ·
1770 544 1843 569 Ἔκ-

1058 593 1156 625 στηθι,
1173 591 1292 625 οἰφανὲ,
1309 590 1358 617 ἐπὶ
1383 590 1494 623 τούτῳ⁵
1509 590 1550 616 ὃτι
1571 588 1687 624 ματαίαν
1704 588 1842 619 ἐπίνοιαν,

1059 638 1105 664 καὶ
1122 636 1229 672 εὕρεμα
1243 637 1383 672 μεθοδείας
1399 636 1524 663 διαϐόλου
1539 635 1573 662 τὰ
1585 634 1662 670 παρὰ
1675 634 1730 660 τῶν
1747 634 1844 668 θεοφό-

1060 692 1114 719 ρων
1131 683 1191 718 ἱερὰ
1209 683 1330 717 δὸγματα
1345 682 1527 716 ὲκπέφασται.
1548 681 1618 708 Ἀλλ’
1635 681 1684 716 οὐχ
1702 680 1789 712 οὕτως
1802 701 1809 712 ,
1823 677 1846 707 ὦ

1060 729 1168 756 πλάνων
1190 728 1321 763 μέγιστε⁶
1340 728 1498 755 τούναντίον
1521 727 1550 754 δὲ
1568 728 1614 754 ἐπὶ
1637 727 1679 754 σοὶ
1700 726 1846 754 ἀναθετέον

1059 775 1093 802 τὰ
1114 775 1164 810 τῆς
1178 774 1302 809 γλώττης
1322 783 1369 801 σου
1385 773 1586 808 ἀμαρύγματα.
1612 773 1690 799 Ἐπεὶ
1703 771 1750 800 οὖν
1769 773 1847 804 τέλος

1061 820 1158 856 ἕχειτὺ
1173 820 1254 855 ὕφος·
1276 821 1364 847 ἐκεῖνο
1381 819 1511 854 βούλομαί
1536 827 1577 851 σε,
1599 818 1707 852 ἀδελφὲ,
1734 818 1846 850 εἰδέναι,

227 862 331 890 machis
342 862 455 898 proferri
468 872 474 890 :
485 871 601 898 quarum
612 865 671 893 alia:
681 866 715 893 ab
726 866 859 894 hzereticis
873 867 1010 896 rnanil‘cSIe

1063 867 1103 894 ὅτι
1121 866 1211 899 ἅσπερ
1230 865 1398 900 προφέρουσι
1420 866 1534 901 χρήσεις
1553 866 1578 892 οἱ
1600 865 1779 900 Εἱκονομάχοι
1791 872 1798 878 ·
1817 864 1848 890 αἱ

226 913 372 944 petuntur;
391 909 448 936 ﬁeri
460 910 543 943 enim,
553 910 609 938 ﬁeri
621 911 732 938 omnino
739 919 793 939 non
803 916 902 947 potest,
915 917 944 940 ut
956 921 1011 940 non

227 956 404 983 interseratur
424 956 597 984 mendacium
619 957 737 991 veritati,
763 963 793 985 ut
813 958 950 986 frumento
971 960 1010 986 zi-

226 1001 303 1028 zania
322 1010 329 1028 :
347 1001 407 1028 aliae
429 1009 461 1028 ex
477 1003 578 1029 sanctis
598 1002 736 1036 Patribus,
750 1012 818 1038 quas
840 1005 880 1031 illi
894 1005 1010 1032 obducta

227 1046 346 1073 tenebris
362 1047 525 1081 cogitatione
542 1055 668 1082 perversa
685 1049 823 1084 accipiunt
838 1058 846 1077 :
865 1050 924 1078 alia:
935 1051 1012 1078 deni-

227 1098 281 1126 que
306 1099 322 1119 ιι
349 1092 490 1126 proposito
517 1093 621 1125 alienae,
651 1101 682 1121 ea
699 1102 761 1129 quae
783 1095 853 1123 idola
877 1101 1012 1130 spectant,

228 1136 329 1164 Christi
361 1137 472 1172 imagini
512 1139 782 1168 accommodantes:
811 1149 928 1176 quorum
958 1150 1012 1169 non

228 1186 333 1216 oportet
354 1187 455 1209 temere
481 1190 575 1210 vocem
607 1184 759 1217 admittere,
791 1194 888 1221 neque,
919 1192 1013 1215 contra

228 1228 396 1255 sanctionem
423 1229 612 1263 apostolicam,
638 1238 700 1258 cum
730 1231 865 1260 haereticis
890 1233 1014 1261 conferre

229 1280 395 1300 sermonem.
418 1273 555 1302 Caeterum
578 1276 672 1305 salvus
693 1277 742 1310 sis,
756 1277 813 1305 iiii:
837 1283 864 1306 et
879 1283 907 1306 ut
921 1279 1013 1307 salvus

230 1326 281 1346 Slln
302 1327 360 1346 ora.

229 1373 362 1403 XXXVII.
389 1391 423 1397 —
447 1375 597 1416 Theodorus
614 1378 746 1416 ὀηιῃίὺιυ
772 1379 866 1414 ubique
891 1380 1015 1416 dispersis

509 1412 729 1447 fraternitatibus.

1063 912 1112 948 μὲν
1131 912 1271 947 προδήλως
1294 911 1442 946 αἰρετικῶν
1455 919 1462 925 ·
1481 911 1511 938 οὺ
1527 911 1582 946 γὰρ
1602 910 1686 941 ἐστιν,
1702 911 1752 937 οὐκ
1768 910 1826 937 ἐστι
1837 931 1846 943 ,

1062 958 1099 993 μὴ
1120 957 1181 992 οὐχὶ
1204 957 1426 992 παρυφίστασθαι
1442 958 1475 992 τῇ
1489 956 1602 992 ἀληθείᾳ
1624 957 1653 983 τὸ
1669 955 1785 991 ψεῦδος,
1809 956 1848 988 ὡς

1061 1005 1107 1031 καὶ
1129 1005 1168 1039 τῷ
1193 1004 1258 1039 σίτῳ
1281 1004 1316 1031 τὰ
1337 1003 1463 1036 ζιζάνια·
1489 1004 1516 1029 αἱ
1540 1003 1569 1030 δὲ
1592 1003 1721 1038 Πατέρων
1743 1002 1848 1036 ἁγίων,

1062 1049 1198 1085 στρεὸλῶς
1227 1050 1279 1076 ὑπὸ
1308 1049 1358 1084 τῆς
1389 1048 1586 1084 ἐσκοτισμένης
1609 1048 1699 1075 αὐτῶν
1727 1047 1850 1079 διανοίας

1062 1095 1320 1130 ὲκλαμὸανόμεναι·
1341 1095 1370 1121 αἱ
1393 1094 1422 1121 δὲ
1442 1094 1616 1121 παντάπασιν
1638 1093 1795 1125 ἀλλόκοτοι,
1814 1093 1850 1120 τὰ

1062 1142 1134 1169 κατὰ
1148 1141 1263 1168 εἰδώλων
1278 1142 1311 1177 τῇ
1327 1141 1413 1168 εικόνι
1426 1141 1546 1177 Χριστοῦ
1561 1141 1747 1168 ἀνάπτουσαι·
1767 1137 1806 1167 ὧν
1819 1140 1850 1166 οὐ

1062 1188 1103 1215 δεῖ
1119 1189 1156 1220 ὼς
1172 1187 1250 1223 ἔτυχε
1267 1187 1428 1223 προσίεσθαι
1443 1187 1544 1223 φωνὴν,
1562 1186 1625 1213 οὒτε
1644 1186 1697 1222 μὴν
1711 1186 1852 1221 συναίρειν

1063 1234 1141 1268 λόγον
1156 1234 1303 1269 αἱρετικοῖς
1321 1234 1398 1270 παρὰ
1412 1233 1462 1269 τὴν
1478 1233 1662 1268 ἀποστολιχὴν
1675 1231 1852 1268 νομοθεσίαν.

1063 1281 1100 1307 Τὸ
1122 1281 1232 1312 λοιπὸν,
1260 1280 1374 1314 σώζοιο,
1411 1280 1505 1307 τέκνον
1522 1287 1529 1295 ³
1559 1279 1606 1306 καὶ
1641 1279 1675 1314 μὲ
1716 1277 1854 1311 σώζεσθαι

1064 1327 1214 1363 προσεύχου
1230 1327 1278 1363 (1).

1064 1385 1329 1420 ΛΖ¹.-Θεόδωρος
1356 1385 1421 1418 ταῖς
1445 1383 1600 1420 πανταχοῦ
1619 1381 1855 1417 διεσπαρμέναις

1313 1420 1508 1455 ἁδελφότησι.
1526 1419 1594 1456 [ut]

689 1471 836 1497 Cohortatur
845 1474 874 1498 ad
887 1473 1037 1505 patientiam.
1056 1477 1155 1509 (Baron.
1165 1484 1205 1502 an.
1218 1477 1272 1507 818,
1286 1484 1310 1501 n.
1325 1477 1360 1509 7.)

269 1518 279 1535 ι
297 1509 392 1537 Gratia
418 1511 488 1538 vobis
505 1516 529 1539 et
544 1520 598 1546 pas:
615 1512 791 1547 adimpleatur
804 1514 837 1541 ⁸⁷.
859 1517 882 1541 ι·
895 1514 1010 1550 Αέίιιιιιιι

1102 1519 1189 1553 Χάρις
1217 1519 1287 1553 ὑμῖν
1306 1518 1356 1545 καὶ
1380 1516 1484 1552 εἰρήνη
1515 1515 1713 1550 πληθυνθείη.
1743 1514 1855 1542 Δίκαιον

232 1556 304 1583 enim
318 1561 360 1584 est
373 1557 537 1591 Apostolicis
557 1559 646 1586 verbis
662 1559 739 1587 aliari
752 1568 798 1588 eos
813 1561 858 1595 qui
878 1569 927 1596 pro
941 1563 1005 1590 Chri

1069 1564 1123 1599 γὰρ
1138 1564 1191 1590 ἀπὸ
1212 1563 1309 1598 φωνῶν
1330 1562 1517 1589 ἀποστολικῶν
1538 1563 1596 1592 τοῖς
1610 1561 1654 1587 διὰ
1672 1560 1791 1595 Χριστὸν
1811 1560 1855 1586 δε-

233 1607 276 1630 sto
299 1604 511 1638 persecutionem
539 1605 687 1640 patiuntur.
711 1605 873 1635 Benedictus
895 1607 968 1636 Deus
994 1617 1008 1636 e

1069 1609 1230 1644 διωγμένοις
1252 1608 1478 1643 ἐπιφθέγγεσθαι.
1502 1606 1654 1641 Εὐλογητὸς
1674 1607 1688 1632 ὸ
1713 1604 1779 1637 Θεὸς
1807 1605 1856 1631 καὶ

233 1648 313 1676 Pater
336 1649 442 1677 Domini
467 1651 555 1678 nostri
577 1651 640 1680 Jesu
665 1652 775 1686 Christi,
802 1654 848 1688 qui
876 1655 1010 1683 humilitat

1071 1655 1165 1690 Πατὴρ
1181 1654 1229 1681 τοῦ
1249 1654 1350 1689 Κυρίου
1365 1653 1444 1688 ήμῶν
1466 1653 1554 1688 Ἰησοῦ
1569 1651 1700 1687 Χριστοῦ,
1717 1652 1731 1677 ὁ
1746 1650 1854 1684 ἀνοῖξαι,

235 1700 334 1723 nostrae
346 1696 458 1731 januam
469 1697 586 1732 aperuit,
597 1699 722 1734 quamvis
737 1704 811 1728 arcte
822 1702 1010 1728 custodiamur

1071 1701 1137 1736 ἡμῖν
1165 1701 1221 1731 τοῖς
1244 1700 1382 1731 ταπεινοῖς
1410 1699 1514 1734 θύραν,
1549 1697 1652 1733 καίπερ
1675 1696 1856 1732 τηρουμένοις

235 1744 267 1767 ιιι
275 1741 414 1769 vobiscum
423 1742 591 1771 charissimis
602 1744 732 1773 fratribus
739 1745 837 1773 nostris
847 1746 1010 1781 cpistolarun

1071 1745 1209 1781 ἀσφαλῶς,
1221 1747 1253 1781 τῇ
1269 1745 1312 1772 διὰ
1325 1745 1372 1771 τοῦ
1385 1745 1551 1780 γράμματος
1573 1743 1668 1779 ὁμιλίᾳ
1686 1741 1856 1776 συναφοῆναι

235 1787 369 1821 colloquio
382 1788 510 1823 congredi
532 1790 679 1823 possimus.
695 1790 763 1818 Vere
784 1791 893 1819 Verbum
909 1793 955 1819 De:
971 1801 1010 1820 ιιοι

1071 1793 1135 1828 ὑμῖν
1151 1793 1209 1823 ’τοῖς
1237 1791 1426 1827 ἠγαπημένοις
1447 1790 1571 1824 ἀδελφοῖς
1714 1788 1819 1818 Ὄντως
1841 1787 1858 1813 ὁ

235 1836 274 1859 ut
297 1832 464 1867 alligatum"
481 1842 488 1860 :
507 1835 556 1862 etsi
574 1835 685 1869 alligare
710 1843 740 1862 se
761 1840 856 1871 putent
871 1838 917 1871 qui
935 1837 1007 1864 domi

1072 1839 1167 1873 Λόγος
1178 1837 1231 1864 τοῦ
1247 1837 1322 1864 Θεοῦ
1339 1837 1374 1863 οὐ
1392 1835 1525 1863 δέδεται·
1544 1834 1597 1862 κᾶν
1623 1834 1732 1869 δεσμεῖν
1747 1834 1772 1859 οἱ
1790 1841 1859 1868 κρα-

236 1883 344 1906 nantur.
364 1878 433 1906 Vere
449 1879 534 1906 laetari
556 1880 703 1914 plurimum
720 1882 861 1915 debemus,
875 1890 936 1910 cum
953 1883 1007 1910 divi

1071 1884 1182 1916 τοῦντες
1192 1883 1304 1910 οἴωνται
1313 1891 1321 1898 ·
1335 1882 1421 1914 ὅντως
1437 1882 1509 1917 μέγα
1522 1881 1667 1916 ὀφείλομεν
1681 1880 1786 1915 χαίρειν
1797 1887 1805 1894 ·
1818 1879 1859 1905 ὃτι

236 1932 334 1953 narum
351 1926 558 1960 praedictionum
573 1933 668 1956 eventa
684 1929 711 1955 in
727 1929 805 1956 nobis
819 1929 885 1964 ipsis
900 1935 1009 1964 peccato

1072 1930 1179 1966 ὁρῶμεν
1202 1930 1232 1955 ὲν
1248 1930 1313 1964 ἡμῖν
1334 1928 1427 1958 αὐτοῖς
1445 1928 1500 1958 τοῖς
1517 1925 1689 1962 ἁμαρτωλοῖς
1711 1924 1760 1956 τὰς
1777 1923 1861 1950 ἐκϐά-

236 1970 313 1998 ribus
337 1972 531 2005 conspicimus.
551 1973 618 2008 Age,
650 1982 711 2001 cum
736 1975 867 2010 Apostolo
888 1977 1010 2004 dicamus

1073 1983 1130 2007 σεις
1145 1975 1199 2001 τῶν
1217 1974 1297 2000 θείων
1313 1974 1505 2009 προρρήσεων.
1525 1972 1617 2003 Δεῦτε,
1631 1971 1763 2005 εἴπωμεν,
1781 1970 1861 1996 ἁδελ-

237 2016 334 2044 fratres
350 2026 358 2044 :
378 2017 444 2050 Qui:
465 2026 511 2045 nos
526 2020 658 2053 separabit
673 2029 689 2047 α
705 2020 836 2048 eharitate
852 2022 900 2049 Dei
913 2023 925 2049 ?
941 2024 1010 2050 tribu

1073 2022 1129 2056 φοὶ,
1150 2021 1219 2056 μετὰ
1230 2020 1278 2047 τοῦ
1295 2019 1475 2046 ’Λποστόλου·
1497 2018 1545 2051 Τίς
1561 2017 1641 2052 ἡμᾶς
1656 2016 1776 2051 χωρίσει
1800 2015 1862 2042 ἀπὸ

237 2062 302 2089 latio
313 2063 326 2090 ἔ
339 2071 372 2089 (ιιι
383 2064 504 2098 angustia
518 2065 530 2091 ?
542 2073 575 2091 an
588 2065 670 2100 fames
679 2066 692 2092 .’
702 2074 736 2093 an
749 2068 893 2101 persecutio
904 2068 917 2095 .9
931 2077 963 2095 an
977 2077 1010 2095 nu

1072 2067 1128 2102 τῆς
1149 2067 1268 2101 ἀγάπης
1285 2066 1337 2092 τοῦ
1365 2065 1458 2096 Θεοῦ;
1477 2065 1598 2099 ϐλέψω
1620 2063 1641 2098 ἢ
1660 2062 1861 2096 στενοχωρίαῖ

237 2108 309 2135 ditas
325 2109 337 2134 Ρ
350 2117 384 2135 an
395 2110 564 2143 periculum?
578 2119 612 2138 an
629 2111 735 2146 gladius
750 2112 773 2129 ”
786 2113 799 2140 ?
814 2112 882 2140 Num
903 2115 975 2141 enim
993 2114 1008 2141 tl

1073 2113 1093 2147 ἣ
1113 2113 1215 2147 λιμός
1231 2113 1250 2146 ἣ
1273 2111 1416 2146 διωγιμός
1438 2110 1457 2144 ἢ
1475 2110 1644 2145 γυμνότηςς
1663 2109 1683 2142 ἢ
1698 2107 1862 2139 κίνδυνος-ς

237 2154 328 2189 seipso
345 2159 449 2182 tantum
470 2156 527 2184 haec
542 2156 619 2187 dixit.
634 2165 666 2185 ac
681 2165 735 2184 non
765 2159 846 2186 etiam
865 2159 898 2186 de
917 2160 995 2187 nobis

1074 2159 1094 2193 ἢ
1112 2158 1259 2193 μάχαιρα;
1280 2158 1326 2193 Μὴ
1342 2158 1398 2192 γὰρ
1412 2157 1446 2183 δι’
1462 2156 1559 2182 ἑαυτὸν
1579 2156 1658 2191 μόνον
1676 2154 1763 2181 ’ταῦτα
1786 2153 1867 2188 εἰρη-

237 2203 265 2225 et
288 2203 317 2225 ut
343 2206 393 2226 nos
406 2206 470 2234 erga
486 2200 568 2227 Deum
587 2201 628 2228 sic
647 2201 733 2230 aﬂecti
747 2202 843 2234 simus,
860 2207 890 2229 ut
904 2202 1010 2230 afﬂictio

1060 2192 1139 2238 ’νειμ
1156 2192 1226 2229 ⁷ἀλλ·
1253 2192 1325 2238 οὐχι
1342 2203 1390 2230 καὶ
1413 2202 1483 2237 ὑπὲρ
1510 2201 1608 2236 ἡμῶν·
1638 2200 1683 2226 ἵνα
1709 2199 1757 2226 καὶ
1781 2199 1865 2233 ἡμεῖς

238 2244 321 2272 nibus
345 2245 407 2273 istis
433 2253 502 2281 quas
522 2247 700 2281 sustinemus,
716 2248 829 2275 minime
858 2248 1010 2284 lrangamur

1073 2249 1185 2285 τοιαύτῃ
1209 2248 1329 2275 διαθέσει
1345 2248 1380 2275 τὰ
1399 2248 1471 2286 πρὸς
1501 2247 1567 2274 Θεὸν
1587 2246 1710 2282 ἔχωμεν,
1733 2245 1804 2271 ὥστε
1826 2245 1866 2280 μὴ

239 2291 287 2318 sed
300 2299 332 2318 ea
351 2299 413 2326 quae
427 2292 525 2320 desunt
542 2293 700 2328 passionum
719 2302 780 2322 cum
798 2295 896 2330 gaudio
908 2294 1010 2329 perferr

1075 2294 1240 2330 ἐκκακῶμεν
1253 2296 1282 2321 ὲν
1298 2292 1338 2326 οἷς
1357 2294 1441 2329 ἐσμεν
1462 2292 1598 2327 θλιὸεροῖς
1609 2298 1616 2306 ·
1635 2291 1692 2318 ἀλλ’
1709 2289 1866 2324 ἀγαπῶμεν

239 2342 363 2364 amemus
380 2337 415 2364 '°.
438 2337 574 2366 Gaudium
602 2334 675 2367 enim
703 2345 745 2368 est
767 2340 956 2373 inenarrabile,
979 2349 1010 2376 pr

1077 2338 1170 2366 καὶτὰ
1195 2339 1356 2365 ἐλλείποντα
1372 2338 1522 2372 παθήματα
1538 2337 1650 2364 ὑποῖσαι
1673 2336 1742 2371 μετὰ
1756 2335 1865 2370 χαρᾶ;;

239 2379 349 2408 Christo
363 2386 390 2409 et
403 2389 464 2409 cum
478 2382 586 2411 Christo
610 2385 676 2419 pati,
692 2385 919 2419 quemadmodum
937 2391 1010 2413 osten

1075 2386 1148 2421 χαρὰ
1173 2385 1228 2420 γάρ
1254 2386 1329 2411 ἐστιν
1359 2384 1541 2419 ἀνεκλάλητος
1569 2383 1639 2418 ὑπὲρ
1668 2381 1786 2416 Χριστοῦ
1817 2381 1868 2408 καὶ

239 2426 339 2454 derunt
353 2429 439 2456 sancti
453 2436 548 2457 omnes
560 2438 645 2465 usque
657 2431 690 2458 ad
700 2431 865 2459 Thaddaaum
878 2438 1010 2470 martyren

1074 2432 1143 2465 μετὰ
1170 2430 1290 2466 Χριστοῦ
1326 2429 1458 2465 πάσχειν·
1489 2428 1581 2460 καθὼς
1607 2427 1712 2460 ἔδειξαν
1737 2427 1762 2453 οῑ
1790 2426 1867 2460 amo.

240 2477 377 2506 nostrum,
392 2478 419 2501 et
431 2475 579 2509 quemlibet
602 2477 685 2504 alium
704 2477 903 2510 confessorem,
918 2479 1007 2514 egregi

1073 2477 1174 2508 πάντες
1197 2476 1279 2512 μέχρι
1305 2476 1439 2503 Θαδδαίου
1465 2475 1514 2503 τοῦ
1539 2475 1679 2511 ἡμετέρου
1704 2481 1866 2509 μαρτυρος,

240 2518 325 2546 animi
351 2521 517 2553 constantia,
542 2527 570 2550 et
592 2524 775 2557 persecutioni
800 2524 1009 2552 convenientibu

1073 2524 1121 2550 καὶ
1134 2520 1239 2555 οὗτινος
1258 2523 1338 2549 ἄλλον
1358 2522 1526 2558 ὁμολογητοῦ
1551 2520 1716 2557 μετόπισθεν
1737 2519 1867 2554 ἀπάραν-

241 2562 321 2592 factis
336 2573 343 2591 :
356 2566 402 2600 qui
418 2567 476 2594 sive
487 2575 520 2595 ex
533 2575 652 2599 carcere.
667 2569 725 2597 sive
741 2577 775 2597 ex
789 2569 843 2598 alio
853 2570 942 2598 exsilii
958 2578 1010 2605 quo

1073 2577 1130 2602 τος,
1148 2569 1165 2604 ἢ
1187 2569 1219 2595 ἐκ
1234 2569 1368 2604 φυλακῆς,
1385 2569 1402 2604 ἢ
1418 2568 1450 2594 ἐκ
1466 2576 1539 2599 τινος
1554 2567 1636 2595 ἄλλου
1650 2565 1800 2601 φυγαδείας
1816 2564 1865 2591 τό-

243 2607 283 2636 vis
296 2608 367 2643 loco,
381 2616 443 2646 post
459 2612 535 2640 illum
556 2613 692 2641 abierunt.

1075 2624 1127 2642 που
1137 2635 1145 2648 ,
1160 2616 1230 2650 καλῇ
1246 2615 1386 2651 προθυμίᾳ
1401 2616 1449 2642 καὶ
1463 2613 1630 2649 aetatem
1644 2612 1756 2648 πράξει.

277 2677 301 2695 ³⁸
317 2677 419 2708 Jerem.
437 2688 467 2714 ιι,
485 2680 529 2708 12.
565 2681 590 2697 ⁸⁸
603 2680 669 2709 ibid.
707 2680 730 2697 ⁸⁷
744 2680 766 2708 ll
786 2681 858 2709 Petr.
874 2689 893 2712 ι.
908 2682 936 2708 ‘2.
975 2681 998 2698 ⁵⁸

1060 2681 1177 2709 'l‘imoth.
1196 2690 1225 2715 ιι,
1241 2682 1268 2709 9.
1313 2681 1336 2698 ’ν
1351 2682 1431 2710 Rom.
1460 2689 1518 2713 vm,
1533 2680 1578 2708 55.
1615 2680 1638 2696 '°
1657 2679 1762 2708 Coloss.
1781 2685 1802 2709 ι,
1817 2675 1866 2704 ει.

1002 2738 1118 2767 NOTAE.

281 2795 406 2837 (apud.
428 2796 495 2831 Reg.
521 2794 588 2837 bic':
616 2795 836 2837 '_Apx'l)__ﬂt61_£oo
862 2796 894 2837 ﬂ'.
921 2797 1030 2837 initium

1084 2795 1171 2828 liber.
1188 2802 1236 2822 seu
1257 2794 1374 2830 sylloge,
1401 2793 1533 2830 dividitur
1569 2792 1602 2830 in
1617 2791 1674 2830 hec
1688 2789 1797 2830 _codice
1837 2791 1865 2818 in

249 2830 357 2862 libri";
369 2838 465 2866 nempe
475 2830 610 2866 posterior
623 2830 683 2859 iste'
695 2830 838 2859 Theodori
852 2830 1029 2860 eoistolarum

1085 2826 1170 2858 libros
1191 2826 1317 2866 quatu‘or,
1328 2826 1450 2866 quorum
1463 2829 1568 2864 primus
1585 2827 1623 2855 ibi
1637 2826 1747 2855 desinit.
