1923 3078
86 110 158 142 1225

684 119 951 150 EPISTOLARUM
973 121 1046 151 LIB.
1077 121 1119 150 ll.

1646 125 1714 159 1226

122 167 292 203 Ιένοίμεθα,
316 169 425 204 ἀδελφοί
452 179 519 206 μου,
549 172 596 200 καὶ
623 174 703 208 ἡμεῖς
734 175 856 210 μάρτυρε

907 200 908 205 η
960 174 1052 201 Simus
1075 180 1101 201 et
1124 183 1184 203 nos.
1207 175 1306 203 fratres
1330 177 1394 209 mei,
1424 183 1556 214 martyres
1580 181 1613 207 ad
1639 181 1713 209 hunc

81 215 298 250 τοιουτοτρόπως
308 224 315 231 ⁸
333 216 362 242 ἐν
372 216 411 251 τῷ
426 217 468 243 ἀεὶ
483 220 704 253 παρεσκευάσθαι
716 222 872 257 συλληφθῆ-

81 269 148 293 ναι,
165 261 345 296 ὁμολογῆσαι,
361 263 605 299 φραγελλωθῆναι,
617 266 772 294 ἀποθανεῖν.
788 267 872 294 Τοῦτό

80 307 143 332 ἐστι
167 307 227 333 καθ’
253 308 360 343 ἡμέραν
387 311 552 344 μαρτυρεῖν·
580 311 660 338 τοῦτο
676 312 737 339 καθ’
765 314 872 349 ἡμέραν

79 352 286 388 ἀποθνήσκειν·
309 353 339 387 ἐξ
353 351 384 381 οὗ
399 355 578 390 καθαίρεσθαι
597 357 743 392 ωμὸαίνει
755 359 804 393 τὴν
819 360 870 392 ψυ-

78 399 150 434 χήν·
178 399 330 435 ἀναχωρεῖν
356 400 412 427 τῶν
438 402 550 428 παθῶν·
578 404 698 438 ἐγγίζειν
722 406 762 440 τῷ
790 406 870 442 Θεῷ·

80 446 175 479 μισεῖν
192 446 294 480 κόσμον
304 454 311 461 ·
326 446 510 480 φαντάζεσθαι
526 449 651 484 οὐρανὸν,
663 451 698 477 τὰ
713 452 754 482 εἰς
769 453 869 485 αἰῶνας

78 488 252 524 ἀποκείμενα
269 490 377 524 ἀγαθά”
406 491 462 518 ἀλλ’
482 491 529 519 οὖν
548 494 596 521 καὶ
619 495 781 530 σκυθρωπά.
802 498 870 524 οὐδὲ

78 534 135 569 γὰρ
151 535 185 561 ἂν
200 536 216 568 ἡ
234 536 344 572 τοιαύτη
369 540 531 574 παρασκευὴ
547 540 638 568 δίδωσι
659 542 758 577 σχολὴν
776 544 814 578 τῷ
832 545 870 580 νῷ

78 581 245 615 φιληδονεῖν.
258 583 305 609 καὶ
320 583 473 612 διακεῖσθαι
488 587 656 621 προπαθῶς
670 584 720 615 ὧδε
736 591 849 617 κάκεῖσε
860 600 867 607 ·

76 625 149 652 ἀλλὰ
165 628 257 660 νευροῖ
281 628 381 662 μᾶλλον
397 629 447 664 τὴν
472 630 602 665 καρδίαν·
628 633 796 661 κατανύσσει
819 635 868 661 δα-

76 672 226 706 κρυρῤοεῖν
251 674 315 705 τοὺς
329 675 485 711 ὀφθαλμούς
498 685 504 692 ·
528 677 654 712 ἐφίεσθαι
670 680 719 714 τὴν
741 681 795 707 ἀπὸ
813 682 867 708 σώ-

77 726 166 750 ματος
184 717 274 751 ἔξοδον
296 720 334 752 ὡς
363 720 395 747 ἐκ
410 729 483 753 τινος
505 722 694 758 δεσμωτηρίου
718 727 865 761 ἐπαχθοῦς.

74 763 229 799 Σκοπῶμεν
251 763 298 792 οὖν
313 766 406 794 λοιπὸν
426 768 515 795 ὁποῖοί
541 771 640 805 ἐσμεν,
657 773 705 799 καὶ
725 774 750 799 εί
764 774 865 806 οὕτως.

74 809 140 843 εὖγε
160 810 231 844 μάλα
242 820 249 827 ·
265 812 289 838 ει
303 812 326 839 δ’
344 813 448 846 ἄλλως,
466 815 670 852 ὲπαναγώμεθα
680 839 687 851 ,
704 820 752 846 καὶ
767 821 866 847 καθαι-

75 855 200 890 ρώμεθα.
218 857 367 893 Φεύγωμεν
389 860 435 886 τὸν
456 862 594 898 ἀνήμερον
613 863 749 899 δράκοντα
774 866 865 894 διάϐο-

73 900 138 927 λον·
158 902 192 928 τὰ
217 905 407 939 πεπυρωμένα
435 906 486 940 τῆς
514 910 618 944 πικρᾶς
639 910 686 937 καὶ
711 911 864 948 θανασίμου

72 947 224 982 ἐπιθυμίας
241 949 317 985 βέλη.
343 951 400 978 Οὐκ
418 952 493 979 εστιν
513 954 605 990 ἡδονὴ,
626 956 684 982 ἀλλ’
701 957 799 992 ὀδύνηι
815 947 863 995 οὐχ

73 992 186 1028 ήδύτης,
202 994 271 1021 ἀλλὰ
289 996 374 1032 χολή·
391 998 441 1024 οὐκ
453 999 599 1033 εὐπάθεια,
621 1001 690 1028 ἀλλά
704 992 862 1038 δυσμένειάξ

72 1037 195 1071 δουλεία,
221 1041 327 1075 φθορὰ,
349 1043 547 1079 δαιμονισμὴς,
564 1047 706 1080 ἀλλοίωσις
727 1037 777 1083 τῆς
792 1052 863 1078 κατὰ

72 1084 156 1118 φύσιν
167 1086 260 1118 ἕξεως.
285 1088 362 1115 Ἐπεὶ
373 1091 398 1116 εί
415 1091 483 1127 καλὴ
499 1093 547 1119 καὶ
560 1094 648 1128 ἡδεῖα,
665 1096 724 1128 πῶς
741 1096 788 1129 οὓς
801 1098 860 1135 ἕλῃ,

71 1131 156 1162 εὐθὺς
175 1132 298 1161 δείκνυσι
322 1137 449 1172 μωροὺς,
468 1140 633 1175 κτηνώδεις,
649 1131 860 1178 ᾑτχυμμένουξ,

71 1176 286 1212 δουλοπρεπεῖς,
304 1180 516 1215 δυσελπίστους,
538 1176 750 1221 ἐκλελυμένουςξ
769 1188 861 1215 ὑποδί-

70 1230 137 1253 κους
153 1223 267 1251 Θανάτου
285 1226 395 1253 αἰωνίου
409 1236 415 1259 ;
431 1228 513 1255 Ὥστε
532 1232 706 1265 φαρμακεύει
727 1232 860 1265 ἐξιστῶσα

67 1267 116 1293 καὶ
129 1267 290 1304 ἀλλοιοῦσα,
303 1271 353 1298 οὐκ
367 1271 434 1299 οὖσα
444 1274 481 1306 ὼς
495 1275 652 1303 ὑποτίθεται
664 1279 710 1304 καὶ
723 1279 859 1315 ἀρχιφάρ-

70 1321 175 1345 μακος,
191 1315 317 1353 καθάπερ
336 1320 399 1351 τοὺς
421 1320 609 1356 δαιμονῶντας
619 1344 626 1355 ,
642 1324 672 1350 οὐ
691 1326 830 1358 συνιόντας
844 1327 858 1353 ὂ

68 1358 249 1406 ὺὶρίστανται,
279 1364 304 1388 εί
328 1364 365 1399 μὴ
386 1366 457 1399 μετὰ
474 1366 522 1402 τὴν
545 1367 688 1404 ἀνάνηψιν.
709 1370 858 1406 Βλέπωμεν

66 1401 114 1429 οὖν
134 1404 244 1439 λοιπὸν,
269 1409 423 1444 ἀγαπητοὶ,
446 1411 482 1438 τὰ
501 1401 662 1448 καταγώνια
688 1417 784 1451 ἡμῶν,
807 1401 856 1450 τὰς

64 1449 242 1485 ἀναστροφὰς
257 1453 309 1480 ποῦ
326 1456 372 1482 καὶ
399 1456 460 1491 μεθ’
477 1455 516 1485 οὗ,
534 1459 589 1486 Καὶ
605 1461 629 1487 ει
650 1449 783 1498 βλαϐερὸν
797 1449 856 1491 ἐκεῖ

66 1498 263 1551 μεταστπατεον.
291 1500 347 1527 Καὶ
366 1503 390 1528 εξ
413 1503 486 1537 μετὰ
510 1506 751 1541 σκανδαλίζοντος,
775 1510 889 1551 éxxo—C

63 1542 159 1568 πτέον.
170 1543 224 1569 Καὶ
236 1545 260 1571 ει
276 1546 306 1571 οὑ
321 1548 379 1580 μετ’
393 1548 510 1583 οὐδενὸς,
522 1552 721 1588 προσληπτέον·
737 1555 853 1593 ἐπείπερ

61 1587 166 1621 ἀρατὸν
185 1589 215 1615 τὸ
240 1593 448 1627 μεμονωμένον,
464 1595 517 1628 ἕως
532 1596 564 1624 ἂν
582 1587 732 1633 ἀναγκαῖος
751 1587 853 1637 τρόπος

60 1634 94 1672 οῑξ
112 1634 240 1669 πάρεστι.
259 1637 400 1673 Τηρητέον
415 1641 500 1668 τᾶλλα
511 1663 518 1674 ,
532 1643 583 1678 τὴν
602 1644 704 1680 βρῶσιν
714 1666 720 1677 ,
740 1634 789 1683 την
804 1634 853 1676 πόέ

61 1687 124 1711 σιν,
158 1680 205 1706 τὸν
222 1681 325 1714 ὕπνον,
350 1685 399 1720 τὴν
423 1687 572 1722 ἐργασίανο
595 1690 634 1722 ὡς
647 1692 681 1719 ἂν
703 1694 738 1720 τὰ
762 1695 852 1722 πάντα

61 1725 185 1771 στάθμια
201 1727 364 1757 δυνατοῠντα
384 1732 414 1759 τὸ
436 1733 517 1768 σῶμα
537 1735 685 1771 ὑπουργεῖν
700 1740 760 1771 ταῖς
777 1742 851 1767 ἐντο-

60 1770 138 1802 λαῖς,
167 1773 226 1800 ἀλλ’
253 1776 303 1802 οὐκ
327 1776 508 1813 ἐξαγριοῦντα
538 1782 773 1819 κατεξαναστῆναι
800 1787 851 1821 τῆς

59 1817 163 1852 ψυχῆς.
179 1819 272 1852 uada;
285 1821 359 1850 ἐστιν
370 1831 377 1838 ·
393 1824 441 1850 ἐὰν
455 1825 613 1863 ὑπερμαζῇ,
630 1817 753 1862 ἀτακτεῖ,
772 1817 850 1867 φέρει

58 1864 137 1891 κάτω
161 1865 207 1892 τὸν
222 1868 361 1903 ἀναϐάτην
381 1871 453 1899 νοῦν.
476 1873 535 1907 Ἀφ’
550 1875 632 1909 ήμῶν
651 1877 747 1904 καὶτὰ
773 1880 849 1914 ὑμῶν

58 1910 248 1958 ὲξηγσροῦξιεν
262 1921 268 1928 '
287 1915 348 1941 ἐπεὶ
364 1917 464 1948 πάντες
484 1919 622 1955 ἄνθρωποι
641 1921 690 1953 τὰς
707 1910 848 1958 ἡνίαςπτοῦ

58 1954 238 1986 αὐτεξουσίου
264 1959 365 1993 ὁμοίως
381 1962 449 1995 πρὸς
467 1954 540 1990 Θεοῦν
558 1964 699 2000 εἰληφότες
713 1954 849 2004 αὐτοκρα-

58 2001 177 2035 τορικῶς
187 2010 196 2017 ³
215 2003 267 2029 κᾶν
281 2004 325 2031 ἀεὶ
339 2006 473 2042 πόλεμος,
489 2009 580 2046 ψυχῆς
595 2013 642 2039 καὶ
658 2013 783 2049 σώματος
799 2001 847 2043 αν-

57 2047 288 2084 τικαθεζομένων.

923 220 1034 247 modum
1051 229 1059 247 :
1076 227 1104 247 ut
1120 222 1205 256 parati
1223 222 1351 248 nimirum
1367 230 1473 257 semper
1489 225 1576 252 simus
1586 233 1712 261 compre—

923 266 1015 299 hendi,
1038 267 1173 299 conliteri,
1196 267 1286 301 ﬂagris
1300 269 1378 301 caedi,
1395 271 1462 297 mori
1482 280 1489 303 ;
1511 271 1562 299 hoc
1578 277 1620 299 est
1639 274 1713 300 enim

922 311 1045 346 quotidie
1059 317 1206 347 martyrem
1226 320 1297 344 esse,
1315 313 1365 340 hoc
1380 319 1422 341 est
1435 315 1555 349 quotidie
1576 317 1656 344 ntori.
1673 317 1712 345 Ex

921 364 975 391 quo
989 357 1099 391 quidem
1123 358 1232 392 purgari
1248 364 1366 386 mentem
1381 361 1523 395 contingit,
1542 369 1557 388 a
1568 364 1713 396 perturba—

920 404 1042 431 tionibus
1067 404 1223 436 abscedere,
1242 404 1297 431 Deo
1327 406 1556 441 appropinquare,
1578 408 1711 436 mundum

920 449 1020 482 odisse,
1036 450 1134 477 etelum
1147 450 1281 483 meditari,
1294 451 1363 478 bona
1377 452 1402 478 in
1416 458 1549 479 aeternum
1561 459 1711 487 reservata,

919 502 970 522 nec
986 502 1039 521 non
1060 500 1087 522 et
1101 495 1198 523 tristia.
1218 495 1273 523 Nec
1293 497 1364 524 enim
1380 497 1469 524 locum
1483 498 1566 526 menti
1583 499 1712 534 relinquit

919 538 1054 573 ejusmodi
1086 540 1262 574 praeparatio,
1288 544 1317 568 ut
1342 542 1494 577 voluptates
1524 550 1709 577 consectetur,

919 588 949 610 ut
963 584 1014 611 hoc
1040 585 1139 612 illudve
1161 587 1264 613 carnali
1282 587 1419 615 desiderio
1444 589 1623 623 amplectatur
1640 600 1647 618 :
1662 592 1709 618 sed

919 630 989 658 vires
1017 631 1091 658 cordi
1119 636 1146 672 et
1174 640 1273 660 nervos
1297 634 1383 665 addit,
1399 635 1494 663 oculos
1520 636 1546 662 in
1574 637 1710 673 lacrymas

917 676 985 703 solvi
1001 668 1148 711 compellit,
1169 678 1333 705 desiderium
1352 680 1439 714 injicit
1458 688 1489 708 ex
1504 689 1631 716 corpore,
1651 688 1711 710 tan-

917 729 999 756 quam
1021 730 1054 749 ex
1071 724 1144 756 gravi
1162 725 1279 758 quodam
1294 733 1415 759 carcere,
1431 727 1594 761 emigrandi.
1609 728 1708 756 Consi-

916 768 1045 796 deremus
1072 769 1165 804 itaque
1185 770 1279 805 quales
1303 771 1410 799 simus:
1433 778 1461 799 et
1487 773 1509 800 si
1530 774 1641 808 quidem
1669 776 1709 802 sic

917 813 1014 846 allecti,
1034 819 1105 842 recte
1121 823 1206 842 sane:
1229 817 1270 843 sin
1287 817 1374 848 aliter,
1401 819 1544 847 redeamus
1570 821 1597 847 in
1624 821 1708 853 viam,

879 850 902 879 B
916 864 943 887 et
958 860 1146 888 emundentur.
1164 861 1312 897 Fugiamus
1335 863 1467 891 itnmitem
1491 865 1638 892 draconem
1651 867 1708 893 dia-

917 906 1019 938 holutn,
1034 913 1060 933 et
1077 907 1154 942 ignea
1173 908 1224 934 tela
1241 916 1340 935 amarae
1352 914 1379 936 et
1394 909 1526 937 lethifera:
1539 910 1706 946 cupiditatis.

915 951 973 981 Non
989 956 1031 978 est
1046 952 1179 986 voluptas,
1194 953 1239 979 sed
1255 953 1334 979 dolor
1350 962 1356 980 :
1377 962 1429 981 non
1448 955 1574 988 dulcedo,
1588 957 1635 984 sed
1650 957 1684 984 fel
1698 967 1706 985 :

915 1005 968 1023 non
985 997 1182 1030 benevolentia,
1200 999 1245 1025 sed
1262 999 1366 1030 odium,
1389 1000 1520 1033 servitus,
1540 1003 1707 1038 corruptela.

913 1043 1080 1070 daamoniaca
1103 1044 1218 1076 vexatio,
1239 1044 1299 1079 ejus
1328 1045 1375 1079 qui
1400 1046 1548 1073 secundum
1580 1054 1706 1076 naturam

913 1094 954 1116 est
969 1093 1056 1117 status
1071 1090 1234 1117 immutatio.
1263 1091 1369 1117 Etenim
1388 1091 1409 1118 si
1424 1092 1494 1119 bona
1510 1097 1551 1120 est
1565 1099 1592 1121 et
1605 1095 1706 1129 dulcis,

912 1136 1048 1170 quomodo
1070 1144 1138 1171 quos
1153 1136 1282 1171 abripuit.
1309 1145 1356 1164 eos
1381 1137 1471 1165 fatuos
1495 1139 1587 1165 statim
1604 1140 1704 1173 reddit,

909 1182 1041 1217 jumentis
1063 1183 1175 1216 similes,
1200 1183 1359 1219 probrosos,
1376 1184 1497 1216 serviles,
1520 1186 1705 1220 desperabun-

911 1229 970 1261 dos,
982 1233 1136 1261 enervatos,
1150 1234 1258 1257 interna:
1273 1230 1369 1257 mortis
1382 1231 1463 1257 reos?
1473 1231 1567 1267 Itaque
1576 1232 1702 1265 fascinat,

910 1282 926 1301 α
955 1280 1043 1302 tuente
1069 1275 1202 1308 alleuans,
1221 1280 1388 1310 pervertens,
1408 1284 1461 1303 non
1484 1277 1510 1304 id
1532 1286 1626 1306 revera
1643 1280 1702 1307 exi-

910 1325 985 1348 stens
1012 1322 1084 1355 quod
1114 1328 1168 1355 prae
1193 1329 1222 1349 se
1253 1322 1305 1349 fert
1331 1324 1534 1358 praestigiatrix.
1569 1330 1699 1360 tanquam

908 1374 1107 1401 energumenos
1121 1374 1136 1393 a
1152 1366 1275 1394 damone
1292 1375 1443 1403 correptos,
1457 1370 1504 1405 qui
1521 1370 1548 1397 id
1561 1372 1634 1406 quod
1652 1380 1700 1406 pa—

909 1412 1023 1443 tiuntur,
1045 1413 1203 1447 priusquam
1221 1413 1253 1440 ad
1270 1422 1299 1441 se
1323 1415 1436 1442 redeant
1457 1424 1511 1443 non
1535 1423 1700 1452 agnoscunt.

907 1457 1055 1485 Videamus
1088 1467 1166 1495 ergo,
1194 1459 1298 1492 dilecti,
1321 1468 1445 1495 quaenam
1466 1467 1530 1490 sunt
1550 1463 1701 1493 diversoria

906 1509 1010 1537 nostra,
1027 1505 1073 1532 ubi
1089 1510 1115 1532 et
1139 1505 1303 1540 quibuscum
1324 1507 1455 1535 habitatio
1470 1512 1497 1535 ct
1520 1512 1699 1538 consuetudo.

906 1550 982 1584 Quod
1004 1551 1026 1578 si
1051 1551 1115 1586 quid
1130 1552 1166 1579 ibi
1183 1553 1294 1578 noxium
1309 1558 1360 1585 est,
1376 1554 1570 1589 intigrandum.
1589 1556 1617 1584 Si
1633 1565 1696 1585 cum

905 1605 938 1624 eo
953 1598 1000 1631 qui
1029 1598 1190 1625 scandalum
1211 1598 1316 1630 aﬂ‘erat,
1336 1599 1553 1629 abscindendum
1571 1611 1577 1629 :
1600 1597 1623 1630 si
1635 1611 1698 1631 cum

904 1644 1023 1678 nemine,
1053 1644 1241 1671 aSriscenilum
1268 1654 1275 1671 :
1304 1646 1369 1680 quia
1408 1648 1586 1681 exsecrabile,
1610 1650 1700 1677 solum

902 1688 1008 1719 esse“,
1034 1689 1156 1723 quandiu
1180 1690 1331 1718 necessitas
1350 1698 1404 1718 non
1420 1692 1505 1729 cogit.
1521 1692 1699 1722 Observanda

903 1738 966 1761 sunt
989 1739 1015 1761 et
1031 1735 1094 1766 alia,
1120 1735 1208 1768 cibus,
1239 1741 1320 1770 potus
1335 1758 1342 1768 ,
1360 1745 1485 1770 somnus,
1510 1747 1579 1774 opus
1596 1745 1648 1767 :ut
1669 1741 1699 1768 in

902 1789 1030 1808 mensura
1049 1782 1115 1808 ﬁant
1136 1782 1228 1809 omnia
1241 1791 1302 1817 quae
1327 1784 1436 1819 corpori
1463 1786 1534 1813 vires
1560 1787 1698 1820 praebeant;

902 1831 931 1854 ut
947 1832 1038 1861 pareat
1055 1833 1081 1855 et
1095 1828 1170 1862 jussa
1189 1828 1281 1861 faciat,
1307 1838 1361 1857 non
1379 1831 1521 1859 etl‘eratum
1537 1833 1650 1860 reddant
1668 1839 1698 1861 ut

902 1874 1025 1908 insurgat
1039 1879 1065 1901 et
1082 1874 1179 1901 anima:
1199 1880 1339 1910 repugnet.
1363 1875 1480 1905 Eculeus
1509 1883 1568 1906 est:
1583 1879 1608 1906 si
1629 1879 1697 1907 aﬂ‘a-

902 1919 948 1946 tim
967 1920 1066 1951 alatur,
1080 1920 1197 1952 lascivit,
1218 1929 1410 1957 sessoremque
1433 1924 1555 1951 animum
1573 1931 1698 1959 proster-

901 1965 951 1992 nit.
967 1966 1005 1993 Ex
1023 1966 1103 1994 rebus
1130 1967 1230 1994 nostris
1249 1968 1283 1994 de
1299 1969 1399 1996 vestris
1412 1970 1494 1998 etiam
1508 1971 1695 2000 euuntiamus.

900 2011 1002 2038 Omnes
1026 2012 1160 2047 siquidem
1175 2013 1299 2040 homines
1323 2014 1401 2041 liberi
1418 2015 1524 2042 arbitrii
1541 2017 1662 2044 habenas
1679 2026 1693 2048 a

901 2056 956 2082 Deo
980 2057 1038 2091 pari
1055 2057 1117 2091 jure
1136 2063 1301 2092 acceperunt
1315 2066 1377 2086 cum
1410 2067 1517 2087 summa
1540 2067 1693 2095 potestate:

901 2101 974 2133 licet,
1001 2101 1092 2127 anima
1116 2106 1143 2129 ct
1158 2109 1274 2136 corpore
1287 2103 1358 2130 inter
1375 2111 1405 2131 se
1422 2106 1616 2140 pugnantibus,
1634 2115 1695 2142 per-

899 2152 1012 2182 petuum
1033 2147 1132 2174 bellum
1151 2148 1196 2175 sit.

96 2179 203 2232 '(lupév
217 2182 250 2218 δὴ
268 2185 332 2220 περὶ
349 2187 444 2214 τούτου
458 2188 535 2223 λόγος
552 2192 636 2227 ἐχέτω
654 2195 750 2224 ταῦτα.
767 2197 799 2223 Τί
820 2198 847 2226 δὲ

936 2193 974 2221 De
990 2193 1042 2220 hoe
1064 2194 1146 2227 igitur
1165 2194 1298 2223 hactenus
1315 2196 1373 2223 hac
1385 2196 1456 2224 dicta
1478 2198 1543 2225 sint.
1558 2198 1629 2232 Quid
1642 2208 1694 2227 cat-

55 2226 88 2253 τὰ
113 2226 197 2275 ἑξῆς
224 2229 255 2255 Ἡ
274 2230 365 2263 πίστις
379 2233 505 2270 ἀκλινὴς,
520 2237 733 2275 ἀπερίτρεπτος,
756 2243 847 2275 καθὼς

55 2273 206 2322 παρέδωκα
233 2275 312 2310 ὑμῖν,
328 2278 374 2304 καὶ
398 2281 553 2315 παρέλαϐον
577 2273 653 2320 παρὰ
667 2286 722 2313 τῶν
742 2273 845 2322 ἁγίωνί

56 2318 158 2352 μᾶλλον
174 2320 203 2346 δὲ
223 2321 373 2358 ἀμφότεροι
390 2325 437 2359 ἀφ’
452 2327 511 2359 ἑνὸς
536 2329 584 2356 καὶ
598 2318 645 2357 τοῦ
665 2332 749 2359 αὐτοῦ
766 2318 847 2361 ivisti-

57 2373 153 2413 patec.
170 2367 300 2413 ’Χριστὸς
328 2370 358 2396 οὐ
390 2371 525 2407 Χριστὸς,
555 2376 579 2402 ει
601 2376 638 2412 μὴ
669 2378 844 2413 ἐγγράφοιτο.

55 2409 131 2461 'A'tta.
145 2411 200 2447 γὰρ
214 2413 301 2441 εἰπεῖν
314 2415 443 2450 Χριστὸν.
461 2419 562 2446 ἐννοεῖν
575 2409 676 2450 εέτίτδ
754 2409 846 2461 σωμα-

53 2454 163 2488 τώσεως
192 2458 275 2504 αυτοῦ
302 2462 461 2497 μυστήριον.
481 2465 519 2491 Οὐ
535 2467 589 2502 γὰρ
605 2467 639 2494 ἂν
660 2454 777 2504 Χριστὸς
795 2454 845 2499 .λέ-

54 2507 127 2548 Zona
147 2503 252 2548 πρυμνὸς
268 2504 392 2539 σώματος
405 2509 419 2533 6
436 2509 533 2543 Λόγος,
548 2503 736 2548 ἐννοούμενος.
763 2518 843 2545 Ἐπεὶ

53 2544 78 2571 δὲ
93 2546 166 2596 σάρέ
182 2547 196 2573 ὁ
210 2548 311 2583 Λόγος,
325 2554 408 2587 σαρκὶ
420 2553 542 2589 δηλονότι
558 2558 605 2584 καὶ
624 2544 839 2596 περιγράφοιτο’

54 2599 98 2617 και
123 2592 164 2627 τῷ
183 2594 300 2629 Χριστὸς
323 2596 453 2632 ὀνόματι,
482 2602 529 2627 καὶ
550 2603 582 2630 τὸ
601 2604 652 2638 τῆς
663 2592 843 2642 -περιγραφῆς

54 2639 261 2675 συνεισήνεκται
278 2642 325 2669 καὶ
347 2647 570 2683 συνεπινενόηται
587 2639 801 2686 ιδίωμαίὬστε
817 2655 841 2680 οἱ

54 2685 89 2732 {ﬁt
103 2684 233 2732 λέγοντες
255 2688 336 2715 αὑτὸν
359 2690 529 2726 γράφεσθαι,
555 2684 841 2732 ἧγουνγείκονίζεσθαι

53 2729 175 2767 ἄσαρκον
190 2733 271 2760 αὐτὸν
288 2735 522 2771 ὑπολαμϐάνουσι.
544 2743 598 2769 Καὶ
618 2744 713 2780 nepeta
728 2748 776 2781 τῆς
793 2748 842 2773 αὑ-

53 2776 97 2811 λῆς
120 2779 260 2814 Χριστοῦ·
281 2781 333 2808 κᾶν
357 2783 460 2820 Πέτρος
484 2785 555 2821 εἷεν,
578 2790 630 2817 κᾶν
657 2792 761 2824 Παῦλος
776 2801 782 2807 ·
802 2793 840 2825 ὡς

87 2836 108 2851 ⁹¹
131 2836 224 2865 Ecele.
244 2846 280 2870 Iv,
302 2839 346 2866 10.

232 2884 370 2917 ΡΑτηοι.
395 2888 452 2919 Gn.
478 2889 586 2921 XCIX.

896 2244 952 2267 tera
966 2240 1082 2267 deinde?
1092 2240 1173 2268 Fides
1183 2241 1273 2274 ﬁrma,
1299 2242 1489 2277 immutabilis,
1498 2245 1569 2272 sicut
1595 2247 1692 2274 tradidi

895 2286 983 2319 vobis,
995 2291 1021 2313 et
1035 2294 1049 2313 a
1069 2287 1172 2315 sanctis
1184 2289 1287 2322 accepi,
1301 2288 1342 2316 vel
1355 2290 1446 2323 potius
1463 2290 1497 2318 ab
1515 2299 1570 2319 uno
1583 2293 1693 2327 utrique

895 2338 922 2359 et
948 2332 1042 2359 eodem
1072 2333 1182 2367 spiritu.
1204 2333 1332 2363 Christus
1352 2335 1410 2370 jam
1429 2336 1556 2366 Christus
1571 2346 1624 2365 non
1639 2345 1690 2371 est,

895 2379 948 2406 nisi
964 2378 1038 2414 pingi
1053 2383 1152 2414 potest.
1165 2377 1253 2406 Simul
1269 2380 1342 2407 enim
1356 2388 1388 2408 ac
1402 2381 1542 2410 Christum
1560 2384 1689 2415 dicimus,

896 2431 1008 2452 necesse
1018 2429 1059 2451 est
1074 2424 1305 2459 incorporationis
1319 2426 1379 2461 ejus
1390 2427 1551 2462 mysterium
1564 2429 1688 2465 intelligi.

894 2469 988 2503 Neque
999 2469 1072 2496 enim
1088 2469 1215 2496 Christus
1225 2469 1341 2503 dicatur,
1359 2478 1422 2498 cum
1438 2472 1563 2500 nuduma
1574 2481 1691 2509 corpore

894 2514 1013 2541 Verbum
1031 2515 1199 2550 agnoscitur.
1217 2514 1370 2550 'Postquam
1386 2522 1478 2543 autem
1492 2516 1583 2545 Verbo
1598 2527 1663 2546 caro
1679 2528 1687 2552 ;

893 2566 920 2588 et
935 2569 1017 2588 carne
1039 2562 1134 2596 utique
1157 2561 1394 2590 circumscribitur
1416 2571 1422 2589 :
1445 2569 1472 2590 et
1482 2563 1539 2598 jam
1559 2564 1688 2593 Christus

892 2607 1074 2642 appellatione
1095 2612 1147 2639 est,
1164 2612 1191 2634 et
1213 2608 1480 2643 circumscriptionis
1502 2610 1584 2638 simul
1605 2611 1688 2638 indu-

890 2653 962 2680 citur
987 2653 1199 2688 intelligiturque
1230 2655 1391 2689 proprietas.
1428 2655 1613 2688 Quamobrem
1639 2658 1687 2691 qui

891 2700 981 2734 ipsum
1004 2700 1120 2728 describi
1136 2706 1253 2736 negant,
1278 2701 1331 2729 hoc
1351 2708 1401 2735 est,
1417 2703 1572 2737 delincari;
1593 2704 1687 2731 carnis

892 2746 981 2781 ipsutn
1001 2751 1140 2781 expertem
1167 2746 1280 2774 faciunt.
1304 2748 1358 2775 Sed
1383 2749 1462 2784 longe
1486 2750 1523 2776 illi
1543 2758 1558 2776 a
1582 2750 1684 2777 Christi

891 2800 983 2827 grege,
1002 2793 1043 2820 vel
1055 2792 1076 2820 si
1093 2792 1189 2820 Petrus
1202 2791 1284 2819 fuerit
1297 2793 1338 2821 vel
1352 2794 1452 2822 Paulus
1469 2800 1499 2822 ut
1513 2795 1610 2823 Petrus
1625 2795 1685 2830 ipse

1468 2898 1507 2928 39
