1923 3078
248 103 259 134 1
267 104 315 135 227

245 167 269 188 et
288 159 390 187 Paulus
403 159 575 187 denuntiavit
591 159 624 186 ad
637 160 811 187 securitatem
826 165 960 188 nostram.
974 160 1033 188 Non
1047 162 1071 192 A

246 207 319 242 quod
331 206 430 241 aliquis
443 207 642 241 apostolorum,
653 211 699 233 aut
708 211 866 234 sanctorum
879 207 926 241 qui
937 207 1036 234 deinde

245 258 311 282 sunt
343 253 495 286 subsecuti,
525 253 715 280 circumscribi
742 260 857 287 corpore.
891 253 1034 280 Christum

246 299 361 334 negarit,
380 298 610 334 quemadmodum
632 299 707 333 impii
730 299 883 326 adulterina
893 299 1035 334 proferen-

245 350 287 373 tcs
310 346 387 372 aiunt
404 355 410 373 :
435 344 523 372 absitl
542 344 682 372 Sinceram
697 345 768 372 hanc
783 350 925 373 teneamus
944 346 1034 378 fidem,

245 391 392 418 ofratres:
413 390 550 425 egregiam
577 390 647 417 hanc
675 390 875 418 confessionem
899 395 1034 423 tueamur,

246 437 350 464 nullam
369 435 396 463 in
420 440 523 470 partem
544 435 722 463 declinantes.
743 435 883 463 Christum
901 437 1037 472 abnegant

246 482 293 517 qui
309 490 388 509 secus
412 482 536 509 sentiunt
552 490 558 508 :
576 481 622 516 qui
635 482 659 508 id
679 481 839 513 defendunt,
852 482 953 510 Christi
970 487 1036 510 sunt

246 532 391 563 martyres,
406 535 468 555 cum
484 528 675 563 quadraginta.
691 535 752 554 cum
772 527 846 554 omni
871 528 1034 555 athletarum

245 574 290 608 qui
327 581 448 608 unquam
477 572 588 600 fuerunt
612 579 684 600 cmtu
713 573 854 605 censendi,
874 573 975 606 Quid?
1001 582 1035 602 ne

245 620 419 647 comederenl
432 627 528 647 carnes
538 619 642 651 suillas,
655 620 726 654 quod
742 628 772 646 ea
787 625 946 654 tempestate
959 620 1035 648 nefas

244 671 313 698 erat,
334 671 468 700 martyres
488 664 601 691 fuerunt
617 664 782 692 Machabtei:
802 671 829 692 et
849 671 877 692 tu
890 673 1035 700 perpessus

245 718 278 736 eo
290 711 361 744 quod
374 718 473 745 negare
485 710 557 736 nolis
569 709 706 738 Christum
719 710 966 744 circumscriptum,
979 719 1033 738 non

246 762 350 792 martyr
364 756 520 783 censeberis
532 756 543 782 ?
556 755 677 783 Joannes
689 763 841 790 praecursor
849 757 884 783 ob
897 757 1035 784 defensio-

245 810 306 829 nem
344 802 468 829 Veritatis
496 801 628 829 adversus
668 802 802 829 llerodem
841 802 1032 837 interkmptus,

244 853 394 884 martyrum
418 853 609 876 ornamentum
629 848 680 876 fuit
697 858 703 875 :
729 857 778 876 nec
799 849 854 877 eris
882 854 910 877 tu
926 850 953 876 in
973 850 1035 877 albo
1049 840 1072 870 Β

245 900 398 930 martyrum
415 902 463 929 pro
479 894 590 922 Christo
608 895 750 922 moriens?
765 894 850 922 Nemo
865 903 909 922 vos
926 895 1034 922 reducat

245 941 368 967 inanibus
382 940 464 967 verbis
480 948 489 967 :
508 947 615 975 propter
630 949 689 976 qua:
715 942 782 969 t'cm'l
804 942 846 969 ira
863 941 912 969 Dei
927 942 954 970 in
964 942 1035 977 ﬁlios

244 986 395 1021 difﬁdentiae
410 987 444 1014 “.

280 1032 431 1068 Legitimus
441 1037 542 1068 martyr
554 1037 596 1061 est
610 1033 658 1068 qui
677 1035 823 1061 confitetur
838 1043 844 1061 :
863 1039 889 1061 et
903 1041 936 1062 eo
948 1035 1035 1070 magis

243 1086 299 1113 quo
313 1079 438 1113 pluribus
460 1083 575 1106 vexatur
589 1078 679 1106 malis.
696 1078 807 1107 Minime
824 1087 871 1107 vos
892 1081 1036 1108 conturbet

244 1124 354 1152 duralio
378 1125 602 1160 persecutionis:
623 1125 694 1152 haud
719 1126 818 1154 multos
840 1134 928 1154 annos
944 1132 1034 1162 pertu-

244 1170 336 1202 limus,
354 1175 385 1197 ut
406 1171 510 1206 antiqui
530 1171 594 1198 olim
610 1171 792 1199 confessores.
819 1171 944 1199 Nondum
967 1180 1034 1199 exa-

245 1216 338 1243 minati
355 1215 457 1243 fuimus
477 1217 597 1251 legilimo
613 1217 674 1252 igne
687 1217 887 1252 probatissimae
905 1219 1035 1246 tentatio-

245 1262 287 1289 nis
306 1270 312 1288 :
337 1262 426 1289 adhuc
443 1262 588 1290 admisuun
610 1267 652 1290 est
673 1263 825 1298 plumbum,
853 1263 943 1291 adhuc
968 1272 1036 1299 ruga

245 1308 395 1342 peccatrix.
417 1306 458 1334 Tu
475 1308 535 1342 quis
551 1315 581 1335 es
596 1309 642 1342 qui
663 1307 951 1344 iu’eumpreliensorum
964 1309 1036 1344 judi-

244 1352 349 1380 ciorum
378 1352 515 1387 profunda
540 1353 671 1381 scruteris
686 1354 697 1380 'l
712 1354 777 1386 Qua:
804 1355 852 1381 tibi
879 1356 1036 1390 praescripta

244 1403 318 1431 sunt,
334 1399 383 1425 illa
408 1400 495 1434 cogita
505 1398 538 1425 ".
555 1399 672 1426 Abralue
690 1407 781 1428 semen
807 1400 883 1435 illud,
902 1401 946 1429 cui
973 1409 1038 1436 pro-

245 1445 340 1478 missa,
363 1444 410 1472 Dei
439 1444 638 1478 benedictione,
666 1450 745 1473 terrze
765 1451 866 1474 sanctae
890 1447 1037 1475 haereditas

246 1491 346 1523 fuerat,
383 1491 591 1527 quadringentis
627 1492 737 1527 triginta
771 1492 851 1520 annis
883 1492 1036 1521 Pharaonis

245 1545 330 1565 manu
362 1539 521 1565 servitutem
551 1538 655 1565 servire
679 1538 750 1565 Deus
771 1539 903 1573 permisit.
936 1538 1035 1566 Christi

247 1584 366 1611 lictlcsia
392 1584 426 1611 ab
450 1583 637 1618 apostolorum
665 1585 859 1619 praedicatione
890 1593 977 1619 usque
1003 1585 1037 1613 ad

245 1631 469 1664 Constantinum,
496 1631 614 1666 primum
636 1631 854 1659 Christianorum
873 1640 975 1668 regem,
990 1641 1037 1660 su-

248 1686 295 1712 pra
313 1686 400 1705 annos
420 1677 553 1705 ducentos
574 1685 654 1712 passa
671 1683 712 1705 est
734 1678 893 1706 frementem
909 1686 1038 1714 persecu-

247 1724 358 1750 tionem.
372 1723 423 1756 Qui
440 1724 526 1751 secuti
539 1729 612 1756 sunt,
624 1725 766 1752 remissam
777 1725 898 1759 quidem,
917 1730 1036 1752 attamen

246 1771 446 1796 diuturniorem
462 1770 536 1804 passi
557 1775 622 1798 sunt
638 1779 645 1798 τ
661 1777 843 1806 praeterquam
861 1771 912 1798 sub
926 1771 1038 1799 Juliano

247 1821 383 1850 apostata.
402 1816 503 1844 Paulus
521 1824 638 1852 magnus
655 1817 735 1843 annis
749 1817 870 1851 quinque
887 1821 914 1844 et
930 1817 1038 1852 triginta

249 1863 466 1897 persecutionem
492 1863 613 1897 pertulit.
632 1863 754 1897 quotidie
770 1863 889 1890 moriens
904 1863 927 1878 ⁹δ
941 1873 948 1890 ε
965 1868 991 1890 οι
1009 1868 1037 1891 ιιι

249 1909 372 1944 quinque
388 1916 522 1935 annorum
542 1909 630 1944 spatio
644 1909 778 1943 langues?
792 1908 920 1936 Clemens
937 1909 1039 1936 multo-

250 1962 309 1981 rum
344 1954 525 1993 certaminum
553 1954 595 1981 vir
622 1954 648 1981 in
677 1959 809 1989 perpetuo
834 1955 964 1990 martyrio
990 1955 1040 1982 fuit

250 2000 344 2034 viginti
360 2005 423 2027 octo
435 1999 515 2027 anuis
531 2009 538 2027 :
562 2003 590 2027 et
605 2004 634 2027 tu
658 2000 729 2027 intra
753 2007 856 2034 paucos
872 2000 966 2027 deficis
981 2001 992 2027 ?
1006 1999 1040 2028 Et

250 2046 322 2080 quod
339 2045 406 2071 mihi
431 2052 537 2080 tempus
552 2046 619 2073 satis
631 2045 667 2072 sit
687 2046 720 2072 ad
733 2046 801 2073 alios
814 2050 947 2080 martyres
962 2053 1038 2073 com-

252 2091 470 2119 memorandos?
489 2091 548 2118 Non
578 2091 678 2119 audisti
705 2091 891 2118 suﬂ‘erentiam
915 2091 965 2118 Job
987 2092 1010 2107 "
1028 2092 1040 2118 ’ἐ

250 2136 346 2164 Nonne
365 2137 445 2164 anuis
460 2137 615 2172 quindecim
643 2142 670 2164 et
700 2137 818 2172 amplius
849 2137 939 2164 ulcere
963 2138 1038 2172 gravi

249 2188 364 2210 vexatus
387 2186 439 2214 est,
457 2186 555 2217 praeter
568 2183 636 2210 alios
652 2183 697 2217 qui
714 2183 813 2217 adjecti
834 2182 945 2210 fuerunt
960 2183 1038 2217 lugu-
1054 2189 1075 2216 ι)

238 2226 310 2256 ⁷1ιτοε
328 2236 409 2256 casus
423 2228 435 2254 ?
451 2228 539 2263 Atque
567 2228 619 2256 hoc
632 2235 693 2256 cum
722 2229 823 2256 nullius
839 2228 891 2255 sibi
913 2228 976 2255 mali
996 2228 1038 2256 fa-

248 2275 352 2302 cineris
381 2274 509 2302 conscius
533 2279 615 2306 esset,
646 2274 711 2308 quin
739 2274 830 2309 potius
859 2274 1038 2301 laudabilium

248 2319 523 2355 quamplurimorum.
543 2318 614 2355 Quid
642 2325 732 2346 autem
750 2320 776 2346 ei
805 2320 952 2354 respondet
977 2327 1039 2346 ora-

248 2367 340 2393 culum
351 2366 363 2392 ?
373 2375 383 2391 ‹
398 2364 433 2392 Ut
442 2365 544 2400 justus,
555 2365 654 2400 inquit,
667 2365 838 2400 appareas".
856 2374 864 2390 ι
880 2363 918 2391 Ita
928 2369 955 2392 et
967 2372 1039 2392 nunc

842 106 873 136 ς.
895 105 945 135 ΤΗ
951 105 1092 135 EODURI
1106 106 1279 136 STUDiT/‘E

1805 107 1870 140 ms

1084 161 1167 193 αὐτὸς
1180 162 1283 197 Πέτρος
1307 162 1354 188 καὶ
1371 162 1475 194 Παῦλος
1492 157 1616 199 ὰπέφηνε
1632 163 1700 199 πρὸς
1721 163 1870 198 ἀσφάλειαν

1088 207 1239 242 ἡμετέραν.
1257 209 1313 244 Οὐχ
1328 209 1368 235 ὅτι
1391 217 1433 241 τις
1448 209 1504 235 τῶν
1518 209 1687 241 ἀποστόλων,
1707 210 1724 245 ἢ
1742 211 1797 236 τῶν
1813 212 1870 245 μετ’

1087 254 1187 286 αὐτοὺς
1204 254 1299 288 ἁγίων,
1325 255 1420 290 εἴρηκε
1439 255 1477 290 μὴ
1502 256 1741 291 περιγραφόμενον
1766 257 1870 292 σώματι

1087 300 1204 335 Χριστὸν
1218 321 1225 331 ,
1248 301 1338 331 ἄπαγε
1353 300 1359 326 l
1378 300 1417 332 ὡς
1439 301 1464 327 οἱ
1481 301 1622 334 δυσσεϐεῖς
1635 301 1672 329 τὰ
1687 302 1753 329 νόθα
1772 304 1871 339 προφέ-

1088 355 1181 381 ροντες
1200 346 1322 380 λέγουσι.
1344 347 1455 382 Ταύτην
1473 348 1524 382 τὴν
1542 347 1678 384 εἰλικρινῆ
1693 348 1787 375 πίστιν
1806 358 1872 376 κατ-

1087 391 1211 426 ἐχωμεν1
1241 389 1263 418 ὦ
1277 392 1388 425 ἀδελφοί
1401 401 1408 408 ·
1438 393 1520 428 τήνδε
1540 393 1591 429 τὴν
1616 392 1703 429 καλὴν
1726 395 1871 430 ὁμολογίαν

1085 438 1281 472 ὁμολογῶμεν,
1307 438 1369 474 μηδ’
1394 438 1464 470 ὅλως
1487 439 1722 474 παραφερόμενοι.
1748 440 1871 476 Ἀρνησί-

1086 492 1193 518 χριστοι
1218 484 1243 510 οἱ
1267 484 1305 519 μὴ
1329 483 1417 515 οὕτως
1437 485 1561 519 ἔχοντες·
1577 485 1824 521 Χριστομάρτυρες
1846 486 1870 512 οι

1086 529 1267 564 ἐνιστάμενοι,
1287 530 1356 564 μετὰ
1372 530 1426 556 τῶν
1439 530 1656 565 τεσσαράκοντα,
1674 531 1742 566 μετά
1756 531 1808 566 τῆς
1823 532 1870 559 ἀπ’

1086 575 1184 606 αἰῶνος
1207 575 1358 611 ἀθλητικῆς
1373 576 1547 611 ὁμηγύρεως.
1579 576 1650 603 Οὺά·
1668 576 1740 612 ὑπὲρ
1755 576 1804 604 τοῦ
1833 578 1872 613 μὴ

1086 621 1291 655 ἀπογεύσασθαι
1314 622 1395 648 ὑείων
1420 622 1509 657 κρεῶν
1529 622 1559 649 τὺ
1585 622 1737 657 τηνικαῦτα
1755 624 1873 658 παρανόο

1087 675 1146 700 μως
1170 666 1234 698 τοὺς
1261 667 1459 698 Μακκαϐαἱους
1486 667 1658 703 μαρτύριονσ
1683 668 1779 694 καὶσὺ
1802 668 1874 704 ὑπὲρ

1084 711 1132 738 τοῦ
1148 711 1185 746 μὴ
1199 712 1370 747 ἀρνήσασθαι
1385 713 1504 747 Χριστὸν
1524 713 1752 748 ἐγγεγραμμένον
1767 714 1873 740 πανθά-

1085 766 1155 790 νων,
1172 758 1202 784 οὐ
1220 758 1342 793 μάρτυς;
1363 759 1491 793 Ἰωάννης
1506 759 1520 785 ὁ
1536 759 1695 794 Πρόδρομος
1711 759 1781 795 ὑπὲρ
1797 759 1873 794 ἔλεγ-

1087 802 1138 838 μοῦ
1153 802 1282 837 ἀληθείας
1297 804 1346 838 τῆς
1360 804 1430 838 πρὸς
1450 803 1571 840 Ἡρώδην
1583 805 1793 839 τυμπανισθεὶς,
1805 814 1873 840 μαρ-

1085 848 1176 884 τύρων
1197 849 1345 885 διάκοσμος
1357 859 1364 867 -
1386 850 1434 877 καὶ
1451 851 1483 877 σὺ
1500 851 1550 878 οὐκ
1564 851 1594 877 ἐν
1615 851 1733 887 μάρτυσι
1749 851 1873 886 Θνήσκων

1085 895 1156 930 ὑπὲρ
1183 896 1317 931 Χριστοῦ;
1340 896 1451 930 Μηδεὶς
1477 896 1554 931 ὑμᾶς
1576 889 1759 929 ἐξαπατάτω»
1775 898 1874 930 κενοῖς

1083 941 1202 976 λόγοις⁶
1230 941 1269 968 δι’
1293 942 1347 974 οὓς
1369 942 1486 976 ἔρχεται
1507 942 1526 976 ἡ
1554 942 1627 977 ὀργὴ
1652 942 1704 970 τοῦ
1728 943 1804 970 Θεοῦ
1822 943 1873 970 ἐπὶ

1083 986 1156 1019 τοὺς
1170 987 1256 1020 υἱοὺς
1270 987 1324 1020 τῆς
1336 988 1499 1021 ἀπειθείας.

1119 1033 1233 1068 Μάρτυς
1255 1033 1474 1069 ἀπαράγραπτος
1493 1033 1649 1068 ὁμολογῶν·
1666 1033 1713 1060 καὶ
1728 1033 1871 1066 τοσοῦτον,

1083 1078 1127 1113 ἐφ’
1142 1079 1203 1105 ὅσον
1214 1079 1262 1105 καὶ
1276 1079 1421 1112 πλεονάζει
1435 1080 1493 1111 τοῖς
1506 1079 1662 1115 παθήμασι.
1678 1080 1723 1115 Μὴ
1736 1079 1874 1107 σαλευὲτω

1085 1123 1157 1158 ὑμᾶς
1173 1124 1191 1159 ἡ
1210 1123 1395 1159 ἐπικράτησις
1412 1123 1460 1151 τοῦ
1473 1124 1595 1160 διωγμοῦ
1606 1133 1613 1138 ·
1628 1124 1705 1151 οῦπω
1721 1125 1873 1160 ὲπολυετή-

1085 1177 1173 1204 σαμεν
1198 1168 1269 1196 κατὰ
1284 1169 1347 1201 τοὺς
1373 1169 1559 1205 προλαὸόντας
1585 1169 1770 1205 ὁμολογητάς·
1798 1169 1874 1196 οὔπω

1084 1215 1268 1250 ὲπυρώθημεν
1285 1215 1324 1250 τῷ
1338 1215 1447 1251 διαρκεῖ
1460 1216 1525 1252 περὶ
1539 1216 1590 1251 τῆς
1609 1216 1799 1252 δοκιμωτάτης
1813 1216 1874 1242 πεί-

1087 1269 1153 1296 ραςο
1174 1261 1213 1288 ἔτι
1231 1261 1356 1297 μόλιϐδος
1377 1263 1516 1299 ὲμμιγήςο
1531 1263 1570 1290 ἐτι
1591 1263 1669 1299 ῥυτὶς
1683 1264 1872 1299 ἀμαρτητικῆ.

1085 1306 1122 1333 Σὺ
1135 1306 1177 1339 τις
1197 1309 1222 1334 εἰ
1238 1309 1252 1334 ὸ
1267 1307 1427 1343 ἐμὸατεύων
1443 1309 1473 1335 ἐν
1487 1310 1544 1340 τοῖς
1557 1308 1612 1335 τῶν
1634 1309 1799 1344 ἀθεωρήτων
1814 1318 1875 1344 κρι-

1087 1353 1182 1386 μάτων
1209 1352 1339 1388 βάθεσιν;
1363 1354 1398 1381 Ἃ
1426 1354 1598 1389 προσετάγη
1614 1361 1679 1387 σοι,
1700 1355 1794 1381 ταῦτα
1809 1354 1875 1381 δια-

1085 1399 1170 1426 νοοῦ.
1197 1399 1234 1426 Τὸ
1260 1399 1429 1434 ὲπαγγελθὲν
1454 1400 1582 1436 σπέρμα,
1606 1400 1636 1427 ὲν
1660 1400 1771 1436 εὐλογίᾳ
1792 1400 1873 1432 Θεοῦ,

1093 1444 1219 1481 Ἀϐρααμ
1236 1445 1416 1481 κληρονομεῖν
1438 1446 1490 1482 τὴν
1517 1446 1599 1481 ἀγιαν
1619 1447 1689 1482 γῆν,
1707 1449 1875 1482 τετρακόσια

1086 1491 1233 1527 τριάκοντα
1253 1491 1306 1518 ὑπὸ
1319 1493 1399 1528 χεῖρα
1412 1491 1512 1528 Φαραὼ
1530 1492 1763 1528 προδεδουλῶσθαι
1773 1493 1877 1528 ᾠκονό-

1063 1536 1072 1548 ⁴
1088 1545 1159 1572 μησε
1173 1536 1250 1569 Θεός.
1272 1536 1302 1563 ὐ
1317 1537 1530 1573 Χριστιανισμδς
1544 1538 1591 1564 ἀπ’
1606 1538 1693 1573 ἀρχῆς
1707 1537 1755 1564 τοῦ
1771 1538 1877 1573 κηρύγ-

1088 1591 1173 1618 ματος
1197 1583 1252 1610 τῶν
1275 1583 1432 1610 ἀποστόλων
1448 1583 1518 1620 ὑπὲρ
1537 1584 1568 1611 τὸ
1591 1584 1777 1611 διακοσιοστὸν
1796 1585 1876 1618 ἔτος,

1089 1628 1172 1663 μέχρι
1188 1628 1236 1655 τοῦ
1251 1629 1458 1656 Κωνσταντίνου
1474 1629 1521 1656 τοῦ
1535 1630 1646 1665 πρώτου
1663 1630 1795 1666 βασιλέως
1809 1631 1879 1666 Χρι-

1088 1674 1204 1701 στιανῶν
1215 1693 1223 1706 ,
1241 1675 1270 1702 ὲν
1289 1675 1403 1710 διωγμῷ
1421 1675 1559 1711 βρέμοντι.
1577 1677 1608 1703 Οἱ
1626 1677 1783 1712 μετέπειτα,
1797 1677 1879 1711 ὑφει-

1089 1720 1177 1754 μένως
1202 1721 1261 1755 μὲν,
1275 1721 1352 1755 ὅμως
1372 1721 1599 1756 μακροετίζοντες
1609 1730 1616 1737 ·
1632 1722 1721 1757 πάρεξ
1734 1723 1782 1749 τοῦ
1805 1723 1882 1750 κατά

1094 1765 1238 1793 Ἰουλιανὺν
1253 1767 1299 1792 τὸν
1311 1767 1480 1803 ἀποστάτην.
1497 1767 1603 1800 Παῦλος
1616 1768 1630 1794 ό
1650 1769 1737 1803 μέγας
1750 1777 1882 1803 τριακον-

1087 1811 1205 1838 ταπέντε
1219 1812 1292 1838 ἑτεσι
1313 1813 1493 1848 διωκόμενος,
1511 1814 1559 1840 καὶ
1577 1814 1740 1849 χαθημέραν
1756 1814 1882 1850 ἀποθνήο

1090 1867 1163 1885 σκων
1173 1867 1180 1873 ·
1196 1859 1243 1885 καὶ⁵
1261 1859 1294 1886 σὺ
1308 1860 1338 1885 ὲν
1360 1859 1441 1886 πέντε
1460 1860 1568 1895 χρόνοις
1581 1861 1738 1896 ὴτονηκώς;
1759 1860 1883 1896 Κλήμης

1089 1904 1103 1930 ὁ
1120 1903 1268 1936 πολύαθλος
1295 1905 1455 1932 εἰκοσιοκτὼ
1483 1906 1557 1933 ἔτεσι
1581 1906 1748 1942 μαρτυρῶν
1771 1906 1821 1934 καὶ
1847 1907 1883 1933 σὺ

1088 1950 1208 1985 ἀχανιῶν
1221 1951 1250 1977 ὲν
1263 1950 1393 1986 βραχέως
1412 1951 1468 1978 Ποῦ
1485 1960 1532 1987 μοι
1550 1952 1646 1988 καιρὸς
1661 1953 1697 1979 τὰ
1715 1952 1771 1979 τῶν
1788 1953 1885 1980 ἄλλων

1090 1996 1237 2032 μαρτύρων
1251 1996 1354 2030 λέγων;
1369 1998 1426 2024 Οὐκ
1439 1997 1561 2033 ἤκουσας
1573 1998 1623 2033 τὴν
1639 1999 1780 2034 ὑπομονὴν
1801 1999 1885 2034 Ἰώ6;

1089 2042 1158 2077 Οὐχὶ
1179 2043 1376 2070 πεντεκαίδεκα
1392 2042 1452 2077 ἔτη,
1475 2043 1491 2079 ἢ
1509 2044 1556 2070 καὶ
1573 2044 1653 2079 πρὸς,
1671 2044 1747 2071 ἕλκει
1768 2045 1888 2081 πονήρῳ

1088 2088 1282 2120 ἐϐασανίζετο·
1305 2088 1374 2124 πρὸς
1396 2090 1453 2120 τοῖς
1477 2089 1665 2125 ὲπενεχθεῖσιν
1697 2090 1773 2126 αὒτῷ
1789 2091 1888 2123 ἄλλοις

1088 2135 1304 2170 τραγῳδήμασι;
1324 2135 1371 2161 καὶ
1388 2136 1474 2162 ταῦτα
1491 2136 1521 2162 οὐ
1542 2136 1670 2168 συνειδώς
1688 2145 1714 2164 τι
1742 2139 1890 2172 πεπραχέ-

1089 2189 1134 2208 ναι
1144 2180 1199 2207 τῶν
1214 2180 1383 2218 ἀριστερῶν·
1399 2181 1499 2215 μᾶλλον
1516 2181 1566 2217 μὲν
1581 2179 1629 2209 οὖν
1643 2190 1675 2216 γε
1693 2183 1741 2209 καὶ
1754 2182 1809 2209 τῶν
1821 2182 1889 2210 λίαν

1090 2226 1197 2259 δεξιῶν.
1227 2227 1310 2254 Ἀλλὰ
1334 2226 1360 2253 τι
1379 2227 1454 2262 αὐτῷ
1476 2228 1491 2254 ὸ
1506 2227 1717 2263 χρηματισμόςς
1740 2237 1749 2254 ι
1767 2228 1830 2255 Ἵνα
1845 2229 1892 2256 δί-

1092 2281 1180 2304 καιος,
1195 2272 1294 2308 φησιν,
1308 2273 1461 2308 ἀναφανῇς.
1478 2282 1488 2299 ι
1502 2274 1581 2300 Οὕτω
1599 2274 1647 2301 καὶ
1667 2273 1716 2301 νῦν
1731 2274 1892 2306 κοσκινίζει

1091 2319 1108 2354 ἡ
1128 2319 1245 2354 Πρόνοια
1256 2319 1338 2345 οἱονεὶ
1354 2320 1417 2351 τοὺς
1435 2319 1572 2355 παρόντας
1583 2327 1590 2334 ·
1609 2320 1654 2347 ἴνα
1670 2321 1705 2347 τὰ
1721 2320 1834 2353 ζιζάνια
1846 2321 1891 2348 ἔτι

1091 2364 1192 2400 ὲκριφῇ
1205 2373 1212 2380 ·
1227 2365 1272 2391 ἶνα
1287 2365 1302 2391 ὁ
1320 2365 1393 2397 σῖτος
1411 2366 1581 2401 ἐναπομεινη
1597 2366 1728 2402 καθαρός.

249 2413 350 2440 cribrat
379 2412 580 2447 quodammodo
613 2411 785 2439 Providentia
826 2412 951 2439 homines
973 2412 1055 2447 hujus
1076 2413 1216 2447 temporis,
1233 2416 1263 2440 ut
1284 2419 1346 2447 qua:
1368 2413 1462 2440 insunt
1484 2414 1590 2440 zilauia
1623 2414 1740 2449 ejiciat:
1767 2419 1797 2442 ut
1829 2414 1893 2442 fru-

250 2463 370 2486 mentum
395 2465 493 2492 purum
511 2462 631 2485 maneat.

284 2503 344 2530 Non
365 2502 444 2530 audis
467 2501 533 2537 quid
556 2501 683 2529 Jeremiae
706 2501 796 2529 dicat?
820 2500 926 2535 Depone
946 2509 990 2527 eos
1015 2501 1043 2527 in

248 2549 448 2584 conﬂatorium.
472 2553 497 2575 et
512 2548 570 2575 vide
587 2548 617 2574 si
626 2547 768 2582 probatum
782 2552 820 2573 est
835 2547 903 2573 sicut
920 2554 966 2581 ego
981 2554 1043 2579 pro-

249 2597 326 2623 batus
345 2604 403 2623 sum
430 2603 478 2630 pro
503 2595 541 2622 eis
553 2594 588 2621 ⁸⁷.
615 2593 747 2621 Feramus
764 2593 866 2623 adhuc.
894 2600 911 2619 ο
937 2593 1042 2620 strenui

249 2641 350 2669 milites
374 2640 488 2668 Christi.
513 2639 576 2666 Dies
600 2639 670 2666 sicut
697 2638 799 2665 umbrae
822 2637 1040 2672 prwtereunt":

248 2688 374 2723 quamvis
396 2690 586 2722 persecutores
609 2692 722 2712 manere
748 2684 916 2711 existiment.
943 2682 973 2710 Si
1001 2691 1042 2710 me

248 2734 377 2769 persecuti
393 2737 466 2765 sunt,
488 2731 588 2768 inquit,
604 2737 628 2758 et
648 2738 693 2757 vos
708 2736 898 2765 persequentur
911 2736 920 2754 :
943 2730 966 2756 si
984 2737 1041 2755 ser-

285 2803 308 2817 "
324 2801 421 2836 Ephes.
437 2809 463 2832 ν,
482 2800 508 2828 6.
546 2801 568 2817 ”
580 2800 663 2829 Eccli.
679 2808 721 2835 ιιι,
739 2800 785 2827 22.
824 2799 849 2817 ⁸⁸
865 2801 874 2827 1
890 2799 954 2828 Cor.
973 2807 1017 2834 xv,
1032 2800 1076 2827 50.

251 2837 274 2852 ’³
287 2837 358 2864 νςιιι.
379 2844 471 2870 cxun,
490 2836 517 2863 4.

1126 2500 1184 2527 Οὐκ
1199 2499 1311 2531 ἀκούεις
1327 2500 1353 2526 τι
1367 2499 1441 2533 λέγει
1454 2499 1494 2535 τῷ
1511 2500 1650 2536 Ἱερεμίας
1663 2500 1759 2534 Κάθες
1771 2503 1894 2536 αὐτοὺς

1089 2548 1134 2580 εις
1147 2546 1180 2573 τὸ
1195 2547 1399 2581 κων-θυτήριον
1408 2555 1415 2562 ’
1431 2547 1482 2574 καὶ
1498 2547 1613 2581 σκέψαι
1625 2548 1653 2574 ει
1666 2546 1804 2582 δοκίμιόν
1818 2548 1896 2576 ἐστι

1089 2591 1187 2625 καθὼς
1198 2592 1255 2627 ἐγὼ
1271 2591 1476 2627 ἐδοκιμάσθην
1486 2593 1563 2626 ὑπὲρ
1576 2592 1687 2620 αὐτῶν.
1710 2594 1896 2630 Ἐνέγκωμεν

1089 2639 1140 2672 ἔτι,
1153 2635 1176 2665 ὧ
1186 2639 1307 2672 γενναῖοι
1321 2638 1487 2673 στρατιῶται
1496 2639 1628 2674 Χριστοῦ.
1638 2641 1674 2666 ΑΙ
1687 2640 1796 2674 ἡμέραι
1814 2642 1896 2668 ὡσεὶ

1089 2685 1171 2711 σκιαὶ
1186 2684 1372 2719 παράγουσι·
1387 2685 1439 2712 κᾶν
1454 2686 1478 2712 οι
1496 2685 1640 2718 διώκοντες
1650 2687 1795 2721 ἐπιμένειν
1810 2689 1896 2715 οἵων-

1087 2739 1144 2757 ται.
1159 2731 1194 2757 El
1210 2730 1262 2765 ἐμὲ
1276 2730 1404 2763 ἐδίωξαν
1414 2751 1422 2764 ,
1441 2732 1520 2767 φησὶ,
1542 2732 1591 2759 και
1606 2731 1685 2767 ὑμᾶς
1701 2732 1876 2764 διώξουσιν·
1886 2749 1893 2756 ο

1115 2801 1137 2816 ’³
1148 2799 1205 2828 Jac.
1224 2807 1249 2832 v,
1264 2800 1307 2827 Η.
1345 2799 1368 2815 ⁹⁶
1379 2798 1431 2828 Job
1446 2807 1544 2833 xxxtn,
1559 2800 1604 2828 32.
1642 2801 1665 2817 "
1679 2799 1765 2828 Zach.
1785 2810 1826 2833 xi,
1844 2802 1892 2828 15.
