1923 3078
49 132 59 163 1
66 131 118 162 ΞΞΩ

648 129 921 160 EPIS'I‘OLARUM
951 129 1025 159 LIB.
1045 130 1083 159 II.

1617 127 1685 158 1230

44 190 72 216 εἰ
93 189 148 215 τίν
165 189 260 223 λόγον
280 195 340 221 μου
368 187 534 221 ἐτήρησαν,
549 187 598 213 καὶ
620 187 674 213 τὸν
698 187 843 222 ὑμέτερον

902 195 997 214 nonem
1021 196 1107 214 meum
1133 191 1320 218 servaverunt,
1344 191 1369 212 et
1395 190 1508 213 vestrum
1532 185 1685 213 servabunt.

44 235 250 269 τηρήσουσιν
258 233 353 261 Ἀλλὰ
360 232 454 260 ταῦτα
464 233 562 260 πάντα
573 233 759 267 ποιήσουσιν
771 233 843 268 ὑμῖν

44 281 96 309 διὰ
111 280 145 307 τὸ
161 279 255 315 ὄνομά
268 288 344 315 μου’
363 280 409 306 ὅτι
420 280 476 307 οὐκ
494 280 597 306 citium.
612 280 666 306 τὸν
680 279 843 315 πέμψαντά

43 336 93 362 με.
113 327 173 353 Ἐπ’
185 326 315 361 ἀληθείας
331 326 386 361 γὰρ
399 326 450 352 οὐκ
458 326 572 358 οἷοασιν,
589 326 631 353 ὅτι
651 326 683 352 '0
697 326 771 359 Θεὸς
792 326 842 352 καὶ

47 374 152 408 Πατὴρ
174 373 291 408 ἔπεμψε
315 373 370 399 τὸν
401 372 471 400 Υίὸν
494 372 588 399 αὑτοῦ
615 372 669 400 τὸν
691 371 844 407 μονογενῆ

46 420 215 454 γενόμενον
231 419 266 446 ὲκ
287 418 442 454 γυναικὸς,
460 419 625 453 γενόμενον
646 418 708 445 ὑπὸ
729 419 825 453 νόμον
836 427 843 434 ·

47 468 100 493 ἵνα
111 465 184 498 τοὺς
195 465 255 493 ὑπὸ
271 465 366 500 νόμον
377 465 558 500 ἐξαγοράσῃ·
578 466 621 491 ἵνα
635 465 685 498 τὴν
716 465 846 499 οἰκουμέ-

46 520 98 548 νην
108 512 149 548 τῷ
161 512 219 547 ἰδίῳ
230 512 318 547 Πατρὶ
333 504 553 547 κατακτὴσητίαι.
566 511 602 538 Ἥ
620 512 676 547 γὰρ
691 512 724 539 ἂν
744 511 795 538 οὐκ
812 511 845 538 ἂν

46 558 183 594 ἠρνοῦντο
197 558 278 584 αὑτὸν
297 557 509 594 ἐγγράφεσθαι·
526 558 616 589 οὐδεὶς
628 557 684 593 γὰρ
699 559 731 584 ἐκ
747 566 845 592 γυναι-

47 604 98 636 κὸς
126 603 317 639 γεννώμενος,
352 604 555 635 ἁνεικόνιστος,
584 603 609 630 εἰ
642 603 704 639 μηδ’
732 603 765 630 ἂν
791 601 847 630 εἷεν

48 650 193 685 ἕκτρωμα.
213 649 291 676 Οὕτω
305 647 461 684 τοιγαροῦν,
480 649 608 683 ἀδελφοὶ,
631 647 847 684 καταρτίζωμεν

48 696 176 727 ἑαυτούς.
197 695 255 722 Καὶ
269 695 341 722 οὕτω
363 695 601 731 παρακαλούμεθα
619 696 676 726 τοῖς
691 695 783 729 λόγοις
799 694 846 722 τοῦ

48 742 177 777 Σωτῆρος
203 741 281 776 ἡμῶν
315 741 403 776 Ἰησοῦ
427 740 547 776 Χριστοῦ
557 749 564 757 ·
592 741 775 776 ἀναμένοντες
797 741 848 776 τὴν

49 787 240 814 ἁπαπόόοτιν.
263 786 333 813 Ἀλλ’
350 785 440 813 οἴδατε
456 783 512 818 οἷος
525 787 539 813 ὁ
555 786 693 818 Λεόντιος”
709 786 848 822 εὐνούχων

49 833 141 867 γένος,
158 832 188 859 οὐ
206 833 286 867 μόνον
305 832 415 868 ἄτιμον,
432 833 470 864 ὥς
486 841 529 864 τις
545 833 600 859 τῶν
615 831 753 868 θεοφόρων
771 833 847 868 εἴρη-

50 864 110 910 κεν,
124 864 193 904 ὰ).λά
206 864 255 904 καὶ
270 864 491 914 ἀρνηαίχριστον·
507 878 555 905 καὶ
566 877 621 905 οὐδ’
635 864 723 910 οὕτως
744 864 847 910 ἀρκοιέ-
861 864 886 894 Β

52 934 147 960 μενον,
175 925 243 951 ἀλλὰ
272 926 319 951 καὶ
345 925 449 960 ἀγρίως
478 925 688 961 τιμωρούμενον
716 925 847 960 ἀδελφοὺς

51 970 144 1006 ἡμῶν.
164 971 193 997 '0
210 971 275 1006 πρὶν
294 970 429 1007 μαθητὴς,
447 971 495 998 νῦν
511 972 633 1009 ἀρνητὴς
655 973 817 1006 Ἰουδαῖξων-
833 974 848 1000 ὁ

51 1018 82 1043 ὲν
103 1016 230 1051 ἀδελφοῖς
246 1016 432 1052 ὑπερέχουσι,
456 1017 528 1044 κατὰ
553 1019 609 1045 τῶν
631 1019 755 1054 ἀδελφῶν
777 1019 848 1054 ὑπὲρ

52 1064 179 1094 ἅπαντας
191 1063 252 1094 τοὺς
267 1063 439 1095 δικάζοντας·
454 1064 468 1090 ὁ
485 1063 523 1099 μὴ
535 1063 623 1099 λέγων
635 1065 731 1098 ἁπλῶς
742 1065 846 1098 εἰκόνα,

52 1107 123 1134 ἀλλὰ
140 1107 221 1141 ἁγίαν
236 1107 340 1141 εἰκόνα,
357 1108 476 1144 Χριστοῦ
492 1109 585 1144 τυχὸν,
601 1109 653 1145 τῆς
667 1109 814 1143 Θεοτόκου,
829 1111 847 1147 ἢ

50 1152 178 1179 twova
191 1151 247 1179 τῶν
261 1152 357 1187 ἁγίων·
375 1153 438 1189 ἄρτι
453 1153 513 1180 ἐστὶ
529 1153 628 1188 καίων,
642 1155 795 1191 καθαιρῶν,
811 1156 849 1187 ὼς

52 1197 107 1232 θὴρ
123 1197 288 1233 μαινόμενος
316 1198 498 1234 βλασφημῶν.
526 1198 572 1232 Ἐξ
587 1195 618 1226 οὗ
644 1200 692 1227 καὶ
718 1200 758 1236 τῷ
781 1210 851 1236 κρα-

51 1243 146 1270 τοῦντι
161 1243 341 1278 φιλούμενος,
358 1244 406 1270 καὶ
425 1244 481 1271 τῶν
497 1245 690 1282 μοναστηρίων
703 1246 782 1282 ἡμῶν
798 1246 851 1282 ἆρ-

52 1298 120 1324 χων,
135 1290 184 1315 καὶ
196 1289 285 1316 πάντα
299 1290 428 1324 πράττων
442 1290 457 1316 ὁ
467 1290 551 1323 τάλας
566 1291 607 1323 εἰς
620 1291 741 1327 Χριστοῦ
758 1291 849 1327 ὕὸριν.

59 1336 132 1363 Ἀλλ’
149 1336 211 1363 οὐαί
230 1337 291 1372 μοιι
307 1337 364 1372 ὲμὰ
386 1336 442 1373 γὰρ
457 1338 493 1364 τὰ
518 1338 624 1365 ἐκείνου
642 1339 849 1375 κωμῳδήματα.

53 1383 154 1418 Ὅμως
169 1383 213 1409 ὅτι
235 1381 275 1417 τῷ
299 1382 373 1409 κατὰ
401 1383 492 1418 σάρκα.
516 1383 634 1419 φύσαντι
657 1384 763 1420 ὅμοιος·
788 1384 852 1412 ἐπεὶ

53 1431 185 1463 κάκεῖνος
199 1431 229 1458 ἐν
243 1432 299 1462 τοῖς
313 1431 399 1458 πάλαι
416 1432 524 1466 καιροῖς
541 1433 697 1468 ἀκροθίνιον
710 1433 850 1467 ἀσεῦείας,

52 1477 154 1512 ὥσπερ
167 1477 215 1504 καὶ
229 1477 276 1504 τοῦ
300 1478 423 1514 Ἑρμίου.
438 1480 541 1515 ’Δμφω
555 1480 611 1516 γὰρ
627 1480 788 1516 δαιμονῶσι·
804 1481 852 1508 καὶ

52 1524 85 1549 οὺ
109 1523 187 1558 μίγει
205 1523 220 1549 ὀ
238 1523 306 1555 Θεὸς
322 1524 445 1561 κορώνην
465 1526 514 1552 καὶ
532 1527 710 1562 περιστεράν-
726 1527 794 1554 ἀλλὰ
816 1527 852 1555 τὰ

51 1570 137 1604 ὅμοια
149 1570 206 1602 τοῖς
222 1570 336 1606 ὁμοίοις.
356 1572 470 1598 Ἐκεῖνοι
486 1572 535 1607 μὲν
546 1572 644 1605 οὕτως.
656 1573 712 1600 Καὶ
726 1573 786 1609 δοίη
802 1574 849 1601 αὺ-

52 1617 111 1647 τοῖς
129 1615 235 1651 Κύριος
253 1617 403 1651 ἐπίγνωσιν
416 1618 557 1654 ἀληθείας,
574 1618 782 1655 ἐζωγρημένοις
797 1619 851 1646 ὐπὸ

52 1662 101 1688 τοῦ
115 1662 241 1690 διαϐόλου
253 1664 294 1695 εἰς
302 1664 333 1690 τὸ
343 1663 449 1690 ἐκείνου
463 1664 580 1700 θέλημα.
597 1665 686 1700 ’Υμᾶς
696 1665 723 1692 δὲ
733 1666 850 1701 Χριστὸς

53 1710 103 1736 σὺν
113 1706 157 1740 οἷς
172 1710 186 1735 ὁ
201 1709 359 1745 ἀποστάτης
370 1710 492 1744 κολάζει,
507 1711 656 1747 στηρίξειε,
668 1712 849 1747 δυναμώσειε,

53 1754 227 1790 κρατύνοιεν,
253 1756 415 1791 ὑπενεγκεῖν
436 1757 476 1784 ἔτι
488 1777 496 1789 ,
518 1758 686 1791 πεινῶντας,
703 1758 850 1793 διψῶντας,

51 1801 279 1836 γυμνητεύοντας
291 1821 299 1834 ,
317 1802 550 1838 κολαφιζομένους
561 1824 569 1837 ,
586 1804 782 1837 ἀστατοῦντας,
803 1813 851 1832 κο-

53 1848 189 1880 πιῶντας,
200 1848 432 1884 λοιδορουμένους,
447 1850 632 1885 διωκομένους
643 1872 651 1884 ,
671 1850 850 1887 βλασφημου-

52 1894 173 1928 μένους,
205 1894 246 1927 ὡς
268 1895 509 1930 περικαθάρματα
532 1896 622 1929 ὄντας
643 1897 697 1924 τοῦ
721 1898 849 1932 κόσμου,

51 1939 179 1966 πάντων
200 1940 372 1975 περίψημα,
388 1940 459 1967 κατὰ
476 1941 583 1969 Παῦλον
596 1942 644 1969 τὸν
659 1943 764 1978 μέγαν,
791 1944 850 1979 μεθ’

51 1984 85 2014 οὗ
103 1985 162 2013 εἷεν
178 1987 227 2014 καὶ
242 1988 259 2022 ἡ
285 1989 364 2024 μερὶς
381 1988 471 2023 ὑμῶν.
496 1988 632 2023 ’Λδελφοί,
663 1990 850 2025 προσεύχεσθε

52 2033 121 2068 περὶ
135 2032 217 2068 ἡμῶν
229 2034 285 2060 τῶν
299 2034 488 2070 ἁμαρτωλῶν,
504 2035 548 2062 ἵνα
570 2035 738 2070 σωζοίμεθα·
759 2036 851 2068 ἀξιού-

53 2088 134 2113 μενοι
149 2079 261 2106 πάντων
274 2079 329 2106 τῶν
341 2081 527 2116 ἐνισταμένων
542 2081 589 2108 τοῦ
603 2082 719 2116 ἐσχάτου
733 2082 849 2117 βαθμοῦ.

58 2125 231 2157 ’Δσπάζεται
249 2125 323 2161 ὑμᾶς
338 2127 353 2153 ὸ
371 2127 420 2153 σὺν
435 2127 497 2162 ἐμοὶ
510 2127 626 2162 ἁδελφὸς
645 2128 791 2160 Νικόλαος.
822 2130 852 2156 Ἠ

51 2170 144 2205 χάρις
158 2170 213 2197 τοῦ
226 2172 300 2199 Θεοῦ
308 2173 385 2206 μετὰ
394 2172 517 2199 πάντων
530 2173 625 2208 ὑμῶν.
644 2173 748 2209 Ἀμήν.

896 233 948 261 Sed
971 234 1026 261 Ita'c
1048 236 1137 261 omnia
1152 234 1249 268 facient
1265 233 1336 260 vobis
1351 237 1456 267 propter
1469 240 1562 258 nomen
1579 240 1665 258 meum
1679 238 1689 256 :

894 281 958 315 quia
968 280 1085 307 nesciunt
1094 288 1153 307 eum
1166 280 1211 314 qui
1220 279 1291 306 misit
1307 279 1387 306 me”.
1398 278 1468 306 Vere
1477 278 1549 305 enim
1562 277 1690 312 ignorant

894 326 968 361 qttod
985 326 1056 353 Deus
1071 331 1098 353 et
1119 326 1200 354 Pater
1214 325 1286 352 misit
1308 323 1401 351 Filum
1424 331 1503 350 suum
1523 323 1689 358 unigenitum

895 373 998 407 factum
1018 380 1050 400 ea:
1066 371 1185 403 muliere,
1202 370 1302 406 factum
1323 369 1371 396 sub
1389 369 1454 404 lege,
1472 373 1502 395 ut
1519 377 1562 396 eos
1578 370 1623 404 qui
1641 368 1689 395 sub

895 420 952 455 lege
966 423 1044 447 erant
1059 418 1200 445 redimeret
1212 418 1233 450 ¹,
1249 421 1277 444 et
1291 415 1366 444 Patri
1384 423 1434 443 suo
1446 415 1581 442 mundum
1597 413 1690 448 acqui-

896 470 981 493 reret.
996 464 1056 493 Nisi
1070 465 1142 493 enim
1163 464 1333 499 ignorarent,
1351 462 1428 490 illum
1442 461 1516 496 pingi
1535 468 1590 488 non
1603 467 1689 495 nega-

896 517 958 540 rent
972 520 980 539 :
997 518 1078 539 nemo
1091 511 1193 546 quippe
1208 510 1254 544 qui
1276 518 1309 537 ex
1326 509 1441 536 muliere
1461 513 1543 535 natus
1565 507 1612 540 sil,
1627 506 1690 534 talis

896 563 940 586 est
966 562 997 585 ιιι
1023 557 1140 593 exprimi
1171 565 1226 584 non
1256 555 1343 591 possit
1368 565 1374 583 :
1402 554 1505 590 alioqui
1534 554 1689 581 abortivutn

897 603 1028 639 quiddam
1043 607 1126 630 esset.
1144 602 1191 630 Sic
1205 602 1308 636 itaque,
1323 601 1433 634 fratres,
1447 599 1625 636 perﬁciamus
1640 606 1691 626 nos

898 651 975 686 ipsos
990 660 997 678 :
1014 651 1056 678 sic
1069 650 1290 678 consolationem
1305 648 1439 676 habemus
1454 647 1481 675 in
1494 647 1587 676 verbis
1600 647 1692 675 Salva—

898 697 966 725 toris
985 697 1072 724 nostri
1096 695 1161 724 Iesu
1183 696 1300 726 Christi,
1316 700 1509 730 exspectantes
1530 702 1691 722 renumera-

898 743 1012 770 tionem.
1032 742 1085 770 Sed
1109 742 1197 770 nostis
1214 742 1305 777 qualis
1321 742 1357 769 sit
1373 741 1506 769 Leontius
1525 750 1532 768 :
1548 741 1692 769 cunucho-

899 797 960 817 rum
973 796 1072 824 genus,
1088 796 1144 816 non
1160 789 1249 816 solum
1271 788 1430 823 inglorium,
1451 792 1482 816 ιιι
1498 787 1609 823 quidam
1626 795 1691 816 san-

900 841 1009 863 ctorum
1023 835 1102 868 dixit,
1116 835 1163 863 sed
1182 840 1209 862 et
1223 834 1364 862 Christum
1381 842 1500 869 negans;
1522 841 1612 869 neque
1625 834 1694 861 adeo

900 881 943 909 his
961 881 1061 908 ﬁnibus
1076 888 1106 908 se
1125 880 1281 912 continens,
1302 887 1396 907 verum
1414 879 1512 907 acerbe
1532 885 1560 906 et
1575 878 1694 905 crudeli-

901 932 943 955 ter
957 926 1057 954 fratres
1071 930 1181 954 nostros
1194 926 1369 954 excrucians.
1383 925 1436 959 Qui
1452 930 1516 952 ante
1529 925 1693 960 discipulus,

900 980 974 1001 nunc
987 976 1103 1007 negator
1117 972 1264 1007 judaizans
1282 981 1289 999 :
1306 971 1354 1006 qui
1369 971 1441 999 inter
1457 971 1556 998 fratres
1569 971 1694 998 eminen-

899 1019 995 1051 tiores,
1017 1025 1092 1045 nunc
1111 1023 1206 1045 contra
1226 1017 1324 1044 fratres
1345 1025 1428 1052 supra
1444 1017 1552 1051 iudices
1572 1024 1670 1044 omnes
1687 1025 1693 1043 :

899 1066 947 1101 qui
963 1073 1015 1093 non
1029 1065 1191 1100 simpliciter
1205 1065 1352 1100 imaginem
1366 1064 1488 1097 dicebat,
1505 1064 1553 1092 sed
1569 1068 1693 1092 sanctam

901 1113 1063 1147 imaginem,
1081 1112 1139 1140 sive
1153 1112 1267 1145 Christi,
1287 1112 1344 1139 IiVe
1359 1111 1483 1146 Deipara:
1498 1114 1526 1138 et
1547 1110 1696 1145 cujuslibet

901 1164 1077 1193 sanctorum;
1100 1166 1174 1186 nunc
1184 1165 1231 1186 eas
1245 1158 1376 1190 incendit,
1391 1161 1418 1185 et
1434 1157 1536 1191 abolet,
1552 1157 1695 1185 insanien-

900 1206 938 1235 tis
963 1207 1052 1234 instar
1069 1205 1135 1233 fera:
1159 1205 1367 1241 blasphemans.
1384 1204 1461 1233 Unde
1484 1209 1511 1232 et
1536 1204 1694 1240 imperatori

902 1253 1003 1281 charus
1029 1252 1117 1280 factus
1137 1257 1190 1284 est,
1208 1255 1236 1279 et
1258 1251 1434 1278 monasteriis
1457 1251 1562 1278 nostris
1579 1250 1694 1286 potitur,

901 1303 930 1327 et
946 1299 1038 1326 omnia
1055 1298 1141 1326 miser
1155 1297 1223 1325 facit
1243 1297 1270 1325 in
1293 1297 1488 1325 contumeliam
1504 1297 1619 1324 Christi.
1642 1296 1696 1323 Sed

903 1346 955 1374 heu
980 1346 1041 1373 mel
1070 1352 1132 1372 mea
1156 1344 1229 1372 enim
1255 1344 1313 1372 haec
1334 1344 1394 1379 ejus
1418 1343 1549 1371 ludibria.
1567 1344 1695 1371 Attamen

903 1392 1002 1421 similis
1019 1391 1058 1419 illi
1073 1395 1126 1424 est,
1139 1391 1185 1426 qui
1203 1391 1298 1426 genuit
1313 1390 1464 1418 secundum
1480 1398 1591 1418 carnem
1608 1399 1615 1416 :
1632 1397 1695 1416 nam

902 1444 930 1466 et
952 1439 998 1466 ille
1022 1439 1088 1466 olim
1113 1438 1244 1473 primitiae
1272 1437 1363 1465 fuerat
1380 1437 1542 1472 impietatis,
1569 1436 1641 1464 sicut
1670 1442 1698 1462 et.

903 1485 1020 1513 Hermia:
1033 1493 1041 1512 :
1057 1485 1141 1512 ambo
1154 1485 1227 1512 enim
1242 1484 1366 1512 furentes
1377 1489 1497 1519 aguntur
1511 1492 1518 1511 :
1534 1490 1585 1510 nec
1600 1483 1698 1510 miscet

904 1531 977 1560 Deus
1001 1532 1140 1559 cornicem
1165 1531 1313 1565 columbae,
1341 1530 1389 1559 sed
1411 1530 1513 1558 similia
1544 1529 1695 1557 similibus.

904 1578 977 1613 Ergo
991 1578 1031 1605 illi
1046 1577 1080 1605 ad
1098 1578 1172 1605 ltunc
1192 1577 1316 1605 modum.
1329 1576 1379 1604 Det
1393 1577 1447 1604 illis
1462 1575 1594 1603 Dominus
1611 1583 1698 1611 agno-

904 1632 982 1652 scere
1004 1624 1161 1657 veritatem,
1189 1631 1259 1658 quos
1282 1627 1377 1659 captos
1402 1623 1528 1650 diabolus
1552 1626 1626 1650 tenet
1649 1630 1698 1656 pro

903 1677 954 1697 sua
979 1669 1128 1697 voluntate.
1158 1668 1215 1696 Vos
1235 1675 1301 1696 vero
1322 1668 1451 1696 Christus
1473 1675 1535 1695 cum
1561 1668 1606 1701 iis,
1626 1674 1697 1702 quos

903 1720 987 1744 vexat
1008 1721 1146 1752 apostata,
1168 1715 1326 1748 conﬁrmet,
1350 1716 1478 1749 viresque
1492 1722 1526 1742 ac
1547 1715 1634 1742 robur
1648 1714 1698 1741 tri-

903 1763 981 1796 buat,
1003 1767 1035 1790 ut
1057 1763 1195 1791 sustinere
1214 1762 1305 1789 adhuc
1329 1761 1452 1797 possitis,
1479 1760 1644 1792 esurientes,
1660 1759 1698 1786 si-

904 1809 1014 1841 tientes,
1029 1808 1107 1841 nudi,
1123 1807 1338 1843 colaphis/caesi.
1354 1806 1510 1838 instabiles,
1527 1805 1696 1837 laborantes,

905 1855 1049 1882 maledicta
1082 1859 1111 1882 et
1133 1854 1353 1890 persecutionem
1391 1853 1543 1888 patientes.
1567 1852 1696 1887 blasphe—

906 1902 982 1934 tnati,
1008 1906 1135 1936 tanquam
1150 1906 1325 1936 purgamenta
1348 1900 1428 1935 hujus
1450 1899 1554 1929 mundi,
1580 1899 1699 1925 omnium

904 1948 1094 1982 peripsema',
1123 1951 1154 1975 ut
1185 1947 1287 1975 Paulus
1322 1954 1438 1981 magnus
1459 1955 1465 1974 :
1483 1952 1602 1980 quocum
1634 1952 1698 1978 pars

906 1998 996 2021 vestra
1012 1994 1058 2021 sit.
1073 1993 1196 2024 Fratres.
1212 1998 1290 2021 orate
1303 2000 1351 2027 pro
1370 1991 1450 2019 nobis
1462 1991 1654 2026 peccatoribus
1669 1995 1700 2017 ut

906 2040 1055 2072 salvemur,
1072 2039 1146 2074 digiti
1172 2039 1256 2066 habiti
1275 2038 1397 2065 omnium
1412 2037 1459 2072 qui
1474 2037 1637 2064 restiterunt
1655 2036 1699 2063 in-

906 2086 971 2113 fimo
991 2086 1088 2120 gradu.
1106 2085 1213 2112 Salutat
1228 2092 1278 2112 vos
1298 2084 1345 2118 qui
1361 2091 1468 2111 tnecum
1490 2088 1534 2111 est
1551 2083 1637 2110 frater
1648 2083 1698 2110 Ni-

906 2133 1012 2160 colaus.
1041 2131 1137 2159 Gratia
1155 2132 1203 2158 Dei
1219 2140 1278 2158 cum
1291 2130 1413 2158 omnibus
1425 2130 1508 2157 vobis.
1527 2130 1612 2157 Amen
1622 2129 1644 2156 '.

50 2226 162 2266 ᾸΠἏ-
170 2239 332 2278 Θεόδωρος*
345 2242 412 2278 ταῖς
437 2242 596 2278 πανταχοῦ
616 2242 848 2278 διεσπαρμέναις

906 2243 1050 2272 XXXVIII.
1066 2243 1268 2271 -ΤΙιεοιίοι-ιιε
1293 2244 1389 2278 ubique
1417 2242 1545 2278 dispersis
1569 2242 1696 2278 fraterni-

295 2275 515 2311 ἀδελφότιησιν.
535 2275 623 2314 [stat]

1243 2279 1352 2306 tatibus.

411 2334 577 2360 Catecbetica.
589 2335 609 2360 Ε
622 2342 722 2361 carcere
734 2343 792 2361 suos
805 2336 957 2360 adhortatur.
970 2334 1072 2366 (Baron.
1085 2341 1124 2358 an.
1137 2334 1192 2364 819,
1205 2341 1229 2359 n.
1245 2334 1295 2364 18.)

87 2384 231 2418 Χαίρετε,
249 2385 410 2420 ἐπιπόθητοι
436 2395 487 2421 μου
509 2387 621 2421 ἀδελφοὶ
640 2388 686 2414 καὶ
706 2388 848 2423 Πατέρες,

49 2433 94 2458 ὅτι
121 2431 213 2466 χαρᾶς
235 2431 393 2465 εὐαγγέλια.
417 2433 502 2460 Πάλιν
518 2433 677 2469 ἠξιώθημεν
698 2435 723 2460 οἰ
744 2434 850 2466 ἀνάξιοι

49 2476 226 2512 ὁμολογῆσαι
246 2477 296 2512 τὴν
315 2478 402 2513 καλὴν
416 2479 575 2514 ὁμολογίαψ
592 2480 673 2506 πάλιν
695 2480 850 2516 ᾐκίσθημεν

50 2524 125 2558 ὑπὲρ
141 2522 190 2550 τοῦ
212 2523 344 2558 ὀνόματος
362 2525 409 2552 τοῦ
430 2526 533 2561 Κυρίου
548 2527 708 2562 ἀμφότεροι.
722 2526 777 2553 Καὶ
795 2527 849 2562 γὰρ

50 2570 100 2596 καὶ
113 2571 128 2596 ὁ
141 2569 257 2604 ἁδελφδς
266 2570 401 2603 Νικόλαος
409 2571 540 2607 ὲνήθλησε
551 2572 685 2600 κάλλιστα
695 2573 741 2599 καὶ
758 2573 850 2599 πιστό-

49 2625 135 2644 τατα.
154 2615 274 2652 Εἰδομεν
297 2617 330 2644 ὲκ
348 2618 458 2654 σαρκῶν
474 2619 555 2654 ἡμῶν
571 2619 724 2655 κενούμενα
738 2619 777 2656 [ι.
790 2620 850 2655 χεό-

52 2661 138 2698 μενα]
154 2662 204 2688 ἐπὶ
218 2662 270 2697 γῆς
286 2662 391 2698 αἵματα
407 2664 433 2690 οἰ
450 2664 585 2691 ταπεινοί·
604 2665 776 2700 ἐθεασάμεθα
791 2664 849 2700 μώ-

49 2707 163 2740 λωπας,
181 2707 295 2743 ἰχῶρας,
312 2709 346 2735 τὰ
361 2710 466 2738 τούτοις
483 2710 630 2737 ἀκόλουθα.
648 2711 685 2737 Οὐ
700 2710 786 2738 ταῦτα
801 2719 852 2746 χα-

49 2754 105 2788 pi;
116 2762 124 2786 ;
139 2753 172 2779 οὐ
184 2752 272 2779 ταῦτα
287 2753 476 2787 ἀγαλλιάσεως
486 2754 607 2791 ψυχικῆς
619 2764 626 2788 ;
645 2755 726 2783 Ἀλλὰ
736 2756 778 2787 τίς
792 2757 849 2791 εἰμι

940 2386 1084 2417 Gaudete.
1105 2386 1215 2414 Fratres
1244 2386 1298 2413 mei
1322 2394 1355 2414 ac
1379 2386 1473 2415 Patres
1502 2387 1696 2420 desiderandi,

904 2434 1036 2468 quoniam
1060 2432 1152 2467 gaudii
1168 2432 1270 2460 adsunt
1285 2433 1394 2460 nuntia.
1412 2433 1491 2469 Digni
1515 2441 1627 2462 rursum
1649 2434 1698 2461 Ita—

905 2479 955 2507 biti
980 2479 1096 2512 fuimus,
1121 2478 1237 2513 indigni,
1258 2479 1305 2514 qui
1326 2479 1472 2514 pulchram
1494 2479 1698 2507 confessionem

903 2526 1109 2553 confiteremur.
1132 2525 1252 2554 Rursum
1272 2526 1360 2562 plagis
1380 2526 1468 2555 allecti
1489 2527 1571 2554 ambo
1594 2526 1699 2554 fuimus

905 2579 955 2607 pro
976 2572 1087 2600 nomine
1109 2572 1230 2602 Domini.
1262 2574 1370 2602 Etenim
1401 2579 1428 2601 et
1452 2573 1536 2600 frater
1568 2573 1698 2600 Nicolaus

905 2617 1092 2652 pulcherrime
1112 2624 1140 2646 et
1153 2618 1312 2647 fidelissitne
1326 2619 1488 2647 decertavit.
1505 2619 1629 2646 Vidimus
1646 2619 1698 2645 hu-

905 2664 983 2691 tniles
1004 2672 1036 2692 ex
1051 2665 1183 2693 carnibus
1198 2666 1302 2694 nostris
1317 2666 1446 2694 fluentem
1462 2667 1490 2694 in
1511 2672 1613 2694 terram
1630 2674 1697 2693 san-

907 2709 1017 2744 guinem
1034 2718 1040 2736 :
1057 2711 1255 2747 conspeximus
1271 2711 1384 2744 vibices,
1399 2711 1515 2745 saniem,
1536 2715 1564 2739 et
1576 2718 1637 2746 qum
1651 2710 1696 2738 bis

904 2755 1045 2790 adjuncta.
1072 2756 1173 2785 Annon
1202 2758 1260 2786 haec
1287 2759 1379 2794 gaudii
1405 2759 1490 2787 sunt?
1520 2766 1612 2786 nonne
1638 2758 1697 2785 haec

89 2840 208 2870 "Joan.
225 2850 271 2875 xv,
288 2841 333 2874 20.
351 2842 396 2871 21.
437 2843 445 2859 ¹
459 2843 546 2872 Galat.
563 2851 600 2878 ιγ,
620 2843 642 2870 I.
685 2845 712 2872 Ἰ
730 2844 793 2872 Cor.
810 2852 846 2878 tv,

902 2866 907 2872 .
926 2846 935 2861 ³
948 2845 1002 2874 Tit.
1019 2854 1061 2880 ιιι,
1079 2846 1121 2874 IS.
