1923 3078
274 122 339 154 1231

270 181 463 208 cxsultationis
486 181 655 216 spiritualis?
667 182 720 210 Sed
737 183 800 217 quis
812 189 862 217 ego
873 190 932 210 sum
950 181 1053 212 infelix,

271 225 318 260 qui
335 226 475 253 vobiscum
490 227 579 261 dignis
592 227 693 254 Christi
709 227 916 255 confessoribus
930 227 1057 254 adnume-

270 278 324 302 rer.
338 273 460 301 omnium
476 273 618 299 hominum
632 273 842 302 inutilissimus?
852 274 940 301 Causa
953 278 1055 306 autem,

271 318 352 351 cujus
379 318 465 353 gratia
489 318 545 345 haec
560 319 744 354 contigerunt,
771 320 888 354 pristina
910 319 961 347 fuit
976 319 1056 347 Cate-

269 363 360 391 chesis
374 373 381 391 τ
395 371 456 398 qua:
474 371 536 391 cum
558 364 585 390 iu
611 373 710 393 manus
729 366 850 394 venisset
872 366 1055 400 imperatoris,

269 409 302 435 ad
319 409 478 444 magistrum
499 410 617 437 militum
634 419 693 438 eam
710 411 794 443 misit,
815 412 942 439 comitem
958 413 1057 441 cohor-

270 454 304 480 tis
332 455 365 481 ad
389 462 438 481 nos
457 455 552 482 venire
574 455 685 490 iubens.
709 455 762 489 Qui
789 464 852 484 cum
878 457 994 486 ducibus
1025 466 1057 486 ac

269 500 402 527 militibus
417 501 577 536 intempesta
598 506 678 529 nocte
694 502 851 536 adveniens,
863 508 890 531 et
903 504 1056 532 domuncu-

268 546 323 573 lam
343 546 369 573 in
381 554 435 580 qua
448 553 559 575 eramus
575 552 685 582 repente
703 548 832 576 obsidens
846 557 909 577 cum
925 550 1054 584 clamore,

270 592 352 619 veluti
370 591 455 619 feram
478 598 594 621 nactus:
612 594 750 628 objectum
769 600 876 630 septum
897 605 945 632 per
967 597 1055 626 fosso-

268 645 313 664 rcs
327 638 469 665 celerrime
490 639 620 674 perfregit
637 649 643 666 ε
659 640 759 668 deinde
775 641 899 676 protulit,
920 643 1053 676 excussit,

268 683 388 711 ostendit
413 683 595 712 Calechesim.
623 685 747 713 Confessi
780 694 877 714 sumus
908 695 959 716 nos
994 697 1054 716 eam

269 729 376 762 fecisse,
400 730 470 758 sicut
494 731 564 758 Deus
589 731 685 758 voluit.
710 731 743 758 Et
766 732 810 759 ille
836 733 945 767 quidem
969 742 1054 762 unum

269 776 321 802 hoc
334 776 451 810 petebat,
474 780 503 803 ut
517 777 550 803 ad
566 777 740 811 imperatoris
755 777 923 806 voluntatem
941 779 1054 807 descen-

267 822 405 849 deremus.
428 821 629 857 Respondimus
652 824 726 858 quod
746 825 848 852 veritas
872 826 1051 860 postulabat:

267 868 361 895 Absitl
377 868 460 896 Deum
479 874 604 896 nostrum
627 878 681 897 non
704 870 865 904 rejieimus;
882 877 909 899 et
921 872 975 900 alia
992 881 1053 908 qua

267 918 482 940 consentaneum
498 918 558 941 erat
575 915 751 949 respondere.
767 915 837 943 Tum
855 917 957 944 acriter
973 918 1008 945 ah
1019 926 1053 946 eo

267 959 405 987 verberati
419 967 526 987 sumus.
540 960 574 988 Et
592 961 675 988 frater
688 962 797 996 quidem
812 963 879 991 nihil
896 964 1052 999 hujusmodi

267 1010 329 1040 post
348 1005 465 1040 primam
475 1007 747 1041 comprehensionem
765 1013 792 1036 et
807 1009 1012 1044 inscriptionem
1025 1011 1051 1038 in

265 1051 398 1078 :erumnis
415 1059 514 1086 passus
534 1056 585 1079 est.
601 1052 658 1087 Ego
671 1060 735 1080 veto
753 1053 864 1082 humilis
879 1059 906 1082 et
928 1055 1053 1083 inﬁrmus

267 1096 389 1124 lebribus
403 1096 544 1124 immensis
557 1103 699 1131 correptus
718 1103 745 1125 et
761 1099 939 1126 intolerandis
951 1100 1054 1127 dolori-

265 1141 329 1172 bus.
355 1149 452 1176 parum
481 1142 568 1169 abfuit
590 1143 655 1177 quin
681 1143 736 1170 vita
765 1143 898 1178 privarer.
924 1145 1053 1172 Attamen

267 1186 357 1214 bonus
379 1185 451 1214 Deus
475 1188 577 1214 Sensim
607 1188 737 1216 misertus
762 1193 804 1215 est
825 1189 888 1221 mei,
909 1189 1053 1224 adjuvante

266 1232 352 1259 fratre
369 1233 396 1259 in
414 1233 514 1268 quibus
525 1233 617 1260 decuit
635 1243 640 1260 :
654 1234 705 1260 υιεὶ
719 1234 809 1261 adhuc
827 1239 956 1262 maneant
967 1236 1053 1271 plaga:

266 1277 300 1303 ad
318 1277 449 1311 integram
463 1278 607 1306 sanitatem
625 1278 745 1306 nondum
761 1279 907 1313 perducta‘.
922 1280 985 1309 Haec
1000 1282 1052 1318 igi-

268 1328 311 1350 tur
335 1324 375 1350 sic
395 1331 424 1351 se
446 1324 559 1356 habent,
581 1328 607 1351 et
622 1324 676 1352 vim
700 1325 763 1352 mali
780 1326 856 1354 vobis
879 1329 1004 1362 exposui,
1026 1329 1053 1356 id

266 1376 367 1403 cupere
390 1377 438 1396 vos
460 1369 551 1397 sciens
578 1371 611 1397 ad
634 1371 846 1399 condolendum.
868 1373 939 1406 Quid
962 1379 1052 1403 autem

266 1415 418 1449 posthaec?
433 1418 461 1442 et
483 1416 564 1443 minae
585 1416 735 1451 graviores,
756 1423 783 1445 et
799 1419 924 1446 custodia
939 1421 1051 1448 aretior.

265 1462 333 1490 Nam
351 1462 462 1490 verbera
486 1468 513 1491 et
534 1465 706 1498 custodibus,
729 1471 757 1494 et
771 1468 904 1496 custodiae
923 1469 1053 1504 praefecto

847 125 876 153 S.
897 122 1093 152 TIIEODORI
1113 122 1287 169 STUDlTE

1831 122 1890 156 1:232

1069 181 1093 209 Λ
1107 179 1186 214 ἑγὼὸ
1197 181 1293 213 τάλας,
1311 182 1360 207 σὺν
1375 181 1443 215 ὑμῖν
1454 181 1511 212 τοῖς
1526 181 1613 213 ἀξίοις
1629 181 1748 216 Χριστοῦ
1763 182 1890 218 ὁμολογη-

1107 227 1167 258 ταῖς
1183 226 1342 261 ὲνταγῆναι,
1354 227 1471 253 πάντων
1485 226 1639 261 ἀνθρώπων
1652 226 1689 254 ὥν
1706 228 1889 264 ἀχρειὸτερος;

1108 271 1145 298 Τὸ
1158 271 1186 298 δὲ
1199 272 1285 298 αττιον
1299 267 1329 298 οὗ
1341 272 1424 307 χάριν
1432 272 1464 298 τὺ
1475 272 1592 306 συμϐὰν,
1606 273 1622 306 ἡ
1635 272 1721 299 πάλαι
1734 274 1883 309 κατήχησις

1106 318 1141 353 ἢν
1163 318 1210 344 ἐπὶ
1229 319 1324 352 χεῖρας
1338 318 1486 354 δεξάμενος
1510 318 1525 344 6
1541 318 1663 354 κρατῶν,
1683 319 1814 354 πέπομφε
1831 321 1890 355 πρὸς

1106 363 1153 390 τὸν
1179 364 1403 400 στρατηγοῦντα,
1432 363 1637 399 παραγενέσθαι
1663 364 1890 398 ἐγκελευσάμενος

1107 409 1154 437 τὸν
1173 411 1224 445 τῆς
1255 410 1358 446 κόρτης
1385 409 1493 444 κόμητα
1514 409 1584 444 πρὸς
1605 411 1692 445 ἡμᾶς·
1717 410 1747 442 ὃς
1763 411 1891 446 ἐληλυθὼς

1108 456 1156 482 σὺν
1174 455 1290 491 ἄρχουσι
1306 455 1354 482 καὶ
1373 454 1555 490 στρατιώταις
1578 456 1607 481 ὲν
1624 455 1731 491 ἀωρίᾳ.
1755 458 1803 483 καὶ
1821 465 1890 491 περι-

1107 501 1248 535 στοιχίσας
1262 501 1292 527 τὸ
1308 500 1420 527 οἰκίδιον
1435 501 1464 527 ἐν
1478 496 1500 533 ᾦ
1514 498 1586 535 ἦμεν
1603 499 1709 536 ἁθρόως
1725 502 1796 536 μετὰ
1813 511 1891 537 κραυ-

1106 547 1169 582 γῆς.
1187 547 1225 578 ὡς
1246 547 1293 573 ὲπί
1308 555 1336 573 τι
1355 546 1508 582 θηράσιμον
1525 545 1644 582 εὕρεμα·
1665 547 1819 583 ὀρυκτῆρσι
1836 557 1891 575 κατ-

1106 592 1190 624 έαξαν
1213 591 1244 628 [ί.
1258 591 1411 628 κατέαξεν]
1436 591 1469 618 τὸ
1491 592 1663 627 ἁνάφραγμα
1686 586 1823 628 τάχιστα·
1838 593 1891 620 εἶτα

1106 637 1273 672 ἐξήνεγκεν,
1303 637 1463 673 ἀνέκρινεν,
1493 637 1618 670 ὑπέδειξε
1648 638 1698 674 τὴν
1731 640 1890 675 κατήχησιν.

1113 683 1336 719 Ὡμολογήσαμεν
1348 684 1429 719 ἡμεῖς
1439 684 1524 719 αὐτὴν
1536 685 1718 720 πεποιηκέναι
1731 706 1738 717 ,
1754 685 1794 717 ὡς
1807 687 1822 712 ὁ
1832 686 1892 718 Θεὸς

1105 728 1249 764 ἠθέλησεν.
1270 729 1300 755 '0
1321 730 1371 764 μὲν
1390 729 1420 756 ἓν
1439 730 1530 765 ἐζήτει
1549 730 1640 765 μόνον,
1659 729 1746 757 ὲλθεῑν
1761 731 1839 766 ἡμᾶς
1857 733 1892 763 είς

1104 774 1135 800 τὸ
1152 774 1200 801 τοῦ
1225 774 1358 810 βασιλέως
1384 775 1501 809 θέλημα.
1526 775 1648 811 Εἴπομεν
1664 776 1734 811 ὅπερ
1756 776 1859 812 ἀπῄτει
1877 778 1890 812 ἡ

1106 820 1230 855 ἀλήθεια.
1242 821 1287 857 Μὴ
1301 821 1423 855 γένοιτοῑ
1438 821 1489 848 οὐκ
1502 821 1654 856 ἀθετοῦμεν
1668 822 1714 848 τὸν
1725 822 1791 848 Θεὸν
1805 823 1890 857 ἡμῶν·

1068 856 1089 884 Β
1103 865 1154 892 ὅσα
1163 874 1193 892 τε
1205 866 1272 893 ἄλλα
1281 864 1316 902 ἦν
1329 866 1479 898 ἀκούοντας
1492 866 1756 902 ἀνταποκρίνασθαι.
1777 856 1893 894 Ἐνγτού-

1103 921 1159 943 τοις
1175 912 1261 946 ἑδειρε
1278 912 1398 948 βαρέως·
1416 913 1463 940 καὶ
1479 914 1493 939 ὁ
1514 913 1564 947 μὲν
1580 912 1695 947 ἀδελφὸς
1711 913 1788 939 οὐδὲν
1804 914 1892 940 τοιοῦ-

1102 967 1148 984 τον
1162 958 1232 993 μετὰ
1247 958 1296 993 τὴν
1313 958 1395 990 εὐθὺς
1410 957 1550 992 κάθειρξιν
1567 959 1614 984 καὶ
1627 959 1790 994 ἀναγραφὴν
1809 959 1891 986 δεινὸν

1103 1004 1132 1030 ὲν
1150 1005 1244 1035 πόνοις
1257 1002 1374 1038 ὑπέστη.
1396 1002 1468 1037 Ἐγὼ
1482 1003 1511 1029 δὲ
1529 1004 1543 1029 ὁ
1565 1002 1694 1034 ταπεινὸς
1714 1003 1762 1029 καὶ
1781 1002 1890 1038 σαθρὸς,

1103 1052 1232 1086 πυρετοῖς
1243 1050 1357 1086 λαύροις
1368 1050 1520 1085 συσχεθεὶς,
1532 1049 1580 1076 καὶ
1593 1050 1685 1081 πόνοις
1695 1049 1891 1081 δυσυποίστοις,

1105 1096 1206 1133 μικροῦ
1221 1097 1275 1123 δεῖν
1289 1096 1465 1132 ὲξηπορήθην
1480 1096 1586 1123 καὶτοῦ
1600 1095 1660 1131 ζῇν·
1676 1096 1751 1130 ὅμως
1764 1096 1778 1122 ὀ
1792 1096 1892 1129 ἀγαθὸς

1103 1143 1170 1175 Θεὸς
1185 1144 1255 1170 κατὰ
1267 1141 1364 1178 μικρδν
1376 1142 1461 1170 ἐλεῶν
1472 1142 1570 1177 ἠλέησε
1583 1151 1630 1176 με·
1644 1141 1892 1177 συνυπουργοῦντος

1103 1190 1210 1217 καὶτοῦ
1223 1189 1339 1223 ἀδελφοῦ
1354 1190 1382 1216 ἐν
1397 1190 1453 1221 τοῖς
1466 1189 1617 1223 καθήκουσι
1629 1197 1636 1203 ·
1652 1189 1705 1215 κᾶν
1721 1188 1762 1215 ἐτι
1779 1189 1809 1215 αἱ
1823 1189 1891 1223 πλη-

1103 1236 1151 1270 γαὶ
1177 1235 1330 1270 ἐπιμένωσι
1359 1235 1396 1270 μὴ
1418 1234 1550 1261 λαϐοῦσαι
1571 1234 1678 1261 τελείαν
1701 1234 1783 1260 ῐασιν.
1800 1233 1891 1260 Ταῦτα

1105 1282 1155 1316 μὲν
1167 1282 1198 1308 ὲν
1213 1281 1328 1312 τούτοις·
1346 1280 1393 1307 καὶ
1406 1279 1562 1315 ἑξηγόρησα
1577 1281 1642 1316 ὑμῖν
1655 1281 1687 1307 τὸ
1702 1280 1800 1312 πάθος·
1815 1280 1892 1310 εἰδὼς

1102 1328 1264 1362 ἐφιεμένους
1283 1326 1378 1362 μαθεῖν
1392 1327 1433 1358 εις
1452 1326 1626 1361 συνάλγησιν.
1640 1326 1662 1352 Τ
1665 1326 1673 1352 ί
1689 1324 1735 1353 οὖν
1750 1326 1848 1362 ἐπειδὴ
1861 1326 1893 1352 τὰ

1103 1374 1231 1406 τοιαῦτα;
1249 1373 1305 1400 Καὶ
1323 1373 1340 1408 ή
1359 1372 1459 1408 ἀπειλὴ
1482 1372 1636 1407 δεινοτέρα·
1655 1372 1704 1399 καὶ
1724 1373 1741 1407 ὴ
1757 1372 1893 1406 ἀσφάλεια

1103 1420 1297 1456 κραταιοτέρα.
1314 1420 1419 1454 Δαρμοὶ
1431 1419 1485 1453 γὰρ
1500 1418 1546 1445 καὶ
1557 1419 1603 1445 ἐπὶ
1616 1418 1680 1450 τοὺς
1691 1418 1830 1452 φύλακας,
1845 1419 1891 1446 καὶ

1103 1467 1150 1493 ἐπὶ
1163 1465 1208 1493 τὸν
1225 1464 1422 1500 παραφύλακα.
1443 1463 1497 1491 Τοῦ
1514 1464 1551 1500 μὴ
1574 1464 1673 1498 γρύξαι
1688 1464 1781 1499 ἡμᾶς,
1797 1465 1836 1500 μὴ
1853 1466 1891 1491 ὅτι

265 1509 417 1543 proposita.
435 1513 527 1536 utnec
545 1510 644 1538 mutire
661 1511 751 1545 nobis,
767 1513 866 1540 nedum
879 1514 960 1542 alicui
977 1516 1052 1542 scri-

1104 1521 1137 1547 γε
1149 1512 1196 1538 καὶ
1208 1511 1324 1547 γράφειν
1338 1511 1402 1538 τινί.
1421 1510 1630 1545 ’Υποπτήξομεν
1643 1508 1697 1545 ἆρα
1711 1509 1758 1536 καὶ
1773 1510 1893 1537 ἀποσιω-

266 1555 330 1581 bere
343 1554 432 1582 liceat.
450 1554 655 1583 Deterrebimur
669 1564 746 1592 ergo,
771 1562 798 1585 et
813 1559 967 1592 silebimus,
987 1562 1052 1588 obc-

265 1600 371 1628 dientes
391 1608 447 1635 pra:
470 1601 569 1628 timore
592 1601 750 1630 hominibus
774 1609 802 1631 et
827 1612 882 1632 non
906 1606 978 1633 Deo?
999 1605 1053 1634 Ne-

265 1657 403 1684 quaquam
428 1657 504 1677 saue.
531 1649 584 1677 Sed
608 1650 697 1679 donec
710 1651 824 1686 januam
847 1653 925 1680 nobis
948 1655 1053 1690 aperiat

266 1695 409 1727 Dominus,
427 1703 482 1722 non
501 1695 676 1729 desistemns,
691 1697 764 1732 quod
784 1698 811 1725 in
829 1699 909 1727 nobis
927 1705 979 1733 est,
993 1701 1052 1729 oili-

265 1742 338 1768 cium
360 1746 503 1776 praestare.
519 1742 731 1771 reformidantes
751 1751 783 1772 ac
800 1744 927 1774 timentes
945 1747 1052 1782 impen-

265 1788 333 1814 deus
349 1787 450 1814 silentii
465 1787 599 1822 judicium
618 1798 624 1815 :
642 1789 753 1822 Quodsi
772 1790 933 1818 subtraxerit
954 1800 991 1826 se,
1010 1793 1053 1821 in.-

265 1832 336 1866 quit,
353 1840 404 1859 non
417 1831 529 1867 placebit
543 1833 640 1860 anima:
655 1841 719 1860 mea:
728 1834 748 1860 δ.
765 1834 797 1861 Et
810 1842 920 1862 rursum
932 1837 1051 1872 Aposto-

265 1877 307 1904 lus
323 1886 330 1904 :
348 1877 405 1904 Νοε
426 1883 515 1905 autem
545 1886 596 1904 non
627 1887 718 1907 sumus
742 1880 928 1909 subtractionis
950 1883 1002 1918 filii
1025 1885 1052 1910 in

264 1924 458 1958 perditionem,
487 1923 532 1950 sed
552 1924 615 1958 ﬁdei
643 1925 670 1951 in
696 1927 894 1959 acquisitionent
922 1929 1050 1957 animae".

301 1969 377 1997 lianc
398 1969 433 1997 ob
461 1977 573 1998 causam
597 1971 654 1998 lucc
677 1972 793 2007 epistola
820 1981 879 2001 mea
902 1975 935 2002 ad
955 1983 1051 2004 omnes

264 2016 374 2050 quidem
393 2017 533 2052 dispersos
551 2017 663 2050 fratres,
680 2019 726 2053 qui
743 2021 944 2054 persecutionis
961 2023 1050 2050 tribu-

264 2063 392 2090 lationem
410 2071 481 2100 agre
499 2065 636 2092 sustinent
653 2074 660 2093 :
679 2067 814 2101 praecipue
832 2073 923 2096 autem
939 2069 973 2096 ad
990 2077 1049 2102 vos,

264 2109 438 2138 confessores
460 2110 575 2138 Christi.
594 2111 797 2145 Sustineamus,
823 2113 921 2142 fratres
940 2116 991 2142 mei
1009 2116 1051 2142 di«

264 2155 339 2186 lecti,
360 2155 448 2190 magis
467 2156 558 2183 adhuc
582 2164 614 2182 ac
640 2158 728 2191 magis
747 2159 928 2192 corroborati,
945 2165 973 2187 at
996 2169 1049 2188 non

264 2202 405 2229 conterriti
427 2203 454 2229 in
468 2201 672 2230 auiictionibus.
689 2204 791 2231 Carnes
812 2211 887 2237 sunt,
904 2214 937 2232 ne
955 2214 1049 2240 parca-

265 2256 336 2275 mus.
360 2247 412 2274 Pro
429 2247 539 2274 Christo
560 2250 703 2275 tormentis
719 2249 847 2283 subjecti,
870 2252 1049 2278 cxsrnltcinus.

264 2293 314 2321 Cui
329 2293 470 2320 abundant
484 2293 604 2324 labores,
631 2294 750 2329 amplius
768 2296 894 2329 gaudeat,
918 2301 1050 2332 tanquam

264 2340 385 2374 praemiis
404 2339 547 2366 abundans
564 2349 570 2366 :
586 2339 633 2374 qui
651 2340 795 2367 verberum
810 2349 907 2376 pwnas
922 2342 1050 2369 reformi-

264 2385 320 2416 dat,
344 2390 446 2410 metunt
460 2384 592 2416 excutiat,
611 2385 793 2419 sempiternos
816 2387 954 2414 cruciatus
974 2395 1052 2415 reco-

266 2430 366 2464 gitans.
382 2427 492 2456 Illorqu
509 2430 582 2456 enim
600 2429 697 2464 plagae,
721 2430 744 2456 si
762 2438 824 2457 cum
843 2431 885 2458 his
904 2432 1051 2459 conferati-

266 2479 321 2505 tur,
345 2476 483 2501 somnium
512 2479 576 2502 sunt
606 2479 633 2502 et
662 2475 768 2510 sagittae
795 2477 985 2510 parvulorum.
1006 2477 1054 2505 Nu:

266 2528 370 2555 quaeso,
385 2521 506 2548 obtestor
523 2530 530 2547 :
545 2521 572 2547 in
589 2521 720 2548 azrumnis
744 2529 794 2556 pro
810 2522 921 2549 Christo
935 2523 1051 2551 delecto-

265 2574 338 2597 mur,
359 2568 539 2600 quantumvis
560 2567 712 2594 secundum
731 2575 843 2594 carnem
863 2569 918 2595 sint
939 2576 1050 2596 atuaraz.

265 2613 489 2647 Contemplemur
515 2613 604 2640 [utnra
627 2618 655 2640 et
681 2615 880 2648 permanentia,
907 2622 960 2641 non
984 2623 1054 2649 pra:-

269 2658 357 2685 sentia
391 2662 419 2686 et
447 2659 651 2692 praetereuntia.
690 2658 856 2693 Expetatnus
891 2661 1052 2696 sanguinem

268 2710 394 2733 nostrum
424 2711 575 2740 martyrum
604 2706 731 2740 sanguini
756 2705 924 2738 admiscere,
951 2711 1054 2741 partem

266 2757 389 2779 nostram
406 2750 595 2778 confessorum
610 2751 679 2785 parti
696 2760 703 2777 ε
716 2756 745 2778 ut
757 2759 821 2778 cum
834 2751 873 2779 eis
883 2752 1055 2780 exsultemus

303 2854 313 2867 ⁸
327 2851 408 2878 llchr.
424 2857 452 2883 χ,
469 2849 513 2876 58.
553 2850 562 2865 ⁵
577 2849 643 2876 ibid.
659 2849 705 2876 ὃν.

1103 1559 1244 1594 πήσομεν,
1270 1556 1485 1593 πειθαρχοῦντες
1507 1556 1547 1592 τῷ
1573 1556 1647 1592 φόϐῳ
1671 1555 1829 1592 ἀνθρώποις
1849 1558 1894 1582 καὶ

1102 1605 1164 1640 οὐχὶ
1178 1603 1237 1638 θεῷ
1247 1613 1256 1637 ;
1272 1603 1423 1638 υὺμενοῦν.
1446 1602 1516 1629 Ἀλλ’
1534 1602 1587 1633 ἓως
1604 1602 1638 1629 ἂν
1651 1602 1748 1637 ἀνοίγῃ
1765 1602 1834 1637 ἡμῖν
1850 1602 1895 1628 θύ-

1105 1659 1155 1686 ραν
1175 1651 1189 1677 ὁ
1210 1649 1323 1685 Κύριος.
1339 1649 1368 1675 οὐ
1394 1647 1556 1683 παυσόμεθα
1579 1648 1609 1674 τὸ
1631 1647 1690 1674 δέον
1714 1647 1894 1683 ἀποπληροῦν

1103 1697 1175 1724 κατὰ
1194 1696 1224 1723 τὺ
1238 1695 1349 1730 ὲφικτδν
1363 1695 1440 1730 ἡμῖν,
1454 1693 1616 1728 φοῦούμενοι
1631 1693 1680 1720 καὶ
1695 1693 1848 1729 τρέμοντες
1865 1693 1895 1718 τὸ

1103 1741 1294 1778 ἐπηρτημένον
1309 1740 1359 1775 τῆς
1374 1740 1480 1776 σιωπῆς
1498 1741 1595 1775 κρῖμα.
1619 1738 1688 1766 Ἐὰν
1700 1738 1895 1771 ὑποστέλλῃ-

1102 1797 1167 1821 ται,
1189 1787 1281 1823 φησὶν,
1310 1788 1366 1814 οὐκ
1381 1785 1501 1814 εὐδοκεῖ
1518 1786 1538 1820 ὴ
1557 1784 1642 1820 ψυχή
1659 1794 1719 1820 μου
1745 1784 1781 1811 ὲν
1800 1783 1892 1816 αὐτῷ.

1103 1836 1158 1863 Καὶ
1177 1835 1260 1862 πάλιν
1289 1834 1303 1860 ὁ
1335 1832 1512 1864 ’Δπύστολος⁸
1542 1832 1637 1866 Ἡμεῖς
1665 1830 1698 1857 δὲ
1718 1831 1774 1858 οὐκ
1797 1830 1895 1865 ἐσμὲν

1102 1880 1279 1916 ὑποστολῆς
1293 1881 1338 1912 εις
1358 1878 1526 1910 ἀπώλειαν,
1541 1878 1622 1905 ἀλλὰ
1636 1877 1768 1910 πίστεως
1780 1878 1825 1910 εὶς
1843 1885 1894 1904 ειε-

1098 1927 1257 1962 ριποιησιν
1271 1924 1385 1960 ψυχῆς.

1137 1975 1186 2000 Διὰ
1203 1972 1283 2000 τοῦτό
1305 1980 1349 2006 μοι
1367 1970 1413 1997 καὶ
1427 1971 1444 2005 ἡ
1459 1969 1584 2005 παροῦσα
1606 1968 1736 2004 ἐπιστολὴ
1754 1968 1824 2004 πρὸς
1844 1969 1895 2003 μὲν

1102 2020 1206 2051 πάντας
1222 2019 1285 2049 τοὺς
1298 2016 1518 2052 διεσπαρμένους
1531 2014 1673 2049 ἀδελφοὺς,
1688 2014 1736 2040 καὶ
1748 2013 1896 2050 διαφέρων

1100 2075 1150 2098 τας
1164 2066 1210 2093 τὸν
1226 2064 1346 2099 διωγμὸν
1365 2062 1528 2093 θλιπτικῶς·
1552 2061 1697 2095 ἐξαιρέτως
1710 2059 1738 2086 δὲ
1760 2061 1801 2092 εις
1818 2061 1896 2095 ὑμᾶς

1101 2114 1164 2144 τοὺς
1177 2110 1347 2147 spelunca;
1365 2107 1496 2144 Χριστοῦ.
1515 2106 1695 2141 Ἐνέγκωμεν,
1712 2106 1824 2140 ἀδελφοί
1840 2116 1894 2141 μου

1101 2157 1251 2192 ἀγαπητοὶ,
1266 2155 1307 2182 ἔτι
1328 2154 1429 2190 μᾶλλον
1449 2152 1662 2188 δυναμούμενοι,
1679 2151 1738 2178 ἀλλ’
1755 2152 1786 2178 οὐ
1805 2160 1897 2179 κατα-

1103 2205 1271 2240 πτήσσοντες
1296 2202 1325 2228 ἐν
1353 2201 1410 2231 τοῖς
1437 2198 1592 2233 παθήμασι.
1620 2198 1724 2233 Σάρκες
1751 2198 1817 2224 sici.
1847 2199 1898 2233 Μὴ

1102 2248 1272 2285 φεισώμεθα·
1290 2247 1360 2282 ὑπὲρ
1377 2244 1496 2280 Χριστοῦ
1513 2243 1738 2278 βασανιζόμενοι,
1753 2243 1898 2277 ἀγαλλιώ-

1103 2295 1183 2330 μεθα.
1202 2294 1231 2321 ’0
1241 2291 1414 2328 περισσεύων
1426 2291 1455 2316 ὲν
1466 2290 1521 2320 τοῖς
1531 2290 1632 2319 πόνοις,
1645 2287 1764 2323 χαιρέτω
1779 2289 1897 2323 μᾶλλον.

1102 2343 1140 2374 ὡς
1167 2339 1337 2367 πλεονεκτῶν
1366 2338 1395 2364 ὲν
1420 2337 1477 2367 τοῖς
1504 2335 1628 2370 μισθοῖς·
1653 2336 1667 2361 ὀ
1690 2334 1899 2369 δειλαινόμενος

1104 2387 1245 2422 μαατίγων
1261 2384 1384 2418 ἐνεγκεῖν
1398 2383 1505 2412 πόνους,
1524 2381 1569 2407 διὰ
1591 2379 1671 2407 τοῦτο
1692 2380 1849 2407 ἁποσειέτω
1868 2382 1900 2407 τὸ

1102 2433 1172 2464 δέος,
1187 2432 1238 2463 τὰς
1257 2429 1383 2460 αἰωνίους
1406 2427 1485 2457 ἀνίας
1505 2425 1693 2460 ἐννοούμενος.
1706 2427 1738 2452 Δί
1753 2425 1807 2461 γὰρ
1824 2426 1901 2459 πλη-

1103 2480 1151 2512 γαὶ
1165 2477 1257 2505 αὐτῶν
1278 2475 1348 2511 πρὸς
1361 2474 1468 2505 ὲκείνας
1480 2491 1489 2504 ,
1509 2472 1578 2508 ὕναρ
1589 2491 1597 2504 ,
1615 2471 1677 2506 βέλη
1694 2471 1812 2506 νηπίων.
1839 2472 1901 2498 Ναὶ

1103 2523 1210 2556 δέομαι,
1229 2518 1380 2547 ἀντιϐολῶ·
1398 2517 1597 2552 γλυκανθῶμεν
1618 2517 1648 2543 ἐν
1664 2517 1718 2547 τοῖς
1736 2515 1808 2551 ὑπὲρ
1826 2516 1901 2551 Χρι-

1105 2568 1168 2595 στοῦ
1181 2567 1331 2601 ὰλγήμασι·
1346 2564 1397 2591 κᾶν
1409 2563 1470 2603 λίαν
1481 2562 1597 2596 ὀδυνηρὰ
1609 2561 1679 2588 κατὰ
1693 2561 1795 2595 σάρκα.
1811 2561 1902 2587 Ἀνα-

1104 2614 1252 2649 θεωρῶμεν
1275 2611 1311 2638 τὰ
1332 2610 1464 2646 μέλλοντα
1484 2608 1530 2634 καὶ
1555 2607 1687 2642 μένοντα·
1709 2606 1780 2633 ἀλλὰ
1800 2606 1840 2642 μὴ
1863 2610 1903 2634 τά

1105 2660 1229 2696 παρόντα
1259 2658 1306 2684 καὶ
1333 2655 1539 2692 παρερχόμενα.
1571 2653 1739 2687 Ποθήσωμεν
1763 2652 1796 2678 τδ
1824 2649 1903 2686 αἷμα

1104 2707 1183 2742 ἡμῶν
1208 2705 1284 2740 μίξαι
1306 2702 1345 2734 τῷ
1364 2702 1420 2729 τῶν
1444 2699 1591 2736 μαρτύρων
1614 2699 1728 2734 αἵματι·
1758 2698 1790 2724 τὺ
1812 2698 1903 2733 μέρος

1105 2753 1184 2789 ἡμῶν
1198 2753 1232 2787 τῇ
1247 2751 1302 2777 τῶν
1324 2748 1498 2783 ὁμολογητῶν
1524 2745 1634 2781 μερίδι·
1652 2744 1696 2773 ἵνα
1718 2744 1883 2780 χορεύσωμε
1895 2754 1906 2771 ι
