1923 3078
47 163 106 195 m3

643 157 912 189 EPISTOLARUM
932 156 1008 188 LIB.
1032 156 1075 186 II.

1604 154 1672 186 1231

46 219 88 246 σὺν
105 217 202 248 αὐτοῖς
225 216 334 243 αἰώνια.
355 215 404 248 Τίς
426 215 577 251 φρόνιμος;
597 215 638 246 τίς
658 215 757 250 σοφόςς
789 214 832 245 τις

889 215 911 242 in
935 218 1080 242 mternum.
1105 212 1173 246 Quis
1200 213 1337 247 prudens?
1361 212 1423 246 quis
1455 211 1592 246 sapiens?
1612 214 1673 248 quis

45 264 119 296 καλὸς
151 262 384 299 πραγματευτὴς,
419 261 513 288 δοῦναι
550 259 621 297 αἷμα
652 261 700 288 καὶ
736 261 831 288 λαὸεῐν

46 311 164 345 πνεῦμα·
179 310 389 344 καταφρονῆσαι
411 308 515 343 σαρκὸς
534 308 583 334 καὶ
599 308 740 342 ἐπιτυχεῖν
756 307 833 341 βασι-

44 357 112 387 λείας
124 355 210 386 Θεοῦς
231 355 258 381 Ὁ
272 353 370 389 φιλῶν
379 354 437 387 τὴν·
450 353 558 388 ψυχὴν
567 354 672 385 αὐτοῦ,
686 352 833 380 ἀπολέσει

45 403 139 436 αὐτὴν
151 422 158 435 ,
175 400 253 428 εἷπεν
276 402 291 428 ὁ
313 400 426 436 Κύριος·
439 400 490 427 καὶ
507 401 524 427 ὀ
537 399 638 435 μισῶν
654 399 713 433 τὴν
726 399 834 434 ψυχὴν

46 448 134 476 αὐτοῦ
147 449 183 475 ἐν
195 446 236 480 τῷ
250 446 334 474 αιῶνι
344 447 449 480 τούτῳ,
462 447 506 479 εἰς
517 445 595 480 ζωὴν
608 445 729 473 αἰώνιον
738 444 834 480 φυλά-

46 497 86 528 ξει
97 495 207 529 αὐτὴν.
232 493 440 531 Ἐνωτισθῶμεγ
455 494 519 524 τοὺς
536 492 632 527 λόγους
648 492 732 519 αὑτοῦ
747 499 753 506 ·
769 492 834 518 ἁκο-

46 540 220 575 λουθήσωμεν
229 538 314 573 αὐτῷ.
329 539 425 565 Ὅπου
437 537 494 573 ἐγώ
506 539 576 572 ειμι,
591 537 671 572 φησι,
680 536 835 564 ὲκεῖὲσται

46 585 90 612 καὶ
106 587 122 612 ό
137 584 278 617 διάκονος
291 585 308 610 ὁ
321 583 598 618 ἐμός.11οὖὲκεῑνος;
616 583 679 609 Ἐπὶ
696 581 827 617 σταυροῦ·

46 632 89 658 καὶ
102 631 187 667 ἡμεῖς
200 630 225 657 οι
239 629 374 660 ταπεινοὶ,
392 629 431 660 ώς
449 628 638 664 μαθητιῶντες
655 627 742 662 αὐτῷ,
762 627 832 653 ἐκεῖ.

46 676 199 713 Παρακαλῶ
218 677 291 711 ὑμᾶς
304 675 451 710 ἀνέχεσθαι
466 674 514 701 τοῦ
529 674 609 708 λόγου
623 674 674 709 τῆς
689 673 834 708 παρακλή-

46 731 121 755 σεως.
139 723 194 749 Καὶ
207 722 263 757 γὰρ
281 721 325 748 διὰ
345 721 469 756 βραχέων
488 721 506 755 ὴ
523 720 666 755 ἐπιστολή.
681 719 835 746 Γινώσκετε

45 769 115 803 ἡμᾶς
130 767 195 799 τοὺς
212 767 395 802 ἁμαρτωλοὺς
420 765 538 801 χαίρειν,
555 765 613 792 ἀλλ’
633 765 685 792 οὐκ
705 763 834 799 ἀθυμεῖν,

46 814 93 846 ἕως
109 814 145 841 ἂν
162 814 242 848 ὑμεῖς
258 812 338 848 μόνον
355 812 473 847 στήκετε
492 812 523 838 ὲν
537 810 644 846 Κυρίῳ.
666 810 835 842 Ἀσπάζεται

46 860 115 894 ὑμᾶς
143 859 277 891 Νικόλαος
299 859 313 886 ὁ
340 858 518 892 σύγκλειστος
546 857 594 891 καὶ,
622 856 760 890 σύμπονος
787 855 834 882 καὶ

46 904 249 941 συστρατιώτης
274 913 336 940 μου⁹
359 904 436 940 ὑμῶν
453 905 482 931 δὲ
504 903 620 938 ἀδελφὸς
637 902 832 938 ἀληθέστατος.
851 894 871 922 Β

51 950 222 978 Ἀσπάσασθε
242 950 375 986 ἀλλήλους
394 952 424 978 ὲν
449 950 585 986 φιλήματι
605 949 675 984 ἁγίῳ
687 968 694 980 ,
710 948 736 974 ot
749 948 834 983 ἀθλη-

45 998 88 1023 ταὶ
105 997 171 1028 τοὺς
184 996 366 1031 συναθλητὰς.
381 997 406 1023 οἱ
417 997 596 1031 δεδιωγμένοι
606 995 670 1027 τοὺς
683 993 834 1029 δεδιωγμέκ

46 1051 115 1075 νονς·
130 1043 156 1070 οι
176 1042 276 1074 πάντες
297 1043 363 1074 τοὺς
387 1042 534 1076 φιλοῦντας
548 1041 621 1077 ὑμᾶς
638 1041 667 1068 ὲν
683 1040 785 1066 πίστει.
803 1038 838 1065 EE

45 1097 83 1120 τις
99 1088 151 1123 οὐχ
164 1087 292 1122 ὁμολογεῖ
311 1088 359 1114 τὸν
375 1087 479 1123 Κύριον
492 1086 572 1122 ἡμῶν
593 1085 698 1121 Ἰησοῦν
716 1084 836 1120 Χριστὸν

44 1135 253 1170 ἐγγραφόμενον
270 1134 387 1169 σώματι,
408 1134 466 1169 ήτω
481 1132 608 1168 ἀνάθεμα
621 1131 676 1159 ἀπὸ
686 1132 739 1166 τῆς
752 1131 836 1166 Τριά-

44 1179 96 1211 δος.
119 1180 157 1208 Ἦ
175 1179 262 1214 χάρις
283 1179 338 1207 τοῦ
356 1179 467 1214 Κυρίου
483 1177 569 1213 ἡμῶν
589 1177 692 1211 Ἰησοῦ
706 1177 837 1211 Χριστοῦ

41 1225 107 1258 μεθ’
121 1224 216 1260 ὑμῶν.
238 1224 344 1259 Ἀμήν.
588 1250 597 1255 κ

188 1281 250 1308 ΔΘν.
270 1296 305 1302 -
328 1281 491 1314 Ἀθανασιῳ
515 1280 619 1313 τέκνῳ.
643 1280 729 1316 Ruﬁn]

883 261 973 288 bonus
998 262 1164 296 negotiator,
1187 264 1217 287 ut
1236 259 1283 286 det
1303 259 1466 294 sanguinem
1491 263 1520 286 et
1543 259 1673 294 spiritunt

884 307 1001 341 accipiat
1016 315 1024 333 :
1038 313 1150 334 carnem
1169 309 1343 340 aspernetur,
1359 309 1387 332 et
1400 312 1516 340 regnum
1540 304 1587 332 Dei
1607 313 1674 332 con-

884 352 1037 386 sequatur?
1053 351 1106 384 Qui
1119 356 1192 378 amat
1215 351 1333 377 animum
1350 358 1437 383 suam,
1448 350 1538 384 perdet
1552 358 1621 380 eam.
1636 350 1675 376 ait

883 397 1033 430 Dominus;
1056 401 1082 424 et
1096 397 1141 432 qui
1157 397 1213 424 odit
1233 396 1351 423 animam
1365 403 1441 422 suam
1457 398 1485 422 in
1498 394 1547 421 huc
1565 395 1674 424 mundo.

884 443 912 470 in
929 443 1012 470 vitam
1025 448 1152 470 retentam
1173 442 1302 469 custodiet
1316 450 1376 468 eam
1388 442 1409 469 '.
1425 441 1578 468 Audiamus
1595 442 1676 468 verba

885 489 970 521 illius,
1001 493 1028 516 et
1051 495 1201 522 sequamur
1227 495 1311 515 eum:
1331 486 1381 514 tibi
1411 495 1470 514 sum
1496 495 1553 521 ego,
1576 487 1676 522 inquit,

885 535 943 562 illic
955 536 1005 562 erit
1019 539 1044 561 et
1059 534 1182 561 minister
1194 541 1267 560 meus
1281 533 1303 559 ⁷.
1322 532 1441 561 Ubinam
1455 533 1522 559 ille?
1541 532 1569 559 ln
1582 539 1676 560 Cruce.

885 581 919 608 Et
933 589 984 608 nos
1010 581 1139 612 humiles,
1162 585 1294 614 tanquam
1319 579 1380 614 ejus
1396 578 1539 613 discipuli,
1562 578 1676 605 ibidem.

886 626 1007 654 Obsecro
1038 633 1086 653 vos
1109 631 1139 653 ut
1163 624 1301 653 sufferatis
1317 625 1431 652 verbum
1451 624 1651 651 exhortationis
1668 632 1675 650 :

885 672 985 699 etenim
1003 671 1148 706 perpaucis
1163 671 1264 705 scripsi
1280 670 1368 698 vobis.
1391 670 1495 698 Scitote
1510 677 1560 696 nos
1581 677 1676 704 pecca-

885 723 959 746 tores
975 719 1104 754 gaudere.
1124 723 1151 746 et
1170 718 1294 745 animum
1318 725 1373 745 non
1390 718 1571 753 despondere,
1588 726 1677 752 quan-

885 765 931 793 diu
958 766 1039 793 statis
1061 765 1088 792 in
1108 764 1235 793 Domino.
1257 764 1364 793 Salutat
1389 772 1437 792 vos
1454 765 1585 792 NiColaus
1611 773 1678 792 con-

885 814 1012 849 captivus
1037 821 1126 845 meus,
1155 818 1182 841 et
1202 813 1304 841 laboris
1329 814 1432 846 socius,
1472 819 1500 840 et
1527 813 1678 841 commilito

885 865 975 890 meus,
1004 862 1096 885 vester
1119 863 1211 885 autem
1241 857 1326 886 frater
1353 858 1527 886 verissimus.
1555 857 1679 885 Salutate

885 903 1002 929 invicem
1027 902 1054 929 in
1071 902 1167 929 osculo
1189 907 1303 936 sancto;
1320 903 1438 934 athletae,
1457 910 1505 930 eos
1523 903 1572 938 qui
1595 903 1679 930 simul

886 952 1027 984 pugnant;
1055 948 1275 983 persecutionem
1296 948 1381 983 passi,
1410 956 1459 976 eos
1479 948 1526 983 qui
1548 956 1678 983 persecu-

887 995 990 1022 tionem
1008 995 1081 1029 passi
1099 999 1181 1026 sunt;
1195 995 1318 1022 universi
1336 1002 1385 1022 eos
1400 995 1447 1029 qui
1470 1002 1518 1022 vos
1536 999 1632 1021 amant
1651 994 1679 1021 in

887 1040 952 1068 ﬁde.
967 1040 996 1067 Si
1009 1040 1073 1075 quis
1090 1048 1144 1068 non
1160 1040 1309 1068 conﬁtetur
1324 1040 1471 1068 Domiuum
1492 1045 1619 1068 nostrum
1634 1040 1680 1067 Je-

886 1095 947 1114 sum
966 1086 1106 1114 Christum
1130 1094 1248 1121 corpore
1266 1086 1417 1121 depictum,
1439 1087 1586 1114 anathema
1612 1086 1678 1113 sita

886 1134 1031 1161 Trinitate.
1050 1133 1144 1161 Gratia
1162 1133 1270 1161 Domini
1286 1134 1372 1164 nostri
1391 1133 1456 1161 Iesu
1475 1133 1575 1161 Christi
1593 1133 1680 1160 vobis-

887 1187 955 1205 cum.
972 1180 1054 1206 Amen
1066 1178 1087 1206 ⁸.

1075 1278 1198 1306 XXXIX.
1213 1293 1248 1299 —
1264 1279 1412 1306 Athanasio
1426 1279 1494 1314 ﬁlio.

534 1346 670 1378 Proposita
681 1346 712 1371 de
725 1346 854 1372 mendacio
869 1345 1000 1377 quaestioni
1010 1346 1154 1377 respondet.

78 1401 153 1437 Πρὸς
166 1401 222 1432 τοῖς
241 1400 332 1432 ἄλλοις
348 1399 492 1427 καὶτοῦτο
513 1401 580 1436 ἡμῖν
602 1399 703 1435 ἀγαθὸν
723 1401 753 1427 ὲν
775 1401 835 1432 ταῖς

43 1448 162 1482 ἡμέραις
175 1445 288 1477 ταύταις
298 1446 511 1481 ἀγωνιζομένοις
525 1446 595 1480 ὑπὲρ
605 1445 736 1480 ἀληθείας
755 1445 835 1478 Θεοῦ,

44 1493 206 1528 συχνάτερον
215 1492 266 1528 τῆς
279 1492 344 1527 παρ’
355 1492 481 1526 ἀλλήλων
492 1492 586 1527 φωνῆς
597 1492 641 1518 διὰ
652 1492 699 1518 τοῦ
710 1492 837 1527 γράμμα-

43 1547 90 1570 τος
107 1537 220 1565 ἀκούειν
231 1557 239 1569 ,
255 1538 303 1563 καὶ
320 1537 531 1564 ἀνακοινοῦσθαι
549 1536 600 1568 τὰς
620 1537 649 1562 ὲν
663 1536 763 1572 καρδίᾳ
779 1537 836 1563 δια-

44 1585 142 1616 θέσεις.
164 1584 248 1620 Ὁρᾷς
262 1583 327 1618 γὰρ,
346 1583 447 1618 ἀδελφὲ
457 1583 635 1619 ἡγαπημένε,
648 1583 723 1615 ὅπως
736 1583 838 1609 ὡσανεὶ
851 1601 872 1629 C

44 1631 214 1666 ἐφημερίδες
239 1631 268 1656 αἱ
289 1630 431 1657 ἐπιστολαὶ
457 1629 623 1664 ὑπάρχουσι,
650 1629 835 1656 συνάπτουσαι

45 1678 118 1712 ἡμᾶς
138 1675 330 1712 φιλικώτερον.
350 1675 403 1702 Ἱδε
419 1676 491 1702 πόσα
511 1675 582 1702 καλὰ
596 1675 611 1701 ὁ
629 1675 700 1710 ὑπὲρ
717 1674 836 1710 Χριστοῦ

44 1723 164 1758 διωγμὸς
181 1722 355 1758 παρέσχετο·
371 1723 419 1748 καὶ
433 1721 474 1748 ἔτι
489 1721 667 1757 παράσχοιεν·
686 1721 755 1748 ἐπὰν
772 1720 837 1755 θερ-

48 1770 176 1804 μοτέρους
198 1768 272 1803 ἡμᾶς
295 1768 364 1803 πρὸς
385 1768 417 1795 τὸ
438 1767 502 1801 ἑξῆς
516 1767 641 1799 λάϐοιεν,
666 1767 749 1803 μηδὲν
772 1767 839 1794 ὑπο-

45 1815 216 1849 πτήσσοντας
244 1813 301 1840 τῶν
325 1805 515 1849 ἁνθρωπίνωιῖ
553 1812 634 1839 Ἀλλὰ
660 1812 839 1847 γλιχομένους

44 1860 80 1886 τὰ
96 1859 252 1895 θεομίμητα
265 1859 388 1886 ὗποίσειν
403 1859 565 1894 παθήματα,
582 1858 616 1885 δι’
628 1858 646 1885 ἃ
658 1855 710 1885 ὧδε
724 1859 838 1885 κάκεῖσε

43 1905 196 1946 φερόμενος
223 1905 270 1932 καὶ
295 1904 376 1936 αὐτὸς
399 1904 500 1937 ἀθλεῖς.
533 1904 604 1931 ‘All‘
629 1902 659 1931 εὖ
684 1904 760 1931 ἔσται
782 1905 839 1936 τοῖς

43 1951 173 1986 βοηθοῦσι
189 1951 237 1977 καὶ
254 1949 465 1986 συνδιαφέρουσι
479 1958 521 1976 σοι
537 1949 572 1977 τὰ
582 1949 764 1984 ἀγωνίσματα
775 1958 781 1964 ·
797 1948 838 1981 οἷς

43 1999 93 2024 καὶ
108 1997 200 2029 καλῶς
217 1996 490 2032 προαπελογησάμην
500 2017 508 2028 ,
525 1996 572 2022 καὶ
585 1993 672 2029 ἀὖθις
689 1996 722 2030 δὴ
739 1995 839 2022 ἀπολο-

42 2043 177 2078 γήσομαι.

88 2089 148 2114 Ἐπὶ
158 2088 187 2114 δὲ
201 2087 252 2123 τὴν
267 2086 402 2123 ἐρώτησιν
430 2087 559 2121 μέτειμι,
576 2086 630 2112 ὲῶν
646 2085 717 2122 ὑπὲρ
733 2083 771 2113 ὧν
786 2085 839 2112 δώ-

43 2143 102 2170 ρων
117 2133 303 2168 ἐγκωμιάζεις
319 2141 364 2168 με,
375 2133 426 2164 τὰς
436 2132 585 2164 ἀντιλέξεις
599 2133 735 2160 ἀποίσειν·
749 2133 787 2165 ὡς
801 2134 839 2168 μὴ

41 2179 169 2215 οἰηθῆναι
187 2188 222 2214 με
237 2178 459 2213 συγκαταθέσθαι
476 2180 534 2210 τοῖς
551 2178 685 2212 ἐπαίνοις.
703 2180 770 2214 Εἰμὶ
785 2181 840 2214 γὰρ

40 2226 148 2261 ἕρημος
172 2224 275 2256 παντὸς
299 2223 416 2258 ἀγαθοῦ.
438 2224 527 2251 Ὅπου
549 2224 596 2251 οὖν
611 2225 626 2251 ό
647 2225 735 2259 μέγας
758 2225 840 2252 Βασί-

921 1400 961 1426 Ad
983 1404 1082 1426 caetera
1102 1399 1173 1426 bona
1197 1404 1224 1427 et
1246 1399 1321 1427 istud
1345 1399 1425 1427 nobis
1450 1399 1502 1427 hac
1520 1405 1682 1436 tempestate

885 1445 1011 1480 contigit,
1036 1445 1084 1480 qui
1104 1453 1152 1480 pro
1169 1445 1217 1473 Dei
1239 1446 1354 1473 veritate
1368 1445 1548 1480 dimicamus,
1571 1452 1601 1474 ut
1621 1439 1681 1476 ire<

885 1492 1015 1526 quentius
1039 1496 1163 1519 mutuatn
1188 1500 1238 1526 per
1262 1492 1370 1519 litteras
1398 1500 1493 1520 vocem
1521 1493 1682 1526 audiamus,

887 1537 1028 1571 animique
1044 1537 1132 1565 nostri
1154 1537 1315 1565 aﬂectiones
1335 1539 1579 1567 eommunicemus.
1599 1539 1682 1568 Vides

888 1582 974 1614 enim,
994 1581 1093 1610 dilecte
1116 1582 1210 1614 l'rater,
1243 1587 1273 1609 ut
1293 1583 1462 1617 quotidiana:
1483 1586 1682 1619 propemodum

892 1627 1014 1662 epistolae
1029 1631 1094 1655 sunt
1109 1628 1210 1662 quibus
1232 1629 1335 1662 majore
1356 1628 1429 1656 inter
1449 1637 1499 1657 nos
1517 1630 1684 1659 benevolen-

889 1675 927 1702 tia
942 1675 1114 1709 copulamur.
1128 1674 1197 1702 Vide
1215 1680 1283 1710 quot
1296 1676 1368 1703 bona
1382 1677 1518 1711 pepererit
1534 1686 1583 1712 pro
1601 1679 1683 1707 Chri-

890 1727 932 1750 sto
959 1722 1132 1758 persecutio,
1157 1727 1185 1750 et
1207 1722 1298 1750 adhuc
1323 1723 1447 1758 paritura
1472 1725 1519 1756 sit,
1538 1730 1682 1760 postquam

890 1776 942 1796 nos
959 1769 1130 1797 ardentiores
1154 1769 1187 1796 ad
1209 1776 1242 1796 ea
1261 1777 1324 1803 qua:
1340 1770 1446 1797 instant
1463 1770 1596 1803 eﬂecerit,
1615 1772 1684 1799 nihil

891 1815 1074 1841 humanorum
1091 1815 1446 1847 casuum’extimescentes.
1459 1815 1507 1842 sed
1523 1815 1571 1843 Dei
1588 1824 1683 1843 exem-

890 1860 935 1894 plo
955 1860 1101 1888 molestias
1118 1859 1275 1895 perferendi
1290 1860 1417 1895 cupidos,
1433 1869 1482 1895 per
1499 1869 1569 1896 quas
1582 1862 1636 1889 huc
1658 1868 1686 1890 et

890 1906 957 1933 illuc
972 1911 1000 1933 et
1018 1906 1077 1941 ipse
1101 1906 1221 1941 agitatus
1237 1905 1363 1934 dimicas.
1390 1906 1444 1934 Sed
1464 1911 1536 1934 recte
1558 1915 1620 1934 cum
1641 1908 1684 1935 his

891 1956 988 1987 agetur
1002 1952 1050 1986 qui
1068 1951 1118 1978 tibi
1138 1959 1217 1987 opem
1235 1951 1340 1984 lerunt,
1364 1959 1397 1979 ac
1416 1953 1518 1980 bellum
1543 1961 1597 1981 una
1617 1954 1686 1981 tule-

890 2003 952 2025 rant
969 2007 976 2025 :
991 2005 1061 2033 quos
1078 2001 1107 2025 et
1119 1997 1178 2032 jam
1193 2002 1258 2025 ante
1268 1998 1377 2033 egregie
1390 1998 1513 2032 defendi,
1530 2007 1686 2036 rursusque

890 2043 1047 2071 defendam.

927 2089 969 2116 Ad
993 2089 1236 2124 interrogationem
1260 2088 1352 2121 venio,
1380 2089 1513 2117 omittens
1532 2089 1685 2126 quidquam

890 2142 1026 2169 reponere
1043 2134 1071 2162 in
1086 2142 1182 2162 earum
1202 2135 1314 2162 laudum
1331 2135 1419 2162 vicem
1437 2135 1539 2169 quibus
1554 2143 1597 2163 me
1616 2144 1684 2164 one-

891 2187 955 2213 ras;
979 2187 1013 2207 ne
1037 2180 1132 2207 videar
1153 2179 1304 2208 laudatioui
1324 2181 1467 2209 assentiri.
1492 2181 1559 2208 Sum
1583 2183 1685 2210 etenim

891 2227 982 2253 omnis
996 2225 1061 2253 boni
1082 2234 1192 2261 expers.
1211 2225 1262 2254 Ubi
1287 2227 1370 2262 igitur
1394 2235 1511 2262 magnus
1531 2228 1649 2256 Basilius
1661 2229 1683 2262 ο,

39 2273 124 2304 λλιος,
136 2271 169 2297 τὸ
183 2271 243 2305 φῶς
255 2270 304 2297 τοῦ
316 2271 432 2306 κόσμου,
449 2270 612 2306 ἀποφήσειε,
623 2270 676 2297 τίνι
686 2270 835 2306 τολμητέον

889 2272 935 2299 lux
958 2273 1043 2305 orbis,
1057 2273 1222 2300 sententiam
1254 2273 1378 2308 protulit,
1401 2274 1463 2308 quis
1490 2281 1565 2301 sana:
1583 2275 1684 2302 mentis

40 2319 133 2351 ἔχοντι
155 2317 220 2344 νοῦν
234 2316 304 2348 ὅλως
320 2316 534 2351 ἀντιφέρεσθαι;
562 2317 642 2343 Ἔστι
666 2316 695 2343 δὲ
710 2317 789 2343 τοῦτο
811 2318 840 2343 ἂν

39 2365 73 2398 τῇ
96 2363 234 2399 ἐρωτήσει
257 2362 314 2389 τῶν
344 2362 526 2397 ἀσχητικῶν,
552 2362 625 2389 καθὰ
652 2363 839 2398 ὑπεσημήνω’

39 2410 125 2444 {now
140 2419 147 2426 -
163 2419 175 2436 ι
198 2409 229 2436 Εἰ
253 2410 306 2445 χρὴ
330 2410 490 2446 οἰκονομίας
510 2410 591 2444 δῆθεν
614 2410 752 2446 χρησίμου
773 2410 841 2446 ψεύ-

40 2454 147 2483 δεσθαι.
180 2464 190 2482 ι
209 2455 284 2491 Πρὸς
303 2456 332 2482 ὃν
361 2463 462 2490 φησιν’
486 2465 496 2481 ι
521 2455 553 2482 Ἦ
568 2456 706 2490 ἀπόφασις
725 2456 772 2482 τοῦ
786 2456 843 2483 Κυ-

43 2501 99 2536 ρίου
117 2501 202 2537 ἡμῶν
219 2500 310 2537 Ἰησοῦ
325 2501 446 2537 Χριστοῦ
460 2501 542 2528 τοῦτο
553 2501 585 2528 οὐ
601 2502 749 2537 συγχωρεῖ’
766 2502 840 2534 ἅπαξ

44 2548 179 2579 εἰπόντος,
203 2547 246 2574 ὅτι
264 2547 296 2574 τὸ
310 2547 408 2582 ψεῦδος
428 2548 461 2574 ὲκ
480 2547 529 2574 τοῦ
546 2547 670 2574 διαϐόλου
687 2547 756 2574 ἐστί·
780 2547 840 2574 δια-

49 2594 128 2628 ρορὰν
153 2592 271 2626 ψεύδους
288 2593 424 2628 μηδεμίαν
444 2593 629 2629 ἐμφήναντος.
652 2593 708 2619 Καὶ
725 2593 740 2619 ὁ
759 2594 840 2620 Ἀπὸ-

45 2641 133 2671 evolo;
153 2639 186 2665 δὲ
202 2640 338 2674 μαρτυρεῖ
350 2639 471 2674 γράψας,
497 2641 538 2666 ὅτι
554 2639 618 2667 Κᾶν
636 2639 715 2674 ἀθλῇ
729 2648 788 2672 τις,
803 2641 839 2667 οὐ

42 2684 257 2720 στεφανοῦται,
279 2686 305 2711 ει
326 2685 370 2719 μὴ
393 2686 525 2720 νομίμως
547 2685 687 2718 ἀθλήσει.
713 2695 722 2711 ι
744 2685 839 2712 Ταῦτα

35 2731 87 2770 ¹μὲν
105 2730 188 2765 παρὰ
204 2729 254 2757 τοῦ
268 2731 387 2766 Πατρός.
406 2731 497 2766 Ἔφης
512 2730 542 2757 δὲ
557 2730 741 2766 προσκεῖσθαι
756 2731 786 2757 ὲν
798 2730 838 2767 τῷ

41 2777 184 2813 κεφαλαίῳ
198 2777 322 2812 σχόλιον,
338 2778 379 2804 ὅτι
393 2778 531 2813 χρησίμου
546 2777 641 2803 ἕνεκεν
657 2778 673 2812 ὴ
688 2777 836 2812 ἐρώτησις,

39 2822 84 2847 clx
97 2821 266 2855 ἀναγκαίοψ
283 2822 314 2848 οὺ
331 2822 386 2857 γὰρ
401 2822 499 2848 ταυτὸν
514 2821 670 2856 ἀμφότερα.
689 2822 743 2848 Καὶ
756 2823 838 2849 πάλιν

72 2879 178 2907 'Joan.
195 2879 298 2912 xu,‘25.
338 2880 347 2894 ⁷
360 2879 425 2907 ibid.
441 2879 487 2907 ‘26.
502 2879 512 2895 ⁸
525 2878 533 2905 Ι
545 2878 703 2924 Tltess.:28.
743 2882 752 2895 ν
766 2880 886 2917 lutcrrog

889 2319 1025 2346 obluctari
1043 2318 1198 2346 ausit?Est
1211 2320 1283 2347 istud
1299 2321 1325 2347 in
1347 2320 1563 2355 interrogatione
1575 2321 1683 2348 Asceti-

890 2373 998 2396 eorum.
1020 2369 1050 2392 ut
1074 2365 1247 2398 subnotasti;
1265 2365 1414 2394 videlicet:
1434 2375 1442 2392 ι
1459 2365 1588 2401 Nunquid
1607 2367 1684 2394 utilis

891 2411 1106 2445 dispensationis
1134 2418 1218 2438 causa
1244 2411 1432 2439 mentiendum
1461 2412 1539 2439 sit?»
1567 2413 1612 2440 cui
1639 2421 1683 2441 re-

891 2455 1018 2490 spondet.
1041 2465 1050 2481 ι
1068 2455 1126 2484 lloc
1138 2456 1274 2483 sententia
1293 2455 1402 2483 Domini
1420 2458 1508 2484 nostri
1522 2457 1587 2486 Jesu
1603 2458 1684 2485 Chri-

891 2501 927 2528 sti
944 2509 998 2528 non
1013 2501 1090 2533 sinit,
1105 2509 1119 2528 a
1132 2509 1189 2536 quo
1203 2502 1307 2529 dictum
1325 2503 1440 2537 prmeise
1460 2507 1502 2530 est
1513 2504 1547 2536 ‘°,
1570 2504 1684 2532 menda-

891 2547 965 2574 cium
990 2555 1022 2575 ex
1058 2547 1169 2574 diabolo
1196 2555 1279 2575 esse:
1297 2555 1347 2575 nec
1375 2548 1461 2575 ullutn
1492 2548 1517 2576 is
1544 2549 1683 2576 tnendacii

891 2590 1039 2618 discrimen
1053 2591 1184 2619 ostendit.
1203 2591 1274 2625 Quin
1293 2592 1346 2619 hoc
1363 2592 1433 2619 idem
1447 2592 1598 2627 Apostolus
1610 2601 1682 2627 quo-

891 2643 945 2670 que
959 2640 1076 2663 testatur
1091 2636 1135 2664 his
1149 2637 1240 2664 verbis
1253 2645 1259 2664 :
1275 2637 1336 2665 Etsi
1351 2642 1489 2664 certaverit
1506 2637 1613 2672 aliquis,
1629 2646 1683 2665 mm

891 2689 1035 2710 coronatur
1064 2684 1116 2712 nisi
1146 2685 1261 2720 legitime
1293 2685 1435 2712 certaverit
1449 2685 1482 2712 ²¹.
1505 2695 1514 2712 ι
1543 2684 1682 2713 Hactenus

891 2730 983 2756 Pater.
1009 2729 1109 2757 Aiebas
1133 2736 1225 2757 autem
1248 2731 1402 2765 appositam
1427 2730 1511 2765 capiti
1531 2731 1683 2758 adnotatio-

891 2783 965 2806 nem,
979 2775 1054 2810 quod
1073 2777 1106 2802 de
1121 2776 1246 2803 utilitatis
1266 2784 1348 2804 causa
1363 2777 1540 2813 interrogatio
1563 2777 1609 2810 sit,
1624 2785 1682 2806 non

891 2822 1073 2849 necessitatis.
1089 2821 1181 2857 Neque
1191 2823 1264 2850 enim
1279 2826 1429 2858 utrumtluc
1446 2825 1528 2852 idem.
1547 2825 1679 2854 Rursum.-

891 2902 895 2906 .
914 2881 956 2908 76.
996 2881 1107 2909 ".loan.
1124 2891 1200 2917 xviii,
1214 2883 1257 2911 Η.
1300 2884 1319 2899 ¹¹
1335 2883 1486 2913 llTimoth.
1505 2894 1533 2916 ιι.
1551 2886 1578 2914 5.
