1923 3078
255 155 324 188 1ἓ35

854 152 884 182 S.
901 151 1100 182 THEODORI
1120 150 1293 181 STUDIT/E

1818 151 1875 184 1236

251 219 308 247 que
336 211 421 238 altero
453 210 541 245 capite
578 211 612 237 ab
642 209 738 237 eodem
774 209 888 237 doctore
917 209 987 236 tradi
1004 209 1044 240 ”,

1104 218 1125 236 ιν
1144 210 1230 245 ἑτέρῳ
1247 208 1390 245 κεφαλαίῳ
1405 209 1450 236 τὸν
1465 209 1547 236 αὐτὸν
1563 208 1698 245 φωστῆρα
1713 209 1815 244 λέγειν·
1828 212 1874 238 ὅτι·

253 257 407 291 ponendam
423 262 474 290 pro
495 255 592 282 amicis
614 255 734 281 animam
750 254 793 281 vel
808 254 841 281 ad
866 258 982 282 mortem
1000 261 1046 281 ns-

252 310 317 337 que,
335 302 393 329 sive
419 301 525 329 amicus
541 305 679 336 peccator,
703 301 760 328 sive
773 300 866 335 justus
891 301 937 328 sit.
955 301 993 327 lta
1016 304 1044 327 ut

252 349 366 376 dubium
384 348 432 381 sit,
446 347 509 374 hinc
523 347 633 382 quidem
654 355 719 374 num
738 347 882 374 mentiaris
906 347 1046 375 incidente

253 400 337 420 causa
363 392 411 419 ubi
441 396 540 426 agatur
570 390 726 418 necessario
755 390 790 418 de
817 394 905 418 morte
936 390 1045 423 fratris;

254 438 318 465 inde
338 445 403 464 vero
424 445 489 464 num
505 444 554 471 pro
576 436 636 472 ipso
663 436 784 463 animam
805 444 902 471 ponas.
917 436 953 462 At
973 436 1046 464 enim

254 483 306 510 nisi
321 482 447 513 mentiar.
463 481 567 516 inquis.
585 487 677 508 actum
694 485 737 508 est
755 481 788 509 de
810 481 892 508 amici
907 482 962 508 vita
977 489 983 508 :
1002 481 1044 508 sin

253 533 345 556 autem
371 528 507 560 mentior,
527 536 578 555 nec
599 527 720 563 legitime
743 532 828 558 certo.
846 531 873 554 et
893 535 908 554 a
923 526 979 554 Deo
1001 527 1048 554 de-

255 575 357 602 scisco.
374 574 432 601 Hoc
452 573 534 607 igitur
556 579 637 608 caput
654 573 734 600 atTert
751 573 818 600 mihi
836 573 1047 604 dubitationem,

256 623 294 652 et.
311 624 342 647 ut
358 620 488 653 arbitror,
508 619 603 647 multis
618 619 701 646 etiam
715 619 787 646 aliis.
803 618 933 646 Conabor
950 618 1049 645 nihilo-

255 667 357 700 minus,
370 668 460 702 quoad
473 666 530 694 ﬁeri
543 666 654 702 poterit,
667 674 829 701 responsum
840 665 906 692 dare
921 665 1048 693 charitati

257 719 321 744 tuae,
343 711 399 740 Deo
425 712 568 748 largiente.
596 712 673 745 Quod
694 712 777 747 igitur
800 712 952 739 secundum
974 711 1048 739 illam

254 759 471 792 adnotationem,
495 766 548 785 non
572 757 643 785 idem
669 758 706 785 sit
730 757 796 784 utile
820 757 894 792 quod
920 764 1047 785 necessa-

255 803 337 837 rium,
354 812 448 831 verum
465 809 519 836 est,
534 804 600 831 illud
624 805 697 831 enim
713 804 874 838 contingens
895 807 947 831 est.
965 804 1046 831 Verbi

255 849 344 884 gratia
360 857 367 874 :
391 849 457 876 utile
473 853 516 876 est
531 856 575 876 me
591 857 653 877 cum
668 849 715 876 illo
728 849 837 876 homine
853 849 886 876 de
906 849 952 876 tali
967 857 1050 884 argu-

1096 263 1150 290 περ
1171 255 1213 281 δεῖ
1232 255 1336 282 τιθέναι
1357 255 1407 291 τὴν
1427 255 1517 290 ψυχὴν
1534 256 1605 291 ὑπὲρ
1628 256 1682 283 τῶν
1699 256 1784 290 φίλων
1805 258 1875 293 μέχρι

1097 299 1214 326 θανάτου
1228 319 1236 332 ,
1260 300 1315 327 εἴτε
1341 299 1522 336 ἀμαρτωλοῦ,
1539 300 1596 327 εἴτε
1615 301 1720 328 δικαίου
1742 301 1816 333 ὗντος
1836 303 1874 329 τοῦ

1097 345 1187 379 φίλου.
1218 345 1262 378 Ὠς
1283 345 1409 372 ἐντεῦθεν
1434 346 1549 381 ἀπορεῖν
1562 355 1591 372 σε
1617 346 1665 373 καὶ¹
1687 346 1725 381 μὴ
1744 346 1876 382 ψεύδεσθαι

1097 391 1166 423 ὅλως
1188 391 1218 417 ἐν
1238 392 1299 424 ταῖς
1324 391 1540 426 συμϐαινούσαις
1561 392 1696 426 ἀνάγκαις
1714 393 1754 424 εις
1776 392 1876 420 θάνατον

1097 436 1230 472 ἡκούσαις
1244 437 1372 472 ἀδελφοῦ·
1389 437 1436 464 καὶ
1451 437 1534 464 πάλιν
1550 437 1598 472 τὴν
1613 437 1703 472 ψυχὴν
1721 439 1790 474 ὑπὲρ
1805 439 1875 464 αὐτοῦ

1098 483 1213 510 τιθέναι.
1235 482 1299 510 Ἐὰν
1312 483 1366 519 γὰρ
1388 483 1426 518 μὴ
1447 483 1611 518 ψεύσωμαι,
1633 483 1685 518 φὴς
1706 483 1875 519 ἀποθνήσκειν

1098 529 1143 556 τὸν
1164 529 1255 563 φίλον·
1274 530 1321 556 καὶ
1340 529 1507 564 ψευδόμενος
1527 530 1578 556 οὐκ
1599 528 1674 555 ἀθλῶ
1694 530 1816 564 νομίμως
1837 531 1876 556 καὶ

1100 573 1228 600 ὲκπίπτω
1241 573 1289 600 τοῦ
1301 573 1379 602 Θεοῦ.
1396 573 1482 601 Τοῦτο
1495 573 1543 601 οὖν
1557 574 1588 600 τὸ
1603 574 1751 608 κεφάλαιον
1763 576 1811 602 καὶ
1823 576 1876 609 ἐμοὶ

1099 618 1276 653 ἠπορημένον
1296 619 1365 646 ἐστι·
1383 619 1454 646 δοκῶ
1471 619 1499 646 δὲ
1521 620 1569 646 καὶ
1584 619 1702 651 πολλοῖς.
1720 620 1876 656 Πειράσομαι

1099 664 1122 690 δ’
1138 662 1184 691 οὖν
1202 665 1289 699 ὅμως,
1305 661 1343 696 ὦς
1357 662 1413 692 οἷόν
1437 665 1467 692 τέ
1484 673 1550 700 μοι,
1571 665 1663 692 δοῦναι
1687 666 1830 701 ἀπόκρισιν
1848 668 1875 700 τῇ

1100 711 1196 746 ἀγάπῃ
1211 719 1268 744 σου,
1283 710 1458 742 εὐδοκοῦντος
1471 710 1551 738 Θεοῦ.
1568 711 1631 737 Ὅτι
1647 711 1697 746 μὲν
1709 709 1756 738 οὖν
1772 710 1838 737 κατὰ
1851 711 1877 737 τὸ

1101 756 1208 791 σκόλιον
1224 757 1254 783 οὐ
1270 757 1368 784 ταὺτδν
1383 757 1518 792 χρήσιμον
1533 758 1580 784 καὶ
1595 758 1745 792 ἀναγκαῖον
1755 778 1763 791 ,
1778 757 1877 792 ἀληθές.

1101 801 1138 828 Τὸ
1154 802 1204 837 μὲν
1215 803 1270 838 γὰρ
1282 803 1457 838 ἐνδεχόμενόν
1469 805 1554 830 ἐστιν’
1565 801 1633 836 οἷον,
1646 804 1781 839 χρήσιμον
1788 804 1818 839 δὴ
1828 804 1878 830 δια-

1102 847 1231 882 λεχθῆναί
1250 857 1283 883 με
1297 848 1336 883 τῷ
1354 849 1420 875 δεῖνι
1436 850 1501 884 περὶ
1517 849 1606 876 τοῦδε·
1627 849 1696 876 ἀλλὰ
1711 850 1765 885 μὴν
1784 849 1834 876 κᾶν
1851 850 1876 874 οὐ

254 899 349 922 mento
374 894 512 922 disserere
527 903 534 921 :
551 894 598 922 sed
614 898 705 922 tamen
730 895 782 921 etsi
803 902 856 921 non
872 894 1047 927 dissererem,

1104 893 1265 929 Ξιαλέξαιμι,
1281 894 1339 921 ἐστι
1353 895 1467 922 δυνατὸν
1485 896 1629 931 ἐπιτυχεῖν
1645 896 1692 923 τοῦ
1709 896 1877 931 ζητουμένου.

255 941 312 968 fieri
328 946 416 976 potest
435 946 465 968 ut
484 941 631 977 quesitum
658 949 704 977 per
719 950 748 969 se
768 942 900 970 inveniat.
930 943 963 970 Et
987 951 1050 970 rur-

254 995 316 1014 sum
331 996 338 1014 ;
356 987 422 1014 utile
442 992 485 1015 est
507 989 542 1015 ab
560 996 654 1016 errore
674 988 831 1023 quempiam
852 996 983 1016 revocare
999 998 1006 1016 :
1021 994 1050 1017 at

255 1040 413 1068 quanquam
450 1033 584 1061 hodierno
611 1034 655 1062 die
681 1041 735 1062 non
765 1042 908 1067 revocent,
943 1036 1048 1071 possim

254 1080 345 1108 ipsum
374 1087 436 1107 cras
461 1087 602 1108 revocare.
628 1080 770 1115 Ejusmodi
795 1086 838 1109 est
862 1081 946 1117 igitur
973 1082 1048 1117 quod

255 1123 321 1150 utile
337 1124 449 1158 dicitur,
470 1132 568 1160 nempe
585 1126 760 1161 contingens.
777 1126 812 1153 At
828 1126 902 1161 quod
919 1133 1046 1154 necessa-

1098 939 1154 966 Καὶ
1187 940 1286 967 πάλιν·
1318 941 1457 977 χρήσιμόν
1492 942 1567 968 ἐστιν
1603 942 1813 977 ἀποστραφῆναι
1839 941 1879 968 τὸν

1097 985 1187 1013 δεῖνα’
1203 987 1272 1014 ἀλλά
1287 987 1341 1023 γὰρ
1353 987 1404 1014 κᾶν
1418 988 1540 1024 σήμερον
1556 987 1593 1024 μὴ
1608 988 1786 1023 ἀποστραφῶ,
1800 987 1880 1014 δυναί-

1099 1039 1154 1067 μην
1175 1033 1257 1060 αὐτὺν
1273 1032 1369 1068 αὔριον
1391 1034 1613 1070 ἀποστραφῆναι.
1635 1034 1763 1060 Τοιοῦτόν
1783 1034 1837 1059 ἐστι
1853 1032 1879 1058 τὸ

1097 1077 1246 1113 χρήσιμον,
1264 1079 1325 1114 ἦτοι
1339 1079 1526 1115 ἐνδεχόμενον.
1540 1081 1577 1107 Τὸ
1590 1079 1620 1107 δὲ
1638 1080 1786 1114 ἀναγκαῖον
1796 1099 1803 1110 ,
1816 1080 1880 1105 ἀπα-

1098 1123 1227 1158 ραίτητόν
1241 1125 1310 1152 ἐστι.
1332 1125 1368 1152 Τὸ
1387 1126 1498 1158 πάντως
1520 1125 1558 1161 μὴ
1575 1125 1783 1161 ἀμφοτερίζειν.
1807 1122 1877 1152 Οἴον·

255 1170 340 1202 rium,
359 1170 431 1197 idem
450 1170 608 1198 inevitabile
632 1177 684 1204 est,
704 1179 754 1199 nec
776 1176 866 1206 potest
885 1172 1000 1199 omnino
1018 1172 1046 1199 in

1104 1169 1143 1195 :dv
1157 1170 1215 1205 εἰμι
1226 1170 1361 1206 ἀμύητος,
1373 1171 1424 1198 οὐκ
1436 1171 1577 1207 ἐνδέχεται
1590 1171 1628 1207 μὴ
1641 1171 1880 1207 βαπτισθησόμενον

257 1220 403 1250 utramque
416 1221 521 1250 partem
538 1216 637 1252 accipi.
657 1216 780 1252 Exempli
791 1217 878 1252 gratia
893 1225 900 1243 :
915 1216 973 1244 Nisi
986 1225 1048 1244 sum

259 1262 348 1289 sacris
361 1262 498 1293 initiatus.
515 1263 574 1290 fieri
591 1271 644 1290 non
661 1268 750 1297 potest
767 1269 797 1292 ut
810 1272 864 1290 non
876 1264 988 1291 ablutus
1004 1272 1050 1291 sa-

257 1307 340 1334 lutem
366 1315 532 1343 consequar.
554 1309 589 1335 At
609 1317 720 1336 rursum
745 1309 768 1336 si
797 1309 894 1336 dixero
909 1318 916 1335 :
934 1308 1049 1336 Possum

1098 1214 1218 1250 σωθῆναί
1233 1224 1278 1250 με.
1299 1217 1355 1243 Καὶ
1370 1217 1463 1249 πάλιν,
1476 1218 1523 1244 ἐὰν
1537 1217 1618 1244 εἴπω·
1635 1216 1760 1251 Δύναμαι
1773 1216 1811 1251 μὴ
1823 1216 1881 1242 ἀνα-

1098 1262 1186 1292 πνεῖν,
1199 1263 1248 1288 καὶ
1263 1262 1323 1297 ζῇν·
1340 1262 1448 1298 ψεῦδοςι
1467 1264 1618 1299 ἀναγκαῖον
1637 1263 1692 1298 γὰρ
1702 1263 1733 1289 τὸ
1750 1262 1880 1292 ἀναπνεῖν.

1100 1305 1130 1335 οὗ
1143 1308 1229 1344 χωρὶς
1245 1309 1295 1335 οὐκ
1310 1309 1368 1337 ἐστι
1385 1310 1445 1345 ξῇν.

257 1361 312 1379 non
333 1353 434 1381 ducere
459 1354 586 1389 spiritum
612 1359 639 1382 et
658 1355 765 1387 vivere;
788 1354 964 1382 mendacium
975 1359 1038 1382 est:
1060 1361 1173 1382 necesse
1193 1359 1234 1382 est
1266 1356 1338 1382 enim
1363 1364 1454 1384 aerem
1487 1353 1607 1387 ducere,
1625 1354 1686 1382 sine
1706 1361 1763 1390 quo
1784 1360 1832 1380 nec
1846 1353 1881 1380 fas

255 1401 357 1427 vivere.

293 1448 340 1475 Dei
355 1447 445 1482 itaque
458 1448 586 1475 mandata
599 1448 754 1476 necessarie
772 1449 807 1476 ab
820 1456 868 1477 ore
879 1449 968 1476 veraci
989 1456 1053 1484 pro—

257 1494 313 1520 lata
332 1498 412 1525 sunt,
438 1500 471 1520 ac
502 1493 657 1520 necessarie
671 1494 766 1520 eadem
788 1494 988 1522 custodienda:
1006 1502 1053 1520 ne-

258 1547 312 1574 que
326 1544 391 1566 sunt
415 1543 521 1566 natura:
550 1538 686 1566 versatilis
702 1558 709 1572 ,
731 1544 760 1566 ut
776 1539 912 1567 interdum
940 1539 1049 1573 quidem
1065 1556 1087 1586 ο

258 1585 362 1612 servari
377 1593 408 1613 ea
424 1585 465 1612 fas
483 1585 528 1618 sit,
548 1586 687 1613 interdum
705 1585 783 1613 nefas
798 1595 806 1613 :
823 1590 871 1613 aut
882 1586 916 1613 ab
929 1585 976 1613 illo
990 1586 1052 1620 qui-

257 1632 331 1664 dem,
348 1632 382 1659 ab
400 1632 453 1659 isto
465 1631 578 1659 minime
593 1641 600 1659 :
615 1636 658 1658 aut
678 1632 723 1659 illo
740 1632 834 1666 utique
849 1636 981 1667 tempore,
996 1639 1051 1658 non

259 1677 323 1704 item
343 1677 405 1709 isto,
417 1677 464 1705 sed
481 1685 600 1712 semper,
613 1681 641 1704 et
658 1685 673 1704 a
688 1677 786 1712 quovis
800 1677 922 1709 homine,
942 1681 970 1704 et
981 1684 1052 1712 quo-

258 1724 301 1750 vis
328 1727 460 1758 tempore.
488 1722 659 1758 Quapropter
676 1723 743 1750 dixit
768 1731 885 1758 magnus
910 1723 1052 1751 Basilius:

262 1778 272 1794 ι
290 1768 441 1796 Discrimen
463 1769 598 1796 mendacii
611 1769 714 1796 nullum
736 1769 866 1802 ostendit,
885 1779 895 1795 ι
911 1774 940 1796 ut
958 1769 992 1796 de
1006 1777 1054 1796 ne-

260 1815 388 1842 cessitate
402 1815 545 1849 responsio
555 1815 601 1845 sit.
613 1823 771 1849 quanquam
788 1815 969 1849 interrogatio
988 1822 1054 1849 pro-

260 1858 349 1893 posita
366 1858 402 1886 sit
418 1859 451 1885 de
473 1859 661 1893 contingente.
691 1859 763 1886 Idem
785 1860 857 1887 enim
872 1864 924 1890 est,
939 1863 970 1886 ut
986 1859 1054 1892 dixi,

261 1905 326 1932 utile
340 1909 368 1931 et
381 1905 555 1939 contingens.
573 1905 643 1938 Quid
656 1910 749 1940 postea
766 1905 821 1938 fiet,
844 1911 873 1933 ut
889 1906 1055 1940 praemonui-

261 1952 307 1983 sti,
324 1951 348 1978 si
364 1951 475 1977 fratrem
503 1951 571 1978 mori
599 1951 759 1984 contingat,
789 1959 823 1979 eo
853 1952 928 1987 quod
944 1952 1053 1979 mentiri

260 2005 315 2024 non
333 1997 422 2024 ausim
436 1997 448 2024 ?
465 1997 522 2024 Hoc
535 2005 601 2024 vero
618 1998 791 2025 mendacium
809 2006 861 2025 non
881 2003 933 2028 est.
945 1999 1053 2034 opinor.

260 2043 342 2071 Juvat
355 2043 509 2078 exemplum
530 2043 582 2070 tale
599 2043 625 2070 in
642 2051 685 2070 me
700 2044 759 2079 ipso
790 2044 900 2079 tingere.
918 2045 997 2072 Venit
1022 2046 1055 2071 ad

261 2097 306 2116 me
343 2089 432 2124 puella
464 2097 545 2124 quam
574 2089 675 2124 aliquis
705 2094 844 2124 stuprator
882 2090 1054 2125 insequitur,

261 2139 323 2163 orat
353 2145 360 2163 :
390 2136 430 2163 Ne
462 2135 609 2170 stupratori
643 2143 687 2163 me
722 2136 822 2170 prodas
851 2136 958 2172 roganti
989 2145 1055 2163 num

262 2181 333 2216 apud
352 2187 378 2208 le
407 2181 481 2208 domi
513 2181 589 2212 sim;
610 2180 710 2215 alioqui
744 2188 788 2208 me
814 2181 945 2209 continuo
968 2182 1056 2208 vitiat.

264 2229 373 2262 Igitur,
401 2231 560 2262 corruptore
598 2226 747 2257 veniente,
781 2234 813 2253 ac
849 2231 1052 2261 percontante:

265 2274 335 2301 Num
345 2274 418 2301 venit
429 2273 483 2300 huc
497 2274 569 2307 apud
586 2277 612 2300 te
621 2272 709 2307 puella
725 2271 736 2298 ?
748 2272 776 2299 Si
791 2279 898 2307 negem,
908 2280 962 2300 non
975 2280 1053 2300 men-
1070 2263 1090 2290 θ

265 2322 320 2349 tior
336 2329 342 2348 :
361 2328 415 2347 non
433 2320 503 2355 quod
526 2327 580 2346 non
600 2326 661 2346 esse
677 2319 750 2346 domi
774 2318 892 2353 puellam
913 2321 1030 2354 cogitem
1048 2328 1054 2346 :

263 2367 312 2395 sed
327 2366 400 2402 quod
429 2366 502 2394 istud
531 2365 717 2393 admissurum
744 2365 816 2400 apud
833 2372 877 2392 me
894 2365 984 2394 scelus
1010 2373 1058 2400 per

264 2412 436 2440 reticentiam
464 2419 572 2447 negem.
595 2410 696 2438 Iterum
716 2409 790 2437 aliud
813 2420 820 2437 :
842 2410 969 2437 Gladium
991 2411 1058 2438 mihi

265 2458 404 2486 commisit
414 2458 515 2492 aliquis
528 2464 584 2491 quo
599 2463 629 2484 se
641 2456 699 2491 ipse
708 2455 860 2489 interimat;
870 2463 934 2483 mox
947 2455 1060 2483 veniens

266 2507 339 2534 hunc
363 2513 378 2532 a
396 2512 440 2532 me
457 2504 586 2539 reposcit.
596 2503 626 2530 Si
649 2503 746 2530 dixero
771 2503 871 2538 igitur:
892 2501 947 2529 Nec
975 2503 1051 2535 novi,

266 2559 317 2579 nec
330 2550 422 2585 accepi
437 2558 444 2582 ;
465 2557 519 2576 non
541 2549 675 2582 mentior;
688 2555 769 2575 nosse
782 2547 921 2575 enimvero
930 2555 972 2574 me
986 2555 1055 2583 nego

267 2601 314 2623 aut
330 2595 471 2630 accepisse
485 2598 515 2621 ut
529 2593 648 2629 gladium
664 2592 712 2619 tibi
725 2593 758 2619 ad
774 2596 889 2619 mortem
905 2593 1054 2627 porrigam.

269 2641 335 2668 Nam
353 2640 376 2668 si
390 2640 486 2668 dixero
501 2647 508 2665 :
528 2638 573 2665 Sic
589 2641 632 2665 est
647 2646 654 2663 :
671 2637 766 2664 vitiata
781 2636 870 2671 puella
884 2640 946 2670 est,
961 2641 989 2664 et
1005 2638 1057 2665 sibi

269 2694 364 2714 necem
388 2686 478 2713 intulit
495 2685 542 2720 qui
558 2683 679 2720 gladium
693 2683 777 2710 dedit.
793 2682 851 2709 Hoc
878 2689 942 2710 vero
957 2684 1059 2712 malum

267 2739 310 2762 est
325 2743 332 2761 :
354 2734 454 2760 malum
473 2737 563 2759 autem
581 2739 636 2758 non
661 2737 694 2757 ex
718 2729 789 2757 bono
805 2729 852 2756 sed
868 2736 901 2756 ex
919 2730 1060 2758 mendacio

268 2785 320 2807 est.
337 2778 404 2805 Nam
421 2777 554 2804 mendacii
572 2774 736 2810 pater,idcm
745 2778 771 2802 et
784 2779 879 2802 auctor
893 2775 967 2802 mali.
980 2776 1060 2804 Puel-

309 2870 331 2886 “'
343 2869 478 2904 lutet-mg.
498 2868 556 2894 liti.

1143 1449 1175 1475 Δί
1197 1448 1287 1475 τοίνυν
1309 1447 1414 1474 ἐντολαὶ
1435 1446 1484 1473 τοῦ
1508 1446 1576 1473 Θεοῦ
1597 1445 1669 1473 κατά
1690 1445 1721 1472 τὸ
1745 1445 1884 1479 ἀναγκαῖον

1105 1495 1183 1530 παρά
1205 1494 1252 1521 τοῦ
1277 1493 1412 1529 ἀψευδοῦς
1436 1493 1573 1528 στόματος
1598 1491 1826 1528 διηγορεύθησαν·
1845 1491 1885 1517 καὶ

1104 1541 1134 1573 ἐξ
1150 1540 1274 1576 ἀνάγκης
1295 1539 1432 1574 ὀφείλουσι
1451 1539 1652 1573 φυλάττεσθαι·
1671 1539 1702 1565 οὐ
1724 1540 1886 1574 τρεπόμεναι

1102 1588 1142 1619 εἰς
1153 1587 1185 1614 τὺ
1199 1588 1238 1622 πῆ
1255 1587 1304 1622 μὲν
1318 1585 1473 1621 ἐνδέχεσθαι
1495 1585 1691 1620 φυλάττεσθαι,
1708 1587 1748 1621 πῆ
1763 1585 1802 1616 δὲ,
1823 1582 1885 1617 οὖ·ῆ

1077 1637 1086 1644 ‘
1103 1633 1156 1659 ὑπὸ
1175 1631 1334 1668 τοῦδε’μὲν,
1355 1631 1409 1657 ναί·
1428 1631 1480 1656 ὑπὸ
1501 1630 1579 1657 τοῦδε
1593 1630 1634 1663 δὲ,
1651 1629 1681 1656 οὔ
1692 1637 1700 1644 ·
1716 1630 1733 1665 ἢ
1750 1629 1816 1656 ποτὲ
1834 1629 1886 1663 μὲν,

1102 1679 1157 1706 ναί·
1175 1679 1242 1705 ποτὲ
1254 1678 1294 1711 δὲ,
1310 1677 1352 1704 οὗ·
1366 1676 1423 1704 ἀλλ’
1439 1677 1492 1703 ἀεί·
1508 1676 1555 1702 καὶ
1571 1676 1618 1702 ἐπὶ
1633 1675 1735 1707 παντὸς
1748 1674 1886 1710 προσώπου

1104 1727 1152 1753 καὶ
1165 1725 1274 1760 καιροῦ.
1291 1724 1369 1750 Κατά
1388 1723 1468 1750 τοῦτο
1482 1723 1593 1758 εἴρηκεν
1615 1722 1630 1748 ὁ
1642 1722 1729 1757 μέγας
1744 1721 1887 1750 Βασίλειος¹

1107 1782 1116 1798 ι
1134 1770 1273 1806 Διαφοράν
1287 1769 1403 1805 ψεύδους
1422 1768 1556 1804 μηδεμίαν
1571 1767 1758 1803 ἐμφήναντος·
1775 1776 1784 1792 ι
1801 1767 1838 1798 ὡς
1853 1766 1889 1791 ὅτι

1105 1818 1135 1851 ἐξ
1148 1817 1300 1852 ἀναγκαίου
1316 1816 1333 1851 ἡ
1345 1815 1492 1850 ἀπόφασις·
1506 1813 1558 1841 κᾶν
1571 1815 1588 1849 ἡ
1605 1813 1743 1849 ἐρώτησις
1758 1811 1888 1848 προκάθη

1105 1864 1143 1896 ὡς
1158 1863 1334 1898 ἐνδεχομένη.
1349 1861 1456 1889 Ταυτὺν
1468 1861 1534 1896 γὰρ,
1550 1860 1588 1891 ὡς
1603 1860 1682 1895 ἔφην,
1698 1859 1838 1894 χρήσιμον
1849 1854 1891 1882 καὶ

1104 1910 1291 1945 ἐνδεχόμενον.
1311 1906 1377 1935 Εἶτα
1395 1908 1422 1934 τί
1441 1908 1598 1942 γενήσεται,
1620 1905 1693 1932 καθὰ
1711 1905 1852 1941 «pods-mg,
1867 1903 1891 1928 ἐν

1105 1957 1138 1991 τῇ
1159 1954 1294 1989 συμϐάσει
1319 1953 1367 1980 τοῦ
1391 1952 1577 1987 ἀποθνήσκειν
1590 1952 1638 1978 τὸν
1664 1950 1783 1984 ἀδελφὸν
1807 1949 1845 1984 τῷ
1860 1946 1892 1982 μὴ

1106 1999 1274 2036 αἱρήσασθαί
1287 2008 1320 2035 με
1329 1998 1502 2034 ψεύσασθαι;
1519 1997 1604 2024 Τοῦτο
1614 1997 1642 2023 δὲ
1654 1997 1704 2022 οὐκ
1715 1995 1776 2022 ἔστι
1789 1995 1891 2030 ipa-360;,

1106 2047 1144 2079 ὡς
1160 2046 1241 2073 δοκῶ·
1257 2043 1314 2072 οἷον
1330 2044 1564 2080 μετασχηματίζω
1583 2043 1623 2075 εἰς
1640 2043 1762 2077 ἐμαυτὸν
1780 2040 1894 2068 τοιοῦτὸν

1105 2102 1141 2120 τι.
1160 2091 1247 2119 Ἥ).οε
1269 2091 1339 2126 κόρη
1356 2090 1426 2126 πρός
1450 2099 1484 2125 με
1503 2089 1656 2123 διωκομένη
1675 2088 1728 2114 ὑπό
1746 2095 1822 2118 τινος
1837 2085 1894 2120 φθο-

1108 2140 1194 2174 ρέως.
1219 2136 1334 2164 αίτοῦσα
1357 2137 1395 2172 μὴ
1415 2135 1573 2171 φανερῶσαι
1589 2133 1629 2169 τῷ
1644 2133 1743 2168 φθορεῖ
1762 2132 1895 2168 ἐρωτῶντι

1106 2187 1148 2213 ὅτι
1167 2193 1200 2220 με
1221 2184 1382 2219 φυλάττοις·
1407 2182 1469 2208 ἐπεὶ
1487 2181 1595 2215 φθείρει
1611 2188 1645 2215 με
1661 2180 1782 2210 πάντως.
1804 2178 1896 2204 Τοίνυν

1107 2231 1230 2262 ἐλθόντος
1240 2229 1288 2256 τοῦ
1301 2229 1442 2264 φθορέως,
1458 2227 1505 2254 καὶ
1520 2226 1716 2261 ἀνακρίναντος
1728 2233 1735 2240 ·
1751 2223 1836 2260 ἦλθεν
1851 2220 1897 2250 ὦδε

1106 2278 1173 2313 κόρη
1190 2276 1258 2312 πρός
1273 2284 1322 2309 σε;
1340 2275 1428 2310 λέγων
1443 2273 1509 2308 ἐγὼ,
1525 2272 1565 2300 οὗ·
1583 2272 1614 2299 οὐ
1628 2271 1777 2306 ψεύδομαι·
1795 2271 1845 2305 οὐχ
1859 2270 1895 2296 ὅτι

1105 2323 1156 2350 οὐκ
1171 2323 1225 2357 ἔχω
1246 2321 1295 2358 τὴν
1315 2321 1400 2357 κόρην
1411 2320 1597 2355 λογιζόμενος·
1615 2317 1673 2345 ἀλλ’
1689 2317 1730 2344 ὅτι
1745 2317 1777 2343 οὐ
1793 2317 1896 2351 ποιήσει

1106 2369 1186 2396 τοῦτο
1211 2368 1295 2402 ἐγγύς
1319 2376 1370 2403 μου
1390 2367 1420 2393 τὸ
1437 2365 1557 2401 πονηρὸν
1575 2364 1647 2391 κατά
1667 2363 1699 2389 τδ
1719 2363 1898 2396 σιωπώμενον

1107 2415 1199 2449 λέξας.
1219 2414 1274 2440 Καὶ
1289 2413 1370 2440 πάλιν
1382 2412 1458 2440 ἄλλοι
1476 2409 1617 2446 Παρέθετό
1631 2409 1677 2444 μοί
1688 2416 1730 2439 τις
1744 2407 1822 2441 ξίφος
1836 2406 1898 2440 πρὶς

1109 2461 1140 2487 τδ
1158 2461 1280 2496 ἀναιρεῖν
1295 2458 1403 2486 ἐαυτόψ
1416 2455 1476 2484 εἶτα
1490 2455 1575 2483 ἐλθὼν
1593 2453 1719 2490 ἐπιζητεί
1732 2453 1818 2479 τοῦτο
1837 2449 1901 2485 παρ’

1106 2507 1186 2541 ἐμοῦ.
1208 2505 1273 2532 Ἐὰν
1287 2503 1335 2532 οὖν
1351 2503 1421 2530 εἴπω
1433 2524 1442 2536 ,
1464 2503 1506 2529 ὅτι
1521 2501 1571 2529 οὐκ
1583 2498 1652 2533 οἶδα,
1667 2499 1728 2526 οὐδὲ
1742 2498 1852 2525 ἐλαὸον-
1872 2496 1899 2521 οὐ

1107 2551 1261 2587 ψευδοεπῶ.
1279 2550 1336 2577 Οὐκ
1350 2547 1410 2576 οἶδα
1428 2548 1494 2584 γὰρ,
1510 2547 1592 2582 λέγω,
1607 2545 1667 2573 οὐδὲ
1681 2543 1780 2571 ἔλαϐον
1791 2543 1860 2578 πρὸς
1873 2541 1901 2566 τὸ

1109 2597 1248 2624 ἐπιδοῦναί
1272 2597 1306 2632 μέ
1327 2604 1368 2622 σοι
1387 2595 1419 2622 τὸ
1440 2594 1516 2628 ξίφος
1531 2594 1571 2625 είς
1591 2592 1717 2619 θάνατον·
1743 2590 1828 2621 ἐπεὶ,
1856 2588 1900 2614 ἐὰν

1111 2639 1191 2672 εἴπω,
1217 2640 1279 2671 ναὶ,
1297 2639 1403 2674 ὲφθάρη
1426 2639 1444 2674 ὴ
1468 2639 1547 2673 κόρη·
1567 2636 1615 2663 καὶ
1636 2634 1754 2669 ἔσφαξεν
1777 2633 1875 2660 ἑαυτὸν
1889 2632 1903 2657 ὁ

1113 2686 1175 2717 δοῦς
1188 2685 1218 2712 τδ
1230 2685 1315 2720 ξίφος·
1326 2686 1372 2711 καὶ
1387 2684 1445 2711 ἔστι
1463 2683 1543 2711 τοῦτο
1553 2682 1647 2710 κακόν.
1661 2681 1698 2707 Τδ
1708 2681 1736 2707 δὲ
1747 2680 1837 2706 κακὸν
1855 2678 1903 2704 οὐκ

1115 2732 1144 2766 ἐξ
1154 2731 1257 2765 ἀγαθοῦ
1268 2751 1274 2763 ,
1289 2731 1346 2758 ἀλλ’
1357 2731 1389 2757 ὲκ
1397 2730 1512 2765 ψεύδους
1525 2737 1531 2744 ·
1546 2729 1638 2763 πατὴρ
1648 2727 1702 2762 γὰρ
1717 2725 1765 2752 τοῦ
1776 2725 1900 2760 ψεύδους,

1115 2777 1129 2803 ὁ
1143 2777 1191 2812 τῆς
1208 2777 1306 2808 κακίας
1323 2776 1448 2811 εὑρετής.
1459 2776 1496 2802 Th
1505 2775 1532 2802 δὲ
1548 2773 1728 2810 μὴφθαρῆναι
1742 2771 1795 2806 τὴν
1809 2770 1902 2805 κόρηνς
