1923 3078
87 162 158 194 1237

688 159 958 190 EPISTOLARUM
982 159 1057 190 LIB.
1079 159 1110 189 ll

1653 160 1722 193 1238

80 220 132 246 καὶ
148 217 188 254 μὴ
200 217 323 252 ἀναιρεῖν
338 214 435 242 ἑαυτὸν
450 214 495 241 τὸν
504 214 658 249 ξιφοδότην,
669 214 772 248 ἀγαθόν
782 223 788 230 ·
806 215 837 241 τὸ
849 215 875 241 δὲ

931 214 984 241 lam
1000 218 1091 241 autem
1103 221 1157 241 non
1173 214 1275 247 vitiari,
1304 221 1354 241 nec
1368 214 1420 241 sibi
1441 221 1536 242 necem
1562 216 1659 244 afferre
1674 219 1725 252 qui

78 264 196 299 ἀγαθὸν,
211 264 228 299 ἡ
238 263 364 298 ἀλήθεια·
379 263 393 289 ὁ
404 261 471 294 Θεὸς
486 262 541 296 γὰρ
557 261 659 295 ἀγαθὸς
670 261 740 296 ὁμοῦ
751 263 799 288 καὶ
808 261 878 297 ἁλή-

76 312 153 338 θεια.
161 310 269 345 Εὑρέθη
281 307 329 336 οὖν
341 309 373 335 τὺ
380 308 476 335 δοκοῦν
486 307 594 343 ψεῦδος,
605 307 877 343 ἁλήθειαὸμολογου-

78 359 150 393 μένη
162 354 243 383 εἶναι.
255 356 311 382 Καὶ
318 355 406 390 ἔθηκα
414 354 464 390 τὴν
473 355 563 390 ψυχὴν
574 355 603 380 ὲν
615 354 654 389 τῷ
664 354 744 389 δῆθεν
752 354 877 381 δοκοῦντι

75 402 221 437 ψεύσματι
234 401 305 436 ὑπὲρ
317 399 365 427 τοῦ
377 399 467 434 φίλου·
479 399 528 426 καὶ
544 399 665 435 ἔρρωται
679 399 877 435 ἀμφοτέρωθεν

75 450 96 483 ὴ
109 448 218 483 ἐντολή·
232 448 284 474 οὐκ
294 448 324 474 ἐν
336 446 490 481 ψεύσματι,
508 446 566 473 ἀλλ’
581 447 611 473 ὲν
633 445 749 482 ἀληθείᾳ
764 446 876 473 τελειω-

77 496 169 522 θεῖσα.
188 495 227 522 Οὐ
245 494 371 530 μέντοιγε
384 493 478 520 εῖνεκα
498 493 610 524 ἑαυτοῦ,
625 493 668 520 ἵνα
685 492 722 529 μὴ
737 493 876 525 ἀποθάνω,

74 541 160 568 τοῦτο
174 542 262 568 ποιεῖν
276 541 340 576 χρὴ·
361 539 460 575 ψεῦδος
474 540 530 574 γὰρ
544 536 607 566 ὦδε.
623 539 694 566 οὔτε
709 540 763 575 μὴν
777 539 876 575 ὀμόσαι

75 590 108 616 τὸ
125 589 252 622 καθόλου,
268 588 331 616 οὕτε
343 589 408 623 περὶ
421 588 520 615 ἑαυτοῦ
533 608 541 621 ,
554 588 616 614 οὔτε
632 588 698 623 περὶ
723 588 806 620 ἄλλον
822 597 878 615 σω-

76 636 191 672 τηρίας
206 635 352 671 προφανὴς
367 635 423 670 γὰρ
443 635 460 670 ὴ
482 634 650 670 παράὸασις.
667 634 747 661 οὕτω
762 634 793 661 τὸ
812 635 876 670 ἐμοὶ

77 681 246 717 φαινόμενον
262 680 331 715 ἔχει.
360 681 438 707 Ἐπεὶ
453 681 500 708 καὶ
514 681 531 716 ἡ
554 681 647 716 Σάρρα
667 678 728 707 εἷπε
745 680 783 715 τῷ
801 680 876 706 Ἀϐι-

79 728 178 763 μέλεχ,
191 728 233 754 ὅτι
262 726 393 762 ’Δὸελφή
410 728 469 762 ειμι
485 727 540 754 τοῦ
560 726 700 761 Ἀϐραάμ.
717 727 772 753 Καὶ
782 727 797 753 ὀ
808 735 876 762 προ-

77 775 171 809 φήτης
195 773 333 810 Ἱερεμίας
350 774 409 806 τοῖς
432 773 575 809 ἐρωτῶσιν
591 773 675 801 αὐτὸν
696 773 822 810 ἄρχουσι·
845 773 876 801 Τί

77 829 130 849 σοι
146 819 232 848 εἶπεν
246 822 263 847 ό
276 820 448 853 ,ϐασιλεύω
462 819 528 847 ἄλλο
542 820 605 847 ἀντὶ
619 819 702 847 ἄλλοι)
723 819 874 856 ἀπεκρίθη,

75 866 175 894 καθότι
190 866 307 893 ὑπέθετο
318 866 394 902 αὺτῷ
413 867 427 893 ὁ
443 866 588 902 βασιλεὺς,
603 867 658 894 δέει
677 867 795 894 θανάτου
805 886 813 898 ,
828 867 876 893 καὶ

75 914 140 940 eri-te
154 913 267 940 οίκείου.
282 913 338 940 Καὶ
352 914 392 944 εὶς
406 912 441 940 τὰ
455 912 660 948 ἀποφθέγματα
675 913 731 940 τῶν
743 913 876 949 Πατέρων
891 922 913 951 Β

75 959 233 995 ἐμφέρεται
246 959 276 986 τὸ
289 958 424 987 τοιοῦτον,
437 959 468 986 Εί
481 959 510 986 δὲ
523 968 550 986 τι
567 959 650 992 αὐτὸς
664 960 741 995 παρὰ
752 958 879 993 σεαυτοῦ,

74 1006 94 1041 ἢ
108 1006 175 1041 παρ’
188 1005 284 1041 ἐτέρου
296 1004 399 1040 εὕροις,
410 1005 570 1042 φανερῶσαι
577 1006 645 1040 ἡμῖν
658 1005 696 1042 μὴ
708 1006 878 1042 παραιτήσῃ,

76 1053 148 1088 πρὸς
162 1052 314 1086 ἐπίγνωσιν
328 1052 458 1086 ἀληθείας
469 1072 478 1085 ,
493 1052 541 1079 καὶ
565 1052 709 1088 φωτισμὸν
722 1052 783 1084 νοὸς
798 1051 879 1088 ἡμῶν

75 1096 216 1133 ἁμυδροῦ.
240 1097 292 1124 Τὸν
316 1097 583 1132 συγκακοπαθοῦντά
603 1106 645 1125 σοι
667 1098 876 1134 προσαγορεύω.

80 1143 112 1169 ’0
128 1144 178 1170 σὺν
193 1143 256 1179 ἐμοὶ
269 1145 471 1180 προσαγορεύει
484 1152 525 1171 σε.

268 1289 315 1317 M'.
334 1304 370 1309 —
384 1289 562 1323 Ναυκρατίῳ
582 1288 686 1322 τέκνῳ.
790 1288 878 1327 [Ityn]

523 1358 563 1384 De
580 1359 658 1390 lapsis
670 1365 807 1390 eorumque
828 1359 917 1390 pomis.

111 1413 219 1446 Εἶωθας
238 1413 284 1440 ἀεὶ
308 1413 415 1448 μακρὸν
436 1412 575 1440 ποιεῖσθαι
602 1412 634 1439 τὸ
655 1413 706 1448 τῆς
731 1412 880 1448 ἐπιστολῆς

71 1460 239 1495 προοίμιον
260 1459 347 1486 πολλὰ
371 1460 439 1494 ἡμῖν
452 1460 511 1492 τοῖς
533 1458 655 1492 ἀναξίοις
679 1460 827 1495 συμφέρων
844 1461 879 1487 τὰ

72 1506 204 1542 ἐγκώμια
217 1525 224 1537 .
237 1506 288 1533 οὐκ
298 1506 364 1533 ὄντα
380 1506 482 1541 ἀληθῆ,
498 1506 610 1542 φιλικῆς
629 1506 659 1533 δὲ
671 1506 821 1538 διαθέσεως
835 1506 878 1533 ὲν-

72 1554 222 1588 δείγματα.
241 1553 315 1588 Ἐγὼ
328 1553 358 1580 δὲ
370 1554 399 1580 ὲν
420 1554 546 1590 βραχέσι.
562 1554 596 1580 Τί
613 1553 714 1587 τοῦτο;
728 1554 773 1581 ἵνα
787 1554 874 1588 ὑγιαίε

72 1608 133 1631 νοις
145 1600 175 1626 ἐν
187 1599 284 1635 Κυρίῳ
295 1619 303 1632 ,
317 1599 417 1634 ἁδελφέ
437 1608 501 1635 μου,
514 1599 741 1652 θερμότερρςΙάεὶ
763 1600 875 1652 γινόμε-
888 1623 910 1652 c

72 1647 170 1681 νοςτῇ
193 1646 290 1682 ἀγάπῃ
317 1646 437 1681 Χριστοῦ
461 1646 612 1682 ὑποφέρειν
627 1646 663 1674 τὰ
681 1647 753 1682 ὑπὲρ
778 1646 872 1673 αὑτοῦ·

72 1693 136 1720 ἀλλ’
150 1693 265 1719 οῢτίπου
286 1693 436 1728 ὑπολήγειν
451 1694 485 1720 ὲκ
506 1693 657 1729 ῥᾳθυμίας.
681 1692 737 1720 Καὶ
764 1692 807 1728 είη
834 1701 875 1719 σοι

73 1741 117 1766 ἔτι
135 1738 243 1774 ἔξαψις·
259 1739 298 1771 ὡς
311 1740 345 1766 ἂν
360 1738 471 1774 ἐπᾴδειν
488 1747 518 1765 σε
540 1739 610 1774 μετὰ
622 1739 707 1766 Δαὸὶδ
719 1739 767 1766 τοῦ
781 1740 873 1774 ἁγίου·

76 1786 135 1812 Ὀν
159 1786 274 1819 τρόπον·
289 1785 428 1812 ἐπιποθεῖ
447 1785 467 1819 ἡ
486 1785 603 1819 ἔλαφος
625 1785 676 1812 ἐπὶ
698 1785 752 1818 τὰς
776 1786 875 1820 ,πηγὰς

71 1830 138 1858 τῶν
159 1830 289 1864 ὑδάτων,
312 1831 408 1863 οὕτως
418 1831 558 1858 ἐπιποθεῖ
573 1831 594 1864 ὴ
610 1831 697 1866 ψυχή
713 1840 774 1866 μου
799 1831 876 1866 πρὸς

71 1886 124 1910 σε,
141 1878 159 1904 ὁ
176 1877 258 1910 Θεός.
285 1876 371 1904 Τοῦτο
390 1877 419 1904 δὲ
441 1877 564 1913 ἐνεργῶς
580 1878 670 1913 ᾅδοιεν
687 1878 720 1905 ἄν
734 1886 777 1910 τις
790 1887 874 1905 κεκα-

71 1923 219 1960 θαρμένην
239 1923 310 1959 ἔχων
330 1923 381 1959 τὴν
393 1923 521 1960 καρδίαν,
538 1924 555 1959 ἢ
570 1924 788 1960 καθαιρομένην.
807 1933 816 1950 ι
837 1921 875 1952 Οὔ

71 1970 131 2005 γὰρ
156 1969 310 2004 κάθαρσις,
327 1968 366 2001 ὥς
380 1977 464 2005 φησιν
479 1970 494 1996 ὁ
511 1968 644 2004 Θεολόγος
656 1989 664 2002 ,
688 1969 834 2004 ἑλλαμψις.
863 1979 872 1996 ι

77 2018 127 2048 Ὠς
141 2016 266 2052 μακαρία
279 2017 296 2051 ἡ
311 2016 385 2051 ψυχὴ
402 2015 485 2051 αὕτη,
504 2016 551 2050 ὑφ’
571 2013 607 2051 ἧς
621 2016 653 2042 τὺ
670 2016 762 2043 πάντα
776 2016 875 2043 παθεῖν

72 2066 121 2092 διὰ
134 2064 255 2099 Χριστὸν
265 2064 433 2100 ὲπιπόθητον
448 2064 521 2098 λίαν,
538 2065 585 2091 καὶ
597 2064 629 2091 τὸ
643 2063 783 2100 βδέλυγμα
799 2065 876 2100 ἡγεῖ-

74 2111 142 2139 σθαι
165 2109 240 2138 ἅπαν
262 2110 365 2146 σαρκὸς
385 2109 476 2145 ἔργον.
508 2109 593 2142 Εῠξαι
617 2108 738 2146 [sitiat],
765 2110 874 2145 ἀδελφὲ,

71 2156 264 2193 ὀσφρανθῆναί
287 2165 323 2192 με
338 2156 388 2192 τῆς
411 2155 527 2188 εὐωδίας
547 2156 671 2192 ταύτης,
695 2157 741 2183 τὸν
755 2156 874 2183 ὀδωδότα

71 2205 131 2235 τοῖς
150 2203 277 2230 πάθεσιν.
298 2199 382 2234 Οὗτος
397 2203 411 2230 ό
429 2202 539 2238 πρῶτος
561 2202 651 2237 λόγος.
678 2203 708 2229 '0
731 2203 873 2239 δεύτερος,

71 2250 143 2285 περὶ
164 2248 213 2275 τοῦ
238 2248 404 2276 ’Δνατολίου.
438 2249 484 2281 Ὦς
499 2249 622 2284 λυπηρόν
648 2257 694 2284 μοι
714 2249 746 2276 τὺ
771 2249 874 2285 πτῶμα

930 260 1051 295 gladium
1067 260 1160 294 dedit,
1183 261 1286 288 bonum
1306 265 1348 288 est
1364 261 1487 288 :bonum
1505 267 1597 289 autent
1623 265 1725 291 veritas

929 312 982 334 est.
999 306 1071 334 Deus
1082 307 1166 340 enim,
1177 307 1249 335 idem
1260 311 1287 335 et
1301 308 1390 335 bonus
1403 312 1445 335 e5t
1458 313 1485 335 et
1495 309 1605 336 veritas.
1624 308 1727 344 Depre-

931 353 1046 380 hensum
1061 358 1103 381 est
1122 353 1206 389 igitur
1232 353 1260 381 id
1277 354 1349 389 quod
1371 353 1545 382 mendacium
1567 355 1725 389 videbatur,

930 400 989 426 sine
1008 400 1194 427 controversia
1225 400 1366 428 veritatem
1397 407 1469 427 esse.
1491 399 1537 427 Sic
1560 406 1588 428 et
1602 401 1725 428 animam

929 445 1021 481 posui,
1038 447 1066 473 in
1080 453 1113 474 eo
1128 446 1254 474 videlicet
1277 446 1351 482 quod
1366 447 1539 474 mendacium
1564 447 1726 480 videbatur,

929 492 1012 519 amici
1029 499 1123 520 causa.
1139 492 1171 520 Et
1190 493 1297 520 salvum
1309 496 1351 520 est
1367 500 1401 520 ex
1420 497 1537 527 utraque
1552 498 1629 528 parte
1644 502 1725 521 man-

929 539 1035 572 datum,
1053 546 1107 566 non
1120 539 1148 565 in
1163 539 1306 566 mendacio
1319 540 1365 566 sed
1384 539 1411 566 in
1432 539 1544 568 veritate
1561 541 1724 575 praestitum.

927 583 1011 612 Nefas
1039 585 1134 619 utique
1162 586 1214 612 hoc
1241 585 1300 612 fieri
1326 593 1385 612 mea
1410 594 1511 620 causa,
1538 594 1572 613 ne
1597 587 1725 614 moriar:

929 629 1102 657 mendacium
1118 631 1191 657 enim
1207 634 1273 657 tunc
1292 635 1345 657 est.
1363 630 1420 658 Nec
1433 630 1583 666 juraudutn
1600 633 1726 666 omnino,

928 683 1018 710 neque
1031 684 1080 711 pro
1103 684 1152 704 sua
1169 676 1272 711 ipsius,
1291 685 1381 712 neque
1404 685 1455 713 pro
1484 678 1598 706 alterius
1615 679 1725 706 salute:

929 721 1074 750 manifesta
1089 729 1131 750 est
1154 723 1226 750 enim
1252 723 1320 758 legis
1335 724 1458 752 violatio.
1476 724 1531 755 Sic.
1548 729 1577 752 ut
1598 725 1726 760 equidem

927 768 1056 801 arbitror,
1072 776 1103 796 se
1121 777 1164 796 res
1185 769 1277 797 habet.
1295 770 1364 797 Nam
1376 776 1403 798 et
1428 772 1495 799 Sara
1517 771 1586 799 dixit
1613 773 1726 800 Abime-

927 814 987 842 lech
1001 823 1008 841 :
1024 814 1106 841 Soror
1120 823 1179 842 sum
1200 816 1315 843 Abrahae
1334 816 1366 844 ”.
1395 816 1427 844 Et
1447 816 1580 846 Jeremias
1593 819 1726 853 propheta

927 862 1134 889 sciscitantibus
1162 870 1195 889 ex
1223 870 1257 890 eo
1277 863 1448 899 principibus
1476 865 1572 897 :Quid
1605 866 1653 892 tibi
1680 874 1727 893 rea;

927 908 1020 934 dixit?
1035 909 1242 944 responsionem
1262 911 1316 937 alio
1333 910 1477 945 derivavit,
1492 914 1725 947 quemadmodum

928 962 976 981 rex
991 955 1015 982 ei
1033 961 1218 990 suggesserat,
1247 962 1322 985 metu
1349 960 1457 992 mortis,
1483 964 1512 987 et
1527 965 1591 988 tunc
1610 962 1724 996 quidem

929 1001 1047 1036 propriae
1085 1002 1117 1029 “.
1149 1003 1182 1030 Et
1206 1003 1278 1031 inter
1315 1004 1428 1032 Patrum
1470 1007 1621 1034 sententias
1652 1007 1726 1035 istud

925 1047 1016 1081 ipsum
1035 1048 1176 1076 inseritur.
1201 1049 1278 1082 Quod
1293 1051 1316 1078 si
1333 1051 1400 1086 quid
1419 1052 1461 1079 vel
1478 1060 1526 1088 per
1542 1053 1641 1088 teipse
1654 1073 1662 1087 ,
1682 1053 1727 1081 vel

924 1095 1039 1122 alterius
1051 1103 1102 1130 ope
1116 1096 1266 1129 imcneris,
1275 1097 1432 1132 signiticare
1448 1100 1528 1126 nobis
1554 1108 1588 1127 ne
1599 1102 1722 1135 graveris

925 1141 959 1167 ad
971 1140 1138 1176 agnitionem
1153 1142 1287 1176 veritatis,
1297 1152 1329 1171 ac
1337 1145 1437 1173 mentis
1447 1151 1549 1174 nostra:
1569 1148 1720 1175 hebetioris

925 1187 1174 1216 cullustrationem.
1191 1188 1302 1216 Socium
1320 1198 1512 1219 aerumnarum
1528 1198 1637 1220 tuarum
1648 1195 1724 1222 salu-

926 1239 964 1260 to.
980 1233 1031 1266 Qui
1045 1241 1152 1262 mecum
1167 1241 1210 1262 est
1226 1236 1343 1263 salutem
1357 1238 1405 1264 tibi
1426 1238 1504 1266 dicit.

1148 1292 1203 1321 XL.
1220 1309 1245 1313 —
1258 1293 1408 1322 Naucralio
1427 1296 1494 1330 lilio.

942 1359 1041 1390 (Bal-ou.
1057 1367 1098 1385 an.
1108 1361 1164 1391 816,
1185 1368 1209 1386 ιι.
1220 1362 1272 1394 19.)

969 1412 1084 1448 Semper
1094 1413 1191 1442 solitus
1200 1422 1229 1442 es
1239 1415 1374 1450 prolixius
1384 1415 1474 1445 facere
1484 1417 1636 1447 litterarum
1648 1428 1727 1448 exor-

927 1458 1003 1485 dium
1020 1468 1027 1486 :
1044 1459 1108 1486 dum
1120 1460 1237 1495 plurima
1257 1461 1285 1489 in
1297 1469 1347 1491 nos
1358 1463 1406 1498 qui
1419 1464 1525 1500 indigni
1538 1473 1644 1499 sumus,
1658 1475 1725 1495 con-

926 1504 998 1539 geris
1009 1507 1144 1540 encomia,
1157 1514 1213 1535 non
1229 1515 1291 1535 vera
1305 1509 1350 1536 illa
1361 1511 1483 1545 quidem,
1504 1513 1551 1540 sed
1563 1517 1653 1541 tamen
1666 1516 1726 1542 sin-

927 1552 1032 1585 gularis
1059 1551 1257 1581 benevolentiae
1282 1562 1455 1590 argumenta.
1482 1558 1517 1585 At
1545 1566 1595 1594 ego
1618 1561 1724 1595 paucis.

927 1596 999 1630 Quid
1012 1598 1065 1626 hoc
1082 1598 1132 1626 ?ut
1143 1603 1218 1627 recte
1244 1600 1336 1629 valeas
1351 1603 1378 1629 in
1404 1603 1532 1637 Domino,
1553 1605 1639 1633 frater
1664 1607 1723 1634 nti:

934 1645 1083 1672 ferventior
1097 1645 1187 1675 factus
1216 1647 1244 1674 in
1259 1648 1329 1682 dies,
1350 1653 1407 1677 tum
1422 1654 1453 1678 ut
1473 1650 1576 1680 Christi
1591 1654 1725 1681 charitate

925 1688 1060 1722 quidlibet
1070 1689 1157 1725 ipsius
1167 1699 1250 1719 causa
1261 1694 1431 1728 perpetiare,
1446 1700 1503 1723 tum
1515 1701 1545 1724 ut
1556 1698 1664 1726 nihilex
1677 1707 1725 1726 so-

925 1735 1020 1762 cordia
1031 1738 1233 1770 praetermittas.
1249 1739 1339 1774 Atque
1354 1740 1459 1768 utinam
1472 1742 1564 1770 fervor
1578 1745 1627 1772 tibi
1642 1752 1723 1773 men-

926 1780 960 1808 tis
976 1782 1058 1813 adsit.
1074 1787 1104 1810 ut
1121 1790 1183 1811 cum
1202 1789 1300 1812 sancto
1325 1786 1426 1815 Davide
1453 1789 1544 1823 possis
1575 1791 1701 1819 accinere
1714 1813 1722 1820 .

927 1827 1156 1859 Quemadmodum
1168 1830 1300 1859 desiderat
1315 1840 1406 1860 cervus
1424 1834 1459 1861 ad
1479 1835 1563 1870 fontes
1580 1845 1724 1872 aquarum,

926 1873 964 1899 im
987 1874 1120 1902 desiderat
1155 1878 1247 1904 anima
1269 1887 1327 1906 mea
1342 1879 1378 1906 ad
1393 1884 1428 1914 te,
1450 1880 1521 1910 Deus
1536 1883 1568 1911 ".
1586 1884 1615 1910 ld
1632 1890 1723 1912 autem

926 1928 1026 1956 magno
1040 1924 1134 1950 animo
1150 1925 1292 1958 cecinerit,
1304 1927 1431 1963 quisquis
1448 1929 1490 1956 vel
1508 1935 1626 1966 purgato
1648 1932 1724 1967 jam-

926 1968 1030 1995 dudum
1065 1970 1148 1997 corde
1168 1970 1267 2005 fuerit,
1284 1973 1327 2000 vel
1355 1975 1501 2011 purgando
1527 1977 1573 2004 det
1596 1986 1721 2013 operam.

933 2022 942 2038 ι
960 2013 1010 2041 Ubi
1025 2015 1099 2042 enim
1113 2018 1240 2052 purgatio
1256 2023 1308 2052 est,
1324 2021 1401 2048 utait
1413 2021 1579 2058 Theologus,
1595 2025 1632 2051 ibi
1658 2025 1723 2052 illu-

927 2059 1041 2087 minatio
1056 2061 1089 2088 ¹⁶.
1104 2070 1114 2087 ι
1135 2061 1223 2095 Quam
1240 2064 1305 2091 felix
1322 2065 1368 2093 ille
1389 2067 1499 2096 animus
1516 2075 1568 2102 est,
1584 2070 1629 2097 cui
1643 2078 1722 2098 sum-

926 2113 971 2133 ma
985 2112 1111 2135 votorum
1129 2114 1172 2137 est
1189 2112 1284 2139 omnia
1311 2117 1423 2148 propter
1437 2114 1576 2143 Christum
1593 2118 1696 2152 perpeti
1711 2127 1720 2145 :

926 2157 954 2181 et
969 2153 1185 2183 abominandum
1210 2165 1325 2186 censere
1349 2166 1430 2188 omne
1441 2162 1534 2190 carnis
1549 2171 1618 2198 opus
1632 2165 1638 2191 ί
1655 2165 1719 2199 Ora,

926 2199 1023 2234 frater,
1041 2206 1071 2229 ut
1086 2209 1198 2230 suavem
1219 2204 1292 2232 hunc
1307 2206 1420 2234 odorem
1432 2208 1570 2243 olfaciam,
1583 2215 1611 2238 et
1621 2219 1720 2238 aerum-

927 2255 1024 2275 narum
1033 2251 1208 2284 perpessione
1219 2252 1364 2280 redoleam.
1380 2252 1443 2282 Haec
1456 2256 1530 2290 prior
1545 2264 1609 2291 pars
1618 2259 1723 2286 oratio-

71 2294 171 2322 αὑτοῖν·
188 2293 259 2331 πλὴν
274 2294 451 2330 ἀπεδεξάμην
467 2303 516 2322 σου
530 2295 581 2331 τὴν
597 2295 730 2332 ἰατρείαν.
749 2297 810 2323 Ἐτι
825 2294 872 2323 οὖν

929 2295 979 2321 uis.
995 2294 1099 2328 Altera,
1111 2296 1146 2323 de
1160 2297 1298 2325 Anatolio.
1315 2298 1404 2332 Quam
1420 2302 1538 2330 acerbus
1562 2304 1628 2331 mihi
1645 2304 1721 2332 illius

71 2340 261 2377 ἐπιμελήθητι
283 2341 367 2368 αὑτοῦ
383 2341 538 2376 φιλαδέλφῳ
561 2342 692 2369 διαθέσει.
719 2343 747 2369 '0
762 2343 872 2379 τρίτος,

71 2387 143 2424 περὶ
158 2383 197 2416 ὦν
211 2387 373 2423 προέτεινας
389 2387 557 2422 κεφαλαίων.

109 2486 153 2512 A’.
179 2484 243 2512 Ἐὰν
259 2484 401 2521 ὀρθόδοξος
420 2484 578 2522 διαϐληθεὶς
596 2486 634 2519 ὡς
659 2487 698 2523 μὴ
724 2489 872 2523 κοινωνῶν,

71 2534 182 2569 ποιήσῃ
207 2532 335 2568 σταυρὸν,
357 2532 399 2559 ὅτι
412 2532 552 2559 Κοινωνῶ·
568 2532 653 2568 μηδὲν
669 2533 765 2569 ἕτερον
787 2535 872 2560 πολυ-

72 2578 285 2614 πραγμονηθεὶς
298 2578 376 2614 παρὰ
388 2577 443 2605 τῶν
453 2578 614 2613 αίρετικῶψ
624 2579 708 2606 αὑτοῦ
722 2580 751 2606 δὲ
765 2579 875 2616 ἔχοντος

74 2624 198 2660 ιρύὸδην
206 2623 246 2659 τῷ
253 2623 389 2659 λογωμῶ·
403 2624 502 2660 ὅτιπερ
517 2623 563 2657 Ἐξ
578 2624 721 2660 ὁρθοδόξου
738 2627 875 2654 κοινωνῶν

74 2672 144 2704 εἰμι·
165 2670 217 2696 οὐκ
232 2669 376 2704 οἰκονομία
396 2669 429 2696 τὸ
438 2669 572 2702 τοιοῦτον,
590 2670 659 2697 ἀλλὰ
681 2671 811 2704 προδοσία
824 2673 874 2708 τῆς

74 2717 217 2751 λιληθείας.
226 2716 263 2743 To
276 2716 415 2751 ἐπιτίμιον
428 2716 615 2753 ἡμισευμένον
628 2718 697 2753 πρὸς
710 2719 756 2745 τὸν
766 2719 875 2754 ὁλοτρὸ-

72 2770 133 2793 πως
147 2763 184 2797 τῇ
196 2761 302 2796 αἱρέσει
319 2762 535 2798 κοινωνήσαντα.
555 2763 642 2790 Πόσον
655 2764 683 2790 δὲ
707 2765 738 2791 τὸ
750 2765 873 2792 τοιοῦτον

71 2808 125 2843 ἠδη
140 2807 346 2842 προερωτηθεὶς
361 2809 409 2834 καὶ
420 2809 598 2845 ἀποκριθεὶς,
613 2811 743 2845 περιττόν
758 2811 815 2837 ἐστι
831 2811 871 2843 δὶς

71 2854 107 2880 τὰ
121 2852 194 2879 αὐτὰ
206 2853 417 2881 ὲπανακυκλεῖν.

111 2912 134 2928 ⁸³
153 2911 223 2939 Gen.
241 2919 288 2944 ιιι,
309 2912 332 2939 l.

922 2340 1016 2376 lapsus
1032 2342 1150 2370 exstitit!
1171 2342 1224 2371 Sed
1237 2349 1328 2373 tamen
1343 2347 1455 2382 gavisus
1465 2356 1525 2376 sum
1539 2351 1721 2380 medicattoue

923 2391 979 2414 tua.
997 2388 1094 2416 Adhuc
1110 2389 1193 2423 igitur
1210 2390 1283 2419 illius
1304 2400 1400 2421 curam
1418 2395 1490 2422 habe
1514 2396 1636 2425 fraterno
1655 2399 1720 2427 affe—

924 2440 980 2463 ctu.
997 2435 1100 2469 Tertia,
1116 2437 1150 2464 de
1164 2439 1301 2472 capitibus
1314 2448 1375 2475 qua:
1397 2443 1575 2477 proposuistit

960 2482 979 2508 l.
991 2482 1020 2508 Si
1031 2483 1202 2512 orthodoxus
1211 2492 1357 2514 accusatus
1366 2489 1438 2522 quod
1453 2497 1507 2516 non
1523 2493 1720 2527 communicet,

924 2528 994 2556 facta
1017 2537 1099 2557 cruce
1110 2531 1210 2559 dixerit
1228 2542 1235 2560 :
1253 2533 1434 2575 Communico
1452 2555 1460 2569 ,
1474 2537 1543 2564 nihil
1560 2538 1585 2565 ei
1600 2540 1720 2575 amplius

926 2576 1025 2610 negotii
1050 2576 1249 2606 facesscntibus
1274 2572 1411 2609 haereticis
1429 2583 1520 2615 ;clam
1546 2590 1638 2612 autem
1660 2587 1720 2622 ipso

925 2623 1042 2650 habente
1053 2625 1126 2651 istud
1144 2625 1172 2652 in
1188 2626 1291 2660 animo,
1326 2636 1389 2656 cum
1407 2629 1568 2658 orthodoxis
1593 2639 1720 2661 commu-

924 2670 1005 2703 nico;
1024 2679 1079 2698 non
1091 2673 1261 2708 dispensatio
1279 2675 1352 2704 istud
1368 2681 1419 2711 est,
1444 2678 1490 2706 sed
1512 2679 1632 2713 proditio
1649 2683 1719 2709 veri-

924 2718 998 2745 tatis.
1014 2718 1160 2747 Dimidium
1176 2721 1242 2750 huic
1257 2723 1429 2752 subeundum
1443 2734 1530 2762 poenae
1549 2736 1609 2762 qua).
1624 2730 1647 2756 ei
1660 2734 1719 2756 sta-

923 2765 1011 2792 tuitur
1023 2766 1070 2801 qui
1085 2767 1164 2801 plane
1179 2768 1276 2797 hmresi
1296 2773 1520 2802 communicarit.
1531 2774 1638 2809 Quanta
1653 2785 1720 2804 vero

921 2818 953 2838 ea
967 2811 1012 2845 sit,
1027 2820 1089 2839 cum
1114 2813 1148 2841 ad
1165 2814 1361 2851 interrogatum
1373 2818 1430 2853 jam
1451 2826 1531 2848 antea
1555 2830 1719 2856 responsum

919 2858 964 2891 sit,
978 2866 1209 2893 supervacaneum
1231 2863 1325 2891 estbis
1341 2865 1434 2893 eadem
1456 2867 1565 2895 iterare.

385 2912 408 2929 “
422 2912 522 2942 Jerem.
540 2922 653 2949 xxxvnt,
679 2915 714 2942 25
733 2923 809 2952 seqq.
853 2917 873 2933 "
892 2917 964 2945 Psal.
983 2926 1037 2951 xiv,
1054 2917 1093 2945 t5.
1135 2919 1155 2934 ⁸⁸
1167 2919 1247 2955 Grcg.
1261 2920 1327 2951 Naz.
1345 2926 1532 2963 orat.59,pag
1551 2927 1614 2956 728.
