1923 3078
237 139 307 180 1239

825 153 856 182 S.
873 152 1069 182 THEODORI
1087 153 1260 184 STUDITE

1807 159 1876 192 1240

270 207 303 235 ll.
321 207 350 234 Si
366 207 429 242 quis
450 207 596 242 impiorum
627 216 723 242 suasu,
749 216 845 236 eorum
872 210 1024 244 conspectu‘

1119 209 1156 238 Π.
1184 211 1247 238 Ἐαν
1263 220 1303 243 τ.ς
1326 213 1395 247 τεὸς
1411 213 1603 249 πληροφορίαν
1619 214 1675 242 τῶν
1701 216 1812 244 ἀσεϐῶν
1835 219 1877 244 ἐπ’

231 253 331 289 prodat
349 254 537 289 presbyterum
567 255 718 282 latitantem
739 261 850 290 propter
865 259 947 282 recta:
965 255 1028 282 ﬁdei

232 299 342 336 dogma,
358 307 408 327 nec.
422 300 565 328 luereticos
583 305 854 332 commemorantem,
866 305 894 328 et
918 301 952 327 ab
969 300 1030 335 ipso

234 347 282 374 ﬁat
312 354 454 374 sacrorum
482 348 675 382 mysteriorum
697 347 853 382 particeps:
870 350 897 374 et
910 347 962 374 iste
975 367 983 380 ,
1000 351 1031 374 ut

233 392 358 427 proditor
370 392 505 424 veritatis,
522 394 548 419 in
565 400 673 428 pmnam
691 400 764 421 anno
782 401 836 420 uno
849 401 863 420 a
877 394 963 421 sacris
983 393 1031 420 ab-

234 439 347 466 stineat.

268 484 313 511 Ill.
339 484 369 512 Si
394 485 455 520 quis
484 485 618 520 iuraverit
643 493 693 512 nec
723 492 753 513 se
778 485 899 513 divinam
932 486 1027 520 imagi-

233 538 296 559 nem
314 533 504 563 adoraturum,
521 539 570 560 nec
587 533 755 560 orthodoxos
771 533 921 560 monachos
936 540 1030 560 susce-

233 584 344 614 pturum
362 587 369 609 ς
401 583 461 612 post
479 578 673 613 jusjurandum
703 584 794 606 autem
813 579 920 614 culpam
944 587 1028 613 agno-

234 633 314 653 scens
346 625 499 660 resipiscat,
515 631 542 652 et
574 626 670 652 adoret
699 625 806 653 occulte
826 634 833 653 :
852 633 935 661 grave
960 625 1029 652 deli-

232 676 306 699 ctum
324 679 331 703 ;
346 672 401 706 jam
429 670 569 698 Christum
595 671 640 698 ille
656 678 688 698 ac
703 671 846 706 Deiparam
869 676 896 698 et
919 676 1029 698 sanctos

233 717 351 751 ejuravit
367 725 374 743 :
390 716 477 743 tribus
495 716 576 744 annis
599 716 643 744 ille
658 716 758 744 divinis
776 716 913 752 mysteriis
932 724 1028 743 arcea-

234 769 288 796 tur,
308 771 362 791 non
378 763 437 791 sine
453 770 551 798 magna
572 764 751 791 humanitate.

268 809 313 836 IV.
333 808 434 843 Siquis
458 816 507 843 per
523 814 625 836 metum
638 808 896 844 imaginemChristi
915 813 1027 844 pungat,

232 855 275 882 vel
297 855 385 882 sancti
409 854 577 890 cujuslibet;
608 863 656 890 per
678 863 781 882 annum
804 863 818 881 a
835 855 1029 882 communione

233 901 420 936 prohibeatur.

270 946 301 974 V.
319 947 347 974 Si
360 948 422 983 quis
437 948 566 976 sacerdos
587 947 746 974 hmreticum
767 946 875 981 publice
907 952 1027 973 comme-

233 996 332 1021 moret.
352 992 478 1026 privatim
492 998 582 1020 autem
597 992 631 1019 ab
643 991 800 1019 orthodoxe
811 992 904 1026 aliquo
925 991 951 1017 in
967 998 1030 1017 ora-

233 1038 335 1065 torium
351 1043 477 1070 vocatus,
492 1045 710 1066 commemorare
733 1037 888 1065 luereticum
908 1037 976 1064 nolit
993 1044 1027 1063 an

231 1083 392 1119 religi05um
409 1084 548 1111 hominem
565 1087 672 1118 oportet
687 1083 714 1109 in
725 1082 848 1109 aratorio
862 1082 914 1109 isto
932 1088 1029 1117 preces

232 1137 364 1164 peragere
379 1130 390 1156 ?
403 1129 523 1156 Minime.

270 1175 314 1203 Vl.
328 1176 369 1203 An
390 1177 477 1210 pussit
492 1176 593 1209 aliquis
620 1180 703 1208 recte,
720 1176 785 1202 dum
812 1179 923 1209 peccata
938 1174 1027 1209 pmnis

233 1224 334 1257 expiat,
344 1223 482 1250 asciscere
499 1223 618 1257 aliquem
636 1222 687 1250 sibi
700 1222 805 1249 socium
818 1221 851 1248 ad
863 1221 1026 1248 levationem

232 1276 329 1304 pmoae.
346 1269 426 1295 Circa
441 1269 663 1296 communionem
677 1268 801 1302 quidem,
817 1267 931 1294 minime
947 1276 954 1292 :
974 1267 1027 1294 cir-

232 1323 264 1342 ca
280 1315 332 1342 alia
348 1319 450 1347 autem,
473 1322 527 1342 non
551 1314 666 1342 omnino
686 1314 911 1348 improhaudum.
933 1312 1027 1348 Neque

232 1371 298 1391 vero
313 1363 497 1399 eleemosynis
519 1371 566 1398 per
585 1371 614 1390 se
638 1363 696 1397 ipse
718 1367 806 1397 potest
825 1363 976 1397 quidquam
992 1370 1026 1389 ex

233 1417 267 1438 eo
283 1410 446 1438 subtrahere
462 1410 534 1443 quod
555 1414 597 1437 est
623 1409 777 1436 deﬁnitum.
807 1409 876 1436 Nam
905 1409 951 1443 qui
967 1416 1026 1443 pm-

233 1465 296 1484 nam
316 1457 429 1491 irrogat,
449 1456 525 1483 novit
549 1455 663 1482 omnino
691 1459 718 1482 et
735 1463 892 1490 personam.
912 1460 938 1482 et
955 1459 1024 1482 tem-

232 1511 295 1538 pus,
312 1508 338 1530 et
350 1503 476 1538 adjuncta
490 1502 668 1538 perpendere,
684 1507 713 1529 ut
733 1502 848 1529 relaxet.
865 1501 932 1528 Nam
948 1506 1023 1529 certo

232 1550 296 1581 ﬁne,
320 1549 398 1584 juxta
415 1556 537 1576 canones
563 1548 610 1583 qui
627 1552 693 1575 sunt
718 1548 913 1582 contingenter
929 1547 1022 1582 positi.

320 1572 398 1584 .---—-_
417 1572 532 1576 mm.-.
565 1572 610 1583 1—.
628 1572 693 1575 -_...
722 1572 907 1582 ωαγνερ-..ι

231 1603 285 1622 non
315 1599 434 1634 possunt
457 1595 508 1622 ista
538 1594 758 1628 comprehendi:
791 1593 1022 1628 quemadmodum
1038 1572 1059 1599 ϐ

234 1648 349 1675 magnus
365 1641 423 1675 ipse
437 1640 556 1667 Basilius
577 1641 647 1667 dixit
660 1641 693 1666 ιτ.
714 1640 787 1667 Dans
803 1640 876 1666 enim
894 1639 1025 1674 episcopo

231 1691 393 1722 potestatem
410 1687 529 1722 augendi
550 1693 582 1714 ac
594 1686 760 1717 remittendi,
783 1694 837 1713 non
854 1693 886 1713 ex
904 1687 1025 1713 necessi-

231 1739 287 1762 tate
297 1734 423 1762 videlicet
431 1734 599 1761 ineluctabili
614 1741 750 1761 canonem
761 1733 865 1765 sanxit,
876 1733 922 1759 sed
935 1733 1024 1767 quoad

232 1781 293 1816 ejus
308 1781 366 1808 fieri
383 1784 492 1815 potest:
517 1780 607 1814 utqui
625 1780 681 1812 dat,
703 1778 937 1814 quemadmodum
966 1779 1023 1812 det,

231 1827 333 1854 rideat.
350 1826 444 1860 Neque
460 1825 534 1852 enim
557 1833 608 1860 ego
623 1824 736 1852 humilis
752 1824 897 1851 deﬁniendi
918 1824 1021 1859 cupidi-

231 1879 287 1902 tate
307 1873 354 1900 sed
373 1873 397 1900 vi
414 1872 539 1904 adactus,
558 1876 584 1898 et
600 1871 711 1905 quidem
726 1870 808 1897 dandi
825 1869 934 1897 consilii
958 1878 1024 1897 cau-

231 1929 272 1954 sa,
288 1924 317 1946 ut
337 1927 409 1954 saepe
422 1919 479 1947 dixi
500 1917 651 1953 respondeo
669 1917 701 1944 ad
719 1917 874 1952 propositas
885 1916 952 1943 mihi
966 1917 1024 1944 sive

231 1975 247 1996 a
267 1971 304 1998 te,
332 1966 391 1993 sive
417 1965 451 1992 ab
471 1964 526 1992 alio
547 1964 725 1999 quaestiones.
752 1963 888 1990 Caeterum
905 1970 955 1997 pro
979 1970 1023 1990 me

232 2012 328 2039 humili
342 2017 455 2046 precare
471 2017 541 2045 :pro
555 2009 661 2036 viribus
679 2016 758 2044 opem
775 2009 809 2035 iis
823 2008 958 2043 przebens,
974 2009 1021 2043 qui

231 2064 342 2094 propter
366 2057 455 2085 Studii
469 2057 577 2090 negotia
592 2056 738 2089 dimicant,
755 2056 978 2090 quandocunque
996 2061 1023 2082 et

231 2105 391 2139 ubicunque
418 2103 522 2130 valebis
550 2103 577 2130 in
603 2102 732 2130 Domino.
763 2100 869 2129 Salutat
894 2106 920 2129 te
939 2101 1022 2129 frater

229 2150 380 2178 Nicolaus.’

265 2207 337 2234 XLI.
353 2222 389 2227 —
406 2205 551 2241 Theophila
569 2205 666 2241 Ephesi
686 2204 843 2241 [episcopo].

1082 255 1178 291 ὃψεσιν
1196 257 1288 284 αὐτῶν
1309 258 1416 292 ἑνεγκο.
1441 261 1670 296 κρυπταζόμενον
1691 263 1877 300 πρεσϐύτερον

1082 302 1154 328 κατὰ
1169 302 1199 328 τὸ
1211 303 1262 338 τῆς
1276 302 1432 338 ὀρθοδοξίας
1445 305 1546 340 δόγμα,
1559 307 1606 333 καὶ
1623 307 1691 343 μηδὲ
1706 307 1877 344 ἀναφέροντα

1081 348 1230 383 αἱρετικὸν·
1245 349 1294 376 καὶ
1310 350 1380 385 πρὸς
1390 351 1474 378 αὐτοῦ
1489 351 1599 386 μεθέξοι
1615 353 1670 380 τῶν
1682 353 1875 389 ἁγιασμάτωνο

1082 393 1130 418 καὶ
1144 388 1222 425 οὗτος
1241 393 1280 425 ὡς
1295 395 1431 431 προδότης
1447 396 1498 432 τῆς
1511 396 1660 432 ἀληθείας,
1687 399 1720 425 τὸ
1737 388 1876 435 ἐπιτίμιον

1081 437 1169 472 ἐχέτω
1181 439 1305 466 ἐνιαυτὸν
1319 440 1425 477 ἀποχὴν
1438 441 1494 468 τῶν
1509 443 1700 478 ἀγιασμάτων.

1116 485 1136 511 Γ
1137 489 1155 511 ’.
1181 485 1245 513 Ἐάν
1258 495 1301 518 τις
1317 487 1420 522 ὀμόσας
1437 487 1476 524 μὴ
1491 490 1656 524 προσκυνεῖν
1676 489 1754 517 θείαν
1768 491 1874 523 εἰκόνα,

1083 531 1148 567 μήτ’
1171 529 1205 559 αὖ
1229 532 1358 566 δέξασθαι
1385 533 1526 570 όρθόδοεον
1547 535 1715 570 μονάζοντα·
1733 538 1805 570 μετὰ
1826 539 1876 573 τὴν

1081 578 1256 613 ὀρκωμοσίαν
1268 579 1349 612 εἰδὼς
1362 579 1393 606 τὸ
1407 581 1551 615 πταῖσμα,
1567 583 1685 618 μετανοῇ
1699 603 1706 614 ,
1724 582 1774 609 καὶ
1790 591 1876 619 προσ-

1081 624 1150 658 κυνῇ
1173 625 1319 660 κρυπτῶς·
1343 625 1414 661 βαρὺ
1438 627 1468 654 τὸ
1482 627 1584 662 πτῶμα
1594 635 1602 643 ·
1620 628 1671 663 ἤδη
1685 628 1800 664 ἔξαρνος
1814 631 1875 665 ἐγέ-

1080 678 1142 697 νετο
1157 671 1279 707 Χριστοῦ
1291 692 1298 704 ,
1319 673 1370 707 τῆς
1396 682 1426 700 τε
1452 674 1585 701 Θεοτόκου
1597 695 1605 707 ,
1632 675 1680 702 καὶ
1698 675 1754 702 τῶν
1775 677 1872 711 ἁγίων·

1080 716 1175 751 τριετῆ
1187 717 1283 752 χρόνον
1298 718 1434 754 εἰργέσθω
1450 720 1505 747 τῶν
1515 721 1706 757 ἀγιασμάτων,
1722 722 1772 749 σὺν
1789 723 1873 759 πολλῇ

1081 761 1289 798 φιλανθρωπίᾳ.

1116 808 1153 835 Δ¹.
1180 808 1245 836 Ὲάν
1265 818 1309 841 τις
1323 810 1429 845 χρίσειε
1444 811 1572 844 δεδοικὼς
1584 813 1678 840 είκόνα
1700 814 1820 850 Χριστοῦ
1831 835 1840 847 ,
1855 816 1872 851 ἦ

1080 861 1152 884 τινος
1166 853 1221 880 τῶν
1236 855 1332 889 ἁγίων·
1347 857 1472 884 ἐνιαυτὸν
1487 857 1624 894 εἰργέσθω
1635 859 1687 895 τῆς
1702 861 1857 893 κοινωνίας.

1115 940 1157 967 E'.
1185 941 1247 968 Ἐάν
1257 951 1300 974 τις
1321 943 1412 978 ἱερεὺς
1426 944 1552 981 ἀναφέρῃ
1566 945 1612 972 τὸν
1628 945 1766 982 αίρετικδν
1788 948 1872 983 δημο-

1080 985 1136 1020 σίᾳ·
1156 986 1212 1022 ίδίᾳ
1225 987 1254 1014 δὲ
1272 989 1517 1025 προσκαλούμενος
1532 991 1585 1017 ὑπό
1601 999 1674 1024 τινος
1685 992 1827 1028 όρθοδόξου
1842 995 1871 1020 ἐν

1078 1031 1236 1069 εὐκτηρίῳ,
1264 1035 1407 1062 στέλλεται
1432 1037 1582 1073 ἀναφέρειν
1607 1038 1653 1065 τὸν
1676 1039 1829 1072 αίρετικόν·
1846 1042 1870 1067 εί

1078 1077 1132 1112 ἄρα
1146 1078 1176 1104 ὲν
1189 1079 1229 1115 τῷ
1239 1080 1355 1116 τοιούτῳ
1368 1082 1507 1118 εὐκτηρίῳ
1520 1082 1566 1109 τὸν
1583 1082 1686 1119 ἀκριδῆ
1700 1084 1740 1110 δεῖ
1754 1085 1871 1120 προοεὺ-

1079 1123 1191 1157 χεσθαι;
1215 1125 1358 1161 Οὐδαμῶς.

1115 1170 1161 1204 ς’.
1188 1170 1251 1197 Ἐάν
1263 1180 1306 1204 τις
1320 1173 1366 1198 ἐπὶ
1379 1171 1418 1207 τῷ
1428 1172 1521 1208 οἰκείῳ
1530 1173 1661 1209 ἐπιτιμίῳ
1670 1173 1785 1201 δύναται
1799 1176 1870 1202 κατὰ

1078 1214 1156 1249 λόγον
1170 1216 1373 1251 προσλαῦέσθαι
1386 1218 1448 1245 ἰινά
1466 1219 1505 1250 είς
1525 1220 1726 1255 ὲπικουφισμὸν
1745 1220 1792 1247 τοῦ
1808 1222 1869 1247 επι-

1077 1261 1189 1296 τιμίου;
1217 1263 1265 1289 ἐπὶ
1285 1263 1335 1297 μὲν
1359 1264 1410 1300 τῆς
1428 1265 1588 1297 κοινωνίας,
1604 1265 1748 1301 οὐδαμῶς·
1774 1267 1821 1294 ἐπὶ
1842 1267 1870 1294 δὲ

1077 1306 1131 1332 τῶν
1155 1307 1254 1338 ἄλλων,
1274 1308 1324 1334 οὐκ
1342 1308 1508 1344 ἀπόϐλητον.
1532 1308 1602 1336 οὔτε
1624 1309 1653 1336 δὲ
1672 1310 1870 1345 ὲλεημοσύναις

1076 1351 1177 1379 δύναιτ’
1191 1352 1224 1379 ἂν
1243 1354 1369 1388 ὑφαιρεῖν
1381 1363 1409 1381 τι
1427 1355 1475 1382 τοῦ
1490 1355 1607 1391 ὁρισμοῦ
1626 1356 1665 1388 ὡς
1684 1357 1731 1391 ἀφ’
1758 1357 1868 1384 ἑαυτοῦ.

1083 1396 1112 1424 '0
1127 1398 1181 1434 γὰρ
1194 1399 1380 1434 ὲπιτιμιὰζων
1393 1398 1448 1427 οἶδε
1464 1400 1575 1432 πάντως
1586 1400 1634 1428 καὶ
1648 1401 1808 1436 πρόσωπον,
1822 1403 1870 1429 καὶ

1076 1443 1183 1478 χρόνον,
1205 1445 1254 1471 καὶ
1276 1445 1310 1472 τὰ
1326 1446 1406 1478 ἐκτὸς
1427 1446 1588 1482 δοκιμάζειν
1609 1448 1678 1483 πρὸς
1701 1448 1733 1474 τὸ
1750 1449 1868 1483 ὑφεῖναι.

1064 1484 1152 1526 ’Ὄρῳ
1167 1491 1222 1526 γὰρ
1247 1492 1295 1518 ἐπὶ
1312 1492 1367 1518 τῶν
1389 1493 1574 1528 ἐνδεχομένως
1589 1494 1725 1528 κειμένων
1748 1495 1870 1522 κανόνων

1077 1537 1236 1571 περιλαΰεῖν
1258 1538 1294 1565 τὰ
1312 1538 1426 1565 τοιαῦτα
1440 1539 1489 1574 οὐχ
1505 1536 1560 1566 οἷόν
1583 1548 1612 1565 τε
1624 1559 1631 1570 ,
1644 1539 1738 1572 καθὼς
1756 1541 1837 1573 αὐτὸς
1855 1542 1870 1567 ὸ

1079 1583 1166 1618 μέγας
1192 1584 1334 1616 Βασίλειος
1357 1585 1465 1621 εἴρηκε.
1490 1587 1561 1616 Δοὺς
1584 1585 1640 1621 γὰρ
1665 1585 1704 1621 τῷ
1727 1587 1870 1624 ἑπισκόπῳ

1076 1629 1202 1662 ἐξουσίαν
1216 1631 1377 1666 προσθήκης
1395 1632 1443 1658 καὶ
1457 1631 1596 1665 ὑφέσεως,
1610 1632 1662 1659 οὐκ
1675 1632 1704 1664 ἐξ
1719 1634 1870 1668 ἀναγκαίου

1076 1677 1160 1712 ἤγουν
1185 1677 1375 1712 ἀπαραιτήτου
1393 1678 1439 1704 τὸν
1456 1679 1557 1705 κανόνα
1573 1678 1662 1709 ἔθετο.
1686 1680 1746 1707 ἀλλ’
1763 1681 1870 1716 ἐνδεχο-

1077 1722 1177 1756 μένως·
1188 1722 1258 1750 ὥστε
1272 1724 1287 1750 ό
1298 1723 1397 1756 διδοὺς,
1414 1724 1537 1759 βλεπέτω
1550 1724 1609 1756 πῶς
1621 1724 1696 1752 διδοῖ.
1714 1726 1802 1760 Κάγὼ
1815 1728 1869 1762 γὰρ

1074 1769 1089 1794 ό
1107 1768 1236 1800 ταπεινὸς
1261 1769 1311 1804 οὐχ
1336 1770 1502 1805 όριστικῶ;,
1532 1770 1591 1797 ἀλλ’
1617 1770 1793 1804 ὲκὸιαστῶς,
1809 1773 1868 1807 ἢτοι

1075 1814 1328 1850 συμϐουλευτικῶς,
1344 1816 1382 1848 ὡς
1406 1816 1668 1854 πολλάκιςείρηκα,
1682 1820 1870 1854 ἀποκρίνομαι

1075 1861 1142 1895 πρὸς
1154 1861 1205 1893 τὰς
1220 1863 1434 1898 προτεινομένας
1451 1872 1498 1898 μοι
1512 1865 1568 1892 είτε
1588 1866 1640 1892 ὑπὸ
1655 1866 1713 1898 σοῦ,
1730 1867 1786 1893 εἴτε
1802 1867 1868 1902 παρ’

1074 1906 1154 1933 ἄλλου
1167 1908 1290 1940 πεύσεις.
1305 1909 1342 1935 Τδ
1353 1909 1446 1936 λοιπὸν
1460 1911 1613 1947 προσεύχου
1627 1912 1692 1948 περὶ
1706 1913 1757 1947 τῆς
1771 1921 1867 1939 ταπει-

1073 1954 1181 1986 νώσεὼς
1199 1964 1261 1989 μου·
1287 1955 1393 1991 βοηθῶν
1407 1957 1438 1983 τὸ
1459 1958 1530 1984 κατὰ
1552 1958 1668 1994 δύναμιν
1690 1961 1747 1991 τοῖς
1771 1961 1813 1991 εἰς
1834 1960 1870 1986 τὰ

1073 1998 1197 2026 Στουδίου
1212 2000 1382 2033 ἑναθλοῦσιν.
1400 2003 1517 2038 ἐπείπερ
1527 2004 1574 2030 καὶ
1587 2004 1713 2040 ὅπουπερ
1722 2004 1756 2032 ἄν
1771 2005 1870 2042 ίσχὺῃς

1072 2048 1101 2075 ἐν
1119 2046 1224 2082 Κυρίῳ.
1245 2048 1275 2074 '0
1289 2048 1404 2083 ἀδελφὸς
1420 2048 1553 2082 Νικόλαος
1568 2051 1771 2086 προσαγορεύει
1789 2059 1831 2079 σε.

1210 2203 1279 2231 MA'.
1298 2219 1333 2225 —-
1353 2206 1486 2239 Θεοφίλῳ
1500 2204 1555 2239 τῆς
1579 2205 1816 2242 Ἐφέσου.[τιζ’.]

719 2262 756 2287 De
773 2262 867 2287 sanctis
879 2262 1034 2294 Imaginibus.
1050 2262 1057 2293 (
1075 2262 1162 2287 Uaron.
1179 2268 1217 2286 an.
1231 2260 1286 2291 816,
1298 2269 1322 2286 n.
1336 2261 1387 2293 41.)

265 2318 299 2346 Ει
318 2325 424 2345 acram
446 2316 592 2351 epistolam
616 2320 691 2343 tuam
720 2315 813 2351 accepi
829 2320 961 2350 tanquam
976 2317 1019 2344 di-

1109 2317 1164 2343 Καὶ
1177 2316 1227 2352 τὴν
1242 2316 1320 2351 ἱεράν
1336 2325 1384 2343 σου
1403 2315 1542 2351 συλλαϐὴν
1560 2315 1697 2350 ἐδεξάμην
1711 2315 1750 2347 ὡς
1765 2315 1872 2350 βιϐλίον

228 2365 333 2392 vinitus
345 2364 479 2398 scriptum
493 2363 614 2390 libellum
626 2383 634 2395 ,
659 2368 687 2390 et
709 2362 845 2397 eulogiam
861 2362 944 2390 simul
963 2370 1023 2390 sus-

227 2411 288 2445 cepi
309 2409 392 2437 veluti
413 2409 517 2437 amoris
533 2408 753 2436 incitamentum.
768 2408 802 2435 Et
815 2408 877 2442 quis
894 2416 945 2443 ego
959 2416 1020 2436 sum

227 2457 323 2489 miser,
333 2455 381 2491 qui
394 2462 410 2482 a
428 2459 524 2483 saneto
532 2462 580 2482 ore
588 2459 635 2482 tuo
647 2455 687 2482 sic
695 2454 800 2486 lauder,
809 2454 856 2488 qui
873 2462 923 2482 nec
933 2455 1020 2482 corri-

227 2504 300 2539 giam
314 2502 493 2530 calceamenti
513 2502 552 2529 tui
568 2501 675 2529 solvere
690 2501 790 2536 dignus
804 2501 890 2528 sum?
908 2501 947 2528 En
965 2501 1018 2528 hu-

228 2549 357 2576 militatis
388 2548 473 2576 Deum
504 2547 661 2575 aemulantis
690 2547 855 2582 proprietas.
883 2545 1018 2579 ’l‘u,bea-

226 2595 335 2623 tissime
346 2595 438 2628 Pater,
455 2594 502 2629 qui
521 2599 549 2621 et
567 2601 683 2629 magnus
698 2593 810 2623 diceris.
830 2598 857 2621 et
867 2593 1018 2624 extolleris.

226 2649 259 2668 ac
274 2640 433 2675 praedicaris
445 2639 551 2667 Orienti
564 2643 647 2674 atque
659 2638 812 2669 Occidenti,
824 2638 936 2665 maximi
955 2646 1020 2673 apo-

226 2685 492 2720 stoli,evangelisla‘.
515 2692 547 2712 ac
566 2683 685 2719 theologi
704 2684 833 2710 thromnn
846 2683 927 2718 digne
950 2691 1017 2711 cou-

226 2733 363 2760 decorans
380 2739 430 2766 per
454 2738 485 2758 ea
507 2739 568 2766 qure
582 2737 680 2765 passus
695 2737 734 2762 es,
762 2734 790 2756 et
817 2730 920 2764 pateris
935 2730 1018 2757 etiam

227 2784 311 2809 nunc,
327 2782 430 2805 sanctae
439 2777 531 2805 carnis
552 2782 605 2804 tuae.
619 2775 752 2811 sanguine
771 2774 854 2802 vitam
867 2775 1019 2809 illustrans,

227 2827 253 2850 et
273 2823 346 2857 pingi
362 2823 504 2851 Christum
535 2823 668 2851 conﬁtens
693 2826 720 2849 ut
748 2829 924 2857 corporeum,
952 2829 1019 2854 non,

267 2879 288 2896 "
302 2878 370 2908 Call.
388 2879 434 2907 τι.

1071 2363 1233 2397 θεόγραφον,
1259 2362 1307 2388 καὶ
1337 2362 1387 2398 τὴν
1412 2362 1540 2396 εὐλογίαν
1573 2361 1805 2397 συναπεδεξάμην
1833 2363 1871 2393 ὡς

1069 2408 1153 2435 πόθου
1168 2407 1346 2444 ὲμπύρευμα,
1360 2409 1416 2435 Καὶ¹
1429 2409 1471 2440 τίς
1486 2410 1546 2442 εἰμι
1560 2408 1616 2444 ἐγὼ
1630 2409 1645 2435 ὁ
1657 2407 1743 2439 τάλας
1753 2407 1872 2434 τοιαῦτα

1069 2457 1146 2492 παρά
1160 2456 1207 2483 τοῦ
1226 2457 1304 2491 ἁγίου
1321 2467 1368 2484 σου
1383 2459 1518 2493 στόματος
1533 2457 1753 2493 εὐφημούμενος,
1770 2458 1784 2484 ὁ
1802 2458 1871 2492 μηδὲ

1067 2502 1115 2529 τοῦ
1128 2502 1208 2529 λῦσαι
1225 2503 1271 2529 τὸν
1290 2504 1392 2539 ἱμάντα
1408 2504 1454 2530 τοῦ
1470 2503 1644 2540 ὑποδήματός
1670 2512 1719 2530 σου
1735 2503 1870 2536 ἐπὰξιος;

1070 2549 1122 2575 Ἴδε
1143 2549 1397 2585 ταπεινοφροσύνης
1418 2550 1588 2586 θεομιμήτου
1606 2549 1753 2584 ἰδιώματα.
1772 2550 1829 2584 Σὺ,
1845 2549 1872 2578 ᾧ

1069 2594 1262 2630 μακαριώτατε
1281 2596 1436 2632 προπάτορ,
1451 2596 1537 2632 μέγας
1550 2597 1599 2622 καὶ
1616 2595 1798 2631 λαλούμενος,
1817 2607 1871 2633 με-

1068 2639 1250 2674 γαλυνόμενός
1274 2649 1304 2666 τε
1327 2642 1374 2667 καὶ
1390 2641 1588 2676 ἐπαινούμενος
1611 2641 1742 2678 Ἀνατολῇ
1762 2651 1794 2669 τε
1821 2644 1872 2670 καὶ

1068 2686 1158 2712 Δύσει·
1176 2686 1190 2712 ὁ
1209 2685 1256 2712 τοῦ
1274 2687 1403 2722 μεγίστου
1426 2687 1605 2720 Ἀποστόλου,
1621 2688 1823 2722 εὐαγγελιστοῦ
1840 2698 1871 2716 τε

1070 2733 1116 2759 καὶ
1134 2732 1263 2767 θεολόγον
1289 2735 1434 2769 κοσμήσας
1451 2734 1497 2761 τὸν
1515 2734 1610 2771 θρόνον
1630 2733 1732 2766 ἐπάξια
1745 2755 1753 2766 ,
1777 2735 1814 2762 δι’
1831 2733 1871 2762 ὧν

1068 2776 1202 2811 ἠθληκας,
1217 2778 1266 2804 καὶ
1283 2778 1323 2805 ἔτι
1340 2779 1431 2811 ἀθλεῖς
1446 2799 1454 2812 ,
1474 2780 1572 2815 αἵμασι
1593 2779 1697 2815 σαρκός
1717 2789 1767 2806 σου
1784 2781 1872 2814 ἁγίας

1067 2821 1231 2857 λαμπρύνας
1251 2823 1297 2850 τὸν
1314 2824 1383 2858 βίον,
1399 2826 1446 2852 καὶ
1465 2825 1583 2861 Χριστδν
1598 2825 1737 2861 ὁμολογῶν
1754 2825 1872 2863 ἑγγράαο
