1923 3078
131 154 198 188 1241
227 141 238 146 ’

724 153 994 184 EPISTOLARUM
1020 155 1094 186 LIB.
1117 156 1147 186 II
1152 179 1159 186 .

1682 162 1751 196 1Ξ42

129 212 230 248 φεεθαι
244 210 282 243 ὡς
295 210 463 246 ὲνσώματον,
478 209 537 237 ἀλλ’
550 209 611 245 οὐχὶ
622 209 661 242 ὡς
673 211 697 237 οἱ
712 210 821 242 ἀσεϐεῖς
835 212 900 246 ὲξαρ

950 210 1039 242 ,sicut
1053 212 1130 247 impii
1149 211 1264 246 faciunt,
1295 221 1410 249 negans,
1427 215 1538 250 quando
1554 216 1662 254 depingi
1687 227 1749 247 eum

127 259 268 294 νοὺμενος·
290 258 334 284 ἐπ’
356 257 388 285 ἂν
409 257 439 284 οὑ
455 257 579 293 δέχονται
594 257 676 284 αὐτὸν
700 256 910 292 εἰκονιζόμενον.

129 306 164 333 '0
175 306 231 340 γὰρ
245 305 295 331 οὐκ
307 303 480 336 εἰκονίςεται,
496 303 556 329 οὐδὲ
570 303 736 338 ὲνσώματον.
757 303 810 330 Ἐὧ
822 303 912 337 λέγειν

125 352 222 387 ὅτιπερ
238 351 286 378 καὶ
300 350 415 385 ἄγγελος
430 349 467 376 ὢν
481 349 638 384 ἀσώματος,
652 350 795 384 αἰσθηταῖς
809 350 911 376 εἰκόσιν

125 398 179 425 ὑπὸ
194 398 248 425 τῶν
263 397 396 431 θεολόγων
406 396 614 431 ἀναγράφεσθαι
630 396 817 431 παραδέδοται.
834 397 865 423 Οἱ
881 396 910 422 δὲ

123 445 173 472 καὶ
191 444 239 470 τὸν
250 443 407 478 ὲνσώματον
418 442 561 476 δεσπότην,
575 442 622 468 καὶ
637 442 681 469 τὸν
694 442 838 477 ἀσώματον
853 442 911 469 δοῦ·

123 491 182 523 λον,
196 490 308 526 προσέτι
323 490 370 516 καὶ
385 489 433 524 τήν
450 497 479 516 τε
495 488 541 515 τοῦ
556 488 623 515 Θεοῦ
639 489 762 524 Μητέρα,
780 489 828 515 σὺν
843 489 909 515 πᾶσι

123 537 230 572 Κυρίου
245 535 419 572 θεράπουσιν,
433 536 563 571 ἧρνηνται
577 534 783 569 ἐγγεγράφθαι,
801 534 844 560 διὰ
856 534 909 561 τῶν

122 584 238 611 εἰκόνων
251 583 386 618 ἀριδήλως
406 580 660 616 συναπαρνούμενοι
680 580 715 607 τὰ
730 580 907 615 πρωτότυπα.

122 631 185 658 οὐδ’
198 630 264 657 αὐτὸ
277 630 354 656 τοῦτο
370 628 533 660 ἐννοοῦντες,
548 628 589 655 ὅτι
602 629 636 663 τῇ
650 628 790 663 παραδοχῇ
805 628 851 654 τοῦ
869 628 909 654 oi-

121 677 198 704 κείου
211 676 384 712 χαρακτῆρος
397 675 544 709 τὸκρατεῖν
557 675 675 710 ἔχουσιν⁹
688 674 738 700 οὐκ
746 674 908 710 ἀφαιρεθέν-

119 732 168 754 ¹τος
189 723 205 756 ἢ
219 721 427 757 ἀτιμασθέντος,
452 720 590 756 ἀφῄρηται
605 720 726 755 δηλονότι
745 720 793 747 καὶ
806 720 908 754 ἠτίμω-

120 777 167 795 ται
200 767 291 794 αὐτῶν
316 767 347 793 τὸ
375 766 486 802 κράτος.
512 766 582 792 Ἀλλ’
606 766 681 801 ὅμως
710 766 741 792 οὐ
769 765 907 800 βούλονται

121 813 244 840 συνιέναι
258 812 306 840 τοῦ
318 813 464 847 ἀγαθῦναι.
486 812 616 844 Ἐκείνοις
628 811 678 846 μὲν
692 810 739 838 οὖν
753 812 793 843 εἰς
806 811 907 846 κέντρα

120 858 259 891 λακτίζειν
273 859 341 885 ἐστι.
356 859 390 885 Σὲ
404 858 432 884 δὲ
447 859 464 893 ἠ
479 858 598 892 κραταιά
619 858 680 894 χεὶρ
701 857 906 893 περιφυλάξειεν

963 265 1017 284 non
1033 258 1191 287 admittunt.
1209 259 1285 292 Quod
1295 260 1367 287 enim
1384 268 1439 288 non
1449 263 1749 300 exprimiturimagine,

963 311 1013 331 nec
1029 311 1190 339 corporeum
1204 306 1314 340 quidem
1329 312 1380 335 est.
1397 307 1473 336 Mitto
1485 309 1577 338 dicere
1594 312 1667 346 quod
1684 320 1746 340 cum

963 350 1077 384 angelus
1093 350 1270 386 incorporeus
1289 353 1335 386 sit,
1357 361 1405 388 per
1417 355 1561 383 sensibiles
1584 357 1717 393 imagines
1733 366 1750 386 a

962 394 1094 430 theologis
1110 398 1225 432 exprimi
1255 400 1384 426 traditum
1402 405 1452 428 est.
1477 401 1511 428 Hi
1531 407 1620 430 autem
1651 411 1749 438 corpo-

961 447 1038 467 reum
1057 441 1212 475 Dominum,
1246 448 1273 470 et
1301 444 1496 479 incorporeum
1522 445 1666 479 famulum,
1690 447 1748 475 Μει-

960 489 1085 521 tremque
1099 487 1144 515 Dei
1162 488 1274 524 insuper
1289 497 1351 516 cum
1379 491 1507 518 omnibus
1527 491 1635 519 Domini
1667 493 1750 520 mini—

960 533 1024 560 stris
1044 533 1151 569 depingi
1166 541 1311 569 negarunt,
1331 544 1379 571 per
1399 538 1530 572 imagines
1548 539 1673 567 videlicet
1684 548 1748 575 pro-

960 583 1050 614 totypa
1067 580 1125 614 ipsa
1147 580 1228 608 simul
1250 587 1390 617 negantes.
1408 581 1501 617 Neque
1528 584 1579 611 hoc
1592 584 1747 620 intelligen-

959 629 1011 657 tes,
1021 633 1053 653 ea
1079 627 1195 661 propria:
1218 627 1356 662 ﬁgurauit
1383 629 1549 669 characteris
1573 632 1747 666 susceptione

957 672 1011 698 vim
1031 680 1107 699 suam
1122 677 1148 699 et
1164 677 1262 700 statum
1279 674 1402 702 obtinere
1416 683 1423 702 :
1439 683 1494 710 quo
1511 676 1628 707 sublato.
1641 678 1682 705 vel
1698 678 1748 705 dc—

957 718 1055 745 decore
1081 719 1188 750 allecto,
1203 720 1307 747 tollitur
1332 721 1428 755 procul
1448 721 1543 755 dubio,
1562 727 1589 750 et
1613 723 1747 752 dedecore

957 765 1074 792 adicitur
1099 773 1194 793 eorum
1218 767 1257 794 vis
1283 768 1373 795 omnis
1401 774 1428 795 et
1458 768 1590 804 dignitas.
1619 770 1746 799 Attamen

958 810 1108 846 intelligere
1124 811 1221 838 nolunt
1248 816 1278 838 ut
1299 812 1368 840 bene
1392 817 1484 848 agant.
1506 813 1563 842 illis
1579 820 1670 843 autem
1696 816 1745 843 ad-

956 863 1053 883 versus
1067 857 1207 883 stimulum
1226 857 1369 885 calcitrare
1397 858 1474 885 libet.
1499 859 1538 887 Te
1556 868 1621 887 vero
1649 866 1746 895 potens

119 904 161 935 εἰς
185 903 263 935 κλέος
285 904 334 938 τῆς
352 901 449 929 ἑαυτοῦ
480 902 661 936 Ἐκκλησίας,
681 902 720 934 ὡς
743 901 849 933 στύλον,
871 901 900 927 ὡ.

961 910 1060 930 tnanus
1086 903 1223 930 custodiat
1237 904 1270 930 ad
1297 905 1411 939 gloriam
1430 904 1559 933 Ecclesia:
1572 914 1637 939 sum,
1652 911 1681 934 ut
1698 915 1746 934 co-

120 949 274 984 ὲδραίωμα,
294 949 333 980 ὡς
347 949 500 984 πρόμαχον.
513 948 569 975 Καὶ
576 947 679 983 ἴδοιμέν
695 948 757 974 σεοί
770 947 905 979 ταπεινοὶ,

119 995 136 1031 ἢ
154 995 231 1022 ἐνθεν
248 995 295 1021 ἐπὶ
317 995 368 1031 τὴν
388 995 528 1023 Ἀσιάτιδα
541 994 626 1030 χθόνα
644 994 903 1028 ὲπαναστρέφοντα·

118 1042 158 1072 ὡς
181 1043 207 1068 οἱ
234 1042 319 1068 πάλαι
333 1041 388 1068 ἀπὸ
407 1043 457 1076 τῆς
480 1043 509 1068 ὲν
528 1041 632 1076 Πάτμῳ
649 1040 773 1075 φυλακῆς
788 1040 834 1066 τὸν
857 1039 905 1066 τοῦ

118 1087 287 1122 Εὑαγγελὶου
301 1087 331 1123 ἢ)
337 1096 386 1114 ιον·
402 1088 419 1122 ἢ
435 1088 464 1114 ἐν
473 1087 598 1123 οὐρανοῖς
611 1087 704 1114 ἐπάνω
719 1086 786 1113 δέκα
802 1086 906 1113 πόλεων

119 1133 287 1168 ἱεραρχικῶς
302 1132 491 1168 δοξαζόμενον.

302 1189 372 1217 MP’.
390 1206 425 1211 —
444 1190 596 1223 Θαλελαίῳ
609 1188 818 1225 τέκνφ.1τκγ’.]

115 1246 270 1280 Dogmatica.
296 1246 335 1271 De
360 1247 452 1271 sanctis
477 1245 636 1277 imaginibus.
667 1245 794 1280 Adversus
823 1244 969 1280 Gregorium
998 1244 1096 1280 Adelph

960 947 1094 981 lumnam,
1119 954 1149 975 ut
1179 948 1399 984 fundamentum,
1428 957 1457 978 ut
1487 953 1743 987 propugnaculum:

954 994 1150 1029 videamusque
1175 999 1201 1022 te
1221 996 1351 1028 humiles,
1372 1001 1419 1024 aut
1452 997 1514 1024 inde
1549 998 1575 1024 in
1590 999 1740 1025 Asiatieam

954 1043 1052 1065 terram
1066 1040 1236 1074 redeuutem,
1260 1042 1331 1069 sicut
1354 1041 1393 1069 illi
1411 1043 1475 1070 olim
1491 1051 1523 1070 ex
1551 1044 1637 1071 l’atmi
1653 1050 1745 1072 custo-

953 1085 996 1112 dia
1012 1086 1096 1113 solem
1117 1086 1278 1122 Evangelii;
1300 1093 1347 1115 aut
1379 1089 1406 1116 in
1436 1090 1513 1117 cte’is
1539 1098 1623 1126 supra
1646 1090 1741 1119 decem

955 1132 1081 1161 civitates
1100 1134 1121 1149 ¹⁸
1133 1134 1269 1168 pontiﬁcis
1284 1136 1371 1170 gloria
1382 1136 1551 1164 decoratum.

1164 1189 1244 1218 XLII.
1264 1207 1299 1212 —
1316 1191 1448 1220 Thalelwo
1467 1193 1534 1227 filio.

1099 1244 1214 1276 ieusem,
1234 1247 1278 1277 qui
1309 1246 1478 1272 lconomachis
1508 1247 1654 1274 adhaeserant.
1679 1249 1743 1275 Tum

735 1275 899 1306 Chrysostomi
916 1276 984 1300 locus
1000 1275 1147 1306 explicatur.

153 1333 189 1358 Ἀ
207 1331 257 1366 μὲν
273 1329 320 1358 οὖν
340 1331 479 1366 ἐσήμανας
490 1330 535 1357 διὰ
548 1330 598 1365 τῆς
610 1329 754 1364 ἐπιπολῆς
767 1329 901 1364 ἐπέγνων,
925 1352 928 1355 .

115 1379 221 1405 τέκνον·
247 1377 266 1404 ἃ.
289 1377 318 1404 δὲ
341 1376 396 1411 ἐγὼ
417 1375 620 1411 ἀποκρινοῦμαί
646 1383 703 1405 σοι,
724 1375 812 1401 ταῦτά
834 1376 901 1401 ἐστι·

114 1424 301 1451 Στέλλεσθαι
315 1422 395 1457 ἡμᾶς
409 1422 469 1449 ἀπὸ
484 1421 597 1454 παντὸς
619 1421 753 1454 ἀδελφοῦ
770 1419 904 1453 ἀτάκτως

114 1468 352 1503 περιπατοῦντος
364 1488 372 1499 ,
388 1467 574 1494 διακελεύεται
592 1467 607 1494 ὁ
631 1467 703 1502 ἱερὸς
731 1466 901 1497 Ἀπόστολος.

113 1514 178 1546 Πῶς
199 1512 246 1540 οὖν
266 1513 340 1547 λέγει
353 1513 504 1548 Γρηγόριος
518 1514 532 1539 ό
550 1513 606 1539 τῶν
624 1512 781 1546 ’Δδελφίων,
796 1512 902 1545 ἀλόγως
915 1528 936 1556 C

113 1561 188 1595 ὑμᾶς
202 1560 283 1586 αὑτὸν
295 1559 532 1595 ἀποστρέφεσθαι,
547 1559 630 1585 ὁπότε
644 1558 726 1588 αὐτὸς
744 1558 793 1592 οὺχ
808 1557 901 1588 ἁπλῶς

111 1606 240 1636 ἀτάκτως
250 1625 257 1636 ,
278 1605 432 1640 ὁλοτρόπως
447 1605 476 1631 δὲ
495 1604 655 1639 συναπήχθη
676 1605 733 1636 τοῖς
747 1603 899 1638 Εἰκονομά-

110 1660 170 1686 χοις
183 1671 190 1683 ,
207 1651 370 1686 ὑπογράψας
383 1651 417 1686 τῇ
432 1650 546 1686 αἱρέσει,
567 1649 713 1676 συνεσθίων
728 1658 756 1676 τε
769 1650 816 1676 καὶ
832 1657 900 1684 συμ-

111 1697 199 1723 πίνων
216 1697 263 1723 καὶ
284 1696 572 1731 συναναστρεφόμενος
588 1696 702 1728 αὐτοῑς;
723 1696 755 1722 Εἰ
776 1695 804 1721 δὲ
825 1695 899 1729 λέγοι

113 1741 354 1776 μετανενοηκέναι,
365 1741 412 1767 καὶ
422 1740 549 1774 ἐπιτίμια
559 1741 682 1775 κρατεῖν·
695 1739 809 1772 δειξάτω
820 1739 899 1765 τοῦτο

109 1787 146 1813 δι’
161 1787 303 1822 ἐγγράφου
323 1786 469 1822 ὁμολογίας
482 1806 489 1819 ,
514 1785 722 1821 άναθεματίζων
737 1795 766 1812 τε
779 1786 842 1817 τοὺς
857 1787 899 1812 αἱ-

111 1833 237 1867 ρετικοὺς
250 1833 299 1859 σὺν
311 1834 345 1868 τῇ
358 1832 474 1868 αἱρέσει,
487 1833 534 1859 καὶ
550 1832 684 1867 μηδαμῶς
698 1831 898 1866 συναπτόμενος

109 1879 214 1909 αὐτοῖς.
230 1878 303 1909 Ἕως
318 1878 340 1904 δ’
357 1878 391 1904 ἂν
404 1877 484 1904 τοῦτο
496 1878 526 1904 οὐ
540 1879 616 1912 ποιῇ,
633 1877 816 1911 ἀποτρόπαιος
833 1877 897 1912 ὑμῖν

109 1923 182 1950 ἔστω
197 1924 254 1955 τοῖς
268 1923 447 1958 φοὸουμένοις
462 1924 507 1950 τὸν
523 1923 634 1959 Κύριον.
651 1922 741 1954 Δόλιος
755 1924 809 1958 γάρ
823 1925 897 1950 ἐστιν

108 1970 138 1995 ὲν
157 1969 338 2004 προσποιήσει
352 1969 529 2004 ἐπιστροφῆς,
544 1969 729 2004 ὑφελκόμενος
741 1969 827 2003 ὑμᾶς,
849 1969 896 1995 καὶ

108 2014 284 2049 ὑποσπείρων
293 2014 388 2048 λόγους
398 2013 553 2049 λοιμώδεις,
564 2014 601 2045 ὡς
613 2014 645 2040 ὲκ
660 2014 805 2049 προσώπου
817 2013 896 2048 δῆθεν

107 2061 164 2087 τῶν
179 2061 319 2087 ἐναντίων.
343 2060 425 2086 Ὀθεν
446 2061 478 2087 σὺ
501 2060 538 2091 ὡς
559 2060 734 2094 ἀτελέστερος
759 2059 896 2094 ἐμπαρεὶς

107 2106 142 2141 τῇ
156 2105 274 2137 διαλέξει
283 2104 367 2131 αὐτοῦ
380 2105 525 2139 ὴπόρηκας
539 2105 578 2136 εἰς
587 2104 667 2131 τοῦτο
682 2105 804 2131 κάκεῖνο.
813 2104 893 2136 Ἀλλ’,

107 2151 204 2186 ἐπειδὴ
226 2151 331 2187 ᾔτησας
345 2151 394 2186 τὴν
408 2151 496 2183 λύσιν,
510 2151 599 2188 δέξαιο
621 2151 749 2182 συνετῶς.
766 2151 803 2177 Τὸ
816 2152 894 2186 εἰρη-

987 1328 1054 1362 Quze
1068 1329 1178 1364 quidem
1203 1338 1253 1365 per
1275 1331 1382 1360 litteras
1410 1332 1582 1368 signiﬁcasti,
1600 1334 1668 1369 haec,
1694 1336 1742 1364 ﬁli.

951 1375 1071 1410 perlegi:
1088 1383 1149 1410 quae
1163 1377 1284 1404 vicissim
1301 1378 1387 1405 habeo
1400 1378 1448 1405 tibi
1465 1379 1567 1412 dicere,
1592 1381 1652 1412 haee
1666 1388 1741 1410 sunt.

953 1421 1071 1449 Sanctus
1091 1422 1238 1456 Apostolus
1252 1423 1386 1458 praecipit,
1400 1429 1429 1451 ut
1444 1425 1632 1454 sutura/tamus
1646 1436 1693 1455 nos
1708 1431 1740 1456 ab

951 1468 1023 1497 omni
1033 1468 1118 1502 fratre
1130 1469 1282 1496 ambulante
1300 1470 1452 1498 inordinate
1465 1473 1498 1499 ’³.
1516 1473 1660 1506 Quomodo
1674 1483 1740 1511 ergo

951 1513 1018 1540 dicit
1030 1513 1177 1548 Gregorius
1201 1515 1403 1549 Adelphiensis,
1426 1524 1475 1544 vos
1505 1518 1594 1553 ipsum
1619 1522 1740 1548 aversari

953 1558 1013 1585 sine
1029 1566 1111 1586 causa
1129 1560 1261 1594 :quando
1286 1560 1345 1595 ipse
1363 1569 1417 1588 non
1445 1567 1548 1590 tantum
1581 1564 1738 1594 inordinate

949 1604 1083 1636 ambulat,
1102 1605 1150 1633 sed
1168 1605 1201 1633 ad
1213 1607 1323 1634 eosdem
1346 1608 1426 1642 plane
1442 1617 1533 1638 mores
1560 1618 1621 1639 cum
1642 1613 1739 1640 lcono-

949 1651 1054 1678 machis
1073 1651 1171 1680 abduci
1186 1660 1215 1681 se
1230 1661 1328 1688 passus
1352 1659 1405 1687 est,
1431 1656 1610 1686 subscribens
1625 1659 1733 1691 haeresi,

949 1703 1012 1723 cum
1030 1697 1097 1732 ipsis
1117 1698 1190 1731 cibo,
1210 1703 1288 1739 potu,
1320 1702 1520 1730 consuetudine
1547 1705 1712 1739 conjunctus
1729 1707 1735 1732 !

948 1742 1025 1775 Quod
1057 1743 1079 1770 si
1095 1743 1195 1772 dixerit
1209 1737 1359 1780 resipuisse
1385 1755 1427 1781 se,
1456 1756 1489 1776 ac
1508 1737 1606 1777 delicti
1628 1759 1737 1786 poenam

952 1789 1115 1823 exsolvere;
1132 1790 1184 1818 hoc
1203 1791 1262 1826 ipsa
1282 1793 1435 1828 subscripta
1460 1795 1633 1824 confessione
1650 1798 1736 1833 signi-

947 1834 1019 1867 ticet,
1036 1835 1178 1864 haereticos
1193 1845 1255 1864 cum
1276 1838 1374 1866 haeresi
1390 1841 1640 1874 anathematizaus,
1660 1843 1735 1871 omni

947 1887 1009 1908 cum
1029 1881 1097 1916 ipsis
1120 1882 1247 1910 amicitia:
1271 1883 1463 1918 conjunctione
1486 1887 1609 1920 praecisa.
1630 1888 1656 1915 ld
1671 1897 1736 1916 vero

946 1927 1034 1955 donec
1048 1928 1179 1961 ell‘ecerit,
1196 1930 1230 1957 sit
1244 1930 1289 1957 ille
1300 1930 1468 1959 detestabilis
1481 1933 1559 1961 vobis
1572 1934 1618 1968 qui
1632 1935 1733 1963 timetis

946 1972 1102 2001 Dominum.
1120 1973 1210 2002 Nectit
1227 1976 1301 2002 enim
1321 1976 1410 2008 dolos,
1430 1978 1495 2004 dum
1514 1979 1732 2013 resipiscentiam

945 2017 1068 2049 simulat,
1087 2018 1213 2046 irretiens
1229 2027 1288 2052 vos,
1301 2025 1329 2048 et
1342 2021 1488 2055 pestiferos
1507 2023 1613 2051 occulte
1624 2032 1732 2051 sermo-

945 2070 994 2090 nes
1014 2071 1120 2097 serens,
1136 2068 1267 2099 tanquam
1291 2073 1325 2092 ex
1344 2074 1462 2100 persona
1478 2068 1603 2096 videlicet
1633 2069 1732 2098 adver-

944 2108 1091 2136 sariorum.
1105 2109 1181 2138 Unde
1190 2115 1229 2144 tu,
1239 2116 1331 2146 utpote
1340 2112 1512 2146 imbecillior,
1523 2114 1598 2142 illius
1608 2117 1733 2144 oratione

946 2154 1036 2187 laesus,
1054 2155 1128 2183 circa
1151 2156 1204 2184 hoc
1230 2161 1258 2184 et
1277 2157 1344 2185 illud
1375 2158 1479 2187 haesisti
1507 2161 1591 2188 animi
1620 2162 1731 2190 dubius.

106 2198 187 2224 κέναι
212 2197 258 2224 τὸν
280 2197 484 2232 Χρυσόστομον·
510 2206 519 2221 ι
556 2196 585 2224 '0
611 2197 745 2232 ἡμέτερος
777 2197 893 2232 Χριστὸς

950 2199 999 2226 Sed
1013 2200 1233 2236 quandoquidem
1260 2203 1428 2231 solutionem
1451 2205 1606 2234 sciscitatus
1623 2215 1662 2239 es,
1684 2216 1731 2236 so-

104 2243 208 2278 τοίχοις
220 2242 250 2268 οὐ
266 2242 482 2278 περιγράφεται’
501 2251 510 2267 ι
531 2242 740 2276 ἐγκωμιάζοντα
753 2242 799 2268 τὸν
816 2242 894 2276 ἅγιον

110 2289 265 2324 Ῥωμανόν·
282 2289 332 2323 οὐχ
348 2288 440 2319 ἁπλῶς
452 2287 634 2322 ἐκλαμϐάνειν
644 2288 695 2319 δεῖ,
709 2288 777 2315 ἀλλά
791 2288 892 2322 γνῶναι

103 2336 160 2361 τίνι
183 2335 372 2368 διαλεγόμενος
386 2335 511 2370 εἴρηκεν·
529 2333 624 2368 ἐπειδὴ
638 2334 668 2360 ἐν
688 2335 747 2365 ταῖς
758 2334 891 2367 διαλέξεσι

104 2381 316 2416 παρατηρητέον
338 2380 386 2406 καὶ
403 2379 509 2414 χρόνον,
523 2379 573 2406 καὶ
585 2381 742 2414 πρόσωπον,
762 2381 809 2406 καὶ
826 2380 890 2416 τρό-

102 2433 166 2452 πον.
184 2425 297 2460 Χρόνον,
312 2424 357 2451 διὰ
370 2425 400 2450 τὸ
415 2425 453 2459 μὴ
467 2424 500 2450 τὰ
513 2423 583 2450 αὐτὰ
595 2423 823 2459 νενομοθετῆσθαι
833 2425 890 2456 τοῖς

102 2470 190 2497 πάλαι
209 2470 277 2505 πρὸς
290 2470 354 2501 τοὺς
379 2470 409 2495 ὲν
422 2470 455 2504 τῇ
471 2468 574 2504 χάριτι.
590 2468 749 2503 Πρόσωπον,
773 2469 814 2496 ὅτι
828 2469 892 2497 ἄλλο

101 2514 252 2549 αἱρετικὸν,
265 2515 313 2541 καὶ
327 2514 420 2550 ἕτερον
441 2513 594 2548 ὀρθοδόξου.
609 2513 726 2549 Τρόπον,
749 2515 843 2550 ἐπειδὴ
860 2517 891 2542 οὑ

100 2559 202 2586 Ιιιιυτόν
216 2561 275 2586 ἐστι
290 2559 464 2595 δογματικῶς
482 2559 668 2594 διαλέγεσθαι,
690 2560 737 2586 καὶ
753 2560 891 2588 ἁπλοϊκώ-

99 2612 184 2640 τερον
207 2604 360 2638 προτείνειν
382 2605 429 2630 τὸν
446 2604 535 2638 λόγον.
562 2603 622 2631 Τίνι
644 2601 691 2630 οὗν
711 2603 862 2631 διελέλεκτο
877 2606 892 2631 ό

100 2650 314 2686 Χρυσόπομοςς
337 2648 393 2686 ἆρά
412 2658 445 2684 γε
465 2649 600 2686 ὀρθοδόξῳ
623 2650 818 2685 ἀναπηλοῦντι
838 2651 889 2687 τὴν

99 2697 196 2724 εἰκόνα
209 2696 343 2732 Χριστοῶ
361 2696 498 2732 οὐδαμῶς·
515 2696 583 2723 ἀλλά
599 2705 652 2724 τινι
666 2696 790 2731 Ἕλληνι·
799 2696 828 2728 ὃς
839 2697 888 2732 τὴν

100 2744 212 2771 πάντων
233 2744 437 2780 ὑπερκειμένην
460 2744 561 2776 αἰτίαν,
586 2744 633 2770 καὶ
652 2744 684 2770 ἐκ
706 2743 760 2770 τῶν
782 2745 811 2770 ὲν
832 2745 889 2776 τοῖς

99 2787 177 2816 οὖσιν
197 2789 321 2824 ἐσχάτων
336 2789 543 2825 χαρακτηρίζει,
561 2788 598 2820 ὥς
614 2797 696 2824 φησιν
712 2790 726 2816 ὁ
738 2789 809 2821 θεῖος
829 2790 888 2816 Διο-

100 2834 202 2866 νύσιος-
225 2835 271 2861 καὶ
290 2835 367 2862 οὐδὲν
386 2836 472 2870 αὐτὴν
486 2835 630 2870 ὑπερέχειν
643 2835 710 2870 φησὶ
730 2835 785 2863 τῶν
801 2836 886 2862 πλατ-

941 2245 1023 2273 lerter
1037 2247 1139 2281 accipe.
1162 2246 1240 2280 Quod
1256 2248 1468 2284 Cbrysostomus
1488 2250 1573 2285 dixit,
1594 2253 1620 2279 in
1633 2253 1730 2280 lauda-

937 2291 1016 2324 tione
1028 2293 1116 2319 sancti
1135 2293 1263 2327 Romani,
1282 2303 1291 2319 ι
1307 2294 1434 2323 Christus
1458 2301 1554 2324 noster
1579 2299 1732 2332 parietibus

939 2346 995 2365 non
1023 2339 1257 2367 circumscribitur
1269 2341 1304 2373 ’°,
1318 2349 1328 2378 ρ
1346 2346 1453 2370 nonest
1471 2343 1631 2378 simpliciter
1657 2346 1730 2378 acci-

939 2382 1069 2417 piendum
1085 2393 1092 2410 :
1113 2384 1161 2411 sed
1175 2385 1370 2420 explorandum
1381 2394 1462 2421 quem
1477 2391 1532 2414 tum
1544 2387 1728 2423 alloqueretur

940 2437 1001 2456 clm
1033 2429 1092 2457 hate
1108 2430 1229 2459 diceret:
1247 2432 1468 2467 quandoquidem
1500 2433 1526 2460 in
1556 2435 1727 2462 sermocina-

942 2475 1016 2503 tione
1027 2476 1169 2504 obssrvari
1182 2485 1294 2505 necesse
1304 2482 1347 2505 est
1357 2483 1385 2505 et
1399 2483 1517 2513 tempus,
1528 2485 1554 2507 et
1567 2488 1724 2515 personam,

939 2527 966 2548 et
981 2522 1106 2549 modum.
1127 2522 1256 2558 Tempus.
1281 2523 1353 2558 quod
1383 2531 1438 2550 non
1467 2524 1562 2551 eadem
1591 2531 1725 2561 praecepta

939 2568 1078 2596 veteribus
1087 2568 1197 2601 dantur,
1209 2574 1291 2604 atque
1299 2570 1334 2598 iis
1349 2570 1395 2605 qui
1413 2575 1477 2597 sunt
1490 2571 1542 2598 sub
1553 2571 1611 2606 lege
1619 2574 1723 2608 gratiae.

939 2612 1104 2646 Personam,
1120 2614 1193 2649 quod
1212 2615 1264 2642 alia
1286 2615 1323 2642 sit
1335 2615 1464 2649 haeretici,
1491 2616 1635 2644 orthodoxi
1659 2619 1722 2646 alia.

937 2658 1059 2690 Modum,
1076 2660 1297 2695 quandoquidem
1312 2661 1386 2688 aliud
1409 2666 1452 2690 est
1468 2663 1622 2698 dogmatiee
1638 2664 1725 2692 disse-

936 2708 1008 2733 rerc,
1025 2702 1098 2729 aliud
1112 2703 1279 2737 simpliciore
1297 2704 1343 2732 ﬁlo
1351 2706 1501 2733 orationem
1520 2711 1619 2735 texere.
1636 2708 1721 2741 Quem

936 2745 1020 2781 igitur
1033 2747 1246 2783 Chrysostomus
1256 2755 1298 2777 est
1312 2750 1447 2779 allocutus
1461 2752 1472 2778 ?
1487 2752 1528 2780 An
1540 2753 1721 2781 orthodoxam

937 2792 984 2827 qui
1003 2791 1111 2820 Christo
1129 2794 1274 2829 imaginem
1297 2797 1417 2824 statuit?
1436 2797 1566 2832 Minime;
1592 2799 1639 2827 sed
1655 2807 1720 2834 gen-

937 2838 1011 2865 tilem
1036 2839 1203 2874 quempiam,
1229 2841 1275 2876 qui
1301 2850 1456 2877 supremam
1481 2852 1572 2874 rerum
1597 2846 1720 2874 omnium

137 2891 158 2907 ¹⁸
176 2890 241 2919 Luc.
261 2899 316 2926 xxx,
338 2892 379 2925 l9,
397 2892 439 2919 l7.
479 2892 500 2908 ι’
520 2892 541 2918 lt
556 2892 653 2920 Thess.
665 2900 705 2925 tu,
719 2892 746 2920 6.
785 2893 807 2908 ²⁰
823 2892 902 2922 llom.
915 2894 960 2929 Η,
975 2894 1008 2922 dc
1024 2894 1053 2922 S.
1067 2894 1201 2925 Romano.
