1923 3078
187 161 254 194 1243

767 160 797 190 S.
823 159 1019 190 THEODORI
1046 161 1219 191 STUDIT/E

1743 159 1813 191 1244

178 223 290 244 causam
299 214 332 242 ad
351 214 467 242 formam
477 213 676 242 vilissimarum
691 222 753 250 qua:
767 214 876 249 quidem
893 214 967 241 exsi-
982 238 985 243 λ

1038 215 1141 250 ομένων
1158 215 1233 251 αὐτῷ
1255 215 1344 242 ἀθέων
1365 216 1412 243 καὶ
1433 215 1585 243 πολυειδῶν
1604 215 1811 250 μορφωμάτων.

179 266 263 294 stant,
280 260 413 295 depingit,
426 264 456 286 ut
479 259 518 287 ait
545 260 656 288 divinus
679 259 826 295 Dionysius
845 268 851 285 :
881 266 969 292 neque

181 309 266 344 ipsam
283 312 360 342 putat
371 307 426 334 ulla
442 315 472 334 re
492 313 622 342 praestare
646 306 742 333 formis
765 306 820 332 illis
839 305 969 340 multipli-

181 354 258 381 cibus
276 361 308 380 ac
320 353 472 380 divinitatis
481 353 638 387 expertibus
650 360 719 387 quas
732 352 776 379 illa
784 352 872 379 tinxit.
890 351 972 387 Egre-

181 401 224 435 gie
240 400 322 435 igitur
337 403 366 427 et
395 399 474 426 valde
498 399 623 434 apposite
652 397 734 426 Pater
762 398 969 433 pronuntiavit:

185 457 195 473 ι
211 447 337 474 Christus
355 451 446 474 noster
457 446 608 481 parietibus
627 453 682 472 non
697 445 969 472 circumseribiturn

183 493 456 528 subintelligendum,
480 492 629 519 secundum
654 496 780 518 naturam
807 490 970 523 divinitatis,

184 547 214 566 ut
229 539 330 566 ethnici
348 539 423 566 illius
447 538 502 570 dii,
519 538 566 572 qui
584 538 654 564 intra
671 537 789 572 parietes
819 537 923 569 sedent,
939 543 972 563 eo

185 585 272 620 spatio
281 585 414 616 conclusi.
429 591 479 611 nec
499 584 573 611 aliud
593 584 695 611 habent
708 583 781 618 quod
807 583 973 617 intelligatur

186 632 288 664 animo,
310 639 392 666 quam
419 630 490 665 quod
517 630 639 657 cernitur
665 630 845 657 intuentibus.
873 628 974 656 Oculos

187 678 287 705 habent
297 682 323 704 et
335 685 388 704 non
405 677 496 703 vident
512 685 517 703 :
536 684 629 708 aures,
648 681 674 702 et
693 684 745 702 non
763 675 896 709 audiunt;
914 683 974 702 ma-

189 732 250 756 nus,
260 728 286 750 et
300 731 354 750 non
369 723 477 758 palpant
491 723 599 757 :pedes,
610 727 637 749 et
649 730 702 749 non
713 721 853 748 ambulant
866 730 872 748 :
883 729 974 753 nares,

188 777 215 797 et
231 777 284 796 non
311 769 447 796 odorant:
469 769 541 796 sicut
557 776 572 795 a
587 768 722 802 Propheta
745 768 929 802 exprobratur
940 767 974 795 ".

227 818 259 844 At
273 816 401 843 Christus
415 819 507 842 noster
521 822 576 842 non
594 814 742 842 secundum
757 818 896 841 externam
913 821 975 847 spe-

190 863 260 890 ciem
280 862 371 894 modo,
393 865 436 889 est
452 861 534 888 homo
559 861 666 895 proprie
682 868 714 887 ac
736 868 811 891 vere,
839 860 975 894 siquidem

191 909 289 937 similis
305 909 384 935 nobis
409 916 456 943 per
470 907 562 934 omnia
574 907 672 940 audiit,
692 911 719 934 et
731 914 858 941 corpore,
880 911 907 934 et
918 906 979 933 ani-

192 964 248 987 ma,
265 960 292 982 et
302 959 390 985 aetate.
405 959 432 982 et
449 954 661 989 quibuscunque
674 953 768 985 rebus,
787 960 848 988 quae
861 961 894 980 ex
911 960 979 980 con-

194 1003 265 1030 fesso
277 1002 404 1029 bumanze
426 1006 532 1028 natura;
556 1005 729 1035 competunt.
749 999 862 1035 dempto
889 999 979 1027 solum

193 1053 325 1084 peccato:
343 1048 390 1076 sed
408 1051 435 1075 et
461 1047 533 1074 Deus
560 1052 657 1074 natura
677 1054 710 1074 ac
724 1047 848 1080 veritate,
862 1051 889 1074 et
909 1046 980 1074 idem

148 1119 153 1125 _
194 1098 310 1127 utroque
324 1096 465 1120 constans.
494 1090 617 1126 Exempli
643 1092 732 1127 gratia
758 1091 821 1118 dico
851 1091 982 1126 quemad-

195 1140 304 1166 modum
317 1138 417 1165 alicubi
427 1138 498 1165 idem
509 1138 724 1172 Chrysostomus
733 1137 871 1172 loquitur:
887 1147 896 1163 ι
909 1136 983 1165 Infra

195 1185 336 1220 fatigatur,
354 1192 436 1219 supra
448 1188 603 1211 commovet
624 1183 777 1216 elementa;
796 1183 868 1210 infra
885 1184 980 1217 esurit,

195 1239 279 1266 supra
304 1230 406 1258 emittit
431 1230 552 1263 imbres;
576 1229 648 1257 infra
670 1234 761 1264 pavet,
779 1237 862 1264 supra
886 1234 983 1263 tonat;

197 1277 267 1303 infra
296 1283 387 1303 coram
416 1276 544 1302 tribunali
573 1279 654 1309 astat,
668 1283 751 1310 supra
779 1276 910 1310 prospicit
925 1276 987 1303 uni-

198 1331 287 1350 versa.
306 1332 315 1348 ι
338 1322 436 1349 Eadem
458 1323 539 1357 igitur
555 1321 688 1349 sententia
715 1322 843 1357 gentilem
860 1326 902 1350 est
916 1321 985 1349 allo-

198 1372 301 1396 cutus:
320 1377 330 1393 ι
346 1367 473 1395 Christus
497 1371 589 1394 noster
616 1367 766 1402 parietibus
791 1375 846 1395 non
869 1368 986 1396 circum-

198 1414 337 1442 scribitur.
358 1423 367 1439 ι
385 1412 440 1440 Nec
465 1417 529 1448 puta
546 1413 707 1440 sententiam
724 1414 879 1441 accuratius
894 1414 987 1449 expri-

200 1461 327 1488 mendam
371 1464 481 1495 propter
523 1459 649 1487 hteresim
692 1468 764 1488 nunc
795 1460 985 1488 insanientem.

200 1506 373 1534 Manifestum
384 1510 473 1533 autem
486 1511 528 1533 est
541 1505 613 1541 quod
622 1509 649 1533 et
662 1505 816 1541 fatigatum,
824 1510 852 1533 et
862 1506 987 1533 esurien-

1022 261 1119 293 Καλῶς
1137 259 1184 289 οὖν
1199 263 1247 289 καὶ
1270 263 1342 290 πάνυ
1365 262 1480 294 εἰκότως
1498 262 1549 298 ἔφη
1573 263 1588 289 ό
1612 262 1718 298 Πατήρ·
1748 272 1757 288 ι
1781 263 1811 289 ’0

1022 309 1157 344 ἡμέτερος
1170 308 1287 345 Χριστὸς
1303 308 1402 343 τοίχοις
1414 309 1444 334 οὐ
1460 309 1673 344 περιγράφεται·
1693 318 1703 334 ι
1728 317 1814 344 προσ-

1022 355 1209 382 υπακουστέον
1224 356 1257 390 τῇ
1272 355 1323 390 τῆς
1338 354 1465 390 θεότητος
1478 354 1571 390 φύσειξ
1584 354 1622 386 ὼς
1636 354 1691 380 τῶν
1707 354 1814 381 ἐκείνου

1022 401 1092 428 θεῶν
1107 401 1136 427 ἐν
1149 400 1251 436 τοίχοις
1276 400 1438 436 ἱδρυμένων,
1461 401 1544 427 κάκεῖ
1566 400 1812 435 περιωρισμένων·

1022 448 1073 474 οὐκ
1091 447 1207 482 ἑχόντων
1233 455 1260 473 τι
1284 446 1349 473 ἄλλο
1370 446 1515 481 νοούμενον
1537 447 1603 482 παρ’
1625 446 1639 472 ὃ
1667 446 1816 481 βλέπονται

1024 493 1055 530 [Γ.
1072 492 1213 529 βλέπεται]
1226 494 1282 525 τοῖς
1297 493 1408 528 ὁρῶσιν.
1428 492 1577 528 Ὀφθαλμοὶ
1591 492 1694 524 αὐτοῖς,
1718 492 1768 519 καὶ
1782 492 1814 519 οὐ

1024 539 1181 575 βλέπουσιν·
1198 536 1266 571 ὦτα,
1290 539 1339 565 καὶ
1361 538 1412 565 οὐκ
1427 538 1569 565 ἀκούουσι·
1592 539 1694 573 χεῖρες,
1711 537 1761 564 καὶ
1782 536 1816 562 οὑ

1023 585 1181 621 ψηλαφῶσι.
1202 585 1297 617 Πόδες,
1317 585 1366 612 καὶ
1386 586 1416 612 οὐ
1432 584 1627 620 περιπατοῦσι·
1653 585 1727 619 ῥῖνες
1740 603 1748 615 ,
1767 584 1818 610 καὶ

1023 632 1074 658 οὐκ
1103 631 1304 666 όσφραίνονται·
1336 631 1407 658 καθὰ
1424 630 1601 670 προφητικῶς
1628 628 1817 665 κατηγοροῦν-

1024 687 1078 705 ται.

1067 812 1097 838 '0
1111 811 1140 838 δὲ
1156 811 1290 846 ἡμέτερος
1304 809 1419 845 Χριστὸς
1441 809 1471 835 οὐ
1488 807 1560 835 κατὰ
1573 807 1604 835 τὸ
1618 806 1757 843 ὁρώμενον
1773 805 1820 841 μό-

1029 865 1075 884 νον
1100 857 1243 892 ἄνθρωπος
1266 855 1370 891 κυρίως
1384 855 1432 882 καὶ
1445 854 1569 889 άληθῶς·
1587 853 1703 887 ἐπείπερ
1723 852 1820 886 ὅμοιος

1030 905 1097 939 ἡμῖν
1118 903 1188 930 κατὰ
1205 903 1293 929 πάντα
1315 900 1498 937 χρηματίσας,
1514 900 1561 927 καὶ
1584 899 1752 934 ἑνσώματος,
1770 899 1820 924 καὶ

1030 951 1161 986 ἔμπνους,
1182 949 1229 975 καὶ
1249 947 1349 983 ὲνῆλιξ,
1367 947 1413 974 καὶ
1428 947 1479 973 ὅσα
1493 946 1561 973 ἄλλα
1576 945 1702 980 γνώριμα
1723 945 1758 980 τῇ
1773 945 1819 970 ἀν-

1031 996 1154 1032 ορωπείᾳ
1181 995 1271 1030 φύσει,
1298 993 1367 1029 πλὴν
1401 993 1483 1028 μόνης
1507 991 1660 1028 ἁμαρτίας·
1684 990 1753 1017 ἀλλὰ
1772 991 1820 1017 καὶ

1031 1043 1097 1074 Θεὸς
1111 1042 1191 1077 φύσει
1205 1041 1253 1068 καὶ
1267 1039 1380 1075 ἀληθείᾳ
1391 1047 1398 1054 ·
1412 1039 1460 1066 καὶ
1471 1039 1485 1065 ὁ
1497 1037 1578 1069 αὐτὸς
1592 1036 1744 1072 ἀμφότερα.
1757 1033 1821 1062 Οἶόν

1031 1099 1058 1117 τι
1071 1089 1159 1124 λέγω·
1175 1089 1212 1120 ὥς
1229 1087 1296 1123 φησί
1311 1095 1362 1113 που
1378 1086 1393 1113 ὁ
1411 1085 1491 1116 αὐτὸς
1505 1084 1699 1119 Χρυσόστομος
1709 1091 1716 1098 ·
1737 1092 1747 1108 ι
1763 1082 1822 1108 Κά-

1032 1146 1071 1163 τω
1087 1135 1181 1170 κοπιᾷ,
1207 1135 1255 1161 καλ⁸
1279 1133 1335 1160 ἄνω
1360 1131 1506 1166 συγκροτεῖ
1529 1130 1565 1156 τὰ
1587 1129 1726 1164 στοιχεῖα·
1746 1127 1824 1154 κάτω

1033 1183 1124 1218 πεινᾷ,
1139 1182 1186 1209 καὶ
1202 1180 1305 1208 ἄνωθεν
1321 1178 1416 1210 ὑετοὺς
1428 1177 1541 1213 χορηγεῖ
1551 1185 1557 1191 ·
1574 1176 1649 1203 κάτω
1663 1174 1761 1209 δειλιᾷ,
1773 1172 1824 1200 καὶ

1034 1230 1090 1257 ἀνω
1104 1228 1217 1264 βροντῷ
1235 1226 1310 1254 κάτω
1324 1223 1490 1259 δικαστηρίῳ
1507 1221 1682 1257 παρίσταται,
1695 1219 1743 1246 καὶ
1753 1219 1825 1264 ﬁve):

1035 1275 1082 1301 θεν
1104 1262 1194 1300 πάντα
1212 1271 1321 1307 θεωρεῖ.
1338 1279 1348 1296 ›
1371 1269 1450 1296 Κατὰ
1463 1267 1543 1294 τοῦτο
1556 1264 1602 1293 οὖν
1624 1265 1733 1301 εἴρηται
1749 1262 1825 1297 αὖτῷ

1036 1321 1104 1356 πρὸς
1126 1320 1173 1346 τὸν
1194 1318 1330 1353 Ἕλληνα·
1351 1324 1360 1341 ι
1379 1316 1408 1342 '0
1433 1314 1566 1350 ἡμέτερος
1582 1311 1699 1348 Χριστὸς
1721 1310 1825 1344 τοίχοις

1035 1367 1066 1393 οὺ
1083 1364 1293 1401 περιγράφεται.
1312 1371 1322 1388 ι
1338 1361 1395 1388 Καὶ
1411 1361 1460 1395 οὑχ
1479 1360 1573 1394 ἠγεῖτο
1591 1358 1692 1394 χρῆναι
1711 1356 1827 1392 ἀκριὸοο

1035 1411 1174 1446 λογεῖσθαι
1188 1409 1253 1444 περὶ
1262 1408 1311 1444 τὴν
1325 1407 1462 1442 ἀπόφασιν
1472 1405 1565 1432 εἵνεκα
1583 1404 1632 1438 τῆς
1645 1402 1705 1429 νυνὶ
1722 1401 1826 1427 λυττώ-

1038 1467 1088 1493 σης
1105 1457 1250 1492 αἱρέσεως.
1268 1454 1352 1490 Δῆλον
1367 1453 1396 1480 δὲ
1416 1453 1457 1479 δτι
1470 1452 1515 1478 τὸν
1533 1449 1670 1477 κοπιῶντα
1693 1447 1741 1475 καὶ
1764 1454 1826 1473 πει-

1037 1506 1137 1536 νῶντα,
1162 1501 1304 1530 δειλιῶντά
1329 1509 1360 1528 τε
1385 1499 1434 1527 καὶ
1462 1497 1666 1533 παριστάμενον
1691 1493 1828 1529 κριτηρίῳ

202 1557 266 1585 tem,
291 1556 317 1579 et
343 1557 495 1586 paventem,
522 1539 558 1579 ει.
576 1539 725 1578 astantem—
738 1559 831 1579 coram
854 1551 985 1579 tribunali

1039 1549 1109 1579 οἶδεν
1123 1549 1252 1585 ἀσφαλῶς
1261 1549 1276 1575 ὸ
1287 1548 1373 1582 ἅγιος,
1389 1545 1514 1580 σώματος
1524 1542 1681 1589 χαρακτῆρι
1694 1539 1829 1589 περιγρὰῗ

201 1599 267 1625 vidit
286 1598 358 1626 haud
381 1598 464 1625 dubie
478 1598 519 1624 vir
543 1602 654 1625 sanctus
677 1597 763 1632 eﬂlgie
782 1599 908 1633 corporis
933 1598 989 1625 cir-

201 1646 360 1679 cumscribi,
377 1646 434 1673 sive
445 1646 472 1673 in
488 1645 591 1680 pariete
601 1645 749 1677 coloribus,
766 1645 825 1672 sive
841 1645 868 1671 in
886 1644 988 1673 tabula.

203 1693 236 1720 Et
256 1700 319 1719 vero
337 1692 363 1719 in
386 1693 467 1719 rebus
490 1691 643 1726 perspicuis
666 1691 885 1728 explanationem
906 1698 990 1718 causa

203 1739 278 1766 nulla
298 1739 436 1773 poscebat.
450 1737 518 1765 Nam
535 1738 557 1764 si
570 1737 694 1772 corporis
712 1742 850 1771 expertem
864 1737 991 1772 angelum

204 1787 291 1813 visum
307 1793 322 1812 a
331 1793 361 1812 se
372 1789 466 1811 narrat
480 1784 506 1811 in
519 1784 648 1819 imagine,
666 1783 805 1811 Christum
816 1789 990 1819 corporatum

205 1840 258 1859 non
275 1832 344 1858 idem
364 1831 390 1858 in
407 1830 525 1864 imagine
538 1830 638 1857 viderit
653 1830 665 1856 ?
684 1830 822 1858 Dementis
840 1831 934 1865 utique
949 1833 992 1858 est

205 1879 239 1904 de
251 1878 310 1904 viro
318 1881 414 1908 sancto
427 1876 481 1903 tale
496 1876 598 1911 aliquid
621 1876 764 1910 suspicari.
778 1876 806 1903 Si
820 1876 903 1911 igitur
919 1877 992 1905 hunc

205 1930 301 1952 testem
328 1924 462 1950 advocant
473 1923 513 1950 sui
532 1922 607 1957 pravi
630 1922 776 1956 dogmatis,
790 1930 839 1949 cur
865 1923 992 1950 eumdem

206 1970 345 2005 rejiciunt,
375 1977 407 1996 ac
428 1969 470 1996 vel
490 1969 627 2003 angelum,
647 1968 716 1995 vele
744 1968 847 1996 sanctis
874 1968 993 2003 aliquem

206 2017 281 2051 pingi
291 2023 361 2050 aegre
374 2015 480 2042 ferunt?
495 2014 970 2049 CumdicatalirubiCbrysostomus
984 2023 992 2041 :

209 2071 219 2086 τ
237 2061 315 2094 Quod
341 2060 426 2095 igitur
442 2059 469 2087 in
488 2060 645 2086 nominibus
662 2058 775 2092 fecistis,
800 2059 851 2086 hoc
867 2059 954 2093 ipsum
966 2059 992 2086 in

207 2106 330 2140 ejusdem
364 2105 481 2139 imagine
505 2104 673 2140 praestitistis
683 2104 717 2136 ¹¹,
740 2113 749 2130 ι
767 2104 866 2131 sancti
894 2103 994 2131 Meletii

207 2153 322 2180 scilicet.
342 2161 351 2177 ε
370 2152 438 2179 Nam
452 2155 479 2178 et
493 2151 520 2178 in
534 2151 697 2178 annulorum
711 2150 789 2184 palis,
803 2150 872 2177 etin
889 2150 996 2184 poculis

208 2198 374 2233 paterisque,
389 2202 416 2224 et
439 2197 467 2224 in
482 2197 671 2224 cubiculorum
687 2196 850 2231 parietibus,
861 2195 996 2230 etubique

209 2244 311 2280 passim
334 2248 457 2271 sanctam
474 2243 550 2270 illam
573 2229 719 2277 imaginem
747 2242 824 2269 multi
845 2229 996 2276 insculpse-
1010 2229 1033 2258 D

210 2295 274 2317 runt
287 2291 335 2326 (l).
353 2299 362 2315 ι
379 2288 435 2317 Nec
458 2293 547 2316 tamen
570 2296 650 2316 aures
668 2289 693 2314 ei
713 2288 832 2323 prmbere
850 2288 996 2316 sustinent.

210 2337 248 2364 De
263 2337 376 2364 historia
385 2335 472 2363 sancti
488 2334 624 2362 Pancratii
638 2334 709 2368 quod
723 2342 776 2361 non
794 2334 897 2369 liqueat
912 2342 927 2361 a
942 2341 997 2368 quo

211 2383 247 2410 sit
261 2387 385 2415 exarata,
410 2381 476 2416 quid
500 2386 557 2408 tum
571 2380 745 2416 ?Martyrum
767 2385 842 2415 gesta
868 2379 999 2415 pleraque

211 2430 303 2456 omnia
321 2429 396 2456 nullo
419 2433 483 2455 sunt
507 2427 637 2462 inscripta
655 2427 733 2454 titulo
751 2436 758 2454 :
779 2432 808 2453 at
827 2430 890 2453 sunt
905 2426 997 2452 eadem

211 2482 302 2502 tamen
325 2474 455 2502 sincera:
481 2480 562 2508 atque
584 2473 647 2500 inde
679 2473 805 2500 doctores
835 2471 1000 2506 depromunt

212 2525 372 2556 argumenta
391 2522 418 2548 in
441 2525 590 2555 martyrum
608 2519 726 2547 laudem.
741 2518 847 2545 Colitur
860 2518 887 2544 in
905 2517 998 2544 Sicilia

212 2571 324 2595 sanctus
344 2566 516 2599 Pancratius,
537 2566 594 2593 aede
618 2566 747 2598 maxima,
767 2565 794 2591 in
809 2571 862 2599 qua
875 2568 902 2591 et
914 2564 998 2590 mira-

211 2613 273 2640 cnla
289 2613 332 2640 edi
347 2617 468 2640 narrant.
482 2612 534 2645 Qui
544 2611 625 2645 igitur
643 2611 784 2638 historiam
800 2618 856 2636 non
870 2609 998 2641 admittit,

213 2664 360 2694 martyrem
386 2667 441 2686 una
457 2658 583 2686 videlicet
609 2662 785 2692 aspernatur.
803 2655 865 2683 Haec
886 2656 996 2690 quidem

1040 1598 1150 1634 φεσθαι,
1160 1598 1216 1624 εττε
1232 1597 1261 1623 ἐν
1275 1595 1358 1629 τοίχῳ
1367 1592 1520 1629 χρώμασιν,
1537 1591 1591 1617 εἴτε
1608 1590 1637 1615 ὲν
1652 1588 1756 1615 πίνακι.
1773 1585 1830 1613 Καὶ

1041 1645 1070 1671 ὲν
1083 1645 1141 1675 τοῖς
1158 1641 1300 1677 ἐναργέσιν
1321 1639 1371 1666 οὐκ
1389 1636 1424 1674 ἦν
1445 1637 1523 1671 λόγος
1538 1635 1612 1670 αὐτῷ
1627 1634 1828 1668 διασαφήσεως.

1042 1690 1073 1717 Ei
1090 1689 1146 1724 γὰρ
1160 1688 1206 1715 τὸν
1227 1686 1373 1722 ἀσώματον
1395 1683 1511 1718 ἄγγελον
1529 1682 1594 1708 ἰδεῖν
1615 1680 1666 1714 ἐφη
1686 1680 1715 1705 ὲν
1732 1677 1829 1708 εἰκόνι,

1040 1737 1088 1764 τὸν
1116 1734 1272 1770 ὲνσώματον
1300 1731 1417 1767 Χριστὸν
1442 1730 1474 1756 οὐ
1500 1729 1593 1764 βλέπει
1614 1724 1830 1770 είκονιζόμενονς

1041 1783 1145 1819 ἠλίθιον
1165 1779 1212 1807 οὖν
1232 1778 1354 1806 τοιοῦτόν
1375 1785 1402 1804 τι
1425 1775 1490 1810 περὶ
1510 1774 1558 1802 τοῦ
1575 1772 1655 1807 ἁγίου
1670 1769 1832 1819 ὺ-πολαμὸᾱί

1042 1814 1109 1856 νειν.
1123 1827 1155 1854 El
1169 1824 1216 1853 οὗν
1230 1826 1269 1856 εἰς
1285 1822 1438 1860 μαρτυρίαν
1450 1820 1531 1848 αὐτὸν
1545 1819 1635 1853 ἔχουσι
1648 1816 1693 1844 τοῦ
1709 1814 1832 1850 πονηροῦ

1043 1873 1134 1902 αὐτῶν
1148 1873 1299 1906 δόγματος·
1314 1869 1340 1896 τί
1353 1867 1400 1895 τὸν
1412 1866 1493 1894 αὑτὸν
1507 1865 1716 1895 ἀποϐάλλονται,
1737 1862 1775 1896 μὴ
1790 1861 1834 1887 δε-

1043 1921 1152 1956 χόμενοι
1165 1916 1281 1952 ἄγγελον
1291 1913 1481 1946 είκονίζεσθαι,
1502 1911 1564 1947 μηδ’
1575 1910 1610 1938 αὖ
1623 1917 1684 1956 τινα
1698 1908 1754 1956 τῶν
1762 1907 1835 1956 ’,θεο-

1044 1953 1149 2002 ᾧό-ρωη
1165 1964 1288 1998 λέγοντος
1298 1958 1349 1988 ὧδέ
1363 1968 1416 1986 που
1427 1958 1474 1985 τοῦ
1489 1955 1684 1992 Χρυσοστόμου
1693 1962 1701 1969 ·
1720 1964 1731 1979 ι
1742 1953 1836 2002 Ἴοπερ

1044 1999 1110 2046 γοῧν
1126 2011 1155 2036 ὲν
1172 2008 1303 2043 ὀνόμασιν
1322 2005 1480 2040 ἐποιήσατε.
1499 2001 1579 2029 τοῦτο
1598 2001 1644 2027 ἐπὶ
1659 2000 1710 2035 τῆς
1728 1999 1837 2028 εἰκόνος

1045 2058 1182 2093 ἐπράξατε
1196 2055 1247 2090 τῆς
1261 2054 1366 2080 ἐκείνου
1378 2060 1385 2068 ·
1405 2061 1414 2078 ι
1433 2051 1517 2086 ἦγουν
1531 2048 1663 2076 Μελετίου
1678 2046 1725 2073 τοῦ
1742 2045 1834 2079 ἁγίου·

1048 2114 1058 2131 ι
1072 2104 1128 2131 Καὶ
1145 2104 1199 2138 γὰρ
1219 2101 1266 2128 καὶ
1287 2101 1316 2127 ὲν
1330 2097 1478 2126 δακτυλίων
1492 2095 1657 2130 σφενδόναις,
1673 2093 1721 2120 καὶ
1740 2094 1770 2119 ὲν
1790 2094 1838 2117 ει-

1046 2150 1151 2185 πόμασι
1179 2149 1226 2175 καὶ
1253 2146 1374 2181 φιάλαις,
1390 2144 1446 2179 ,καὶ
1467 2144 1495 2169 ἐν
1517 2141 1646 2174 θαλάμων
1661 2139 1775 2173 τοίχοις,
1789 2138 1839 2185 καὶ

1047 2183 1183 2230 πανταχοῦ
1204 2193 1254 2228 τὴν
1274 2192 1367 2218 εἰκόνα
1380 2189 1430 2224 τὴν
1445 2188 1524 2222 ἁγίαν
1544 2187 1652 2219 ἐκείνην
1671 2183 1839 2220 διεχὰραξαν

1047 2239 1151 2266 πολλοί.
1165 2248 1174 2264 ι
1194 2237 1263 2264 Ἀλλ’
1274 2237 1348 2271 ὅμως
1361 2234 1423 2261 οὐδὲ
1443 2233 1559 2260 ἀκοῦσαι
1573 2231 1656 2258 αὑτοῦ
1680 2230 1838 2264 ἀνέχονται.

1048 2285 1116 2320 Περὶ
1130 2284 1178 2319 τῆς
1192 2282 1312 2318 ἱστορίας
1326 2281 1373 2308 τοῦ
1389 2280 1468 2315 ἁγίου
1485 2278 1672 2315 Παγκρατίου,
1692 2277 1733 2304 δτι
1748 2275 1780 2302 οὐ
1792 2275 1840 2309 δη-

1048 2331 1090 2358 λοῖ
1104 2330 1174 2366 πρὸς
1195 2329 1267 2360 τινος
1289 2328 1456 2363 συνεγράφη,
1474 2326 1500 2353 τί
1514 2325 1611 2357 coit-to;
1632 2323 1725 2359 σχεδὸν
1747 2322 1840 2349 πάντα

1048 2378 1084 2404 τὰ
1094 2375 1332 2412 μαρτυρογράφια,
1347 2371 1522 2408 ἀνεπίγραφα
1535 2371 1603 2397 εἰσιν
1612 2378 1620 2386 ·
1634 2369 1692 2396 ἀλλ’
1704 2369 1779 2403 ὅμως
1794 2367 1840 2402 βέ-

1050 2422 1115 2450 ϐαιά
1143 2422 1211 2448 εισι·
1238 2419 1365 2447 κάκεῖθεν
1396 2419 1421 2445 οἱ
1451 2417 1606 2445 διδάσκαλοι
1638 2413 1840 2451 ἁφορμὶζονται

1049 2470 1137 2495 ποιεῖν
1162 2468 1196 2494 τὰ
1220 2467 1272 2494 τῶν
1297 2465 1531 2501 μαρτυρησάντων
1552 2463 1689 2498 ἐγκώμια.
1714 2461 1744 2487 '0
1762 2460 1841 2494 ἅγιος

1051 2513 1224 2548 Παγκράτιος
1237 2513 1266 2538 ἐν
1281 2510 1393 2546 Σικελίᾳ
1402 2510 1527 2545 τιμᾶται,
1543 2507 1600 2542 ναῷ
1612 2506 1735 2542 μεγίστῳ
1745 2514 1753 2521 ο
1769 2506 1799 2531 ὲν
1818 2501 1842 2538 ᾧ

1051 2568 1116 2594 φασι
1134 2559 1182 2585 καὶ
1199 2557 1299 2593 σημεῖα
1317 2554 1494 2590 γεγενῆσθαι.
1522 2554 1552 2580 Ὁ
1575 2550 1621 2579 οὖν
1643 2551 1681 2587 μὴ
1693 2550 1841 2585 δεχόμενος

1051 2607 1101 2640 τὴν
1126 2604 1255 2638 ἱστορίαν,
1275 2600 1477 2629 συναπεσάλετο
1493 2598 1538 2626 τὸν
1558 2597 1684 2634 μάρτυρα
1706 2594 1842 2630 δηλονότι.

1051 2639 1145 2678 Ταῦτα
1163 2650 1211 2685 μὲν
1226 2649 1263 2681 ὡς
1275 2649 1304 2675 ὲν
1324 2646 1434 2681 όλίγοις,
1447 2646 1484 2672 Σὺ
1505 2644 1546 2677 δὲ,
1561 2643 1666 2674 τέκνον,
1688 2639 1797 2675 ὑγίαινέ
1811 2647 1842 2666 τε

249 2747 270 2762 ’⁸
284 2746 357 2774 Psul.
374 2754 453 2777 cun,
467 2746 494 2777 6,
511 2746 538 2772 7.
575 2746 598 2762 “
619 2743 698 2772 llom.
713 2744 758 2776 45.
773 2745 807 2772 de
821 2744 850 2771 S.
862 2742 970 2770 Meletio
989 2741 1173 2768 Antiochcno.

966 2809 1081 2838 ΝΟΤᾸΞ.

251 2882 290 2918 (l)
309 2882 526 2917 Meminitlxujus
542 2881 713 2917 Niccpltorus
728 2881 755 2909 in
773 2880 958 2908 Antirrhctico
976 2887 1028 2907 nis.
