  <div class='ocr_page' id='page_1' title='image "/cluster/home/n/w/nwhite01/storage/ocr_20150623/99/njp.32101010943858/682.png"; bbox 0 0 1923 3078; ppageno 0'>
   <div class='ocr_carea' id='block_1_1' title="bbox 117 155 187 188">
    <p class='ocr_par' dir='ltr' id='par_1_1' title="bbox 117 155 187 188">
     <span class='ocr_line' id='line_1_1' title="bbox 117 155 187 188; baseline -0.029 0"><span class='ocrx_word' id='word_1_1' title='bbox 117 155 187 188; x_wconf 77' lang='grc'><strong>1245</strong></span> 
     </span>
    </p>
   </div>
   <div class='ocr_carea' id='block_1_2' title="bbox 721 155 1157 187">
    <p class='ocr_par' dir='ltr' id='par_1_2' title="bbox 721 155 1157 187">
     <span class='ocr_line' id='line_1_2' title="bbox 721 155 1157 187; baseline -0.002 0"><span class='ocrx_word' id='word_1_2' title='bbox 721 156 991 187; x_wconf 77' lang='lat' dir='ltr'><strong>EPISTOLARUM</strong></span> <span class='ocrx_word' id='word_1_3' title='bbox 1020 156 1094 186; x_wconf 81' lang='lat' dir='ltr'><strong>LIB.</strong></span> <span class='ocrx_word' id='word_1_4' title='bbox 1116 155 1157 186; x_wconf 83' lang='grc' dir='ltr'><strong>Π.</strong></span> 
     </span>
    </p>
   </div>
   <div class='ocr_carea' id='block_1_3' title="bbox 1687 154 1755 186">
    <p class='ocr_par' dir='ltr' id='par_1_3' title="bbox 1687 154 1755 186">
     <span class='ocr_line' id='line_1_3' title="bbox 1687 154 1755 186; baseline 0 0"><span class='ocrx_word' id='word_1_5' title='bbox 1687 154 1755 186; x_wconf 72' lang='grc'><strong>1246</strong></span> 
     </span>
    </p>
   </div>
   <div class='ocr_carea' id='block_1_4' title="bbox 115 211 917 250">
    <p class='ocr_par' dir='ltr' id='par_1_4' title="bbox 115 211 906 250">
     <span class='ocr_line' id='line_1_4' title="bbox 115 211 906 250; baseline 0 -12"><span class='ocrx_word' id='word_1_6' title='bbox 115 213 165 239; x_wconf 79' lang='grc' dir='ltr'>καὶ</span> <span class='ocrx_word' id='word_1_7' title='bbox 184 211 303 244; x_wconf 69' lang='grc' dir='ltr'>σώζωσι</span> <span class='ocrx_word' id='word_1_8' title='bbox 323 213 432 240; x_wconf 76' lang='grc' dir='ltr'>καὶτοῦ</span> <span class='ocrx_word' id='word_1_9' title='bbox 450 212 601 250; x_wconf 83' lang='grc' dir='ltr'>Γρηγορίου</span> <span class='ocrx_word' id='word_1_10' title='bbox 623 213 733 249; x_wconf 77' lang='grc' dir='ltr'>μακρὰν</span> <span class='ocrx_word' id='word_1_11' title='bbox 754 211 906 248; x_wconf 59' lang='lat' dir='ltr'><strong>«mmet-</strong></span> 
     </span>
    </p>
   </div>
   <div class='ocr_carea' id='block_1_5' title="bbox 969 211 1749 250">
    <p class='ocr_par' dir='ltr' id='par_1_5' title="bbox 969 211 1749 246">
     <span class='ocr_line' id='line_1_5' title="bbox 969 211 1749 246; baseline 0.001 -8"><span class='ocrx_word' id='word_1_12' title='bbox 969 212 1064 240; x_wconf 74' lang='lat' dir='ltr'><strong>)aucis.</strong></span> <span class='ocrx_word' id='word_1_13' title='bbox 1079 211 1120 239; x_wconf 90' lang='lat' dir='ltr'><strong>Tu</strong></span> <span class='ocrx_word' id='word_1_14' title='bbox 1137 219 1211 246; x_wconf 86' lang='lat' dir='ltr'><strong>vero,</strong></span> <span class='ocrx_word' id='word_1_15' title='bbox 1238 212 1287 245; x_wconf 82' lang='lat' dir='ltr'><strong>tili,</strong></span> <span class='ocrx_word' id='word_1_16' title='bbox 1307 212 1398 240; x_wconf 79' lang='lat' dir='ltr'><strong>salvus</strong></span> <span class='ocrx_word' id='word_1_17' title='bbox 1420 212 1459 240; x_wconf 86' lang='lat' dir='ltr'><strong>sis</strong></span> <span class='ocrx_word' id='word_1_18' title='bbox 1477 217 1504 240; x_wconf 90' lang='lat' dir='ltr'><strong>et</strong></span> <span class='ocrx_word' id='word_1_19' title='bbox 1530 211 1676 240; x_wconf 86' lang='lat' dir='ltr'><strong>incolumis</strong></span> <span class='ocrx_word' id='word_1_20' title='bbox 1695 220 1702 239; x_wconf 94' lang='lat'><strong>:</strong></span> <span class='ocrx_word' id='word_1_21' title='bbox 1720 216 1749 239; x_wconf 85' lang='lat' dir='ltr'><strong>et</strong></span> 
     </span>
    </p>
   </div>
   <div class='ocr_carea' id='block_1_6' title="bbox 117 259 540 296">
    <p class='ocr_par' dir='ltr' id='par_1_6' title="bbox 117 259 540 296">
     <span class='ocr_line' id='line_1_6' title="bbox 117 259 540 296; baseline 0.009 -11"><span class='ocrx_word' id='word_1_22' title='bbox 117 260 155 294; x_wconf 84' lang='grc' dir='ltr'>μή</span> <span class='ocrx_word' id='word_1_23' title='bbox 175 267 204 286; x_wconf 86' lang='grc' dir='ltr'><strong>σε</strong></span> <span class='ocrx_word' id='word_1_24' title='bbox 218 259 300 296; x_wconf 83' lang='grc' dir='ltr'>ὀλέσῃ</span> <span class='ocrx_word' id='word_1_25' title='bbox 315 259 345 294; x_wconf 77' lang='grc' dir='ltr'><strong>ἐξ</strong></span> <span class='ocrx_word' id='word_1_26' title='bbox 361 260 540 296; x_wconf 77' lang='grc' dir='ltr'>ἁπροσεξίας.</span> 
     </span>
    </p>
   </div>
   <div class='ocr_carea' id='block_1_7' title="bbox 348 359 770 403">
    <p class='ocr_par' dir='ltr' id='par_1_7' title="bbox 348 359 770 403">
     <span class='ocr_line' id='line_1_7' title="bbox 348 359 770 403; baseline 0.002 -17"><span class='ocrx_word' id='word_1_27' title='bbox 348 360 416 403; x_wconf 68' lang='grc' dir='ltr'><strong>ΜΡ.</strong></span> <span class='ocrx_word' id='word_1_28' title='bbox 427 375 463 382; x_wconf 89' lang='lat'><strong>-—</strong></span> <span class='ocrx_word' id='word_1_29' title='bbox 479 361 665 396; x_wconf 77' lang='grc' dir='ltr'>Έγκλείστῃ.</span> <span class='ocrx_word' id='word_1_30' title='bbox 678 359 770 397; x_wconf 86' lang='grc' dir='ltr'>[τκε¹.]</span> 
     </span>
    </p>
   </div>
   <div class='ocr_carea' id='block_1_8' title="bbox 960 256 1752 294">
    <p class='ocr_par' dir='ltr' id='par_1_8' title="bbox 960 256 1752 294">
     <span class='ocr_line' id='line_1_8' title="bbox 960 256 1752 294; baseline 0.003 -10"><span class='ocrx_word' id='word_1_31' title='bbox 960 265 976 284; x_wconf 89' lang='lat' dir='ltr'><strong>a</strong></span> <span class='ocrx_word' id='word_1_32' title='bbox 995 256 1128 293; x_wconf 81' lang='lat' dir='ltr'><strong>Gregorio</strong></span> <span class='ocrx_word' id='word_1_33' title='bbox 1147 258 1262 287; x_wconf 85' lang='lat' dir='ltr'><strong>abscede</strong></span> <span class='ocrx_word' id='word_1_34' title='bbox 1276 259 1382 294; x_wconf 81' lang='lat' dir='ltr'><strong>procul,</strong></span> <span class='ocrx_word' id='word_1_35' title='bbox 1398 267 1432 287; x_wconf 88' lang='lat' dir='ltr'><strong>ne</strong></span> <span class='ocrx_word' id='word_1_36' title='bbox 1450 259 1617 294; x_wconf 76' lang='lat' dir='ltr'><strong>imprudenti</strong></span> <span class='ocrx_word' id='word_1_37' title='bbox 1630 258 1679 286; x_wconf 91' lang='lat' dir='ltr'><strong>tibi</strong></span> <span class='ocrx_word' id='word_1_38' title='bbox 1692 257 1752 286; x_wconf 74' lang='lat' dir='ltr'><strong>exi-</strong></span> 
     </span>
    </p>
   </div>
   <div class='ocr_carea' id='block_1_9' title="bbox 961 303 1150 332">
    <p class='ocr_par' dir='ltr' id='par_1_9' title="bbox 961 303 1150 332">
     <span class='ocr_line' id='line_1_9' title="bbox 961 303 1150 332; baseline 0.005 -2"><span class='ocrx_word' id='word_1_39' title='bbox 961 303 1029 330; x_wconf 84' lang='lat' dir='ltr'><strong>tium</strong></span> <span class='ocrx_word' id='word_1_40' title='bbox 1041 303 1150 332; x_wconf 81' lang='lat' dir='ltr'><strong>all‘erat.</strong></span> 
     </span>
    </p>
   </div>
   <div class='ocr_carea' id='block_1_10' title="bbox 1224 361 1500 390">
    <p class='ocr_par' dir='ltr' id='par_1_10' title="bbox 1224 361 1500 390">
     <span class='ocr_line' id='line_1_10' title="bbox 1224 361 1500 390; baseline 0 -1"><span class='ocrx_word' id='word_1_41' title='bbox 1224 361 1315 390; x_wconf 77' lang='lat' dir='ltr'><strong>XLI&quot;.</strong></span> <span class='ocrx_word' id='word_1_42' title='bbox 1327 377 1362 385; x_wconf 87' lang='lat'><strong>——</strong></span> <span class='ocrx_word' id='word_1_43' title='bbox 1375 361 1500 390; x_wconf 77' lang='lat' dir='ltr'><strong>Inclusa&#39;.</strong></span> 
     </span>
    </p>
   </div>
   <div class='ocr_carea' id='block_1_11' title="bbox 302 414 1568 449">
    <p class='ocr_par' dir='ltr' id='par_1_11' title="bbox 302 414 1568 449">
     <span class='ocr_line' id='line_1_11' title="bbox 302 414 1568 449; baseline -0.001 -7"><span class='ocrx_word' id='word_1_44' title='bbox 302 417 431 449; x_wconf 72' lang='lat' dir='ltr'><strong>Praecepta</strong></span> <span class='ocrx_word' id='word_1_45' title='bbox 442 418 585 443; x_wconf 67' lang='lat' dir='ltr'><strong>monasticae</strong></span> <span class='ocrx_word' id='word_1_46' title='bbox 597 419 652 443; x_wconf 62' lang='lat' dir='ltr'><strong>vita;</strong></span> <span class='ocrx_word' id='word_1_47' title='bbox 665 417 741 443; x_wconf 85' lang='lat' dir='ltr'><strong>tradit</strong></span> <span class='ocrx_word' id='word_1_48' title='bbox 757 423 764 441; x_wconf 90' lang='lat'><strong>:</strong></span> <span class='ocrx_word' id='word_1_49' title='bbox 777 416 852 442; x_wconf 84' lang='lat' dir='ltr'><strong>simul</strong></span> <span class='ocrx_word' id='word_1_50' title='bbox 863 421 919 446; x_wconf 64' lang='lat' dir='ltr'><strong>qua</strong></span> <span class='ocrx_word' id='word_1_51' title='bbox 930 414 961 439; x_wconf 83' lang='lat' dir='ltr'><strong>ad</strong></span> <span class='ocrx_word' id='word_1_52' title='bbox 972 417 1136 441; x_wconf 74' lang='lat' dir='ltr'><strong>constantiam</strong></span> <span class='ocrx_word' id='word_1_53' title='bbox 1148 416 1173 442; x_wconf 93' lang='lat' dir='ltr'><strong>in</strong></span> <span class='ocrx_word' id='word_1_54' title='bbox 1190 417 1310 442; x_wconf 87' lang='lat' dir='ltr'><strong>catholica</strong></span> <span class='ocrx_word' id='word_1_55' title='bbox 1322 417 1371 442; x_wconf 79' lang='lat' dir='ltr'><strong>ﬁde</strong></span> <span class='ocrx_word' id='word_1_56' title='bbox 1385 417 1568 442; x_wconf 71' lang='lat' dir='ltr'><strong>adhortaretur.</strong></span> 
     </span>
    </p>
   </div>
   <div class='ocr_carea' id='block_1_12' title="bbox 161 468 918 508">
    <p class='ocr_par' dir='ltr' id='par_1_12' title="bbox 161 468 918 508">
     <span class='ocr_line' id='line_1_12' title="bbox 161 468 918 508; baseline -0.005 -9"><span class='ocrx_word' id='word_1_57' title='bbox 161 472 296 506; x_wconf 82' lang='grc' dir='ltr'>Ἀνέγνων</span> <span class='ocrx_word' id='word_1_58' title='bbox 309 480 356 498; x_wconf 81' lang='grc' dir='ltr'><strong>σου</strong></span> <span class='ocrx_word' id='word_1_59' title='bbox 373 471 405 498; x_wconf 82' lang='grc' dir='ltr'><strong>τὺ</strong></span> <span class='ocrx_word' id='word_1_60' title='bbox 418 471 537 508; x_wconf 82' lang='grc' dir='ltr'>γράμμα</span> <span class='ocrx_word' id='word_1_61' title='bbox 552 472 603 507; x_wconf 83' lang='grc' dir='ltr'>τῆς</span> <span class='ocrx_word' id='word_1_62' title='bbox 615 471 760 503; x_wconf 77' lang='grc' dir='ltr'>εὐλαϐείας</span> <span class='ocrx_word' id='word_1_63' title='bbox 770 479 778 486; x_wconf 81' lang='grc'><strong>’</strong></span> <span class='ocrx_word' id='word_1_64' title='bbox 796 469 865 498; x_wconf 82' lang='grc' dir='ltr'>ἀλλὰ</span> <span class='ocrx_word' id='word_1_65' title='bbox 875 468 918 501; x_wconf 85' lang='grc' dir='ltr'><strong>τίς</strong></span> 
     </span>
    </p>
   </div>
   <div class='ocr_carea' id='block_1_13' title="bbox 119 514 916 552">
    <p class='ocr_par' dir='ltr' id='par_1_13' title="bbox 119 514 916 552">
     <span class='ocr_line' id='line_1_13' title="bbox 119 514 916 552; baseline -0.003 -9"><span class='ocrx_word' id='word_1_66' title='bbox 119 519 134 544; x_wconf 84' lang='grc' dir='ltr'><strong><em>ὸ</em></strong></span> <span class='ocrx_word' id='word_1_67' title='bbox 149 517 260 549; x_wconf 72' lang='grc' dir='ltr'>ἔπαινος</span> <span class='ocrx_word' id='word_1_68' title='bbox 275 516 306 543; x_wconf 83' lang='grc' dir='ltr'>ὃν</span> <span class='ocrx_word' id='word_1_69' title='bbox 320 517 452 552; x_wconf 72' lang='grc' dir='ltr'>ἐποίησας</span> <span class='ocrx_word' id='word_1_70' title='bbox 469 518 535 552; x_wconf 79' lang='grc' dir='ltr'>ἡμῖν</span> <span class='ocrx_word' id='word_1_71' title='bbox 552 517 637 549; x_wconf 78' lang='grc' dir='ltr'><strong>ξένοις</strong></span> <span class='ocrx_word' id='word_1_72' title='bbox 653 514 714 543; x_wconf 77' lang='grc' dir='ltr'>οὖσι</span> <span class='ocrx_word' id='word_1_73' title='bbox 729 515 830 547; x_wconf 79' lang='grc' dir='ltr'>παντὸς</span> <span class='ocrx_word' id='word_1_74' title='bbox 846 515 916 548; x_wconf 87' lang='grc' dir='ltr'>ἀγα-</span> 
     </span>
    </p>
   </div>
   <div class='ocr_carea' id='block_1_14' title="bbox 121 561 917 599">
    <p class='ocr_par' dir='ltr' id='par_1_14' title="bbox 121 561 917 599">
     <span class='ocr_line' id='line_1_14' title="bbox 121 561 917 599; baseline -0.004 -9"><span class='ocrx_word' id='word_1_75' title='bbox 121 563 186 596; x_wconf 84' lang='grc' dir='ltr'>θοῦ;</span> <span class='ocrx_word' id='word_1_76' title='bbox 201 563 243 595; x_wconf 88' lang='grc' dir='ltr'><strong>τίς</strong></span> <span class='ocrx_word' id='word_1_77' title='bbox 255 563 284 590; x_wconf 80' lang='grc' dir='ltr'>δὲ</span> <span class='ocrx_word' id='word_1_78' title='bbox 297 563 329 599; x_wconf 83' lang='grc' dir='ltr'>δὴ</span> <span class='ocrx_word' id='word_1_79' title='bbox 343 564 388 590; x_wconf 79' lang='grc' dir='ltr'>καὶ</span> <span class='ocrx_word' id='word_1_80' title='bbox 408 564 426 599; x_wconf 83' lang='grc' dir='ltr'><strong>ἠ</strong></span> <span class='ocrx_word' id='word_1_81' title='bbox 439 563 600 599; x_wconf 70' lang='grc' dir='ltr'><strong>ἐπιζήτησις</strong></span> <span class='ocrx_word' id='word_1_82' title='bbox 610 562 657 590; x_wconf 82' lang='grc' dir='ltr'><strong>τοῦ</strong></span> <span class='ocrx_word' id='word_1_83' title='bbox 671 561 860 590; x_wconf 83' lang='grc' dir='ltr'>διδασκαλικοῦ</span> <span class='ocrx_word' id='word_1_84' title='bbox 873 561 917 588; x_wconf 82' lang='grc' dir='ltr'>λό-</span> 
     </span>
    </p>
   </div>
   <div class='ocr_carea' id='block_1_15' title="bbox 121 607 917 645">
    <p class='ocr_par' dir='ltr' id='par_1_15' title="bbox 121 607 917 645">
     <span class='ocr_line' id='line_1_15' title="bbox 121 607 917 645; baseline -0.005 -9"><span class='ocrx_word' id='word_1_85' title='bbox 121 618 183 643; x_wconf 80' lang='grc' dir='ltr'>γου,</span> <span class='ocrx_word' id='word_1_86' title='bbox 199 609 236 645; x_wconf 81' lang='grc' dir='ltr'>μὴ</span> <span class='ocrx_word' id='word_1_87' title='bbox 254 609 361 644; x_wconf 79' lang='grc' dir='ltr'>ἔχουσιν</span> <span class='ocrx_word' id='word_1_88' title='bbox 375 610 564 642; x_wconf 86' lang='grc' dir='ltr'>οἰκειοποτεῖν,</span> <span class='ocrx_word' id='word_1_89' title='bbox 582 609 631 644; x_wconf 82' lang='grc' dir='ltr'><strong>οὐχ</strong></span> <span class='ocrx_word' id='word_1_90' title='bbox 647 609 688 636; x_wconf 80' lang='grc' dir='ltr'>ὅτι</span> <span class='ocrx_word' id='word_1_91' title='bbox 700 616 733 643; x_wconf 89' lang='grc' dir='ltr'><strong>γε</strong></span> <span class='ocrx_word' id='word_1_92' title='bbox 750 607 797 634; x_wconf 69' lang='grc' dir='ltr'>καὶ</span> <span class='ocrx_word' id='word_1_93' title='bbox 812 607 917 642; x_wconf 75' lang='grc' dir='ltr'>ἑτέροις</span> 
     </span>
    </p>
   </div>
   <div class='ocr_carea' id='block_1_16' title="bbox 122 651 915 690">
    <p class='ocr_par' dir='ltr' id='par_1_16' title="bbox 122 651 915 690">
     <span class='ocr_line' id='line_1_16' title="bbox 122 651 915 690; baseline -0.005 -8"><span class='ocrx_word' id='word_1_94' title='bbox 122 655 215 690; x_wconf 72' lang='grc' dir='ltr'>ἄρδειν</span> <span class='ocrx_word' id='word_1_95' title='bbox 238 656 363 689; x_wconf 65' lang='lat' dir='ltr'><strong>vcinam;</strong></span> <span class='ocrx_word' id='word_1_96' title='bbox 378 655 453 690; x_wconf 79' lang='grc' dir='ltr'>ὅμως</span> <span class='ocrx_word' id='word_1_97' title='bbox 469 654 562 690; x_wconf 77' lang='grc' dir='ltr'>ἐπειδὴ</span> <span class='ocrx_word' id='word_1_98' title='bbox 584 654 749 689; x_wconf 79' lang='grc' dir='ltr'>γέγραπται,</span> <span class='ocrx_word' id='word_1_99' title='bbox 764 652 857 681; x_wconf 71' lang='grc' dir='ltr'>Παντὶ</span> <span class='ocrx_word' id='word_1_100' title='bbox 875 651 915 684; x_wconf 85' lang='grc' dir='ltr'>τῷ</span> 
     </span>
    </p>
   </div>
   <div class='ocr_carea' id='block_1_17' title="bbox 122 699 916 736">
    <p class='ocr_par' dir='ltr' id='par_1_17' title="bbox 122 699 916 736">
     <span class='ocr_line' id='line_1_17' title="bbox 122 699 916 736; baseline -0.006 -7"><span class='ocrx_word' id='word_1_101' title='bbox 122 702 258 729; x_wconf 76' lang='grc' dir='ltr'>αιτοῦντί</span> <span class='ocrx_word' id='word_1_102' title='bbox 268 710 305 729; x_wconf 76' lang='grc' dir='ltr'><strong>σε</strong></span> <span class='ocrx_word' id='word_1_103' title='bbox 317 701 415 728; x_wconf 83' lang='grc' dir='ltr'>δίδου·</span> <span class='ocrx_word' id='word_1_104' title='bbox 430 701 520 734; x_wconf 81' lang='grc' dir='ltr'>δέξαιο</span> <span class='ocrx_word' id='word_1_105' title='bbox 532 700 712 736; x_wconf 79' lang='grc' dir='ltr'><strong>βραχυλογίαν</strong></span> <span class='ocrx_word' id='word_1_106' title='bbox 726 700 786 726; x_wconf 77' lang='grc' dir='ltr'>τινὰ</span> <span class='ocrx_word' id='word_1_107' title='bbox 801 699 850 733; x_wconf 82' lang='grc' dir='ltr'>τῆς</span> <span class='ocrx_word' id='word_1_108' title='bbox 865 706 916 724; x_wconf 88' lang='grc' dir='ltr'>πε-</span> 
     </span>
    </p>
   </div>
   <div class='ocr_carea' id='block_1_18' title="bbox 122 745 916 783">
    <p class='ocr_par' dir='ltr' id='par_1_18' title="bbox 122 745 916 783">
     <span class='ocr_line' id='line_1_18' title="bbox 122 745 916 783; baseline -0.006 -9"><span class='ocrx_word' id='word_1_109' title='bbox 122 747 283 783; x_wconf 72' lang='grc' dir='ltr'>νιχρότητος</span> <span class='ocrx_word' id='word_1_110' title='bbox 304 747 394 782; x_wconf 75' lang='grc' dir='ltr'>ἡμῶν.</span> <span class='ocrx_word' id='word_1_111' title='bbox 408 747 470 773; x_wconf 89' lang='grc' dir='ltr'><strong>Τῶν</strong></span> <span class='ocrx_word' id='word_1_112' title='bbox 485 748 514 773; x_wconf 80' lang='grc' dir='ltr'>ὲν</span> <span class='ocrx_word' id='word_1_113' title='bbox 526 747 565 782; x_wconf 86' lang='grc' dir='ltr'>τῷ</span> <span class='ocrx_word' id='word_1_114' title='bbox 579 745 662 781; x_wconf 88' lang='grc' dir='ltr'>κοινῷ</span> <span class='ocrx_word' id='word_1_115' title='bbox 680 745 730 781; x_wconf 85' lang='grc' dir='ltr'><strong>βίῳ</strong></span> <span class='ocrx_word' id='word_1_116' title='bbox 745 745 916 779; x_wconf 66' lang='grc' dir='ltr'>ἀναστρεφο-</span> 
     </span>
    </p>
   </div>
   <div class='ocr_carea' id='block_1_19' title="bbox 125 791 916 830">
    <p class='ocr_par' dir='ltr' id='par_1_19' title="bbox 125 791 916 830">
     <span class='ocr_line' id='line_1_19' title="bbox 125 791 916 830; baseline -0.005 -9"><span class='ocrx_word' id='word_1_117' title='bbox 125 794 215 830; x_wconf 82' lang='grc' dir='ltr'><strong>μένων</strong></span> <span class='ocrx_word' id='word_1_118' title='bbox 231 795 281 830; x_wconf 82' lang='grc' dir='ltr'>οὐχ</span> <span class='ocrx_word' id='word_1_119' title='bbox 299 794 386 827; x_wconf 79' lang='grc' dir='ltr'>οὕτως</span> <span class='ocrx_word' id='word_1_120' title='bbox 398 794 500 821; x_wconf 72' lang='grc' dir='ltr'>δύναιτ’</span> <span class='ocrx_word' id='word_1_121' title='bbox 516 794 550 821; x_wconf 82' lang='grc' dir='ltr'>ἂν</span> <span class='ocrx_word' id='word_1_122' title='bbox 560 795 574 820; x_wconf 81' lang='grc' dir='ltr'>ὁ</span> <span class='ocrx_word' id='word_1_123' title='bbox 584 794 633 828; x_wconf 82' lang='grc' dir='ltr'><strong>τῆς</strong></span> <span class='ocrx_word' id='word_1_124' title='bbox 644 793 764 825; x_wconf 83' lang='grc' dir='ltr'><strong>διανοίας</strong></span> <span class='ocrx_word' id='word_1_125' title='bbox 777 791 916 827; x_wconf 76' lang='grc' dir='ltr'>ὀφθαλμὸς</span> 
     </span>
    </p>
   </div>
   <div class='ocr_carea' id='block_1_20' title="bbox 124 838 915 877">
    <p class='ocr_par' dir='ltr' id='par_1_20' title="bbox 124 838 915 877">
     <span class='ocr_line' id='line_1_20' title="bbox 124 838 915 877; baseline -0.004 -9"><span class='ocrx_word' id='word_1_126' title='bbox 124 841 307 877; x_wconf 84' lang='grc' dir='ltr'>κεκαθάρθαι,</span> <span class='ocrx_word' id='word_1_127' title='bbox 338 841 375 873; x_wconf 85' lang='grc' dir='ltr'>ὡς</span> <span class='ocrx_word' id='word_1_128' title='bbox 409 841 572 872; x_wconf 77' lang='grc' dir='ltr'>ἐνατενίζειν</span> <span class='ocrx_word' id='word_1_129' title='bbox 601 839 852 876; x_wconf 85' lang='grc' dir='ltr'>ἀπαρεμποδίστως</span> <span class='ocrx_word' id='word_1_130' title='bbox 876 838 915 874; x_wconf 82' lang='grc' dir='ltr'>τῷ</span> 
     </span>
    </p>
   </div>
   <div class='ocr_carea' id='block_1_21' title="bbox 126 883 916 923">
    <p class='ocr_par' dir='ltr' id='par_1_21' title="bbox 126 883 916 923">
     <span class='ocr_line' id='line_1_21' title="bbox 126 883 916 923; baseline -0.004 -9"><span class='ocrx_word' id='word_1_131' title='bbox 126 887 221 914; x_wconf 81' lang='grc' dir='ltr'>κάλλει</span> <span class='ocrx_word' id='word_1_132' title='bbox 245 887 296 922; x_wconf 83' lang='grc' dir='ltr'><strong>τῆς</strong></span> <span class='ocrx_word' id='word_1_133' title='bbox 321 887 401 923; x_wconf 82' lang='grc' dir='ltr'><strong>δόξης</strong></span> <span class='ocrx_word' id='word_1_134' title='bbox 423 886 470 914; x_wconf 85' lang='grc' dir='ltr'><strong>τοῦ</strong></span> <span class='ocrx_word' id='word_1_135' title='bbox 487 886 554 914; x_wconf 85' lang='grc' dir='ltr'><strong>Θεοῦ</strong></span> <span class='ocrx_word' id='word_1_136' title='bbox 567 895 575 903; x_wconf 76' lang='grc'><strong><em>⁸</em></strong></span> <span class='ocrx_word' id='word_1_137' title='bbox 590 883 645 913; x_wconf 73' lang='grc' dir='ltr'>οἷόν</span> <span class='ocrx_word' id='word_1_138' title='bbox 658 895 711 913; x_wconf 89' lang='grc' dir='ltr'>τινι</span> <span class='ocrx_word' id='word_1_139' title='bbox 729 885 804 921; x_wconf 86' lang='grc' dir='ltr'><strong>λύμῃ</strong></span> <span class='ocrx_word' id='word_1_140' title='bbox 817 886 849 921; x_wconf 84' lang='grc' dir='ltr'>τῇ</span> <span class='ocrx_word' id='word_1_141' title='bbox 866 885 916 920; x_wconf 79' lang='grc' dir='ltr'>τῆς</span> 
     </span>
    </p>
   </div>
   <div class='ocr_carea' id='block_1_22' title="bbox 128 927 915 969">
    <p class='ocr_par' dir='ltr' id='par_1_22' title="bbox 128 927 915 969">
     <span class='ocr_line' id='line_1_22' title="bbox 128 927 915 969; baseline -0.003 -9"><span class='ocrx_word' id='word_1_142' title='bbox 128 934 229 969; x_wconf 73' lang='grc' dir='ltr'>σαρκὸς</span> <span class='ocrx_word' id='word_1_143' title='bbox 249 934 422 969; x_wconf 74' lang='grc' dir='ltr'>προσπαθείᾳ</span> <span class='ocrx_word' id='word_1_144' title='bbox 442 927 608 968; x_wconf 76' lang='grc' dir='ltr'>μυωπάζων.</span> <span class='ocrx_word' id='word_1_145' title='bbox 628 933 709 968; x_wconf 84' lang='grc' dir='ltr'>Ἡμῖν</span> <span class='ocrx_word' id='word_1_146' title='bbox 730 933 758 959; x_wconf 82' lang='grc' dir='ltr'>δὲ</span> <span class='ocrx_word' id='word_1_147' title='bbox 774 930 816 963; x_wconf 75' lang='grc' dir='ltr'>οἷς</span> <span class='ocrx_word' id='word_1_148' title='bbox 832 932 915 958; x_wconf 78' lang='grc' dir='ltr'>πᾶσιν</span> 
     </span>
    </p>
   </div>
   <div class='ocr_carea' id='block_1_23' title="bbox 125 978 915 1014">
    <p class='ocr_par' dir='ltr' id='par_1_23' title="bbox 125 978 915 1014">
     <span class='ocr_line' id='line_1_23' title="bbox 125 978 915 1014; baseline -0.003 -8"><span class='ocrx_word' id='word_1_149' title='bbox 125 981 306 1010; x_wconf 82' lang='grc' dir='ltr'>ἀποτακτέον,</span> <span class='ocrx_word' id='word_1_150' title='bbox 324 979 372 1006; x_wconf 74' lang='grc' dir='ltr'>καὶ</span> <span class='ocrx_word' id='word_1_151' title='bbox 396 979 477 1014; x_wconf 90' lang='grc' dir='ltr'>μόνον</span> <span class='ocrx_word' id='word_1_152' title='bbox 497 979 543 1006; x_wconf 80' lang='grc' dir='ltr'>τὸν</span> <span class='ocrx_word' id='word_1_153' title='bbox 562 978 680 1014; x_wconf 82' lang='grc' dir='ltr'><strong>Χριστοῦ</strong></span> <span class='ocrx_word' id='word_1_154' title='bbox 698 978 813 1014; x_wconf 79' lang='grc' dir='ltr'>σταυρὸν</span> <span class='ocrx_word' id='word_1_155' title='bbox 827 978 915 1013; x_wconf 84' lang='grc' dir='ltr'>αῐρειν</span> 
     </span>
    </p>
   </div>
   <div class='ocr_carea' id='block_1_24' title="bbox 125 1024 916 1061">
    <p class='ocr_par' dir='ltr' id='par_1_24' title="bbox 125 1024 916 1061">
     <span class='ocr_line' id='line_1_24' title="bbox 125 1024 916 1061; baseline 0 -10"><span class='ocrx_word' id='word_1_156' title='bbox 125 1025 360 1060; x_wconf 76' lang='grc' dir='ltr'><strong>ἐγκελευομένοις,</strong></span> <span class='ocrx_word' id='word_1_157' title='bbox 374 1025 491 1061; x_wconf 82' lang='grc' dir='ltr'>εὐπετὴς</span> <span class='ocrx_word' id='word_1_158' title='bbox 505 1026 522 1060; x_wconf 83' lang='grc' dir='ltr'>ἡ</span> <span class='ocrx_word' id='word_1_159' title='bbox 536 1025 665 1052; x_wconf 80' lang='grc' dir='ltr'>θεοπτία’</span> <span class='ocrx_word' id='word_1_160' title='bbox 683 1025 767 1060; x_wconf 72' lang='grc' dir='ltr'>ἤγουν</span> <span class='ocrx_word' id='word_1_161' title='bbox 784 1025 815 1051; x_wconf 78' lang='grc' dir='ltr'>τὸ</span> <span class='ocrx_word' id='word_1_162' title='bbox 833 1024 916 1059; x_wconf 84' lang='grc' dir='ltr'>μηδὲν</span> 
     </span>
    </p>
   </div>
   <div class='ocr_carea' id='block_1_25' title="bbox 125 1071 914 1107">
    <p class='ocr_par' dir='ltr' id='par_1_25' title="bbox 125 1071 914 1107">
     <span class='ocr_line' id='line_1_25' title="bbox 125 1071 914 1107; baseline -0.003 -8"><span class='ocrx_word' id='word_1_163' title='bbox 125 1072 191 1099; x_wconf 74' lang='grc' dir='ltr'>ἄλλο</span> <span class='ocrx_word' id='word_1_164' title='bbox 205 1072 252 1098; x_wconf 77' lang='grc' dir='ltr'>καὶ</span> <span class='ocrx_word' id='word_1_165' title='bbox 263 1072 336 1107; x_wconf 78' lang='grc' dir='ltr'>ἔχειν</span> <span class='ocrx_word' id='word_1_166' title='bbox 351 1071 398 1098; x_wconf 83' lang='grc' dir='ltr'>καὶ</span> <span class='ocrx_word' id='word_1_167' title='bbox 415 1072 534 1102; x_wconf 78' lang='grc' dir='ltr'>ἐννοεῖν.</span> <span class='ocrx_word' id='word_1_168' title='bbox 552 1071 568 1107; x_wconf 86' lang='grc' dir='ltr'>ἢ</span> <span class='ocrx_word' id='word_1_169' title='bbox 593 1072 623 1099; x_wconf 70' lang='grc' dir='ltr'><strong>τὸ</strong></span> <span class='ocrx_word' id='word_1_170' title='bbox 647 1071 706 1103; x_wconf 86' lang='grc' dir='ltr'><strong>πῶς</strong></span> <span class='ocrx_word' id='word_1_171' title='bbox 719 1071 914 1107; x_wconf 81' lang='grc' dir='ltr'>εὐαρεστήσοι-</span> 
     </span>
    </p>
   </div>
   <div class='ocr_carea' id='block_1_26' title="bbox 127 1116 916 1154">
    <p class='ocr_par' dir='ltr' id='par_1_26' title="bbox 127 1116 916 1154">
     <span class='ocr_line' id='line_1_26' title="bbox 127 1116 916 1154; baseline 0 -10"><span class='ocrx_word' id='word_1_172' title='bbox 127 1127 178 1153; x_wconf 89' lang='grc' dir='ltr'><strong>μεν</strong></span> <span class='ocrx_word' id='word_1_173' title='bbox 197 1117 237 1153; x_wconf 87' lang='grc' dir='ltr'>τῷ</span> <span class='ocrx_word' id='word_1_174' title='bbox 251 1117 362 1154; x_wconf 80' lang='grc' dir='ltr'>Κυρίῳ·</span> <span class='ocrx_word' id='word_1_175' title='bbox 378 1118 487 1153; x_wconf 82' lang='grc' dir='ltr'>καθαρᾷ</span> <span class='ocrx_word' id='word_1_176' title='bbox 504 1118 602 1153; x_wconf 77' lang='grc' dir='ltr'>καρδίᾳ</span> <span class='ocrx_word' id='word_1_177' title='bbox 622 1117 765 1154; x_wconf 83' lang='grc' dir='ltr'>λατρεύειν</span> <span class='ocrx_word' id='word_1_178' title='bbox 785 1116 870 1152; x_wconf 81' lang='grc' dir='ltr'>αὐτῷ,</span> <span class='ocrx_word' id='word_1_179' title='bbox 886 1117 916 1144; x_wconf 85' lang='grc' dir='ltr'>ὲν</span> 
     </span>
    </p>
   </div>
   <div class='ocr_carea' id='block_1_27' title="bbox 125 1161 916 1199">
    <p class='ocr_par' dir='ltr' id='par_1_27' title="bbox 125 1161 916 1199">
     <span class='ocr_line' id='line_1_27' title="bbox 125 1161 916 1199; baseline 0 -9"><span class='ocrx_word' id='word_1_180' title='bbox 125 1163 277 1199; x_wconf 79' lang='grc' dir='ltr'>ὰπορῤήξει</span> <span class='ocrx_word' id='word_1_181' title='bbox 289 1163 380 1199; x_wconf 84' lang='grc' dir='ltr'>πάσης</span> <span class='ocrx_word' id='word_1_182' title='bbox 392 1164 510 1199; x_wconf 85' lang='grc' dir='ltr'>σχέσεως</span> <span class='ocrx_word' id='word_1_183' title='bbox 522 1164 668 1199; x_wconf 83' lang='grc' dir='ltr'>σαρκικῆς.</span> <span class='ocrx_word' id='word_1_184' title='bbox 682 1164 772 1190; x_wconf 84' lang='grc' dir='ltr'><strong>Ἔστω</strong></span> <span class='ocrx_word' id='word_1_185' title='bbox 782 1161 829 1190; x_wconf 82' lang='grc' dir='ltr'>οὖν</span> <span class='ocrx_word' id='word_1_186' title='bbox 839 1164 916 1199; x_wconf 81' lang='grc' dir='ltr'>ὑμῶν</span> 
     </span>
    </p>
   </div>
   <div class='ocr_carea' id='block_1_28' title="bbox 125 1208 914 1245">
    <p class='ocr_par' dir='ltr' id='par_1_28' title="bbox 125 1208 914 1245">
     <span class='ocr_line' id='line_1_28' title="bbox 125 1208 914 1245; baseline 0.001 -10"><span class='ocrx_word' id='word_1_187' title='bbox 125 1210 144 1243; x_wconf 81' lang='grc' dir='ltr'><strong>ἡ</strong></span> <span class='ocrx_word' id='word_1_188' title='bbox 159 1208 211 1243; x_wconf 78' lang='grc' dir='ltr'>τῆς</span> <span class='ocrx_word' id='word_1_189' title='bbox 225 1209 387 1243; x_wconf 79' lang='grc' dir='ltr'>ὲγκλείσεως</span> <span class='ocrx_word' id='word_1_190' title='bbox 402 1209 528 1245; x_wconf 80' lang='grc' dir='ltr'>περιοχὴ,</span> <span class='ocrx_word' id='word_1_191' title='bbox 545 1209 622 1241; x_wconf 85' lang='grc' dir='ltr'>πόλις</span> <span class='ocrx_word' id='word_1_192' title='bbox 633 1209 701 1236; x_wconf 85' lang='grc' dir='ltr'>Θεοῦ</span> <span class='ocrx_word' id='word_1_193' title='bbox 714 1209 914 1245; x_wconf 82' lang='grc' dir='ltr'>πεποικιλμένη</span> 
     </span>
    </p>
   </div>
   <div class='ocr_carea' id='block_1_29' title="bbox 125 1253 916 1291">
    <p class='ocr_par' dir='ltr' id='par_1_29' title="bbox 125 1253 916 1291">
     <span class='ocr_line' id='line_1_29' title="bbox 125 1253 916 1291; baseline 0.003 -11"><span class='ocrx_word' id='word_1_194' title='bbox 125 1253 252 1290; x_wconf 72' lang='grc' dir='ltr'>χρυσέοις</span> <span class='ocrx_word' id='word_1_195' title='bbox 266 1254 478 1290; x_wconf 79' lang='grc' dir='ltr'>κατορθώμασι·</span> <span class='ocrx_word' id='word_1_196' title='bbox 498 1256 535 1291; x_wconf 82' lang='grc' dir='ltr'>μὴ</span> <span class='ocrx_word' id='word_1_197' title='bbox 553 1255 626 1288; x_wconf 79' lang='grc' dir='ltr'>κλεῖς</span> <span class='ocrx_word' id='word_1_198' title='bbox 644 1255 710 1291; x_wconf 67' lang='grc' dir='ltr'>περὶ</span> <span class='ocrx_word' id='word_1_199' title='bbox 723 1255 754 1282; x_wconf 81' lang='grc' dir='ltr'>τὸ</span> <span class='ocrx_word' id='word_1_200' title='bbox 771 1255 852 1291; x_wconf 84' lang='grc' dir='ltr'>σῶμα</span> <span class='ocrx_word' id='word_1_201' title='bbox 866 1256 916 1289; x_wconf 79' lang='grc' dir='ltr'>μό-</span> 
     </span>
    </p>
   </div>
   <div class='ocr_carea' id='block_1_30' title="bbox 125 1300 917 1338">
    <p class='ocr_par' dir='ltr' id='par_1_30' title="bbox 125 1300 917 1338">
     <span class='ocr_line' id='line_1_30' title="bbox 125 1300 917 1338; baseline 0.001 -11"><span class='ocrx_word' id='word_1_202' title='bbox 125 1309 182 1333; x_wconf 83' lang='grc' dir='ltr'>νον,</span> <span class='ocrx_word' id='word_1_203' title='bbox 196 1300 265 1328; x_wconf 78' lang='grc' dir='ltr'>ἀλλὰ</span> <span class='ocrx_word' id='word_1_204' title='bbox 277 1302 332 1337; x_wconf 86' lang='grc' dir='ltr'><strong>γὰρ</strong></span> <span class='ocrx_word' id='word_1_205' title='bbox 347 1302 395 1328; x_wconf 70' lang='grc' dir='ltr'>καὶ</span> <span class='ocrx_word' id='word_1_206' title='bbox 419 1302 491 1329; x_wconf 74' lang='grc' dir='ltr'>κατὰ</span> <span class='ocrx_word' id='word_1_207' title='bbox 514 1302 633 1338; x_wconf 83' lang='grc' dir='ltr'>πνεῦμα.</span> <span class='ocrx_word' id='word_1_208' title='bbox 660 1302 803 1338; x_wconf 71' lang='grc' dir='ltr'>Προσῆκον</span> <span class='ocrx_word' id='word_1_209' title='bbox 827 1302 917 1329; x_wconf 81' lang='grc' dir='ltr'>τοίνυν</span> 
     </span>
    </p>
   </div>
   <div class='ocr_carea' id='block_1_31' title="bbox 126 1347 916 1385">
    <p class='ocr_par' dir='ltr' id='par_1_31' title="bbox 126 1347 916 1385">
     <span class='ocr_line' id='line_1_31' title="bbox 126 1347 916 1385; baseline 0.003 -11"><span class='ocrx_word' id='word_1_210' title='bbox 126 1347 240 1381; x_wconf 80' lang='grc' dir='ltr'>φεύγειν</span> <span class='ocrx_word' id='word_1_211' title='bbox 260 1348 333 1384; x_wconf 80' lang='grc' dir='ltr'>ὑμᾶς</span> <span class='ocrx_word' id='word_1_212' title='bbox 347 1349 397 1380; x_wconf 85' lang='grc' dir='ltr'><strong>τὰς</strong></span> <span class='ocrx_word' id='word_1_213' title='bbox 412 1348 468 1375; x_wconf 85' lang='grc' dir='ltr'><strong>τῶν</strong></span> <span class='ocrx_word' id='word_1_214' title='bbox 480 1349 584 1385; x_wconf 82' lang='grc' dir='ltr'>ἀνδρῶν</span> <span class='ocrx_word' id='word_1_215' title='bbox 597 1349 683 1384; x_wconf 76' lang='grc' dir='ltr'>δψεις,</span> <span class='ocrx_word' id='word_1_216' title='bbox 696 1349 745 1381; x_wconf 81' lang='grc' dir='ltr'><strong>τὰς</strong></span> <span class='ocrx_word' id='word_1_217' title='bbox 766 1349 835 1384; x_wconf 83' lang='grc' dir='ltr'>πρὸς</span> <span class='ocrx_word' id='word_1_218' title='bbox 853 1349 916 1380; x_wconf 84' lang='grc' dir='ltr'>τοὺς</span> 
     </span>
    </p>
   </div>
   <div class='ocr_carea' id='block_1_32' title="bbox 125 1394 917 1430">
    <p class='ocr_par' dir='ltr' id='par_1_32' title="bbox 125 1394 917 1430">
     <span class='ocr_line' id='line_1_32' title="bbox 125 1394 917 1430; baseline 0.001 -10"><span class='ocrx_word' id='word_1_219' title='bbox 125 1394 174 1428; x_wconf 77' lang='grc' dir='ltr'><strong>ἀφ’</strong></span> <span class='ocrx_word' id='word_1_220' title='bbox 190 1394 307 1429; x_wconf 80' lang='grc' dir='ltr'>αἵματος</span> <span class='ocrx_word' id='word_1_221' title='bbox 329 1395 446 1430; x_wconf 86' lang='grc' dir='ltr'>σχέσεις.</span> <span class='ocrx_word' id='word_1_222' title='bbox 463 1394 512 1427; x_wconf 79' lang='grc' dir='ltr'><strong>τὰς</strong></span> <span class='ocrx_word' id='word_1_223' title='bbox 535 1395 603 1430; x_wconf 82' lang='grc' dir='ltr'>πρὸς</span> <span class='ocrx_word' id='word_1_224' title='bbox 617 1395 677 1422; x_wconf 81' lang='grc' dir='ltr'>ὅλον</span> <span class='ocrx_word' id='word_1_225' title='bbox 692 1394 738 1422; x_wconf 70' lang='grc' dir='ltr'>τὸν</span> <span class='ocrx_word' id='word_1_226' title='bbox 752 1395 854 1430; x_wconf 85' lang='grc' dir='ltr'>κόσμον</span> <span class='ocrx_word' id='word_1_227' title='bbox 873 1404 917 1430; x_wconf 86' lang='grc' dir='ltr'>φι-</span> 
     </span>
    </p>
   </div>
   <div class='ocr_carea' id='block_1_33' title="bbox 123 1439 916 1477">
    <p class='ocr_par' dir='ltr' id='par_1_33' title="bbox 123 1439 916 1477">
     <span class='ocr_line' id='line_1_33' title="bbox 123 1439 916 1477; baseline 0.003 -11"><span class='ocrx_word' id='word_1_228' title='bbox 123 1439 202 1471; x_wconf 78' lang='grc' dir='ltr'>λίας·</span> <span class='ocrx_word' id='word_1_229' title='bbox 230 1440 316 1472; x_wconf 80' lang='grc' dir='ltr'>αὑτὰς</span> <span class='ocrx_word' id='word_1_230' title='bbox 345 1440 374 1467; x_wconf 78' lang='grc' dir='ltr'>δὲ</span> <span class='ocrx_word' id='word_1_231' title='bbox 404 1441 446 1476; x_wconf 82' lang='grc' dir='ltr'><strong>ἐφ’</strong></span> <span class='ocrx_word' id='word_1_232' title='bbox 471 1441 572 1473; x_wconf 79' lang='grc' dir='ltr'>ἑαυτὰς</span> <span class='ocrx_word' id='word_1_233' title='bbox 597 1441 846 1477; x_wconf 82' lang='grc' dir='ltr'>συνανεστράφθαι·</span> <span class='ocrx_word' id='word_1_234' title='bbox 870 1440 916 1468; x_wconf 68' lang='grc' dir='ltr'>καὶ</span> 
     </span>
    </p>
   </div>
   <div class='ocr_carea' id='block_1_34' title="bbox 125 1485 916 1523">
    <p class='ocr_par' dir='ltr' id='par_1_34' title="bbox 125 1485 916 1523">
     <span class='ocr_line' id='line_1_34' title="bbox 125 1485 916 1523; baseline 0.003 -11"><span class='ocrx_word' id='word_1_235' title='bbox 125 1485 200 1520; x_wconf 76' lang='grc' dir='ltr'>ἔχειν</span> <span class='ocrx_word' id='word_1_236' title='bbox 219 1486 284 1521; x_wconf 81' lang='grc' dir='ltr'>μίαν</span> <span class='ocrx_word' id='word_1_237' title='bbox 298 1486 388 1521; x_wconf 79' lang='grc' dir='ltr'>ψυχὴν</span> <span class='ocrx_word' id='word_1_238' title='bbox 412 1487 460 1513; x_wconf 77' lang='grc' dir='ltr'><strong>καὶ</strong></span> <span class='ocrx_word' id='word_1_239' title='bbox 485 1487 609 1522; x_wconf 75' lang='grc' dir='ltr'>καρδίαν,</span> <span class='ocrx_word' id='word_1_240' title='bbox 627 1487 698 1515; x_wconf 74' lang='grc' dir='ltr'>κατὰ</span> <span class='ocrx_word' id='word_1_241' title='bbox 722 1487 838 1523; x_wconf 75' lang='grc' dir='ltr'>μίμησιν</span> <span class='ocrx_word' id='word_1_242' title='bbox 861 1487 916 1514; x_wconf 87' lang='grc' dir='ltr'>τῶν</span> 
     </span>
    </p>
   </div>
   <div class='ocr_carea' id='block_1_35' title="bbox 125 1532 916 1568">
    <p class='ocr_par' dir='ltr' id='par_1_35' title="bbox 125 1532 916 1568">
     <span class='ocr_line' id='line_1_35' title="bbox 125 1532 916 1568; baseline 0.001 -9"><span class='ocrx_word' id='word_1_243' title='bbox 125 1532 246 1568; x_wconf 83' lang='grc' dir='ltr'>ἀρχῆθεν</span> <span class='ocrx_word' id='word_1_244' title='bbox 262 1533 308 1560; x_wconf 72' lang='grc' dir='ltr'><strong>ἐπὶ</strong></span> <span class='ocrx_word' id='word_1_245' title='bbox 322 1532 376 1560; x_wconf 87' lang='grc' dir='ltr'><strong>τῶν</strong></span> <span class='ocrx_word' id='word_1_246' title='bbox 389 1533 546 1560; x_wconf 83' lang='grc' dir='ltr'>ἀποστόλων</span> <span class='ocrx_word' id='word_1_247' title='bbox 557 1534 790 1560; x_wconf 84' lang='grc' dir='ltr'>πεπιστευκότων.</span> <span class='ocrx_word' id='word_1_248' title='bbox 809 1533 842 1560; x_wconf 86' lang='grc' dir='ltr'><strong><em>Ἦ</em></strong></span> <span class='ocrx_word' id='word_1_249' title='bbox 854 1533 916 1559; x_wconf 83' lang='grc' dir='ltr'>καθ-</span> 
     </span>
    </p>
   </div>
   <div class='ocr_carea' id='block_1_36' title="bbox 1001 469 1752 506">
    <p class='ocr_par' dir='ltr' id='par_1_36' title="bbox 1001 469 1752 506">
     <span class='ocr_line' id='line_1_36' title="bbox 1001 469 1752 506; baseline 0.003 -9"><span class='ocrx_word' id='word_1_250' title='bbox 1001 469 1065 506; x_wconf 75' lang='grc' dir='ltr'><strong>ιεςὶ</strong></span> <span class='ocrx_word' id='word_1_251' title='bbox 1080 472 1222 506; x_wconf 94' lang='lat' dir='ltr'><strong>epistolam</strong></span> <span class='ocrx_word' id='word_1_252' title='bbox 1236 471 1345 506; x_wconf 82' lang='lat' dir='ltr'><strong>pietatis</strong></span> <span class='ocrx_word' id='word_1_253' title='bbox 1362 476 1426 503; x_wconf 82' lang='lat' dir='ltr'><strong>tuae,</strong></span> <span class='ocrx_word' id='word_1_254' title='bbox 1436 470 1484 498; x_wconf 92' lang='lat' dir='ltr'><strong>sed</strong></span> <span class='ocrx_word' id='word_1_255' title='bbox 1497 478 1558 506; x_wconf 70' lang='lat' dir='ltr'><strong>qua:</strong></span> <span class='ocrx_word' id='word_1_256' title='bbox 1573 470 1633 498; x_wconf 86' lang='lat' dir='ltr'><strong>laus</strong></span> <span class='ocrx_word' id='word_1_257' title='bbox 1648 479 1680 498; x_wconf 81' lang='lat' dir='ltr'><strong>ea</strong></span> <span class='ocrx_word' id='word_1_258' title='bbox 1696 475 1752 505; x_wconf 86' lang='lat' dir='ltr'><strong>est,</strong></span> 
     </span>
    </p>
   </div>
   <div class='ocr_carea' id='block_1_37' title="bbox 965 516 1754 552">
    <p class='ocr_par' dir='ltr' id='par_1_37' title="bbox 965 516 1754 552">
     <span class='ocr_line' id='line_1_37' title="bbox 965 516 1754 552; baseline 0.004 -10"><span class='ocrx_word' id='word_1_259' title='bbox 965 524 1018 551; x_wconf 90' lang='lat' dir='ltr'><strong>qua</strong></span> <span class='ocrx_word' id='word_1_260' title='bbox 1036 524 1086 544; x_wconf 91' lang='lat' dir='ltr'><strong>nos</strong></span> <span class='ocrx_word' id='word_1_261' title='bbox 1099 516 1212 545; x_wconf 82' lang='lat' dir='ltr'><strong>ati&#39;ecisti</strong></span> <span class='ocrx_word' id='word_1_262' title='bbox 1225 517 1271 552; x_wconf 83' lang='lat' dir='ltr'><strong>qui</strong></span> <span class='ocrx_word' id='word_1_263' title='bbox 1289 525 1385 545; x_wconf 89' lang='lat' dir='ltr'><strong>sumus</strong></span> <span class='ocrx_word' id='word_1_264' title='bbox 1399 517 1433 544; x_wconf 88' lang='lat' dir='ltr'><strong>ab</strong></span> <span class='ocrx_word' id='word_1_265' title='bbox 1448 517 1524 544; x_wconf 91' lang='lat' dir='ltr'><strong>omni</strong></span> <span class='ocrx_word' id='word_1_266' title='bbox 1544 517 1617 544; x_wconf 89' lang='lat' dir='ltr'><strong>bono</strong></span> <span class='ocrx_word' id='word_1_267' title='bbox 1633 518 1728 552; x_wconf 85' lang='lat' dir='ltr'><strong>inopes</strong></span> <span class='ocrx_word' id='word_1_268' title='bbox 1742 519 1754 545; x_wconf 69' lang='grc' dir='ltr'><strong><em>ἲ</em></strong></span> 
     </span>
    </p>
   </div>
   <div class='ocr_carea' id='block_1_38' title="bbox 965 563 1753 599">
    <p class='ocr_par' dir='ltr' id='par_1_38' title="bbox 965 563 1753 599">
     <span class='ocr_line' id='line_1_38' title="bbox 965 563 1753 599; baseline 0.004 -10"><span class='ocrx_word' id='word_1_269' title='bbox 965 567 1012 589; x_wconf 82' lang='lat' dir='ltr'><strong>aut</strong></span> <span class='ocrx_word' id='word_1_270' title='bbox 1027 563 1092 597; x_wconf 86' lang='lat' dir='ltr'><strong>quid</strong></span> <span class='ocrx_word' id='word_1_271' title='bbox 1110 571 1126 590; x_wconf 85' lang='lat' dir='ltr'><strong>a</strong></span> <span class='ocrx_word' id='word_1_272' title='bbox 1147 563 1226 590; x_wconf 88' lang='lat' dir='ltr'><strong>nobis</strong></span> <span class='ocrx_word' id='word_1_273' title='bbox 1248 563 1370 599; x_wconf 77' lang='lat' dir='ltr'><strong>magistri</strong></span> <span class='ocrx_word' id='word_1_274' title='bbox 1389 564 1491 591; x_wconf 89' lang='lat' dir='ltr'><strong>monita</strong></span> <span class='ocrx_word' id='word_1_275' title='bbox 1511 563 1628 599; x_wconf 77' lang='lat' dir='ltr'><strong>ﬂagitas,</strong></span> <span class='ocrx_word' id='word_1_276' title='bbox 1645 564 1692 598; x_wconf 87' lang='lat' dir='ltr'><strong>qui</strong></span> <span class='ocrx_word' id='word_1_277' title='bbox 1709 564 1753 592; x_wconf 74' lang='lat' dir='ltr'><strong>vix</strong></span> 
     </span>
    </p>
   </div>
   <div class='ocr_carea' id='block_1_39' title="bbox 965 609 1755 644">
    <p class='ocr_par' dir='ltr' id='par_1_39' title="bbox 965 609 1755 644">
     <span class='ocr_line' id='line_1_39' title="bbox 965 609 1755 644; baseline 0.004 -10"><span class='ocrx_word' id='word_1_278' title='bbox 965 615 1062 636; x_wconf 88' lang='lat' dir='ltr'><strong>sumus</strong></span> <span class='ocrx_word' id='word_1_279' title='bbox 1079 609 1196 643; x_wconf 65' lang='lat' dir='ltr'><strong>propriae</strong></span> <span class='ocrx_word' id='word_1_280' title='bbox 1211 609 1257 637; x_wconf 85' lang='lat' dir='ltr'><strong>siti</strong></span> <span class='ocrx_word' id='word_1_281' title='bbox 1272 609 1412 644; x_wconf 61' lang='lat' dir='ltr'><strong>explenda</strong></span> <span class='ocrx_word' id='word_1_282' title='bbox 1427 617 1517 644; x_wconf 85' lang='lat' dir='ltr'><strong>pares,</strong></span> <span class='ocrx_word' id='word_1_283' title='bbox 1532 610 1631 637; x_wconf 86' lang='lat' dir='ltr'><strong>nedum</strong></span> <span class='ocrx_word' id='word_1_284' title='bbox 1647 615 1675 636; x_wconf 94' lang='lat' dir='ltr'><strong>ut</strong></span> <span class='ocrx_word' id='word_1_285' title='bbox 1694 610 1755 637; x_wconf 87' lang='lat' dir='ltr'><strong>aliis</strong></span> 
     </span>
    </p>
   </div>
   <div class='ocr_carea' id='block_1_40' title="bbox 963 654 1752 691">
    <p class='ocr_par' dir='ltr' id='par_1_40' title="bbox 963 654 1752 691">
     <span class='ocr_line' id='line_1_40' title="bbox 963 654 1752 691; baseline 0.005 -11"><span class='ocrx_word' id='word_1_286' title='bbox 963 654 1041 688; x_wconf 80' lang='lat' dir='ltr'><strong>rigua</strong></span> <span class='ocrx_word' id='word_1_287' title='bbox 1056 655 1248 689; x_wconf 78' lang='lat' dir='ltr'><strong>przebeamus?</strong></span> <span class='ocrx_word' id='word_1_288' title='bbox 1264 655 1399 688; x_wconf 84' lang='lat' dir='ltr'><strong>Quoniam</strong></span> <span class='ocrx_word' id='word_1_289' title='bbox 1425 660 1515 683; x_wconf 89' lang='lat' dir='ltr'><strong>tamen</strong></span> <span class='ocrx_word' id='word_1_290' title='bbox 1535 656 1666 691; x_wconf 92' lang='lat' dir='ltr'><strong>scriptum</strong></span> <span class='ocrx_word' id='word_1_291' title='bbox 1685 660 1728 683; x_wconf 88' lang='lat' dir='ltr'><strong>est</strong></span> <span class='ocrx_word' id='word_1_292' title='bbox 1744 665 1752 684; x_wconf 84' lang='lat'><strong><em>:</em></strong></span> 
     </span>
    </p>
   </div>
   <div class='ocr_carea' id='block_1_41' title="bbox 966 701 1756 738">
    <p class='ocr_par' dir='ltr' id='par_1_41' title="bbox 966 701 1756 738">
     <span class='ocr_line' id='line_1_41' title="bbox 966 701 1756 738; baseline 0.001 -10"><span class='ocrx_word' id='word_1_293' title='bbox 966 701 1044 728; x_wconf 82' lang='lat' dir='ltr'><strong>Omni</strong></span> <span class='ocrx_word' id='word_1_294' title='bbox 1059 701 1155 735; x_wconf 74' lang='lat' dir='ltr'><strong>petenti</strong></span> <span class='ocrx_word' id='word_1_295' title='bbox 1167 706 1190 728; x_wconf 84' lang='lat' dir='ltr'><strong>te</strong></span> <span class='ocrx_word' id='word_1_296' title='bbox 1205 702 1289 729; x_wconf 79' lang='lat' dir='ltr'><strong>tribue</strong></span> <span class='ocrx_word' id='word_1_297' title='bbox 1303 702 1326 719; x_wconf 80' lang='lat'><em>“</em></span> <span class='ocrx_word' id='word_1_298' title='bbox 1341 711 1350 729; x_wconf 88' lang='lat'><strong><em>:</em></strong></span> <span class='ocrx_word' id='word_1_299' title='bbox 1367 702 1491 738; x_wconf 75' lang='lat' dir='ltr'><strong>exiguam</strong></span> <span class='ocrx_word' id='word_1_300' title='bbox 1508 709 1558 737; x_wconf 82' lang='lat' dir='ltr'><strong>pro</strong></span> <span class='ocrx_word' id='word_1_301' title='bbox 1576 707 1667 730; x_wconf 84' lang='lat' dir='ltr'><strong>nostra</strong></span> <span class='ocrx_word' id='word_1_302' title='bbox 1695 702 1756 729; x_wconf 84' lang='lat' dir='ltr'><strong>ino-</strong></span> 
     </span>
    </p>
   </div>
   <div class='ocr_carea' id='block_1_42' title="bbox 963 747 1754 784">
    <p class='ocr_par' dir='ltr' id='par_1_42' title="bbox 963 747 1754 784">
     <span class='ocr_line' id='line_1_42' title="bbox 963 747 1754 784; baseline 0.004 -11"><span class='ocrx_word' id='word_1_303' title='bbox 963 747 1007 782; x_wconf 89' lang='lat' dir='ltr'><strong>pia</strong></span> <span class='ocrx_word' id='word_1_304' title='bbox 1021 748 1171 775; x_wconf 86' lang='lat' dir='ltr'><strong>orationem</strong></span> <span class='ocrx_word' id='word_1_305' title='bbox 1189 749 1293 784; x_wconf 81' lang='lat' dir='ltr'><strong>accipe.</strong></span> <span class='ocrx_word' id='word_1_306' title='bbox 1310 748 1362 782; x_wconf 86' lang='lat' dir='ltr'><strong>Qui</strong></span> <span class='ocrx_word' id='word_1_307' title='bbox 1377 749 1404 776; x_wconf 93' lang='lat' dir='ltr'><strong>in</strong></span> <span class='ocrx_word' id='word_1_308' title='bbox 1429 748 1552 776; x_wconf 70' lang='lat' dir='ltr'><strong>smculari</strong></span> <span class='ocrx_word' id='word_1_309' title='bbox 1569 748 1622 776; x_wconf 87' lang='lat' dir='ltr'><strong>vita</strong></span> <span class='ocrx_word' id='word_1_310' title='bbox 1643 748 1754 783; x_wconf 64' lang='lat' dir='ltr'><strong>degunt,</strong></span> 
     </span>
    </p>
   </div>
   <div class='ocr_carea' id='block_1_43' title="bbox 965 794 1757 830">
    <p class='ocr_par' dir='ltr' id='par_1_43' title="bbox 965 794 1757 830">
     <span class='ocr_line' id='line_1_43' title="bbox 965 794 1757 830; baseline 0 -9"><span class='ocrx_word' id='word_1_311' title='bbox 965 794 1037 822; x_wconf 84' lang='lat' dir='ltr'><strong>haud</strong></span> <span class='ocrx_word' id='word_1_312' title='bbox 1054 795 1173 830; x_wconf 87' lang='lat' dir='ltr'><strong>proclive</strong></span> <span class='ocrx_word' id='word_1_313' title='bbox 1197 800 1239 823; x_wconf 88' lang='lat' dir='ltr'><strong>est</strong></span> <span class='ocrx_word' id='word_1_314' title='bbox 1261 800 1290 823; x_wconf 89' lang='lat' dir='ltr'><strong>ut</strong></span> <span class='ocrx_word' id='word_1_315' title='bbox 1310 795 1355 822; x_wconf 90' lang='lat' dir='ltr'><strong>hic</strong></span> <span class='ocrx_word' id='word_1_316' title='bbox 1372 795 1471 822; x_wconf 80' lang='lat' dir='ltr'><strong>mentis</strong></span> <span class='ocrx_word' id='word_1_317' title='bbox 1486 795 1581 822; x_wconf 81' lang='lat' dir='ltr'><strong>oculus</strong></span> <span class='ocrx_word' id='word_1_318' title='bbox 1597 795 1633 822; x_wconf 90' lang='lat' dir='ltr'><strong>ita</strong></span> <span class='ocrx_word' id='word_1_319' title='bbox 1658 803 1757 830; x_wconf 72' lang='lat' dir='ltr'><strong>purga-</strong></span> 
     </span>
    </p>
   </div>
   <div class='ocr_carea' id='block_1_44' title="bbox 963 841 1755 874">
    <p class='ocr_par' dir='ltr' id='par_1_44' title="bbox 963 841 1755 874">
     <span class='ocr_line' id='line_1_44' title="bbox 963 841 1755 874; baseline -0.001 -6"><span class='ocrx_word' id='word_1_320' title='bbox 963 845 1008 869; x_wconf 88' lang='lat' dir='ltr'><strong>tus</strong></span> <span class='ocrx_word' id='word_1_321' title='bbox 1026 841 1071 874; x_wconf 85' lang='lat' dir='ltr'><strong>sit,</strong></span> <span class='ocrx_word' id='word_1_322' title='bbox 1085 846 1116 868; x_wconf 90' lang='lat' dir='ltr'><strong>ut</strong></span> <span class='ocrx_word' id='word_1_323' title='bbox 1130 842 1190 869; x_wconf 87' lang='lat' dir='ltr'><strong>sine</strong></span> <span class='ocrx_word' id='word_1_324' title='bbox 1206 842 1285 869; x_wconf 90' lang='lat' dir='ltr'><strong>obice</strong></span> <span class='ocrx_word' id='word_1_325' title='bbox 1301 841 1423 868; x_wconf 92' lang='lat' dir='ltr'><strong>intendat</strong></span> <span class='ocrx_word' id='word_1_326' title='bbox 1449 841 1534 868; x_wconf 88' lang='lat' dir='ltr'><strong>aciem</strong></span> <span class='ocrx_word' id='word_1_327' title='bbox 1552 841 1579 868; x_wconf 94' lang='lat' dir='ltr'><strong>in</strong></span> <span class='ocrx_word' id='word_1_328' title='bbox 1602 841 1755 874; x_wconf 87' lang='lat' dir='ltr'><strong>pulchritu-</strong></span> 
     </span>
    </p>
   </div>
   <div class='ocr_carea' id='block_1_45' title="bbox 966 887 1754 923">
    <p class='ocr_par' dir='ltr' id='par_1_45' title="bbox 966 887 1754 923">
     <span class='ocr_line' id='line_1_45' title="bbox 966 887 1754 923; baseline 0 -9"><span class='ocrx_word' id='word_1_329' title='bbox 966 888 1055 915; x_wconf 83' lang='lat' dir='ltr'><strong>dinem</strong></span> <span class='ocrx_word' id='word_1_330' title='bbox 1085 888 1177 923; x_wconf 66' lang='lat' dir='ltr'><strong>gloriaa</strong></span> <span class='ocrx_word' id='word_1_331' title='bbox 1209 887 1256 915; x_wconf 85' lang='lat' dir='ltr'><strong>Dei</strong></span> <span class='ocrx_word' id='word_1_332' title='bbox 1282 897 1289 916; x_wconf 88' lang='lat'><strong>:</strong></span> <span class='ocrx_word' id='word_1_333' title='bbox 1315 889 1393 923; x_wconf 84' lang='lat' dir='ltr'><strong>quasi</strong></span> <span class='ocrx_word' id='word_1_334' title='bbox 1423 888 1541 922; x_wconf 90' lang='lat' dir='ltr'><strong>quadam</strong></span> <span class='ocrx_word' id='word_1_335' title='bbox 1572 887 1754 922; x_wconf 83' lang='lat' dir='ltr'><strong>lippitudine,</strong></span> 
     </span>
    </p>
   </div>
   <div class='ocr_carea' id='block_1_46' title="bbox 966 933 1756 968">
    <p class='ocr_par' dir='ltr' id='par_1_46' title="bbox 966 933 1756 968">
     <span class='ocr_line' id='line_1_46' title="bbox 966 933 1756 968; baseline -0.003 -6"><span class='ocrx_word' id='word_1_336' title='bbox 966 935 1057 962; x_wconf 86' lang='lat' dir='ltr'><strong>carnis</strong></span> <span class='ocrx_word' id='word_1_337' title='bbox 1067 934 1164 962; x_wconf 73' lang='lat' dir='ltr'><strong>aﬂ‘ectu</strong></span> <span class='ocrx_word' id='word_1_338' title='bbox 1180 934 1336 962; x_wconf 71' lang='lat' dir='ltr'><strong>czecutiens.</strong></span> <span class='ocrx_word' id='word_1_339' title='bbox 1347 933 1432 962; x_wconf 84' lang='lat' dir='ltr'><strong>Nobis</strong></span> <span class='ocrx_word' id='word_1_340' title='bbox 1446 942 1510 960; x_wconf 88' lang='lat' dir='ltr'><strong>vero</strong></span> <span class='ocrx_word' id='word_1_341' title='bbox 1522 941 1590 968; x_wconf 87' lang='lat' dir='ltr'><strong>quos</strong></span> <span class='ocrx_word' id='word_1_342' title='bbox 1600 933 1756 960; x_wconf 81' lang='lat' dir='ltr'><strong>renuntiare</strong></span> 
     </span>
    </p>
   </div>
   <div class='ocr_carea' id='block_1_47' title="bbox 967 980 1755 1016">
    <p class='ocr_par' dir='ltr' id='par_1_47' title="bbox 967 980 1755 1016">
     <span class='ocr_line' id='line_1_47' title="bbox 967 980 1755 1016; baseline -0.001 -9"><span class='ocrx_word' id='word_1_343' title='bbox 967 982 1094 1009; x_wconf 84' lang='lat' dir='ltr'><strong>munibus</strong></span> <span class='ocrx_word' id='word_1_344' title='bbox 1107 981 1190 1008; x_wconf 82' lang='lat' dir='ltr'><strong>rebus</strong></span> <span class='ocrx_word' id='word_1_345' title='bbox 1209 985 1326 1016; x_wconf 81' lang='lat' dir='ltr'><strong>oportet,</strong></span> <span class='ocrx_word' id='word_1_346' title='bbox 1338 981 1384 1015; x_wconf 83' lang='lat' dir='ltr'><strong>qui</strong></span> <span class='ocrx_word' id='word_1_347' title='bbox 1399 985 1426 1008; x_wconf 86' lang='lat' dir='ltr'><strong>et</strong></span> <span class='ocrx_word' id='word_1_348' title='bbox 1438 981 1524 1008; x_wconf 86' lang='lat' dir='ltr'><strong>solam</strong></span> <span class='ocrx_word' id='word_1_349' title='bbox 1535 980 1635 1007; x_wconf 82' lang='lat' dir='ltr'><strong>Christi</strong></span> <span class='ocrx_word' id='word_1_350' title='bbox 1645 987 1755 1007; x_wconf 81' lang='lat' dir='ltr'><strong>crucctn</strong></span> 
     </span>
    </p>
   </div>
   <div class='ocr_carea' id='block_1_48' title="bbox 967 1026 1756 1062">
    <p class='ocr_par' dir='ltr' id='par_1_48' title="bbox 967 1026 1756 1062">
     <span class='ocr_line' id='line_1_48' title="bbox 967 1026 1756 1062; baseline -0.003 -7"><span class='ocrx_word' id='word_1_351' title='bbox 967 1028 1062 1056; x_wconf 83' lang='lat' dir='ltr'><strong>tollere</strong></span> <span class='ocrx_word' id='word_1_352' title='bbox 1082 1028 1152 1062; x_wconf 86' lang='lat' dir='ltr'><strong>jussi</strong></span> <span class='ocrx_word' id='word_1_353' title='bbox 1171 1035 1278 1059; x_wconf 89' lang='lat' dir='ltr'><strong>sumus,</strong></span> <span class='ocrx_word' id='word_1_354' title='bbox 1297 1027 1376 1054; x_wconf 85' lang='lat' dir='ltr'><strong>facile</strong></span> <span class='ocrx_word' id='word_1_355' title='bbox 1393 1031 1434 1054; x_wconf 84' lang='lat' dir='ltr'><strong>cst</strong></span> <span class='ocrx_word' id='word_1_356' title='bbox 1450 1026 1534 1054; x_wconf 83' lang='lat' dir='ltr'><strong>Deum</strong></span> <span class='ocrx_word' id='word_1_357' title='bbox 1552 1027 1651 1053; x_wconf 86' lang='lat' dir='ltr'><strong>intueri</strong></span> <span class='ocrx_word' id='word_1_358' title='bbox 1669 1035 1676 1053; x_wconf 90' lang='lat'><strong>:</strong></span> <span class='ocrx_word' id='word_1_359' title='bbox 1703 1026 1756 1053; x_wconf 85' lang='lat' dir='ltr'><strong>hoc</strong></span> 
     </span>
    </p>
   </div>
   <div class='ocr_carea' id='block_1_49' title="bbox 966 1069 1755 1106">
    <p class='ocr_par' dir='ltr' id='par_1_49' title="bbox 966 1069 1755 1106">
     <span class='ocr_line' id='line_1_49' title="bbox 966 1069 1755 1106; baseline -0.004 -7"><span class='ocrx_word' id='word_1_360' title='bbox 966 1075 1018 1102; x_wconf 83' lang='lat' dir='ltr'><strong>est,</strong></span> <span class='ocrx_word' id='word_1_361' title='bbox 1031 1071 1104 1098; x_wconf 89' lang='lat' dir='ltr'><strong>aliud</strong></span> <span class='ocrx_word' id='word_1_362' title='bbox 1119 1071 1186 1098; x_wconf 90' lang='lat' dir='ltr'><strong>nihil</strong></span> <span class='ocrx_word' id='word_1_363' title='bbox 1200 1077 1323 1106; x_wconf 87' lang='lat' dir='ltr'><strong>spectare</strong></span> <span class='ocrx_word' id='word_1_364' title='bbox 1337 1071 1378 1097; x_wconf 88' lang='lat' dir='ltr'><strong>vel</strong></span> <span class='ocrx_word' id='word_1_365' title='bbox 1391 1071 1513 1106; x_wconf 76' lang='lat' dir='ltr'><strong>cogitare</strong></span> <span class='ocrx_word' id='word_1_366' title='bbox 1524 1079 1605 1106; x_wconf 82' lang='lat' dir='ltr'><strong>quant</strong></span> <span class='ocrx_word' id='word_1_367' title='bbox 1622 1069 1755 1105; x_wconf 82' lang='lat' dir='ltr'><strong>quemad-</strong></span> 
     </span>
    </p>
   </div>
   <div class='ocr_carea' id='block_1_50' title="bbox 967 1116 1757 1153">
    <p class='ocr_par' dir='ltr' id='par_1_50' title="bbox 967 1116 1757 1153">
     <span class='ocr_line' id='line_1_50' title="bbox 967 1116 1757 1153; baseline -0.001 -9"><span class='ocrx_word' id='word_1_368' title='bbox 967 1117 1076 1144; x_wconf 90' lang='lat' dir='ltr'><strong>modum</strong></span> <span class='ocrx_word' id='word_1_369' title='bbox 1091 1117 1208 1145; x_wconf 88' lang='lat' dir='ltr'><strong>Domino</strong></span> <span class='ocrx_word' id='word_1_370' title='bbox 1231 1117 1386 1153; x_wconf 78' lang='lat' dir='ltr'><strong>placeamus</strong></span> <span class='ocrx_word' id='word_1_371' title='bbox 1402 1126 1409 1144; x_wconf 91' lang='lat'><strong>:</strong></span> <span class='ocrx_word' id='word_1_372' title='bbox 1432 1117 1532 1144; x_wconf 90' lang='lat' dir='ltr'><strong>mundo</strong></span> <span class='ocrx_word' id='word_1_373' title='bbox 1555 1117 1637 1144; x_wconf 89' lang='lat' dir='ltr'><strong>corde</strong></span> <span class='ocrx_word' id='word_1_374' title='bbox 1655 1116 1679 1143; x_wconf 85' lang='lat' dir='ltr'><strong>ei</strong></span> <span class='ocrx_word' id='word_1_375' title='bbox 1697 1124 1757 1144; x_wconf 75' lang='lat' dir='ltr'><strong>scr-</strong></span> 
     </span>
    </p>
   </div>
   <div class='ocr_carea' id='block_1_51' title="bbox 967 1162 1754 1198">
    <p class='ocr_par' dir='ltr' id='par_1_51' title="bbox 967 1162 1754 1198">
     <span class='ocr_line' id='line_1_51' title="bbox 967 1162 1754 1198; baseline 0 -8"><span class='ocrx_word' id='word_1_376' title='bbox 967 1163 1035 1195; x_wconf 79' lang='lat' dir='ltr'><strong>vire,</strong></span> <span class='ocrx_word' id='word_1_377' title='bbox 1047 1163 1162 1198; x_wconf 66' lang='lat' dir='ltr'><strong>praaciso</strong></span> <span class='ocrx_word' id='word_1_378' title='bbox 1177 1164 1252 1191; x_wconf 94' lang='lat' dir='ltr'><strong>omni</strong></span> <span class='ocrx_word' id='word_1_379' title='bbox 1263 1163 1355 1191; x_wconf 88' lang='lat' dir='ltr'><strong>carnis</strong></span> <span class='ocrx_word' id='word_1_380' title='bbox 1373 1163 1481 1191; x_wconf 80' lang='lat' dir='ltr'><strong>aliectu.</strong></span> <span class='ocrx_word' id='word_1_381' title='bbox 1494 1162 1535 1190; x_wconf 90' lang='lat' dir='ltr'><strong>Sit</strong></span> <span class='ocrx_word' id='word_1_382' title='bbox 1558 1170 1623 1198; x_wconf 76' lang='lat' dir='ltr'><strong>ergo</strong></span> <span class='ocrx_word' id='word_1_383' title='bbox 1644 1162 1754 1190; x_wconf 81' lang='lat' dir='ltr'><strong>claustri</strong></span> 
     </span>
    </p>
   </div>
   <div class='ocr_carea' id='block_1_52' title="bbox 966 1209 1755 1243">
    <p class='ocr_par' dir='ltr' id='par_1_52' title="bbox 966 1209 1755 1243">
     <span class='ocr_line' id='line_1_52' title="bbox 966 1209 1755 1243; baseline -0.003 -7"><span class='ocrx_word' id='word_1_384' title='bbox 966 1210 1049 1238; x_wconf 83' lang='lat' dir='ltr'><strong>vestri</strong></span> <span class='ocrx_word' id='word_1_385' title='bbox 1067 1210 1197 1241; x_wconf 78' lang='lat' dir='ltr'><strong>ambitus.</strong></span> <span class='ocrx_word' id='word_1_386' title='bbox 1211 1210 1308 1238; x_wconf 86' lang='lat' dir='ltr'><strong>civitas</strong></span> <span class='ocrx_word' id='word_1_387' title='bbox 1329 1210 1387 1243; x_wconf 88' lang='lat' dir='ltr'><strong>Dei,</strong></span> <span class='ocrx_word' id='word_1_388' title='bbox 1410 1209 1558 1236; x_wconf 87' lang='lat' dir='ltr'><strong>virtutibus</strong></span> <span class='ocrx_word' id='word_1_389' title='bbox 1579 1209 1657 1243; x_wconf 87' lang='lat' dir='ltr'><strong>quasi</strong></span> <span class='ocrx_word' id='word_1_390' title='bbox 1687 1216 1755 1235; x_wconf 88' lang='lat' dir='ltr'><strong>auro</strong></span> 
     </span>
    </p>
   </div>
   <div class='ocr_carea' id='block_1_53' title="bbox 967 1255 1754 1292">
    <p class='ocr_par' dir='ltr' id='par_1_53' title="bbox 967 1255 1754 1292">
     <span class='ocr_line' id='line_1_53' title="bbox 967 1255 1754 1292; baseline -0.003 -8"><span class='ocrx_word' id='word_1_391' title='bbox 967 1257 1095 1284; x_wconf 87' lang='lat' dir='ltr'><strong>distincta</strong></span> <span class='ocrx_word' id='word_1_392' title='bbox 1111 1266 1118 1284; x_wconf 90' lang='lat'><strong>:</strong></span> <span class='ocrx_word' id='word_1_393' title='bbox 1135 1264 1184 1284; x_wconf 87' lang='lat' dir='ltr'><strong>nec</strong></span> <span class='ocrx_word' id='word_1_394' title='bbox 1202 1264 1303 1292; x_wconf 88' lang='lat' dir='ltr'><strong>corpus</strong></span> <span class='ocrx_word' id='word_1_395' title='bbox 1318 1257 1399 1284; x_wconf 89' lang='lat' dir='ltr'><strong>modo</strong></span> <span class='ocrx_word' id='word_1_396' title='bbox 1420 1256 1553 1287; x_wconf 80' lang='lat' dir='ltr'><strong>clavibus,</strong></span> <span class='ocrx_word' id='word_1_397' title='bbox 1569 1256 1615 1283; x_wconf 87' lang='lat' dir='ltr'><strong>sed</strong></span> <span class='ocrx_word' id='word_1_398' title='bbox 1630 1261 1658 1282; x_wconf 90' lang='lat' dir='ltr'><strong>et</strong></span> <span class='ocrx_word' id='word_1_399' title='bbox 1674 1255 1754 1290; x_wconf 88' lang='lat' dir='ltr'><strong>spiri-</strong></span> 
     </span>
    </p>
   </div>
   <div class='ocr_carea' id='block_1_54' title="bbox 967 1301 1754 1338">
    <p class='ocr_par' dir='ltr' id='par_1_54' title="bbox 967 1301 1754 1338">
     <span class='ocr_line' id='line_1_54' title="bbox 967 1301 1754 1338; baseline -0.004 -7"><span class='ocrx_word' id='word_1_400' title='bbox 967 1309 1012 1331; x_wconf 88' lang='lat' dir='ltr'><strong>tus</strong></span> <span class='ocrx_word' id='word_1_401' title='bbox 1028 1303 1200 1330; x_wconf 75' lang='lat' dir='ltr'><strong>cohibeatur.</strong></span> <span class='ocrx_word' id='word_1_402' title='bbox 1216 1302 1265 1330; x_wconf 90' lang='lat' dir='ltr'><strong>Est</strong></span> <span class='ocrx_word' id='word_1_403' title='bbox 1280 1302 1362 1338; x_wconf 78' lang='lat' dir='ltr'><strong>igitur</strong></span> <span class='ocrx_word' id='word_1_404' title='bbox 1374 1307 1587 1330; x_wconf 82' lang='lat' dir='ltr'><strong>consentaneum</strong></span> <span class='ocrx_word' id='word_1_405' title='bbox 1597 1306 1624 1328; x_wconf 93' lang='lat' dir='ltr'><strong>ut</strong></span> <span class='ocrx_word' id='word_1_406' title='bbox 1634 1301 1754 1328; x_wconf 85' lang='lat' dir='ltr'><strong>virorum</strong></span> 
     </span>
    </p>
   </div>
   <div class='ocr_carea' id='block_1_55' title="bbox 967 1348 1754 1384">
    <p class='ocr_par' dir='ltr' id='par_1_55' title="bbox 967 1348 1754 1384">
     <span class='ocr_line' id='line_1_55' title="bbox 967 1348 1754 1384; baseline -0.004 -7"><span class='ocrx_word' id='word_1_407' title='bbox 967 1354 1144 1384; x_wconf 85' lang='lat' dir='ltr'><strong>conspectum</strong></span> <span class='ocrx_word' id='word_1_408' title='bbox 1162 1348 1283 1382; x_wconf 68' lang='lat' dir='ltr'><strong>fugiatis,</strong></span> <span class='ocrx_word' id='word_1_409' title='bbox 1299 1349 1425 1376; x_wconf 71' lang='lat' dir='ltr'><strong>allectum</strong></span> <span class='ocrx_word' id='word_1_410' title='bbox 1442 1357 1506 1383; x_wconf 82' lang='lat' dir='ltr'><strong>erga</strong></span> <span class='ocrx_word' id='word_1_411' title='bbox 1521 1348 1754 1383; x_wconf 79' lang='lat' dir='ltr'><strong>consanguineos,</strong></span> 
     </span>
    </p>
   </div>
   <div class='ocr_carea' id='block_1_56' title="bbox 967 1394 1756 1431">
    <p class='ocr_par' dir='ltr' id='par_1_56' title="bbox 967 1394 1756 1431">
     <span class='ocr_line' id='line_1_56' title="bbox 967 1394 1756 1431; baseline -0.005 -7"><span class='ocrx_word' id='word_1_412' title='bbox 967 1396 1102 1424; x_wconf 80' lang='lat' dir='ltr'><strong>amicitias</strong></span> <span class='ocrx_word' id='word_1_413' title='bbox 1127 1403 1192 1431; x_wconf 71' lang='lat' dir='ltr'><strong>erga</strong></span> <span class='ocrx_word' id='word_1_414' title='bbox 1218 1396 1350 1422; x_wconf 89' lang='lat' dir='ltr'><strong>mundum</strong></span> <span class='ocrx_word' id='word_1_415' title='bbox 1376 1395 1555 1422; x_wconf 74' lang='lat' dir='ltr'><strong>universum:</strong></span> <span class='ocrx_word' id='word_1_416' title='bbox 1581 1399 1608 1422; x_wconf 88' lang='lat' dir='ltr'><strong>et</strong></span> <span class='ocrx_word' id='word_1_417' title='bbox 1631 1399 1661 1421; x_wconf 91' lang='lat' dir='ltr'><strong>ut</strong></span> <span class='ocrx_word' id='word_1_418' title='bbox 1685 1394 1756 1421; x_wconf 81' lang='lat' dir='ltr'><strong>inter</strong></span> 
     </span>
    </p>
   </div>
   <div class='ocr_carea' id='block_1_57' title="bbox 967 1441 1756 1477">
    <p class='ocr_par' dir='ltr' id='par_1_57' title="bbox 967 1441 1756 1477">
     <span class='ocr_line' id='line_1_57' title="bbox 967 1441 1756 1477; baseline -0.005 -7"><span class='ocrx_word' id='word_1_419' title='bbox 967 1451 1016 1470; x_wconf 89' lang='lat' dir='ltr'><strong>vos</strong></span> <span class='ocrx_word' id='word_1_420' title='bbox 1043 1443 1118 1477; x_wconf 88' lang='lat' dir='ltr'><strong>ipsas</strong></span> <span class='ocrx_word' id='word_1_421' title='bbox 1135 1442 1256 1477; x_wconf 76' lang='lat' dir='ltr'><strong>degatis,</strong></span> <span class='ocrx_word' id='word_1_422' title='bbox 1272 1441 1450 1474; x_wconf 88' lang='lat' dir='ltr'><strong>habeatisque</strong></span> <span class='ocrx_word' id='word_1_423' title='bbox 1470 1441 1589 1468; x_wconf 84' lang='lat' dir='ltr'><strong>animant</strong></span> <span class='ocrx_word' id='word_1_424' title='bbox 1622 1449 1702 1467; x_wconf 89' lang='lat' dir='ltr'><strong>unam</strong></span> <span class='ocrx_word' id='word_1_425' title='bbox 1729 1443 1756 1467; x_wconf 81' lang='lat' dir='ltr'><strong>et</strong></span> 
     </span>
    </p>
   </div>
   <div class='ocr_carea' id='block_1_58' title="bbox 967 1486 1756 1522">
    <p class='ocr_par' dir='ltr' id='par_1_58' title="bbox 967 1486 1756 1522">
     <span class='ocr_line' id='line_1_58' title="bbox 967 1486 1756 1522; baseline -0.004 -6"><span class='ocrx_word' id='word_1_426' title='bbox 967 1497 1016 1517; x_wconf 91' lang='lat' dir='ltr'><strong>cor</strong></span> <span class='ocrx_word' id='word_1_427' title='bbox 1038 1496 1136 1521; x_wconf 92' lang='lat' dir='ltr'><strong>unum,</strong></span> <span class='ocrx_word' id='word_1_428' title='bbox 1160 1488 1194 1515; x_wconf 86' lang='lat' dir='ltr'><strong>ad</strong></span> <span class='ocrx_word' id='word_1_429' title='bbox 1217 1487 1372 1522; x_wconf 88' lang='lat' dir='ltr'><strong>exemplum</strong></span> <span class='ocrx_word' id='word_1_430' title='bbox 1401 1494 1497 1514; x_wconf 86' lang='lat' dir='ltr'><strong>eorum</strong></span> <span class='ocrx_word' id='word_1_431' title='bbox 1519 1487 1566 1521; x_wconf 84' lang='lat' dir='ltr'><strong>qui</strong></span> <span class='ocrx_word' id='word_1_432' title='bbox 1588 1486 1642 1519; x_wconf 86' lang='lat' dir='ltr'><strong>jam</strong></span> <span class='ocrx_word' id='word_1_433' title='bbox 1658 1486 1723 1512; x_wconf 90' lang='lat' dir='ltr'><strong>olim</strong></span> <span class='ocrx_word' id='word_1_434' title='bbox 1739 1494 1756 1513; x_wconf 90' lang='lat' dir='ltr'><strong>a</strong></span> 
     </span>
    </p>
   </div>
   <div class='ocr_carea' id='block_1_59' title="bbox 967 1531 1753 1569">
    <p class='ocr_par' dir='ltr' id='par_1_59' title="bbox 967 1531 1753 1569">
     <span class='ocr_line' id='line_1_59' title="bbox 967 1531 1753 1569; baseline -0.005 -8"><span class='ocrx_word' id='word_1_435' title='bbox 967 1534 1112 1569; x_wconf 88' lang='lat' dir='ltr'><strong>principio,</strong></span> <span class='ocrx_word' id='word_1_436' title='bbox 1146 1532 1332 1567; x_wconf 81' lang='lat' dir='ltr'><strong>apostolorum</strong></span> <span class='ocrx_word' id='word_1_437' title='bbox 1369 1531 1537 1566; x_wconf 87' lang='lat' dir='ltr'><strong>temporibus</strong></span> <span class='ocrx_word' id='word_1_438' title='bbox 1569 1531 1753 1558; x_wconf 81' lang='lat' dir='ltr'><strong>crediderunt.</strong></span> 
     </span>
    </p>
   </div>
   <div class='ocr_carea' id='block_1_60' title="bbox 125 1577 917 1615">
    <p class='ocr_par' dir='ltr' id='par_1_60' title="bbox 125 1577 916 1614">
     <span class='ocr_line' id='line_1_60' title="bbox 125 1577 916 1614; baseline 0 -10"><span class='ocrx_word' id='word_1_439' title='bbox 125 1577 269 1614; x_wconf 78' lang='grc' dir='ltr'>ηγουμένη</span> <span class='ocrx_word' id='word_1_440' title='bbox 298 1577 369 1605; x_wconf 73' lang='grc' dir='ltr'>οὕτω</span> <span class='ocrx_word' id='word_1_441' title='bbox 394 1578 570 1614; x_wconf 85' lang='grc' dir='ltr'>καθηγείσθω</span> <span class='ocrx_word' id='word_1_442' title='bbox 591 1578 629 1611; x_wconf 85' lang='grc' dir='ltr'><strong>ὡς</strong></span> <span class='ocrx_word' id='word_1_443' title='bbox 645 1579 765 1614; x_wconf 86' lang='grc' dir='ltr'>Χριστοῦ</span> <span class='ocrx_word' id='word_1_444' title='bbox 781 1580 916 1614; x_wconf 77' lang='grc' dir='ltr'>ἐπέχουσα</span> 
     </span>
    </p>
   </div>
   <div class='ocr_carea' id='block_1_61' title="bbox 969 1577 1754 1615">
    <p class='ocr_par' dir='ltr' id='par_1_61' title="bbox 969 1577 1754 1615">
     <span class='ocr_line' id='line_1_61' title="bbox 969 1577 1754 1615; baseline -0.006 -7"><span class='ocrx_word' id='word_1_445' title='bbox 969 1580 1117 1615; x_wconf 70' lang='lat' dir='ltr'><strong>Prteposita</strong></span> <span class='ocrx_word' id='word_1_446' title='bbox 1147 1579 1188 1606; x_wconf 88' lang='lat' dir='ltr'><strong>sic</strong></span> <span class='ocrx_word' id='word_1_447' title='bbox 1216 1583 1293 1614; x_wconf 74' lang='lat' dir='ltr'><strong>regat</strong></span> <span class='ocrx_word' id='word_1_448' title='bbox 1318 1582 1448 1612; x_wconf 83' lang='lat' dir='ltr'><strong>tanquam</strong></span> <span class='ocrx_word' id='word_1_449' title='bbox 1478 1577 1580 1604; x_wconf 88' lang='lat' dir='ltr'><strong>Christi</strong></span> <span class='ocrx_word' id='word_1_450' title='bbox 1608 1584 1754 1611; x_wconf 70' lang='lat' dir='ltr'><strong>personam</strong></span> 
     </span>
    </p>
   </div>
   <div class='ocr_carea' id='block_1_62' title="bbox 125 1623 914 1661">
    <p class='ocr_par' dir='ltr' id='par_1_62' title="bbox 125 1623 914 1661">
     <span class='ocr_line' id='line_1_62' title="bbox 125 1623 914 1661; baseline 0.001 -10"><span class='ocrx_word' id='word_1_451' title='bbox 125 1625 302 1661; x_wconf 75' lang='grc' dir='ltr'>χαρακτῆρα,</span> <span class='ocrx_word' id='word_1_452' title='bbox 314 1625 431 1652; x_wconf 82' lang='grc' dir='ltr'>ποιοῦσα</span> <span class='ocrx_word' id='word_1_453' title='bbox 445 1625 566 1660; x_wconf 79' lang='grc' dir='ltr'>πρῶτον,</span> <span class='ocrx_word' id='word_1_454' title='bbox 579 1623 628 1652; x_wconf 79' lang='grc' dir='ltr'>εἶθ’</span> <span class='ocrx_word' id='word_1_455' title='bbox 639 1625 726 1658; x_wconf 81' lang='grc' dir='ltr'>οὕτως</span> <span class='ocrx_word' id='word_1_456' title='bbox 741 1626 914 1653; x_wconf 78' lang='grc' dir='ltr'>διδάσκουσα’</span> 
     </span>
    </p>
   </div>
   <div class='ocr_carea' id='block_1_63' title="bbox 127 1671 917 1707">
    <p class='ocr_par' dir='ltr' id='par_1_63' title="bbox 127 1671 917 1707">
     <span class='ocr_line' id='line_1_63' title="bbox 127 1671 917 1707; baseline 0 -9"><span class='ocrx_word' id='word_1_457' title='bbox 127 1671 212 1707; x_wconf 80' lang='grc' dir='ltr'>μηδὲν</span> <span class='ocrx_word' id='word_1_458' title='bbox 237 1671 442 1707; x_wconf 86' lang='grc' dir='ltr'>ὲλλιμπάνουσα</span> <span class='ocrx_word' id='word_1_459' title='bbox 468 1672 523 1699; x_wconf 85' lang='grc' dir='ltr'>τῶν</span> <span class='ocrx_word' id='word_1_460' title='bbox 548 1672 608 1699; x_wconf 82' lang='grc' dir='ltr'>κατ’</span> <span class='ocrx_word' id='word_1_461' title='bbox 627 1673 738 1707; x_wconf 79' lang='grc' dir='ltr'>ἐντολὴν</span> <span class='ocrx_word' id='word_1_462' title='bbox 758 1671 917 1707; x_wconf 77' lang='grc' dir='ltr'>πρακτικῶς</span> 
     </span>
    </p>
   </div>
   <div class='ocr_carea' id='block_1_64' title="bbox 126 1717 918 1754">
    <p class='ocr_par' dir='ltr' id='par_1_64' title="bbox 126 1717 918 1754">
     <span class='ocr_line' id='line_1_64' title="bbox 126 1717 918 1754; baseline 0 -10"><span class='ocrx_word' id='word_1_463' title='bbox 126 1717 328 1746; x_wconf 80' lang='grc' dir='ltr'>ὑποδεικνύναι.</span> <span class='ocrx_word' id='word_1_464' title='bbox 350 1718 382 1745; x_wconf 83' lang='grc' dir='ltr'><strong>Ἦ</strong></span> <span class='ocrx_word' id='word_1_465' title='bbox 398 1718 663 1754; x_wconf 86' lang='grc' dir='ltr'>καθυποτασσομένη</span> <span class='ocrx_word' id='word_1_466' title='bbox 681 1718 752 1745; x_wconf 68' lang='grc' dir='ltr'>οὕτω</span> <span class='ocrx_word' id='word_1_467' title='bbox 774 1717 918 1745; x_wconf 77' lang='grc' dir='ltr'>πείθεσθαι</span> 
     </span>
    </p>
   </div>
   <div class='ocr_carea' id='block_1_65' title="bbox 126 1763 916 1801">
    <p class='ocr_par' dir='ltr' id='par_1_65' title="bbox 126 1763 916 1801">
     <span class='ocr_line' id='line_1_65' title="bbox 126 1763 916 1801; baseline -0.001 -10"><span class='ocrx_word' id='word_1_468' title='bbox 126 1763 175 1791; x_wconf 72' lang='grc' dir='ltr'>καὶ</span> <span class='ocrx_word' id='word_1_469' title='bbox 191 1764 325 1797; x_wconf 80' lang='grc' dir='ltr'>ὑπείκειν,</span> <span class='ocrx_word' id='word_1_470' title='bbox 343 1765 381 1795; x_wconf 83' lang='grc' dir='ltr'><strong>ὡς</strong></span> <span class='ocrx_word' id='word_1_471' title='bbox 394 1765 470 1801; x_wconf 75' lang='grc' dir='ltr'>αὐτῷ</span> <span class='ocrx_word' id='word_1_472' title='bbox 484 1765 596 1801; x_wconf 83' lang='grc' dir='ltr'>Χριστῷ</span> <span class='ocrx_word' id='word_1_473' title='bbox 609 1765 660 1801; x_wconf 86' lang='grc' dir='ltr'><strong>τὴν</strong></span> <span class='ocrx_word' id='word_1_474' title='bbox 676 1765 801 1800; x_wconf 78' lang='grc' dir='ltr'>ὑπακοὴν</span> <span class='ocrx_word' id='word_1_475' title='bbox 817 1764 916 1791; x_wconf 87' lang='grc' dir='ltr'>ἀνύου-</span> 
     </span>
    </p>
   </div>
   <div class='ocr_carea' id='block_1_66' title="bbox 127 1810 918 1847">
    <p class='ocr_par' dir='ltr' id='par_1_66' title="bbox 127 1810 918 1847">
     <span class='ocr_line' id='line_1_66' title="bbox 127 1810 918 1847; baseline 0.003 -11"><span class='ocrx_word' id='word_1_476' title='bbox 127 1819 172 1837; x_wconf 88' lang='grc' dir='ltr'>σα.</span> <span class='ocrx_word' id='word_1_477' title='bbox 190 1810 280 1836; x_wconf 88' lang='grc' dir='ltr'>Ὅπου</span> <span class='ocrx_word' id='word_1_478' title='bbox 300 1810 328 1837; x_wconf 79' lang='grc' dir='ltr'>δὲ</span> <span class='ocrx_word' id='word_1_479' title='bbox 341 1810 439 1842; x_wconf 88' lang='grc' dir='ltr'>ταῦτα,</span> <span class='ocrx_word' id='word_1_480' title='bbox 458 1811 517 1838; x_wconf 76' lang='grc' dir='ltr'>ἐκεῖ</span> <span class='ocrx_word' id='word_1_481' title='bbox 537 1811 629 1847; x_wconf 83' lang='grc' dir='ltr'>πάσης</span> <span class='ocrx_word' id='word_1_482' title='bbox 649 1811 832 1847; x_wconf 82' lang='grc' dir='ltr'>ἀγαθοεργίας</span> <span class='ocrx_word' id='word_1_483' title='bbox 851 1819 918 1846; x_wconf 79' lang='grc' dir='ltr'>καρ-</span> 
     </span>
    </p>
   </div>
   <div class='ocr_carea' id='block_1_67' title="bbox 128 1853 917 1892">
    <p class='ocr_par' dir='ltr' id='par_1_67' title="bbox 128 1853 917 1892">
     <span class='ocr_line' id='line_1_67' title="bbox 128 1853 917 1892; baseline 0.001 -9"><span class='ocrx_word' id='word_1_484' title='bbox 128 1858 195 1889; x_wconf 79' lang='grc' dir='ltr'>πός’</span> <span class='ocrx_word' id='word_1_485' title='bbox 223 1853 255 1884; x_wconf 75' lang='grc' dir='ltr'><strong>οὗ</strong></span> <span class='ocrx_word' id='word_1_486' title='bbox 284 1857 313 1884; x_wconf 76' lang='grc' dir='ltr'>δὲ</span> <span class='ocrx_word' id='word_1_487' title='bbox 339 1858 370 1884; x_wconf 85' lang='grc' dir='ltr'>οὐ</span> <span class='ocrx_word' id='word_1_488' title='bbox 396 1857 493 1892; x_wconf 83' lang='grc' dir='ltr'>ταῦτα,</span> <span class='ocrx_word' id='word_1_489' title='bbox 513 1858 572 1885; x_wconf 77' lang='grc' dir='ltr'>ἐκεῖ</span> <span class='ocrx_word' id='word_1_490' title='bbox 599 1858 709 1890; x_wconf 85' lang='grc' dir='ltr'>πάντως</span> <span class='ocrx_word' id='word_1_491' title='bbox 734 1858 769 1884; x_wconf 80' lang='grc' dir='ltr'><strong>τὰ</strong></span> <span class='ocrx_word' id='word_1_492' title='bbox 798 1858 917 1890; x_wconf 81' lang='grc' dir='ltr'>ἐναντία,</span> 
     </span>
    </p>
   </div>
   <div class='ocr_carea' id='block_1_68' title="bbox 127 1903 917 1940">
    <p class='ocr_par' dir='ltr' id='par_1_68' title="bbox 127 1903 917 1940">
     <span class='ocr_line' id='line_1_68' title="bbox 127 1903 917 1940; baseline 0.001 -10"><span class='ocrx_word' id='word_1_493' title='bbox 127 1903 257 1940; x_wconf 81' lang='grc' dir='ltr'>ἑταιρίαι,</span> <span class='ocrx_word' id='word_1_494' title='bbox 283 1904 458 1939; x_wconf 79' lang='grc' dir='ltr'>φιλονεικίαι,</span> <span class='ocrx_word' id='word_1_495' title='bbox 486 1903 656 1940; x_wconf 77' lang='grc' dir='ltr'>ψιθυρισμοὶ,</span> <span class='ocrx_word' id='word_1_496' title='bbox 685 1903 917 1939; x_wconf 79' lang='grc' dir='ltr'>ἰδιοκτημοσύναι,</span> 
     </span>
    </p>
   </div>
   <div class='ocr_carea' id='block_1_69' title="bbox 127 1948 919 1985">
    <p class='ocr_par' dir='ltr' id='par_1_69' title="bbox 127 1948 919 1985">
     <span class='ocr_line' id='line_1_69' title="bbox 127 1948 919 1985; baseline 0.003 -10"><span class='ocrx_word' id='word_1_497' title='bbox 127 1948 295 1983; x_wconf 67' lang='grc' dir='ltr'>φυσιώσεις,</span> <span class='ocrx_word' id='word_1_498' title='bbox 323 1950 524 1985; x_wconf 82' lang='grc' dir='ltr'>προσπάθειαι,</span> <span class='ocrx_word' id='word_1_499' title='bbox 556 1950 626 1985; x_wconf 85' lang='grc' dir='ltr'>πρός</span> <span class='ocrx_word' id='word_1_500' title='bbox 655 1958 687 1976; x_wconf 90' lang='grc' dir='ltr'><strong>τε</strong></span> <span class='ocrx_word' id='word_1_501' title='bbox 717 1950 835 1985; x_wconf 85' lang='grc' dir='ltr'>ἀλλήλας</span> <span class='ocrx_word' id='word_1_502' title='bbox 869 1951 919 1978; x_wconf 75' lang='grc' dir='ltr'>καὶ</span> 
     </span>
    </p>
   </div>
   <div class='ocr_carea' id='block_1_70' title="bbox 127 1993 919 2031">
    <p class='ocr_par' dir='ltr' id='par_1_70' title="bbox 127 1993 919 2031">
     <span class='ocr_line' id='line_1_70' title="bbox 127 1993 919 2031; baseline 0.003 -11"><span class='ocrx_word' id='word_1_503' title='bbox 127 1993 198 2029; x_wconf 78' lang='grc' dir='ltr'>πρὸς</span> <span class='ocrx_word' id='word_1_504' title='bbox 225 1994 289 2027; x_wconf 77' lang='grc' dir='ltr'>τοὺς</span> <span class='ocrx_word' id='word_1_505' title='bbox 315 1994 426 2028; x_wconf 77' lang='grc' dir='ltr'>ἔξωθεν,</span> <span class='ocrx_word' id='word_1_506' title='bbox 441 1995 497 2022; x_wconf 82' lang='grc' dir='ltr'>εῐτε</span> <span class='ocrx_word' id='word_1_507' title='bbox 522 1995 554 2024; x_wconf 74' lang='grc' dir='ltr'>ὲκ</span> <span class='ocrx_word' id='word_1_508' title='bbox 577 1995 684 2030; x_wconf 79' lang='grc' dir='ltr'>γένους,</span> <span class='ocrx_word' id='word_1_509' title='bbox 702 1996 758 2022; x_wconf 84' lang='grc' dir='ltr'>εῐτε</span> <span class='ocrx_word' id='word_1_510' title='bbox 781 1997 813 2022; x_wconf 79' lang='grc' dir='ltr'>ἐκ</span> <span class='ocrx_word' id='word_1_511' title='bbox 827 1996 919 2031; x_wconf 83' lang='grc' dir='ltr'>φιλίας</span> 
     </span>
    </p>
   </div>
   <div class='ocr_carea' id='block_1_71' title="bbox 127 2040 223 2075">
    <p class='ocr_par' dir='ltr' id='par_1_71' title="bbox 127 2040 223 2075">
     <span class='ocr_line' id='line_1_71' title="bbox 127 2040 223 2075; baseline 0.021 -9"><span class='ocrx_word' id='word_1_512' title='bbox 127 2040 223 2075; x_wconf 77' lang='grc' dir='ltr'>ἄλλης.</span> 
     </span>
    </p>
   </div>
   <div class='ocr_carea' id='block_1_72' title="bbox 164 2084 919 2124">
    <p class='ocr_par' dir='ltr' id='par_1_72' title="bbox 164 2084 919 2124">
     <span class='ocr_line' id='line_1_72' title="bbox 164 2084 919 2124; baseline 0.004 -12"><span class='ocrx_word' id='word_1_513' title='bbox 164 2085 245 2113; x_wconf 79' lang='grc' dir='ltr'>οὕτω</span> <span class='ocrx_word' id='word_1_514' title='bbox 259 2086 308 2122; x_wconf 82' lang='grc' dir='ltr'>μὲν</span> <span class='ocrx_word' id='word_1_515' title='bbox 325 2084 372 2114; x_wconf 75' lang='grc' dir='ltr'>οὖν</span> <span class='ocrx_word' id='word_1_516' title='bbox 387 2086 425 2118; x_wconf 82' lang='grc' dir='ltr'><strong>ὡς</strong></span> <span class='ocrx_word' id='word_1_517' title='bbox 437 2088 466 2114; x_wconf 81' lang='grc' dir='ltr'><strong>έν</strong></span> <span class='ocrx_word' id='word_1_518' title='bbox 482 2087 566 2123; x_wconf 80' lang='grc' dir='ltr'>ὀλίγῳ</span> <span class='ocrx_word' id='word_1_519' title='bbox 585 2088 602 2123; x_wconf 86' lang='grc' dir='ltr'><strong>ή</strong></span> <span class='ocrx_word' id='word_1_520' title='bbox 620 2088 685 2123; x_wconf 82' lang='grc' dir='ltr'>περὶ</span> <span class='ocrx_word' id='word_1_521' title='bbox 700 2087 776 2115; x_wconf 86' lang='grc' dir='ltr'>τοῦδε</span> <span class='ocrx_word' id='word_1_522' title='bbox 793 2088 919 2124; x_wconf 83' lang='grc' dir='ltr'>ὑπόμνη-</span> 
     </span>
    </p>
   </div>
   <div class='ocr_carea' id='block_1_73' title="bbox 130 2132 920 2170">
    <p class='ocr_par' dir='ltr' id='par_1_73' title="bbox 130 2132 920 2170">
     <span class='ocr_line' id='line_1_73' title="bbox 130 2132 920 2170; baseline 0.004 -12"><span class='ocrx_word' id='word_1_523' title='bbox 130 2140 182 2163; x_wconf 82' lang='grc' dir='ltr'>σις.</span> <span class='ocrx_word' id='word_1_524' title='bbox 204 2132 276 2166; x_wconf 80' lang='grc' dir='ltr'><strong>Ἐγὼ</strong></span> <span class='ocrx_word' id='word_1_525' title='bbox 293 2132 323 2158; x_wconf 79' lang='grc' dir='ltr'>δὲ</span> <span class='ocrx_word' id='word_1_526' title='bbox 337 2133 352 2159; x_wconf 82' lang='grc' dir='ltr'><strong>ό</strong></span> <span class='ocrx_word' id='word_1_527' title='bbox 366 2133 493 2165; x_wconf 81' lang='grc' dir='ltr'>ταπεινὸς</span> <span class='ocrx_word' id='word_1_528' title='bbox 508 2133 673 2168; x_wconf 81' lang='grc' dir='ltr'>παρακαλῶ,</span> <span class='ocrx_word' id='word_1_529' title='bbox 691 2133 740 2160; x_wconf 81' lang='grc' dir='ltr'>σὺν</span> <span class='ocrx_word' id='word_1_530' title='bbox 755 2133 794 2170; x_wconf 86' lang='grc' dir='ltr'>τῷ</span> <span class='ocrx_word' id='word_1_531' title='bbox 809 2133 859 2169; x_wconf 83' lang='grc' dir='ltr'><strong>βίῳ</strong></span> <span class='ocrx_word' id='word_1_532' title='bbox 872 2135 920 2162; x_wconf 68' lang='grc' dir='ltr'><strong>καὶ</strong></span> 
     </span>
    </p>
   </div>
   <div class='ocr_carea' id='block_1_74' title="bbox 128 2179 921 2217">
    <p class='ocr_par' dir='ltr' id='par_1_74' title="bbox 128 2179 921 2217">
     <span class='ocr_line' id='line_1_74' title="bbox 128 2179 921 2217; baseline 0.004 -11"><span class='ocrx_word' id='word_1_533' title='bbox 128 2179 179 2215; x_wconf 81' lang='grc' dir='ltr'>τὴν</span> <span class='ocrx_word' id='word_1_534' title='bbox 195 2179 288 2206; x_wconf 85' lang='grc' dir='ltr'>πίστιν</span> <span class='ocrx_word' id='word_1_535' title='bbox 304 2179 492 2216; x_wconf 72' lang='grc' dir='ltr'>ἡγλαῖσμένην</span> <span class='ocrx_word' id='word_1_536' title='bbox 506 2181 657 2216; x_wconf 83' lang='grc' dir='ltr'>κεκτῆσθαι</span> <span class='ocrx_word' id='word_1_537' title='bbox 678 2181 766 2217; x_wconf 77' lang='grc' dir='ltr'>ὑμᾶς’</span> <span class='ocrx_word' id='word_1_538' title='bbox 785 2181 921 2217; x_wconf 83' lang='grc' dir='ltr'>μηδαμῶς</span> 
     </span>
    </p>
   </div>
   <div class='ocr_carea' id='block_1_75' title="bbox 128 2226 957 2275">
    <p class='ocr_par' dir='ltr' id='par_1_75' title="bbox 128 2226 957 2275">
     <span class='ocr_line' id='line_1_75' title="bbox 128 2226 957 2275; baseline 0 -23"><span class='ocrx_word' id='word_1_539' title='bbox 128 2226 356 2275; x_wconf 46' lang='grc' dir='ltr'>τῇ-ξζριστομάχῳ</span> <span class='ocrx_word' id='word_1_540' title='bbox 377 2227 481 2275; x_wconf 72' lang='grc' dir='ltr'>αἱρέσει</span> <span class='ocrx_word' id='word_1_541' title='bbox 502 2229 653 2259; x_wconf 83' lang='grc' dir='ltr'>κοινωνεῖν,</span> <span class='ocrx_word' id='word_1_542' title='bbox 664 2228 727 2263; x_wconf 83' lang='grc' dir='ltr'>ἥτις</span> <span class='ocrx_word' id='word_1_543' title='bbox 749 2228 918 2263; x_wconf 85' lang='grc' dir='ltr'>Ἰουδαῖσμοῡ</span> <span class='ocrx_word' id='word_1_544' title='bbox 934 2247 957 2275; x_wconf 74' lang='lat' dir='ltr'><strong>D</strong></span> 
     </span>
    </p>
   </div>
   <div class='ocr_carea' id='block_1_76' title="bbox 127 2271 918 2310">
    <p class='ocr_par' dir='ltr' id='par_1_76' title="bbox 127 2271 918 2310">
     <span class='ocr_line' id='line_1_76' title="bbox 127 2271 918 2310; baseline 0.006 -13"><span class='ocrx_word' id='word_1_545' title='bbox 127 2271 206 2298; x_wconf 80' lang='grc' dir='ltr'>οὐδὲν</span> <span class='ocrx_word' id='word_1_546' title='bbox 220 2271 367 2307; x_wconf 86' lang='grc' dir='ltr'>διενήνοχε,</span> <span class='ocrx_word' id='word_1_547' title='bbox 383 2271 432 2307; x_wconf 86' lang='grc' dir='ltr'>τὴν</span> <span class='ocrx_word' id='word_1_548' title='bbox 459 2273 593 2309; x_wconf 87' lang='grc' dir='ltr'>σωτήριον</span> <span class='ocrx_word' id='word_1_549' title='bbox 614 2273 733 2309; x_wconf 81' lang='grc' dir='ltr'>Χριστοῦ</span> <span class='ocrx_word' id='word_1_550' title='bbox 752 2274 918 2310; x_wconf 82' lang='grc' dir='ltr'>οἰκονομίαν,</span> 
     </span>
    </p>
   </div>
   <div class='ocr_carea' id='block_1_77' title="bbox 128 2317 920 2354">
    <p class='ocr_par' dir='ltr' id='par_1_77' title="bbox 128 2317 920 2354">
     <span class='ocr_line' id='line_1_77' title="bbox 128 2317 920 2354; baseline 0.005 -10"><span class='ocrx_word' id='word_1_551' title='bbox 128 2317 173 2344; x_wconf 79' lang='grc' dir='ltr'>διὰ</span> <span class='ocrx_word' id='word_1_552' title='bbox 186 2318 236 2353; x_wconf 85' lang='grc' dir='ltr'>τῆς</span> <span class='ocrx_word' id='word_1_553' title='bbox 251 2317 436 2354; x_wconf 81' lang='grc' dir='ltr'>καθαιρέσεως</span> <span class='ocrx_word' id='word_1_554' title='bbox 452 2319 507 2345; x_wconf 87' lang='grc' dir='ltr'><strong>τῶν</strong></span> <span class='ocrx_word' id='word_1_555' title='bbox 524 2319 631 2346; x_wconf 88' lang='grc' dir='ltr'>σεπτῶν</span> <span class='ocrx_word' id='word_1_556' title='bbox 647 2321 761 2348; x_wconf 80' lang='grc' dir='ltr'>εἰκόνων</span> <span class='ocrx_word' id='word_1_557' title='bbox 784 2321 868 2348; x_wconf 79' lang='grc' dir='ltr'>αὑτοῦ</span> <span class='ocrx_word' id='word_1_558' title='bbox 889 2330 920 2348; x_wconf 90' lang='grc' dir='ltr'><strong>τε</strong></span> 
     </span>
    </p>
   </div>
   <div class='ocr_carea' id='block_1_78' title="bbox 129 2361 919 2401">
    <p class='ocr_par' dir='ltr' id='par_1_78' title="bbox 129 2361 919 2401">
     <span class='ocr_line' id='line_1_78' title="bbox 129 2361 919 2401; baseline 0.008 -14"><span class='ocrx_word' id='word_1_559' title='bbox 129 2361 262 2396; x_wconf 81' lang='grc' dir='ltr'>Χριστοῦ,</span> <span class='ocrx_word' id='word_1_560' title='bbox 279 2362 328 2396; x_wconf 87' lang='grc' dir='ltr'>τῆς</span> <span class='ocrx_word' id='word_1_561' title='bbox 350 2371 381 2389; x_wconf 88' lang='grc' dir='ltr'><strong>τε</strong></span> <span class='ocrx_word' id='word_1_562' title='bbox 398 2363 532 2390; x_wconf 84' lang='grc' dir='ltr'>Θεοτόκου</span> <span class='ocrx_word' id='word_1_563' title='bbox 554 2364 603 2391; x_wconf 76' lang='grc' dir='ltr'><strong>καὶ</strong></span> <span class='ocrx_word' id='word_1_564' title='bbox 622 2365 732 2392; x_wconf 84' lang='grc' dir='ltr'>πάντων</span> <span class='ocrx_word' id='word_1_565' title='bbox 745 2365 801 2392; x_wconf 82' lang='grc' dir='ltr'><strong>τῶν</strong></span> <span class='ocrx_word' id='word_1_566' title='bbox 822 2366 919 2401; x_wconf 85' lang='grc' dir='ltr'>ἁγίων,</span> 
     </span>
    </p>
   </div>
   <div class='ocr_carea' id='block_1_79' title="bbox 129 2406 920 2448">
    <p class='ocr_par' dir='ltr' id='par_1_79' title="bbox 129 2406 920 2448">
     <span class='ocr_line' id='line_1_79' title="bbox 129 2406 920 2448; baseline 0.01 -16"><span class='ocrx_word' id='word_1_567' title='bbox 129 2406 300 2442; x_wconf 82' lang='grc' dir='ltr'>ἀρνουμένῃ’</span> <span class='ocrx_word' id='word_1_568' title='bbox 316 2408 466 2443; x_wconf 75' lang='grc' dir='ltr'>ἐπειδήπερ</span> <span class='ocrx_word' id='word_1_569' title='bbox 481 2409 498 2445; x_wconf 79' lang='grc' dir='ltr'><strong>ἡ</strong></span> <span class='ocrx_word' id='word_1_570' title='bbox 513 2409 596 2437; x_wconf 71' lang='grc' dir='ltr'>εἰκὼν</span> <span class='ocrx_word' id='word_1_571' title='bbox 613 2411 711 2438; x_wconf 86' lang='grc' dir='ltr'>ταυτόν</span> <span class='ocrx_word' id='word_1_572' title='bbox 721 2412 779 2438; x_wconf 81' lang='grc' dir='ltr'>ἐστι</span> <span class='ocrx_word' id='word_1_573' title='bbox 791 2411 830 2447; x_wconf 87' lang='grc' dir='ltr'><strong>τῷ</strong></span> <span class='ocrx_word' id='word_1_574' title='bbox 842 2421 920 2448; x_wconf 65' lang='lat' dir='ltr'><strong>upw—</strong></span> 
     </span>
    </p>
   </div>
   <div class='ocr_carea' id='block_1_80' title="bbox 129 2452 920 2491">
    <p class='ocr_par' dir='ltr' id='par_1_80' title="bbox 129 2452 920 2491">
     <span class='ocr_line' id='line_1_80' title="bbox 129 2452 920 2491; baseline 0.009 -13"><span class='ocrx_word' id='word_1_575' title='bbox 129 2452 239 2487; x_wconf 83' lang='grc' dir='ltr'>τοτύπῳ</span> <span class='ocrx_word' id='word_1_576' title='bbox 254 2455 320 2489; x_wconf 79' lang='grc' dir='ltr'>τιμῇ</span> <span class='ocrx_word' id='word_1_577' title='bbox 331 2462 361 2480; x_wconf 86' lang='grc' dir='ltr'><strong>τε</strong></span> <span class='ocrx_word' id='word_1_578' title='bbox 374 2455 421 2482; x_wconf 79' lang='grc' dir='ltr'><strong>καὶ</strong></span> <span class='ocrx_word' id='word_1_579' title='bbox 435 2458 618 2491; x_wconf 79' lang='grc' dir='ltr'>προσκυνήσει</span> <span class='ocrx_word' id='word_1_580' title='bbox 628 2465 636 2472; x_wconf 65' lang='grc'><strong>⁸</strong></span> <span class='ocrx_word' id='word_1_581' title='bbox 652 2455 708 2485; x_wconf 79' lang='grc' dir='ltr'>οἷον</span> <span class='ocrx_word' id='word_1_582' title='bbox 720 2459 764 2485; x_wconf 76' lang='grc' dir='ltr'><strong>ἐπ’</strong></span> <span class='ocrx_word' id='word_1_583' title='bbox 776 2458 860 2485; x_wconf 83' lang='grc' dir='ltr'>αὐτοῦ</span> <span class='ocrx_word' id='word_1_584' title='bbox 873 2458 920 2485; x_wconf 84' lang='grc' dir='ltr'><strong>τοῦ</strong></span> 
     </span>
    </p>
   </div>
   <div class='ocr_carea' id='block_1_81' title="bbox 129 2497 923 2540">
    <p class='ocr_par' dir='ltr' id='par_1_81' title="bbox 129 2497 923 2540">
     <span class='ocr_line' id='line_1_81' title="bbox 129 2497 923 2540; baseline 0.01 -17"><span class='ocrx_word' id='word_1_585' title='bbox 129 2497 265 2527; x_wconf 80' lang='grc' dir='ltr'>ζωοποιοῦ</span> <span class='ocrx_word' id='word_1_586' title='bbox 274 2497 418 2535; x_wconf 82' lang='grc' dir='ltr'>[σταυροῦ]</span> <span class='ocrx_word' id='word_1_587' title='bbox 430 2499 533 2527; x_wconf 79' lang='grc' dir='ltr'>καὶτοῦ</span> <span class='ocrx_word' id='word_1_588' title='bbox 547 2501 645 2529; x_wconf 86' lang='grc' dir='ltr'>τύπου.</span> <span class='ocrx_word' id='word_1_589' title='bbox 653 2502 699 2538; x_wconf 82' lang='grc' dir='ltr'><strong>Μὴ</strong></span> <span class='ocrx_word' id='word_1_590' title='bbox 705 2503 737 2538; x_wconf 85' lang='grc' dir='ltr'>δὴ</span> <span class='ocrx_word' id='word_1_591' title='bbox 746 2502 793 2530; x_wconf 83' lang='grc' dir='ltr'>οὖν</span> <span class='ocrx_word' id='word_1_592' title='bbox 802 2504 923 2540; x_wconf 77' lang='grc' dir='ltr'>ἀρνήσηο</span> 
     </span>
    </p>
   </div>
   <div class='ocr_carea' id='block_1_82' title="bbox 130 2543 947 2587">
    <p class='ocr_par' dir='ltr' id='par_1_82' title="bbox 130 2543 947 2587">
     <span class='ocr_line' id='line_1_82' title="bbox 130 2543 947 2587; baseline 0.012 -18"><span class='ocrx_word' id='word_1_593' title='bbox 130 2543 179 2569; x_wconf 84' lang='grc' dir='ltr'><strong>σθε</strong></span> <span class='ocrx_word' id='word_1_594' title='bbox 187 2543 232 2570; x_wconf 76' lang='grc' dir='ltr'>τὸν</span> <span class='ocrx_word' id='word_1_595' title='bbox 240 2544 358 2580; x_wconf 83' lang='grc' dir='ltr'>Χριστὸν</span> <span class='ocrx_word' id='word_1_596' title='bbox 366 2546 584 2584; x_wconf 81' lang='grc' dir='ltr'>αίΧριστοφόροι</span> <span class='ocrx_word' id='word_1_597' title='bbox 596 2548 636 2584; x_wconf 82' lang='grc' dir='ltr'>τῷ</span> <span class='ocrx_word' id='word_1_598' title='bbox 649 2550 718 2584; x_wconf 86' lang='grc' dir='ltr'>ἁγίῳ</span> <span class='ocrx_word' id='word_1_599' title='bbox 727 2551 923 2587; x_wconf 75' lang='grc' dir='ltr'>περιϐλήματι·</span> <span class='ocrx_word' id='word_1_600' title='bbox 941 2568 947 2573; x_wconf 92' lang='grc'><strong>-</strong></span> 
     </span>
    </p>
   </div>
   <div class='ocr_carea' id='block_1_83' title="bbox 133 2589 926 2633">
    <p class='ocr_par' dir='ltr' id='par_1_83' title="bbox 133 2589 926 2633">
     <span class='ocr_line' id='line_1_83' title="bbox 133 2589 926 2633; baseline 0.013 -18"><span class='ocrx_word' id='word_1_601' title='bbox 133 2589 202 2624; x_wconf 83' lang='grc' dir='ltr'>μήτε</span> <span class='ocrx_word' id='word_1_602' title='bbox 213 2591 275 2622; x_wconf 76' lang='grc' dir='ltr'>τοὺς</span> <span class='ocrx_word' id='word_1_603' title='bbox 283 2591 428 2624; x_wconf 79' lang='grc' dir='ltr'>τοσούτους</span> <span class='ocrx_word' id='word_1_604' title='bbox 440 2593 553 2627; x_wconf 80' lang='grc' dir='ltr'>κόπους,</span> <span class='ocrx_word' id='word_1_605' title='bbox 561 2594 609 2628; x_wconf 81' lang='grc' dir='ltr'>οὓς</span> <span class='ocrx_word' id='word_1_606' title='bbox 617 2596 748 2623; x_wconf 78' lang='grc' dir='ltr'>ἁνατλᾶτε</span> <span class='ocrx_word' id='word_1_607' title='bbox 757 2597 803 2624; x_wconf 87' lang='grc' dir='ltr'>τὸν</span> <span class='ocrx_word' id='word_1_608' title='bbox 813 2598 842 2624; x_wconf 80' lang='grc' dir='ltr'>ἐν</span> <span class='ocrx_word' id='word_1_609' title='bbox 854 2606 926 2633; x_wconf 85' lang='grc' dir='ltr'>παρ-</span> 
     </span>
    </p>
   </div>
   <div class='ocr_carea' id='block_1_84' title="bbox 130 2636 925 2678">
    <p class='ocr_par' dir='ltr' id='par_1_84' title="bbox 130 2636 925 2678">
     <span class='ocr_line' id='line_1_84' title="bbox 130 2636 925 2678; baseline 0.011 -16"><span class='ocrx_word' id='word_1_610' title='bbox 130 2636 210 2672; x_wconf 75' lang='grc' dir='ltr'>θενίᾳ</span> <span class='ocrx_word' id='word_1_611' title='bbox 224 2637 280 2672; x_wconf 85' lang='grc' dir='ltr'>βίον</span> <span class='ocrx_word' id='word_1_612' title='bbox 298 2639 368 2673; x_wconf 77' lang='grc' dir='ltr'>μετὰ</span> <span class='ocrx_word' id='word_1_613' title='bbox 377 2640 546 2677; x_wconf 79' lang='grc' dir='ltr'>καθείρξεως</span> <span class='ocrx_word' id='word_1_614' title='bbox 562 2641 811 2676; x_wconf 79' lang='grc' dir='ltr'>διανύουσαι,ενθεν</span> <span class='ocrx_word' id='word_1_615' title='bbox 821 2644 925 2678; x_wconf 83' lang='grc' dir='ltr'>ὀλέσαι,</span> 
     </span>
    </p>
   </div>
   <div class='ocr_carea' id='block_1_85' title="bbox 130 2683 923 2725">
    <p class='ocr_par' dir='ltr' id='par_1_85' title="bbox 130 2683 923 2725">
     <span class='ocr_line' id='line_1_85' title="bbox 130 2683 923 2725; baseline 0.009 -15"><span class='ocrx_word' id='word_1_616' title='bbox 130 2684 180 2710; x_wconf 73' lang='grc' dir='ltr'>καὶ</span> <span class='ocrx_word' id='word_1_617' title='bbox 200 2683 251 2719; x_wconf 82' lang='grc' dir='ltr'>τῆς</span> <span class='ocrx_word' id='word_1_618' title='bbox 274 2684 469 2723; x_wconf 82' lang='grc' dir='ltr'>ἀντικειμένης</span> <span class='ocrx_word' id='word_1_619' title='bbox 488 2687 607 2723; x_wconf 81' lang='grc' dir='ltr'>μερίδος,</span> <span class='ocrx_word' id='word_1_620' title='bbox 620 2689 689 2725; x_wconf 81' lang='grc' dir='ltr'>ὅπερ</span> <span class='ocrx_word' id='word_1_621' title='bbox 704 2689 787 2725; x_wconf 78' lang='grc' dir='ltr'>ἀπείη</span> <span class='ocrx_word' id='word_1_622' title='bbox 809 2690 856 2716; x_wconf 75' lang='grc' dir='ltr'>καὶ</span> <span class='ocrx_word' id='word_1_623' title='bbox 880 2691 923 2717; x_wconf 83' lang='grc' dir='ltr'><strong>ὲν-</strong></span> 
     </span>
    </p>
   </div>
   <div class='ocr_carea' id='block_1_86' title="bbox 130 2730 922 2768">
    <p class='ocr_par' dir='ltr' id='par_1_86' title="bbox 130 2730 922 2768">
     <span class='ocr_line' id='line_1_86' title="bbox 130 2730 922 2768; baseline 0.01 -13"><span class='ocrx_word' id='word_1_624' title='bbox 130 2730 202 2755; x_wconf 85' lang='grc' dir='ltr'><strong>νοείν</strong></span> <span class='ocrx_word' id='word_1_625' title='bbox 225 2730 274 2756; x_wconf 74' lang='grc' dir='ltr'>καὶ</span> <span class='ocrx_word' id='word_1_626' title='bbox 294 2730 397 2765; x_wconf 84' lang='grc' dir='ltr'>λέγειν.</span> <span class='ocrx_word' id='word_1_627' title='bbox 417 2732 578 2768; x_wconf 87' lang='grc' dir='ltr'>γινόμεναι·</span> <span class='ocrx_word' id='word_1_628' title='bbox 600 2734 658 2761; x_wconf 80' lang='grc' dir='ltr'>ἀλλ’</span> <span class='ocrx_word' id='word_1_629' title='bbox 673 2734 770 2762; x_wconf 77' lang='grc' dir='ltr'>εἰδυῖαι</span> <span class='ocrx_word' id='word_1_630' title='bbox 793 2735 835 2762; x_wconf 74' lang='grc' dir='ltr'>ὅτι</span> <span class='ocrx_word' id='word_1_631' title='bbox 860 2735 922 2763; x_wconf 77' lang='grc' dir='ltr'>οὗτε</span> 
     </span>
    </p>
   </div>
   <div class='ocr_carea' id='block_1_87' title="bbox 131 2775 922 2818">
    <p class='ocr_par' dir='ltr' id='par_1_87' title="bbox 131 2775 922 2818">
     <span class='ocr_line' id='line_1_87' title="bbox 131 2775 922 2818; baseline 0.013 -18"><span class='ocrx_word' id='word_1_632' title='bbox 131 2775 189 2808; x_wconf 77' lang='grc' dir='ltr'>βξος</span> <span class='ocrx_word' id='word_1_633' title='bbox 204 2775 267 2811; x_wconf 84' lang='grc' dir='ltr'>δίχα</span> <span class='ocrx_word' id='word_1_634' title='bbox 280 2776 399 2809; x_wconf 79' lang='grc' dir='ltr'>πίστεως</span> <span class='ocrx_word' id='word_1_635' title='bbox 420 2779 515 2814; x_wconf 81' lang='grc' dir='ltr'>ὀρθῆς,</span> <span class='ocrx_word' id='word_1_636' title='bbox 531 2779 588 2806; x_wconf 80' lang='grc' dir='ltr'>οὒτ’</span> <span class='ocrx_word' id='word_1_637' title='bbox 603 2778 637 2807; x_wconf 85' lang='grc' dir='ltr'>αὖ</span> <span class='ocrx_word' id='word_1_638' title='bbox 651 2780 741 2813; x_wconf 74' lang='grc' dir='ltr'>πίστις</span> <span class='ocrx_word' id='word_1_639' title='bbox 763 2781 827 2817; x_wconf 86' lang='grc' dir='ltr'>δίχα</span> <span class='ocrx_word' id='word_1_640' title='bbox 851 2783 922 2818; x_wconf 84' lang='grc' dir='ltr'>πρά-</span> 
     </span>
    </p>
   </div>
   <div class='ocr_carea' id='block_1_88' title="bbox 131 2821 922 2865">
    <p class='ocr_par' dir='ltr' id='par_1_88' title="bbox 131 2821 922 2865">
     <span class='ocr_line' id='line_1_88' title="bbox 131 2821 922 2865; baseline 0.011 -17"><span class='ocrx_word' id='word_1_641' title='bbox 131 2821 201 2854; x_wconf 79' lang='grc' dir='ltr'>ξεως</span> <span class='ocrx_word' id='word_1_642' title='bbox 225 2822 300 2854; x_wconf 81' lang='grc' dir='ltr'>θείας</span> <span class='ocrx_word' id='word_1_643' title='bbox 322 2823 418 2856; x_wconf 80' lang='grc' dir='ltr'>σώζειν</span> <span class='ocrx_word' id='word_1_644' title='bbox 438 2825 559 2858; x_wconf 81' lang='grc' dir='ltr'>δύναιτο,</span> <span class='ocrx_word' id='word_1_645' title='bbox 581 2826 777 2863; x_wconf 81' lang='grc' dir='ltr'>ἀμφοτέρωθεν</span> <span class='ocrx_word' id='word_1_646' title='bbox 794 2829 867 2865; x_wconf 77' lang='grc' dir='ltr'>εἴητε</span> <span class='ocrx_word' id='word_1_647' title='bbox 884 2831 922 2857; x_wconf 85' lang='grc' dir='ltr'>δι-</span> 
     </span>
    </p>
   </div>
   <div class='ocr_carea' id='block_1_89' title="bbox 168 2879 602 2914">
    <p class='ocr_par' dir='ltr' id='par_1_89' title="bbox 168 2879 602 2914">
     <span class='ocr_line' id='line_1_89' title="bbox 168 2879 602 2914; baseline 0.009 -6"><span class='ocrx_word' id='word_1_648' title='bbox 168 2879 191 2896; x_wconf 86' lang='grc'><strong><em>²³</em></strong></span> <span class='ocrx_word' id='word_1_649' title='bbox 206 2881 272 2909; x_wconf 88' lang='lat' dir='ltr'><strong>Luc.</strong></span> <span class='ocrx_word' id='word_1_650' title='bbox 288 2890 326 2914; x_wconf 80' lang='lat' dir='ltr'><strong>Vl,</strong></span> <span class='ocrx_word' id='word_1_651' title='bbox 340 2881 384 2910; x_wconf 80' lang='grc'><strong>50.</strong></span> <span class='ocrx_word' id='word_1_652' title='bbox 424 2883 445 2899; x_wconf 73' lang='grc'><em>³⁸</em></span> <span class='ocrx_word' id='word_1_653' title='bbox 459 2884 519 2912; x_wconf 83' lang='lat' dir='ltr'><strong>Act.</strong></span> <span class='ocrx_word' id='word_1_654' title='bbox 538 2891 557 2913; x_wconf 86' lang='grc' dir='ltr'>ι.</span> <span class='ocrx_word' id='word_1_655' title='bbox 576 2885 602 2912; x_wconf 86' lang='lat' dir='ltr'><strong>‘l.</strong></span> 
     </span>
    </p>
   </div>
   <div class='ocr_carea' id='block_1_90' title="bbox 968 1622 1755 1659">
    <p class='ocr_par' dir='ltr' id='par_1_90' title="bbox 968 1622 1755 1659">
     <span class='ocr_line' id='line_1_90' title="bbox 968 1622 1755 1659; baseline -0.008 -6"><span class='ocrx_word' id='word_1_656' title='bbox 968 1625 1118 1657; x_wconf 87' lang='lat' dir='ltr'><strong>sustinens,</strong></span> <span class='ocrx_word' id='word_1_657' title='bbox 1142 1624 1261 1659; x_wconf 89' lang='lat' dir='ltr'><strong>primum</strong></span> <span class='ocrx_word' id='word_1_658' title='bbox 1282 1623 1397 1655; x_wconf 79' lang='lat' dir='ltr'><strong>faciens,</strong></span> <span class='ocrx_word' id='word_1_659' title='bbox 1415 1623 1512 1650; x_wconf 86' lang='lat' dir='ltr'><strong>deinde</strong></span> <span class='ocrx_word' id='word_1_660' title='bbox 1526 1622 1567 1649; x_wconf 88' lang='lat' dir='ltr'><strong>sic</strong></span> <span class='ocrx_word' id='word_1_661' title='bbox 1591 1622 1693 1649; x_wconf 85' lang='lat' dir='ltr'><strong>docens</strong></span> <span class='ocrx_word' id='word_1_662' title='bbox 1706 1622 1728 1637; x_wconf 79' lang='lat'><strong>&quot;</strong></span> <span class='ocrx_word' id='word_1_663' title='bbox 1747 1629 1755 1647; x_wconf 91' lang='lat'><strong>:</strong></span> 
     </span>
    </p>
   </div>
   <div class='ocr_carea' id='block_1_91' title="bbox 968 1669 1753 1707">
    <p class='ocr_par' dir='ltr' id='par_1_91' title="bbox 968 1669 1753 1707">
     <span class='ocr_line' id='line_1_91' title="bbox 968 1669 1753 1707; baseline -0.011 -6"><span class='ocrx_word' id='word_1_664' title='bbox 968 1673 1043 1701; x_wconf 90' lang='lat' dir='ltr'><strong>nihil&#39;</strong></span> <span class='ocrx_word' id='word_1_665' title='bbox 1063 1671 1274 1707; x_wconf 69' lang='lat' dir='ltr'><strong>praetermittens</strong></span> <span class='ocrx_word' id='word_1_666' title='bbox 1300 1677 1396 1697; x_wconf 87' lang='lat' dir='ltr'><strong>eorum</strong></span> <span class='ocrx_word' id='word_1_667' title='bbox 1426 1677 1487 1704; x_wconf 70' lang='lat' dir='ltr'><strong>quas</strong></span> <span class='ocrx_word' id='word_1_668' title='bbox 1519 1673 1584 1696; x_wconf 78' lang='lat' dir='ltr'><strong>sunt</strong></span> <span class='ocrx_word' id='word_1_669' title='bbox 1611 1669 1753 1703; x_wconf 74' lang='lat' dir='ltr'><strong>imperata,</strong></span> 
     </span>
    </p>
   </div>
   <div class='ocr_carea' id='block_1_92' title="bbox 967 1715 1754 1753">
    <p class='ocr_par' dir='ltr' id='par_1_92' title="bbox 967 1715 1754 1753">
     <span class='ocr_line' id='line_1_92' title="bbox 967 1715 1754 1753; baseline -0.008 -7"><span class='ocrx_word' id='word_1_670' title='bbox 967 1718 1092 1753; x_wconf 82' lang='lat' dir='ltr'><strong>exetnplo</strong></span> <span class='ocrx_word' id='word_1_671' title='bbox 1113 1721 1277 1744; x_wconf 86' lang='lat' dir='ltr'><strong>monstrare.</strong></span> <span class='ocrx_word' id='word_1_672' title='bbox 1303 1715 1370 1749; x_wconf 57' lang='lat' dir='ltr'><strong>Qum</strong></span> <span class='ocrx_word' id='word_1_673' title='bbox 1395 1716 1503 1743; x_wconf 84' lang='lat' dir='ltr'><strong>subdita</strong></span> <span class='ocrx_word' id='word_1_674' title='bbox 1521 1720 1572 1747; x_wconf 88' lang='lat' dir='ltr'><strong>cst,</strong></span> <span class='ocrx_word' id='word_1_675' title='bbox 1595 1715 1632 1742; x_wconf 83' lang='lat' dir='ltr'><strong>ita</strong></span> <span class='ocrx_word' id='word_1_676' title='bbox 1650 1715 1754 1741; x_wconf 84' lang='lat' dir='ltr'><strong>obtem-</strong></span> 
     </span>
    </p>
   </div>
   <div class='ocr_carea' id='block_1_93' title="bbox 968 1761 1753 1802">
    <p class='ocr_par' dir='ltr' id='par_1_93' title="bbox 968 1761 1753 1802">
     <span class='ocr_line' id='line_1_93' title="bbox 968 1761 1753 1802; baseline -0.005 -9"><span class='ocrx_word' id='word_1_677' title='bbox 968 1773 1064 1802; x_wconf 88' lang='lat' dir='ltr'><strong>perare</strong></span> <span class='ocrx_word' id='word_1_678' title='bbox 1078 1772 1111 1792; x_wconf 89' lang='lat' dir='ltr'><strong>ac</strong></span> <span class='ocrx_word' id='word_1_679' title='bbox 1127 1771 1223 1799; x_wconf 85' lang='lat' dir='ltr'><strong>parere</strong></span> <span class='ocrx_word' id='word_1_680' title='bbox 1238 1767 1411 1795; x_wconf 84' lang='lat' dir='ltr'><strong>consuescat,</strong></span> <span class='ocrx_word' id='word_1_681' title='bbox 1433 1768 1563 1797; x_wconf 83' lang='lat' dir='ltr'><strong>tanquam</strong></span> <span class='ocrx_word' id='word_1_682' title='bbox 1578 1761 1687 1789; x_wconf 86' lang='lat' dir='ltr'><strong>Christo</strong></span> <span class='ocrx_word' id='word_1_683' title='bbox 1702 1761 1753 1795; x_wconf 85' lang='lat' dir='ltr'><strong>ipsi</strong></span> 
     </span>
    </p>
   </div>
   <div class='ocr_carea' id='block_1_94' title="bbox 969 1806 1754 1846">
    <p class='ocr_par' dir='ltr' id='par_1_94' title="bbox 969 1806 1754 1846">
     <span class='ocr_line' id='line_1_94' title="bbox 969 1806 1754 1846; baseline -0.008 -7"><span class='ocrx_word' id='word_1_684' title='bbox 969 1819 1072 1839; x_wconf 89' lang='lat' dir='ltr'><strong>morem</strong></span> <span class='ocrx_word' id='word_1_685' title='bbox 1088 1815 1173 1846; x_wconf 78' lang='lat' dir='ltr'><strong>gerat.</strong></span> <span class='ocrx_word' id='word_1_686' title='bbox 1184 1809 1250 1837; x_wconf 78' lang='lat' dir='ltr'><strong>Nam</strong></span> <span class='ocrx_word' id='word_1_687' title='bbox 1262 1809 1320 1836; x_wconf 54' lang='lat' dir='ltr'><strong>haec</strong></span> <span class='ocrx_word' id='word_1_688' title='bbox 1334 1809 1378 1836; x_wconf 93' lang='lat' dir='ltr'><strong>ubi</strong></span> <span class='ocrx_word' id='word_1_689' title='bbox 1398 1809 1534 1840; x_wconf 76' lang='lat' dir='ltr'><strong>aii‘uerint,</strong></span> <span class='ocrx_word' id='word_1_690' title='bbox 1547 1808 1583 1835; x_wconf 86' lang='lat' dir='ltr'><strong>ibi</strong></span> <span class='ocrx_word' id='word_1_691' title='bbox 1593 1808 1682 1835; x_wconf 82' lang='lat' dir='ltr'><strong>omnis</strong></span> <span class='ocrx_word' id='word_1_692' title='bbox 1691 1806 1754 1834; x_wconf 87' lang='lat' dir='ltr'><strong>boni</strong></span> 
     </span>
    </p>
   </div>
   <div class='ocr_carea' id='block_1_95' title="bbox 968 1853 1756 1894">
    <p class='ocr_par' dir='ltr' id='par_1_95' title="bbox 968 1853 1756 1894">
     <span class='ocr_line' id='line_1_95' title="bbox 968 1853 1756 1894; baseline -0.008 -9"><span class='ocrx_word' id='word_1_693' title='bbox 968 1859 1059 1894; x_wconf 84' lang='lat' dir='ltr'><strong>operis</strong></span> <span class='ocrx_word' id='word_1_694' title='bbox 1083 1857 1210 1884; x_wconf 77' lang='lat' dir='ltr'><strong>fructus:</strong></span> <span class='ocrx_word' id='word_1_695' title='bbox 1237 1856 1284 1884; x_wconf 90' lang='lat' dir='ltr'><strong>ubi</strong></span> <span class='ocrx_word' id='word_1_696' title='bbox 1302 1864 1356 1883; x_wconf 89' lang='lat' dir='ltr'><strong>non</strong></span> <span class='ocrx_word' id='word_1_697' title='bbox 1385 1856 1476 1883; x_wconf 77' lang='lat' dir='ltr'><strong>adsint</strong></span> <span class='ocrx_word' id='word_1_698' title='bbox 1500 1855 1555 1886; x_wconf 85' lang='lat' dir='ltr'><strong>illa,</strong></span> <span class='ocrx_word' id='word_1_699' title='bbox 1576 1854 1613 1881; x_wconf 86' lang='lat' dir='ltr'><strong>ibi</strong></span> <span class='ocrx_word' id='word_1_700' title='bbox 1643 1853 1756 1881; x_wconf 85' lang='lat' dir='ltr'><strong>omnino</strong></span> 
     </span>
    </p>
   </div>
   <div class='ocr_carea' id='block_1_96' title="bbox 968 1901 1757 1936">
    <p class='ocr_par' dir='ltr' id='par_1_96' title="bbox 968 1901 1757 1936">
     <span class='ocr_line' id='line_1_96' title="bbox 968 1901 1757 1936; baseline -0.009 -4"><span class='ocrx_word' id='word_1_701' title='bbox 968 1904 1120 1936; x_wconf 84' lang='lat' dir='ltr'><strong>contraria,</strong></span> <span class='ocrx_word' id='word_1_702' title='bbox 1149 1903 1351 1934; x_wconf 76' lang='lat' dir='ltr'><strong>conventicula.</strong></span> <span class='ocrx_word' id='word_1_703' title='bbox 1376 1901 1578 1933; x_wconf 87' lang='lat' dir='ltr'><strong>contentiones,</strong></span> <span class='ocrx_word' id='word_1_704' title='bbox 1602 1906 1757 1927; x_wconf 86' lang='lat' dir='ltr'><strong>murmura-</strong></span> 
     </span>
    </p>
   </div>
   <div class='ocr_carea' id='block_1_97' title="bbox 969 1945 1756 1986">
    <p class='ocr_par' dir='ltr' id='par_1_97' title="bbox 969 1945 1756 1986">
     <span class='ocr_line' id='line_1_97' title="bbox 969 1945 1756 1986; baseline -0.008 -7"><span class='ocrx_word' id='word_1_705' title='bbox 969 1952 1069 1984; x_wconf 86' lang='lat' dir='ltr'><strong>tiones,</strong></span> <span class='ocrx_word' id='word_1_706' title='bbox 1085 1951 1189 1986; x_wconf 87' lang='lat' dir='ltr'><strong>privata</strong></span> <span class='ocrx_word' id='word_1_707' title='bbox 1205 1950 1323 1985; x_wconf 85' lang='lat' dir='ltr'><strong>peculia,</strong></span> <span class='ocrx_word' id='word_1_708' title='bbox 1347 1953 1440 1976; x_wconf 88' lang='lat' dir='ltr'><strong>tumor</strong></span> <span class='ocrx_word' id='word_1_709' title='bbox 1457 1947 1542 1975; x_wconf 88' lang='lat' dir='ltr'><strong>animi</strong></span> <span class='ocrx_word' id='word_1_710' title='bbox 1556 1956 1563 1980; x_wconf 84' lang='lat'><strong>;</strong></span> <span class='ocrx_word' id='word_1_711' title='bbox 1581 1947 1672 1974; x_wconf 85' lang='lat' dir='ltr'><strong>vitiosi</strong></span> <span class='ocrx_word' id='word_1_712' title='bbox 1689 1945 1756 1973; x_wconf 72' lang='grc' dir='ltr'>σπε-</span> 
     </span>
    </p>
   </div>
   <div class='ocr_carea' id='block_1_98' title="bbox 969 1995 1756 2032">
    <p class='ocr_par' dir='ltr' id='par_1_98' title="bbox 969 1995 1756 2032">
     <span class='ocr_line' id='line_1_98' title="bbox 969 1995 1756 2032; baseline -0.008 -8"><span class='ocrx_word' id='word_1_713' title='bbox 969 2001 1029 2025; x_wconf 86' lang='lat' dir='ltr'><strong>ctus</strong></span> <span class='ocrx_word' id='word_1_714' title='bbox 1052 2003 1108 2023; x_wconf 91' lang='lat' dir='ltr'><strong>tum</strong></span> <span class='ocrx_word' id='word_1_715' title='bbox 1136 2004 1200 2032; x_wconf 77' lang='lat' dir='ltr'><strong>erga</strong></span> <span class='ocrx_word' id='word_1_716' title='bbox 1227 2003 1256 2023; x_wconf 87' lang='lat' dir='ltr'><strong>se</strong></span> <span class='ocrx_word' id='word_1_717' title='bbox 1284 1995 1411 2025; x_wconf 82' lang='lat' dir='ltr'><strong>invicem,</strong></span> <span class='ocrx_word' id='word_1_718' title='bbox 1426 1999 1483 2021; x_wconf 88' lang='lat' dir='ltr'><strong>tum</strong></span> <span class='ocrx_word' id='word_1_719' title='bbox 1508 2001 1571 2028; x_wconf 81' lang='lat' dir='ltr'><strong>erga</strong></span> <span class='ocrx_word' id='word_1_720' title='bbox 1600 1997 1756 2024; x_wconf 84' lang='lat' dir='ltr'><strong>extraneos,</strong></span> 
     </span>
    </p>
   </div>
   <div class='ocr_carea' id='block_1_99' title="bbox 970 2038 1757 2078">
    <p class='ocr_par' dir='ltr' id='par_1_99' title="bbox 970 2038 1757 2078">
     <span class='ocr_line' id='line_1_99' title="bbox 970 2038 1757 2078; baseline -0.009 -8"><span class='ocrx_word' id='word_1_721' title='bbox 970 2044 1027 2071; x_wconf 84' lang='lat' dir='ltr'><strong>sive</strong></span> <span class='ocrx_word' id='word_1_722' title='bbox 1039 2042 1073 2069; x_wconf 92' lang='lat' dir='ltr'><strong>ob</strong></span> <span class='ocrx_word' id='word_1_723' title='bbox 1082 2042 1283 2078; x_wconf 79' lang='lat' dir='ltr'><strong>cognationem,</strong></span> <span class='ocrx_word' id='word_1_724' title='bbox 1296 2041 1354 2068; x_wconf 85' lang='lat' dir='ltr'><strong>sive</strong></span> <span class='ocrx_word' id='word_1_725' title='bbox 1378 2041 1413 2067; x_wconf 85' lang='lat' dir='ltr'><strong>ob</strong></span> <span class='ocrx_word' id='word_1_726' title='bbox 1426 2040 1505 2066; x_wconf 84' lang='lat' dir='ltr'><strong>aliam</strong></span> <span class='ocrx_word' id='word_1_727' title='bbox 1516 2038 1757 2066; x_wconf 82' lang='lat' dir='ltr'><strong>necessitudinem,</strong></span> 
     </span>
    </p>
   </div>
   <div class='ocr_carea' id='block_1_100' title="bbox 1005 2086 1758 2125">
    <p class='ocr_par' dir='ltr' id='par_1_100' title="bbox 1005 2086 1758 2125">
     <span class='ocr_line' id='line_1_100' title="bbox 1005 2086 1758 2125; baseline -0.008 -9"><span class='ocrx_word' id='word_1_728' title='bbox 1005 2088 1102 2117; x_wconf 83' lang='lat' dir='ltr'><strong>Paucis</strong></span> <span class='ocrx_word' id='word_1_729' title='bbox 1119 2089 1212 2123; x_wconf 81' lang='lat' dir='ltr'><strong>itaque</strong></span> <span class='ocrx_word' id='word_1_730' title='bbox 1225 2086 1428 2125; x_wconf 58' lang='lat' dir='ltr'><strong>verbishaacﬁe</strong></span> <span class='ocrx_word' id='word_1_731' title='bbox 1443 2087 1496 2114; x_wconf 90' lang='lat' dir='ltr'><strong>isto</strong></span> <span class='ocrx_word' id='word_1_732' title='bbox 1508 2088 1669 2120; x_wconf 76' lang='lat' dir='ltr'><strong>argumento</strong></span> <span class='ocrx_word' id='word_1_733' title='bbox 1683 2091 1758 2111; x_wconf 90' lang='lat' dir='ltr'><strong>com-</strong></span> 
     </span>
    </p>
   </div>
   <div class='ocr_carea' id='block_1_101' title="bbox 970 2129 1758 2170">
    <p class='ocr_par' dir='ltr' id='par_1_101' title="bbox 970 2129 1758 2170">
     <span class='ocr_line' id='line_1_101' title="bbox 970 2129 1758 2170; baseline -0.009 -7"><span class='ocrx_word' id='word_1_734' title='bbox 970 2135 1084 2163; x_wconf 86' lang='lat' dir='ltr'><strong>monitio</strong></span> <span class='ocrx_word' id='word_1_735' title='bbox 1099 2135 1139 2162; x_wconf 83' lang='lat' dir='ltr'><strong>ﬁt.</strong></span> <span class='ocrx_word' id='word_1_736' title='bbox 1156 2135 1212 2170; x_wconf 78' lang='lat' dir='ltr'><strong>Ego</strong></span> <span class='ocrx_word' id='word_1_737' title='bbox 1235 2133 1346 2161; x_wconf 89' lang='lat' dir='ltr'><strong>humilis</strong></span> <span class='ocrx_word' id='word_1_738' title='bbox 1367 2133 1493 2164; x_wconf 80' lang='lat' dir='ltr'><strong>obsecro,</strong></span> <span class='ocrx_word' id='word_1_739' title='bbox 1508 2135 1538 2158; x_wconf 90' lang='lat' dir='ltr'><strong>ut</strong></span> <span class='ocrx_word' id='word_1_740' title='bbox 1555 2138 1618 2158; x_wconf 88' lang='lat' dir='ltr'><strong>cum</strong></span> <span class='ocrx_word' id='word_1_741' title='bbox 1635 2129 1758 2156; x_wconf 87' lang='lat' dir='ltr'><strong>moribus</strong></span> 
     </span>
    </p>
   </div>
   <div class='ocr_carea' id='block_1_102' title="bbox 970 2174 1759 2211">
    <p class='ocr_par' dir='ltr' id='par_1_102' title="bbox 970 2174 1759 2211">
     <span class='ocr_line' id='line_1_102' title="bbox 970 2174 1759 2211; baseline -0.011 -2"><span class='ocrx_word' id='word_1_742' title='bbox 970 2182 1104 2210; x_wconf 87' lang='lat' dir='ltr'><strong>illibatam</strong></span> <span class='ocrx_word' id='word_1_743' title='bbox 1126 2180 1208 2208; x_wconf 82' lang='lat' dir='ltr'><strong>ﬁdem</strong></span> <span class='ocrx_word' id='word_1_744' title='bbox 1237 2178 1379 2211; x_wconf 89' lang='lat' dir='ltr'><strong>tueamini,</strong></span> <span class='ocrx_word' id='word_1_745' title='bbox 1403 2178 1480 2204; x_wconf 91' lang='lat' dir='ltr'><strong>nullo</strong></span> <span class='ocrx_word' id='word_1_746' title='bbox 1498 2176 1580 2203; x_wconf 90' lang='lat' dir='ltr'><strong>modo</strong></span> <span class='ocrx_word' id='word_1_747' title='bbox 1604 2174 1759 2203; x_wconf 84' lang='lat' dir='ltr'><strong>connnuni-</strong></span> 
     </span>
    </p>
   </div>
   <div class='ocr_carea' id='block_1_103' title="bbox 970 2219 1759 2258">
    <p class='ocr_par' dir='ltr' id='par_1_103' title="bbox 970 2219 1759 2258">
     <span class='ocr_line' id='line_1_103' title="bbox 970 2219 1759 2258; baseline -0.011 -2"><span class='ocrx_word' id='word_1_748' title='bbox 970 2233 1065 2256; x_wconf 86' lang='lat' dir='ltr'><strong>cantes</strong></span> <span class='ocrx_word' id='word_1_749' title='bbox 1085 2225 1358 2255; x_wconf 84' lang='lat' dir='ltr'><strong>Christomacltorum</strong></span> <span class='ocrx_word' id='word_1_750' title='bbox 1382 2223 1490 2256; x_wconf 64' lang='lat' dir='ltr'><strong>hmresi,</strong></span> <span class='ocrx_word' id='word_1_751' title='bbox 1513 2230 1574 2258; x_wconf 68' lang='lat' dir='ltr'><strong>qua:</strong></span> <span class='ocrx_word' id='word_1_752' title='bbox 1594 2221 1662 2249; x_wconf 86' lang='lat' dir='ltr'><strong>nihil</strong></span> <span class='ocrx_word' id='word_1_753' title='bbox 1677 2229 1692 2248; x_wconf 83' lang='lat' dir='ltr'><strong>a</strong></span> <span class='ocrx_word' id='word_1_754' title='bbox 1711 2219 1759 2247; x_wconf 83' lang='lat' dir='ltr'><strong>Ju-</strong></span> 
     </span>
    </p>
   </div>
   <div class='ocr_carea' id='block_1_104' title="bbox 972 2269 1756 2307">
    <p class='ocr_par' dir='ltr' id='par_1_104' title="bbox 972 2269 1756 2307">
     <span class='ocr_line' id='line_1_104' title="bbox 972 2269 1756 2307; baseline -0.011 -4"><span class='ocrx_word' id='word_1_755' title='bbox 972 2274 1078 2303; x_wconf 90' lang='lat' dir='ltr'><strong>daismo</strong></span> <span class='ocrx_word' id='word_1_756' title='bbox 1086 2273 1233 2307; x_wconf 89' lang='lat' dir='ltr'><strong>discrepat,</strong></span> <span class='ocrx_word' id='word_1_757' title='bbox 1249 2271 1396 2299; x_wconf 85' lang='lat' dir='ltr'><strong>salutarem</strong></span> <span class='ocrx_word' id='word_1_758' title='bbox 1407 2269 1508 2297; x_wconf 80' lang='lat' dir='ltr'><strong>Christi</strong></span> <span class='ocrx_word' id='word_1_759' title='bbox 1522 2269 1756 2303; x_wconf 76' lang='lat' dir='ltr'><strong>tlispenSntionem</strong></span> 
     </span>
    </p>
   </div>
   <div class='ocr_carea' id='block_1_105' title="bbox 972 2313 1758 2356">
    <p class='ocr_par' dir='ltr' id='par_1_105' title="bbox 972 2313 1758 2356">
     <span class='ocr_line' id='line_1_105' title="bbox 972 2313 1758 2356; baseline -0.011 -7"><span class='ocrx_word' id='word_1_760' title='bbox 972 2329 1085 2356; x_wconf 82' lang='lat' dir='ltr'><strong>negans,</strong></span> <span class='ocrx_word' id='word_1_761' title='bbox 1102 2318 1218 2348; x_wconf 88' lang='lat' dir='ltr'><strong>sublatis</strong></span> <span class='ocrx_word' id='word_1_762' title='bbox 1232 2325 1248 2346; x_wconf 80' lang='grc' dir='ltr'>θ</span> <span class='ocrx_word' id='word_1_763' title='bbox 1262 2317 1352 2346; x_wconf 85' lang='lat' dir='ltr'><strong>medio</strong></span> <span class='ocrx_word' id='word_1_764' title='bbox 1366 2317 1529 2344; x_wconf 82' lang='lat' dir='ltr'><strong>venerandis</strong></span> <span class='ocrx_word' id='word_1_765' title='bbox 1541 2315 1627 2349; x_wconf 87' lang='lat' dir='ltr'><strong>ipsius</strong></span> <span class='ocrx_word' id='word_1_766' title='bbox 1643 2313 1758 2346; x_wconf 81' lang='lat' dir='ltr'><strong>Christi,</strong></span> 
     </span>
    </p>
   </div>
   <div class='ocr_carea' id='block_1_106' title="bbox 973 2360 1758 2402">
    <p class='ocr_par' dir='ltr' id='par_1_106' title="bbox 973 2360 1758 2402">
     <span class='ocr_line' id='line_1_106' title="bbox 973 2360 1758 2402; baseline -0.011 -6"><span class='ocrx_word' id='word_1_767' title='bbox 973 2373 1030 2396; x_wconf 90' lang='lat' dir='ltr'><strong>tum</strong></span> <span class='ocrx_word' id='word_1_768' title='bbox 1047 2367 1179 2402; x_wconf 74' lang='lat' dir='ltr'><strong>Deipam,</strong></span> <span class='ocrx_word' id='word_1_769' title='bbox 1192 2365 1372 2399; x_wconf 83' lang='lat' dir='ltr'><strong>omniumque</strong></span> <span class='ocrx_word' id='word_1_770' title='bbox 1392 2367 1550 2390; x_wconf 87' lang='lat' dir='ltr'><strong>sanctorum</strong></span> <span class='ocrx_word' id='word_1_771' title='bbox 1567 2360 1732 2395; x_wconf 78' lang='lat' dir='ltr'><strong>imaginibus</strong></span> <span class='ocrx_word' id='word_1_772' title='bbox 1750 2369 1758 2387; x_wconf 87' lang='lat'><strong>:</strong></span> 
     </span>
    </p>
   </div>
   <div class='ocr_carea' id='block_1_107' title="bbox 972 2409 1759 2450">
    <p class='ocr_par' dir='ltr' id='par_1_107' title="bbox 972 2409 1759 2450">
     <span class='ocr_line' id='line_1_107' title="bbox 972 2409 1759 2450; baseline -0.013 -8"><span class='ocrx_word' id='word_1_773' title='bbox 972 2412 1194 2450; x_wconf 89' lang='lat' dir='ltr'><strong>quandoquidem</strong></span> <span class='ocrx_word' id='word_1_774' title='bbox 1226 2411 1316 2445; x_wconf 80' lang='lat' dir='ltr'><strong>imago</strong></span> <span class='ocrx_word' id='word_1_775' title='bbox 1346 2409 1418 2436; x_wconf 81' lang='lat' dir='ltr'><strong>idem</strong></span> <span class='ocrx_word' id='word_1_776' title='bbox 1444 2412 1486 2436; x_wconf 83' lang='lat' dir='ltr'><strong>est</strong></span> <span class='ocrx_word' id='word_1_777' title='bbox 1511 2415 1573 2434; x_wconf 89' lang='lat' dir='ltr'><strong>cum</strong></span> <span class='ocrx_word' id='word_1_778' title='bbox 1604 2411 1759 2442; x_wconf 86' lang='lat' dir='ltr'><strong>prototypo,</strong></span> 
     </span>
    </p>
   </div>
   <div class='ocr_carea' id='block_1_108' title="bbox 975 2453 1762 2488">
    <p class='ocr_par' dir='ltr' id='par_1_108' title="bbox 975 2453 1762 2488">
     <span class='ocr_line' id='line_1_108' title="bbox 975 2453 1762 2488; baseline -0.011 0"><span class='ocrx_word' id='word_1_779' title='bbox 975 2462 1078 2488; x_wconf 90' lang='lat' dir='ltr'><strong>honore</strong></span> <span class='ocrx_word' id='word_1_780' title='bbox 1105 2462 1133 2486; x_wconf 88' lang='lat' dir='ltr'><strong>et</strong></span> <span class='ocrx_word' id='word_1_781' title='bbox 1159 2457 1336 2485; x_wconf 87' lang='lat' dir='ltr'><strong>adoratione:</strong></span> <span class='ocrx_word' id='word_1_782' title='bbox 1352 2455 1421 2482; x_wconf 92' lang='lat' dir='ltr'><strong>utin</strong></span> <span class='ocrx_word' id='word_1_783' title='bbox 1443 2454 1549 2481; x_wconf 84' lang='lat' dir='ltr'><strong>viviﬁca</strong></span> <span class='ocrx_word' id='word_1_784' title='bbox 1579 2453 1665 2488; x_wconf 88' lang='lat' dir='ltr'><strong>ipsius</strong></span> <span class='ocrx_word' id='word_1_785' title='bbox 1679 2460 1762 2480; x_wconf 87' lang='lat' dir='ltr'><strong>cruce</strong></span> 
     </span>
    </p>
   </div>
   <div class='ocr_carea' id='block_1_109' title="bbox 971 2498 1761 2540">
    <p class='ocr_par' dir='ltr' id='par_1_109' title="bbox 971 2498 1761 2540">
     <span class='ocr_line' id='line_1_109' title="bbox 971 2498 1761 2540; baseline -0.011 -6"><span class='ocrx_word' id='word_1_786' title='bbox 971 2505 1116 2540; x_wconf 83' lang='lat' dir='ltr'><strong>contingit,</strong></span> <span class='ocrx_word' id='word_1_787' title='bbox 1132 2508 1160 2531; x_wconf 88' lang='lat' dir='ltr'><strong>et</strong></span> <span class='ocrx_word' id='word_1_788' title='bbox 1177 2504 1203 2531; x_wconf 91' lang='lat' dir='ltr'><strong>in</strong></span> <span class='ocrx_word' id='word_1_789' title='bbox 1220 2502 1342 2537; x_wconf 84' lang='lat' dir='ltr'><strong>ejusdem</strong></span> <span class='ocrx_word' id='word_1_790' title='bbox 1355 2500 1453 2536; x_wconf 76' lang='lat' dir='ltr'><strong>elligie.</strong></span> <span class='ocrx_word' id='word_1_791' title='bbox 1470 2499 1559 2527; x_wconf 85' lang='lat' dir='ltr'><strong>Nolite</strong></span> <span class='ocrx_word' id='word_1_792' title='bbox 1582 2500 1663 2534; x_wconf 79' lang='lat' dir='ltr'><strong>igitur</strong></span> <span class='ocrx_word' id='word_1_793' title='bbox 1680 2498 1761 2526; x_wconf 89' lang='lat' dir='ltr'><strong>Chri-</strong></span> 
     </span>
    </p>
   </div>
   <div class='ocr_carea' id='block_1_110' title="bbox 973 2546 1759 2586">
    <p class='ocr_par' dir='ltr' id='par_1_110' title="bbox 973 2546 1759 2586">
     <span class='ocr_line' id='line_1_110' title="bbox 973 2546 1759 2586; baseline -0.011 -5"><span class='ocrx_word' id='word_1_794' title='bbox 973 2558 1046 2580; x_wconf 89' lang='lat' dir='ltr'><strong>stum</strong></span> <span class='ocrx_word' id='word_1_795' title='bbox 1063 2558 1174 2586; x_wconf 81' lang='lat' dir='ltr'><strong>negare,</strong></span> <span class='ocrx_word' id='word_1_796' title='bbox 1189 2549 1236 2585; x_wconf 88' lang='lat' dir='ltr'><strong>qui</strong></span> <span class='ocrx_word' id='word_1_797' title='bbox 1263 2556 1343 2577; x_wconf 88' lang='lat' dir='ltr'><strong>sacro</strong></span> <span class='ocrx_word' id='word_1_798' title='bbox 1360 2547 1455 2575; x_wconf 84' lang='lat' dir='ltr'><strong>habitu</strong></span> <span class='ocrx_word' id='word_1_799' title='bbox 1467 2547 1607 2574; x_wconf 83' lang='lat' dir='ltr'><strong>Christum</strong></span> <span class='ocrx_word' id='word_1_800' title='bbox 1624 2546 1738 2580; x_wconf 84' lang='lat' dir='ltr'><strong>gestatis</strong></span> <span class='ocrx_word' id='word_1_801' title='bbox 1753 2555 1759 2572; x_wconf 95' lang='lat'>:</span> 
     </span>
    </p>
   </div>
   <div class='ocr_carea' id='block_1_111' title="bbox 974 2591 1764 2629">
    <p class='ocr_par' dir='ltr' id='par_1_111' title="bbox 974 2591 1764 2629">
     <span class='ocr_line' id='line_1_111' title="bbox 974 2591 1764 2629; baseline -0.011 -3"><span class='ocrx_word' id='word_1_802' title='bbox 974 2606 1025 2626; x_wconf 85' lang='lat' dir='ltr'><strong>nec</strong></span> <span class='ocrx_word' id='word_1_803' title='bbox 1046 2602 1184 2626; x_wconf 89' lang='lat' dir='ltr'><strong>tantorum</strong></span> <span class='ocrx_word' id='word_1_804' title='bbox 1208 2595 1344 2628; x_wconf 87' lang='lat' dir='ltr'><strong>laborum,</strong></span> <span class='ocrx_word' id='word_1_805' title='bbox 1361 2601 1429 2629; x_wconf 90' lang='lat' dir='ltr'><strong>quos</strong></span> <span class='ocrx_word' id='word_1_806' title='bbox 1449 2597 1588 2620; x_wconf 87' lang='lat' dir='ltr'><strong>transacto</strong></span> <span class='ocrx_word' id='word_1_807' title='bbox 1604 2593 1633 2619; x_wconf 90' lang='lat' dir='ltr'><strong>in</strong></span> <span class='ocrx_word' id='word_1_808' title='bbox 1649 2591 1764 2625; x_wconf 74' lang='lat' dir='ltr'><strong>virgini-</strong></span> 
     </span>
    </p>
   </div>
   <div class='ocr_carea' id='block_1_112' title="bbox 975 2638 1764 2675">
    <p class='ocr_par' dir='ltr' id='par_1_112' title="bbox 975 2638 1764 2675">
     <span class='ocr_line' id='line_1_112' title="bbox 975 2638 1764 2675; baseline -0.01 -3"><span class='ocrx_word' id='word_1_809' title='bbox 975 2649 1031 2672; x_wconf 89' lang='lat' dir='ltr'><strong>tate</strong></span> <span class='ocrx_word' id='word_1_810' title='bbox 1058 2651 1117 2671; x_wconf 70' lang='grc' dir='ltr'>ιενο</span> <span class='ocrx_word' id='word_1_811' title='bbox 1146 2643 1218 2670; x_wconf 88' lang='lat' dir='ltr'><strong>intra</strong></span> <span class='ocrx_word' id='word_1_812' title='bbox 1242 2642 1361 2669; x_wconf 86' lang='lat' dir='ltr'><strong>claustra</strong></span> <span class='ocrx_word' id='word_1_813' title='bbox 1394 2639 1531 2675; x_wconf 81' lang='lat' dir='ltr'><strong>perfertis,</strong></span> <span class='ocrx_word' id='word_1_814' title='bbox 1545 2638 1608 2666; x_wconf 90' lang='lat' dir='ltr'><strong>inde</strong></span> <span class='ocrx_word' id='word_1_815' title='bbox 1626 2638 1764 2673; x_wconf 81' lang='lat' dir='ltr'><strong>jacturam</strong></span> 
     </span>
    </p>
   </div>
   <div class='ocr_carea' id='block_1_113' title="bbox 975 2684 1764 2721">
    <p class='ocr_par' dir='ltr' id='par_1_113' title="bbox 975 2684 1764 2721">
     <span class='ocr_line' id='line_1_113' title="bbox 975 2684 1764 2721; baseline -0.008 -4"><span class='ocrx_word' id='word_1_816' title='bbox 975 2690 1066 2721; x_wconf 68' lang='lat' dir='ltr'><strong>facile,</strong></span> <span class='ocrx_word' id='word_1_817' title='bbox 1085 2690 1113 2716; x_wconf 92' lang='lat' dir='ltr'><strong>in</strong></span> <span class='ocrx_word' id='word_1_818' title='bbox 1133 2688 1354 2716; x_wconf 89' lang='lat' dir='ltr'><strong>adversariorum</strong></span> <span class='ocrx_word' id='word_1_819' title='bbox 1382 2691 1482 2719; x_wconf 81' lang='lat' dir='ltr'><strong>castra,</strong></span> <span class='ocrx_word' id='word_1_820' title='bbox 1511 2685 1585 2721; x_wconf 89' lang='lat' dir='ltr'><strong>quod</strong></span> <span class='ocrx_word' id='word_1_821' title='bbox 1603 2684 1646 2713; x_wconf 85' lang='lat' dir='ltr'><strong>vel</strong></span> <span class='ocrx_word' id='word_1_822' title='bbox 1673 2684 1764 2711; x_wconf 88' lang='lat' dir='ltr'><strong>dicere</strong></span> 
     </span>
    </p>
   </div>
   <div class='ocr_carea' id='block_1_114' title="bbox 975 2730 1764 2771">
    <p class='ocr_par' dir='ltr' id='par_1_114' title="bbox 975 2730 1764 2771">
     <span class='ocr_line' id='line_1_114' title="bbox 975 2730 1764 2771; baseline -0.008 -8"><span class='ocrx_word' id='word_1_823' title='bbox 975 2737 1018 2764; x_wconf 91' lang='lat' dir='ltr'><strong>vel</strong></span> <span class='ocrx_word' id='word_1_824' title='bbox 1042 2736 1162 2771; x_wconf 75' lang='lat' dir='ltr'><strong>cogitare</strong></span> <span class='ocrx_word' id='word_1_825' title='bbox 1191 2733 1267 2762; x_wconf 77' lang='lat' dir='ltr'><strong>nefas</strong></span> <span class='ocrx_word' id='word_1_826' title='bbox 1289 2738 1341 2767; x_wconf 88' lang='lat' dir='ltr'><strong>est,</strong></span> <span class='ocrx_word' id='word_1_827' title='bbox 1360 2733 1583 2761; x_wconf 85' lang='lat' dir='ltr'><strong>transvolantes:</strong></span> <span class='ocrx_word' id='word_1_828' title='bbox 1608 2731 1655 2759; x_wconf 88' lang='lat' dir='ltr'><strong>sed</strong></span> <span class='ocrx_word' id='word_1_829' title='bbox 1681 2730 1764 2765; x_wconf 87' lang='lat' dir='ltr'><strong>probe</strong></span> 
     </span>
    </p>
   </div>
   <div class='ocr_carea' id='block_1_115' title="bbox 976 2779 1762 2820">
    <p class='ocr_par' dir='ltr' id='par_1_115' title="bbox 976 2779 1762 2820">
     <span class='ocr_line' id='line_1_115' title="bbox 976 2779 1762 2820; baseline -0.01 -8"><span class='ocrx_word' id='word_1_830' title='bbox 976 2783 1166 2820; x_wconf 75' lang='lat' dir='ltr'><strong>intelligentes,</strong></span> <span class='ocrx_word' id='word_1_831' title='bbox 1181 2789 1232 2810; x_wconf 86' lang='lat' dir='ltr'><strong>nec</strong></span> <span class='ocrx_word' id='word_1_832' title='bbox 1241 2789 1331 2809; x_wconf 83' lang='lat' dir='ltr'><strong>mores</strong></span> <span class='ocrx_word' id='word_1_833' title='bbox 1345 2782 1405 2808; x_wconf 84' lang='lat' dir='ltr'><strong>sine</strong></span> <span class='ocrx_word' id='word_1_834' title='bbox 1417 2785 1489 2808; x_wconf 86' lang='lat' dir='ltr'><strong>recta</strong></span> <span class='ocrx_word' id='word_1_835' title='bbox 1503 2779 1566 2811; x_wconf 86' lang='lat' dir='ltr'><strong>ﬁde,</strong></span> <span class='ocrx_word' id='word_1_836' title='bbox 1592 2786 1641 2806; x_wconf 85' lang='lat' dir='ltr'><strong>nec</strong></span> <span class='ocrx_word' id='word_1_837' title='bbox 1653 2785 1762 2805; x_wconf 89' lang='lat' dir='ltr'><strong>rursum</strong></span> 
     </span>
    </p>
   </div>
   <div class='ocr_carea' id='block_1_116' title="bbox 976 2825 1760 2863">
    <p class='ocr_par' dir='ltr' id='par_1_116' title="bbox 976 2825 1760 2863">
     <span class='ocr_line' id='line_1_116' title="bbox 976 2825 1760 2863; baseline -0.008 -5"><span class='ocrx_word' id='word_1_838' title='bbox 976 2830 1056 2858; x_wconf 82' lang='lat' dir='ltr'><strong>[idem</strong></span> <span class='ocrx_word' id='word_1_839' title='bbox 1073 2829 1132 2857; x_wconf 85' lang='lat' dir='ltr'><strong>sine</strong></span> <span class='ocrx_word' id='word_1_840' title='bbox 1155 2827 1256 2856; x_wconf 88' lang='lat' dir='ltr'><strong>divinis</strong></span> <span class='ocrx_word' id='word_1_841' title='bbox 1271 2826 1410 2863; x_wconf 85' lang='lat' dir='ltr'><strong>operibus,</strong></span> <span class='ocrx_word' id='word_1_842' title='bbox 1432 2826 1528 2855; x_wconf 81' lang='lat' dir='ltr'><strong>cﬂ‘crrc</strong></span> <span class='ocrx_word' id='word_1_843' title='bbox 1539 2825 1655 2854; x_wconf 82' lang='lat' dir='ltr'><strong>salutem</strong></span> <span class='ocrx_word' id='word_1_844' title='bbox 1672 2831 1760 2860; x_wconf 71' lang='lat' dir='ltr'><strong>posse.</strong></span> 
     </span>
    </p>
   </div>
  </div>
