1923 3078
159 157 228 190 1247

749 155 780 186 S.
800 154 1000 185 THEODORI
1020 153 1195 184 STUDITE

1720 150 1791 183 1248

155 218 273 249 utraque
284 213 348 241 dote
363 211 488 248 fulgeatis
507 211 541 239 ad
561 211 677 246 gloriam
690 210 750 242 Dei,
764 210 798 238 ad
812 210 943 237 Ecclesiae

1010 209 1167 244 gnaapévat
1191 208 1233 240 είς
1254 207 1336 240 δόξαν
1355 207 1436 242 Θεοῦ,
1453 207 1494 240 είς
1510 206 1589 239 κλέος
1602 206 1654 242 τῆς
1671 206 1794 243 Ἐκκληο

155 259 339 294 splendorem,
355 259 389 286 ad
401 258 623 286 censecutionem
634 261 798 284 aeternorum
811 256 945 284 bonorum

155 313 217 340 quae
233 306 369 340 promissa
384 308 449 332 sunt
464 314 471 332 :
486 309 597 332 orantes
615 303 700 331 etiam
722 310 772 338 pro
787 303 866 330 nobis
882 309 947 337 pec-

156 352 308 384 catoribus,
326 356 357 378 ut
369 351 436 378 salvi
456 351 555 378 simus.

379 418 471 446 XLIV.
484 435 519 439 —
529 418 648 446 Simeoni
659 417 728 452 ﬁlio.

999 255 1070 288 σίας,
1082 256 1123 287 είς
1137 254 1275 287 ἐπίτευξιν
1290 254 1344 281 τῶν
1355 255 1384 282 ἐν
1397 254 1576 288 ἐπαγγελίαις
1591 254 1710 281 αἰωνίων
1724 255 1796 289 ἀγα-

999 301 1053 328 θῶν
1064 310 1072 318 ·
1081 301 1300 337 προσευχόμεναι
1314 301 1361 328 καὶ
1375 301 1439 337 περὶ
1453 300 1532 336 ἡμῶν
1542 300 1597 328 τῶν
1611 300 1796 336 ἁμαρτωλῶν,

997 347 1036 380 ὡς
1051 347 1085 375 ἂν
1101 346 1269 383 σωζοίμεθα.

1204 416 1270 445 MA’.
1283 432 1319 438 —
1333 416 1457 452 Συμεὼν
1467 415 1572 448 τέκνῳ.
1593 414 1688 452 [τκζκ]

361 476 420 501 Cum
432 475 487 500 aliis
497 482 586 500 novem
601 475 701 506 latenti,
714 475 747 500 de
763 476 796 501 lis
806 473 849 506 qui
859 474 977 506 martyrio
989 481 1018 500 se
1029 474 1076 506 ipsi
1089 474 1218 506 objiciunt.
1237 475 1337 507 (Baron.
1351 481 1391 499 an.
1407 474 1464 506 818,
1480 481 1506 499 n.
1520 474 1571 505 18.)

195 530 263 557 Sero
284 529 406 564 quidem,
427 528 475 556 sed
497 535 588 555 tamen
616 528 722 556 litteras
752 534 815 556 tuas
845 528 949 563 aceepi,

159 577 208 609 fili,
226 581 253 603 et
276 576 380 612 gratias
406 574 449 610 egi
472 574 590 602 Domino
616 579 673 602 tum
701 575 736 602 ob
761 574 950 602 defensionem

159 628 246 655 tuam,
265 626 321 649 tum
339 622 375 648 ob
398 621 539 648 solertiam
557 625 584 647 et
608 628 702 648 curam
718 628 772 656 qua
789 625 829 648 tot
850 620 950 648 fratres

159 673 234 696 tutos
260 673 374 703 praestas
397 667 432 694 ab
457 667 651 694 haereticorum
678 667 795 702 laqueis.
819 667 867 702 qui
896 674 950 694 non

158 721 275 748 corpora
303 713 350 740 sed
379 712 487 739 animos
515 712 676 747 discerpunt
703 722 709 739 :
740 720 897 747 quanquam
925 716 952 739 et

160 768 298 795 corpora,
327 759 414 794 plagis
439 758 630 793 mortibusque
653 758 745 786 illatis.
774 757 840 785 Esto
863 763 953 785 mente

162 807 280 841 integra,
300 806 338 832 tili
359 806 395 832 mi
411 805 520 836 dilecte,
541 810 669 832 strenuus
685 809 753 836 esto,
773 805 869 832 fratres
889 808 952 832 tuos

160 861 235 888 rege.
260 852 303 880 fac
327 860 388 879 esse
413 860 462 879 eos
487 851 580 878 animo
603 851 700 881 alacri,
723 859 784 886 qua:
809 851 952 878 veritatem

161 900 277 926 attinent
302 898 411 931 exhibe,
438 898 473 925 ad
498 898 659 934 martyrium
690 898 808 932 impelle.
832 897 953 932 Tempus

162 944 234 970 enim
246 943 271 970 id
285 944 406 978 postulat
417 951 425 970 :
438 951 595 978 quanquam
608 943 680 978 iuste
692 943 811 970 latebras
823 943 951 979 petiistis.

161 989 302 1024 Projicere
317 989 390 1016 enim
411 989 532 1024 seipsum
556 989 582 1015 in
602 989 794 1022 tentationem,
819 990 953 1023 quemad-

162 1035 275 1062 modum
294 1039 324 1061 ut
339 1034 477 1062 docereris
499 1035 611 1070 rogasti,
629 1035 695 1062 illud
713 1040 766 1068 est,
785 1035 886 1070 impelli
903 1043 954 1063 sua

162 1086 262 1116 sponte
277 1089 456 1116 quemquam,
479 1086 508 1108 ut
524 1089 554 1109 se
574 1082 632 1117 ipse
649 1081 872 1110 interfectoribus
886 1089 954 1117 pro-

162 1129 220 1155 dat.
236 1128 315 1162 Quod
337 1128 359 1155 si
382 1133 494 1156 sanctus
518 1128 649 1162 Gordius,
675 1128 904 1164 quemadmodum
927 1132 956 1156 et

163 1174 210 1200 alii
233 1174 356 1200 nonnulli
374 1181 389 1201 e
409 1173 587 1208 martyribus.
609 1174 733 1202 obtulere
748 1174 820 1202 ultro
837 1181 897 1201 sese
909 1173 954 1207 ¹⁵;

163 1221 205 1248 sic
221 1226 375 1255 temporum
389 1220 458 1248 ratio
471 1221 600 1256 poscebat
613 1230 620 1248 ι
635 1221 756 1253 nemine,
770 1225 801 1247 ut
815 1220 854 1253 fit,
871 1220 956 1248 libere

165 1267 310 1301 loquente.
329 1271 357 1294 et
374 1267 564 1294 vehementius
587 1267 785 1294 exardescentc
805 1266 954 1301 impietate.

164 1312 269 1339 Deinde
285 1311 326 1338 illi
342 1316 369 1339 et
386 1319 456 1346 puro
472 1311 555 1339 corde
573 1311 657 1339 Deum
672 1311 765 1338 intuiti
780 1310 863 1344 clare,
882 1310 956 1338 etab

163 1357 260 1384 eodem
273 1356 389 1384 incitati.
403 1356 471 1384 Nam
484 1362 511 1383 et
523 1365 638 1391 magnus
650 1355 808 1384 Prmcursor
820 1355 956 1391 intrepido

1046 528 1109 563 Ὀψὲ
1127 528 1187 564 μὲν,
1205 529 1279 564 ὅμως
1294 527 1429 563 ἐδεξάμην
1444 527 1479 553 τὰ
1493 526 1651 562 ἀντίγραφά
1672 533 1733 558 σου,
1751 525 1797 552 τέ-

1003 582 1067 600 κνον
1079 582 1087 590 ⁸
1102 573 1149 600 καὶ
1159 573 1354 609 ἠὐχαρίστησα
1371 573 1411 608 τῷ
1430 572 1526 609 Κυρίῳ
1542 572 1589 598 ἐπὶ
1607 573 1640 607 τῇ
1664 571 1800 608 ἀπολογίᾳ

1004 628 1063 650 σου,
1078 620 1110 655 τῇ
1127 628 1157 646 τε
1173 619 1281 646 συνέσει
1296 619 1343 646 κα)⁵
1357 618 1484 646 διασώσει
1497 626 1504 634 ”
1524 618 1620 654 ὅτιπερ
1635 617 1684 645 καὶ
1700 618 1798 644 τοσού-

1004 675 1068 698 τους
1086 666 1216 700 ἀδελφοὺς
1231 665 1302 701 ἔχεις
1322 665 1559 700 συνδιαφυλάττων
1577 664 1631 691 ἀπὸ
1645 665 1695 699 τῆς
1710 664 1799 700 θήρας

1004 712 1060 739 τῶν
1075 712 1276 748 αίρετιζόντων,
1295 712 1342 739 καὶ
1357 712 1388 739 οὐ
1411 712 1525 747 σάρκας,
1537 711 1606 738 ἀλλὰ
1624 710 1714 747 ψυχὰς
1728 719 1799 738 σπα-

1007 759 1162 795 ρασσόντων
1172 767 1179 774 ·
1197 759 1268 795 πλὴν
1281 759 1322 786 ὅτι
1337 759 1385 786 καὶ
1403 757 1528 794 σώματα,
1545 757 1579 784 δι’
1590 754 1628 784 ὧν
1638 757 1800 793 ἐπιφέρουσι

1003 805 1115 840 πληγῶν
1141 805 1188 832 καὶ
1215 805 1348 832 θανάτων.
1370 804 1500 839 Ὑγίαινε,
1520 804 1561 831 υίέ
1585 812 1637 839 μου
1659 804 1798 838 ἀγαπητὴ

1003 850 1143 886 ἀρίστευε,
1173 851 1243 887 ἡγοῦ
1271 851 1326 878 τῶν
1353 851 1475 886 ἀδελφῶν
1501 859 1560 882 σου,
1586 850 1799 886 προθυμοποίει,

1004 897 1187 933 παραδείκνυε
1199 898 1234 925 τὰ
1250 898 1299 933 τῆς
1315 897 1456 932 ἀληθείας,
1475 897 1620 932 παράθηγε
1635 897 1676 928 είς
1693 905 1800 932 μαρτυ-

1004 943 1077 979 ρίαν.
1099 944 1128 971 Ὀ
1141 944 1196 979 γὰρ
1220 944 1316 980 καιρὸς
1330 943 1451 976 τοιοῦτος
1460 952 1467 959 '
1481 944 1534 971 κᾶν
1550 943 1740 979 ὑποκρύσεσοε
1754 944 1800 970 ὲν-

1004 991 1106 1025 νόμως.
1120 991 1157 1018 Τὸ
1175 990 1230 1026 γὰρ
1244 990 1389 1027 ἐπιρῤίψαι
1400 990 1494 1028 ἑαυτὸν
1509 991 1538 1017 ἐν
1553 990 1712 1026 πειρασμῷ,
1728 990 1802 1017 καθὰ

1004 1037 1141 1073 ἐζήτησας
1157 1037 1265 1073 μαθεῖν,
1285 1037 1364 1064 τοῦτό
1380 1037 1449 1070 ἐστι,
1468 1036 1499 1063 τὸ
1512 1036 1559 1071 ἀφ’
1575 1036 1671 1063 ἐαυτοῦ
1685 1036 1802 1072 κινηθῆ-

1004 1082 1049 1110 ναί
1062 1091 1134 1115 τινα,
1155 1083 1202 1109 καὶ
1217 1083 1374 1118 φανερῶσαι
1387 1082 1485 1110 ἑαυτὸν
1501 1083 1558 1114 τοῖς
1576 1081 1746 1116 φονεύουσιν.
1770 1081 1802 1108 Et

1004 1128 1034 1156 δέ
1059 1128 1100 1155 ὅτι
1119 1129 1134 1155 ὁ
1157 1128 1234 1163 ἆγιος
1249 1128 1370 1164 Γόρδιος,
1385 1127 1482 1163 ὥσπερ
1498 1128 1545 1155 καί
1563 1137 1636 1160 τινες
1652 1127 1726 1155 ἄλλοι
1745 1127 1803 1154 τῶν

1006 1173 1165 1210 μαρτύρων,
1180 1174 1342 1210 αὐτόκλητοι
1355 1171 1433 1210 ἧκον·
1446 1174 1462 1200 ὁ
1475 1173 1576 1211 τρόπος
1589 1173 1676 1205 οὕτως
1687 1172 1801 1208 ἀπῄτει”

1005 1219 1112 1251 οὐδενὸς
1127 1220 1165 1252 ὡς
1181 1220 1260 1256 ἔτυχε
1277 1220 1547 1256 παρρησιαζομένου,
1563 1222 1611 1247 καὶ
1625 1218 1803 1252 ἀναπτούσης

1005 1266 1056 1301 τῆς
1071 1267 1167 1298 άθεῖας
1178 1267 1368 1303 σφοδρότερον.
1388 1267 1505 1294 Ἔπειτα
1517 1267 1564 1294 καὶ
1579 1266 1688 1302 καθαρᾷ
1703 1266 1805 1301 καρδίᾳ

1006 1311 1074 1338 Θεὸν
1098 1312 1336 1348 ἐνοπτρισάμενοι,
1362 1312 1410 1338 καὶ
1441 1312 1511 1347 πρὸς
1537 1311 1619 1338 αὑτοῦ
1645 1311 1802 1346 νυχθὲντες.

1012 1358 1092 1384 Ἐπεὶ
1107 1358 1154 1385 καὶ
1174 1359 1188 1384 ὁ
1204 1358 1290 1394 μέγας
1312 1357 1470 1393 Πρὸδρομος
1486 1356 1682 1392 ῥιψοκινδύνως
1704 1355 1804 1390 ἤλεγξε

165 1403 257 1429 animo
290 1401 424 1429 Herodem
459 1402 594 1438 coarguit.
626 1402 780 1430 Novissime
811 1409 877 1429 vero
909 1402 955 1430 Dei

1010 1404 1053 1431 τὸν
1070 1403 1204 1440 Ἡρώδην.
1220 1405 1301 1440 ’Δρ-τι
1315 1404 1344 1431 δέ
1359 1403 1453 1430 πολλοὶ⁹
1463 1404 1556 1438 χάριτι
1570 1401 1640 1431 Θεοῦ
1654 1401 1804 1436 ἐνιστάμε-

165 1447 297 1475 benelicio
311 1448 435 1475 restitere
449 1448 526 1474 multi
538 1452 566 1474 et
578 1447 738 1483 martyrium
751 1449 952 1475 sustinuerunt.

164 1493 247 1522 Nefas
274 1493 377 1529 alioqui
406 1494 432 1520 in
460 1494 580 1529 pericula
607 1502 668 1522 sese
697 1493 809 1522 inferre.
837 1494 954 1523 Gavisus

166 1546 258 1568 autem
274 1549 334 1568 sum
357 1541 544 1574 vehementer,
559 1541 632 1575 quod
651 1541 741 1568 caeteri
755 1544 844 1568 tecu‘m
860 1540 955 1569 Patres

165 1587 345 1621 conspirant,
363 1586 483 1620 Quorum
507 1588 615 1614 nontina
632 1592 693 1614 sunt
715 1588 741 1614 in
760 1587 827 1614 libro
842 1587 932 1615 vim“
947 1596 954 1615 ;

165 1641 236 1668 quos
258 1638 285 1660 et
312 1641 360 1668 per
383 1638 408 1660 te
427 1633 534 1666 saluto,
554 1641 673 1668 quorum
701 1634 805 1661 sanctis
829 1634 956 1668 precibus

166 1688 233 1716 egeo
248 1679 282 1707 ad
303 1679 401 1707 salutis
426 1679 590 1707 subsidium.
608 1679 693 1706 Valde
710 1687 755 1707 me
776 1679 863 1714 juvat,
883 1679 957 1714 quod

166 1727 201 1754 ab
218 1726 335 1762 Hypatio
350 1725 435 1753 fratre
459 1726 522 1752 boni
542 1726 645 1760 aliquid
663 1726 830 1759 impetraris.
844 1724 956 1752 Fratres

164 1774 194 1801 in
210 1774 342 1809 angustiis
359 1773 603 1807 cornprobentur",
629 1777 660 1799 ut
676 1780 762 1800 sacrae
784 1773 890 1808 pagime
908 1771 958 1799 ad-

167 1826 292 1848 monent.
319 1820 343 1846 A
369 1825 464 1847 nostra
488 1819 562 1846 enim
590 1819 724 1846 tenuitate
751 1818 825 1845 nulla
854 1819 958 1846 utilitas

167 1867 297 1903 cuiquam
313 1870 379 1893 est:
402 1873 560 1900 quanquam
578 1865 637 1900 ipse
658 1865 691 1892 de
712 1864 793 1892 nobis
816 1864 960 1899 magnifice

167 1913 288 1948 loqueris
303 1919 337 1939 ex
352 1911 497 1940 charitate.
517 1910 653 1944 Quoniam
669 1918 734 1938 vero
751 1915 779 1938 et
793 1911 958 1938 catechesim

166 1958 270 1994 rogasti
296 1965 378 1993 quam
402 1957 485 1984 habui
511 1957 544 1984 ad
568 1956 713 1984 universos
736 1956 845 1989 fratres,
872 1964 960 1992 nuper

166 2006 201 2033 ad
224 2010 250 2033 te
271 2004 344 2032 misi.
364 2003 404 2030 Tu
429 2004 496 2031 mihi
522 2011 604 2039 porro
617 2003 730 2032 assidua
745 2011 824 2038 prece
843 2003 958 2031 salutem

166 2060 261 2080 exora.
275 2051 375 2086 Accepi
391 2051 520 2086 poculum
535 2058 671 2086 servoque
685 2055 714 2077 ut
728 2050 765 2078 sit
777 2050 858 2078 obvia
871 2050 959 2085 magis

1004 1459 1044 1478 νοι
1055 1451 1101 1477 καὶ
1114 1449 1319 1486 μαρτυροῦντες
1329 1458 1336 1465 ·
1351 1449 1400 1476 καὶ
1410 1450 1461 1476 οὐκ
1473 1449 1587 1481 ἔννομον
1599 1448 1630 1475 τὸ
1644 1447 1803 1486 ἐιτιρῤίψαιξ

1010 1483 1128 1531 Ἐχάρην
1141 1483 1170 1522 δέ
1183 1483 1244 1522 λίαν
1260 1495 1301 1522 ὄτι
1318 1495 1366 1522 καὶ
1386 1495 1476 1530 ἕτεροι
1493 1494 1619 1529 Πατέρες
1634 1483 1806 1529 ωμπνέουσί

1006 1551 1057 1575 σοι,
1071 1539 1127 1570 Ὧν
1142 1541 1179 1569 τὰ
1191 1542 1323 1577 ὀνόματα
1339 1542 1374 1568 ἑν
1384 1541 1484 1574 ,βίϐλῳ
1497 1539 1582 1575 ζωῆς·
1598 1539 1646 1572 οὒς
1659 1539 1707 1566 καὶ
1721 1547 1804 1574 προσ-

1005 1588 1132 1624 αγορεύω
1150 1588 1194 1615 διὰ
1210 1587 1269 1621 σοῦ,
1290 1588 1338 1615 καὶ
1353 1587 1486 1622 δεδέημαι
1506 1586 1562 1613 τῶν
1577 1586 1664 1620 ἁγίων
1683 1593 1804 1621 προσευ-

1006 1635 1062 1671 χῶν
1078 1636 1118 1667 είς
1133 1635 1297 1670 ἐπικουρίαν
1311 1634 1461 1669 σωτηρίας.
1478 1632 1594 1668 Ὠφελον
1607 1633 1648 1659 ὅτι
1662 1632 1739 1666 παρὰ
1754 1631 1803 1658 τοῦ

1007 1680 1123 1716 ἀδελφοῦ
1143 1681 1275 1708 ’Υπατίου
1289 1677 1369 1715 εῧρές
1385 1689 1413 1706 τι
1424 1679 1479 1706 τῶν
1493 1679 1597 1707 καλῶν.
1618 1678 1753 1713 Ἀδελφοί
1768 1678 1805 1705 ἐν

1007 1728 1152 1764 ἀνάγκαις
1165 1728 1306 1756 ἔστωσαν
1323 1727 1484 1762 χρήσιμον
1505 1727 1523 1762 ἡ
1539 1726 1636 1763 Γραφὴ
1656 1725 1804 1760 ἐγκελεύε-

1008 1785 1064 1803 ται.
1080 1775 1162 1812 Παρὰ
1178 1775 1234 1810 γὰρ
1246 1775 1295 1810 τῆς
1309 1775 1380 1810 ἐμῆς
1394 1773 1588 1805 ταπεινώσεως
1597 1773 1674 1800 οὐδὲν
1685 1773 1782 1807 ὄφελος
1793 1780 1802 1787 ·

1009 1822 1063 1848 κᾶν
1083 1821 1166 1853 αὐτὸς
1186 1821 1362 1856 μεγαλαυχῇς
1386 1820 1461 1856 ἡμᾶς
1485 1819 1515 1853 ἐξ
1533 1820 1655 1855 ἀγάπης.
1676 1818 1754 1845 Ἐπεὶ
1775 1818 1804 1845 δὲ

1009 1867 1146 1903 ἐζήτησας
1161 1867 1209 1894 καὶ
1227 1867 1390 1902 κατήχησιν,
1402 1866 1436 1902 ἣν
1451 1865 1521 1901 πρὸς
1535 1866 1642 1897 πάντας
1654 1865 1717 1897 τοὺς
1730 1864 1806 1891 ἀδελ-

1010 1913 1078 1949 φοὺς
1102 1913 1228 1948 ἐποίησα,
1247 1913 1310 1947 ἄρτι
1331 1912 1476 1939 ἐπέστειλα
1501 1912 1550 1938 καὶ
1565 1913 1634 1948 πρός
1651 1919 1692 1938 σε.
1714 1910 1750 1937 Σύ
1774 1919 1805 1937 τε

1011 1959 1163 1996 προσεύχου
1180 1958 1361 1990 ἀδιαλείπτως
1382 1958 1433 1994 τὴν
1460 1957 1599 1994 σωτηρίαν
1616 1965 1672 1993 μοι.
1696 1957 1733 1984 Τὸ
1747 1964 1806 1983 κισ-

1014 2005 1107 2032 σύϐιον
1131 2005 1287 2041 ἐδεξάμην·
1311 2007 1358 2031 καὶ
1372 2004 1444 2031 ἔστω
1468 2013 1516 2031 σου
1544 2004 1584 2036 είς
1601 2003 1806 2039 ἐναργεστέραν

1014 2053 1136 2087 μνήμην.
1159 2051 1216 2087 Τὴν
1229 2051 1341 2078 ἐννεάδα
1352 2051 1406 2078 τῶν
1423 2050 1548 2085 ἀδελφῶν
1562 2058 1613 2085 μου
1629 2050 1679 2076 καὶ
1701 2049 1806 2076 τέκνων

167 2099 209 2127 tui
239 2098 405 2126 recordatio.
437 2096 542 2125 Novem
577 2097 678 2124 fratres
715 2104 793 2124 meos
830 2096 955 2132 ﬁliosque

1011 2097 1223 2134 προσαγορεύω,
1259 2096 1376 2124 πλεῖστα
1408 2096 1537 2132 δεόμενος
1562 2096 1610 2124 καὶ
1633 2097 1683 2132 τῆς
1709 2096 1805 2131 εὐχῆς.

168 2145 276 2174 salvere
291 2144 388 2180 jnheo,
415 2144 505 2173 enixe;
521 2151 615 2178 preces
642 2143 803 2178 implorans.
828 2141 958 2170 Nicolaus

168 2192 252 2220 frater
276 2193 325 2227 qui
342 2199 448 2218 mecum
464 2196 508 2218 est
529 2190 660 2222 inclusus,
679 2189 729 2217 tibi
750 2197 814 2217 cum
829 2189 959 2217 omnibus

167 2239 285 2268 salutem
303 2238 379 2266 dicit.
395 2237 488 2265 Gratia
505 2236 659 2264 vobiscum.
676 2236 773 2264 Amen.

357 2304 438 2334 XLV.
449 2320 487 2325 —
497 2305 599 2332 Basilio
615 2304 765 2339 praeposito.

1015 2144 1046 2171 '0
1073 2143 1188 2178 ἀδελφὸς
1219 2143 1354 2174 Νικόλαος
1381 2143 1396 2170 ὁ
1417 2143 1467 2169 σὺν
1488 2142 1551 2174 ἐμοὶ
1577 2142 1806 2177 ἐγκεκλεισμένος

1010 2189 1210 2226 προσαγορεύει
1236 2197 1268 2216 σε
1295 2190 1343 2217 σὺν
1366 2190 1460 2216 πᾶσιν.
1487 2189 1520 2216 Ἦ
1536 2189 1616 2224 χάρις
1641 2188 1702 2224 μεθ’
1716 2188 1806 2223 ὑμῶν.

1016 2235 1113 2271 Ἀμήν.

1147 2304 1216 2332 ME'.
1231 2319 1267 2324 —
1278 2304 1426 2336 Βασιλείφ
1444 2302 1611 2339 ἡγουμένῳ.
1621 2301 1716 2338 [vlg-2]

477 2363 516 2388 De
526 2361 678 2393 recipiqndis
689 2361 763 2393 lapsis
773 2362 856 2393 deque
870 2368 958 2387 eorum
970 2364 1130 2394 paenitentia.
1144 2363 1245 2394 (Baron.
1262 2369 1301 2388 an.
1318 2362 1373 2392 816,
1386 2368 1411 2386 n.
1424 2360 1475 2393 19.)

204 2417 318 2445 Brevem
334 2415 480 2451 epistolam
502 2420 589 2447 tuam,
608 2414 688 2442 Pater
703 2419 808 2445 sancte,
832 2415 882 2450 legi
899 2423 961 2443 cum

169 2464 312 2498 voluptate
329 2467 460 2498 tanquam
476 2470 510 2490 ex
527 2469 595 2497 puro
612 2462 696 2489 corde
719 2461 868 2496 profectam
883 2471 891 2488 :
912 2470 962 2489 nec

170 2510 298 2538 laudibus
326 2514 418 2537 tamen
443 2509 594 2537 delectatus
616 2516 697 2541 sum,
727 2508 828 2543 quippe
866 2515 964 2544 expers

169 2565 267 2584 earum
292 2564 361 2591 quas
384 2554 619 2583 commemorasti.
645 2554 698 2582 Sed
727 2559 768 2586 tu.
794 2554 818 2582 si
842 2554 881 2582 ita
910 2555 962 2586 vis.

170 2602 264 2638 potius
285 2610 334 2630 ora
359 2606 390 2629 ut
412 2606 518 2637 partem
546 2609 578 2628 ac
605 2605 708 2629 statum
736 2605 812 2628 tuum
840 2601 965 2635 proxime

170 2650 313 2685 attingant.
337 2648 391 2676 Sed
416 2649 468 2676 hac
489 2649 524 2676 de
548 2656 578 2676 re
594 2648 736 2675 hactenus.
756 2646 866 2674 Utinam
885 2654 960 2679 vero,

170 2695 404 2731 quemadmodum
420 2694 472 2728 ais,
500 2694 576 2722 utilis
596 2693 652 2721 Deo
676 2693 712 2721 sit
734 2692 843 2728 Ilypatii
866 2692 962 2720 fratris

170 2749 265 2776 opera.
285 2741 434 2768 alteriusve
450 2740 598 2775 cujuslibet
612 2746 708 2767 eorum
727 2739 775 2774 qui
796 2737 961 2766 decertant:

172 2792 202 2814 ut
214 2787 255 2814 vel
268 2794 314 2822 per
327 2788 400 2822 ipsos
415 2788 565 2814 habeamus
579 2789 606 2813 et
618 2792 669 2813 nos
684 2784 800 2812 humiles
814 2783 961 2819 propitium

173 2833 290 2860 Numen.
309 2832 489 2868 Interrogatio
501 2832 535 2859 de
547 2831 590 2859 his
608 2830 654 2865 qni
670 2829 789 2865 prolapsi
804 2834 867 2857 sunt
882 2830 909 2856 in
929 2837 961 2857 ea

206 2891 232 2908 "
251 2891 332 2920 Basil.
349 2891 428 2920 llom.
447 2891 475 2920 in
492 2891 522 2920 S.
541 2890 672 2920 Gordium
692 2893 850 2924 martyrem.
888 2889 911 2905 '°
930 2888 1046 2924 Philipp.
1059 2895 1095 2922 Iv,
1110 2888 1136 2916 5.

1053 2416 1155 2449 Ἡδέως
1176 2425 1223 2443 σου
1242 2415 1363 2450 ἀνέγνων
1386 2415 1418 2442 τὸ
1434 2414 1637 2450 γραμματεῖον,
1663 2410 1686 2441 ὦ
1704 2414 1807 2450 πατρό-

1011 2472 1060 2499 της
1071 2463 1149 2497 άγία,
1161 2462 1199 2495 ὡς
1207 2463 1262 2489 ἀπὸ
1276 2461 1390 2497 καρδίας
1402 2462 1526 2497 καθαρᾶς
1537 2461 1805 2496 προσενηνεγμένον·

1011 2511 1042 2537 οὐ
1056 2509 1108 2545 μὴν
1125 2510 1154 2536 ὲν
1168 2510 1225 2541 τοῖς
1239 2509 1361 2541 ἐπαίνοις
1379 2509 1478 2544 ἥσθην,
1491 2508 1529 2540 ὡς
1551 2508 1627 2541 ξένος
1650 2508 1706 2534 τῶν
1727 2507 1807 2534 λελε-

1012 2555 1132 2589 γμένων.
1160 2553 1229 2580 Ἀλλ’
1247 2554 1339 2586 αὐτὸς,
1355 2554 1380 2580 εί
1404 2553 1504 2589 βούλει,
1527 2553 1627 2588 μᾶλλον
1652 2553 1808 2588 προσεύχου

1012 2601 1063 2636 τῆς
1091 2600 1200 2635 μερίδος
1224 2600 1272 2627 καὶ
1288 2600 1410 2632 στάσεώς
1427 2608 1473 2626 σου
1495 2600 1614 2635 ἐγγύθεν
1630 2599 1807 2634 παραθίγειν.

1013 2647 1099 2674 Τοῦτο
1115 2647 1166 2682 μὲν
1179 2646 1310 2674 τοιοῦτον.
1325 2646 1375 2681 Εί¹η
1387 2646 1415 2673 δὲ
1427 2647 1499 2673 κατὰ
1511 2646 1541 2673 τὸ
1557 2646 1633 2682 ῥῆμά
1646 2655 1693 2672 σου
1710 2655 1810 2681 χρησι-

1015 2693 1109 2728 μεύειν
1123 2692 1162 2728 τῷ
1181 2692 1242 2728 Θεῷ
1263 2692 1393 2720 ’Υπάτιὸν
1407 2701 1437 2719 τε
1450 2692 1497 2719 τὸν
1511 2692 1636 2727 ἀδελφὺν,
1652 2693 1700 2719 καὶ
1714 2693 1810 2719 ὅντινα

1013 2739 1094 2767 ἄλλον
1114 2739 1169 2766 τῶν
1187 2739 1385 2766 ἐναθλούντων·
1401 2739 1439 2771 ὡς
1456 2739 1490 2766 ἂν
1511 2739 1545 2766 δι’
1557 2739 1648 2766 αὐτῶν
1672 2739 1809 2774 σχοῐημεν

1015 2785 1064 2812 καὶ
1079 2786 1160 2821 ἡμεῖς
1172 2786 1197 2811 ol
1208 2785 1331 2812 ταπεινοὶ
1343 2785 1456 2820 εὐμενὲς
1468 2785 1498 2812 τδ
1512 2786 1599 2812 Θεῖον.
1617 2785 1654 2811 Τὸ
1673 2784 1807 2820 ἐρώτημα

1014 2830 1070 2856 τῶν
1084 2830 1265 2866 ὲμπαρέντων
1290 2831 1318 2857 ἐν
1340 2832 1396 2862 τοῖς
1409 2830 1480 2858 κατὰ
1493 2830 1574 2865 φύσιν
1595 2830 1611 2866 ῆ
1634 2831 1710 2866 παρὰ
1725 2830 1808 2865 φύσιν

1176 2888 1197 2904 ¹⁷
1219 2886 1298 2915 Prov.
1318 2896 1384 2921 xm,
1405 2887 1447 2915 l7.
