1923 3078
183 123 248 155 1251

776 126 809 156 S.
825 126 1021 156 THEODORI
1035 126 1211 158 STUDIT/E

1746 127 1816 160 1252

179 181 258 216 Quod
273 188 338 208 vero
355 185 380 208 te
403 189 456 208 una
476 188 537 209 cum
559 182 713 210 textorihus
737 182 965 217 adnumerarunt,

1026 185 1164 220 λαυμάσῃς
1180 193 1187 200 ·
1202 183 1314 211 τοιαῦτα
1331 184 1386 219 γὰρ
1397 185 1455 216 τοῖς
1471 184 1577 218 ἁιγίοις⁸
1598 183 1695 211 ἔπειτα
1710 184 1751 211 δτι
1769 186 1817 212 καὶ

180 233 310 264 tanquam
339 228 411 263 regis
439 228 624 263 mancipium,
646 229 741 257 desine
757 230 852 256 mirari
871 240 878 256 :
909 238 973 257 nam

179 274 244 302 talia
274 274 376 301 sanctis
407 275 592 309 contingunt:
625 275 723 302 deinde
748 275 790 302 vel
806 274 882 303 inviti
909 283 975 303 vere

179 319 357 346 ostenderunt
370 319 482 351 mundo,
492 325 518 346 Ie
530 319 662 347 famulum
677 327 738 348 esse
749 321 823 355 regis
835 321 972 354 caelestis.

180 365 335 399 exemplum
361 365 480 392 obeundi
505 373 554 400 pro
577 366 632 393 Deo
662 366 807 401 martyrii,
823 367 973 402 reprehen-

179 418 270 438 sorem
300 411 460 446 impietatis.
490 410 583 446 Itaque
598 417 639 439 sta
665 411 730 439 forti
747 412 851 443 animo,
867 411 972 439 Christi

179 457 258 485 miles
273 466 279 483 :
297 463 356 484 esto
369 466 399 484 ex
414 458 488 484 Ortini
503 463 579 492 parte
594 462 722 486 strenuus
738 467 744 485 :
762 458 890 486 Labora:
907 467 973 491 opus

179 502 223 536 fa;
235 502 402 537 evangelist
411 503 451 534 ³²;
468 503 671 530 confessionem
695 508 770 530 tuam
786 503 868 538 imple
885 524 891 530 .
909 511 972 531 cum

178 548 265 574 Deum
284 548 391 576 occulte
417 549 518 576 habeas
541 549 714 583 adjutorem;
737 549 880 576 custodem
906 549 970 576 vita:

179 599 231 621 tua:
248 595 385 629 angelum,
404 595 451 629 qui
469 600 494 622 te
509 600 594 622 totum
606 596 806 630 complectatur
821 603 853 623 ac
868 594 970 628 foveat,

177 640 225 675 qui
241 641 273 668 de
297 645 323 669 te
343 641 421 668 valde
438 641 558 672 laetetur,
576 642 623 677 qui
640 649 735 676 preces
751 645 814 669 tuas
831 641 866 668 ad
883 642 971 668 Deum

178 687 284 713 deferat
301 687 328 714 in
347 687 459 715 odorem
487 688 642 719 suavitatis,
661 688 688 714 in
711 688 811 722 quibus
835 692 862 715 et
883 688 969 716 nostri

177 739 326 765 memento,
352 733 399 768 qui
427 735 552 768 quamvis
581 740 740 769 peccatores
766 734 913 770 plurimum
943 741 970 762 te

178 787 312 807 amamus.

411 835 516 863 XLV".
531 851 566 857 —
582 835 738 871 Praeposito.

1027 229 1064 266 μὴ
1078 229 1246 266 βουλόμενοι,
1262 230 1299 262 ὡς
1314 230 1422 266 άληθῶς
1437 230 1581 263 ὑπέδειξαν
1593 230 1631 265 τῷ
1644 231 1741 266 κόσμῳ
1757 231 1818 257 δοῦ-

1024 275 1070 302 λόν
1092 284 1122 302 σε
1141 274 1210 302 εἶναι
1234 276 1281 302 τοῦ
1302 275 1435 311 βασιλέως
1455 276 1510 303 τῶν
1526 276 1659 313 οὐρανῶν,
1684 277 1818 312 ἔνδειγμα

1026 321 1177 357 μαρτυρίας
1195 321 1274 353 Θεοῦ,
1290 321 1401 357 ἔλεγχον
1416 322 1554 354 ἀσεϐείας.
1573 322 1657 358 Στῆθι
1678 323 1736 356 οὖν,
1752 332 1816 357 γεν-

1024 367 1082 393 ναῖε
1097 367 1250 401 στρατιῶτα
1274 367 1392 402 Χριστοῦ
1405 375 1414 383 ’
1431 367 1592 403 ἀρίστευσον
1614 369 1743 401 τελείως·
1764 371 1820 396 Κα-

1023 414 1200 446 κοπαθησον
1227 414 1317 448 ἔργον
1343 414 1475 448 ποίησον
1502 415 1736 449 εὐαγγελιστοῦ·
1766 416 1819 442 τὴν

1022 457 1169 492 ὁμολογίαν
1185 466 1231 484 σου
1253 457 1479 495 πληροφόρησον·
1507 459 1577 495 ἔχων
1602 460 1727 494 ἀοράτως
1750 460 1818 487 Θεὸν

1024 503 1170 538 ἐπίκουρον
1182 524 1189 536 ,
1207 504 1254 530 τὸν
1277 504 1385 539 φύλακα
1402 505 1452 540 τῆς
1467 504 1541 541 ζωῆς
1564 514 1612 532 σου
1634 505 1751 540 ἄγγελον
1766 515 1818 533 κυ-

1022 548 1140 576 κλοῦντά
1153 558 1194 583 σε,
1214 551 1380 585 περιέποντά
1396 559 1438 582 σε,
1453 551 1584 587 χαίροντα
1607 552 1678 582 λίαν.
1700 552 1749 580 καὶ
1766 553 1818 584 τὰς

1023 595 1178 630 προσευχάς
1193 605 1240 623 σου
1255 597 1424 632 ἀναφέροντα
1451 598 1492 630 είς
1514 597 1581 624 Θεὸν
1602 599 1643 631 εἰς
1660 598 1749 634 ὀσμὴν
1769 598 1818 624 εὗ-

1022 641 1119 672 ωδίας·
1142 643 1172 668 ὲν
1187 639 1232 675 αἷς
1248 643 1372 679 μέμνησο
1395 643 1444 671 καὶ
1465 644 1544 679 ἡμῶν
1561 645 1615 672 τῶν
1641 643 1817 680 ἁμαρτωλῶν

1024 688 1085 723 μὲν,
1101 688 1258 716 ποθούντων
1270 690 1299 717 δέ
1316 699 1346 717 σε
1361 690 1432 718 λίαν.

1251 832 1318 860 ΜΖ’.
1333 848 1368 853 -
1383 833 1564 869 Ἣγουμένῳ.
1575 834 1674 872 [τμη’.]

800 894 930 920 Conﬁrmat
941 890 1033 918 Christi
1043 890 1218 915 confessorem.

212 948 253 976 Ex
268 955 323 982 quo
337 952 364 975 te
377 948 498 976 intellexi
513 948 672 975 damnatum
689 948 715 975 in
725 947 840 983 judicio,
850 952 877 975 et
887 947 966 974 Chri-
983 950 1005 978 Β

175 995 211 1022 sti
237 1002 319 1021 causa
338 1001 450 1025 cmsum,
473 1001 489 1020 ο
509 993 711 1025 amantissime,
738 993 854 1028 gaudeo,
873 997 900 1019 et
918 991 967 1019 tibi

176 1041 308 1075 gratulor.
326 1039 382 1067 Hoc
402 1040 474 1067 cnim
489 1040 619 1075 gaudium
637 1044 664 1067 et
680 1039 827 1067 exsultatio
844 1043 895 1070 est,
914 1046 967 1065 non

174 1086 252 1121 juxta
267 1086 360 1113 mumli
373 1086 494 1113 Iustitiam
514 1095 521 1112 ε
545 1086 603 1113 haec
620 1086 693 1113 enim
708 1085 855 1113 illaitabilis
876 1093 884 1112 :
908 1093 968 1119 quae

176 1140 240 1160 cum
256 1140 315 1160 esse
335 1133 427 1160 laetitia
440 1132 574 1163 videatur,
596 1139 650 1159 non
666 1136 708 1160 est
726 1132 825 1167 reipsa,
842 1131 966 1166 quando-

175 1179 286 1213 quidem
299 1178 399 1205 labitur
412 1178 455 1204 illa
473 1185 523 1205 nec
536 1183 610 1205 stare
624 1182 722 1212 potest,
738 1177 889 1212 eademque
901 1185 964 1204 cum

175 1224 288 1256 desinit,
304 1228 420 1250 mortem
436 1228 565 1258 operatur
579 1233 586 1250 :
602 1224 649 1251 sed
665 1231 726 1250 eam
745 1223 818 1255 dico,
834 1231 895 1258 quae
908 1222 966 1250 sola

176 1270 327 1298 secundum
354 1269 438 1297 Deum
467 1274 532 1297 est:
567 1270 624 1304 ipsa
653 1270 725 1297 enim
749 1270 861 1297 unicum
881 1269 966 1296 animi

176 1316 408 1343 oblectamentum
430 1319 482 1348 est,
497 1320 524 1342 et
542 1319 676 1350 perpetuo
690 1315 743 1342 sibi
759 1319 899 1346 constans,
919 1321 966 1341 cu-

174 1361 221 1398 jus
236 1362 297 1390 linis
311 1362 365 1389 vita
382 1362 559 1396 sempiterna.
582 1361 766 1394 Quamobrem
784 1361 845 1395 jure
860 1360 966 1396 gaudeo

176 1413 204 1435 et
216 1408 337 1443 gratulor
350 1407 408 1440 tibi,
436 1406 516 1434 Pater
539 1406 780 1434 reverendissime.
796 1406 862 1433 Nam
880 1405 964 1440 quod,

176 1458 205 1481 ut
220 1454 306 1484 aiunt,
324 1459 444 1485 centum,
463 1453 534 1480 nivis
557 1453 623 1484 ritu,
640 1453 765 1487 impacta:
784 1457 848 1478 sunt
867 1451 964 1486 plagze,

175 1500 276 1534 quibus
287 1498 395 1526 concisa
413 1498 504 1531 cutis;
519 1498 576 1525 haec
593 1505 658 1525 vero
678 1505 749 1524 nova
767 1497 859 1531 gaudii
874 1504 966 1532 accers-

175 1545 216 1572 sio
228 1548 279 1571 est.
299 1543 370 1570 lstud
383 1543 491 1578 quidem
514 1551 568 1569 non
581 1543 641 1570 sine
651 1543 744 1577 aliquo
761 1542 865 1570 doloris
883 1549 965 1569 sensu

174 1590 238 1617 licet
265 1589 363 1617 absens
377 1589 480 1623 accepi.
499 1588 551 1615 Sed
577 1588 632 1615 Deo
650 1593 740 1615 tamen
762 1587 859 1623 gloria,
877 1587 922 1621 qui
940 1591 966 1614 te

1059 942 1169 978 Ἐπειδὴ
1181 942 1282 977 ἔμαθον
1299 942 1486 977 εἰσαγώγιμον
1503 951 1532 969 σε
1551 942 1690 976 γενέσθαι,
1707 943 1755 970 καὶ
1769 952 1815 970 τε-

1018 988 1119 1022 τύφθαι
1134 987 1205 1022 ὑπὲρ
1219 986 1351 1021 Χριστοῦ,
1367 983 1389 1012 ῶ
1405 986 1566 1022 τριπόθητε,
1582 987 1671 1022 χαίρω
1686 987 1733 1014 καὶ
1748 996 1815 1022 συγ-

1018 1034 1107 1069 χαίρω
1119 1042 1170 1060 σοι.
1183 1032 1269 1059 Τοῦτο
1283 1033 1337 1067 γὰρ
1352 1034 1423 1067 χαρὰ
1438 1033 1486 1059 καὶ
1502 1032 1664 1067 ἀγαλλίασις
1674 1041 1681 1048 ο
1696 1034 1727 1060 οὐ
1742 1035 1815 1062 κατὰ

1017 1080 1066 1115 τὴν
1091 1079 1138 1106 τοῦ
1162 1080 1265 1114 κόσμου
1291 1078 1380 1114 χαρὰν
1395 1079 1520 1114 (άχαρὴς
1542 1079 1598 1114 γὰρ
1620 1080 1679 1114 ἥδε,
1699 1079 1817 1106 δοκοῦσα

1021 1125 1082 1160 μὲν.
1100 1125 1150 1151 οὐκ
1163 1122 1230 1151 οὖσα
1244 1125 1283 1156 δὲ,
1299 1124 1416 1159 ἐπείπερ
1441 1124 1540 1159 ῥέουσα
1557 1125 1607 1159 οὺχ
1628 1125 1748 1153 ἵσταται.
1767 1126 1817 1152 καὶ

1016 1171 1171 1197 τελευτῶσα
1186 1170 1300 1197 θάνατον
1326 1170 1558 1205 κατεργάζεται),
1577 1170 1646 1197 ἀλλὰ
1663 1171 1711 1206 τὴν
1741 1172 1815 1198 κατὰ

1018 1217 1086 1243 Θεόν
1098 1224 1105 1231 '
1121 1216 1192 1251 αὕτη
1210 1216 1266 1252 γὰρ
1290 1216 1338 1242 καὶ
1363 1216 1431 1252 μόνη
1458 1215 1539 1251 [1ης.
1557 1217 1618 1243 cod.
1639 1216 1730 1252 μόνον]
1747 1217 1818 1250 θυμ-

1017 1262 1092 1298 ηδία,
1110 1263 1158 1288 καὶ
1172 1261 1303 1293 ὡσαύτως
1317 1261 1426 1296 ἔχουσα,
1443 1259 1478 1297 ἧς
1489 1262 1519 1288 τὸ
1534 1262 1612 1294 τέλος
1627 1262 1684 1297 ζωὴ
1695 1262 1817 1294 αἰώνιος.

1016 1308 1136 1339 Εἰκότως
1152 1306 1198 1335 οὖν
1215 1308 1292 1344 γήθω
1321 1308 1370 1334 καὶ
1386 1308 1517 1343 συγγήθω
1535 1317 1588 1339 σοι,
1605 1308 1697 1344 Πάτερ
1717 1308 1819 1343 τιμιώ-

1015 1363 1090 1381 τατε.
1100 1353 1228 1385 Ἀλλ“ὄτι,
1236 1353 1274 1385 ὥς
1282 1362 1359 1388 φασι,
1371 1353 1588 1381 έκατοστεύουσα
1599 1355 1617 1389 ὴ
1628 1354 1719 1389 νιφὰς,
1730 1354 1818 1388 καίγέ

1017 1399 1201 1435 βαρύδαρτοςο
1214 1399 1253 1425 ῒδε
1266 1398 1299 1434 [Γ.
1311 1398 1372 1435 ἥδε]
1382 1399 1462 1425 πάλιν
1475 1399 1603 1431 ἐπίτασις
1619 1401 1669 1434 τῆς
1683 1400 1820 1435 εὐφροσύ-

1016 1453 1076 1479 νης.
1093 1444 1152 1470 Οὐκ
1165 1443 1277 1474 ἀπαθῶς
1292 1444 1398 1480 ἤνεγκα
1413 1444 1462 1480 τὴν
1476 1445 1561 1479 ἀκοὴν
1577 1446 1624 1471 καὶ
1636 1445 1724 1472 ἀπών.
1745 1445 1818 1472 Ἀλλ’

1016 1489 1091 1524 ὅμως
1102 1489 1166 1520 δόξα
1177 1488 1216 1524 τῷ
1227 1489 1368 1522 δοξάσαντί
1385 1498 1414 1517 σε
1427 1489 1498 1525 Θεῷ.
1521 1490 1584 1516 Ἐπὶ
1596 1490 1682 1517 νώτου
1695 1499 1725 1517 τε
1737 1499 1820 1518 κταν-

1016 1535 1096 1570 θῆναι
1110 1535 1164 1561 ὑπὸ
1175 1535 1230 1561 τῶν
1245 1535 1363 1568 ἁσεὸὦν,
1379 1535 1513 1563 άσὸεστόν
1529 1544 1576 1562 σου
1590 1536 1620 1562 τὺ
1637 1537 1726 1569 κλέος,
1742 1537 1819 1567 ἱερόν

1017 1589 1065 1608 σου
1077 1582 1108 1607 τὸ
1127 1581 1223 1613 πάθος,
1239 1582 1380 1617 στήριγμα
1393 1581 1447 1609 τῶν
1463 1583 1729 1618 συνομολογούντων.
1743 1591 1817 1617 προ-

175 1635 348 1670 gloriﬁcavit.
365 1630 430 1661 Nam
447 1634 520 1669 quod
541 1634 674 1660 immania
697 1633 809 1660 vulnera
835 1632 918 1659 dorso
933 1631 968 1659 ab

1026 1626 1108 1662 θυμία
1122 1627 1177 1654 τῶν
1189 1627 1412 1663 ὀρθοδοξούντων,
1431 1628 1576 1664 διάρῤηξις
1591 1628 1646 1655 τῶν
1661 1629 1820 1664 αῑρετιζόν-

175 1683 267 1717 impiis
280 1681 421 1716 excepisti,
436 1681 496 1708 laus
521 1685 565 1706 tua
580 1679 745 1707 immortalis
762 1683 814 1712 est,
826 1678 968 1714 perpessio

175 1733 281 1761 sancta,
306 1727 508 1755 ﬁrmamentum
534 1733 629 1753 eorum
645 1725 691 1759 qui
713 1725 817 1760 pariter
832 1724 966 1751 conﬁten-

176 1781 230 1809 tur,
263 1775 390 1803 alacritas
407 1774 634 1805 orlhudoxorum,
658 1772 852 1800 haereticorum
870 1771 965 1798 l'remi-

175 1827 231 1855 tus,
248 1822 391 1850 aediﬁcatio
406 1820 536 1848 Ecclesiae
551 1819 608 1847 Dei.
631 1818 745 1853 Lapides
763 1818 849 1845 sancti
861 1817 967 1844 volvun-

176 1874 220 1895 tur
230 1876 308 1902 super
326 1874 422 1893 (erraui
434 1866 465 1899 “,
482 1871 510 1892 ut
518 1865 557 1892 ait
569 1864 701 1900 propheta
713 1885 720 1893 .
734 1864 871 1896 Quorsum
884 1863 968 1890 istud?

176 1914 209 1941 ad
226 1914 438 1948 aequabilitatem
448 1912 568 1946 pietatis,
587 1911 620 1938 ad
635 1910 765 1937 Ecclesiae
780 1915 964 1937 structuram.

176 1959 236 1995 Ipse
252 1959 334 1994 igitur
346 1966 418 1986 unus
431 1957 554 1985 omnium
571 1965 585 1984 a
607 1956 711 1991 Spiritu
723 1960 829 1989 sancto,
843 1955 968 1990 angulari

120 2031 123 2034 .
178 2007 258 2040 lapidi
276 2011 418 2041 coaptatus
430 2013 459 2032 es
472 2009 500 2032 et
514 2007 733 2039 coagmentatus.
755 2003 808 2030 Sed
823 2007 850 2030 et
866 2002 966 2034 nostri,

176 2053 223 2088 qui
238 2059 394 2088 peccatores
412 2059 520 2083 sumus,
534 2054 684 2081 memento,
706 2057 723 2076 0
736 2048 920 2080 sanctissime,
939 2049 966 2075 in

177 2099 349 2126 orationibus
365 2107 370 2124 :
386 2106 419 2124 ne
435 2105 450 2124 a
465 2102 602 2125 structura
617 2095 789 2127 excidamus,
805 2094 852 2122 sed
866 2094 967 2121 alicubi

175 2145 220 2173 vel
245 2150 374 2180 tanquam
397 2145 464 2172 silex
490 2143 674 2174 inveniamur,
690 2142 779 2176 gratia
795 2149 828 2169 ac
842 2141 968 2176 benigni-
982 2150 986 2153 ν

178 2196 232 2219 tate
246 2192 340 2226 optimi
367 2191 410 2219 Dei
427 2191 524 2218 nostri.

176 2236 328 2264 XLVlll.—-
346 2236 496 2264 Theodorus
527 2236 652 2270 dispersis
673 2235 768 2270 ubique
796 2233 968 2261 Fruternita-

210 2283 278 2310 tibus
298 2291 358 2310 cum
385 2283 419 2310 iis
445 2283 533 2317 quiin
549 2282 711 2317 confessione
732 2280 836 2308 Christi
852 2284 966 2313 certant,

210 2329 334 2356 salutem.

1017 1683 1082 1704 των,
1097 1674 1224 1709 οἰκοδομὴ
1238 1674 1288 1709 τῆς
1302 1674 1349 1701 τοῦ
1362 1674 1431 1701 Θεοῦ
1446 1675 1623 1712 Ἑκκλησίας.
1637 1676 1720 1703 Λίθοι
1739 1676 1821 1711 ἅγιοι

1018 1719 1176 1746 mulierem
1198 1719 1248 1745 ἐπὶ
1269 1719 1325 1754 τῆς
1340 1718 1405 1755 γῆς,
1423 1720 1460 1751 ῶς
1475 1728 1558 1756 φησιν
1578 1721 1592 1747 ὁ
1606 1721 1764 1756 προφήτης.
1783 1721 1819 1747 Τί

1017 1764 1118 1798 τοῦτο;
1144 1765 1183 1796 εἰς
1202 1765 1355 1800 δμαλισμδν
1373 1766 1525 1797 εὐσεὸείας.
1542 1766 1583 1797 εἰς
1599 1765 1746 1801 ὲνδόμησιν
1766 1766 1820 1800 τῆς

1023 1811 1199 1847 Ἐκκλησίας,
1213 1812 1274 1838 Τῶν
1287 1812 1416 1839 ἁπάντων
1427 1810 1473 1839 οὗν
1489 1810 1530 1844 εἷς
1543 1813 1591 1839 καὶ
1604 1812 1686 1844 αὐτὸς
1701 1812 1754 1839 ὐπδ
1767 1812 1820 1839 τοῦ

1017 1858 1097 1892 ἁγίου
1115 1859 1276 1893 Πνεύματος
1291 1859 1330 1894 τῷ
1347 1860 1540 1894 ἀκρογωνιαίῳ
1562 1858 1627 1893 λίθῳ
1645 1858 1819 1894 συναρμολο-

1017 1904 1152 1938 γούμενος
1175 1904 1222 1931 καὶ
1244 1904 1492 1940 συμϐιὸαζόμενος.
1513 1904 1594 1930 Ἀλλὰ
1621 1904 1745 1939 μέμνησο
1768 1903 1820 1930 καὶ

1018 1948 1098 1983 ἡμῶν
1121 1948 1176 1976 τῶν
1192 1949 1374 1984 ἁμαρτωλῶν,
1391 1949 1538 1983 ἁγιώτατε,
1565 1949 1593 1975 ἐν
1615 1948 1674 1979 ταῖς
1697 1955 1820 1982 προσευ-

1018 1996 1090 2030 χαῖς,
1116 1995 1154 2030 μὴ
1176 1996 1328 2022 ἀποπεσεῖν
1348 1995 1399 2030 τῆς
1420 1995 1602 2030 ἐνδομήσεως,
1618 1993 1676 2021 ἀλλ’
1694 1989 1745 2020 ὧδέ
1761 2001 1816 2019 που

1017 2040 1069 2068 κᾶν
1082 2041 1120 2073 ὼς
1131 2041 1210 2077 χάλιξ
1225 2041 1382 2077 εὑρεθῆναι,
1392 2042 1485 2077 χάριτι
1496 2041 1544 2068 xei.
1558 2039 1751 2076 φιλανθρωπίᾳ
1765 2038 1816 2065 τοῦ

1016 2087 1121 2122 ἀγαθοῦ
1134 2087 1202 2115 Θεοῦ
1216 2087 1309 2123 ὴμῶν.

1017 2227 1088 2255 MH'.
1105 2243 1138 2248 -—
1152 2227 1302 2261 Θεόδωρος
1321 2227 1385 2259 ταῖς
1400 2225 1557 2260 πανταχοῦ
1579 2223 1817 2259 διεσπαρμέναις

1055 2274 1241 2308 ἀδελφότησι
1251 2273 1313 2300 σὺν
1327 2272 1390 2305 τοῖς
1406 2271 1592 2299 ἐναθλοῦσιν
1605 2271 1640 2299 ἐν
1652 2269 1689 2305 τῇ
1702 2271 1816 2305 ὁμολο-

1056 2320 1107 2356 τίᾳ
1123 2319 1263 2354 Χριστοῦ,
1279 2318 1404 2353 χαίρειν.
1421 2317 1511 2354 [rvat]

612 2374 650 2399 Ad
662 2374 815 2406 patientiam,
826 2373 919 2399 Christi
934 2381 1054 2405 amorem,
1068 2377 1096 2399 et
1106 2372 1319 2406 perseverantiam
1335 2374 1440 2398 excitat.

214 2427 301 2456 Omne
324 2429 452 2464 gaudium
475 2429 632 2456 existimare
662 2429 779 2461 debetis,
804 2427 913 2462 fratres,
939 2429 968 2456 in

179 2476 305 2510 pnesenti
345 2476 520 2503 tribulatione
552 2485 560 2503 :
599 2475 821 2511 quandoquidem
857 2481 969 2511 propter

178 2521 316 2550 Christum
341 2527 369 2550 et
398 2523 552 2557 persecutio
576 2528 618 2550 est
634 2530 730 2550 eorum
747 2523 794 2557 qui
820 2529 967 2556 vexantur,

178 2573 206 2595 ct
221 2576 316 2596 eorum
342 2577 436 2597 carcer
454 2569 500 2604 qui
521 2569 678 2596 detinentur
694 2578 701 2595 :
725 2569 806 2603 adjici
823 2574 923 2604 potest,
941 2574 969 2597 et

178 2623 273 2642 eorum
291 2616 403 2642 verbera
429 2615 642 2651 quicazduntur.
670 2614 730 2642 Non
756 2616 838 2650 igitur
853 2616 969 2643 cessabo

179 2664 206 2686 et
222 2667 317 2688 omnes
338 2660 505 2695 conjunctim
518 2664 546 2687 et
568 2660 684 2688 seorsim
701 2660 826 2695 singulos
841 2661 964 2695 compel-

181 2706 248 2738 lare,
264 2706 377 2739 hortari,
396 2715 592 2734 commonere:
621 2707 748 2742 quamvis
768 2715 821 2734 non
844 2707 896 2734 sim
913 2714 966 2734 ne-

181 2754 254 2779 scius
285 2760 346 2780 esse
372 2761 420 2780 vos
447 2753 474 2780 in
502 2753 554 2781 lide
579 2753 704 2785 stabiles,
727 2757 754 2780 et
771 2754 871 2781 habere
894 2753 967 2780 domi

180 2798 398 2828 adhortationem
410 2808 443 2828 ac
454 2800 660 2828 documentum.
680 2799 733 2826 Sed
755 2805 844 2826 tamen
861 2799 968 2827 debitor

216 2853 238 2869 ³³
257 2853 278 2880 ΙΙ
294 2854 413 2883 'l‘imoth.
432 2864 468 2889 Iv,
485 2856 511 2883 5.
562 2855 583 2872 ³⁸
603 2855 685 2883 Zach.
705 2863 741 2888 Ix,
760 2855 792 2882 lG
813 2862 869 2884 sec.
885 2854 967 2883 LXX.

1052 2429 1148 2456 Πᾶσαν
1163 2429 1251 2464 χαρὰν
1267 2428 1395 2463 ἡγητέον,
1410 2427 1521 2463 ἀδελφοί
1539 2436 1602 2462 μου,
1619 2427 1648 2454 ὲν
1666 2427 1724 2459 τοῖς
1741 2435 1818 2463 παρ-

1017 2475 1078 2503 οῦσι
1093 2475 1239 2510 θλιϐεροίς.
1267 2474 1399 2509 Ἐπείπερ
1413 2474 1457 2500 διὰ
1467 2473 1586 2509 Χριστὸν
1603 2473 1650 2500 καὶ
1663 2473 1678 2499 ὀ
1693 2473 1818 2509 διωγμὸς

1018 2521 1072 2547 τῶν
1085 2521 1269 2556 διωκομένων,
1282 2521 1329 2547 καὶ
1342 2521 1370 2547 αἱ
1385 2520 1506 2554 φυλακαὶ
1521 2519 1576 2546 τῶν
1589 2518 1815 2554 καθειργμένων·

1018 2567 1166 2603 προσθείην
1180 2567 1203 2594 δ’
1217 2567 1260 2599 ἂν,
1275 2567 1324 2594 καὶ
1338 2568 1366 2594 αἱ
1390 2567 1523 2603 μάστιγες
1547 2566 1602 2592 τῶν
1627 2567 1817 2602 μαστιγουμέ-

1017 2623 1081 2642 νων.
1098 2614 1156 2640 Οὺκ
1168 2613 1358 2649 άποπαύσοιμι
1371 2613 1516 2648 τοιγαροῦν
1529 2613 1579 2640 καὶ
1595 2613 1672 2647 κοινῇ
1688 2613 1755 2639 πᾶσι
1767 2615 1818 2640 καὶ

1017 2661 1071 2696 ίδίᾳ
1099 2660 1206 2696 ἑκάστῳ
1231 2661 1413 2695 προσφωνεῖν,
1442 2659 1623 2695 παρακαλεῖν,
1653 2659 1817 2695 ὑπομιμνήδ

1017 2715 1109 2734 σκειν”
1125 2706 1230 2740 καίπερ
1251 2705 1331 2737 εῑδὼς
1351 2705 1566 2741 ἐστηριγμένους
1586 2706 1659 2741 ὑμᾶς
1675 2706 1704 2732 έν
1718 2707 1751 2741 τῆ
1767 2706 1816 2732 πί-

1018 2761 1086 2785 στει,
1103 2753 1150 2779 καὶ
1163 2751 1269 2779 οἴκοθεν
1286 2751 1445 2787 ἔχοντας-τὺ
1459 2751 1667 2788 παρακλητικὸν
1685 2752 1733 2778 καὶ
1747 2760 1813 2778 νου-

1018 2798 1170 2834 θετητικόν.
1191 2797 1260 2825 Ἀλλ’
1273 2798 1348 2834 ὅμως
1364 2797 1507 2833 ὀφειλέτης
1527 2797 1586 2833 εἰμὶ
1610 2799 1624 2825 ὁ
1647 2797 1812 2833 ἁμαρτωλὸς
