1923 3078
97 104 170 139 1253

94 158 186 186 καὶτὸ
200 159 264 195 παρ’
280 158 400 194 ἐμαυτοῦ
417 159 591 195 προστιθέναι
609 159 687 196 [Βεε.
701 161 763 188 cod.
777 169 889 196 προστι-
901 161 928 190 Α

95 202 177 240 θεῖν],
191 203 280 235 ἄλλως
295 212 326 230 τε
343 205 391 230 καὶ
405 203 452 231 τοῦ
467 204 550 231 πόθου
571 204 779 241 ἐκϐιαζομένου»
805 204 894 239 Ζηλῶ

95 249 153 283 γὰρ
167 247 247 282 ὑμᾶς
259 247 338 283 ζήλῳ
352 248 426 276 Θεοῦ
436 257 444 264 ⁸
459 249 702 286 ὲγκαλλωπίζομαι
714 251 728 277 ὁ
740 250 894 277 ἀκαλλώπι-

96 302 161 325 aro;
186 295 248 326 ταῖς
266 294 478 330 ὀμολογητικαίς
500 294 578 331 ὑμῶν
600 295 724 331 ἀρεταῖς.
747 296 828 332 Χαρά
847 305 893 332 μοι

95 341 145 366 καὶ
175 340 307 375 στέφανος
337 341 428 376 ὑμεῖς,
453 341 570 377 ἔρεισμα
597 342 645 368 καὶ
668 342 893 376 ἀκαταγώνιστον

96 386 275 422 κραταίωμα.
302 387 358 414 Ναὶ
378 387 475 424 ἐρωτῶ
491 388 537 415 καὶ
551 388 706 424 παρακαλῶ
727 388 893 421 ἀσαλεύτους

96 433 237 467 διαμένειν
257 433 383 466 ἅπαντας
402 435 432 461 ἐν
451 434 524 471 πάσῃ
541 434 660 471 εὐθυμία
678 436 726 462 καὶ
740 435 891 471 προθυμίᾳ.

95 477 242 512 Πάντοτε,
258 480 342 515 φησὶν
355 480 370 507 ὁ
381 479 453 512 θεῖος
467 480 639 513 ’Δπόστολος,
653 481 771 515 χαίρετε
780 488 788 496 ·
809 481 892 507 ἀδια-

96 525 228 558 λείπτως
252 526 461 560 προσεύχεσθε
474 534 482 541 ·
505 526 541 553 ἐν
562 526 653 553 παντὶ
675 526 890 560 εὐχαριστεῖτε.

98 572 154 598 Καὶ
166 571 196 597 οὗ
208 571 281 607 χαρὰ
291 571 379 598 ταῦτα
395 572 443 598 καὶ
457 572 631 606 ἁγαλλίασιςς
647 573 688 599 ὅτι
706 572 798 606 Εἷπερ
813 579 891 606 συμ-

97 617 268 652 πάσχομεν,
284 618 333 644 καὶ
352 618 665 653 συνδοξασθησόμεθα
676 627 682 633 ·
696 620 722 646 εἰ
738 619 892 646 ἀποθάνω-

94 672 165 697 μεν,
181 664 231 690 καὶ
251 663 440 699 συζήσομεν·
464 666 490 692 εί
513 666 732 699 ὑπομείνωμεν,
748 665 799 692 καί
814 674 892 699 συμ-

97 710 333 742 ϐασιλεύσομεν,
349 710 388 742 ὡς
401 711 569 746 γέγραπται.
587 711 709 746 Ὴλίκηὴ
728 711 890 745 ἐπαγγελία,

97 756 237 790 ἀγαπητοί
251 756 257 783 !
276 756 307 782 El
322 756 377 791 γὰρ
390 757 430 788 sl;
445 756 501 791 πῦρ
513 756 707 792 ἐμϐληθῶμεν,
721 758 850 792 οῐσωμεν·
867 757 892 783 εί

97 801 147 828 καὶ
159 801 256 837 θηρσὶν
268 802 433 837 ἑκδοθῶμεν,
446 801 612 837 ὲνέγκωμεν.
623 803 701 829 Οὕτω
711 803 764 838 γὰρ
775 803 892 839 ἤνεγκαν

97 849 124 874 οἱ
152 848 201 875 ἀπ’
219 848 317 880 αἰῶνος
335 848 560 883 ἀθλοφοροῦντες,
573 849 670 884 ἄνδρες
687 858 718 876 τε
734 850 780 877 καὶ
798 851 891 884 γυναῖ-

98 902 158 927 κες,
169 894 204 921 τὰ
216 894 320 921 ἐκεῖθεν
334 895 544 930 προὸλέποντες,
556 897 603 922 καὶ
616 895 645 922 τὸ
660 895 747 930 παρὸν
762 895 891 932 ὀδυνηρὸν

97 941 160 972 ταῖς
182 939 274 967 ἐλπίσι
292 941 479 975 κουφίζοντες,
496 941 544 968 καὶ
565 941 671 977 τρυφὴν
693 942 841 977 ἡγούμενοι
857 942 893 969 τὰ

99 985 240 1017 ἐπώδυνα,
257 986 306 1012 καὶ
327 986 377 1021 τὴν
393 986 555 1023 προσθήκην
571 987 626 1014 τῶν
641 987 813 1023 παθημάτων
830 989 892 1014 ἐπι-

99 1031 264 1066 θυμοῦντες,
280 1032 330 1058 οὐκ
352 1032 582 1066 ἀποστυγοῦντες,
602 1032 696 1068 ὥσπερ
712 1034 736 1059 οἱ
753 1033 786 1060 τὰ
807 1033 892 1060 πλείω

99 1079 230 1113 χρήματα
244 1077 297 1104 τῶν
311 1079 478 1114 συνεταίρων
488 1079 659 1114 ἁρπάζοντες
670 1087 676 1094 ·
692 1080 729 1111 ὡς
745 1080 802 1106 ῐστε
814 1080 893 1115 ὑμεῖς

99 1123 147 1158 ἀφ’
165 1123 269 1150 ἑαυτῶν
293 1125 459 1160 γευσάμενοι
484 1125 535 1159 τῆς
560 1125 696 1153 ἀθανάτου
713 1126 892 1162 γλυκύτητος.

98 1166 136 1195 Ὠ
149 1169 237 1204 κόσμε
251 1169 351 1197 πλάνεί
364 1171 404 1197 ὅτι
423 1171 522 1206 πικρόν
540 1180 586 1198 σου
607 1172 637 1198 τὸ
656 1171 752 1199 δοκοῦν
766 1173 825 1207 ἡδὺ,
847 1173 894 1199 καὶ

100 1216 265 1251 θανάσιμον,
277 1217 349 1243 κατά
361 1218 451 1244 πᾶσαν
466 1218 563 1254 ἡδονὴν
576 1219 623 1246 καὶ
636 1220 825 1255 περιχάρειαν.
838 1221 894 1247 Καὶ

99 1260 122 1288 ὧ
136 1262 202 1290 πόθε
216 1263 347 1299 Χριστοῦ,
365 1264 406 1291 ὅτι
422 1265 463 1291 σοὶ
479 1266 495 1300 ἡ
515 1265 636 1299 εὐλογία,
652 1266 698 1293 καὶ
718 1267 734 1301 ἡ
751 1267 835 1302 χαρὰ,
849 1267 895 1294 καὶ

100 1310 117 1343 ἡ
128 1309 295 1345 δεσποσύνη,
313 1310 360 1336 καὶ
378 1311 425 1337 ἐπὶ
443 1311 506 1342 τοὺς
518 1312 651 1348 κατόχους
664 1321 722 1340 σου.
741 1313 823 1340 Ἴδετε
842 1323 895 1349 πηι

99 1355 187 1387 λίκοις
204 1355 276 1391 ὑμᾶς
294 1356 433 1392 φθέγμασι
460 1359 613 1393 παρακαλῶ
638 1359 652 1386 ὁ
672 1360 804 1396 εὐτελὴςν
822 1361 852 1387 οὔ
868 1361 894 1387 τε

100 1411 152 1429 που
165 1403 221 1430 τῶν
233 1404 410 1437 ἀξιεπαενων,
426 1404 484 1431 ἀλλ’
499 1406 541 1432 ὅτι
555 1405 684 1440 φιλικοῖς.
697 1407 776 1433 Ὅσοι
794 1406 894 1442 βραδὺ-

99 1458 172 1486 τητα
185 1450 316 1483 ἡγοῦνται
329 1451 378 1486 τὴν
393 1452 547 1487 ἐπισκοπὴν
560 1452 662 1487 Κυρίου
672 1461 679 1468 ’
694 1453 782 1479 ἐκεῖνο
797 1453 897 1480 ἐννοεί-

100 1497 269 1544 emergam
289 1497 324 1544 Tt)
343 1498 480 1531 χρηστὸν
500 1498 554 1525 τοῦ
577 1499 651 1525 Θεοῦ
671 1500 715 1532 εὶς
733 1499 895 1534 μετάνοιαν
909 1514 931 1544 C

100 1542 167 1576 ἄγει
180 1543 242 1575 τοὺς
253 1542 414 1575 διώκοντας,
426 1545 465 1575 είς
475 1544 590 1579 δοκιμὴν
607 1545 636 1571 δὲ
649 1545 713 1576 τοὺς
729 1546 895 1580 πάσχοντας.

102 1588 159 1614 Καὶ
183 1589 220 1624 μὴ
235 1588 437 1623 ἀθυμείτωσαν,
456 1590 524 1624 μηδὲ
539 1590 574 1616 τὰ
587 1591 708 1625 κρίματα
729 1591 832 1627 Κυρίου
854 1580 898 1625 EE;

101 1634 284 1667 εταζέτωσαν.
302 1636 361 1662 Οὐκ
386 1636 568 1670 εὐγνωμόνων
593 1637 695 1663 δούλων
714 1637 823 1672 λέγειν·
846 1637 899 1670 ἕως

102 1681 186 1713 svi-ts;
204 1681 261 1708 Οὺκ
274 1678 335 1708 εἷπε
347 1681 428 1708 τοῦτο
448 1681 507 1709 ’1ὼὸ
522 1684 536 1709 ὁ
550 1683 681 1718 ἀοίδιμος,
697 1683 746 1718 οὐχ
757 1684 772 1710 ὁ
785 1683 898 1716 Πέτρος,

101 1727 186 1754 οὖδ’ὀ
200 1727 316 1762 Παῦλος,
345 1729 369 1755 οξ
395 1729 550 1764 μυρίαθλοι,
574 1729 635 1756 οὐδέ
654 1737 697 1761 τις
723 1729 778 1757 τῶν
795 1730 901 1766 μαρτύ-

106 1784 174 1809 ρων.

909 834 930 862 Β

141 1864 220 1891 Οἶδεν
233 1866 247 1892 ὁ
261 1866 413 1902 ἀκοίμητος
427 1867 567 1903 ὀφθαλμὸς
581 1868 612 1894 τὸ
631 1868 734 1904 ἀρκοῦν
749 1869 793 1895 ἐπ’
810 1870 901 1905 ἀμφο-

104 1911 205 1946 τέροις.
223 1911 281 1938 Οὐκ
300 1912 396 1945 ἐλεεῖς,
419 1913 460 1939 ὅτι
474 1914 669 1947 Θησαυρίζεις
690 1914 786 1947 ἐαυτῷ
807 1915 903 1949 ὀργὴν

105 1957 141 1984 ἐν
153 1957 249 1991 ἡμέρᾳ
264 1958 356 1993 ὀργῆς
372 1959 423 1986 καὶ
436 1959 658 1994 ἀποκαλύψεως
672 1960 721 1987 καὶ
740 1960 902 1995 δικαιοκρι-

105 2004 179 2037 σίας
194 2004 249 2032 τοῦ
266 2005 352 2039 Θεοῦ,
371 2006 387 2033 ὁ
405 2005 537 2038 τοιοῦτος,
551 2003 582 2034 οὗ
600 2007 651 2034 οὐκ
665 2006 723 2033 ἐστι
743 2007 831 2042 πέρας
852 2007 903 2042 τῆς

106 2049 258 2082 κολάσεως,
273 2051 333 2077 οὐδὲ
360 2051 537 2087 ὲξαγόρευσις
557 2053 612 2079 τῶν
634 2054 663 2080 ἐν
689 2053 756 2089 πυρὶ
777 2052 904 2088 ἀσϐέστῳ

106 2096 280 2123 ἀνυποίστων
300 2097 404 2131 ἀνιῶν;
422 2099 477 2125 Καὶ
501 2099 672 2135 παρακαλεῖν
696 2100 769 2135 ὑμᾶς
791 2100 833 2126 δεῖ
855 2099 904 2135 τὴν

106 2142 218 2177 ἀνοχὴν,
235 2143 297 2169 ὅσον
312 2143 341 2170 τὺ
353 2143 397 2178 ἐφ’
409 2145 476 2179 ἡμῖν
486 2152 493 2160 ’
508 2145 532 2171 εἰ
549 2144 586 2180 μὴ
604 2144 636 2172 ἂν
650 2145 694 2172 διὰ
710 2146 774 2176 τοὺς
789 2145 904 2180 ὀλλυμέ-

695 107 966 138 EPISTOLARUM
984 107 1058 138 LIB-
1094 106 1136 137 II.

1665 102 1730 135 1251

939 167 1012 194 sum,
1028 161 1078 188 etsi
1096 163 1232 195 peccator.
1245 163 1275 186 ut
1287 163 1315 187 et
1331 158 1435 194 aliquid
1452 158 1486 186 de
1505 165 1566 186 meo
1579 157 1734 190 conferam,

945 207 1006 239 ipso
1028 206 1128 241 alioqui
1145 213 1238 233 amore
1259 205 1426 240 impellente.
1455 204 1584 231 ιΕιηιιιοτ
1607 205 1676 232 enim
1689 212 1734 231 vos

945 252 993 280 Dei
1010 252 1209 280 aemulatione"
1221 260 1230 278 :
1255 257 1282 279 et
1296 259 1357 278 cum
1373 251 1441 278 nihil
1461 251 1578 278 habeam
1592 251 1665 278 unde
1677 251 1736 284 glo-

943 299 1010 326 riari
1031 299 1147 334 possim,
1175 297 1358 326 confessionis
1381 301 1479 324 vestrae
1503 297 1655 324 virtutibus
1677 297 1735 330 glo-

944 345 1009 373 rior.
1030 345 1164 372 Gaudium
1192 344 1261 372 mihi
1284 348 1311 371 et
1332 351 1434 371 corona
1449 352 1498 371 vos
1513 343 1580 370 estis
1589 343 1622 375 ³⁶,
1655 342 1730 369 fulci-

943 397 1065 419 mentum
1080 397 1107 419 et
1117 392 1199 418 robur
1211 391 1355 418 invictum.
1375 389 1471 424 Utique
1484 397 1580 424 precor
1591 393 1618 416 et
1628 389 1734 420 hortor,

943 443 973 466 ut
985 446 1081 465 omnes
1093 438 1162 465 tit-mi
1176 437 1311 464 maneatis
1326 436 1352 463 in
1368 436 1444 462 omni
1471 435 1572 470 gaudio
1595 441 1622 462 et
1637 435 1735 462 alacri-

943 487 1009 510 tate.
1033 483 1140 518 Semper
1164 482 1283 518 gaudete,
1307 481 1395 516 inquit
1421 481 1531 508 divinus
1555 481 1704 515 Apostolus
1724 500 1733 512 ,

942 530 999 556 sine
1010 529 1203 556 intermissione
1213 533 1286 555 orate
1303 535 1312 554 :
1329 528 1355 554 in
1371 527 1492 554 omnibus
1509 527 1611 561 gratias
1626 527 1733 561 agite".

943 575 1040 602 Annon
1055 575 1126 602 istud
1143 575 1272 609 gaudium
1284 578 1325 601 est
1336 578 1363 601 et
1377 573 1547 601 exsultatio?
1564 572 1698 606 Quoniam
1712 572 1736 599 εἱ

943 622 1128 656 compatimur,
1153 626 1177 648 et
1202 620 1462 655 rongloriﬁcabimur
1491 627 1501 645 :
1529 620 1552 646 si
1578 618 1736 646 commortui

943 667 1086 702 fuerimus,
1112 671 1137 693 et
1167 665 1380 693 convivemus":
1408 665 1430 691 si
1465 664 1678 697 sustinuerimus,
1711 667 1736 690 et

943 712 1201 748 tonregnabimus”,
1227 712 1299 739 sicut
1329 711 1462 745 scriptum
1493 716 1544 737 est.
1563 710 1649 743 Quale
1673 717 1736 744 pru-

943 760 1070 791 missum,
1083 758 1199 786 dilecti?
1213 758 1297 794 Igitur
1309 757 1350 785 vel
1366 758 1389 785 si
1402 757 1585 792 conjiciamur
1601 756 1627 782 iu
1648 756 1736 790 ignes,

944 805 1065 832 feramus
1088 814 1094 831 :
1116 805 1158 832 vel
1183 805 1205 832 si
1229 805 1370 831 tradantur
1398 804 1504 834 bestiis.
1525 803 1672 838 patiamur.
1692 802 1738 830 Sic

943 853 1017 880 enim
1030 852 1115 879 tulere
1131 851 1178 886 qui
1195 851 1229 878 ab
1243 851 1319 877 omni
1344 858 1403 877 aevo
1420 850 1544 877 vicerunt
1561 850 1612 876 viri
1630 857 1662 876 ac
1674 857 1736 875 Inti-

941 898 1034 925 lieres.
1065 898 1185 924 Alterius
1206 898 1269 924 vitze
1293 896 1366 924 bona
1385 896 1596 930 prospicientes.
1614 903 1737 933 pra-sen—

943 948 1054 978 temque
1068 942 1222 971 molestiam
1239 949 1287 976 spe
1314 942 1457 975 lenientes,
1471 948 1609 968 aerumnas
1626 940 1736 967 delicia-

943 997 1004 1017 rum
1027 989 1088 1016 loeo
1116 989 1245 1020 habuere,
1273 993 1301 1015 et
1329 988 1514 1015 accessionem
1539 990 1738 1022 exoptaverunt

943 1035 1078 1067 dolorum,
1104 1033 1204 1060 nedum
1220 1041 1290 1068 aegre
1307 1034 1393 1060 tulere
1411 1041 1418 1059 :
1441 1033 1673 1067 quemadmodum
1688 1032 1735 1066 qui

944 1080 1114 1116 copiosiores
1137 1087 1220 1114 quam
1249 1079 1316 1106 socii
1341 1083 1442 1114 cogunt
1456 1086 1534 1113 opes.
1553 1078 1583 1105 id
1595 1078 1669 1112 quod
1687 1085 1736 1110 per

943 1136 992 1156 vos
1006 1128 1057 1163 ipsi
1071 1128 1170 1159 nostis,
1195 1126 1378 1153 immortalem
1400 1126 1472 1152 hanc
1495 1125 1600 1159 experti
1617 1124 1738 1151 dulcedi-

945 1184 1018 1203 nem.
1037 1174 1058 1202 Ο
1077 1173 1177 1201 utunde
1199 1173 1300 1200 fallax!
1319 1180 1402 1208 quam
1422 1180 1516 1200 amara
1532 1177 1574 1200 est
1590 1177 1617 1199 et
1635 1172 1739 1199 letifera

946 1223 990 1250 illa
1007 1228 1051 1250 tua
1063 1231 1124 1257 qua:
1134 1222 1242 1249 videtur
1257 1220 1398 1247 suavitas!
1415 1227 1496 1254 quatit
1512 1218 1587 1245 omni
1607 1217 1739 1252 voluptati

946 1270 1099 1304 lietiliazque
1115 1268 1267 1296 contraria!
1284 1267 1306 1294 Ο
1323 1266 1426 1294 Christi
1454 1273 1541 1297 amor,
1566 1264 1613 1292 tibi
1631 1264 1741 1291 benedi-

947 1317 1012 1348 ctio,
1025 1315 1165 1350 gaudium,
1181 1313 1335 1348 imperium,
1355 1317 1381 1339 et
1394 1312 1426 1339 iis
1438 1311 1482 1346 qui
1498 1315 1562 1338 sunt
1576 1311 1614 1338 tui
1629 1317 1743 1344 compo-

947 1368 998 1390 tes.
1025 1361 1128 1389 Videtis
1143 1361 1243 1395 quibus
1269 1367 1330 1393 ego.
1348 1359 1395 1393 qui
1411 1357 1534 1385 tantillus
1558 1365 1629 1388 sum,
1647 1356 1740 1384 verbis

948 1415 997 1435 vos
1019 1408 1159 1437 adhorter,
1184 1414 1232 1433 nec
1252 1406 1306 1432 illis
1332 1405 1441 1439 quidem
1466 1403 1624 1437 exquisitis,
1639 1403 1685 1429 sed
1701 1406 1739 1428 ta-

949 1462 1010 1482 men
1025 1453 1132 1481 amicis.
1150 1452 1313 1486 Quicunque
1331 1450 1436 1477 Dutnini
1454 1449 1638 1476 visitationem
1655 1448 1742 1474 tardi-

949 1501 1013 1527 tatis
1030 1499 1203 1530 insimulant,
1219 1505 1312 1525 srcum
1331 1497 1526 1532 illivreputent,
1554 1493 1744 1529 benignitatem

948 1547 998 1574 Dei
1014 1547 1049 1572 ad
1062 1545 1244 1579 pwnitentium
1262 1541 1421 1570 adducere”
1437 1548 1485 1569 eos
1505 1540 1552 1575 qui
1576 1547 1745 1574 persequun-

950 1598 1003 1626 tur,
1029 1593 1062 1620 ad
1090 1591 1280 1626 probationem
1305 1597 1353 1616 eos
1378 1588 1425 1623 qui
1451 1587 1604 1622 patiuntur.
1624 1585 1680 1612 Nec
1697 1586 1745 1611 de-

949 1638 1105 1674 spondeant
1117 1637 1252 1668 animum,
1275 1643 1325 1662 nec
1339 1634 1443 1669 judicia
1459 1633 1568 1660 Domini
1588 1632 1743 1667 explorent.

948 1685 1032 1713 Nefas
1047 1688 1090 1712 est
1114 1690 1209 1712 servos
1223 1681 1358 1709 candidos
1376 1688 1408 1708 ac
1432 1680 1534 1715 probos
1553 1679 1645 1705 dicere
1663 1687 1669 1704 :
1692 1676 1745 1704 Us-

949 1731 1082 1767 quequo‘!
1100 1730 1158 1758 Non
1186 1730 1213 1757 in
1234 1729 1304 1755 hanc
1323 1735 1417 1754 vocem
1441 1726 1534 1761 cropit
1552 1725 1670 1760 inclytus
1683 1723 1746 1756 Job,

949 1787 1006 1807 non
1019 1777 1129 1810 Petrus,
1146 1783 1200 1803 non
1214 1775 1329 1806 Paulus,
1342 1773 1394 1800 viri
1423 1772 1604 1807 plurimorum
1619 1771 1747 1798 certami-

952 1833 1027 1856 num,
1043 1832 1097 1851 non
1113 1831 1127 1850 e
1143 1821 1312 1857 martyribus
1336 1819 1495 1854 quisquam.

987 1870 1069 1898 Novit
1094 1867 1206 1904 pervigil
1233 1867 1329 1894 oculus
1357 1865 1422 1900 quid
1452 1864 1574 1899 utrisque
1597 1867 1745 1898 competat.

953 1917 1011 1944 Non
1033 1921 1058 1944 te
1084 1916 1122 1942 lui
1141 1915 1263 1947 miseret,
1276 1913 1323 1948 qui
1340 1912 1502 1939 tltesmtrisas
1519 1911 1566 1937 tibi
1582 1912 1650 1937 iram
1665 1912 1691 1936 in
1706 1910 1749 1936 die

953 1964 1001 1991 ira
1022 1967 1045 1989 et
1068 1961 1235 1988 reuelationis
1251 1964 1274 1986 et
1287 1959 1355 1993 justi
1368 1957 1466 1992 judicii
1483 1955 1570 1988 Dei“,
1587 1955 1712 1991 quisquis
1726 1955 1749 1983 is

954 2017 993 2041 es,
1011 2009 1056 2036 ubi
1084 2008 1177 2035 nullus
1192 2005 1318 2041 supplicii
1333 2005 1406 2037 linis,
1420 2011 1469 2030 nec
1487 2003 1528 2030 fas
1549 2007 1588 2029 est
1604 2001 1695 2036 eloqui
1708 2002 1751 2028 in-

954 2054 1109 2084 tolerabiles
1125 2054 1151 2080 in
1168 2054 1230 2088 igne
1247 2051 1410 2079 inexstincto
1423 2049 1550 2077 dolor-e5?
1568 2045 1678 2076 Hortari
1702 2055 1750 2075 vos

956 2102 1050 2136 utique
1065 2100 1098 2127 ad
1115 2098 1299 2127 tolerantiam.
1310 2101 1442 2132 quantum
1459 2100 1501 2123 est
1516 2096 1600 2122 situm
1616 2095 1643 2122 in
1658 2095 1749 2124 nobis.

956 2154 1046 2182 operae
1067 2145 1185 2181 pretium
1198 2143 1360 2173 estasaltem
1381 2142 1416 2169 ob
1429 2149 1477 2168 cos
1492 2140 1538 2175 qui
1555 2144 1679 2175 pereunt,
1695 2145 1718 2166 et
1736 2148 1750 2167 ιι

107 2198 181 2221 νους,
197 2189 246 2216 καὶ
259 2190 473 2222 ἐκπεπτωκότας
491 2192 541 2226 τῆς
563 2191 714 2226 ὑπομονῆς.
738 2191 767 2219 '0
791 2191 896 2225 ἐπειγό-

955 2192 1083 2227 patientia
1093 2191 1263 2219 exciderunt.
1276 2188 1328 2221 Qui
1344 2192 1459 2215 mortem
1469 2187 1621 2222 peccatoris
1644 2186 1752 2214 rnixius

109 2244 192 2269 μενος
208 2235 256 2263 τὸν
277 2235 391 2263 θάνατον
407 2237 472 2264 ἰδεῖν
486 2237 533 2264 τοῦ
549 2237 725 2273 ἁμαρτωλοῦ,
741 2238 771 2265 οὐ
791 2238 904 2265 δύναται

106 2282 222 2317 εἰρήνην
246 2282 318 2317 ἔχειν
339 2283 408 2319 πρὸς
422 2283 468 2310 τὸν
484 2283 552 2310 Θεόν
565 2292 572 2300 ·
586 2280 617 2311 οὗ
629 2285 720 2320 χεῖρον
741 2284 829 2311 οὐδέν.
849 2285 906 2311 ’Δεὶ

106 2328 164 2363 γὰρ
186 2329 216 2355 ἐν
242 2331 349 2365 ταραχῇ
374 2330 446 2357 κατὰ
466 2330 555 2365 ψυχὴν
578 2331 730 2366 ἐπιθυμῶν,
747 2331 816 2367 ὅπερ
839 2331 906 2363 Θεὸς

107 2374 270 2409 ἁποστυγεῖ,
289 2376 336 2402 καὶ
349 2376 433 2403 θέλων
445 2376 460 2403 ὃ
473 2377 504 2403 οὺ
517 2376 599 2405 θέλει.
624 2377 767 2404 Ἐντεῦθεν
782 2377 905 2412 ἀκηδίαι,

108 2420 247 2453 ἐκλύσεις,
260 2421 442 2457 βλασφημίαι,
457 2422 504 2450 καὶ
520 2423 553 2450 τὰ
569 2422 650 2450 λοιπὰ
666 2423 847 2458 βλαστήματα
855 2423 906 2458 τῆς

109 2468 255 2502 πονηρίας.
271 2468 413 2504 Εῖπωμεν,
423 2469 548 2503 ἀδελφοί·
567 2469 728 2503 Γενηθήτω
741 2469 776 2496 τὸ
790 2469 908 2504 θέλημά

108 2521 188 2541 σου·
204 2515 236 2542 ἐκ
253 2515 376 2551 καρδίας.
397 2515 558 2550 Κτηνώδης
576 2516 726 2551 ἐγενήθην
748 2516 828 2550 παρὰ
845 2516 906 2547 σοί,

111 2559 196 2594 κάγὼ
210 2559 375 2594 διαπαντὸς
384 2561 460 2596 μετὰ
469 2561 538 2589 σοῦ.
555 2562 611 2589 Καὶ
627 2561 714 2593 οὕτως
726 2562 906 2598 εἰρηνεύουσα

109 2606 126 2640 ἡ
149 2605 224 2641 ψυχὴ
249 2606 407 2642 παρρησίαν
426 2607 483 2640 ἕξει
510 2607 579 2642 πρὸς
606 2607 689 2635 Θεόν·
715 2608 907 2636 ὲκατονταετί-

112 2651 172 2683 ζειν
202 2653 231 2678 ὲν
250 2653 308 2684 τοῖς
332 2652 402 2688 ὑπὲρ
427 2653 511 2680 αὐτοῦ
541 2653 687 2690 παθήμασι
716 2654 906 2690 προαιρουμέ-

112 2706 158 2732 νη.
177 2697 246 2725 οὔτε
265 2699 321 2733 γὰρ
337 2699 396 2727 ’ἐὰν
418 2699 614 2735 κατευεώμεθα
627 2700 659 2726 τὸ
675 2700 766 2735 τάχος.
788 2701 886 2736 ἐπιστῇ
898 2709 905 2716 ·

111 2742 170 2770 οὔτ’
197 2743 232 2771 ἃν
258 2744 455 2780 ὲπευξώμεθα,
482 2746 623 2782 βραδυνεῖ·
647 2745 717 2773 ἀλλὰ.
745 2745 806 2772 τότε
835 2745 906 2779 ἥξει,

150 2813 173 2828 ³⁵
194 2812 215 2840 ll
229 2813 293 2841 Cor.
312 2822 349 2847 XI,
365 2813 394 2841 Ξ.
450 2815 472 2830 ³⁸
492 2815 609 2850 Philipp.
629 2823 665 2846 tv,
683 2815 708 2842 i.
763 2815 785 2830 ³⁷
807 2814 814 2841 |
831 2814 929 2850 Thess.

115 2850 138 2867 ⁵η
161 2852 241 2878 ιιυιιι.
259 2858 288 2884 ιι,
305 2851 332 2878 4.
353 2850 373 2866 ’³
390 2849 457 2878 ibid.
473 2850 500 2878 5.
537 2849 670 2879 “Matth.
687 2858 724 2885 vt,
743 2851 784 2878 l0.
814 2850 836 2866 ⁸³
851 2849 896 2878 Ps;

949 2858 1023 2883 .xxn,
1040 2849 1085 2877 25.

953 2243 1030 2275 optat.
1047 2237 1160 2270 intueri,
1187 2244 1281 2271 pacem
1309 2235 1332 2262 is
1354 2234 1456 2262 habere
1479 2241 1542 2260 cum
1561 2232 1615 2260 Deo
1632 2232 1750 2267 nequit:

954 2294 1009 2321 quo
1024 2285 1092 2312 nihil
1107 2287 1150 2311 est
1165 2282 1274 2310 tetrius.
1291 2281 1407 2315 Semper
1421 2279 1495 2307 enim
1509 2278 1671 2314 perturbato
1686 2278 1753 2305 ani-

955 2340 1001 2360 mo
1024 2335 1077 2363 est,
1090 2328 1216 2365 quisquis
1235 2335 1296 2362 quae
1312 2327 1385 2355 Deus
1406 2331 1549 2354 aversatur
1573 2324 1687 2359 expetit,
1706 2328 1752 2350 anl

955 2387 988 2407 ea
1006 2378 1063 2405 vult
1088 2384 1148 2411 qua:
1164 2375 1236 2402 Deus
1252 2374 1329 2401 nolit.
1347 2373 1416 2400 Hine
1435 2373 1544 2399 taedium
1558 2392 1566 2405 ,
1583 2370 1666 2398 animi
1693 2369 1752 2396 lau.

954 2432 1035 2461 guor,
1048 2421 1248 2450 maledicentia,
1266 2428 1298 2447 ac
1318 2419 1411 2446 caueri
1429 2418 1535 2445 fructus
1555 2416 1752 2452 improbitatis.

955 2469 1095 2498 Dicamus,
1121 2466 1229 2496 fratres,
1245 2463 1309 2491 Fiat
1335 2463 1456 2491 uoluntas
1490 2462 1582 2495 tua“;
1612 2461 1694 2496 idque
1719 2468 1753 2486 cx

955 2515 1055 2542 animo.
1084 2512 1118 2540 Ut
1134 2512 1285 2546 jumentum
1301 2509 1388 2545 factus
1408 2517 1466 2536 sunt
1494 2508 1564 2542 apud
1595 2514 1629 2539 te,
1653 2511 1678 2533 et
1706 2513 1754 2539 ego

955 2567 1056 2594 semper
1068 2565 1153 2586 tecum
1162 2557 1194 2584 “.
1210 2557 1299 2591 Atque
1313 2556 1350 2583 ita
1370 2559 1483 2591 pacatus
1497 2554 1606 2580 animus
1620 2552 1748 2579 titluciam

959 2605 1071 2634 habebit
1100 2604 1133 2631 ad
1165 2604 1247 2630 Deum
1258 2602 1291 2634 “,
1306 2606 1397 2629 certus
1427 2600 1469 2627 vel
1491 2606 1578 2626 annos
1597 2603 1707 2625 centum
1726 2597 1753 2623 in

959 2653 1100 2680 laboribus
1114 2651 1172 2687 ejus
1185 2658 1269 2678 causa
1283 2649 1391 2684 degere.
1411 2648 1504 2683 Neque
1518 2647 1590 2674 enim
1606 2646 1627 2673 si
1648 2644 1753 2671 accele-

960 2698 1094 2726 rationem
1111 2698 1302 2732 imprecemur,
1320 2694 1434 2723 instabit
1448 2703 1455 2721 :
1471 2701 1520 2721 nec
1535 2693 1558 2721 si
1572 2693 1753 2728 deprecemur

963 2752 1066 2772 moram
1094 2744 1184 2772 faciet.
1203 2743 1256 2771 Sed
1282 2748 1348 2771 tunc
1371 2742 1473 2774 veniet,
1485 2740 1604 2776 quando,
1621 2739 1669 2775 qui
1691 2743 1754 2767 ante

1091 2813 1113 2829 ³⁸
1133 2813 1215 2839 Rom.
1231 2821 1290 2844 vui,
1307 2811 1349 2838 17.
1401 2811 1424 2828 ³³
1444 2810 1464 2839 11
1483 2810 1604 2838 ΤίιιιοιΙι.
1622 2816 1652 2842 ιι,
1672 2808 1716 2836 12.

1133 2849 1155 2864 ⁵³
1172 2849 1181 2876 l
1197 2847 1276 2876 Joan.
1295 2856 1337 2881 ιιι,
1354 2847 1399 2874 εὶι.

949 2823 976 2845 v,
995 2814 1038 2841 iii.
