1923 3078
192 113 258 146 1255

786 114 817 144 S.
832 113 1032 144 THEODORI
1047 115 1221 145 STUDITIE

1758 107 1830 140 1256

191 170 285 197 mundi
308 169 531 198 constitutionem
559 169 674 204 deliniit,
702 170 849 197 convenire
871 170 976 205 justum

1039 171 1145 207 ιπηνὶκα
1157 172 1171 198 ὁ
1183 171 1237 207 πρὸ
1252 170 1405 206 καταϐολῆς
1419 171 1521 206 κόσμου
1535 168 1668 204 διορίσας,
1679 165 1709 193 τὸ
1721 167 1828 201 συμφέ-

189 215 321 249 judicium
336 215 410 242 n0vit
428 214 508 243 Deus.
526 215 689 248 Prccamini,
705 223 754 243 oro
765 223 823 248 vos,
839 223 889 251 pro
900 216 979 243 nobis

1039 225 1075 242 iov
1101 216 1205 243 δίκαιον
1233 217 1320 252 κρῖμα
1345 214 1399 242 οἶδε
1426 216 1504 246 Θεός.
1537 211 1731 250 Προσεύχεσθε
1760 211 1829 245 περὶ

190 261 236 296 qui
268 266 425 296 peccatores
451 269 559 293 sumus,
578 267 607 289 ut
629 262 745 289 salutem
763 269 978 297 consequamur.

191 307 319 335 Nicotaus
357 308 442 335 frater
478 315 568 335 vester
591 313 618 335 et
646 315 724 335 meus
747 315 843 335 omnes
869 307 977 335 salutat.

192 354 286 381 Gratia
301 355 453 382 vobiscum.
466 354 564 382 Amen.

192 410 285 438 XLIX.
300 427 334 432 —
351 410 495 438 Exsulibus
508 416 615 446 propter
627 410 769 438 Dominum
780 411 879 438 sanctis
891 409 982 438 Patri-

224 458 271 484 bus
290 458 352 484 meis
365 457 714 491 spiritualibus,T/teodorus
729 458 853 484 minimus
869 457 978 493 presby-

225 509 265 531 ter
279 513 309 530 ac
323 505 481 538 praepositus
493 504 671 537 Studitarum,
687 505 715 531 in
730 504 842 532 Domino
854 504 968 531 salutent

1028 258 1108 297 ἡμῶν
1136 262 1191 289 τῶν
1223 261 1412 297 ἁμαρτωλῶν,
1444 259 1615 297 παρακαλῶ,
1649 258 1694 285 ἵνα
1724 256 1825 289 σωζοίο

1032 308 1112 344 μεθα.
1147 308 1176 336 Ὀ
1202 308 1318 342 ἀδελφὸς
1348 307 1425 343 ὑμῶν
1455 316 1486 334 τε
1515 306 1564 334 κα)⁸
1588 305 1656 340 ἐμοῦ
1689 303 1828 334 Νικόλαος

1030 355 1230 392 προσαγορεύει
1243 355 1377 389 ἅπαντας.
1397 355 1430 382 'H
1449 355 1529 391 χάρις
1546 354 1605 390 μεθ’
1620 353 1707 389 ὑμῶν.
1727 351 1826 386 Ἀμήν.

1034 413 1102 441 ΜΘ’.
1113 429 1148 434 —
1163 414 1228 447 Τοῖς
1242 413 1292 441 διὰ
1306 414 1416 448 Κύριον
1439 411 1717 447 πεφυταόευμένοις
1733 416 1828 436 πνεν-

1067 459 1205 494 ματικῶς
1217 460 1312 494 ἁγίοις
1325 468 1385 494 μου
1399 457 1545 493 Πατράσι,
1562 458 1713 491 Θεόδωρος
1724 456 1829 490 ἐλάχι-

1069 514 1143 538 στος
1151 506 1362 541 πρεσϐύτερος,
1369 505 1419 532 καὶ
1427 505 1595 539 ἡγούμενος
1603 502 1661 530 τῶν
1669 501 1829 533 Στουδίου,

1066 551 1101 578 ἐν
1111 551 1209 585 Κυρίῳ
1221 551 1348 586 χαίρειν.
1361 549 1454 587 [τνγ’.]

191 596 263 626 Quod
283 595 373 621 Christi
394 602 473 631 causa
481 596 579 628 profugi
596 598 748 631 secesserint
761 596 920 631 in_montemJ
933 598 1072 631 gratulatur
1093 601 1208 631 tanquam
1227 597 1290 621 coelo
1303 603 1342 631 _ac
1361 597 1415 621 Deo
1432 595 1607 631 propioribus:
1623 601 1679 619 mox
1695 593 1727 618 ad
1745 593 1827 624 varia,

389 627 453 651 circa
466 626 590 658 lapsorum
608 634 701 658 poenas,
716 628 893 659 vitandamque
905 626 1123 653 leonomurltorum
1135 626 1289 658 societatem,
1302 626 1456 659 interrogata
1466 626 1614 657 respondet.

225 668 274 696 Vel
286 670 319 696 ab
331 669 483 696 orthodoxe
500 677 554 697 uno
572 671 697 705 accipere
710 670 812 705 aliquid
826 671 979 698 litterarum

189 714 356 741 difﬁcillimis
381 714 456 741 hisce
475 714 752 748 temporibus,multo
774 723 838 742 vero
857 716 943 750 magis
963 724 979 743 a

189 760 283 787 multis
298 760 325 786 in
340 767 424 786 unum
440 761 611 795 congregatis
623 765 677 788 tam
692 769 740 796 pro
755 761 807 788 hac
821 766 982 796 tempestate

189 814 302 838 novum,
328 814 411 841 quam
443 807 540 842 hyeme
554 815 629 839 ,rosa
653 806 727 835 foliis
740 808 827 835 dives.
846 809 878 835 Et
898 812 940 835 est
955 808 981 835 id
998 796 1019 824 Β

189 851 338 880 humilitati
361 859 428 878 mea:
448 851 600 887 jucundum
626 853 654 879 in
686 853 803 887 primis:
822 854 858 880 ita
883 858 912 880 ut
940 853 982 880 vel

189 898 276 933 ipsius
301 898 489 933 inscriptionis
503 898 602 925 intuitu
621 898 734 933 spiritus
749 900 936 930 exsultaverit,
953 903 982 926 et

189 944 300 979 gratias,
317 948 346 970 ut
359 951 407 978 par
422 948 474 977 est,
492 943 607 971 Domino
621 944 706 978 egerit
721 953 728 972 :
742 945 787 979 qui
809 945 836 971 in
854 946 981 979 praisenti

190 990 391 1025 persecutione,
404 989 549 1016 Achabicm
562 989 656 1022 simili,
665 990 770 1025 reliquit
780 990 833 1017 sibi
849 996 887 1017 tot
896 991 982 1024 viros,

189 1038 234 1071 qui
255 1045 305 1063 non
331 1041 506 1064 curvaverant
523 1044 609 1071 genua
631 1041 692 1064 ante
720 1036 789 1064 Baal
799 1037 832 1064 “.
843 1036 897 1065 Nec
915 1045 983 1073 pau—

189 1084 276 1111 ciores
291 1083 365 1110 enim
375 1091 435 1110 esse
450 1091 523 1110 nunc
537 1090 600 1110 reor
608 1083 654 1118 qui
665 1082 743 1110 fracti
757 1091 810 1110 non
825 1084 889 1114 sint,
900 1092 981 1118 quam

191 1134 255 1157 tunc
279 1130 354 1156 fuere
370 1137 376 1156 :
400 1137 453 1156 non
476 1134 586 1164 propter
599 1137 647 1157 eos
664 1130 745 1156 modo
760 1130 807 1165 qui
825 1138 859 1158 ex
875 1130 984 1158 confes-

189 1177 265 1203 sione
287 1176 465 1202 innotuerunt
482 1184 489 1201 :
505 1183 600 1202 verum
614 1175 695 1202 etiam
709 1177 745 1202 ob
764 1184 811 1203 eos
827 1176 874 1210 qui
890 1176 944 1204 huc
955 1181 982 1204 et

188 1221 254 1249 illuc
273 1222 424 1249 incolumes
441 1229 564 1252 evasere,
583 1222 611 1248 in
636 1221 825 1249 solitudinibus
853 1227 982 1255 errantes,

189 1270 218 1293 in
235 1268 365 1294 mentibus
377 1287 384 1298 ,
401 1273 424 1293 et
455 1266 597 1301 speluncis.
614 1272 638 1293 et
661 1268 779 1293 cavernis
804 1267 929 1300 teme“;
956 1271 984 1295 ut

189 1313 311 1347 Apostoli
337 1313 427 1340 verbis
447 1318 510 1340 utar
526 1322 533 1339 :
549 1312 780 1347 quemadmodum
807 1317 908 1340 coetum
935 1321 983 1340 ve.-

191 1364 278 1386 strum
299 1365 378 1384 mons
394 1357 438 1384 ille
455 1357 596 1392 tergemini
612 1357 732 1387 verticis.
752 1361 884 1392 tanquam
901 1359 984 1385 decus

192 1404 345 1431 immortale
370 1408 544 1434 consecutus.
563 1407 693 1430 ostentat.
715 1403 770 1430 Deo
793 1403 876 1439 igitur
892 1409 983 1439 grates

191 1450 312 1484 agenda,
327 1450 372 1484 qui
389 1449 466 1476 dives
481 1454 521 1476 est
532 1449 560 1475 in
572 1456 632 1481 vos,
648 1453 674 1476 et
691 1448 718 1475 in
730 1456 825 1476 omnes
840 1449 887 1484 qui
905 1450 981 1477 invo-

190 1502 254 1524 cant
272 1503 371 1523 nomen
388 1496 448 1530 ejus
464 1496 498 1524 ⁸⁷.
518 1495 630 1522 Sacram
658 1495 730 1522 hanc
753 1500 872 1522 vestram
890 1496 981 1531 fugam

189 1543 421 1570 laudozvestrum
437 1542 502 1569 illud
523 1542 550 1568 in
565 1545 657 1569 monte
670 1542 838 1569 domicilium
854 1543 983 1576 praedico,

190 1590 379 1617 calamitosum
404 1588 468 1616 illud
495 1587 605 1624 quidem
629 1607 637 1620 ,
662 1588 709 1615 sed
736 1593 826 1615 tamen
847 1588 983 1616 dlvinum.

189 1635 279 1662 Moses
292 1635 317 1661 in
337 1639 429 1661 monte
441 1633 506 1661 Sina
520 1641 583 1660 cum
600 1632 654 1661 Deo
672 1637 714 1660 est
728 1633 893 1661 collocutus.
909 1633 985 1662 Elias

189 1683 217 1709 in
234 1685 327 1708 monte
354 1679 444 1708 lloreb
461 1679 545 1707 Deum
562 1679 679 1711 intueri,
705 1684 837 1714 quantum
864 1679 906 1706 l'as
931 1684 983 1711 est,

190 1729 298 1755 meruit.
315 1727 396 1755 Jesus
412 1727 471 1761 ipse
493 1725 682 1753 divinissimus
709 1725 735 1752 in
755 1729 874 1752 montem
889 1732 985 1753 ascen-

190 1774 229 1801 dit
245 1778 272 1800 ut
283 1774 375 1805 homo,
387 1773 421 1799 ad
435 1772 579 1799 orandum.
591 1771 661 1804 Quid
674 1771 747 1798 istud
761 1771 799 1799 rei
808 1771 984 1806 est?signum

190 1827 250 1847 esse
266 1819 394 1846 existimo
412 1818 510 1845 mentis
521 1817 917 1851 ascensus,contemplandum
934 1824 983 1843 no—

190 1867 243 1894 bis.
257 1865 326 1892 Nam
342 1865 380 1892 uti
396 1872 477 1892 muns
495 1863 596 1890 elatior
614 1868 657 1891 est
672 1863 796 1898 subjecta
813 1863 925 1898 planitie
945 1862 985 1890 lo-

191 1913 286 1947 cisque
299 1910 427 1939 coni-avis
447 1919 453 1937 :
470 1909 564 1936 eadem
581 1909 757 1944 proportione
779 1908 915 1943 precantis
926 1908 985 1934 ani-

191 1968 253 1988 mus
267 1967 300 1987 ex
319 1957 429 1986 sublimi
452 1958 511 1984 loco
525 1957 650 1984 ascendit
666 1956 699 1984 ad
727 1955 825 1983 Deum.
841 1954 950 1988 Videte,
969 1962 984 1982 ο

191 2005 427 2037 desideratissimi,
438 2004 528 2039 qualis
541 2008 568 2030 et
590 2008 695 2038 quanta
712 2003 792 2031 sedes
817 2009 908 2030 vestra
935 2002 982 2029 sit.

190 2053 279 2080 Nostri
292 2059 373 2086 porro
385 2054 559 2082 mementote,
575 2049 623 2085 qui
636 2054 795 2084 peccatores
812 2057 921 2082 sumus,
935 2048 984 2084 qui

193 2100 237 2127 hic
253 2098 328 2125 lmmi
341 2098 465 2133 degimus
483 2106 491 2124 :
505 2102 535 2124 ut
546 2097 737 2124 consociemur
750 2095 840 2128 vobis,
857 2095 904 2130 qui
918 2097 985 2123 estis

191 2146 310 2173 altivola:
323 2144 431 2172 Domini
441 2143 550 2179 aquilae.
563 2143 615 2170 Sed
625 2143 659 2170 de
677 2142 719 2170 his
735 2142 881 2173 hactenus,
896 2148 986 2176 quan-

189 2200 271 2228 quam
289 2191 366 2226 plura
380 2190 471 2217 dicere
486 2189 562 2217 ardet
579 2189 698 2216 animus.
715 2188 781 2221 Qua:
795 2195 860 2214 vero
874 2192 928 2214 tam
941 2187 988 2214 de-

190 2238 273 2265 misse
286 2237 320 2264 de
331 2236 409 2264 vobis
425 2235 527 2263 sentire
559 2242 644 2262 causa
669 2234 828 2268 impulit.ut
843 2241 858 2260 a
871 2241 926 2266 me,
941 2234 988 2267 qui

191 2293 251 2313 sum
266 2285 407 2316 indoctus,
419 2289 552 2316 responsa
572 2281 684 2308 discatis
704 2281 737 2307 ad
748 2280 916 2314 interrogata
927 2286 988 2314 qua:

191 2331 344 2366 protulistis
352 2330 363 2356 ‘3
372 2337 433 2356 eum
442 2336 504 2363 qua:
511 2327 613 2355 Christi
623 2327 709 2362 gratia
718 2330 769 2358 est,
778 2325 843 2360 quid
852 2325 988 2360 agendum

191 2378 281 2412 sitper
293 2384 353 2407 vos,
365 2375 416 2410 ipsi
427 2374 540 2402 teneatis
550 2373 606 2401 :sin
621 2373 723 2403 minus.
741 2379 843 2406 pereos
854 2376 927 2399 certe
941 2370 988 2404 qui

191 2430 218 2451 et
230 2423 359 2457 dignitate
373 2426 400 2450 et
408 2421 515 2448 dicendi
532 2419 662 2447 facultate
680 2423 820 2454 prmstant.
833 2417 904 2445 Sunt
914 2418 987 2444 enim

191 2468 312 2504 plurimi,
327 2472 357 2494 ut
373 2465 557 2494 subindicavit
568 2465 666 2496 oratio,
677 2472 747 2499 quos
757 2464 865 2491 edoceri
877 2470 988 2490 necesse

189 2521 241 2543 est.
256 2515 363 2542 Veritus
375 2514 458 2549 igitur
470 2520 505 2540 ne
519 2519 567 2539 vos
580 2510 753 2543 contristare,
762 2510 898 2545 simulque
910 2509 988 2537 vobis

193 2562 383 2596 obtemperare
400 2559 472 2587 nolle
482 2559 577 2586 videar
588 2568 595 2586 :
606 2562 706 2586 memet
722 2557 756 2584 ad
772 2563 874 2583 morem
891 2563 985 2590 geren-

190 2607 254 2634 dum
273 2607 397 2640 accingo.
418 2606 453 2632 At
468 2605 535 2632 illud
563 2604 641 2639 prius
665 2603 753 2630 habeo
775 2602 868 2629 dicere
887 2609 894 2628 :
912 2601 985 2628 hanc

192 2653 321 2680 haeresim
338 2652 346 2687 (
360 2659 519 2687 quanquam
542 2651 693 2684 majoribus
708 2650 766 2677 visa
783 2649 853 2676 forte
867 2652 920 2680 est,
936 2652 984 2674 aut

192 2699 355 2733 quibusdam
370 2698 521 2725 etiamnum
549 2697 685 2728 videatur,
702 2703 756 2723 non
784 2695 900 2723 Scelesta
917 2695 986 2722 adeo

194 2753 242 2772 nec
254 2745 333 2773 valde
347 2745 469 2780 gravis),
483 2744 549 2771 mihi
561 2748 646 2776 certe,
663 2743 711 2778 qui
726 2742 810 2769 hebes
825 2749 899 2774 sum,
915 2741 986 2768 nihil

193 2792 265 2819 aliud
295 2792 392 2824 videri,
411 2799 494 2827 quam
522 2791 624 2818 Christi
654 2789 828 2825 negationem
855 2795 926 2815 esse.
956 2787 984 2815 Si

226 2860 250 2876 “
263 2860 294 2888 lll
316 2859 382 2895 Reg.
396 2867 452 2893 χιχ,
469 2859 512 2887 l8.
545 2859 567 2875 ⁸⁸
583 2857 666 2886 llebr.
679 2865 715 2891 xu,
735 2857 779 2885 58.
816 2857 838 2872 ⁸⁷
852 2855 931 2884 Rom.
953 2864 980 2889 κ,
997 2856 1030 2882 12

1068 671 1124 698 Καὶ
1137 671 1183 705 ἀφ’
1202 670 1261 702 ἑνὸς
1275 669 1321 696 τοῦ
1335 669 1477 705 ὀρθοδόξου
1499 669 1530 696 τὸ
1546 667 1675 702 δέξασθαι
1694 674 1832 702 γραμμαρ

1033 718 1103 743 τεῖον
1116 718 1145 743 ὲν
1159 718 1220 748 ταῖς
1234 715 1368 751 χαλεπαῖς
1390 716 1510 751 ἡμέραις
1525 715 1650 746 ταύταις,
1668 714 1706 749 μὴ
1730 714 1772 740 ὅτι
1795 721 1832 746 γε

1035 764 1067 790 ὲκ
1078 763 1184 790 πολλῶν
1198 763 1245 789 ἐπὶ
1257 762 1289 789 τὸ
1303 762 1369 789 αὐτὸ
1386 761 1616 797 συνεληλυθότων,
1633 760 1708 792 ξένον
1720 768 1779 791 πως
1790 759 1831 794 τῷ

1033 809 1132 845 καιρῷ,
1147 810 1186 840 ὠς
1197 810 1226 836 ὲν
1239 809 1355 844 χειμῶνι
1366 807 1538 842 πολύφυλλον
1551 807 1638 844 ῥόδον.
1657 806 1711 832 Καὶ
1724 807 1759 841 τῇ
1774 806 1829 840 ἐμῇ

1033 855 1196 882 ταπεινώσει
1207 855 1303 891 χάριεν
1321 855 1362 881 ὃτι
1379 853 1513 890 μάλιστα⁸
1529 853 1599 880 ὥστε
1617 851 1665 879 ἀπ’
1681 852 1767 885 αὐτῆς
1779 852 1830 886 τῆς

1034 900 1200 936 προγραφῆς
1225 900 1372 936 σκιρτῆσαι
1390 909 1441 936 μου
1463 900 1494 926 τὸ
1513 899 1633 934 πνεῦμα,
1647 899 1694 925 καὶ
1710 898 1828 933 ἀνθομο-

1033 947 1204 983 λογήσασθαι
1219 947 1316 982 Κυρίῳ
1329 947 1364 973 τὰ
1376 947 1470 973 εἰκότα
1484 954 1491 961 ·
1507 946 1536 977 ὃς
1550 947 1596 972 καὶ
1613 947 1642 972 ὲν
1659 944 1700 979 τῷ
1714 945 1830 979 παρόντι

1040 993 1195 1029 ’Λχαὸαῖκῷ
1208 993 1332 1029 διωγμῷ,
1347 993 1510 1020 κατέλιπεν
1520 992 1616 1024 ἑαυτῷ
1630 991 1774 1023 τοσούτους
1785 991 1829 1025 μὴ

1033 1040 1212 1075 κάμψαντας
1223 1040 1297 1074 γόνυ
1309 1039 1345 1074 τῇ
1356 1039 1448 1066 Βάαλ,
1460 1036 1544 1074 υίμαι
1550 1038 1604 1073 γὰρ
1614 1037 1668 1064 τῶν
1678 1037 1830 1072 τηνικαῦτα

1036 1087 1197 1123 ἰσαρίθμους
1209 1085 1279 1113 εἶναι
1289 1086 1353 1118 τοὺς
1365 1086 1412 1113 νῦν
1422 1087 1560 1121 ἁκαμπεῖς
1569 1093 1577 1101 ⁸
1591 1085 1622 1111 οὺ
1631 1085 1711 1120 μόνον
1721 1084 1765 1111 διὰ
1774 1084 1830 1110 τῶν

1034 1134 1074 1164 είς
1088 1130 1227 1168 προῦπτον
1243 1131 1378 1168 κειμένων
1393 1132 1423 1164 ἐξ
1439 1131 1585 1166 ὁμολογίας
1599 1139 1606 1146 ¹
1625 1130 1694 1157 ἀλλὰ
1713 1130 1768 1166 γὰρ
1783 1130 1831 1156 καὶ

1033 1179 1077 1205 διὰ
1091 1178 1145 1205 τῶν
1155 1175 1207 1205 ὧδέ
1219 1187 1248 1205 τε
1263 1179 1375 1205 κάκεῖσε
1386 1178 1623 1213 διασεσωσμένων,
1634 1177 1668 1204 ἐν
1680 1177 1829 1211 ἐρημίαις,

1034 1225 1083 1251 καὶ
1099 1224 1194 1258 ὄρεσι,
1206 1224 1256 1251 καὶ
1271 1224 1437 1258 σπηλαίοις
1451 1224 1500 1251 καὶ
1512 1224 1577 1257 ταῖς
1590 1223 1678 1256 ὀπαῖς
1693 1222 1750 1257 τῆς
1761 1223 1829 1258 τῆς,

1033 1270 1222 1302 ὰποστολικῶς
1242 1270 1345 1296 εἰπεῖν·
1364 1269 1491 1305 καθάπερ
1513 1269 1561 1296 καὶ
1574 1268 1624 1304 τὴν
1646 1268 1724 1304 ὑμῶν
1740 1269 1831 1304 ὁμάδα

1033 1316 1064 1342 τὺ
1094 1315 1260 1351 τρικόρυφον
1289 1315 1352 1350 ὅρος
1382 1315 1420 1347 ὠς
1447 1314 1603 1351 τρισόλϐιοι)
1636 1314 1715 1346 κλέος
1747 1315 1832 1349 φέρον

1034 1362 1195 1398 ὡραϊζεται.
1215 1362 1303 1397 Χάρις
1323 1359 1369 1388 οὖν
1383 1361 1423 1397 τῷ
1436 1361 1495 1396 Θεῷ
1512 1361 1551 1396 τῷ
1570 1360 1731 1387 πλουτοῦντι
1757 1361 1832 1395 ὑμᾶς

1036 1409 1084 1434 σὺν
1119 1408 1186 1434 πᾶσι
1216 1408 1272 1438 τοῖς
1300 1406 1527 1442 ἐπικαλουμένοις
1559 1406 1590 1432 τὸ
1622 1406 1708 1441 ὄνομα
1733 1406 1831 1434 αὑτοῦ.

1041 1453 1161 1480 Ἐπαινῶ
1177 1453 1226 1488 τὴν
1239 1453 1316 1488 ἱερὰν
1329 1453 1475 1487 φυγαδείαν
1490 1452 1568 1486 ὑμῶν
1579 1461 1587 1468 ·
1600 1451 1677 1488 ὑμνῶ
1688 1452 1739 1487 τὴν
1752 1454 1832 1487 ὀρει-

1038 1499 1086 1533 νὴν
1102 1498 1239 1525 συνοικίαν
1255 1498 1350 1533 ὑμῶν·
1363 1498 1403 1524 ὅτι
1415 1498 1438 1524 εί
1453 1497 1501 1523 καὶ
1514 1496 1666 1532 τληπαθὴς,
1681 1497 1756 1531 ὅμως
1772 1495 1832 1522 θεο-

1037 1544 1124 1575 ποιός.
1148 1543 1250 1578 Μωσῆς
1273 1544 1303 1569 ὲν
1327 1543 1386 1578 δρει
1408 1541 1447 1577 τῷ
1469 1542 1568 1575 Σιναίῳ
1589 1541 1648 1577 Θεῷ
1669 1541 1831 1575 συνωμίλει.

1044 1589 1138 1620 Ἠλίας
1160 1589 1189 1616 ἐν
1212 1588 1270 1624 ὁρει
1297 1588 1336 1624 τῷ
1352 1583 1454 1624 Χωρήὸ
1479 1588 1545 1614 Θεὸν
1574 1587 1639 1614 ἰδεῖν
1664 1586 1701 1618 ὡς
1719 1586 1832 1612 δυνατὸν

1059 1635 1163 1667 ξίωται.
1187 1635 1290 1669 Ἰησοῦς
1303 1635 1385 1666 αὐτὸς
1398 1635 1413 1661 ὁ
1430 1634 1650 1669 θεαρχικώτατος
1669 1634 1710 1665 είς
1724 1633 1756 1660 τὸ
1769 1633 1832 1669 ὅρος

1037 1681 1141 1709 ἄνεισιν
1166 1680 1411 1717 ἁνϐρωποπρεπῶς
1433 1679 1646 1716 προσεύξασθαι.
1674 1679 1709 1706 Τί
1734 1679 1831 1710 toﬁ-ro;

1038 1729 1100 1763 ἐμοὶ
1121 1728 1195 1754 δοκεῖ
1214 1727 1348 1763 σύμϐολον
1362 1726 1412 1762 τῆς
1429 1727 1499 1754 κατὰ
1513 1726 1603 1762 ψυχὴν
1617 1726 1778 1757 ἀναδάσεως
1803 1726 1833 1752 ab

1039 1773 1172 1809 θεώρημα.
1193 1771 1273 1802 εἶναι.
1295 1773 1339 1804 Ὧς
1362 1773 1416 1808 γὰρ
1435 1774 1466 1799 τὸ
1485 1773 1549 1808 ὅρος
1566 1771 1759 1808 ὐπερανεστώς
1774 1772 1833 1798 ἐστι

1038 1819 1088 1854 τῆς
1101 1819 1238 1854 ὑπωρείου
1258 1818 1383 1851 πεδιάδος
1399 1819 1446 1846 καὶ
1460 1819 1510 1854 τῆς
1522 1819 1693 1854 κοιλότητος
1711 1817 1834 1852 τοσούτῳ

1037 1865 1069 1899 δὴ
1092 1865 1184 1900 μέτρῳ
1208 1865 1222 1891 6
1244 1864 1306 1896 νοῦς
1331 1865 1378 1892 τοῦ
1401 1865 1623 1901 προσευχομένου
1647 1865 1736 1891 ἄνεισι
1763 1863 1833 1899 πρὸς

1037 1910 1104 1937 Θεὸν
1115 1910 1159 1936 διὰ
1173 1910 1221 1936 τοῦ
1236 1909 1375 1945 μετεώρου
1386 1910 1482 1936 τόπου.
1504 1910 1612 1944 Ὁρᾶτε,
1625 1905 1647 1935 ὦ
1661 1909 1832 1944 τριπόθητοι,

1037 1954 1093 1983 οἷον
1110 1956 1158 1983 καὶ
1174 1955 1267 1991 ἡλίκον
1287 1955 1365 1991 ὑμῶν
1387 1956 1418 1982 τὸ
1443 1956 1616 1992 ἐνδιαίτημα.
1634 1955 1834 1990 Μιμνήσκεσοε

1038 2002 1086 2028 καὶ
1099 2001 1179 2037 ἡμῶν
1192 2001 1246 2028 τῶν
1261 2001 1432 2036 ἁμαρτωλῶν
1454 2001 1501 2028 καὶ
1515 2000 1668 2036 χαμοζώων
1683 2000 1813 2026 ἐντεῦθεν
1825 2008 1832 2014 '

1038 2048 1076 2079 ὼς
1092 2047 1125 2074 ἂν
1140 2047 1288 2082 συναφθείη
1293 2055 1343 2082 μεν
1356 2047 1420 2082 ὑμῖν
1430 2048 1487 2077 τοῖς
1501 2046 1660 2081 ὑψιπετέσιν
1675 2046 1767 2078 ἀετοῖς
1778 2040 1836 2072 κζ,-

1039 2094 1107 2130 ρίου.
1128 2094 1198 2121 Ἀλλ’
1209 2093 1295 2128 ἐχέτω
1308 2093 1357 2128 μὲν
1369 2093 1454 2119 ταῦτα
1465 2089 1529 2125 ὧδε,
1539 2093 1564 2119 εἰ
1577 2093 1625 2119 καὶ
1637 2092 1652 2117 ὁ
1664 2092 1746 2123 πόθος
1757 2092 1835 2128 ᾄττει

1039 2141 1121 2167 πλέον
1133 2140 1234 2174 λέγειν.
1249 2139 1282 2165 Τί
1294 2139 1323 2166 δὲ
1340 2139 1381 2170 είς
1394 2138 1523 2165 τοσοῦτον
1535 2138 1683 2174 ἐληλύθατε
1695 2138 1835 2164 ταπεινώ-

1043 2195 1111 2218 σεως
1124 2186 1234 2221 μέτρον,
1251 2185 1316 2220 παρ’
1332 2185 1401 2220 ἐμοῦ
1416 2184 1463 2211 τοῦ
1474 2184 1598 2220 ἀμαθοῦς
1612 2184 1708 2219 μαθεῖν
1715 2180 1753 2210 ὢν
1764 2192 1836 2219 προ-

1040 2232 1159 2259 ετείνατε
1175 2231 1299 2258 πεύσεων
1311 2230 1361 2262 τὰς
1372 2230 1534 2266 ἀποκρίσεις
1545 2239 1552 2263 ;
1570 2230 1648 2257 αὐτοὶ
1659 2230 1751 2266 χάριτι
1766 2230 1836 2265 Χρι-

1041 2278 1104 2305 στοῦ
1127 2279 1175 2312 ἀφ’
1199 2277 1304 2304 ἑαυτῶν
1321 2277 1422 2309 ειδότες
1449 2277 1480 2303 τὸ
1494 2277 1571 2303 δέον·
1598 2277 1622 2303 εἱ
1643 2276 1672 2303 δὲ
1690 2277 1740 2311 μὴ,
1765 2276 1836 2312 πρὸς

1039 2326 1093 2352 τῶν
1111 2325 1282 2361 προεχόντων
1306 2324 1353 2351 καὶ
1375 2323 1511 2358 ἀξιώματι
1531 2323 1579 2349 καὶ
1600 2322 1682 2358 λόγῳ.
1701 2321 1763 2348 Elui.
1778 2323 1836 2357 γὰρ

1039 2371 1218 2403 πλεῖστοι,ὠς
1229 2369 1368 2403 ὑπέδειξεν
1382 2371 1396 2397 ὁ
1410 2370 1499 2404 λόγος,
1508 2370 1662 2404 ὀφείλοντες
1675 2367 1837 2403 ἐκδιδαχθῆ-

1039 2428 1094 2446 ναι.
1107 2419 1156 2445 Ἷν’
1173 2416 1220 2445 οὖν
1242 2418 1279 2453 μὴ
1300 2417 1369 2449 δόξω
1389 2417 1483 2444 λυπεῖν
1495 2417 1578 2452 ὑμᾶς,
1594 2416 1653 2451 ἅμα.
1671 2423 1700 2442 τε
1725 2415 1774 2441 καὶ
1788 2414 1836 2441 διο

1038 2465 1103 2497 διὼς
1126 2465 1158 2492 τὸ
1183 2465 1310 2500 ἀνήκοον,
1338 2463 1455 2499 καθίημι
1483 2462 1601 2498 ἐμαυτὸν
1627 2461 1695 2497 πρὸς
1718 2463 1750 2488 τὸ
1772 2462 1836 2487 ἐπί-

1038 2519 1143 2546 ταγμα.
1166 2510 1246 2537 Ἀλλὰ
1261 2510 1368 2546 πρῶτον
1383 2510 1472 2536 ἐκεῖνο
1484 2509 1538 2544 ἔχω
1550 2509 1579 2535 λέ
1586 2516 1654 2543 μιν·
1667 2508 1708 2534 ὅτι
1725 2509 1741 2543 ὴ
1759 2508 1837 2543 αἶρε-

1039 2566 1082 2589 σις
1106 2557 1186 2592 αὕτη,
1203 2557 1227 2583 ει
1246 2557 1296 2584 κα)¹
1311 2557 1368 2589 τοῖς
1389 2555 1572 2592 προλαϐοῦσιν
1589 2555 1678 2590 ἐφάνη
1697 2554 1797 2586 ἄλλως.
1817 2554 1835 2589 ἢ

1038 2604 1083 2630 καί
1099 2612 1154 2630 τισι
1171 2602 1293 2638 φαίνοιτο
1312 2602 1372 2635 νῦν,
1388 2602 1574 2638 μεσοπόνηρος
1594 2601 1642 2628 καὶ
1654 2601 1684 2627 οὺ
1699 2600 1762 2627 λίαν
1783 2609 1836 2635 χα-

1037 2650 1122 2686 λεπήπ
1136 2651 1197 2685 ἐμοὶ
1217 2649 1283 2683 γοῦν
1305 2649 1344 2685 τῷ
1361 2644 1508 2684 ἀμύδρωπι
1531 2648 1608 2675 οὐδὲν
1626 2648 1692 2675 ἄλλο
1706 2646 1793 2679 δοκεῖ,
1817 2646 1836 2681 ἦ

1037 2698 1152 2734 ἄρνησις
1178 2696 1296 2734 Χριστοῦ
1328 2694 1409 2723 εἶναι.
1438 2696 1468 2722 Et
1492 2696 1548 2731 γὰρ
1573 2691 1601 2721 εν
1630 2695 1664 2729 τῇ
1690 2693 1777 2720 εἰκόνι
1805 2691 1838 2718 τὸ

1037 2743 1189 2778 ἀρχέτυπον
1205 2742 1376 2777 ὲκφαίνεται,
1397 2741 1435 2773 ὣς
1452 2749 1535 2776 φησιν
1556 2741 1571 2767 ὀ
1585 2739 1724 2773 πάνσοφος
1739 2737 1836 2765 Διονὺ-

1037 2797 1095 2817 ato;
1106 2798 1112 2804 '
1129 2790 1177 2816 καὶ
1195 2789 1218 2815 εἰ
1237 2789 1254 2824 ἡ
1270 2788 1320 2823 τῆς
1335 2787 1438 2819 εἰκόνος
1455 2787 1523 2822 τιμὴ
1546 2787 1592 2814 ἐπὶ
1606 2785 1637 2812 τὸ
1654 2783 1836 2820 πρωτότυπον
