1923 3078
69 144 138 178 1257

664 143 933 175 EPISTOLARUM
966 143 1040 173 LIB-
1063 145 1105 175 II.

1632 144 1700 178 1258

65 199 211 232 διαϐαίνει,
229 198 267 231 ὥς
282 207 365 233 φησιν
381 195 497 234 δ’μέγας
509 198 649 231 Βασίλειος
659 208 666 216 ο
685 199 846 232 ὲξουδένωτα

897 196 984 227 enim
996 197 1023 224 in
1039 197 1159 232 imagine
1174 197 1351 233 archetypum
1369 198 1469 230 elucet,
1486 203 1514 226 ut
1528 199 1700 234 sapientissi-

65 247 95 274 δὲ
115 246 163 273 νῦν
184 247 202 281 ή
218 244 300 272 εἰκὼν
315 244 445 281 Χριστοῦ,
459 245 588 280 ἡρνηται,
602 245 758 281 πεπάτηται
780 245 858 280 παρά

64 293 121 320 τῶν
139 291 340 328 Χριστομάχων
351 299 358 307 °
382 292 436 327 ἄρα
452 292 482 318 ἐν
501 293 535 328 τῇ
550 291 634 318 εἰκόνι
657 291 739 318 αὐτοῦ
755 293 802 318 καὶ
813 291 858 318 διὰ

65 341 116 375 τῆς
134 338 238 370 εἰκόνος
254 338 358 374 ὴρνὴθη
380 338 507 373 Χριστὸς,
523 338 673 374 ὴτιμάσοη,
689 338 856 383 ἀπεδοκιμάέ

65 386 120 421 σθη
143 385 296 416 Ἰουδαϊκῶς
309 393 317 400 ⁵
336 384 383 411 καὶ
395 384 510 416 ἀλλοίως
522 385 572 411 οὐκ
588 384 662 411 ἔστιν
673 385 858 420 ὑπεξαγαγεῖν

63 431 95 458 τὸ
110 430 252 466 θεώρημα.
269 429 318 457 Διὰ
334 429 412 456 τοῦτο
427 430 533 466 Θρήνων
552 431 598 457 καὶ
618 431 741 457 κοπετῶν
762 431 776 457 ὁ
795 440 856 458 και-

66 476 112 511 ρός
122 483 130 491 ο
143 475 188 502 διὰ
200 476 278 501 τοῦτο
291 476 338 501 καὶ
353 474 475 501 τοσοῦτοι
487 475 512 501 οἱ
529 475 710 510 ἐνιστάμενοι,
727 476 758 503 οὐ
776 476 857 511 μόνον

63 521 173 556 ἄνδρες.
186 521 254 548 ἀλλὰ
267 521 314 548 καὶ
328 522 476 555 γυναῖκες’
493 521 529 554 ὡς
546 521 664 556 λογικῶς
680 531 710 549 τε
725 523 772 550 καὶ
787 531 857 559 πρα-

63 565 208 601 γματικῶς
227 565 395 601 ἀρνουμένου
414 565 534 601 Χριστοῦ
545 575 552 581 ·
568 567 636 602 ὅπερ
647 567 693 594 ἐπὶ
707 567 760 594 τῶν
772 568 856 595 πάλαι

63 610 199 645 αἱρέσεων
212 610 262 637 οὐκ
273 607 377 636 ὦπται·
390 609 508 644 λογικῶς
524 611 584 645 μὲν,
601 612 630 638 ἐν
641 612 679 647 τῷ
694 612 782 646 λέγειν
793 613 856 645 τοὺς

62 656 184 688 ἀσεϐεῖς,
202 656 240 692 μὴ
259 655 314 683 οἷόν
335 665 365 683 τε
381 657 570 693 ἐγγεγράφθαι
593 659 711 693 Χριστὸν
729 659 855 694 σώματος

62 702 236 738 χαρακτῆρι·
253 703 451 737 πραγματικῶς
469 704 507 736 δὲ,
527 705 568 731 ὅτι
587 705 748 741 καθαιροῦσι
764 707 856 734 πᾶσαν

63 748 158 774 εἰκόνα
175 748 255 782 ἁγίαν
267 749 397 783 Χριστοῦ,
408 750 457 784 τῆς
470 749 612 784 Θεοτόκου,
628 751 764 786 ἀγγέλων,
776 753 854 787 ἀγίου

63 794 167 826 παντὸς
183 795 230 821 καί
245 795 334 829 άγίας,
358 795 390 822 ἐκ
411 796 502 832 πάσης
521 797 695 832 Ἐκκλησὶας,
712 799 767 826 ἀπὸ
787 808 854 826 παν-

61 841 108 872 τὸς
127 840 201 876 ἱεροῦ
215 841 402 876 ἀναθήματος,
417 842 484 878 rupi.
497 843 699 878 παραδιδόντες,
716 845 854 872 ἐπιτωθά-

61 886 167 919 ζοντες,
185 887 319 921 γελῶντες
333 888 363 914 τὸ
381 888 453 923 μέγα
467 889 516 924 τῆς
531 889 673 921 εὐσεϐείας
692 891 851 927 μυστήριον,

62 933 203 968 βδέλυγμα
218 934 335 969 Χριστὸν
349 935 576 970 ἐγγεγραμμένον
589 936 636 963 σὺν
645 937 739 972 Μητρὶ
751 938 798 964 καὶ
809 937 853 965 θε-

61 979 196 1015 ράπουσιν
211 979 412 1012 ἀποκαλοῦντες
421 982 504 1016 ’ὅπερ
519 983 627 1016 φρονεῖν
642 982 689 1009 καὶ
704 983 792 1017 λέγειν
805 984 852 1011 καὶ

61 1025 204 1059 πράττειν,
242 1024 376 1052 Ἰουδαίων
402 1026 462 1053 ἐστὶ
487 1027 535 1053 καὶ
563 1027 707 1064 Ἑλλήνων.
735 1029 767 1055 Οἱ
796 1030 851 1066 γὰρ

63 1071 184 1107 Ἀραϐες
199 1071 248 1099 καὶ
265 1071 366 1099 Σκύθαι
386 1073 457 1100 αἰδοῖ
478 1073 614 1109 χρώμενοι
633 1075 711 1103 οὐδὲν
732 1076 851 1104 τοιοῦτον

61 1116 201 1151 ἐφάνησαν
215 1118 406 1153 πεποιηκότες.
423 1119 485 1151 Πῶς
496 1117 542 1146 οὖν
556 1119 606 1147 οὐκ
621 1121 736 1157 ἄρνησις
748 1122 797 1157 τῆς
809 1124 850 1149 οἰ-

60 1163 325 1199 κονομίας-Χριστοῦ
339 1164 441 1198 ταῦτα;
463 1165 533 1192 Ἀλλ’
545 1166 592 1193 ἐπὶ
611 1167 661 1199 τὰς
676 1169 821 1203 προτάσεις
836 1171 850 1197 ὁ

59 1207 149 1241 λόγος.
164 1208 242 1240 Τινὲς
268 1209 297 1242 ἐξ
314 1209 382 1242 ἰδίας
402 1211 589 1246 προαιρέσεως
614 1212 765 1248 ὑπέκυψαν,
784 1215 849 1242 ἄνευ

59 1253 106 1279 τοῦ
121 1255 376 1288 καταναγκάζοντος
386 1264 393 1270 ·
409 1256 484 1284 ἄλλοι
500 1257 569 1293 μετὰ
584 1258 696 1293 πληγῶν
706 1268 712 1275 '
728 1259 802 1286 ἄλλοι
815 1261 849 1287 δι’

58 1299 176 1334 ἀπειλῆς
190 1301 237 1327 καὶ
253 1301 353 1336 μόνης’
365 1301 455 1337 ἕτεροι
472 1303 536 1330 ἄνευ
551 1304 677 1340 ἀπειλῆς,
699 1306 746 1332 καὶ
764 1305 849 1341 βασά-

58 1354 122 1378 νων,
141 1345 208 1379 δέει,
223 1348 270 1373 καὶ
289 1347 386 1382 μόνον·
403 1348 478 1376 ἄλλοι
494 1350 538 1377 διὰ
551 1351 581 1377 τὸ
596 1350 634 1387 μὴ
649 1353 776 1379 ἐκπεσεῖν
794 1354 849 1381 τῶν

59 1391 145 1419 ἰδίων.
159 1392 238 1424 Τινὲς
252 1393 280 1420 δὲ
295 1393 342 1420 καὶ
359 1395 430 1422 κατᾶ
444 1395 567 1430 ἄγνοιαν.
583 1397 702 1431 Τούτους
717 1399 847 1435 ἐπιστρέ-

58 1444 159 1470 φοντας
170 1437 230 1469 πῶς
239 1438 280 1465 δεῖ
290 1438 469 1474 ἀποδέχεσθαι
479 1449 486 1473 ;
498 1441 737 1477 ἐπιδεικνυμένους
747 1443 847 1479 δηλαδὴ

56 1482 150 1515 ἀξίους
165 1484 290 1519 καρποὺς
299 1485 350 1520 τῆς
364 1486 508 1521 μετανοίας
521 1487 655 1520 ἅπαντας.
667 1489 746 1522 Τίνες
762 1489 790 1516 δὲ
804 1487 849 1517 οὖ-

55 1537 116 1562 τοι;
141 1529 242 1564 Ἀποχὴ
258 1530 313 1557 τῶν
329 1531 520 1566 ἀγιασμάτων,
540 1534 609 1567 μετὰ
623 1535 844 1570 προσκλαύσεως,
860 1547 882 1577 c

55 1573 102 1599 καὶ
117 1574 249 1600 ἐπιπόνου
267 1574 401 1609 δεήσεως·
418 1577 464 1603 ἐπὶ
479 1577 529 1612 μὲν
543 1578 597 1605 τῶν
609 1579 734 1615 πρώτων,
749 1582 846 1616 τριετί-

55 1619 141 1652 ζουσα
155 1628 162 1634 ·
180 1621 227 1647 ἐπὶ
244 1621 274 1648 δὲ
292 1622 345 1649 τῶν
366 1623 510 1660 δευτέρων,
528 1624 697 1657 διετίζουσα·
719 1627 766 1654 ἐπὶ
790 1628 846 1654 τῶν

54 1667 156 1702 τρίτων
171 1669 218 1694 καὶ
233 1669 370 1704 τετάρτων
387 1670 434 1697 καὶ
447 1670 590 1706 πέμπτων,
606 1673 622 1707 ἡ
638 1673 692 1699 τῶν
710 1672 826 1708 πρώτων
836 1682 843 1690 ⁸

55 1713 101 1740 ἐπὶ
126 1714 182 1741 τῶν
205 1715 305 1748 ἐκτων,
330 1717 495 1745 ὲνιαυσιιία.
511 1719 588 1745 Μετὰ
607 1719 656 1754 τὴν
671 1720 844 1756 ἐκπλήρωσιν

55 1760 114 1792 πιῖις
131 1760 172 1787 δεῖ
187 1760 259 1796 ἔχειν
275 1762 391 1797 αὐτούς
413 1763 444 1790 Εἰ
464 1764 513 1799 μὲν
527 1764 556 1797 ἐξ
575 1765 713 1799 ἱερατικοῦ
732 1767 844 1803 πληρώ-

56 1814 152 1839 ματος,
167 1807 214 1833 ml.
229 1807 277 1843 οὐχ
291 1808 444 1845 ὑπέγραψε,
468 1811 566 1846 μηκέτι
585 1812 706 1847 μετέχων
718 1813 768 1848 τῆς
782 1815 845 1840 ἀσε-

54 1850 119 1883 6οὖς
134 1852 278 1885 κοινωνίας
290 1862 342 1886 τις.
368 1854 411 1886 Ὠς
426 1856 454 1882 ἐν
505 1857 634 1884 ἐτέτακτο
648 1859 753 1895 κλήρῳ.
769 1860 799 1887 Εἰ
815 1860 843 1887 δὲ

54 1897 102 1923 καὶ
122 1897 296 1934 ὑπογράψας,
316 1900 357 1935 εἰη
378 1900 416 1932 ὡς
435 1903 594 1938 εἰργόμενος
619 1905 668 1939 τῆς
686 1906 844 1942 ἱερουργίας

53 1942 106 1974 ἕως
126 1943 268 1979 δρθοδόξου
287 1946 396 1973 συνόδου
409 1955 416 1962 ·
442 1949 578 1976 κοινωνῶν
599 1949 622 1976 δ’
635 1948 681 1977 οὖν
699 1951 773 1986 ὅμως
788 1952 843 1979 τῶν

53 1989 245 2024 ἀγιασμάτων.
268 1991 332 2024 Τοῖς
358 1994 447 2028 πάντη
471 1995 599 2022 ἀσεϐέσιν
618 1997 642 2022 εἰ
662 1995 750 2029 ἔξεστι
772 1998 844 2025 κατὰ

52 2035 176 2070 ἀνάγκην
190 2036 266 2069 δέους
281 2037 372 2071 ἕνεκα,
388 2039 404 2074 ἢ
417 2039 460 2066 διὰ
474 2040 562 2076 λιμὸν,
576 2041 593 2077 ἢ
613 2043 660 2069 καὶ
672 2043 737 2070 ἄνευ
757 2043 842 2078 ἀνάγ-

53 2090 116 2117 κης,
131 2082 148 2117 ἢ
169 2084 218 2110 καὶ
235 2083 279 2110 διὰ
294 2084 354 2119 βίαν
370 2085 462 2118 ἄλλοις
476 2088 660 2121 κοινωνοῦσιν,
683 2088 842 2124 ὀρθοδόξους

51 2128 78 2154 δὲ
91 2128 192 2160 αὐτοὺς
206 2129 377 2164 ὁμολογοῦσι,
387 2132 538 2160 συνεσθίειν
549 2142 557 2166 ;
573 2134 684 2171 Οὐδαμῆ
694 2135 821 2171 οὐδαμῶς
833 2145 841 2153 '

50 2173 74 2199 εἱ
93 2174 131 2208 μή
151 2173 179 2200 τί
200 2182 233 2208 γε
250 2176 308 2206 τοῖς
325 2176 461 2211 ἐσχάτοις,
481 2178 532 2205 οὐκ
550 2178 714 2214 ἀδιαφόρως,
735 2180 796 2208 ἀλλ’
811 2181 841 2214 ἐξ
855 2171 878 2202 ο

51 2220 202 2254 ἀναγκαίου
217 2221 290 2251 τινος
300 2223 415 2258 τρόπου,
430 2223 504 2257 ἅπαξ
518 2225 534 2261 ἢ
549 2225 598 2258 δίς.
617 2227 650 2253 Εί
664 2227 719 2254 τῶν
735 2228 842 2260 τούτοις

51 2267 192 2302 ἐδωδίμων
211 2268 246 2294 τά
258 2268 372 2303 λείψανα
387 2271 488 2298 ἐσθίειν
508 2273 579 2299 κατὰ
601 2273 735 2310 ἀνάγκην,
757 2275 774 2311 ἢ
793 2275 842 2302 καὶ

50 2312 113 2339 ἄνευ
139 2313 273 2350 ἀνάγκης.
294 2315 362 2342 διότι
386 2319 640 2353 προεσχημάτισται
664 2320 692 2346 ἐν
713 2320 806 2352 αὐτοῖς
827 2321 842 2348 ὁ

51 2357 181 2392 σταυρόςς
196 2359 226 2385 Εἰ
248 2359 297 2394 μὲν
318 2361 392 2394 παρά
409 2362 515 2396 ἱερέως,
533 2363 677 2399 οὑδαμῶς’
695 2366 720 2391 εἰ
737 2365 765 2392 δὲ
790 2366 838 2401 μὴ,

50 2403 240 2438 μεταληπτέον
261 2405 332 2432 κατὰ
345 2406 417 2440 βίαν.
433 2408 465 2433 Εἰ
481 2408 509 2434 δὲ
526 2410 566 2440 εἰς
579 2409 726 2446 εὐκτήριον
749 2411 840 2438 αὐτῶν

48 2449 222 2484 εἰσέρχεσθαι
237 2450 321 2485 εὐχῆς
335 2451 415 2487 χάριν
425 2460 432 2468 ο
451 2454 498 2480 καὶ
513 2455 538 2480 εἰ
555 2454 595 2481 δεῖ
609 2454 657 2490 τὴν
676 2456 758 2489 ἁγίαν
772 2458 838 2484 ἁνα-

49 2495 135 2530 φοράν
167 2496 197 2522 ἐν
225 2496 299 2531 αὐτῷ
324 2497 458 2525 ἐπιτελεῖν
485 2500 555 2534 μετά
583 2500 651 2532 ἰδίας
677 2503 837 2539 τραπέζης;

49 2541 183 2576 οὐδαμῶς
210 2542 351 2578 ἑκάτερον.
372 2543 403 2570 Ei
429 2545 470 2571 δεῖ
493 2546 598 2582 χαίρειν
619 2548 720 2581 αὐτοῖς,
736 2549 836 2584 λέγειν,

48 2586 92 2614 καὶ
104 2586 295 2621 ἀσπάζεσθαι;
311 2590 453 2624 Οὐδαμῶς,
469 2591 507 2624 ῶς
529 2601 611 2628 φησιν
622 2595 636 2620 δ
654 2594 740 2629 μέγας
755 2595 837 2623 Βασί-

48 2631 128 2665 λειος.
164 2633 194 2660 ὀ
223 2633 326 2669 Κύριος
351 2636 472 2663 ἐκώλυσε
497 2637 543 2665 τὸν
568 2639 658 2666 κοινὸν
679 2641 836 2676 ἀσπασμόν.

48 2678 129 2705 Ὥστε
155 2679 235 2706 τοῦτο
262 2680 333 2707 κατὰ
348 2681 483 2716 σὺμῦασιν
493 2691 500 2697 ο
514 2684 552 2716 ὡς
565 2684 592 2710 δὲ
614 2685 644 2718 ἐξ
665 2687 777 2722 ἀγάπης
791 2688 838 2713 καὶ

47 2724 149 2758 φιλίας,
165 2725 311 2759 φευκτέον·
331 2727 373 2753 ἵνα
389 2729 519 2765 πληρωθῇ
541 2730 570 2756 ἐν
586 2731 684 2766 τούτῳ.
707 2733 764 2759 Οὐκ
779 2732 836 2759 ἔστι

47 2769 136 2805 λέγειν
156 2773 265 2808 χαίρειν
285 2775 341 2806 τοῖς
359 2775 496 2803 ἁσεὸέσιν.
514 2776 575 2803 Εἰσί
593 2786 665 2810 τινες
679 2779 734 2805 τῶν
751 2788 835 2814 μονα-

49 2818 178 2854 στηρίων,
205 2819 230 2846 οἳ
257 2819 319 2846 οὔτε
346 2820 427 2856 λόγῳ,
448 2821 510 2848 οὔτε
525 2822 598 2859 ἔργῳ
614 2824 745 2860 συνῆλθον
762 2827 835 2861 φυγῆ

249 2865 383 2897 ΡΑτιιοι.
401 2869 458 2899 Gn.
476 2869 580 2900 XCIX.

908 250 970 270 mus
986 242 1134 278 Dionysius
1152 243 1206 270 ait:
1221 249 1253 270 ae
1270 243 1292 271 si
1309 243 1436 279 imaginis
1457 246 1546 272 honor
1559 245 1592 272 ad
1608 250 1700 280 proto-

908 293 999 323 typum
1015 288 1148 320 ascendit,
1165 293 1193 315 ut
1208 296 1323 324 magnus
1334 290 1455 324 loquitur
1471 290 1609 318 Basilius:
1629 298 1700 318 nunc

906 339 998 362 autem
1025 335 1177 370 despicatui
1192 335 1284 363 habita
1304 340 1346 364 est
1363 336 1452 372 imago
1466 337 1578 371 Christi,
1591 343 1700 372 negata,

907 381 1066 409 conculcata
1094 390 1108 408 a
1131 382 1357 418 Chrystomachis
1373 392 1380 410 :
1399 383 1494 418 utique
1518 383 1646 412 Christus
1671 385 1700 412 in

906 427 1024 462 tmagine
1041 427 1126 462 ipsius
1150 432 1177 455 et
1192 435 1240 462 per
1256 428 1404 463 imaginem
1420 433 1535 462 negatus
1549 434 1601 461 est,
1617 430 1699 465 igno—

906 473 991 500 minia
1003 473 1127 506 aﬂ'ectus,
1139 481 1216 501 more
1229 473 1344 502 Judaico
1359 476 1521 510 reprobatus
1534 485 1540 502 :
1555 484 1605 504 nec
1618 478 1696 505 colli-

906 526 969 554 gere
984 518 1070 551 aliud,
1085 526 1114 546 re
1131 519 1211 554 plane
1228 525 1380 555 perspecta,
1396 521 1468 548 licet.
1487 521 1592 550 ideirco
1619 523 1700 558 plan-

905 562 985 598 gendi
998 567 1026 590 et
1038 562 1159 597 ejulandi
1187 567 1296 598 tempus
1317 564 1390 591 istud
1404 569 1446 592 est
1461 574 1467 592 :
1483 565 1586 594 idcirco
1601 571 1628 594 et
1643 572 1700 595 tam

905 609 984 637 multi
998 609 1177 642 reluctantur,
1193 617 1249 636 non
1269 610 1319 638 viri
1332 611 1423 644 modo,
1450 612 1497 639 sed
1515 617 1542 639 et
1557 613 1697 644 mulieres.

905 662 937 682 eo
952 655 1024 690 quod
1040 663 1094 682 non
1112 663 1179 684 voce
1195 657 1294 690 solum,
1312 657 1359 684 sed
1378 661 1406 685 et
1419 665 1503 692 opere
1531 659 1591 694 ipso
1619 659 1700 687 Chri-

904 706 963 729 stus
984 707 1121 736 negatur:
1137 702 1211 737 quod
1232 702 1260 730 in
1283 703 1397 731 vetustis
1418 704 1570 732 haeresibus
1587 705 1699 734 minime

905 746 995 774 visum
1015 751 1067 774 est.
1094 747 1168 776 Voce
1181 748 1303 783 quidem,
1318 757 1380 777 cum
1396 754 1494 785 negent
1508 751 1584 786 impii
1598 759 1698 787 corpo-

903 799 951 819 rea
968 792 1149 820 similitudine
1173 794 1246 830 pingi
1269 794 1410 824 Christum
1437 803 1538 831 posse:
1553 804 1635 832 opere
1648 805 1698 825 au-

903 843 959 865 tem
974 838 1045 873 ipso,
1072 847 1136 866 cum
1160 847 1269 868 omnem
1294 846 1419 869 evertant
1439 842 1542 869 Christi
1572 848 1696 871 sanctam

904 883 1062 918 imaginem,
1084 884 1219 920 Deiparaa,
1245 888 1404 922 angelorum
1416 909 1424 921 ,
1438 890 1525 917 sancti
1541 897 1573 917 ac
1595 895 1698 919 sant-tte

903 928 1045 963 cujusvis,
1066 937 1100 957 ex
1115 931 1189 958 omni
1208 931 1265 959 tede
1281 940 1371 966 saera,
1395 941 1429 961 ex
1447 935 1522 962 onmi
1535 943 1616 964 sacro
1637 944 1697 964 mo-

903 980 1046 1007 numento,
1060 975 1116 1011 igni
1129 977 1278 1009 tradentes.
1296 980 1428 1007 conviciis
1444 980 1621 1014 insectantes,
1638 989 1696 1009 tua-

900 1027 984 1055 gnum
999 1021 1109 1057 pietatis
1133 1024 1292 1058 mysterium
1311 1024 1455 1054 irridentes
1468 1046 1476 1059 ,
1493 1026 1633 1055 Christum
1649 1028 1696 1055 de-

901 1066 1012 1102 pictum.
1029 1075 1091 1095 cum
1108 1073 1194 1096 matre
1210 1073 1238 1097 et
1260 1069 1384 1105 famulis,
1402 1072 1614 1102 abominandam
1636 1083 1694 1103 rem

901 1118 1089 1148 nuncupantes
1102 1115 1189 1150 :quod
1201 1116 1310 1150 quidem
1321 1117 1450 1152 cogitare,
1462 1123 1490 1146 et
1500 1119 1601 1152 dicere,
1615 1125 1642 1148 et
1652 1120 1695 1148 fa-

900 1166 971 1191 cere,
980 1159 1133 1187 Judaeorum
1143 1166 1185 1189 est
1194 1168 1274 1197 atque
1284 1163 1436 1198 gentilium.
1453 1165 1558 1194 Arabes
1569 1167 1642 1194 enim
1662 1175 1695 1196 ac

901 1205 1008 1241 Scythae
1021 1208 1171 1235 reverentia
1189 1208 1274 1242 ducti,
1289 1210 1356 1237 nihil
1369 1211 1423 1239 tale
1445 1211 1496 1239 visi
1510 1218 1574 1240 sunt
1588 1213 1696 1248 praesti-

901 1251 976 1279 tisse.
995 1251 1064 1285 Quid
1079 1256 1121 1280 est
1136 1253 1216 1288 igitur
1228 1254 1457 1290 dispensationem
1471 1257 1572 1285 Christi
1584 1266 1694 1294 negaret

900 1297 921 1324 si
934 1297 985 1324 hoc
993 1305 1046 1324 non
1055 1298 1172 1326 estiSed
1182 1300 1215 1327 ad
1224 1301 1423 1335 propositiones
1435 1308 1585 1331 revertatur
1594 1304 1692 1332 oratio.

899 1342 1016 1375 Quidam
1029 1345 1137 1379 propria
1152 1351 1248 1380 sponte
1271 1355 1368 1375 manus
1390 1348 1504 1382 dedere,
1523 1350 1632 1378 nemine
1646 1358 1694 1385 per

899 1387 952 1414 vim
967 1394 1079 1423 cogente
1090 1390 1150 1417 :alii
1159 1399 1221 1418 cum
1234 1392 1320 1428 plagis
1331 1402 1338 1420 :
1349 1393 1394 1421 alii
1407 1394 1490 1423 minis
1504 1395 1635 1424 duntaxat
1646 1403 1694 1423 ex—

898 1433 983 1461 territi
1000 1443 1007 1467 ;
1024 1435 1071 1462 alii
1086 1437 1154 1464 citra
1179 1438 1268 1465 minas
1285 1447 1318 1466 ac
1343 1440 1476 1475 supplicia
1489 1461 1497 1474 ,
1513 1441 1572 1469 solo
1595 1447 1667 1469 metu
1682 1451 1690 1476 ;

901 1478 960 1511 alii,
981 1487 1016 1507 ne
1039 1487 1205 1510 emerentur
1220 1483 1301 1511 bonis
1321 1493 1328 1511 :
1347 1486 1469 1512 nonnulli
1485 1490 1576 1514 autem
1589 1494 1636 1522 per
1649 1487 1698 1514 in-I

898 1525 1053 1554 scientiam.
1070 1527 1103 1555 Hi
1119 1528 1142 1555 si
1159 1529 1336 1564 resipiscam,
1356 1538 1410 1565 qua
1436 1531 1542 1560 ratione
1567 1537 1632 1560 sunt
1642 1533 1692 1560 ad-

896 1572 1020 1600 mittendi
1046 1573 1058 1600 τ
1081 1573 1179 1609 Utique
1202 1576 1225 1602 si
1250 1576 1347 1610 dignos
1369 1576 1494 1605 videlicet
1524 1579 1690 1612 poenitentia:

896 1618 1002 1647 fructus
1010 1627 1106 1648 omnes
1113 1621 1267 1649 exhibeant.
1283 1622 1335 1655 Qui
1349 1629 1413 1649 sunt
1423 1623 1461 1650 illi
1472 1631 1553 1658 porro
1564 1623 1692 1652 fructus?

896 1665 983 1693 Dilata
1000 1665 1178 1694 Eucharistiae
1193 1659 1339 1703 perceptio,
1356 1675 1419 1696 cum
1440 1668 1514 1700 ﬂetu.
1533 1674 1558 1696 et
1574 1669 1687 1698 assidua

895 1711 1095 1746 deprecatione,
1107 1713 1203 1748 primis
1215 1713 1336 1748 quidem,
1347 1722 1394 1749 per
1412 1716 1559 1742 triennium
1574 1724 1690 1744 :secun-

895 1757 948 1789 dis,
961 1765 1009 1791 per
1037 1765 1124 1786 annos
1148 1759 1218 1787 duos
1233 1769 1240 1787 :
1256 1761 1356 1794 tertiis,
1384 1762 1500 1796 quartis,
1514 1767 1541 1789 et
1568 1763 1685 1797 quintis.

895 1804 1124 1838 quemadmodum
1145 1805 1261 1840 primis:
1279 1807 1364 1834 sextis
1379 1807 1513 1843 denique,
1527 1809 1608 1836 unius
1619 1809 1685 1836 anni

895 1850 994 1884 spatio.
1013 1849 1119 1884 Quibus
1135 1851 1181 1878 ubi
1208 1852 1343 1887 perfuncti
1368 1853 1478 1887 iuerint,
1496 1863 1550 1890 qua
1580 1855 1688 1883 ratione

895 1900 959 1922 sunt
978 1896 1093 1924 habendi
1106 1897 1116 1923 ἱ
1128 1896 1156 1924 Si
1172 1897 1281 1932 quidem
1297 1903 1339 1926 est
1364 1908 1395 1926 ex
1413 1900 1573 1928 sacerdotali
1590 1900 1689 1928 ordine

897 1941 1009 1976 aliquis,
1027 1950 1076 1969 nec
1087 1943 1260 1978 subscripsit.
1278 1952 1329 1972 nec
1339 1945 1391 1972 fuit
1407 1946 1498 1981 impia:
1513 1947 1689 1976 communio-

894 1988 937 2015 nis
948 1989 1099 2023 particeps;
1118 1989 1144 2017 in
1156 1998 1211 2025 quo
1225 1991 1368 2019 ordinatus
1380 1996 1422 2019 cst
1435 1993 1508 2020 clero
1518 1998 1687 2028 permaneat.

894 2032 942 2060 Sin
956 2042 1021 2062 vero
1044 2035 1205 2070 subscripsit
1226 2035 1296 2064 idem
1314 2045 1322 2070 ;
1345 2037 1486 2066 abstentus
1507 2046 1521 2066 a
1548 2047 1578 2066 re
1607 2047 1686 2067 sacra

895 2079 1017 2107 facienda
1034 2080 1070 2108 sit
1087 2089 1174 2116 usque
1191 2082 1225 2109 ad
1242 2082 1376 2118 synodum
1397 2084 1576 2112 orthodoxam
1592 2094 1599 2112 :
1613 2092 1688 2113 com-

893 2127 1013 2153 municet
1025 2130 1115 2154 tamen
1128 2127 1213 2156 sacris
1235 2129 1381 2164 mysteriis.
1396 2128 1425 2156 Si
1438 2131 1594 2158 hominibus
1607 2132 1683 2159 omni

891 2182 922 2201 ex
933 2179 1008 2217 parte
1019 2174 1121 2210 impiis,
1130 2180 1240 2211 propter
1251 2176 1437 2204 necessitatem
1448 2177 1591 2213 ingruente
1600 2184 1685 2213 metu,

895 2221 935 2248 vel
952 2221 988 2249 ob
1003 2222 1114 2256 famem,
1126 2222 1168 2250 vel
1192 2223 1274 2250 etiam
1289 2223 1357 2250 citra
1371 2224 1562 2252 necessitatetu
1578 2231 1623 2252 aut
1638 2233 1687 2260 per

892 2267 958 2299 vim,
971 2267 1016 2294 alii
1032 2268 1234 2296 communicent
1243 2269 1289 2303 qui
1306 2269 1474 2298 orthodoxos
1489 2278 1519 2298 se
1534 2272 1685 2306 proﬁtean-

892 2318 946 2344 tur,
960 2321 994 2340 an
1008 2314 1069 2341 licet
1085 2321 1146 2341 cum
1162 2315 1222 2342 istis
1241 2315 1332 2346 cibum
1361 2324 1469 2344 sumere
1484 2317 1496 2343 ?
1512 2317 1591 2345 Nullo
1608 2326 1687 2354 pror-

891 2366 939 2386 sus
950 2358 1050 2386 modo:
1066 2359 1118 2386 nisi
1135 2358 1205 2387 forte
1219 2360 1274 2387 sint
1287 2368 1320 2388 cx
1334 2360 1427 2388 inlitna
1441 2362 1519 2397 plebe
1532 2371 1539 2390 :
1556 2370 1607 2390 nec
1622 2371 1685 2398 pas-

890 2405 942 2432 sim
966 2413 998 2433 ac
1011 2406 1174 2440 promiscue,
1191 2406 1238 2434 sed
1260 2414 1325 2434 casu
1348 2408 1441 2442 aliquo
1454 2410 1622 2442 necessario,
1639 2418 1683 2438 se-

889 2452 942 2480 mel
961 2457 1008 2480 aut
1024 2453 1134 2480 iterum.
1156 2452 1197 2480 An
1213 2453 1277 2481 licet
1291 2461 1386 2481 eorum
1404 2463 1491 2483 coena:
1505 2457 1637 2492 reliquias
1649 2467 1684 2486 es

889 2500 1063 2533 necessitate,
1086 2500 1128 2527 vel
1144 2500 1212 2527 citra
1226 2501 1414 2528 necessitatem
1441 2503 1538 2534 edere,
1553 2510 1586 2530 eo
1610 2504 1684 2538 quod

889 2547 916 2574 in
949 2547 992 2574 his
1026 2547 1134 2582 signum
1164 2547 1256 2574 crucis
1288 2547 1364 2582 prius
1389 2555 1548 2582 expressum
1568 2549 1632 2575 sit?
1651 2550 1682 2577 Si

888 2593 998 2628 quidem
1016 2600 1031 2619 a
1051 2594 1210 2625 sacerdote,
1227 2592 1340 2620 minime
1357 2602 1364 2620 :
1381 2593 1422 2620 sin
1440 2593 1544 2626 minus,
1570 2601 1683 2629 cogente

887 2641 911 2666 vi
929 2640 1000 2666 sumi
1015 2643 1135 2674 oportet.
1147 2640 1189 2666 An
1204 2640 1265 2667 licet
1275 2639 1409 2667 orationis
1422 2646 1506 2667 causa
1519 2641 1681 2668 eorumdem

887 2686 1037 2712 oratorium
1051 2685 1155 2721 ingredi
1172 2686 1183 2713 Τ
1200 2693 1232 2713 ac
1249 2694 1313 2712 num
1330 2686 1392 2713 licet
1412 2691 1533 2713 sanctam
1551 2687 1587 2713 ibi
1606 2687 1683 2714 obla-

889 2731 990 2758 tionem
1006 2739 1135 2766 peragere
1151 2739 1213 2758 cum
1239 2739 1334 2759 mensa
1354 2732 1464 2767 propria
1477 2732 1489 2758 ?
1500 2730 1630 2759 Neutrum
1646 2733 1681 2760 li-

887 2781 940 2805 cet.
960 2777 1001 2804 An
1018 2776 1060 2805 fas
1075 2781 1118 2804 est
1132 2777 1262 2813 gratulari
1277 2778 1354 2812 ipsis,
1372 2778 1543 2806 confabulari
1558 2787 1620 2806 cunt
1635 2779 1679 2811 iis.

887 2824 997 2854 etisdem
1022 2824 1164 2852 salutare?
1177 2824 1354 2860 Neutiqttam,
1373 2830 1400 2852 ut
1416 2825 1453 2852 ait
1478 2833 1592 2860 magnus
1607 2825 1680 2854 Basi-

1478 2870 1516 2900 to
