1923 3078
93 151 159 184 1261

93 207 122 241 ἐξ
137 207 241 242 ὑψηλοῦ
258 215 288 234 σε
305 207 362 242 βίου
374 206 458 234 οἱονεὶ
473 205 689 242 παραδεισιακοῦ
705 204 884 232 ὲιιπεπτωκέ-
900 207 924 235 Α

93 261 149 280 ναι.
165 252 223 279 Νῦν
238 253 267 279 δὲ
285 253 436 284 ἀναγκαῖον
457 250 648 285 ἀποτολμῆσαί
664 259 698 286 με
719 250 765 277 τὸν
786 249 889 276 τάλανα

93 298 142 325 καὶ
150 298 249 325 εἰπεῖν·
263 298 366 334 Εἰρήνη
379 307 431 331 σοι,
443 297 559 329 ἀνάστα,
570 297 688 332 Χριστος
699 295 815 323 κελεύει·
826 294 889 330 ζῆθι

93 344 134 376 είς
145 343 243 371 αἰῶνα.

198 400 264 428 NA'.
275 416 310 421 —
325 400 483 434 Ἀλϐενέκᾳ
501 401 760 436 πρωτοσπτιθαρίᾳ.
799 398 888 435 [vita]

690 146 958 178 EPISTOLARUM
981 146 1054 176 LIB.
1084 146 1125 176 II-

1661 144 1671 175 1
1677 145 1729 175 262

939 203 985 232 Dei
1001 211 1096 231 vocem
1109 203 1272 236 inculcans,
1286 203 1360 238 quod
1379 210 1413 230 ex
1432 202 1542 230 sublimi
1558 202 1617 229 \‘ita'
1633 210 1731 236 genere

939 255 1070 286 tanquam
1080 257 1113 278 ex
1127 250 1253 285 paradiso
1264 250 1426 277 excidisses.
1443 249 1520 277 Nunc
1536 256 1602 276 vero
1618 256 1732 276 necesse

937 301 979 324 cst
1006 296 1137 324 miserum
1165 303 1210 323 me
1237 295 1367 322 audacter
1387 302 1420 321 ac
1439 294 1524 321 libere
1541 294 1632 322 dicere
1650 303 1657 320 :
1674 292 1731 321 Pax

940 341 988 369 tibi
1006 351 1012 368 :
1027 349 1156 377 exsurge,
1171 341 1298 368 Christus
1310 340 1388 375 jubet
1403 349 1409 366 ε
1426 339 1454 367 ἰη
1473 344 1605 368 mternum
1621 340 1696 367 vive.

1082 397 1124 425 LI.
1137 413 1171 418 —-
1185 397 1322 424 Alt-errem
1344 396 1574 432 protospathariw.

394 467 552 492 Renuntiare
569 466 660 492 saeculo
672 467 816 498 cupientem
826 467 900 491 docet
909 473 960 498 quo
974 468 1046 497 pacto
1056 465 1081 490 id
1093 465 1227 497 impetrare
1237 472 1251 490 a
1261 466 1349 490 marito
1360 465 1445 496 possit.

136 531 255 564 Ἐξένισέ
268 540 303 567 με
315 531 346 559 τὸ
358 531 478 568 γράμμα
494 531 544 566 τῆς
556 531 698 564 εὐγενείας
710 539 757 557 σου
772 531 822 557 οὐκ
834 530 889 557 ὀλί-

95 586 158 612 γον·
176 577 248 604 οὕτω
265 577 314 613 μὲν
341 577 373 604 ὲκ
396 577 522 611 φιλοθὲου
545 576 660 612 καρδίας
683 576 886 611 ὑπαγορευθέν·

96 623 168 651 οὕτω
185 623 214 650 δὲ
238 623 292 650 ὑπὸ
319 623 556 658 συντετριμμένης
580 622 627 649 καὶ
652 621 890 657 τεταπεινωμένης

95 670 245 701 διαθέσεως
260 669 382 705 πραχθέν
392 677 398 683 ·
415 668 486 695 ὥστε
503 668 544 700 δὶς
559 668 606 695 ἐπὶ
617 667 647 694 τὸ
659 668 725 695 αὐτὸ
739 667 892 702 ἀναγνόντα

98 724 134 751 με
150 715 298 749 ἐπιλέγειν.
313 715 361 746 Τίς
373 715 420 741 καὶ
434 714 515 741 ὁποία
528 715 576 741 καὶ
586 714 666 750 ἡλίκη
684 715 701 749 ἡ
721 713 793 750 ψυχὴ
811 714 892 749 αῦτη,

99 763 115 797 ὴ
136 761 223 787 ταῦτα
252 759 426 795 φθεγγομένη
451 761 520 796 πρός
536 769 569 796 με
582 762 628 787 τὸν
644 761 837 796 ταλαίπωρον;
855 761 894 793 ὡς

97 807 128 833 δὲ
162 807 210 834 καὶ
236 807 313 841 παρὰ
341 806 389 833 τοῦ
420 807 659 842 γραμματηφόρου
682 807 820 843 ἀνηγγέλη
849 816 894 843 μοι

97 854 171 891 ἅπερ
203 853 279 888 ζώσῃ
311 854 387 888 φωνῇ
419 853 541 887 παρέθου
567 853 644 888 αὒτῷ
671 853 808 887 ἐξειπεῖν·
832 854 894 881 τότε

97 900 148 927 καὶ
179 899 280 934 μᾶλλον
299 898 424 934 ἠγάσθην
447 898 519 931 λίαν,
542 899 590 925 καὶ
614 898 728 931 ἐδόξασα
751 899 797 926 τόν
824 900 893 934 ἀγα-

98 946 146 973 om
172 945 252 980 ἡμῶν
278 945 354 979 Θεὸν,
385 944 415 977 ὂς
445 945 593 971 ἐνέπνευσὲ
620 953 661 971 σοι
690 945 812 973 τοιοῦτον
835 946 892 973 δια-
907 934 927 961 Β

97 991 243 1026 λογισμὸν,
274 991 323 1017 καὶ
352 991 392 1022 είς
423 989 504 1025 ἔργον
533 989 620 1024 αὐτὴν
648 992 816 1026 προαγαγεῖν
844 991 893 1026 ἑφ-

100 1038 223 1073 ιεμὲνην,

136 1084 216 1117 Μέγα
226 1082 371 1118 τοιγαροῦν
385 1083 415 1109 τὸ
425 1082 505 1117 ἔργον
518 1081 533 1109 ὃ
543 1082 727 1118 ὲπεπόθησας,
740 1083 833 1119 κυρία,
845 1084 893 1111 καὶ

98 1128 155 1156 τῶν
174 1128 350 1154 δυσανύστων
362 1135 370 1144 ·
386 1127 417 1153 οὐ
436 1127 516 1162 μόνον
531 1127 575 1154 διὰ
597 1127 628 1154 τὸ
658 1128 761 1163 ὑψηλὸν
783 1130 831 1155 καὶ
845 1129 893 1155 οὺ-

100 1175 194 1210 ράνιον
207 1174 255 1201 τοῦ
269 1174 327 1210 βίου
347 1174 441 1209 (οὐδὲν
453 1174 508 1210 γὰρ
522 1174 586 1201 ἄλλο
599 1175 615 1210 ἡ
630 1175 765 1211 ἀποταγὴ,
778 1175 795 1210 ἢ
813 1183 896 1202 σταυ-

102 1221 152 1257 ροῦ
169 1221 217 1248 καὶ
227 1220 344 1248 θανάτου
367 1220 521 1255 ἐπαγγελία
533 1220 573 1256 τῷ
602 1229 635 1256 γε
659 1221 796 1257 ἀληθινῶς
812 1223 895 1257 μονά-

102 1277 182 1296 σαντι
193 1268 214 1301 ),
231 1268 300 1295 ἀλλὰ
314 1268 362 1295 καὶ
372 1267 417 1295 διὰ
431 1268 462 1294 τὸ
475 1268 596 1296 δεδέσθαι
610 1278 639 1296 σε
651 1269 741 1305 ἀνδρί·
753 1267 838 1305 οὗπερ
846 1269 895 1306 οὐχ

101 1315 141 1346 ὡς
155 1315 250 1349 ἔτυχεν
265 1315 324 1341 ἐστι
341 1314 544 1351 διαζευχθῆναι,
556 1315 601 1342 διὰ
614 1316 645 1342 τὸ
654 1315 837 1343 θεοσύναπτόν
854 1325 895 1343 σοι

106 1359 178 1388 εἷναι
199 1361 332 1396 δηλονότι.
357 1360 406 1393 Τίς
425 1359 472 1388 οὖν
498 1362 739 1398 ἀποσυνάψειεν,ἢ
760 1363 859 1398 δηλαδὴ
882 1364 896 1390 ό

110 1407 233 1441 συνάψας
244 1428 252 1440 ,
270 1407 317 1433 ἐπὶ
338 1407 450 1442 μείζονα
467 1408 637 1443 ἡπειγμένην
653 1407 796 1444 προελθεῖν
819 1408 897 1435 πολι-

105 1453 184 1481 τείαν
199 1462 207 1486 ;
226 1454 271 1480 Δεῖ
284 1451 331 1480 οὖν
356 1453 481 1489 καθάπερ
493 1455 510 1489 ἡ
524 1453 640 1489 διαταγὴ
655 1454 702 1480 τοῦ
721 1454 800 1488 ἁγίου
816 1455 898 1481 Βασι-

102 1500 178 1526 λείου
192 1499 300 1535 πρῶτον
314 1500 349 1527 τὰ
365 1501 432 1535 πρὸς
446 1500 492 1526 τὸν
506 1499 642 1535 όμόζυγον
653 1498 682 1527 εὖ
698 1501 849 1528 διαθέσθαι.
864 1501 897 1528 Τί

103 1546 204 1580 τοῦτο;
235 1546 451 1582 ’Δπογυμνῶσαι
477 1546 523 1574 τὸν
539 1547 669 1582 λογισμὸν
685 1548 734 1582 τῆς
754 1548 874 1582 ἐφέσεως
887 1556 895 1564 ·

974 531 1018 558 Me
1031 531 1127 558 litterae
1147 529 1299 557 nobilitatis
1307 534 1361 556 tute
1373 528 1445 556 haud
1458 528 1632 555 mediocriter
1640 536 1734 563 perru-

941 577 998 604 lere
1014 586 1021 603 :
1038 581 1103 604 sunt
1121 577 1196 603 enirn
1215 580 1270 603 tam
1287 575 1417 610 religioso
1442 575 1526 602 anitni
1543 574 1640 602 atl‘ectu
1654 575 1736 602 dicta-

940 628 987 656 tas,
1001 628 1056 650 tam
1083 623 1181 650 intimo
1197 622 1235 657 pii
1264 622 1368 649 doloris
1381 629 1465 650 sensu
1480 621 1622 654 confecta,
1639 626 1669 648 ut
1687 622 1736 649 iis-

942 671 1003 697 dem
1017 670 1115 697 iterum
1134 669 1261 705 perlectis
1276 669 1303 696 in
1329 669 1402 696 hanc
1422 669 1541 703 denique
1560 672 1655 695 vdcem
1671 676 1736 695 (ξι-ηρ.

942 716 1028 751 perim
1047 725 1053 743 :
1068 715 1134 749 Quae
1146 719 1173 743 et
1187 715 1286 750 qualis,
1300 719 1327 742 et
1338 718 1440 750 quanta
1459 715 1549 742 anima
1562 719 1612 746 est,
1625 722 1685 749 qua:
1702 714 1736 741 ad

943 769 987 789 me
1017 762 1153 789 infelicem
1183 761 1234 789 ista
1260 761 1436 796 perscribit?
1458 760 1494 787 lit
1525 768 1590 788 vero
1612 761 1738 788 nuntiata

943 812 1009 835 sunt
1024 807 1090 834 mihi
1107 815 1122 834 a
1136 807 1277 835 tabellario
1292 814 1324 834 ea
1341 815 1402 841 quae
1418 806 1478 833 viva
1496 813 1562 833 voce
1579 810 1608 833 nt
1629 813 1737 833 mecum

943 853 989 881 ille
1007 854 1224 880 communicaret
1241 853 1378 880 mandasti
1403 861 1410 886 ;
1429 857 1493 880 tunc
1522 860 1587 879 vero
1610 851 1738 886 obstupui

945 900 1032 928 multo
1053 900 1250 932 vehementius,
1274 905 1301 927 et
1315 899 1423 926 laudavi
1447 898 1531 926 Deum
1550 903 1673 926 nostrum
1690 906 1739 933 op-

944 948 1042 974 timum
1058 947 1105 981 qui
1122 947 1175 973 tale
1197 946 1245 973 tibi
1259 946 1427 981 propositum
1445 946 1472 972 in
1497 949 1616 972 mentem
1635 945 1737 980 injecit,

943 990 1072 1027 idemque
1088 996 1114 1019 te
1126 991 1283 1026 perﬁciendi
1301 991 1450 1026 cupiditate
1465 990 1596 1018 incendit.

979 1082 1107 1118 Magnum
1135 1082 1230 1117 utique
1258 1081 1387 1117 quiddam
1419 1086 1461 1109 cst
1491 1081 1565 1116 quod
1591 1081 1738 1117 expetiisti,

943 1129 1067 1160 domina,
1096 1133 1124 1156 et
1138 1129 1264 1161 arduum,
1283 1135 1337 1156 non
1364 1129 1447 1156 modo
1474 1135 1587 1164 propter
1617 1130 1740 1158 caelestis

944 1176 1029 1211 hujus
1046 1175 1108 1203 vita:
1129 1175 1347 1208 sublimitatem;
1366 1175 1434 1202 nihil
1451 1176 1524 1201 enim
1544 1175 1616 1202 aliud
1635 1184 1739 1203 renun-

945 1222 1022 1250 tiatio
1052 1226 1105 1254 est,
1134 1229 1217 1256 quam
1243 1221 1336 1248 crucis
1362 1229 1395 1249 ac
1430 1222 1528 1250 mortis
1566 1222 1740 1250 denuntiatio

945 1267 968 1294 ei
1001 1267 1048 1302 qui
1079 1274 1142 1294 vere
1169 1267 1323 1294 monachus
1352 1267 1403 1301 sit;
1431 1275 1528 1295 verum
1555 1269 1637 1296 etiam
1668 1269 1741 1304 quod

951 1313 990 1341 sis
1000 1321 1063 1341 cum
1080 1314 1140 1341 viro
1153 1314 1291 1349 copulata,
1305 1321 1319 1341 a
1334 1321 1389 1349 quo
1406 1314 1497 1341 divelli
1513 1322 1642 1349 magnum
1654 1323 1742 1351 nego-

946 1359 1015 1386 tium
1037 1363 1089 1393 est,
1124 1364 1268 1395 propterea
1297 1361 1371 1394 quod
1387 1360 1484 1387 ambos
1501 1361 1626 1388 videlicet
1640 1369 1741 1389 conso-

947 1406 1061 1434 ciaverit
1090 1405 1162 1433 Deus
1171 1406 1204 1434 '°.
1230 1406 1297 1439 Quis
1319 1414 1385 1441 ergo
1409 1407 1564 1443 disjunget?
1583 1407 1643 1442 Ipse
1660 1408 1742 1436 nimi-

947 1459 1008 1479 rum
1026 1451 1074 1487 qui
1089 1452 1245 1486 conjunxit,
1261 1453 1307 1488 qui
1325 1453 1450 1488 progredi
1467 1454 1540 1488 cogit
1558 1454 1592 1481 ad
1610 1458 1744 1489 praestan-

947 1499 1003 1526 tius
1031 1500 1093 1526 vita:
1115 1500 1283 1527 institutum.
1310 1499 1428 1528 Necesse
1452 1506 1494 1528 est
1515 1502 1607 1536 igitur,
1623 1511 1654 1530 ex
1672 1511 1741 1537 pra:-

948 1546 1050 1580 scripto
1073 1546 1159 1573 sancti
1178 1546 1282 1578 Basilii,
1299 1554 1331 1574 ea
1347 1547 1464 1582 primum
1482 1555 1543 1582 quae
1558 1549 1591 1575 ad
1608 1550 1738 1576 maritum

104 1593 246 1626 ὑποδεῖξαι
276 1593 307 1619 τὸ
329 1591 377 1620 τοῦ
409 1592 513 1627 κόσμου
533 1592 649 1627 μάταιον
665 1593 716 1619 καὶ
734 1593 876 1627 όνειρῶδες
889 1601 895 1608 ·

950 1594 1075 1626 spectant
1103 1597 1178 1618 recte
1211 1591 1351 1626 componi.
1383 1591 1454 1625 Quid
1483 1592 1554 1620 istud
1584 1594 1647 1621 est?
1673 1595 1742 1627 Quid

103 1639 143 1671 ὠς
157 1639 234 1665 οὐδὲν
253 1639 366 1674 μόνιμον
380 1639 410 1665 ὲν
418 1638 502 1674 αὐτῷ,
520 1639 589 1666 ἀλλὰ
605 1639 779 1675 παρατρέχον
795 1638 840 1665 ἴσα
853 1641 899 1667 καὶ

106 1687 209 1717 σκιαῖς,
228 1685 280 1712 κᾶν
294 1686 442 1721 περιχαρὲς
465 1694 504 1718 τι,
530 1686 582 1712 κᾶν
602 1686 812 1718 ἀπολαυστικὸν,
847 1686 899 1713 κᾶν

106 1731 266 1762 πολύολϐον,
283 1731 334 1758 κᾶν
357 1731 491 1766 ὲνήδονον,
508 1731 559 1758 κᾶν
591 1731 712 1766 βασιλεία
725 1731 806 1767 αὐτή.
827 1731 899 1758 Ὠσεὶ

107 1777 189 1809 ἄνθος
203 1777 256 1811 γὰρ
267 1776 313 1803 τοῦ
321 1770 409 1811 ἀγροῦ
422 1776 512 1803 πάντα
527 1776 689 1811 ἀφίπτατσι.
706 1777 761 1803 Καὶ
773 1777 803 1803 οὐ
820 1777 900 1803 τοῦτο

108 1823 192 1858 μόνον
204 1830 211 1837 ·
227 1822 295 1848 ἀλλὰ
321 1823 367 1849 καὶ
388 1823 476 1857 κρῖμα
485 1822 674 1858 ἀπαραίτητον
691 1823 737 1849 ἐπὶ
751 1823 805 1849 τῶν
816 1831 900 1857 προσ-

106 1868 203 1900 παθῶς
219 1868 361 1902 ζησάντων
379 1869 407 1894 ὲν
423 1868 461 1902 τῷ
479 1867 594 1903 παρόντι
611 1868 701 1900 αίῶνι,
716 1869 763 1895 καὶ
779 1868 816 1904 μὴ
828 1869 900 1895 κατὰ

106 1915 159 1946 τὰς
174 1914 285 1946 ἐντολὰς
301 1913 349 1941 τοῦ
363 1913 484 1949 Χριστοῦ
496 1921 503 1929 ·
529 1915 598 1950 ὅπερ
621 1915 740 1951 ἐργῶδες
757 1915 899 1942 ἐκτελέσαι

108 1967 138 1988 εν
149 1961 189 1996 τῷ
203 1961 284 1994 κοινῷ
297 1960 356 1996 βίῳ.
371 1961 464 1987 Ταῦτα
490 1961 618 1995 λάλησον,
632 1961 836 1996 παρακάλεσον,
851 1964 899 1989 ὲκ-

109 2006 241 2042 μείλιξαι,
263 2006 301 2038 ὡς
324 2006 358 2033 ἂν
378 2007 502 2039 πείσειας
517 2007 598 2034 αὐτὸν
619 2007 836 2043 συναιρήσασθαί
857 2016 899 2034 σοι

106 2053 156 2079 σὺν
174 2053 275 2079 σκοπὸν
286 2053 336 2088 τῆς
352 2053 506 2088 ἀποταγῆς·
526 2053 558 2080 Tl
575 2053 630 2088 γὰρ
647 2051 743 2087 οἶδας,
759 2055 835 2089 φησι,
848 2054 900 2089 γύ-

107 2107 171 2131 ναι,
191 2099 217 2125 ει
229 2099 282 2125 τὸν
308 2099 402 2132 ἄνδρα
417 2100 551 2132 σώσεις;
568 2100 623 2126 Καὶ
640 2100 718 2127 τοῦτο
740 2101 786 2127 ἐπὶ
802 2101 899 2136 χρόνον

110 2145 214 2172 ιχανόν.
232 2145 288 2172 Καὶ
302 2146 386 2180 εἰμὲν
403 2146 567 2178 συνέλθοιεν,
584 2144 614 2173 εὖ
624 2146 657 2174 ἂν
670 2147 727 2181 ἔχοι
738 2155 746 2164 '
765 2148 789 2173 εί
807 2147 835 2174 δὲ
849 2147 898 2183 μὴ,

108 2191 171 2218 τότε
184 2192 209 2217 εί
226 2190 354 2218 τοσοῦτον
369 2192 484 2218 ἀνάπτει
498 2200 528 2218 σε
543 2193 556 2218 ὁ
571 2191 639 2218 Θεοῦ
658 2192 750 2224 πόθος,
768 2193 899 2228 πράττεις

108 2238 145 2265 τὰ
166 2237 281 2270 δόξαντά
303 2245 356 2270 σοι,
373 2238 421 2264 καὶ
438 2238 476 2273 μὴ
505 2237 669 2273 βουλομένου
689 2238 737 2265 τοῦ
754 2239 897 2274 ὁμόζυγος.

950 1637 1057 1665 consilii
1075 1637 1191 1673 ceperis,
1208 1638 1335 1672 aperire:
1357 1645 1439 1673 quam
1461 1639 1517 1666 sint
1536 1647 1580 1667 res
1600 1641 1744 1668 mundanae

951 1684 1046 1711 inanes
1068 1691 1100 1712 ac
1125 1684 1224 1712 somnii
1240 1685 1357 1717 similes,
1383 1693 1552 1721 suggerere:
1571 1691 1599 1713 ut
1616 1687 1684 1714 nihil
1701 1688 1745 1716 hic

950 1729 1033 1757 ﬁxum
1049 1730 1084 1757 sit
1099 1737 1130 1757 ac
1144 1730 1252 1763 stabile,
1269 1730 1336 1757 nihil
1354 1739 1407 1758 non
1421 1731 1509 1758 instar
1520 1732 1622 1760 umbrae
1637 1738 1746 1768 preter-

950 1775 1019 1809 iens,
1040 1776 1219 1810 quantumvis
1239 1776 1392 1810 jucundum
1422 1777 1490 1805 illud
1512 1783 1675 1814 gratumque
1698 1780 1744 1809 sit.

950 1822 1153 1857 quantumlibet
1171 1821 1313 1850 felicitatis
1327 1823 1425 1850 afferat
1438 1831 1471 1851 ac
1485 1825 1644 1859 voluptatis.
1662 1826 1704 1853 vel
1721 1826 1744 1854 si

951 1873 1072 1903 potestas
1098 1869 1173 1904 regia
1200 1868 1295 1896 fuerit.
1321 1868 1390 1897 Nam
1417 1870 1492 1898 velut
1512 1870 1563 1898 ﬂos
1580 1872 1637 1907 agri
1651 1873 1744 1900 omnia

950 1920 1127 1943 evanescunt.
1160 1914 1255 1950 Neque
1288 1916 1341 1943 hoc
1370 1917 1461 1944 solum
1478 1926 1484 1944 :
1505 1918 1553 1945 sed
1570 1923 1597 1946 et
1608 1918 1745 1954 judicium

951 1959 1121 1986 inexorabile
1137 1959 1189 1987 erit
1200 1967 1308 1992 eorum,
1322 1960 1370 1995 qui
1382 1960 1408 1987 in
1419 1961 1546 1995 praesenti
1562 1969 1621 1989 aevo
1638 1963 1745 1991 vitiosis

951 2005 1092 2033 aﬂectibus
1107 2005 1242 2040 inquinati
1258 2006 1389 2039 vixerint,
1405 2014 1456 2035 nec
1472 2009 1624 2036 secundum
1641 2009 1745 2038 Christi

950 2055 1084 2086 przecepta
1101 2060 1109 2078 :
1124 2051 1150 2078 id
1167 2052 1240 2086 quod
1261 2051 1419 2087 perdidicile
1437 2057 1480 2081 est
1497 2053 1527 2080 in
1543 2055 1668 2083 saeculari
1679 2056 1744 2084 vita.

951 2096 1013 2125 Haec
1027 2097 1147 2132 loquere,
1164 2097 1319 2131 adhortare,
1333 2098 1480 2127 verborum
1489 2100 1619 2128 blanditia
1633 2102 1744 2142 adhibe,

950 2148 981 2172 ut
1007 2143 1145 2175 animum}
1160 2143 1184 2171 is
1208 2144 1321 2172 inducat
1345 2145 1560 2174 renuntiationis
1571 2149 1745 2182 propositum

950 2198 1004 2218 una
1027 2195 1115 2218 tecum
1134 2191 1271 2225 amplecti.
1297 2190 1371 2218 Unde
1394 2192 1464 2219 enim
1478 2193 1542 2226 scis,
1559 2194 1661 2229 inquit,
1685 2203 1744 2222 mu—

951 2236 1010 2269 lier,
1020 2237 1042 2263 si
1057 2237 1142 2263 virum
1156 2236 1257 2264 salvum
1286 2236 1368 2271 facies
1379 2237 1420 2264 “?
1443 2238 1476 2265 Et
1495 2238 1568 2266 istud
1583 2240 1616 2266 ad
1639 2245 1747 2275 tempus

115 2283 198 2314 Ἀλλ’,
213 2282 251 2315 ὡς
265 2284 437 2318 προείρηται,
447 2283 642 2316 δυσεξάνυστον
657 2284 687 2310 τὸ
701 2285 818 2320 πρᾶγμα
830 2293 838 2300 ⁸
854 2287 897 2312 καὶ

953 2282 1019 2310 satis
1030 2287 1082 2310 est;
1100 2282 1139 2310 Ac
1157 2282 1179 2310 si
1199 2282 1310 2317 quidem
1337 2283 1383 2310 ille
1406 2285 1588 2317 consmserit,
1609 2285 1679 2314 belle
1697 2286 1749 2313 ha-

110 2329 230 2365 μάλιστα
247 2331 277 2356 ἑν
291 2330 351 2360 ταῖς
366 2329 414 2356 τοῦ
427 2330 550 2365 διωγμοῦ
569 2330 689 2366 ἡμέραις
699 2339 705 2345 ·
722 2331 770 2358 καὶ
785 2331 827 2358 ὅτι
841 2331 902 2366 οὐχὶ

108 2376 231 2411 τυχοῦσα
244 2376 324 2411 αὐτὴ,
346 2376 415 2403 ἀλλὰ
439 2377 493 2403 τῶν
506 2377 710 2412 ὑπερεχουσῶν,
727 2377 774 2404 καί
788 2386 820 2412 γε
848 2378 903 2404 τῶν

110 2421 251 2457 (iuvat;th
272 2423 305 2457 τῇ
336 2421 525 2458 βασιλευούσῃ.
549 2422 606 2456 Ἐφ’
630 2419 652 2456 ᾧ
673 2425 720 2449 καὶ
751 2423 903 2458 θαυμάζειν

108 2468 170 2495 ἐστί
184 2477 241 2500 πως
251 2469 280 2494 ὲν
295 2469 329 2503 τῇ
346 2468 416 2502 ἄγαν
432 2468 539 2504 εὐδοξίᾳ
560 2468 608 2495 τοῦ
632 2470 695 2504 τῇδε
712 2469 782 2504 βίου,
799 2469 903 2504 ταύτην

109 2513 325 2550 βδελυσσομένη,
351 2514 401 2550 τὴν
430 2515 596 2541 ταπείνωσιν
618 2515 736 2550 Χριδτοῦ
762 2515 903 2548 ἐπιποθεῖς

109 2560 285 2587 ἐνδύσασθαι.
317 2560 471 2595 Εὐλογητὸς
484 2561 589 2596 Κύριος
605 2562 619 2587 ὁ
633 2561 705 2588 οὕτω
720 2561 822 2588 πείθων
832 2569 838 2576 ·
854 2562 903 2588 καὶ

108 2607 166 2642 γὰρ
183 2607 253 2641 προς
267 2606 317 2642 τὴν
329 2607 376 2634 τοῦ
393 2606 462 2633 Θεοῦ
476 2606 554 2639 δόξαν
574 2607 612 2639 ὡς
639 2607 747 2643 ἀληθῶς
764 2607 904 2643 βδέλυγμα

109 2653 218 2679 ἐστιτὰ
233 2652 325 2685 ἔνδοξα
347 2652 394 2679 τοῦ
422 2653 537 2688 ματαίου
559 2654 628 2689 βίου.
653 2654 736 2689 Ἔχου
752 2655 841 2681 τοίνυν
855 2654 902 2681 τοῦ

110 2698 255 2725 καλλίστου
269 2698 328 2731 βίου
349 2707 406 2726 σου.
437 2699 542 2726 Ἀκούω
562 2700 616 2736 γὰρ
641 2698 685 2727 οἷα
703 2701 901 2736 ἁγαθουργεῖςι

110 2745 159 2771 καὶ
174 2743 233 2775 πῶς
250 2744 385 2779 ἀφιεμένη
399 2745 449 2777 τὰς
466 2745 610 2779 βασιλικὰς
627 2746 786 2782 διατριϐὰς,
804 2746 902 2781 σχολά-

112 2789 169 2821 ζεις
187 2790 217 2815 ὲν
236 2789 320 2825 ἑαυτῇ
336 2791 383 2817 καὶ
395 2791 425 2816 ἐν
439 2791 570 2826 βιγαθοῖς.
587 2791 666 2818 Ἐστι
686 2793 739 2827 γὰρ
756 2793 804 2818 καὶ
820 2792 849 2819 ἐν
864 2791 903 2827 τῷ

147 2876 173 2893 ⁵⁸
205 2875 302 2906 Matth.
333 2886 391 2913 xw,
407 2880 434 2907 6.
483 2880 606 2910 "lCor.
628 2888 676 2916 vn,
703 2881 746 2909 l6.

953 2329 998 2355 bet
1013 2338 1019 2355 2
1037 2328 1078 2356 sin
1095 2329 1197 2359 minus,
1218 2333 1284 2356 tunc
1298 2329 1318 2356 si
1340 2334 1366 2356 te
1379 2330 1424 2357 Dei
1446 2335 1537 2358 tantus
1557 2339 1635 2358 amor
1651 2332 1747 2360 incen-

951 2375 1001 2408 dit,
1016 2375 1041 2401 id
1059 2374 1159 2402 elﬁcies
1170 2374 1244 2410 quod
1261 2374 1366 2402 libitum
1382 2375 1445 2406 erit,
1462 2376 1503 2402 vel
1517 2375 1603 2404 invito
1618 2377 1746 2412 conjuge.

953 2421 1005 2448 Sed
1025 2428 1070 2447 res
1092 2428 1135 2452 ea,
1159 2425 1190 2447 ut
1220 2420 1323 2448 dictqu
1351 2425 1394 2448 est
1425 2426 1514 2454 antea,
1534 2423 1650 2450 multum
1665 2424 1748 2451 habet

952 2467 1120 2495 diﬂicultatis
1133 2475 1166 2494 ac
1182 2467 1304 2495 laboris:
1321 2468 1472 2501 praesertim
1490 2476 1556 2496 vero
1572 2471 1745 2504 persecutio-

954 2513 996 2540 nis
1008 2517 1131 2547 tempore
1148 2521 1153 2539 :
1169 2518 1196 2540 ct
1214 2513 1286 2547 quod
1302 2520 1356 2540 non
1373 2513 1500 2548 qualibet
1515 2522 1530 2541 e
1548 2514 1625 2549 plebe
1636 2515 1684 2547 sis,
1700 2516 1747 2542 sed

953 2558 1124 2593 eprimariis
1149 2563 1178 2586 et
1208 2558 1380 2593 principibus
1406 2559 1526 2592 feminis,
1554 2568 1587 2587 ac
1617 2561 1749 2595 Augustas

953 2605 1177 2640 consanguineis.
1206 2604 1284 2632 Unde
1313 2610 1340 2632 et
1364 2605 1458 2632 mirari
1477 2606 1552 2634 subit
1566 2607 1748 2641 quemadmo-

952 2651 1017 2678 dum
1044 2651 1070 2678 in
1101 2657 1156 2678 tam
1181 2651 1334 2678 abundanti
1356 2651 1420 2684 vita:
1446 2653 1589 2687 praesentis
1601 2653 1698 2687 gloria,
1715 2661 1748 2680 ea

952 2698 1106 2732 repudiata,
1117 2697 1218 2726 Christi
1235 2698 1540 2727 humilitateminduere
1555 2700 1747 2734 concupiscas.

956 2744 1119 2772 Benedictus
1135 2744 1268 2772 Dominus
1284 2752 1300 2772 a
1323 2753 1377 2779 quo
1392 2746 1451 2774 haec
1473 2746 1573 2781 injecta
1588 2754 1665 2774 mens
1682 2751 1724 2774 est
1739 2754 1747 2772 :

956 2799 1020 2820 vere
1047 2791 1120 2820 enim
1150 2798 1204 2826 pra:
1236 2791 1282 2819 Dei
1299 2791 1397 2826 gloria,
1424 2793 1607 2821 abominanda
1636 2800 1681 2820 res
1707 2796 1750 2819 est
