1923 3078
193 147 263 179 1263

188 204 326 240 quidquid
350 208 392 232 est
426 204 453 231 in
482 204 533 231 hac
548 203 622 230 inani
648 203 703 230 vita
727 202 891 238 gloriosum.
916 202 991 230 Tene

193 252 277 286 igitur
303 255 380 278 tuum
403 250 538 284 optimum
561 250 624 277 vita:
642 249 809 277 institutum.
830 250 890 277 Tua
910 250 985 277 enim

189 296 262 325 facta
281 298 399 325 illustria
427 297 519 328 audio,
548 301 575 324 et
603 296 835 332 quemadmodum
860 296 985 324 abdicata

188 343 345 378 principum
377 342 574 374 familiaritate,
607 342 656 368 tibi
682 342 728 368 uui
751 349 784 368 ac
797 341 880 368 rebus
905 341 986 369 bonis

189 397 279 417 vaces.
301 388 369 416 Nam
384 394 411 416 et
426 390 453 416 in
467 389 520 416 isto
535 388 597 415 vitae
609 395 709 422 genere
720 387 837 415 salutem
852 388 985 422 consequi

189 441 277 471 potes.
291 436 372 463 etiam
391 443 455 462 cum
474 435 533 461 viro
550 441 557 460 :
583 433 680 460 deinde
694 437 785 460 autent
802 433 983 468 subsequenti

188 487 322 517 tempore,
340 488 369 509 ut
384 480 566 509 fortunaverit
581 479 723 510 Dominus.
741 479 780 506 sic
795 482 822 506 et
839 487 914 514 ages,
934 487 984 506 nec

189 529 280 556 virum
294 528 472 561 eontristaus,
492 528 538 555 sed
555 526 649 561 potius
659 525 800 552 inﬂectens
816 524 908 552 divina
920 532 986 552 con-

792 145 823 176 S.
838 145 1037 176 THEODOBI
1057 145 1230 177 STUDITIE

1003 205 1031 234 Α,
1043 201 1093 238 βιῳ
1114 202 1250 238 σωθῆναι,
1273 203 1323 231 καὶ
1339 204 1410 240 μετὰ
1428 204 1543 241 ἀνδρόςα
1560 206 1608 232 καὶ
1623 205 1706 233 πάλιν
1721 207 1790 242 πρὸς
1803 208 1836 234 rb

1035 247 1112 282 ἑξῆς,
1137 247 1176 280 ὡς
1190 249 1205 274 6
1227 248 1329 284 Κύριος
1357 249 1529 283 εὐοδὼσειεν,
1544 250 1618 277 οὕτω
1640 252 1688 277 καὶ
1701 251 1811 288 διαγίνῃ
1823 273 1833 285 ,

1037 295 1076 331 μὴ
1095 294 1221 321 λυποῦσα
1243 295 1291 322 τὸν
1313 295 1461 330 ὁμόζυγον,
1480 296 1548 323 ἀλλὰ
1564 295 1664 331 μᾶλλον
1681 299 1834 332 κατακάμ-

1034 350 1143 369 πτουσα
1157 341 1202 369 διὰ
1215 341 1265 378 τῆς
1281 341 1375 368 ἐνθέου
1387 342 1536 377 διαγωγῆς.
1554 344 1622 380 Περὶ
1636 344 1686 379 τῆς
1699 345 1832 379 ἀδελφῆς,

1034 388 1177 425 δεδήλωκα
1188 389 1259 425 αὐτῇ
1271 389 1302 416 τὸ
1316 390 1525 425 παριστάμενον
1543 390 1678 425 μοι.Πὶρ“ι
1690 389 1737 416 τοῦ
1757 391 1833 417 οἰκος

1036 436 1120 470 νόμου
1141 435 1190 462 καὶ
1213 436 1360 472 ἀγαπητοῦ
1385 436 1499 469 τέκνου,
1517 436 1633 464 πλεῖστά
1648 445 1690 462 σοι
1707 437 1831 471 ἀπευχα-

1039 480 1142 517 ριστῶ,
1168 481 1323 516 συμπαθῶς
1349 482 1509 519 ὲπειχθείσῃ
1531 481 1608 518 [catt
1633 481 1698 517 Reg.
1717 482 1833 518 ἐπιχθέ-

1039 525 1109 562 στῃ]
1124 526 1194 562 πρὸς
1208 527 1302 555 αὐτόν.
1318 527 1419 563 Εὖροις
1433 528 1507 560 ἔλεος
1525 528 1603 564 παρὰ
1616 527 1723 564 Κυρίῳ.

192 575 358 603 versatione.
380 574 418 602 De
428 581 535 607 sorore,
544 572 695 608 signiﬁcavi
710 572 735 599 ei
752 578 809 606 quo
826 578 871 598 res
885 578 952 598 meae
960 571 1022 600 loco
1035 578 1140 601 essent.
1157 574 1193 601 De
1205 580 1351 602 teconomo
1368 574 1477 609 liliaque
1489 574 1678 606 dilectissimo,
1695 575 1834 603 maximas

195 621 244 649 tibi
261 622 363 656 gratias
375 629 438 656 ago,
453 619 527 655 quod
541 619 617 646 omni
628 627 692 646 eum
710 618 889 646 humanitatis
907 617 999 646 cilicio
1021 619 1061 647 sis
1075 624 1234 655 prosecuta.
1251 620 1274 647 A
1289 620 1406 648 Domino
1419 621 1638 648 misericordiam
1649 628 1833 656 consequare.

403 667 457 694 ιιι.
478 681 514 687 -—
534 666 630 693 Maria:
647 666 768 692 moniali.

1215 666 1281 694 NB’.
1302 682 1337 686 —
1355 667 1453 701 Μαρίᾳ
1465 666 1649 702 μονατούσῃ.

529 713 585 738 Non
603 712 735 744 improbat,
747 712 814 744 quod
825 711 1012 743 persecutionis
1024 716 1092 738 metu
1102 713 1149 738 sub
1159 713 1272 738 saeculari
1286 713 1374 738 habitu
1387 714 1490 738 lateret.

226 756 292 793 Legi
310 756 472 785 reverentia:
489 761 542 784 tute
556 756 727 788 schedulam,
742 763 775 783 ac
795 755 871 790 pium
886 756 987 782 consi-

190 803 258 830 lium
288 802 433 830 intellexi:
454 801 528 837 quod
553 801 625 829 idem
656 808 719 829 cum
745 801 825 828 beato
841 800 888 827 illo
905 800 988 828 Patre

190 849 362 884 propositum
394 848 495 876 habeas
527 853 640 883 propter
669 846 809 875 Clu-istum
840 847 984 882 patiendi:

190 896 273 931 idque
296 895 360 930 jure
385 895 510 930 optimo:
537 899 568 922 ut
592 894 681 929 palam
696 894 741 927 sit,
773 900 853 921 unam
876 894 987 928 utrique

189 949 300 970 carnem
315 947 343 969 et
358 946 478 969 mentem
503 948 586 968 unam
615 948 686 971 esse.
714 948 764 968 nec
780 946 807 968 te
826 941 984 975 discrepare

190 989 252 1016 llde.
285 987 340 1015 Deo
368 988 452 1023 igitur
476 992 567 1023 grates
593 987 716 1022 agcndze,
744 987 792 1021 qui
809 994 859 1014 vos
885 987 983 1019 ita,ex

195 1034 284 1069 ipsius
295 1040 369 1062 metu
384 1039 413 1062 et
430 1041 534 1066 amore,
555 1033 688 1068 disjunxit
709 1033 826 1061 invicem
845 1033 983 1068 Evangelii

189 1080 291 1116 gladio,
307 1079 398 1116 quoad
419 1087 540 1115 corpus;
565 1087 732 1114 rursumque
753 1087 809 1107 uno
832 1079 931 1114 spiritu
950 1087 985 1106 ac

189 1135 285 1160 sensu,
304 1127 395 1162 quoad
416 1127 539 1154 animum
558 1127 741 1154 consociavit.
764 1125 874 1154 Enitere
889 1126 984 1160 igitur,

189 1173 302 1201 domina
327 1181 398 1204 mea,
416 1178 445 1200 ut
467 1172 565 1208 aequali
590 1180 652 1200 cum
671 1180 705 1199 eo
720 1173 879 1200 conditione
902 1172 986 1208 digna

189 1219 343 1251 censeatis,
369 1223 400 1246 ut
421 1219 477 1246 illic
496 1219 585 1246 eidem
605 1226 748 1251 occurras,
765 1223 796 1246 ut
812 1219 852 1246 sis
866 1226 929 1246 cum
951 1227 986 1247 eo

190 1273 308 1300 semper,
334 1265 422 1300 ipsutn
446 1265 560 1300 eligens,
586 1269 617 1292 ut
643 1265 702 1299 ipse
726 1269 752 1292 te
776 1265 867 1300 elegit.
882 1265 986 1300 Insigni

189 1312 263 1339 enim
283 1311 417 1338 charitate
443 1318 538 1338 curam
565 1310 610 1338 ille
635 1310 772 1345 ingentem
789 1310 815 1338 in
833 1311 923 1338 salute
940 1315 986 1338 tua

189 1357 363 1392 procuranda
378 1357 510 1392 suscepit,
533 1357 766 1392 quemadmodum
780 1361 808 1384 et
824 1357 883 1392 ipse
895 1358 959 1384 novi
976 1366 985 1385 :

190 1410 254 1431 nam
271 1403 293 1430 is
316 1402 461 1430 humilitati
490 1409 558 1430 meae
584 1407 716 1437 tanquam
734 1402 789 1430 [ilio
804 1410 854 1430 sua
877 1403 986 1438 negotia

190 1449 423 1476 communicabat.
441 1448 519 1483 Quod
539 1452 651 1484 propter
669 1449 870 1484 persecutionis
882 1449 987 1477 dillicil-

191 1495 256 1522 lima
285 1499 427 1530 tempora,
467 1495 658 1523 dissimulandi
693 1503 789 1528 causa,
826 1495 987 1523 saecularem

190 1545 304 1569 externo
323 1542 418 1569 habitu
434 1546 562 1569 ornatum
583 1541 667 1577 geris,
691 1541 773 1577 idque
801 1542 920 1575 tnodioe,
937 1549 988 1570 nec

1079 757 1214 790 ’Δνέγνων
1234 764 1282 782 σου
1295 756 1346 792 τὴν
1366 756 1464 791 τιμίαν
1477 754 1625 791 συλλαϐὴν,
1646 756 1695 783 καὶ
1707 756 1834 791 ἐπέγνων

1037 811 1085 829 σου
1100 803 1147 830 τὸν
1163 802 1264 838 εὐσεὸἧ
1282 803 1430 837 λογισμόν
1446 803 1488 829 ὃτι
1508 804 1558 838 τῆς
1576 802 1662 837 αὐτῆς
1679 803 1718 838 τῷ
1739 810 1832 839 μακα-

1038 849 1090 885 ρίῳ
1106 849 1205 885 ἐκεινῳ
1228 850 1318 884 Πατρὶ
1333 849 1484 881 διαθέσεως
1500 848 1656 879 ἀκολούθως
1673 848 1747 884 ἔχεις
1760 850 1833 885 ὑπὲρ

1003 913 1022 941 Β
1039 894 1157 930 Χριστοῦ
1173 894 1307 929 πάσχειν·
1332 895 1380 921 καὶ
1393 896 1526 926 εἰκότως·
1545 894 1589 920 ἵνα
1606 896 1676 930 φανῇ
1692 895 1733 921 ὃτι
1749 896 1766 931 ﬁ
1783 896 1833 930 μία

1038 941 1106 976 σὰρξ
1130 940 1160 967 ἓν
1186 941 1234 968 καὶ
1263 941 1391 976 φρόνημα
1419 943 1534 977 κρατεῖ,
1551 943 1602 977 οὐχ
1627 943 1832 977 ὲτεροζυγοῦσα

1037 986 1102 1021 περὶ
1114 986 1165 1021 τὴν
1180 985 1284 1013 πίστιν.
1308 987 1397 1020 Χάρις
1412 984 1459 1013 οὖν
1471 986 1512 1022 τῷ
1523 986 1584 1022 Θεῷ
1596 987 1634 1022 τῷ
1654 987 1741 1020 οὕτως
1756 989 1832 1023 ὑμᾶς

1036 1032 1081 1059 διὰ
1099 1032 1146 1059 τὸν
1160 1031 1243 1067 φόϐον
1256 1033 1310 1065 ικαὶ
1327 1032 1412 1058 πόθον
1429 1032 1513 1059 αὑτοῦ
1530 1033 1704 1066 διαζεύξαντι
1717 1034 1766 1060 ἀπ’
1781 1034 1830 1061 ἀλ-

1036 1078 1126 1114 λήλων
1149 1078 1273 1115 μαχαίρᾳ
1295 1079 1463 1114 εὐαγγελικῇ
1483 1080 1661 1114 σωματικῶς,
1677 1081 1726 1106 καὶ
1747 1080 1831 1107 πάλιν

1036 1125 1077 1161 τῷ
1087 1125 1129 1152 ἐνὶ
1140 1125 1277 1160 πνεύματι
1292 1126 1339 1151 καὶ
1354 1126 1510 1161 φρονήματι
1524 1125 1676 1160 συνάψαντι
1694 1126 1830 1161 ψυχικῶς.

1037 1172 1195 1200 Σπούδασον
1214 1171 1271 1204 οὖν,
1292 1171 1377 1207 κυρία
1396 1181 1458 1207 μου,
1478 1173 1527 1207 τῆς
1550 1172 1612 1207 ῐσης
1627 1172 1704 1207 αὐτῷ
1720 1173 1832 1208 μιρίδος

1038 1219 1206 1255 ἀξιωθῆναι,
1231 1219 1280 1246 καὶ
1309 1218 1507 1252 συντεύξασθαι
1538 1219 1612 1251 ἐκεῖ,
1638 1219 1685 1245 καὶ
1710 1221 1832 1245 συνεῖναι

1038 1266 1140 1298 ιῐσαεὶ,
1156 1265 1325 1300 αἱρουμένην
1342 1265 1417 1300 αὐτῷ
1431 1265 1469 1296 ὡς
1484 1265 1631 1300 ᾑρετὶσατό
1645 1273 1684 1291 σε.
1705 1265 1762 1291 Καὶ
1777 1266 1833 1300 γὰρ

1039 1310 1124 1346 πολλῇ
1151 1310 1247 1346 ἀγάπῃ
1278 1310 1378 1346 πολλὴν
1401 1310 1450 1336 καὶ
1473 1310 1602 1346 φροντίδα
1631 1310 1711 1345 ἔσχεν
1739 1310 1770 1335 ὲν
1795 1311 1831 1345 τῇ

1039 1357 1164 1393 σωτηρίᾳ
1184 1365 1248 1389 σου,
1276 1357 1313 1388 ὡς
1338 1355 1397 1384 οἳδα
1413 1357 1507 1391 κάγώ·
1525 1356 1621 1383 καθότι
1637 1356 1774 1383 κοινωνῶν
1796 1353 1833 1391 ἦν

1038 1406 1071 1439 τῇ
1087 1403 1254 1430 ταπεινώσει
1276 1412 1328 1438 μου
1344 1403 1379 1430 τὰ
1391 1403 1454 1430 καθ’
1467 1403 1549 1429 αὐτὸν
1564 1403 1602 1435 ὡς
1616 1402 1678 1438 υἱῷ.
1693 1403 1762 1438 Περὶ
1779 1402 1833 1437 τῆς

1039 1449 1112 1476 κατὰ
1128 1449 1252 1484 ἀνάγκην
1267 1449 1315 1476 τοῦ
1329 1449 1452 1484 διωγμοῦ
1468 1449 1652 1484 ὑποκριτικῆς
1665 1448 1833 1481 σου·ἐξωθεν

1039 1496 1285 1531 κοσμοφορήσεως,
1307 1495 1375 1531 πρὸς
1402 1495 1500 1531 μικρὰν
1524 1495 1621 1530 χρόνον
1640 1497 1688 1522 καὶ
1711 1495 1831 1530 τρόπον’

1040 1541 1157 1578 εὓρηται
1179 1542 1209 1568 ὲν
1231 1543 1288 1573 τοῖς
1306 1541 1395 1576 ἁγίοις
1414 1543 1487 1568 κατά
1501 1550 1562 1568 τινα
1583 1542 1737 1575 ἀναγκαίαν
1761 1541 1832 1568 ὑπό-

190 1588 264 1616 diu:
295 1593 432 1623 repertum
457 1587 530 1615 istud
558 1588 586 1615 in
612 1589 718 1616 sanctis
742 1596 777 1616 es
793 1596 878 1616 causa
896 1589 985 1624 aliqua

1041 1587 1134 1615 0satv°
1154 1588 1195 1619 si;
1214 1587 1242 1614 δὲ
1257 1588 1288 1614 τὸ
1307 1587 1361 1620 ἀεὶ,
1387 1587 1524 1623 οὐδαμῶς.
1549 1587 1652 1614 Λοιπὸν
1665 1588 1717 1614 οὐκ
1732 1585 1790 1614 οἶδα
1804 1588 1833 1614 τί

191 1634 346 1662 necessaria
365 1644 371 1662 :
393 1634 421 1661 in
444 1642 526 1663 omne
544 1642 610 1662 vero
624 1638 742 1669 tempus,
758 1635 892 1668 minime;
910 1639 991 1663 ca-te—

191 1669 253 1709 ruin
278 1682 343 1717 quid
358 1681 485 1709 dicturus
500 1682 553 1710 sim
579 1681 681 1709 haereo.
697 1681 767 1708 Nam
788 1682 812 1709 si
828 1687 926 1709 auctor
937 1682 990 1709 sint

191 1731 222 1754 ut
239 1727 331 1754 [ictum
348 1727 472 1755 habitum
495 1727 630 1762 deponas,
657 1727 790 1762 imparem
807 1732 832 1754 te
859 1728 991 1763 martyrio

190 1775 287 1802 dices:
304 1775 450 1803 vocaberis
463 1775 537 1802 cuitu
560 1779 590 1802 et
609 1775 643 1802 ad
658 1782 767 1810 pinnas.
789 1774 819 1802 Si
835 1783 948 1803 rursum
965 1781 990 1802 te

191 1819 232 1847 sic
257 1820 413 1853 dimittam,
440 1820 543 1854 scripta
574 1819 650 1847 nulla
674 1821 827 1848 auctoritas
857 1825 899 1848 est
927 1828 990 1856 quae

191 1864 366 1900 sum-agetur.
380 1865 493 1893 Duobus
510 1865 594 1901 igitur
607 1865 757 1900 propositis
769 1866 860 1897 malis,
877 1871 991 1901 praesta-

190 1911 275 1940 bilius
300 1916 344 1940 est
366 1912 437 1940 clam
466 1911 614 1940 mouialem
636 1919 710 1944 esse,
734 1919 830 1946 quam,
856 1913 879 1940 si
896 1912 990 1947 plagas

190 1957 294 1993 perpeti
323 1965 456 1993 nequeas,
481 1957 614 1993 perduelli
649 1958 854 1986 communicare
880 1957 989 1990 haeresi,

190 2007 274 2039 atque
286 2011 300 2031 a
313 2003 425 2032 Christo
444 2004 612 2037 descisca-e,
637 2004 666 2032 in
687 2011 743 2039 quo
758 2011 820 2032 sors
834 2009 881 2032 tua
898 2003 989 2032 futura

190 2055 234 2078 est
249 2050 428 2086 sempiterna.

449 2107 517 2136 LIII.
533 2123 568 2129 —-
580 2108 705 2136 Martiali.

1041 1636 1121 1662 εῐπω.
1146 1634 1208 1662 Ἐὰν
1233 1635 1374 1670 ἐπιτρέψω
1392 1635 1470 1670 ῥίψαι
1496 1634 1545 1670 τὴν
1561 1635 1718 1670 ὑπόκρισιν,
1742 1635 1832 1666 εἴποις

1041 1681 1075 1708 ἂν
1091 1681 1128 1717 μὴ
1145 1681 1240 1716 φέρειν
1255 1681 1286 1708 τὺ
1304 1680 1473 1716 μαρτύριον·
1489 1680 1622 1716 ὲνεχθήσῃ
1646 1680 1700 1716 γὰρ
1722 1681 1770 1707 καὶ
1791 1682 1833 1712 εις

1040 1728 1157 1764 βάσανα.
1179 1727 1243 1754 Ἐάν
1259 1736 1289 1754 τε
1306 1728 1389 1754 πάλιν
1406 1729 1582 1770 ὲπαφήσαιμι
1594 1727 1697 1759 οὕτως,
1714 1727 1764 1754 οὐκ
1776 1727 1832 1762 ἔχω

1040 1775 1182 1810 Γραφικὴν
1208 1775 1374 1810 μαρτυρίαν,
1398 1775 1451 1801 Δύο
1471 1773 1561 1800 τοίνυν
1588 1773 1680 1800 κακῶν
1717 1781 1831 1809 προκει-

1041 1821 1140 1856 μένων,
1161 1821 1284 1856 κρεῐττὸν
1310 1822 1369 1848 ἑστι
1391 1821 1617 1856 κρυπτομόναχον
1642 1819 1723 1853 εἶναι,
1750 1820 1767 1855 ἢ
1791 1819 1832 1855 μὴ

1039 1867 1156 1901 φέροντα
1173 1867 1223 1897 τὰς
1247 1867 1372 1902 πληγὰς,
1393 1867 1557 1902 κοινωνῆσαι
1580 1869 1613 1902 τῇ
1632 1868 1768 1902 ἀρνητικῇ
1785 1867 1831 1892 αι-

1040 1914 1129 1949 ρέσει,
1155 1914 1204 1940 καὶ
1222 1914 1374 1950 ἀποστῆναι
1398 1913 1529 1950 Χριστοῦ,
1551 1913 1595 1948 ἐφ’
1612 1909 1635 1948 ᾧ
1659 1913 1736 1939 ἔσται
1754 1912 1798 1940 ἀεὶ
1814 1913 1831 1948 ἡ

1040 1961 1121 1996 μερίς
1136 1968 1194 1987 σου.

1270 2108 1334 2136 NI".
1351 2123 1387 2128 —
1403 2106 1590 2141 Μοναζούσῃ.
1601 2106 1606 2142 |
1618 2105 1706 2142 caua]

583 2153 735 2179 Hortatoria.
753 2153 788 2179 Ut
803 2158 848 2186 pro
856 2155 926 2179 recta
937 2154 986 2179 ﬁde
997 2153 1143 2186 martyrium
1157 2155 1272 2186 perferre
1287 2158 1371 2186 parata
1387 2155 1428 2179 sit.

228 2197 266 2225 Ea
294 2197 427 2231 tempOris
456 2197 571 2232 hujusce
600 2197 724 2226 conditio
748 2202 802 2231 est,
829 2203 860 2226 ut
875 2198 910 2226 de
924 2198 987 2226 aliis

191 2251 243 2272 nos
261 2251 323 2272 esse
337 2243 470 2271 sollicitos
481 2248 621 2278 oporteat:
638 2251 701 2272 cum
718 2241 781 2280 pari
795 2245 888 2272 animo
900 2245 987 2273 simus

191 2298 225 2318 ac
237 2289 297 2325 pari
316 2289 369 2316 (ide
389 2289 495 2324 praediti
511 2298 519 2317 :
542 2289 766 2325 quandoquidem
791 2291 877 2318 veluti
894 2291 922 2318 in
937 2291 987 2319 Ec-

191 2336 303 2364 clesiam
330 2343 414 2363 uuam
437 2335 495 2363 sive
521 2341 624 2364 emtum
651 2338 813 2366 convocavit
840 2337 913 2365 Deus
940 2345 988 2366 cos

191 2389 288 2410 omnes
307 2381 355 2417 qui
373 2389 422 2417 pro
435 2381 547 2409 veritate
558 2383 702 2415 dimicant,
722 2383 749 2411 in
769 2391 856 2419 eaque
872 2391 988 2411 consen-

192 2430 275 2455 tiunt.
292 2427 529 2461 Quemadmodum
561 2428 645 2462 igitur
660 2429 729 2457 citra
745 2429 856 2457 uﬂ‘ensae
877 2430 986 2465 pericu.

1079 2199 1109 2226 ὐ
1131 2199 1230 2236 Παρὼν
1252 2199 1349 2235 καιρὸς
1372 2198 1505 2231 τοιοῦτος,
1532 2198 1562 2230 ὃς
1577 2197 1730 2232 ἀναγκάζει
1754 2197 1830 2232 ἡμᾶς

1039 2249 1176 2284 μεριμνᾷν
1196 2248 1267 2284 ὑπὲρ
1284 2247 1425 2283 ἀλλήλων·
1443 2247 1487 2274 διὰ
1501 2246 1531 2272 τὸ
1545 2246 1595 2281 τῆς
1618 2244 1761 2280 ἰσοψυχῐας
1781 2245 1831 2272 καὶ

1037 2295 1202 2331 ὀμοπιστίας
1224 2295 1350 2329 ἀξίωμαο
1380 2294 1475 2329 ἐπειδὴ
1488 2293 1527 2325 ὡς
1558 2293 1623 2328 μίαν
1657 2292 1829 2327 Ἐκκλησίαν

1038 2342 1123 2377 ἦγουν
1149 2340 1274 2367 συνοδίαν
1298 2340 1499 2367 συνεκαλέσατο
1517 2340 1532 2366 ὁ
1544 2338 1611 2371 Θεὸς
1625 2338 1750 2370 ἅπαντας
1765 2339 1832 2371 τοὺς

1041 2387 1237 2422 ἀντεχομένους
1260 2386 1310 2421 τῆς
1336 2385 1484 2421 ἀληθείας,
1512 2385 1559 2411 καὶ
1583 2385 1612 2411 ὲν
1641 2384 1709 2420 αὐτῇ
1731 2385 1832 2420 ὁμολο-

1040 2433 1167 2468 γοῦντας.
1184 2433 1317 2468 Καθάπερ
1335 2430 1382 2459 οὖν
1408 2432 1458 2458 οὐκ
1472 2431 1612 2458 ἀκίνδυνον
1624 2430 1663 2465 τῷ
1680 2430 1729 2465 τῆς
1744 2431 1833 2466 αὐτῆς

193 2474 250 2501 lum
267 2481 321 2501 non
335 2478 389 2506 est,
404 2473 452 2509 qui
468 2481 532 2501 cum
544 2474 669 2510 ejusdem
682 2476 842 2503 monasterii
858 2476 904 2508 sit,
922 2475 985 2502 nihil

1042 2480 1126 2515 μονῆς
1141 2480 1215 2512 ὄντι,
1233 2479 1270 2514 μὴ
1285 2479 1355 2514 ὑπὲρ
1370 2478 1426 2504 τῶν
1444 2477 1633 2512 συμμαθητῶν
1647 2476 1831 2511 φροντιοῦντι,

192 2521 227 2548 de
253 2520 450 2555 condiscipulis
473 2525 567 2554 curet;
585 2526 633 2548 aut
663 2522 827 2557 praepositus
851 2523 898 2557 qui
915 2522 985 2549 nulla

1040 2525 1056 2560 ἦ
1071 2525 1281 2560 καθηγουμένῳ,
1297 2524 1326 2551 τὸ
1343 2524 1381 2559 μὴ
1397 2523 1462 2559 περὶ
1478 2523 1533 2549 τῶν
1545 2522 1683 2558 patr-qsth
1697 2522 1832 2555 ὡσαύτως

193 2567 298 2602 pariter
319 2566 353 2594 de
375 2567 519 2602 discipulis
537 2567 725 2596 sollicitudine
741 2568 778 2596 sit
793 2577 800 2595 :
817 2569 856 2595 sic
871 2574 914 2596 est
926 2576 985 2602 pro-

1040 2569 1212 2604 φροντίζεινυ
1233 2568 1306 2595 οὕτω
1326 2568 1357 2604 δὴ
1386 2569 1432 2595 καὶ
1457 2568 1523 2604 ἡμῖν
1548 2569 1646 2594 πᾶσιν·
1668 2568 1830 2604 ἐπειδήπερ,

192 2613 265 2641 tecto
275 2613 309 2641 de
323 2613 402 2641 nobis
419 2613 551 2641 omnibus
566 2623 573 2641 :
589 2614 824 2649 quandoquidem,
841 2619 870 2641 ut
883 2614 985 2641 dictum

1040 2615 1077 2646 ὡς
1092 2614 1200 2650 εερηται
1211 2635 1219 2647 ,
1233 2615 1284 2649 μία
1302 2614 1451 2649 Ἐκκλησία
1466 2613 1624 2649 κοινοδιακή
1641 2615 1735 2649 ἐσμεν.
1756 2615 1832 2641 Ἐπι-

191 2663 246 2692 est,
274 2659 397 2686 Ecclesia
431 2667 485 2686 una
499 2661 643 2688 cmnobica
666 2668 774 2688 sumus.
790 2660 882 2687 lnviso
899 2665 925 2687 te
943 2668 985 2694 pet

1040 2660 1193 2695 σκέπτομαι
1218 2669 1248 2686 σε
1261 2661 1304 2687 διὰ
1323 2661 1371 2688 τοῦ
1386 2661 1570 2696 γράμματος,
1586 2659 1634 2686 καὶ
1653 2659 1749 2694 ὲρωτῶ
1771 2661 1833 2693 πῶς

191 2705 350 2740 epistolam.
378 2710 406 2734 et
437 2713 505 2741 rogo
533 2706 675 2741 quomodo
703 2707 800 2742 utique
827 2707 855 2734 in
872 2705 985 2734 Domino

1040 2707 1070 2742 δὴ
1090 2707 1163 2742 ἔχεις
1182 2708 1211 2733 ὲν
1227 2707 1321 2742 Κυρίῳ
1333 2726 1340 2738 ,
1365 2704 1388 2733 ὥ
1406 2707 1508 2743 ἀδελφὴ
1526 2707 1697 2742 πνευματική
1709 2714 1716 2722 °
1739 2707 1763 2733 εἰ
1780 2707 1832 2742 ὲμ-

191 2750 296 2782 valeas.
314 2757 395 2778 soror
410 2751 543 2785 spiritalis
560 2759 567 2778 :
593 2755 686 2779 utrum
709 2752 737 2778 itt
762 2752 872 2787 egregia
888 2751 985 2779 Christi

1041 2754 1131 2788 μένεις
1145 2753 1176 2779 ὲν
1191 2754 1223 2788 τῇ
1247 2753 1315 2789 καλῇ
1329 2753 1461 2788 ὁμολογίᾳ
1476 2753 1597 2788 Χριστοῦ
1607 2761 1615 2768 ο
1632 2753 1657 2778 ει
1669 2753 1764 2788 τηρεϊς
1780 2753 1832 2788 τὴν

191 2796 366 2824 confessione
390 2805 572 2833 permaneas:
599 2805 634 2825 an
657 2797 810 2832 depositum
836 2797 898 2825 tidei
916 2798 984 2826 inte-

1040 2798 1277 2834 παρακαταῠήκην
1296 2799 1345 2834 τῆς
1358 2798 1478 2830 πίστεως
1498 2798 1543 2825 διὰ
1566 2797 1726 2832 Πνεὺματος
1749 2798 1832 2832 ἁγίου

192 2850 270 2876 grttm
293 2850 386 2870 serves
407 2851 459 2878 ope
487 2843 606 2878 Spiritus
630 2843 741 2871 sancti:
763 2851 797 2871 an
821 2844 860 2872 sis
877 2844 904 2872 in
930 2844 985 2872 Deo

1040 2844 1148 2880 ἀσφαλῆ
1158 2853 1164 2860 ·
1180 2845 1204 2872 εἰ
1218 2844 1340 2881 κρατύνῃ
1356 2846 1384 2873 ὲν
1406 2844 1465 2881 Θεῴ
1479 2844 1516 2880 μὴ
1531 2844 1689 2881 πτυρομένη
1703 2844 1759 2871 ἀπὸ
1775 2843 1831 2872 τῶν

191 2889 380 2924 corroborata,
401 2898 451 2918 nec
466 2890 564 2926 impios
579 2897 754 2926 expavescat.
1038 2890 1155 2920 ἀσεϐῶν.
