1923 3078
78 144 148 178 1265

675 145 947 176 EPISTOLARUM
978 147 1052 178 LIB.
1074 148 1114 178 II.

1645 147 1713 181 1266

111 195 202 233 Εὖγε,
219 196 299 234 εὖγε·
322 199 498 235 στηριχθείης
524 199 565 226 ἐτι
591 199 739 231 πλειόνωςι
755 194 804 227 xuii.
828 209 870 226 το-

958 201 1043 236 Euge,
1055 209 1124 237 euge
1145 211 1152 230 :
1176 201 1266 230 adhuc
1281 203 1398 237 amplius
1413 203 1568 230 confortare
1585 212 1591 230 :
1615 203 1669 231 imo
1686 204 1713 231 iu

74 243 173 271 σοῦτον
195 244 232 277 ὼς
251 243 284 270 ἂν
301 244 376 280 ᾄδειν
392 253 421 270 σε
442 245 491 271 σὺν
507 243 546 280 τῷ
561 243 631 279 ἁγίῳ
647 244 742 270 Δαϐίδ·
763 245 804 271 οὑ
819 253 871 279 φο-

74 289 247 324 ϐηθήσομαι
276 289 312 316 ἐν
338 289 378 322 τῷ
406 290 613 324 ταράσσεσθαι
644 289 702 323 τὴν
726 289 795 324 γῆν,
820 289 869 316 καί

74 336 284 368 μετατίθεσθαι
316 336 370 371 ὄρη
396 336 431 363 ἐν
449 337 586 370 καρδίαις
616 335 789 363 θαλασσῶν.
814 337 871 363 Καὶ

73 383 131 418 γὰρ
150 383 164 408 6
181 383 218 414 ὡς
233 383 342 418 ἀληθῶς
359 383 550 418 βεϐαιόπιστος
562 403 569 415 ,
586 383 788 418 ἁμετακίνητὸς
811 383 869 409 ἐστι

73 430 194 464 πάμπαν
209 429 258 464 τῆς
272 429 384 464 ἀγάπης
407 429 543 464 Χριστοῦ·
562 426 596 465 ἦς
609 429 638 455 οὐ
653 429 754 463 θλίψις,
767 429 798 455 οὐ
811 437 871 455 στε-

73 475 213 511 νοχωρία,
238 475 269 501 οὐ
294 475 391 510 λιμὸς,
412 476 443 501 οὐ
467 475 603 510 διωγμὸς,
627 476 657 502 οὺ
681 475 818 506 κίνδυνος,
839 475 869 501 οὐ

75 522 201 556 μάχαιρα
220 521 349 557 χωρίζειν
363 521 488 548 δύναται.
502 521 595 557 Ταύτῃ
611 522 644 557 τῇ
662 521 825 556 πεποιθήσει
844 522 869 546 οἱ

75 567 150 602 ἅγιοι
167 567 267 599 πάντες
286 567 504 603 ἐτελειώθησαν·
528 569 562 604 τῇ
577 569 646 604 αὐτῇ
664 568 713 594 καὶ
737 568 753 604 ή
775 567 809 602 σὴ
827 575 869 593 τι-

75 614 174 650 μιότης
191 614 243 649 εἴη.
265 614 302 640 Οὐ
317 614 372 649 γὰρ
391 612 418 641 εἴ
438 615 607 650 ἀγενεστὲρα
627 615 747 649 Θέκλης,
761 613 870 649 Φεΰρω-

76 660 152 691 νίας,
169 659 218 686 καὶ
230 659 276 685 τοῦ
292 660 358 695 περὶ
368 660 454 691 αὑτὰς
471 660 608 695 μακαρίου
625 659 707 695 χοροῦ
719 668 726 675 υ
746 659 870 694 Θυγάτηρ

74 706 162 737 Θεοῦ,
185 706 279 742 νύμφη
310 706 446 741 Χριστοῦ,
476 707 514 738 ώς
541 707 682 739 κάκεῖναι,
709 707 756 732 καὶ
787 706 868 740 αὐτή.

81 751 169 787 Ὑπὲρ
185 750 216 780 οὗ
230 755 276 779 καὶ
287 753 369 779 τανῦν
383 753 413 779 τὸ
434 753 584 788 μαρτύριον
597 753 692 788 ὥσπερ
707 752 868 788 τηνικαῦτα.

80 799 292 834 ’Υπομείνωμεν
315 798 373 833 οὖν,
389 799 557 835 παρακαλῶ,
571 800 620 835 οὐχ
633 800 673 826 δτι
687 800 716 825 ἐν
729 796 769 829 οἷς
787 799 870 834 ἐσμεν

76 845 247 877 θλιπτικοῖς’
279 845 347 873 ἀλλὰ
385 847 438 873 κᾶν
470 846 504 873 τὰ
539 845 729 882 προειρημένα
760 845 869 871 ἅπαντα

75 891 189 926 ἐπιστῇ.
209 890 502 925 Ἀπροσωπόληπτος
515 893 531 918 ὁ
545 891 618 924 Θεός
628 900 634 906 ·
646 892 678 926 τῇ
693 891 762 925 αὐτῇ
774 891 870 926 ἀγάπῃ

75 935 194 969 ἀγαπῶν
214 936 300 971 ἡμᾶς,
317 933 334 973 ᾗ
356 936 485 971 ἠγάπησε
508 936 557 962 καὶ
577 936 641 967 τοὺς
663 936 758 962 πάλαι.
775 935 868 962 Ταῦτα

73 981 113 1013 ὡς
130 981 159 1007 ἐν
176 981 295 1015 ὀλίγοις·
318 981 396 1014 εἰδὼς
420 982 461 1008 ὅτι
476 982 583 1008 οἴκοθεν
601 982 648 1008 καὶ
668 981 698 1014 ἐξ
713 981 801 1009 ἄλλων
819 982 869 1013 τὰς

74 1027 269 1063 παρακλήσεις
296 1027 353 1063 ἔχει
379 1036 426 1054 σου
443 1029 460 1063 ἡ
483 1028 707 1063 σεμνοπρέπεια·
732 1028 806 1063 ὅμως
821 1028 869 1055 καὶ

75 1074 142 1110 παρ’
157 1074 249 1110 ἡμῶν,
266 1075 309 1102 ἵνα
321 1075 415 1110 γνοίης
426 1076 468 1102 ὅτι
484 1074 717 1110 οἰκειοπαθοῦμέν
731 1083 773 1102 σοι
792 1075 868 1109 ὀφει-

74 1113 199 1156 λομένως
209 1129 216 1136 ·
232 1122 280 1148 καὶ
292 1122 367 1153 ὅπως
378 1121 532 1158 προσεύχῃ,
546 1121 593 1148 τοῦ
604 1121 782 1157 στηρίζεσθαι
795 1121 869 1157 ἡμᾶς

73 1168 140 1199 τοὺς
153 1167 345 1203 ἁμαρτωλούς.

234 1226 298 1255 ΝΔ’.
328 1242 353 1247 -
371 1227 520 1260 Βασιλειῳ
536 1226 689 1261 πατρικίφ.
709 1225 800 1262 ἷρξεᾌ]

920 251 1027 274 tantum
1053 252 1084 274 ιιι
1111 255 1172 274 cum
1206 252 1303 274 sancto
1331 247 1414 274 David
1439 248 1531 282 possis
1561 247 1713 277 accinere:

922 292 984 320 Non
1011 293 1106 320 timebo
1120 293 1182 320 dum
1196 293 1346 320 turbabilur
1371 299 1442 320 terra
1455 313 1463 325 ,
1478 298 1502 320 et
1518 294 1714 328 transferentur

921 343 1022 365 montes
1037 338 1065 365 in
1079 346 1124 364 cor
1137 339 1218 365 maris
1227 339 1261 365 δ’.
1281 338 1427 365 Enimvero
1439 339 1486 373 qui
1503 347 1617 374 prorsus
1634 340 1713 368 firma

921 383 972 410 fide
986 387 1038 415 est,
1055 382 1187 410 dimoveri
1213 383 1326 410 omnino
1344 383 1440 418 nequit
1453 391 1468 410 a
1482 383 1617 412 charitatc
1631 384 1714 413 Chri-

920 429 955 455 sti
978 438 984 455 :
1002 435 1016 455 ἢ
1040 436 1094 463 qua
1113 437 1167 455 non
1197 429 1349 462 tribulatio,
1366 437 1420 455 non
1437 430 1580 464 angustia,
1599 437 1652 457 nou
1671 430 1712 458 fa-

920 482 988 508 mcs,
1015 483 1067 502 non
1092 477 1256 510 persecutio.
1275 484 1328 503 non
1351 476 1515 511 periculum,
1538 484 1592 503 non
1608 477 1714 512 gladius

920 525 1010 556 potest
1036 523 1206 556 separare".
1229 522 1286 549 Hac
1303 523 1402 550 fiducia
1429 530 1528 550 omnes
1541 522 1628 550 sancti
1645 531 1715 550 con-

920 568 1050 594 summati
1067 573 1132 595 sunt
1147 577 1154 595 :
1179 568 1275 596 eadem
1292 569 1473 596 reverentiam
1491 573 1566 596 tuam
1584 576 1716 596 consum-

920 618 984 641 met.
999 613 1092 649 Neque
1103 615 1174 641 enim
1187 623 1218 643 es
1227 614 1328 643 Thecla
1338 616 1494 649 ignobilior,
1504 619 1553 643 aut
1567 615 1714 648 Fcbronia,

921 664 968 687 aut
983 659 1055 687 felici
1077 660 1185 687 illarum
1214 665 1287 688 (:th
1305 670 1312 688 :
1334 669 1396 688 cum
1409 661 1449 689 sis
1464 660 1512 688 Dei
1528 661 1594 693 lilia,
1612 660 1715 688 Christi

922 705 1040 740 Sponsa,
1059 706 1290 740 quemadmodum
1304 706 1366 738 illm,
1383 707 1423 733 sic
1442 710 1469 733 et
1485 707 1543 740 ipsa
1563 714 1569 731 :
1583 714 1666 740 quatit
1679 706 1716 733 ob

920 759 1032 780 causam
1045 759 1117 779 nunc
1129 760 1239 787 quoque
1266 754 1426 788 martyrium
1453 753 1546 784 instat,
1577 753 1615 779 uti
1637 752 1714 779 olim.

922 796 1115 825 Sustincainus
1130 798 1222 833 igitur,
1244 798 1371 830 obsecro,
1388 806 1441 826 non
1458 799 1540 826 modo
1552 806 1599 826 eas
1611 799 1714 833 quibus

921 842 1072 878 premimur
1094 843 1246 876 molestias,
1269 843 1317 870 sed
1335 844 1376 871 vel
1391 844 1414 871 si
1430 852 1512 879 supra
1533 844 1606 872 dicta
1622 845 1714 872 oninia

886 882 1059 923 liiiigruant.
1088 888 1152 915 Non
1173 894 1212 916 est
1242 897 1414 924 personarum
1447 895 1568 925 acceptor
1594 890 1713 918 Deus“:

920 936 1016 962 eadem
1031 943 1081 962 nos
1105 935 1242 963 cbaritate
1257 936 1345 972 diligit
1360 945 1413 971 qua
1432 942 1459 964 et
1477 937 1596 972 majores
1608 937 1714 964 dilexit.

922 980 976 1009 Sed
1006 981 1064 1008 hinc
1095 981 1189 1016 paucis
1212 991 1219 1009 :
1247 990 1308 1009 cum
1333 983 1418 1017 probe
1441 983 1526 1010 sciam
1551 984 1714 1017 gravitatem

922 1031 996 1055 tuam
1023 1027 1097 1054 domi
1126 1032 1210 1062 atque
1234 1027 1268 1054 ab
1281 1027 1342 1055 aliis
1364 1028 1463 1056 habere
1478 1028 1580 1055 solatia
1599 1036 1606 1054 :
1622 1032 1714 1055 tamen

921 1079 948 1101 et
960 1081 975 1100 a
988 1073 1066 1101 nobis
1078 1074 1135 1101 inec
1146 1073 1215 1101 habe
1228 1083 1235 1101 :
1249 1078 1278 1100 ιιι
1292 1074 1428 1110 intelligas
1446 1082 1496 1101 nos
1510 1076 1565 1101 tuls
1578 1073 1670 1107 rebus,
1683 1077 1716 1102 ut

921 1128 972 1156 par
991 1124 1042 1153 est,
1068 1119 1138 1146 allici
1155 1128 1162 1147 :
1177 1123 1204 1146 et
1224 1124 1254 1147 ut
1277 1120 1356 1148 nobis
1389 1120 1581 1156 peccatoribus
1595 1120 1668 1147 vires
1680 1126 1716 1147 ac

921 1165 1006 1193 robur
1026 1164 1153 1200 precibus
1170 1164 1309 1198 impetres.

1130 1222 1197 1250 LIV.
1214 1238 1250 1243 —
1264 1223 1367 1252 Basilio
1385 1224 1510 1258 patricio.

702 1281 849 1310 Consolatur
872 1277 897 1304 in
915 1281 996 1304 morte
1013 1277 1068 1303 tilii.

109 1337 170 1372 Τῆς
192 1335 362 1371 θεομιμήτου
386 1343 433 1361 σου
458 1333 695 1368 συγκαταΰάσεως
716 1333 808 1368 ἔργον,
835 1332 866 1358 οὐ

76 1384 159 1419 μόνον
171 1383 211 1414 είς
225 1382 286 1417 θψιν
303 1390 350 1408 σου
372 1382 448 1417 ἱερὰν
463 1382 587 1415 ἐνεγκεῖν
600 1381 645 1406 τὸν
658 1379 771 1413 ἀδελφὸν
789 1377 868 1414 ἡμῶν

75 1432 104 1458 ιν
119 1430 272 1465 πνεύματι,
294 1428 425 1465 ὁμιλῆσαι
445 1437 475 1455 τε
488 1429 523 1455 τὰ
535 1427 670 1461 δόξαντα..
691 1426 763 1453 οὕτω
783 1434 868 1461 προσ-

77 1475 150 1511 ηνῶς
170 1476 216 1502 καὶ
228 1474 347 1510 μετρίως
357 1482 365 1490 ι
381 1473 439 1500 ἀλλ’
453 1474 494 1500 ὃτι
505 1474 553 1500 καὶ
567 1473 616 1509 τὴν
633 1472 732 1508 κυρίαν
746 1473 794 1498 καὶ
805 1472 867 1506 ἐμοὶ

77 1521 231 1556 σεδασμίαν
253 1520 412 1556 πατρικίαν,
438 1519 497 1554 ἅμα
511 1520 569 1550 τοῖς
590 1519 797 1552 εὐγενεστάτοις
821 1526 867 1544 σου

77 1568 202 1604 βλαστοῖς
215 1567 338 1602 ἀγαγὼν⁷
362 1566 451 1593 κλῖναί
472 1575 502 1592 τε
517 1566 548 1592 οὐ
562 1564 695 1600 κεφαλὴν,
717 1565 786 1591 ἀλλὰ
802 1565 868 1598 γόνυ

76 1613 148 1650 πρὸς
166 1613 248 1640 αὑτὸν
267 1612 466 1647 ἐπιτέτραφας.
481 1611 513 1637 Ὠ
530 1611 580 1646 τῆς
595 1611 727 1646 μεγίστης
749 1619 796 1636 σου
819 1619 869 1636 τα-

77 1659 314 1695 πεινοφροσύνηςῑ
337 1658 360 1685 ὦ
382 1658 433 1693 τῆς
457 1657 583 1692 φιλοθέου
601 1656 753 1688 συνέσεωςί
776 1655 799 1682 ὦ
819 1656 869 1690 τῆς

78 1705 303 1743 ὐπερὸαλλούσης
333 1713 381 1731 σου
406 1705 435 1731 ὲν
462 1703 636 1739 ἁμαρτωλοῖς
660 1702 795 1732 πίστεωςι
814 1701 870 1727 Καὶ

77 1751 129 1779 οὐκ
143 1749 282 1786 ὰποτεύξῃ
292 1748 340 1775 τοῦ
350 1748 401 1784 τῆς
413 1746 591 1780 εὐαποδεξίας
604 1745 711 1782 μισθοῦ.
727 1745 776 1771 Διὰ
783 1743 870 1770 ταῦτά

80 1807 124 1825 σοι
140 1797 247 1825 πάντα·
263 1796 311 1823 καὶ
323 1795 364 1822 ἔτι
381 1794 462 1821 πλέον
474 1794 514 1825 είς
529 1792 632 1828 ἀρετῆς
645 1791 736 1825 λόγον,
756 1789 870 1820 εἰκότως

78 1844 93 1871 ὁ
108 1844 174 1879 ἐμὸς
192 1842 325 1877 δεσπότης
352 1841 400 1868 καὶ
423 1841 520 1876 αἵματι
537 1839 586 1866 καὶ
609 1837 746 1873 πνεύματι
776 1835 870 1870 φιλού-

81 1897 163 1925 μενος
179 1888 295 1922 γέγονας
316 1887 385 1922 πρὸς
406 1886 515 1913 πάντων
539 1884 594 1911 τῶν
611 1882 807 1919 γνωρισάντων
823 1881 872 1908 καὶ

79 1935 208 1972 ὁρώντων
223 1943 264 1962 σε.
289 1935 344 1961 Καὶ
365 1933 504 1969 μάρτυρες
519 1932 565 1958 τοῦ
583 1931 662 1964 λόγου
681 1930 710 1957 αἱ
735 1929 807 1956 κατὰ
821 1927 871 1959 τὰς

79 1983 159 2015 ἀξίας
183 1980 316 2017 ὑπεροχαί
333 1989 396 2011 σου,
418 1978 520 2014 ἀρετῆς
549 1976 665 2003 ἔπαθλον
695 1975 870 2010 ὑπάρξασαι*

79 2031 123 2064 ἐφ’
172 2030 220 2056 σὺν
237 2028 277 2064 τῷ
289 2028 340 2063 τῆς
362 2026 471 2062 φύσεως
485 2025 560 2060 νόμῳ
584 2022 733 2058 μορφώσας
750 2021 826 2052 υἱούς
841 2028 872 2047 τε

79 2076 129 2104 καὶ
145 2074 314 2110 θυγατέρας,
344 2073 404 2108 ἆμσ.
427 2073 462 2107 τῇ
480 2069 624 2106 ὁμοζύγῳ·
653 2068 761 2099 εἰκόνας
788 2067 872 2098 ὅντως

79 2121 208 2156 ἐναργεῖς
230 2120 281 2155 τῆς
307 2117 450 2148 εὑσεὸείας
474 2125 521 2143 σου
545 2113 738 2146 ὲναπέδειξας·
764 2114 797 2140 ὲκ
822 2113 873 2147 τῆς

78 2167 149 2204 πρὸς
165 2167 196 2193 σὲ
218 2164 436 2200 ὲπιφαινομένης
458 2162 552 2194 αὐτοῖς
566 2162 725 2198 ὁμοιότητος
742 2161 872 2194 ἐπιγινω-

80 2213 232 2248 σιομένους
249 2211 448 2246 ἁψευδέστατα.

117 2258 190 2285 Ἀλλ’
205 2258 219 2284 ὁ
235 2257 286 2292 μὲν
308 2256 373 2292 περὶ
386 2255 481 2282 τούτου
507 2254 586 2287 λόγος
600 2252 731 2284 τοιοῦτος.
752 2252 820 2278 Τίνα
843 2251 872 2278 δὲ

78 2305 159 2338 λόγον
178 2301 406 2338 παραμυθητικὸν
427 2301 474 2327 ἐπὶ
494 2299 533 2334 τῷ
553 2297 636 2325 πάθει
649 2297 696 2324 τοῦ
712 2297 872 2333 Προδρόμου

78 2349 229 2386 ὁμωνύμου
242 2349 337 2384 ερνους
353 2356 400 2374 σου
413 2345 617 2380 παγκαλλίστου
639 2343 780 2379 ὲξεύροιμι
797 2345 811 2370 ό
826 2352 873 2369 τα-

78 2396 190 2428 πεινὸς,
211 2395 354 2422 λεαίνοντα
371 2393 469 2429 μικρὸν
493 2401 520 2418 τι
545 2391 576 2417 τὸ
590 2391 644 2417 τῶν
666 2390 764 2425 τιμίων
777 2389 873 2424 ψυχῶν

78 2441 158 2478 ὑμῶν
180 2441 319 2476 θλιόερόν;
337 2440 398 2466 ἐπεὶ
416 2437 561 2473 ἀπηγγέλη
582 2445 627 2472 μοι
645 2436 714 2472 πρὸς
727 2435 811 2462 αὑτοῦ
822 2434 870 2461 τοῦ

77 2487 196 2522 ἀδελφοῦ
207 2488 299 2514 ὁποῖον
309 2485 339 2512 τὸ
349 2485 430 2519 ἄλγος
438 2493 445 2500 ·
459 2481 504 2510 οἵα
517 2483 550 2510 τὰ
561 2483 667 2518 δάκρυα
680 2480 871 2513 ἁποστάζοντα.

78 2535 171 2570 θερμὰ
185 2533 215 2567 ἐξ
229 2531 377 2567 ὀφθαλμῶν
389 2539 396 2546 ·
411 2529 460 2562 τάς
478 2539 508 2556 τε
526 2529 692 2564 ἀνακλήσεις
702 2547 709 2560 ,
723 2527 872 2554 ὲλεεινολο-

77 2581 142 2616 γιας
152 2588 183 2606 τε
198 2579 246 2606 καὶ
257 2579 446 2613 στοναχήσεις·
457 2577 495 2608 ὡς
504 2574 652 2602 ἀκούσαντι
667 2573 772 2600 ἕκαστα
780 2572 814 2599 τὰ
824 2571 871 2598 τοῦ

78 2626 176 2658 παιδὸς
193 2625 431 2660 πλεονεκτήματα,
447 2621 544 2648 παθεῖν
555 2629 582 2647 τι
599 2620 698 2654 μικροῦ
709 2619 764 2645 δεῖν
778 2619 871 2654 ὁμοιο-

77 2673 166 2704 παθὲς
179 2672 256 2707 ὑμῖν.
270 2671 303 2697 Ὢ
319 2670 378 2702 πῶς
395 2667 580 2704 ὡμοιώθημεν
592 2666 631 2701 τῷ
646 2665 730 2692 Δαὸὶδ
747 2664 871 2699 πενθήρη

77 2719 187 2755 ψαλμὸν
203 2718 250 2745 ἐπὶ
263 2717 303 2752 τῷ
316 2716 368 2751 υῑῷ
383 2713 497 2752 ᾴσαντιῑ
515 2713 546 2740 Et
558 2713 586 2739 δὲ
609 2712 712 2743 ἐκεῖνος
726 2711 812 2742 οὕτως
825 2711 872 2737 ἐπὶ

78 2764 226 2799 ἀτασθάλῳ
244 2764 292 2791 καὶ
307 2762 454 2797 ἀντάραντι
476 2760 524 2787 καὶ
538 2758 645 2785 δικαίιν
659 2758 737 2792 δίκην
757 2759 806 2793 τῆς
820 2765 872 2783 πα-

77 2811 207 2848 τραλοίας
222 2810 339 2836 δὼσαντι
349 2817 356 2824 ·
374 2808 401 2835 τί
415 2808 456 2834 δεῖ
473 2805 590 2834 ἐνταῦθα
605 2805 712 2837 είπείν;
727 2803 775 2830 καὶ
791 2803 869 2839 πηλί-

112 2870 136 2887 ⁸¹
156 2868 293 2900 Psal.xt.v,
312 2868 339 2895 ὖ.
377 2866 400 2882 "
413 2866 492 2894 nom.
508 2872 567 2896 vnl,
584 2864 628 2892 55.
668 2863 690 2879 ⁸⁸
705 2862 765 2890 Act.
784 2871 811 2895 ι,
828 2862 872 2890 54.

956 1330 1019 1357 Fuit
1040 1330 1142 1358 divinae
1170 1331 1315 1366 cujusdam
1343 1331 1530 1364 demissionis,
1559 1334 1631 1369 quod
1659 1342 1714 1362 non

920 1378 1002 1405 modo
1027 1377 1055 1404 in
1071 1385 1180 1404 sacrum
1198 1382 1376 1413 conspectum
1396 1383 1474 1406 tuum
1503 1381 1596 1407 venire
1617 1387 1717 1415 passus

921 1423 960 1451 sis
972 1422 1085 1449 fratrem
1105 1429 1232 1450 nostrum
1247 1423 1411 1458 spiritalem,
1425 1432 1514 1460 eaque
1530 1424 1634 1459 profari
1655 1433 1716 1460 quas

925 1470 1033 1501 liberet,
1066 1474 1120 1496 tam
1147 1470 1244 1497 leniter
1271 1478 1304 1498 ac
1326 1471 1491 1498 moderate:
1519 1479 1614 1499 verum
1632 1472 1714 1499 etiam

920 1514 1061 1542 dominam
1088 1515 1210 1550 mihique
1223 1515 1408 1543 venerandam
1433 1517 1575 1551 patriciam
1591 1525 1653 1545 cum
1668 1526 1716 1546 no-

919 1559 1053 1587 bilissima
1084 1564 1130 1587 tua
1146 1561 1241 1588 sobole
1267 1561 1426 1594 adduxeris,
1448 1561 1633 1598 jusserisque,
1659 1570 1715 1590 non

920 1610 1012 1640 caput,
1027 1605 1074 1633 sed
1089 1613 1159 1640 genu
1177 1610 1241 1634 ante
1258 1606 1348 1642 ipsum
1370 1606 1522 1634 inﬂectere.
1540 1607 1563 1635 0
1579 1608 1714 1643 insignem

919 1651 1004 1679 animi
1019 1652 1214 1679 demissionem
1226 1652 1233 1679 l
1247 1660 1264 1680 ο
1281 1653 1388 1688 plenam
1410 1653 1510 1688 pietate
1527 1654 1713 1688 prudentiam!

920 1705 937 1724 ο
961 1697 1076 1725 nimiam
1099 1702 1174 1725 tuam
1193 1699 1219 1725 in
1243 1698 1434 1733 peccatoribus
1459 1698 1717 1734 ﬁduciamlNeque

921 1752 987 1772 vero
1021 1745 1198 1773 admissionis
1226 1746 1309 1781 hujus
1335 1747 1448 1781 praemio
1476 1746 1651 1775 fraudubere.
1677 1747 1716 1775 Ea

921 1797 1034 1828 propter
1050 1792 1099 1819 tibi
1114 1792 1207 1819 omnia
1219 1791 1316 1819 insunt
1331 1801 1338 1819 :
1361 1799 1393 1820 ac
1409 1793 1497 1828 magis
1511 1793 1594 1820 etiam
1609 1793 1644 1820 ob
1660 1794 1717 1820 vir-

921 1843 1017 1871 tutem,
1029 1838 1130 1866 merito
1141 1838 1276 1866 Dominus
1291 1846 1368 1866 meus
1385 1843 1412 1866 ct
1428 1840 1562 1874 sanguine
1574 1844 1601 1866 et
1616 1839 1714 1874 spiritu

921 1886 1022 1913 charus
1051 1892 1082 1912 es
1109 1885 1238 1912 omnibus
1263 1885 1310 1920 qui
1334 1890 1361 1912 te
1387 1889 1522 1913 noverunt
1538 1889 1564 1913 et
1579 1886 1717 1913 viderunt.

922 1931 1013 1965 Atque
1036 1930 1134 1957 harum
1162 1937 1255 1957 rerum
1283 1935 1367 1958 testes
1400 1935 1466 1958 sunt
1481 1931 1533 1958 illae
1547 1939 1597 1966 pro
1611 1932 1717 1959 meritis

922 1976 1107 2011 praerogativa
1119 1981 1183 2008 tuae,
1201 1977 1302 2011 quippe
1315 1977 1428 2004 totidem
1449 1978 1563 2012 praemia
1579 1978 1690 2006 virtutis
1708 1987 1716 2005 :

923 2023 956 2048 ad
975 2029 1057 2056 quam
1075 2029 1148 2053 cum,
1166 2027 1193 2048 tu
1212 2022 1294 2048 simul
1315 2029 1377 2049 cum
1402 2030 1498 2055 uxore,
1517 2022 1594 2057 juxta
1614 2028 1718 2051 naturae

923 2067 1010 2103 legem
1026 2067 1097 2094 iilios
1123 2067 1249 2102 filiasque
1266 2067 1420 2094 informain
1436 2077 1444 2101 ;
1473 2076 1537 2096 vere
1551 2069 1717 2104 conspicuas

923 2113 1034 2149 pietatis
1056 2118 1110 2140 tuae
1126 2113 1260 2148 imagines
1281 2113 1421 2145 eiliuxisti,
1449 2122 1509 2149 quia
1523 2122 1556 2142 ex
1570 2115 1716 2142 indiscreta

924 2164 1014 2187 tecum
1037 2167 1069 2186 ac
1085 2159 1231 2186 manifesta
1255 2159 1433 2188 similitudine
1452 2161 1604 2188 certissime
1617 2160 1716 2196 digno-

888 2212 910 2239 ι)
924 2210 1047 2233 scautur.

959 2251 1013 2278 Sed
1031 2251 1066 2278 de
1079 2251 1131 2278 hoc
1144 2254 1308 2285 argumento
1326 2250 1471 2278 hactenus.
1487 2250 1574 2284 Quam
1586 2260 1652 2279 vero
1666 2260 1719 2288 ego

924 2297 1037 2324 luunilis
1071 2297 1287 2324 consolaturiam
1324 2297 1479 2324 orationem
1515 2297 1653 2324 invoniam
1688 2299 1716 2326 in

923 2343 1101 2379 pulcherrimi
1126 2343 1182 2370 nati
1198 2343 1235 2370 tui
1252 2348 1353 2376 morte,
1371 2343 1418 2378 qui
1434 2343 1600 2370 Praecursori
1614 2351 1718 2379 cogno-

922 2391 1004 2418 minis
1023 2389 1096 2416 fuit?
1123 2397 1244 2425 quanam
1269 2394 1329 2417 arte
1354 2389 1396 2416 vel
1424 2389 1560 2417 tantillum
1585 2389 1717 2425 mitigabo

922 2435 1140 2463 venerandarom
1158 2436 1312 2462 animarum
1330 2440 1487 2464 vestrarmn
1506 2435 1718 2470 aegritudinem?

924 2482 989 2510 Mihi
1006 2483 1079 2510 enim
1097 2483 1132 2510 ab
1147 2483 1244 2510 eodem
1261 2483 1345 2511 fratre
1360 2483 1515 2511 nuntiatum
1527 2487 1580 2517 est,
1595 2488 1716 2518 quantus

925 2529 960 2557 sit
973 2535 1062 2557 vester
1087 2530 1177 2563 dolor,
1191 2530 1296 2565 quales.
1328 2539 1410 2566 quam
1432 2531 1569 2558 ferventes
1579 2538 1612 2558 ex
1627 2531 1716 2559 oculis

925 2575 1052 2611 lacrymaa
1066 2581 1196 2603 manent:
1212 2584 1275 2611 quas
1290 2577 1388 2604 deinde
1400 2577 1617 2612 implorationes,
1632 2586 1715 2612 quam

925 2621 1050 2656 lugubris
1077 2623 1178 2655 oratio,
1205 2631 1268 2657 qua;
1288 2623 1431 2658 suspiria:
1460 2629 1490 2650 ut
1515 2631 1576 2651 cum
1591 2623 1716 2659 singulas

926 2668 1003 2702 pucri
1024 2668 1104 2696 dotes
1126 2669 1264 2702 audirem,
1287 2670 1346 2704 pari
1362 2669 1559 2705 propemodum
1573 2669 1714 2697 vobiscum

925 2714 1028 2742 doloris
1042 2715 1140 2742 aﬂ‘ectu
1160 2723 1358 2744 oommoverer.
1382 2715 1450 2748 Heu,
1473 2724 1555 2751 quam
1572 2715 1665 2743 Davidi
1679 2716 1716 2742 si-

927 2759 1005 2787 miles
1017 2759 1105 2788 cil‘ecti
1121 2768 1229 2793 sumus,
1243 2768 1306 2788 cum
1320 2761 1478 2788 luctuosum
1493 2761 1526 2787 de
1538 2760 1592 2787 tilio
1605 2767 1714 2787 carmen

926 2805 1063 2834 accincret
1078 2806 1084 2833 l
1102 2806 1180 2840 Quod
1196 2807 1218 2835 si
1233 2807 1278 2835 illc
1294 2807 1334 2835 sic
1347 2807 1460 2835 allectus
1469 2811 1511 2834 cst
1523 2813 1588 2841 erga
1600 2805 1715 2842 impium
