1923 3078
209 157 278 189 1267

804 159 834 189 S.
851 159 1048 190 THEODORI
1067 157 1241 190 STUDlT/E

1767 155 1836 189 1268

205 223 238 244 ac
253 216 428 251 perduellem,
452 217 564 245 meritas
584 217 723 253 parricidii
736 226 832 253 poenas
849 219 970 246 luentem
986 227 992 245 :

1047 227 1094 246 κον
1115 218 1211 254 ἔρανον
1233 216 1281 245 τοῦ
1308 217 1387 252 λόγου
1407 216 1591 252 ποιήσασθαι;
1618 216 1728 252 Οἴχεται
1758 217 1836 250 παῖς,

204 263 269 298 quid
289 271 360 290 nunc
375 263 540 291 dicendum?
565 269 614 291 aut
642 272 723 299 quam
742 272 855 292 necesse
877 270 918 292 est
934 273 995 292 ora-

204 310 287 337 tionis
304 309 420 337 conferri
438 311 612 345 symbolam?
633 310 702 337 Puer
716 310 819 337 interiit
833 318 894 338 cum
906 311 995 339 aetatis

203 354 269 381 ﬂore
295 354 353 388 ipso
376 354 523 386 frueretur.
543 359 570 382 et
588 360 684 388 suopte
699 355 808 389 ingenio
821 360 847 382 et
865 356 994 391 magistri

203 407 270 427 voce
286 400 468 434 pereruditus,
485 401 608 427 moribus
629 405 656 426 et
671 407 798 427 sermone
813 400 938 433 blandus,
954 400 996 428 vel

203 446 263 480 ipso
276 450 389 480 aspcetu
410 446 534 480 quemvis
550 446 576 472 in
594 446 637 473 sui
653 453 775 473 amorem
796 446 921 473 alliciens
937 455 943 473 :
958 451 994 479 et,

203 493 276 527 quod
299 492 388 526 majus
413 496 465 524 est,
482 500 567 526 purus
591 499 718 527 corpore,
735 493 828 519 animo
842 492 994 519 candidus:

203 537 270 564 illud
298 537 408 572 quidem
426 537 460 564 oh
485 537 679 573 virginitatem,
704 546 765 572 quin
781 538 830 565 dos
845 538 993 564 maximam

203 583 285 610 habet
308 583 571 616 admirabilitatem;
600 591 690 618 neque
717 583 791 610 enim
824 583 993 617 perditorum

204 637 278 656 more
308 629 430 656 irretitus
458 633 510 659 est.
539 629 585 656 sed
615 629 711 656 vitium
738 629 900 663 superavit:
920 628 993 655 istud

204 677 308 706 autem,
337 674 410 708 quod
429 674 531 700 rutilant
563 681 626 700 cum
654 673 749 700 hazresi
767 681 828 708 quae
842 681 915 700 nunc
929 673 994 700 bac—

203 720 301 746 chatur
332 721 489 746 societatem
518 719 620 746 inierit.
642 719 737 754 Itaque
758 719 889 747 divinitus
905 720 996 747 coiere

203 766 230 792 in
252 773 336 792 unum
362 766 503 800 integritas
519 767 615 798 animi,
641 766 838 800 integritasque
860 765 994 800 corporis.

203 813 309 844 Quanta
341 812 414 845 digni
437 812 516 840 laude
542 818 681 847 parentes,
703 813 748 846 qui
769 812 848 839 talem
867 812 996 846 genuisse

203 864 317 890 puerum
342 857 465 885 feruntur
483 869 488 885 :
518 858 564 893 qui
586 866 639 885 non
658 859 746 885 solum
768 866 893 892 corpore,
905 860 951 885 sed
969 862 996 885 et

203 903 311 938 spiritu,
329 908 382 931 tam
408 905 514 939 egregia
532 904 622 932 indole
639 905 742 939 prolem
764 905 882 932 iinxerel
898 905 919 931 υ
934 904 993 932 feli-
1011 898 1031 926 Β

203 958 262 977 cem
279 956 397 986 partum.
414 953 470 979 sive
485 953 558 987 quod
579 953 683 987 patrios
700 959 790 979 mores
805 952 927 979 imitatus
940 956 994 985 est,

203 997 260 1023 sive
275 997 347 1031 quod
362 997 388 1024 itt
413 1005 441 1024 se
456 998 514 1033 ipse
529 998 670 1025 Christum
696 998 830 1032 expressit
846 1007 853 1025 :
872 998 918 1032 qui
932 1006 994 1025 cum

203 1050 318 1070 nascens
342 1051 374 1070 ex
406 1042 518 1078 Virgine
536 1044 719 1078 virginitatem
741 1044 845 1071 honore
861 1043 991 1076 effecerit,

203 1089 245 1116 sui
272 1090 413 1122 asseclam,
445 1094 538 1124 utpote
563 1090 648 1117 filium
674 1089 753 1122 lucis,
772 1090 858 1116 lilium
875 1095 995 1117 vestrum

203 1135 318 1169 excepit.
349 1135 419 1167 Quid
432 1135 516 1170 ergo?
538 1135 640 1163 Luctus
669 1136 707 1167 id,
735 1143 768 1162 an
794 1135 894 1162 laetitia;
909 1142 992 1169 argu—

205 1181 347 1207 mentum?
360 1180 456 1207 Gaudii
471 1181 581 1216 utique;
598 1181 660 1208 licet
672 1188 818 1208 maerorem
832 1181 908 1207 vobis
920 1181 993 1208 illius

203 1233 334 1253 excessus
356 1227 488 1254 attulerit.
507 1227 568 1261 Ipse
591 1235 665 1254 nunc
682 1226 783 1261 gaudio
796 1227 950 1261 triumphat
965 1227 993 1254 in

205 1272 291 1303 ctelis,
315 1272 441 1307 princeps
459 1274 558 1300 factus.
577 1273 609 1300 Et
632 1280 682 1300 nos
699 1273 783 1308 igitur
794 1273 912 1308 gaudere
934 1272 994 1308 ejus

205 1318 334 1353 gaudium
364 1318 491 1353 deinceps
520 1326 633 1346 necesse
658 1323 710 1349 est,
734 1326 787 1345 non
818 1326 880 1346 eum
915 1324 1008 1346 nostro

1046 264 1112 291 αὐτὸ
1123 265 1173 300 τῆς
1184 263 1293 299 ἡλικίας
1308 264 1382 298 ἄγων
1396 263 1426 290 τὸ
1437 262 1581 299 βιώσιμον,
1595 263 1774 294 εὐπαίδευτος
1787 264 1837 289 καὶ

1046 311 1140 346 τρόπῳ
1164 312 1211 337 καὶ
1229 310 1310 346 λόγῳ,
1332 310 1450 346 εὐμελής
1473 311 1520 337 καὶ
1534 309 1594 345 ἤθει
1617 310 1664 336 καὶ
1680 309 1837 344 φθέγματι’

1047 357 1095 384 ἀπ’
1110 356 1196 391 αὐτῆς
1210 357 1259 392 τῆς
1276 356 1398 392 ὁράσεως
1410 357 1449 388 είς
1460 357 1571 391 φίλτρον
1584 356 1780 390 ἐπισπώμενος
1791 355 1839 382 τὸν

1047 401 1184 437 θεώμενον
1194 410 1201 417 ·
1217 402 1249 428 τὸ
1263 401 1367 437 μεῖζον,
1385 401 1505 437 καθαρὸς
1517 401 1547 428 τὸ
1561 401 1640 436 σῶμα
1651 422 1658 433 ,
1677 401 1774 432 λευκὸς
1788 401 1838 436 τὴν

1046 449 1137 484 ψυχήν
1149 457 1155 463 ·
1170 449 1201 475 τὸ
1213 448 1263 484 μὲν
1276 449 1308 483 τῇ
1324 448 1470 484 παρθενίᾳ,
1485 449 1553 484 ὅπερ
1567 448 1641 474 ἐστὶν
1656 447 1837 481 ἀξιάγαστον·

1049 495 1087 531 μὴ
1102 495 1172 522 κατὰ
1196 495 1260 527 τοὺς
1276 495 1442 530 ρηξίφρονας
1468 494 1566 526 ἁλοὺς.
1580 493 1649 521 ἀλλὰ
1663 493 1712 520 τοῦ
1733 493 1840 525 πάθους

1048 541 1266 576 ὑπεραλλόμενος
1277 549 1283 556 ·
1297 541 1327 567 τὸ
1337 541 1366 568 δὲ
1381 542 1414 576 τῇ
1429 540 1563 576 ἁμεθεξίᾳ
1574 539 1625 574 τῆς
1639 539 1687 566 νῦν
1701 540 1840 575 κορυϐαν-

1047 587 1149 622 τιώσης
1180 587 1324 623 αίρέσεως.
1354 587 1443 622 Ὅπερ
1472 586 1635 621 θαυμασίως
1668 586 1710 615 εἰς
1738 585 1839 612 ταυτὸν

1048 632 1355 668 συνέδραμεν,ἀφθορία
1369 632 1474 668 ψυχῆς,
1493 632 1612 667 ἀφθορία
1633 631 1771 666 σώματος.
1793 631 1840 662 Ὠς

1047 679 1187 706 ἐπαινεταὶ
1202 679 1227 705 ot
1246 679 1426 714 γεννήτορες.
1451 677 1571 704 τοιούτου
1594 677 1690 708 παιδὸς
1718 676 1840 712 πατέρες

1047 724 1285 760 χρηματίσαντες,
1307 723 1480 757 ἐνεγκόντες,
1500 723 1531 749 οὺ
1557 722 1721 757 σωματικῶς
1745 722 1839 756 μόνον,

1047 771 1116 798 ἀλλὰ
1127 771 1174 797 καὶ
1191 769 1385 805 πνευματικῶς
1405 769 1588 804 εὐφυέστατον
1610 768 1704 803 ἕρνοςί
1724 769 1770 799 Ὠς
1784 776 1839 803 μα.-

1048 818 1177 853 καριστὺς
1194 818 1207 843 ὁ
1219 817 1314 851 γόνος·
1327 815 1396 852 ὁμοῦ
1410 816 1460 851 μὲν
1472 815 1623 850 πατρώζων
1635 822 1641 828 ·
1663 814 1732 849 ὁμοῦ
1744 814 1774 840 δὲ
1789 814 1840 840 καὶ

1048 863 1144 890 ἑαυτὸν
1165 862 1277 898 Χριστῷ
1295 862 1503 897 ίνδαλματίσας·
1523 861 1552 892 ὃς
1573 862 1607 896 τῇ
1626 860 1756 895 παρθένῳ
1772 868 1838 894 γεν-

1045 909 1122 944 νήσει
1136 908 1185 943 τὴν
1202 907 1350 943 παρθενίαν
1366 907 1495 941 τιμήσας,
1514 906 1612 932 ὀπαδὸν
1625 905 1661 936 ὠς
1674 905 1732 931 υἱὸν
1746 906 1838 939 φωτὸς

1045 954 1093 980 τὸν
1116 953 1173 980 υἱὸν
1188 953 1264 987 ὑμῶν
1280 952 1387 988 εἴληφε.
1403 952 1435 978 Τί
1451 949 1514 985 οὖν;
1531 950 1670 985 κλαυθμοῦ
1689 950 1719 976 τὺ
1732 949 1837 985 δρᾶμα,

1046 999 1184 1036 ῆχαρᾶςς
1206 999 1312 1034 Δηλαδὴ
1338 998 1518 1033 εὐφροσύνης,
1552 997 1603 1024 κᾶν
1630 996 1707 1028 ἀνίας
1733 997 1799 1031 ὑμῖν
1820 997 1835 1022 ὁ

1045 1045 1184 1081 χωρισμὸς
1198 1044 1279 1071 αὑτοῦ
1302 1044 1470 1080 ἐνεποίησεν.
1487 1040 1571 1075 οὗτος
1588 1043 1679 1078 χαίρει
1695 1043 1766 1078 χαρᾷ
1785 1041 1835 1068 νῦν

1046 1089 1075 1115 ἐν
1090 1089 1214 1124 οὐρανοῖς
1223 1109 1230 1120 ,
1247 1089 1368 1123 πρέσόυς
1381 1088 1591 1123 καθιστάμενος.
1609 1088 1655 1113 Δεῖ
1665 1085 1711 1113 οὖν
1722 1086 1835 1121 συγχαί-

1049 1144 1106 1171 ρειν
1126 1135 1199 1170 ἡμᾶς
1215 1134 1254 1169 τῷ
1271 1133 1425 1170 χαιρομένῳ
1448 1134 1550 1169 ἀπάρτι
1562 1153 1570 1166 ,
1586 1133 1652 1160 ἀλλὰ
1677 1133 1714 1168 μὴ
1737 1133 1836 1159 λυπεῖν

1047 1181 1130 1208 αὑτὸν
1150 1181 1178 1207 ὲν
1193 1180 1230 1215 τῷ
1257 1179 1411 1206 λυπεῖσθαι.
1439 1179 1529 1214 Πέρας
1542 1180 1556 1205 ὁ
1578 1178 1655 1212 λόγος
1670 1179 1771 1214 ἐχέτω·
1784 1178 1837 1213 τὴν

1047 1224 1093 1251 ἐπὶ
1108 1225 1142 1260 τῇ
1167 1224 1326 1260 πεμφθείσῃ
1346 1223 1456 1259 εὐλογίᾳ
1478 1223 1653 1259 εὐχαριστίαν
1669 1223 1718 1250 καὶ
1732 1223 1836 1251 ἀπολο-

1046 1271 1108 1305 γίαν
1125 1278 1262 1304 συναποφε
1266 1270 1388 1306 ρόμενος.

1045 1324 1163 1344 mmrore
1188 1316 1364 1344 contristare.
1380 1317 1482 1345 Habeat
1499 1317 1572 1345 hunc
1586 1318 1699 1353 epistola
1715 1318 1833 1349 exitum,

204 1373 254 1399 pro
266 1366 429 1394 transmisso
451 1374 565 1394 nntnere
581 1367 732 1401 gratiarum
752 1365 887 1394 actionetn
913 1366 996 1394 simul
1015 1369 1043 1392 et
1056 1364 1261 1392 excusationem
1275 1363 1407 1392 referens.

436 1425 491 1452 LV.
510 1441 543 1446 ——
560 1425 683 1460 Cregora!
699 1427 777 1455 laico.

1201 1424 1264 1452 NE’.
1292 1440 1320 1445 -—
1337 1424 1475 1460 Γρηγορᾷ
1486 1424 1591 1458 λαικῷ.
1606 1424 1699 1462 [sint]

666 1474 715 1498 Pro
726 1475 773 1499 ﬁde
783 1476 909 1506 captivum
924 1474 1032 1499 roborat.
1047 1473 1148 1505 (Baron.
1164 1480 1203 1498 an.
1217 1472 1273 1503 818,
1289 1479 1315 1497 n.
1328 1472 1380 1504 19.)

242 1517 331 1548 Salve,
352 1517 494 1544 confessor
507 1516 621 1544 Christi.
640 1517 736 1545 Merito
756 1518 801 1545 Dei
818 1518 954 1545 hominem
970 1523 994 1545 te

1082 1528 1179 1563 Χαῖρε,
1210 1526 1366 1562 ὁμολογητὰ
1395 1526 1442 1553 τοῦ
1471 1527 1608 1562 Χριστοῦ·
1640 1528 1753 1560 εἰκότως
1786 1529 1838 1557 ἄν-

205 1563 270 1590 olim
285 1562 417 1598 appellavi
432 1571 438 1590 :
457 1571 490 1590 en
507 1563 636 1591 mentitus
654 1572 707 1591 non
724 1569 766 1591 est
778 1564 891 1591 humilis
905 1572 997 1592 sermo

206 1617 293 1640 meus,
317 1609 364 1644 qui
383 1609 509 1636 sublimis
524 1609 551 1636 in
577 1614 602 1636 te
618 1611 754 1645 apparuit.
779 1609 922 1643 Quomodo
933 1618 995 1638 car-

206 1655 270 1682 cer?
286 1655 383 1681 Ferrea
401 1655 482 1682 etiam
500 1655 611 1683 vincula
623 1656 755 1688 sustines,
774 1661 803 1683 ut
825 1656 917 1688 audio,
933 1663 996 1683 cor-

206 1708 273 1735 pore
288 1701 463 1728 constrictus.
481 1701 536 1728 Res
563 1701 709 1728 laboriosa.
725 1700 919 1728 Verumtamen
932 1709 997 1728 con-

207 1746 309 1774 fortare
333 1746 361 1773 in
391 1745 517 1778 Domino,
546 1751 639 1773 sancte
673 1752 702 1773 et
733 1751 885 1780 martyrum
921 1755 997 1774 more

205 1793 376 1827 tit-pugnans.
407 1791 490 1824 Belle,
522 1792 601 1823 belle,
627 1792 720 1825 frater,
750 1793 839 1827 qualis
865 1793 995 1821 eluxistil

205 1843 337 1873 quantum
365 1839 500 1865 exaltatus
528 1840 581 1866 es!
610 1838 686 1866 Unus
707 1846 741 1866 ex
765 1839 894 1867 otnnibus
911 1839 998 1867 laicus

206 1884 251 1915 (de
267 1885 301 1911 iis
314 1885 413 1919 loquor
426 1885 472 1919 qui
488 1885 539 1912 sub
551 1885 602 1912 hoc
617 1885 732 1920 imperio
755 1886 868 1922 degunt)
881 1891 907 1913 tu
921 1886 996 1914 solus

207 1933 261 1958 Deo
273 1931 414 1958 confessor
435 1936 564 1958 ostensus
581 1940 611 1958 es
627 1937 654 1959 et
669 1932 772 1967 angelis
787 1938 813 1959 et
829 1932 995 1961 hominibus.

205 1977 301 2004 Cernis
321 1977 430 2004 ubinam
447 1981 474 2004 te
486 1978 627 2005 detineant
646 1979 853 2013 persecutores?
873 1978 901 2006 In
919 1979 993 2014 pala-

206 2023 269 2050 tio:
299 2031 346 2050 ceu
379 2023 579 2058 margaritam,
622 2032 671 2051 ceu
702 2032 793 2060 regem
822 2024 994 2052 affectuum:

204 2069 330 2103 quantivis
364 2069 400 2096 ita
427 2077 480 2096 non
503 2070 631 2098 sentiant.
662 2069 700 2097 Ne
725 2071 831 2103 timeas,
847 2072 943 2105 amice,
962 2080 996 2100 ne

205 2117 333 2144 terrearis
346 2118 381 2144 ob
396 2117 566 2145 imminentia
592 2119 704 2146 verbera
716 2127 723 2152 ;
736 2119 857 2152 sustine;
869 2119 995 2147 Christus

206 2172 258 2190 nnu
275 2164 432 2196 sublevatus,
458 2165 539 2192 simul
565 2164 710 2200 adjuvans,
726 2170 755 2192 ut
771 2165 852 2192 simul
869 2173 994 2200 pugnans

203 2215 231 2236 ct
250 2211 331 2237 simul
351 2219 508 2245 percussus.
531 2211 559 2238 Si
579 2219 646 2245 ergo
661 2219 675 2238 a
693 2213 822 2246 quopiatn
845 2220 860 2239 θ
878 2212 995 2240 subditis
1011 2201 1036 2230 D

204 2257 340 2288 detentus,
359 2257 551 2291 imperatorem
567 2257 680 2284 haberes
694 2257 875 2291 defensorem,
894 2262 920 2285 et
933 2266 994 2285 cum

205 2303 370 2334 verberaris,
388 2307 477 2330 tecum
493 2308 518 2330 et
534 2303 626 2330 animo
639 2308 666 2330 et
680 2303 776 2330 ati'cctu
801 2303 969 2331 verberatum
986 2313 992 2330 :

206 2357 297 2376 nonne
324 2350 377 2384 pati
408 2350 551 2383 gauderes,
585 2356 778 2377 ornamentum
814 2351 993 2384 amplectens,

204 2395 283 2430 quasi
308 2395 434 2428 patiendo
461 2395 615 2429 perciperes
630 2402 700 2429 quas
719 2395 895 2423 desiderabas
916 2403 991 2430 opes,

205 2441 331 2476 gloriam,
363 2441 546 2476 principatum
558 2442 575 2475 ?‘
594 2441 705 2474 Quanto
721 2449 785 2468 vero
799 2441 885 2476 magis
899 2441 951 2468 hoc
968 2442 996 2468 in

205 2494 234 2513 re
262 2486 387 2521 praesenti
415 2487 606 2513 senticnduml
623 2485 702 2519 Quod
725 2491 752 2513 et
775 2486 995 2521 amplcctendum

205 2533 285 2560 nobis
313 2532 478 2566 necessario,
501 2537 530 2559 ut
560 2540 613 2559 non
645 2533 734 2559 somni
763 2532 862 2559 similia
893 2534 949 2559 haec
969 2537 997 2559 et

206 2578 308 2608 inania,
333 2579 379 2605 sed
397 2578 562 2613 sempitern:
581 2581 608 2604 et
632 2585 695 2604 vera
712 2583 739 2604 et
755 2577 901 2604 inellahilia
925 2577 996 2604 bona

205 2632 418 2658 consequamur,
445 2629 546 2651 aeterna
572 2624 707 2659 supplicia
726 2624 907 2655 declinantes,
921 2631 994 2657 quae,

205 2671 250 2706 qui
264 2670 336 2705 pingi
358 2670 498 2698 Christum
517 2676 627 2706 negant,
653 2670 848 2698 sustinebunt:
865 2677 879 2696 a
892 2670 994 2703 quibus

205 2716 363 2748 liberemur,
392 2717 488 2748 frater,
501 2725 551 2752 pro
567 2717 646 2744 nobis
662 2716 778 2743 invicem
794 2719 915 2742 orantes.

319 2773 385 2800 LVI.
397 2790 429 2796 —-
443 2773 523 2800 Leoni
540 2773 659 2801 Patricio
674 2778 698 2800 et
714 2771 872 2800 Sacellario.

1048 1574 1155 1609 θρωπον
1173 1573 1220 1600 τοῦ
1250 1572 1317 1599 Θεοῦ
1334 1573 1419 1599 πάλαι
1437 1573 1650 1608 προσηγόρευσά
1667 1582 1696 1600 σε
1707 1582 1713 1589 ·
1734 1574 1784 1606 ἴδε,
1801 1576 1835 1602 οὗ

1046 1619 1222 1655 διεψεύσθηό
1249 1618 1378 1650 ταπεινός
1406 1627 1456 1653 μου
1485 1619 1575 1653 λόγος,
1605 1619 1706 1654 ὑψηλὸς
1731 1621 1761 1646 ὲν
1793 1621 1839 1647 συὶ

1046 1665 1225 1701 ἀποφανθείς.
1259 1665 1320 1697 Πῶς
1335 1666 1352 1700 ὴ
1378 1665 1505 1700 (palati);
1533 1666 1626 1701 φέρεις
1646 1666 1694 1692 καὶ
1718 1667 1838 1701 σίδηρα,

1046 1711 1083 1742 ὡς
1100 1710 1207 1741 ἀκούω,
1226 1709 1300 1737 ἔνδον
1321 1710 1481 1745 πιεζόμενος
1505 1711 1555 1741 τὰς
1576 1710 1689 1745 σάρκας.
1706 1711 1838 1743 Knud/6:;

1046 1756 1083 1782 τὸ
1093 1757 1220 1790 πρᾶγμα.
1247 1755 1321 1791 Πλὴν
1345 1756 1564 1791 ὲνδυναμωθείης
1584 1757 1613 1783 ὲν
1630 1757 1739 1792 Κυρίῳ,
1753 1757 1840 1789 ὁσίως

1047 1803 1095 1830 καὶ
1125 1802 1303 1838 μαρτυρικῶς
1330 1802 1455 1830 διαθλῶν.
1482 1802 1530 1833 Ὢ,
1554 1801 1592 1836 ὣ,
1618 1802 1734 1837 ἀδελφὲ,
1759 1805 1840 1836 ποῖος

1047 1846 1217 1881 ἐξέλαμψαςί
1232 1846 1325 1881 ἡλίκον
1341 1846 1468 1882 ὑψώθηςὶ
1483 1844 1529 1878 Εἷς
1546 1848 1578 1873 ὲκ
1600 1847 1708 1874 πάντων
1725 1847 1838 1882 λαῖκδς,

1046 1892 1101 1918 τῶν
1118 1892 1171 1919 ὑπὸ
1185 1892 1263 1927 τήνδε
1276 1892 1325 1928 τὴν
1340 1892 1465 1926 ἐξουσίαν
1477 1892 1564 1927 λέγω,
1582 1893 1615 1919 σὺ
1631 1894 1710 1928 μόνος
1725 1893 1762 1927 τῷ
1776 1894 1840 1930 Θεῷ

1047 1937 1185 1972 ὁμολογῶν
1201 1938 1363 1973 ὑπεδείχθης
1382 1938 1429 1964 καί⁸
1449 1939 1576 1972 ἀγγέλοις
1600 1940 1648 1966 καὶ
1665 1940 1837 1975 ἀνθρώποις.

1052 1983 1133 2018 Ὁρᾷς
1148 1982 1199 2009 ποῦ
1211 1991 1240 2009 σε
1252 1983 1297 2009 καὶ
1309 1983 1471 2017 κατέχουσιν
1491 1984 1515 2009 ol
1529 1983 1641 2010 διῶκται
1655 1993 1662 2016 ;
1679 1985 1725 2016 Εἰς
1738 1986 1773 2012 τὰ
1787 1986 1839 2020 βα-

1047 2028 1149 2054 σὲλεια³
1168 2027 1206 2059 ὡς
1232 2028 1416 2062 μαργαρίτην,
1438 2028 1476 2059 ὡς
1494 2028 1607 2063 βασιλέα
1636 2030 1692 2056 τῶν
1719 2031 1836 2058 παθῶν·

1046 2073 1096 2100 κᾶν
1111 2074 1158 2108 οὐχ
1175 2073 1261 2105 οὓτως
1278 2073 1420 2108 νομίζωσι.
1441 2075 1535 2110 Μηδὲ,
1550 2075 1609 2109 φίλε
1620 2095 1627 2107 ,
1647 2076 1754 2112 δείσῃς,
1771 2078 1839 2112 μηδ’

1046 2117 1080 2146 αὖ
1097 2119 1220 2154 φοὸηθῇς
1239 2120 1373 2154 μάστιγας
1398 2121 1568 2155 ὲρχομένας·
1584 2121 1743 2154 ὑποίσειαςο
1763 2124 1836 2159 Χρι-

1047 2166 1108 2197 στὸς
1133 2167 1147 2192 ὁ
1169 2165 1370 2200 συγκουφίζων,
1399 2167 1414 2192 ό
1439 2167 1771 2202 συναντιλαμὸανόμενος.
1795 2170 1838 2202 ὡς

1048 2211 1187 2238 συναθλῶν
1201 2212 1248 2238 καὶ
1265 2211 1492 2246 συντυπτόμενος.
1514 2213 1576 2238 Ἐὰν
1589 2211 1635 2239 οὖν
1650 2215 1837 2249 κατεχόμενος

1047 2257 1098 2283 ὑπό
1121 2266 1194 2288 τινος
1213 2256 1267 2283 τῶν
1292 2256 1344 2283 ὑπὸ
1367 2258 1463 2292 χεῖρα.
1492 2256 1563 2292 εἶχες
1590 2258 1636 2285 τὸν
1655 2258 1837 2294 βασιλεύοντα

1046 2303 1300 2338 ὑπερασπιζόμενόν
1318 2311 1381 2335 σου,
1403 2304 1450 2329 καὶ
1467 2303 1496 2329 ὲν
1510 2303 1549 2339 τῷ
1564 2304 1687 2339 δέρεσθαι
1705 2306 1835 2341 συνδερό-

1045 2349 1126 2384 μενόν
1138 2357 1180 2375 σοι
1192 2350 1225 2384 τῇ
1237 2348 1371 2375 διαθέσει·
1386 2350 1436 2375 οὐκ
1452 2349 1485 2375 ἂν
1500 2349 1608 2385 ἔχαιρες
1622 2351 1729 2383 παθεῖν,
1746 2352 1836 2386 φιλῶν

1043 2394 1088 2420 τὸν
1103 2394 1220 2428 κόσμον·
1238 2393 1276 2425 ὡς
1292 2393 1324 2420 ἂν
1337 2394 1374 2428 τῷ
1391 2393 1472 2420 πάθει
1487 2394 1594 2429 ὲδρέψω
1609 2394 1626 2421 ἃ
1638 2395 1745 2427 ἐπόθεις
1762 2397 1835 2432 χρή-

1049 2449 1121 2474 ματα
1133 2460 1140 2471 ,
1156 2440 1236 2472 δόξας
1246 2461 1253 2471 ,
1269 2441 1407 2474 apt-nais;
1431 2440 1509 2475 Πόσῳ
1520 2440 1552 2476 δὴ
1571 2438 1622 2475 ᾧδε
1639 2441 1739 2475 μᾶλλον
1752 2443 1836 2470 τοῦτο

1046 2487 1167 2520 νοητὲον.
1179 2486 1212 2511 Ὂ
1227 2485 1275 2511 καὶ
1286 2485 1414 2520 φιλητέον
1431 2486 1499 2519 ἡμῖν
1512 2485 1542 2517 ἐξ
1555 2486 1716 2520 ἀναγκαίου·
1734 2487 1779 2513 ἵνα
1794 2488 1836 2524 μὴ

1045 2532 1079 2557 τὰ
1098 2531 1227 2566 ὀνειρώδη
1250 2531 1337 2558 ταῦτα
1356 2531 1403 2558 καὶ
1426 2532 1544 2566 μάταια·
1562 2532 1629 2558 ἀλλὰ
1642 2532 1677 2559 τὰ
1694 2534 1770 2560 ἀΐδια
1787 2536 1836 2561 καὶ

1045 2578 1161 2614 ἀληθινὰ
1183 2578 1230 2604 καὶ
1256 2578 1427 2613 ἀνεκλὰλητα
1447 2579 1537 2612 ἀγαθὰ
1560 2579 1763 2614 ἀπολάϐοιμεν·
1781 2590 1835 2616 φυ-

1045 2624 1141 2657 γόντες
1161 2623 1210 2654 τὰς
1228 2622 1354 2654 αἰωνίους
1373 2623 1525 2658 τιμωρίας·
1542 2623 1576 2655 ἃς
1591 2625 1615 2650 ol
1630 2625 1836 2660 ἀπαρνούμενοι

1046 2668 1163 2703 Χριστὸν
1178 2667 1376 2703 ἐγγράφεσθαι,
1387 2668 1595 2702 ὑποστήσονται·
1608 2665 1646 2696 ὧν
1656 2670 1835 2706 ῥυσθείημεν,

1048 2714 1146 2748 uetes
1157 2734 1164 2746 ,
1182 2714 1253 2749 ὑπὲρ
1266 2713 1389 2748 ἀλλήλων
1407 2714 1630 2749 προσευχόμενοι.

1046 2771 1118 2804 Nq'.
1130 2785 1165 2790 -—
1182 2769 1287 2797 Λέοντι
1299 2770 1446 2805 Πατρικίῳ
1457 2771 1506 2799 καί
1517 2773 1718 2807 Σακελλιιρίῳ.
1738 2772 1836 2809 [τπβκ]

717 2828 901 2855 l'ersccutiottis
914 2826 1076 2852 acerbitatem
1091 2835 1146 2852 cum
1158 2827 1201 2852 illo
1211 2828 1333 2859 deplorat.

241 2868 277 2896 Eu
306 2869 327 2896 si
358 2878 439 2899 nosse
466 2871 604 2900 desideras
630 2880 690 2908 qua:
719 2877 839 2899 uestram
868 2870 998 2898 humilem

1090 2870 1119 2896 ΕΞ
1155 2869 1234 2901 sint;
1264 2869 1351 2904 φιλεῖς
1388 2869 1534 2906 μανθάνειν
1568 2870 1603 2897 τὰ
1628 2870 1677 2906 τῆς
1702 2870 1836 2906 ταπεινῆς
