1923 3078
67 161 137 193 1269

670 161 939 191 EPISTOLARUM
957 161 1032 192 LlB.
1053 161 1095 192 II.

1630 159 1697 190 1:270

67 218 142 253 ζωῆς
164 217 258 253 ἡμῶν,
275 218 314 249 ὡς
336 218 369 252 τῇ
391 216 481 252 ἀγαθῇ
498 216 546 244 καὶ
559 216 715 253 φιλαλλὴλῳ
739 217 859 244 διαοέσει

920 218 994 245 vitam
1003 222 1126 253 spectant
1136 238 1143 249 ,
1156 216 1385 252 quemadmodum
1397 224 1429 244 ex
1441 217 1547 244 sincera
1561 225 1592 244 ac
1603 223 1696 244 nuitua

67 266 210 302 χρώμενος
223 266 337 301 εἴρηκας
347 273 354 281 ·
373 266 455 292 πόσον
470 264 526 300 ἐγὼ
540 266 554 292 ὁ
568 266 695 297 ταπεινὸς
717 266 861 300 προθυμη-

68 314 145 347 θείην
169 312 338 338 ἐπιστέλλειν
360 313 393 347 τῇ
419 311 617 347 ἀνυπερϐλήτῳ
643 320 690 337 σου
719 311 859 346 ὑπεροχῇ·

69 361 136 388 αὐτὰ
161 359 240 385 τοῦτο
273 358 418 394 μανθάνων
439 359 490 388 τὰς
514 357 643 388 εὐκταίας
670 357 765 390 ὑγείας
794 364 859 382 σουο

69 408 117 434 καὶ
132 406 221 433 δοκῶν
243 405 308 440 ὁρᾷν
326 413 375 430 σου
395 404 426 430 τὸ
450 403 611 438 φιλούμενον
635 403 797 438 πρόςωπον⁸
814 402 862 428 καὶ

69 453 181 480 ἀκούειν
193 461 238 478 σου
250 453 300 486 τῆς
312 451 448 485 ἡδυτάτης
461 450 552 484 φωνῆς
563 457 569 464 ⁵
581 451 613 485 τῇ
626 450 694 484 πρὸς
710 449 754 475 τὸν
768 457 862 484 γραμ-

72 500 231 536 ματηφόρον
249 496 473 532 συγκαταϐατικῇ
497 495 590 531 ὁμιλίᾳ
612 495 660 522 κα)⁵
677 495 779 531 θεωρίᾳ
796 495 859 521 aou!

70 547 142 582 Δέχῃ
165 545 219 580 γὰρ
244 543 289 570 διὰ
311 543 379 569 Θεὸν
400 542 604 576 εὖμενὲστατα,
631 541 679 567 καὶ
695 541 799 576 ὁμιλεῖς
815 541 862 567 εὑ-

71 594 190 627 πρόσιτα
215 591 260 617 καὶ
284 589 322 624 τῷ
345 589 462 624 τυχόντι.
491 589 540 619 Ὃς
565 588 613 613 καὶ
637 586 791 622 ἀπήγγειλέ
816 596 862 622 μοι

70 640 147 669 ὅπως
166 635 374 670 ἐπιστυγνάζεις
396 635 453 665 τοῖς
478 633 529 668 ἥδη
553 633 624 659 κατὰ
649 632 698 662 τὰς
725 632 863 667 ἁμαρτίας

71 685 153 721 ἡμῶν
176 682 391 717 τετολμημένοις
402 690 409 696 ·
430 681 541 711 στένων,
561 679 609 706 καὶ
625 679 715 713 ἀλγῶν
730 680 780 714 τὴν
795 687 863 714 καρ-

71 733 131 758 δίαν
146 730 189 764 ἐφ’
204 729 310 763 ἑκάστῳ
320 728 374 754 τῶν
390 727 571 762 γιγνομὲνων.
588 726 642 752 Καὶ
659 726 782 757 εἰκότως.
797 726 863 752 ’Λν-

73 779 183 813 θρωπος
196 777 250 810 γὰρ
261 773 286 801 εἴ
300 774 378 805 Θεοῦ,
389 774 450 800 νοῦν
465 773 534 808 ἔχων
547 773 630 808 ἱερὸν.
646 772 735 807 ψυχὴν
747 774 863 807 Χριστο-

72 825 149 860 φιλῆ,
164 822 266 857 γνῶσιν
285 820 407 855 Θεοτελῆ,
422 819 542 846 διάνοιαν
562 818 684 854 ἐμμελῆ,
703 818 782 850 δόξαν
797 819 863 845 εἰλι-

73 870 172 906 κρινῆ·
200 870 228 895 ὲν
251 865 291 899 οἷς
314 866 475 901 σφαδάζεις,
502 866 539 901 μὴ
564 865 713 899 δυνάμενος
732 864 864 900 βοηθῆσαι

912 263 1047 291 charitate
1060 263 1236 298 signiﬁcasti:
1250 267 1350 297 quanta
1361 271 1404 289 me
1417 263 1546 290 humilem
1559 263 1699 290 alacritate

913 318 960 344 par
983 314 1025 337 est
1048 309 1081 336 ad
1101 309 1266 336 eminentem
1292 313 1364 336 luam
1386 309 1572 336 excellentiam
1595 309 1700 336 litteras

913 356 979 382 dare
1001 363 1007 380 :
1034 363 1097 382 cum
1123 355 1175 382 hoc
1200 355 1288 390 ipsum
1302 355 1334 382 de
1349 359 1374 381 te
1392 355 1510 386 discam,
1527 355 1596 382 belle
1614 360 1653 387 te,
1672 359 1703 382 ut

913 401 1090 435 cupidissime
1112 406 1196 436 opto,
1218 402 1309 428 valere
1327 410 1333 428 :
1360 409 1422 428 cum
1449 401 1645 429 suavissimum
1670 409 1703 430 os

914 451 989 474 tuum
1018 448 1112 474 videar
1141 447 1262 479 intueri,
1292 455 1324 474 ac
1352 447 1582 482 jucundissimam
1608 456 1703 475 vocem

914 494 1018 526 audire,
1033 494 1078 521 ubi
1089 494 1289 521 humanissimo
1299 498 1347 520 tuo
1358 494 1478 529 alloquio
1489 500 1634 530 etaspectu
1650 495 1704 522 frui

915 539 1056 566 tabellario
1072 544 1169 566 nostro
1190 540 1271 567 licet!
1295 539 1402 574 Excipis
1426 541 1499 567 enim
1526 541 1706 568 blandissime

915 590 1024 621 propter
1047 585 1147 618 Deum,
1175 593 1207 613 ac
1231 586 1362 614 benevole
1385 586 1478 614 aﬂ'aris
1502 587 1544 614 vel
1568 587 1704 622 privatum

916 633 1077 667 quemlibet.
1094 632 1134 659 Ad
1152 640 1194 659 me
1209 637 1298 659 autent
1315 632 1359 659 ille
1376 633 1488 662 retulit.
1510 641 1590 666 quam
1609 633 1707 660 acerbo

915 678 1007 706 animo
1023 685 1054 706 ea
1069 678 1141 705 feras
1150 687 1210 713 quae
1221 679 1276 713 jam
1291 678 1340 709 illi,
1354 683 1465 713 propter
1477 683 1588 713 peccata
1601 683 1705 708 nostra.

915 725 975 751 ausi
995 728 1060 751 sunt
1076 723 1197 750 facinora
1217 733 1223 750 :
1242 724 1446 759 ingemiscens,
1467 732 1498 751 ac
1518 723 1633 757 singulis
1647 731 1708 758 qua:

916 771 1045 798 accidunt
1068 771 1148 797 malis
1162 771 1284 798 oll'ensns
1301 778 1363 797 cum
1382 770 1480 798 intimo
1496 778 1578 797 sensu
1593 769 1707 796 doloris.

916 817 950 845 Et
965 818 1071 845 merito.
1094 817 1163 844 Nam
1179 822 1207 844 et
1223 818 1304 844 homo
1320 817 1367 844 Dei
1387 826 1433 850 es,
1453 817 1496 844 cui
1517 825 1594 845 sacra
1613 825 1708 848 mens.

917 865 1011 891 anima
1028 864 1131 891 Christi
1148 871 1243 891 amans
1255 884 1262 895 ,
1277 863 1368 890 divina
1384 864 1480 898 peritia
1490 884 1498 894 .
1512 864 1710 898 circumspecta

73 918 130 947 τοῖς
159 916 319 951 πράγμασι,
342 913 413 940 κατὰ
433 912 464 938 τὸ
491 911 602 942 εἰωθός·
629 910 686 937 ἀλλ’
703 910 774 946 ὁρῶν
794 910 865 936 οὕτω

920 912 1067 946 cogitatio,
1098 919 1191 938 rerum
1217 910 1386 938 existimatio
1417 910 1548 943 sincera;
1578 911 1710 944 quocirca

74 961 283 990 κινδυνεύουσαν
298 960 349 992 τὴν
374 958 548 993 Ἐκκλησίαν,
573 957 612 991 ἣν
631 956 863 991 περιεποιήσατο

73 1009 185 1041 Κύριος
203 1006 251 1033 διὰ
274 1005 327 1032 τοῦ
342 1005 453 1031 οἰκείου
472 1004 606 1037 αἵματος.
623 1001 658 1029 Ὠ
672 1003 805 1034 δέσποτα,
824 1004 864 1033 εἰς

74 1051 120 1080 οἷα
139 1053 214 1079 δεινὰ
238 1051 406 1086 ἐφθάσαμεν
425 1049 473 1076 καὶ
497 1049 578 1084 ἡλίκα
596 1049 669 1076 κακὰ
689 1048 861 1084 τεθεάμεθαι

81 1098 209 1133 Ἀμοιῦαὶ
220 1097 307 1123 ταῦτα
319 1095 509 1131 προλαϐόντων
518 1094 735 1130 ἁμαρτημάτων.
754 1094 864 1128 Ἐπειδὴ

75 1146 130 1180 γὰρ
151 1144 208 1170 οὐιι
229 1141 450 1176 ἐδοκιμάσαμεν
474 1141 527 1167 τὸν
549 1140 623 1168 Θεὸν
637 1140 719 1175 ἔχειν
741 1141 775 1166 ἐν
801 1140 862 1166 ἑπι-

76 1191 197 1226 γνώσει,
216 1189 260 1216 διὰ
274 1189 399 1223 φυλακῆς
416 1187 469 1214 τῶν
482 1187 599 1214 ἐντολῶν
615 1187 697 1213 αὑτοῦ
708 1195 715 1202 ·
734 1187 791 1213 ἀλλ’
803 1186 865 1213 ἐλύ-

77 1247 165 1272 σιμεν
181 1237 211 1263 οὐ
230 1235 304 1271 μίαν,
327 1234 396 1262 ἀλλὰ
413 1234 462 1260 καὶ
490 1234 601 1264 πολλὰς,
616 1234 662 1259 καὶ
683 1233 735 1268 ἰδίᾳ
753 1234 800 1260 καὶ
819 1233 866 1268 δη-

78 1284 162 1319 μοσίᾳ.
178 1283 320 1317 σχίσαντες
335 1281 366 1307 τὸ
382 1280 548 1314 Εὑαγγέλιον
561 1280 608 1306 τοῦ
620 1279 739 1314 Χριστοῦ
752 1287 759 1294 ·
776 1279 865 1310 οἶσθα,

77 1331 90 1357 ὁ
114 1329 208 1364 σοφὸς,
234 1329 252 1355 ἃ
275 1328 364 1362 λέγω·
384 1327 543 1362 παρέδωκεν
567 1327 641 1361 ἡμᾶς
665 1327 679 1352 ὁ
693 1326 759 1357 Θεὸς
775 1327 803 1352 ὲν
825 1323 866 1357 οἷς

77 1375 235 1410 πάσχομεν·
251 1373 301 1400 ἵνα
314 1373 356 1407 μὴ
369 1373 430 1399 σὺν
445 1371 484 1405 τῷ
505 1372 607 1406 κόσμῳ
629 1372 866 1406 κατακριθῶμεν-υ

77 1420 158 1454 καίγε
178 1419 203 1445 οἱ
215 1417 359 1448 δοκοῦντες
371 1415 439 1443 εἶναι
455 1425 492 1444 τι.
507 1417 588 1442 Ὥστε
601 1415 644 1450 μὴ
662 1416 868 1449 ὑψούσθωσαν

77 1467 111 1494 ἐν
137 1464 257 1499 ἑαυτοῖς
278 1464 303 1490 ot
329 1463 508 1494 ἀσεϐοῦντες.
534 1463 572 1493 ὡς
600 1461 654 1496 ἄρα
681 1461 865 1494 εὐσεϐοῦντες,

76 1511 145 1540 ἀλλὰ
175 1511 223 1537 καὶ
239 1510 299 1536 λίαν
322 1509 532 1543 γινωσκέτωσαν
546 1507 668 1542 Χριστὸν
679 1506 819 1542 ἀρνεῖσθαι
833 1508 867 1542 τῇ

77 1558 207 1592 ἀθετήσει
221 1556 271 1590 τῆς
286 1555 388 1589 σεπτῆς
411 1554 493 1581 αὺτοῦ
515 1553 618 1584 εἰκόνος
629 1573 636 1583 ,
652 1552 681 1584 ὃς
698 1553 738 1578 ἔτι
750 1552 868 1578 ἀναϐάλ-

77 1605 155 1630 λεται
168 1603 312 1636 ἐπαφεῖναι
328 1601 377 1636 τὴν
390 1601 542 1635 ἐκδίκησιν,
559 1600 647 1633 φειδοῖ
668 1599 715 1625 καὶ
736 1598 804 1634 ὲλέῳ
820 1607 865 1633 φι-
881 1594 901 1622 C

77 1649 255 1684 λανθρωπὶας
270 1648 317 1675 καὶ
341 1647 487 1681 μετανοίας
497 1655 505 1662 ”
521 1643 576 1672 οἶδε
591 1646 618 1671 δὲ
635 1639 749 1671 ἐν’τέλει
764 1644 870 1680 ἀμύνα-

78 1696 140 1722 σθαι
157 1696 221 1727 τοὺς
247 1692 472 1728 ἀνεπιστρόφους.
490 1691 575 1722 Αὐτὸς
590 1690 637 1718 οὖν
653 1691 815 1726 προσεύχου,
832 1691 869 1722 ὡς

78 1741 218 1776 θεοφιλὴς,
237 1741 287 1775 τὴν
302 1739 356 1766 τῶν
377 1737 517 1774 δυσχερῶν
539 1737 627 1764 λύσιν.
651 1737 731 1763 Ἀλλὰ
749 1737 786 1772 μὴ
805 1738 870 1772 ἡμῖν

78 1789 228 1824 ἐπίτρεπε·
253 1786 277 1813 οἳ
304 1786 354 1812 οὑκ
372 1784 512 1820 ἀρκοῦμεν
536 1784 588 1810 κᾶν
604 1784 670 1819 περὶ
684 1783 738 1810 τῶν
761 1784 870 1810 οἰκείων

79 1834 224 1870 ἁμαρτιῶν
245 1832 414 1866 ὲξιλεοϋσθαι
436 1831 483 1858 τὸν
497 1830 599 1866 ἀγαθὸν
615 1830 691 1857 Θεὸν.
719 1831 813 1866 Ὅμως
827 1831 868 1858 ὅτι

79 1879 128 1905 καὶ
141 1879 223 1913 ἡμεῖς
238 1876 398 1912 αἰτούμεθα.

916 956 1095 982 vehementer
1112 956 1221 990 aligeris
1237 956 1310 989 quod
1333 963 1410 989 opem
1429 955 1500 982 ferre
1523 959 1576 982 non
1604 955 1709 989 possis.

918 1006 945 1028 ul
962 1003 1053 1029 soles:
1073 1001 1223 1028 Ecclesiam
1241 1005 1330 1028 autem
1354 1001 1389 1027 ita
1413 1000 1611 1035 periclitantem
1630 1001 1711 1027 intel-

919 1047 987 1081 ligas
999 1067 1007 1078 ,
1029 1055 1108 1082 quam
1130 1047 1259 1074 Dominus
1272 1047 1411 1082 acquisivit
1428 1047 1555 1082 sanguine
1571 1055 1618 1073 suo
1633 1047 1666 1074 ³⁵.
1688 1046 1711 1074 0

919 1093 1052 1125 Domine,
1080 1094 1106 1120 in
1129 1101 1199 1128 quas
1214 1094 1375 1120 devenimus
1394 1093 1584 1120 calamitates!
1610 1097 1712 1127 quanta

918 1140 1039 1167 vidimus
1069 1140 1162 1167 mala!
1192 1140 1275 1167 Pmna
1302 1140 1360 1167 haec
1381 1140 1456 1175 justa
1481 1140 1627 1167 criminum
1649 1147 1712 1174 quat

920 1191 1127 1221 pra‘ccsserunt.
1140 1186 1367 1221 Quandoquidem
1384 1186 1456 1213 enim
1474 1194 1525 1213 non
1542 1186 1710 1221 probavimus

920 1231 1005 1258 Deum
1026 1232 1120 1258 habere
1143 1233 1168 1258 in
1185 1233 1281 1259 notitia
1299 1232 1322 1248 "
1336 1253 1344 1266 ,
1366 1232 1494 1259 mandata
1518 1231 1592 1259 illitls
1612 1231 1710 1258 obser-

919 1281 1032 1309 vantes;
1049 1278 1096 1305 sed
1112 1286 1164 1304 non
1179 1286 1263 1305 unum
1275 1278 1368 1310 modo,
1383 1285 1475 1304 verum
1488 1286 1520 1305 ex
1537 1277 1579 1304 his
1594 1277 1711 1312 plurima

921 1323 1104 1357 negleximus,
1132 1328 1159 1350 ct
1186 1324 1313 1359 privatim
1341 1328 1368 1351 et
1395 1323 1503 1359 publice
1532 1323 1709 1358 Evangelium

919 1369 1022 1397 Christi
1049 1370 1226 1403 scindentes;
1255 1369 1404 1404 intelligis,
1435 1370 1476 1396 vir
1498 1369 1624 1404 sapiens.
1645 1369 1711 1404 quid

921 1417 1020 1449 velim;
1044 1416 1148 1443 idcirco
1163 1417 1273 1444 tradidit
1291 1424 1342 1444 nos
1357 1416 1427 1444 Deus
1449 1416 1491 1444 his
1504 1423 1564 1450 qua}
1576 1416 1710 1450 patimur,

921 1467 949 1488 ut
968 1471 1018 1488 non
1034 1471 1093 1489 cum
1110 1463 1156 1489 hoc
1170 1463 1267 1490 mundo
1277 1462 1433 1490 damnentur
1443 1462 1466 1478 ⁸⁷
1480 1472 1487 1490 :
1508 1463 1559 1490 etsi
1588 1463 1712 1489 videmur

922 1508 1022 1542 aliquid
1035 1516 1105 1535 esse.
1123 1508 1307 1541 Quamobrem
1326 1517 1379 1535 non
1396 1508 1548 1535 exaltentur
1569 1507 1595 1535 in
1615 1511 1711 1534 semet-

922 1554 986 1589 ipn-is
1000 1554 1021 1569 “
1039 1554 1115 1589 impii
1132 1575 1139 1586 ,
1157 1559 1288 1589 tanquam
1302 1555 1358 1582 sint
1376 1555 1470 1589 utique
1486 1554 1521 1589 pii
1541 1564 1548 1582 :
1570 1555 1615 1581 sed
1633 1554 1712 1589 plano

921 1599 1074 1634 intelligant
1098 1601 1193 1636 negari
1216 1601 1377 1633 Christum.
1399 1601 1445 1628 ubi
1471 1601 1626 1628 veneranda
1651 1599 1711 1635 ejus

920 1646 1011 1681 imago
1026 1647 1174 1682 abrogatur
1188 1655 1194 1673 :
1217 1647 1264 1682 qui
1280 1647 1461 1675 nihilominus
1481 1647 1584 1674 inferre
1601 1654 1711 1681 poenam

919 1699 1067 1721 cunctatur
1090 1703 1123 1721 ex
1139 1695 1307 1730 benignitate
1323 1703 1387 1730 erga
1404 1695 1531 1723 homines
1550 1703 1582 1722 ac
1603 1694 1712 1722 miseri-

919 1740 1024 1773 cordia,
1040 1745 1124 1776 utque
1140 1741 1203 1769 illos
1221 1741 1254 1769 ad
1270 1742 1458 1777 pcenitentiam
1478 1742 1616 1769 adducat:
1636 1740 1713 1768 novit

919 1790 1010 1814 autem
1024 1787 1095 1815 malo
1108 1787 1219 1815 demum
1231 1787 1339 1816 allicere
1347 1796 1394 1816 eos
1406 1787 1452 1823 qui
1463 1795 1518 1815 non
1535 1787 1712 1822 resipiscunt.

921 1832 961 1860 Tu
978 1833 1060 1867 igitur
1072 1855 1079 1866 ,
1097 1835 1199 1870 quippe
1215 1834 1270 1862 Deo
1282 1840 1394 1870 gratus,
1410 1842 1596 1862 aerumnarum
1611 1833 1713 1860 libera-

923 1879 1025 1907 tionem
1042 1882 1172 1916 precibus
1189 1889 1283 1909 exora.
1311 1881 1366 1908 Sed
1390 1881 1446 1908 noli
1473 1881 1524 1908 has
1542 1880 1621 1907 nobis
1639 1879 1713 1907 vices

79 1925 229 1955 mandare.
257 1923 303 1958 qui
328 1923 373 1950 vix
399 1930 478 1957 pares
495 1930 592 1950 sumus
609 1922 741 1958 placando
762 1923 805 1950 vel
822 1931 872 1958 pro
891 1928 1013 1960 peccatis
1045 1930 1166 1964 propriis
1182 1929 1237 1958 Deo
1267 1930 1383 1964 optimo.
1401 1928 1587 1956 Nihilominus
1605 1927 1670 1955 illud
1686 1931 1714 1955 et

80 1978 133 1999 nos
150 1971 200 2004 ipsi
219 1970 336 2004 ﬂagitatn
342 1977 384 1996 us.

168 2016 232 2044 NZ'.
246 2031 283 2035 —
298 2015 480 2048 Ἀναστασίῳ
496 2015 762 2049 πρωτοσπαθαρίῳ.
774 2014 872 2051 [τπγ’.]

1065 2015 1145 2043 LVII.
1158 2031 1192 2036 -—
1206 2016 1350 2043 Anastasio
1364 2016 1589 2051 protospathario.

331 2074 418 2098 Grates
428 2079 472 2104 pro
484 2074 561 2104 ipsius
573 2081 632 2105 erga
643 2081 671 2099 se
681 2074 764 2099 studio
779 2075 832 2106 agit
848 2082 854 2099 :
874 2077 926 2099 tum
941 2075 1033 2106 quibus
1045 2076 1163 2100 aerumnis
1173 2075 1332 2100 conﬂictelur
1346 2076 1458 2106 exponit.

121 2129 168 2160 Ὦς
182 2127 252 2163 καὶὴ
265 2129 282 2163 ἡ
300 2127 376 2163 φιλία
388 2148 395 2160 ,
423 2128 458 2155 τά
474 2137 503 2154 τε
519 2128 585 2155 ἄλλα
596 2149 603 2162 ,
631 2129 677 2155 καὶ
695 2129 736 2155 ὅτι
763 2128 872 2156 ἀποῦσα

79 2177 118 2208 ὼς
147 2175 274 2210 παροῦσα
299 2174 363 2206 τοὺς
391 2175 569 2210 ψιλουμένους
594 2175 750 2210 εὐεργετεῖν
780 2175 872 2202 εἴωθε.

80 2221 200 2256 Τοιαύτη
226 2221 258 2256 δὴ
281 2222 297 2256 ἡ
325 2222 480 2256 περιφανής
507 2229 553 2247 σου
581 2222 629 2247 καὶ
645 2222 738 2256 ἀγάπη
756 2221 804 2248 καὶ
827 2221 873 2247 εὑ-

82 2263 177 2295 σέϐεἶα
190 2267 257 2301 πρός
281 2275 315 2300 με
328 2266 372 2293 τὸν
389 2266 519 2301 δύστηνον
534 2266 651 2293 ἔκπαλαι
666 2267 713 2293 καὶ
730 2267 811 2302 μέχρι
825 2266 872 2294 τοῦ

80 2314 163 2349 δεῦρο
173 2321 180 2328 ”
197 2312 243 2339 καὶ
259 2312 386 2348 παροῦσα
399 2312 457 2339 κατ’
469 2312 636 2347 ὀφθαλμοὺς,
648 2313 695 2338 καὶ
713 2313 741 2339 ἐν
753 2313 873 2349 τοσούτῳ

81 2358 282 2394 ἀπειροπληθεῖ
314 2359 396 2393 μήκει
426 2358 577 2384 διεστῶσα·
605 2358 660 2384 ἀπὸ
685 2358 808 2390 Σικελίας
838 2367 872 2394 με

82 2404 268 2439 εὐεργετοῦσα
286 2405 315 2430 ὲν
341 2404 379 2439 τῷ
408 2404 549 2439 Βυζαντίῳ
572 2403 652 2436 ὄντα,
683 2405 732 2430 καὶ
755 2405 808 2431 ἀπὸ
825 2404 872 2431 τοῦ

80 2451 233 2484 Βυζαντίου
253 2447 303 2477 ὧδε
328 2452 440 2477 κάκεῖσε
457 2450 684 2485 περιωρισμένον,
709 2450 802 2486 ὥσπερ
826 2451 873 2477 καὶ

81 2497 177 2524 τανῦν.
204 2497 259 2523 Καὶ
275 2496 302 2522 τί
317 2496 406 2528 τοῦτο,
422 2497 464 2522 ὅτι
482 2497 521 2528 εἰς
542 2496 685 2531 ἄνθρωπον
712 2496 874 2532 ἁμαρτωλὸν

82 2545 130 2571 καὶ
141 2542 252 2574 ἀνάξιον
273 2542 321 2577 τῆς
337 2543 477 2576 εὐγενείας
494 2551 541 2568 σου
556 2542 627 2569 οὕτω
639 2544 783 2578 πράττεις·
803 2542 873 2578 πλὴν

81 2591 123 2617 ὅτι
143 2588 296 2622 ἀγαπῶντά
313 2597 342 2614 σε
362 2587 422 2614 λίαν
438 2588 482 2614 διὰ
496 2589 546 2624 τὴν
561 2589 589 2615 ὲν
605 2589 706 2615 ἅπασιν
716 2589 815 2624 ἀρετὴν
826 2589 874 2615 καὶ

82 2635 223 2671 φιλοθεῖαν
241 2643 304 2661 σου·
332 2635 364 2670 ἣν
386 2635 444 2670 ᾄδει
470 2635 499 2660 οὐ
527 2635 607 2670 μόνον
636 2635 762 2666 Σικελία,
792 2635 838 2661 καὶ
856 2635 873 2670 ἡ

82 2681 156 2708 τίσδε
178 2680 255 2716 χώρα
274 2680 320 2707 καὶ
342 2680 397 2713 τίς·
423 2680 490 2707 ἀλλὰ
512 2681 558 2707 καὶ
572 2681 640 2714 αὑτὴ
662 2681 677 2716 ἡ
695 2680 874 2715 βασιλεύουσα

85 2727 172 2758 πόλις.
194 2726 243 2752 Διὰ
256 2725 335 2752 τοῦτο
350 2726 396 2752 καὶ
411 2726 552 2760 βασιλεῦσι
568 2726 600 2752 σὺ
616 2726 737 2761 φιλητὸς,
753 2728 800 2753 καὶ
818 2729 874 2759 τοῖς

84 2773 112 2797 ἐν
128 2772 200 2798 τέλει
212 2780 219 2787 ·
236 2772 283 2798 καὶ
299 2772 327 2798 αἱ
349 2772 423 2805 ἀξίαι
440 2780 482 2798 σοι
505 2773 552 2799 ἀπ’
568 2772 678 2807 ἀρετῆς.
696 2771 774 2798 Οὕτω
787 2772 873 2806 φιλῶν

83 2817 129 2843 τὸν
145 2816 222 2849 Θεὸν,
232 2817 381 2852 πεφίλησαι
392 2818 439 2844 καὶ
455 2817 502 2844 ὑπ’
516 2817 598 2844 αὐτοῦ
611 2819 658 2844 καὶ
667 2817 744 2853 παρὰ
755 2818 808 2844 τῶν
824 2818 873 2845 αὺ-

119 2875 142 2891 ⁵¹¹
158 2875 218 2903 Act.
237 2884 282 2906 xx.
294 2876 341 2904 εδ.
378 2877 400 2892 ⁸⁸
414 2875 494 2904 Rom.
510 2885 529 2908 ι,
549 2876 595 2905 ‘28.
634 2877 656 2893 ⁸⁷
673 2877 683 2904 Ι
699 2877 762 2905 Cor.
776 2885 812 2910 χι,
828 2877 872 2905 52.

958 2129 1095 2157 Eximinm
1110 2130 1240 2166 quiddam
1259 2129 1381 2157 amicitia
1395 2133 1452 2161 est,
1468 2137 1530 2156 cum
1550 2129 1585 2156 ob
1599 2133 1714 2158 caztcraa

923 2185 1032 2208 causas.
1050 2182 1107 2204 tum
1127 2177 1199 2211 quod
1215 2177 1249 2204 de
1267 2177 1427 2204 absentibus
1446 2183 1525 2210 atque
1542 2184 1575 2203 ac
1591 2184 1714 2211 prmsem

923 2223 996 2250 tibus
1012 2223 1108 2250 arnicis
1123 2223 1191 2249 bene
1207 2223 1305 2250 mereri
1333 2222 1413 2249 solet.
1438 2221 1514 2248 Talis
1534 2222 1629 2256 utique
1644 2223 1713 2250 insi~

924 2269 985 2304 guis
1006 2269 1050 2295 illa
1071 2273 1116 2296 tua
1134 2268 1322 2296 benevolentia
1339 2268 1482 2303 pietasque
1497 2275 1561 2300 erga
1581 2276 1624 2295 me
1640 2268 1713 2295 infe-

925 2315 1003 2341 licem
1016 2314 1177 2348 jamdudum
1194 2321 1281 2348 usque
1296 2313 1328 2340 ad
1345 2313 1506 2340 hodiernum
1518 2313 1600 2345 diem,
1611 2317 1638 2340 et
1648 2321 1711 2341 cum

888 2350 909 2377 ο
924 2365 950 2388 te
962 2368 1054 2388 coram
1071 2366 1223 2396 spectarent
1236 2361 1334 2393 oculis,
1350 2367 1377 2388 et
1391 2369 1462 2387 nunc
1473 2368 1534 2387 cum
1547 2364 1623 2388 tanto
1636 2360 1712 2389 loco-

924 2415 984 2434 rnm
999 2407 1142 2434 intervallo
1153 2407 1271 2434 dissides
1283 2415 1290 2433 :
1304 2415 1366 2434 cum
1379 2415 1412 2434 ex
1427 2406 1519 2433 Sicilia
1532 2415 1575 2434 me
1588 2406 1711 2443 Byzantii

924 2458 1140 2480 commorantem
1153 2473 1160 2484 ,
1177 2458 1203 2480 et
1219 2461 1234 2480 a
1250 2453 1380 2488 Byzantio
1397 2453 1441 2480 hic
1455 2453 1495 2480 vel
1513 2453 1568 2480 illic
1582 2453 1711 2480 exsulan-

926 2504 991 2532 tem,
1010 2500 1150 2527 beneﬁciis
1163 2507 1273 2531 oneras,
1288 2500 1361 2527 sicut
1374 2505 1400 2526 et
1413 2507 1495 2526 nunc.
1512 2499 1616 2533 Ecquid
1637 2499 1711 2527 istud

925 2545 966 2572 rei
983 2550 1036 2577 est.
1049 2545 1123 2578 quod
1140 2551 1204 2579 erga
1223 2545 1359 2572 hominem
1376 2550 1560 2579 pecmtorem,
1582 2553 1614 2572 ac
1628 2553 1711 2579 gene-

923 2591 1037 2618 rositate
1053 2596 1099 2617 tua
1117 2591 1268 2625 indignum,
1285 2591 1325 2617 sic
1339 2598 1368 2617 es
1386 2591 1523 2617 animatus
1542 2597 1549 2616 :
1567 2590 1619 2617 nisi
1638 2590 1710 2625 quod

923 2637 967 2664 ille
979 2641 1004 2664 te
1017 2638 1191 2664 vehementer
1201 2637 1288 2672 diligit
1298 2641 1408 2671 propter
1419 2636 1572 2663 absolutam
1581 2636 1710 2663 virtutem

922 2689 954 2708 ac
971 2682 1098 2716 pietatem
1113 2686 1198 2713 tuam,
1215 2690 1295 2716 quam
1309 2690 1362 2709 non
1378 2682 1472 2709 Sicilia
1484 2682 1575 2714 modo,
1594 2686 1641 2709 aut
1652 2682 1710 2708 haec

922 2727 964 2753 vel
979 2727 1029 2753 ista
1044 2727 1119 2762 regio
1131 2727 1302 2754 concelebrat
1314 2747 1320 2759 ,
1342 2726 1390 2754 scd
1409 2719 1438 2754 et
1457 2728 1516 2761 ipsa
1535 2726 1709 2760 imperatoria

927 2775 1034 2802 civitas.
1061 2775 1232 2809 Quapropter
1254 2779 1280 2801 et
1302 2773 1412 2808 regibus
1427 2773 1494 2808 ipsis
1511 2777 1538 2800 tu
1559 2773 1661 2800 charns
1685 2775 1712 2799 et

927 2819 1126 2854 optimatibus:
1152 2827 1184 2847 ac
1203 2820 1348 2856 dignitates
1369 2819 1416 2847 tibi
1438 2819 1473 2847 ob
1482 2819 1609 2846 virtutem
1630 2818 1711 2846 datr.

930 2877 953 2894 "
971 2877 1044 2906 Psal.
1062 2886 1125 2911 ιμ’,
1142 2878 1169 2905 7.
