1923 3078
229 131 295 164 1271

821 133 851 164 S.
867 133 1064 164 THEODORI
1085 132 1258 164 STUDIT/E

1782 134 1846 167 1212

228 190 275 216 hic
287 209 294 219 ,
313 196 375 215 cum
394 187 478 215 Deum
496 188 609 223 dillgas,
625 192 652 215 et
663 187 698 216 ab
714 188 773 224 ipso
788 189 922 225 diligeris,
937 194 965 217 et
980 189 1014 217 ab

1069 189 1124 216 τοῦ.
1148 189 1218 223 Ἐγὼ
1230 188 1259 215 δὲ
1275 187 1342 223 ὁμοῦ
1354 187 1402 222 μὲν
1419 186 1566 222 ἀπόθητος,
1582 187 1650 224 ὁμοῦ
1664 188 1692 216 δὲ
1705 189 1753 216 καὶ
1762 189 1846 226 ὀρφα-

225 235 268 262 eis
286 234 334 269 qui
352 238 414 261 sunt
431 234 501 268 ejus.
519 233 575 270 Ego
595 242 659 262 vero
682 242 732 262 nec
748 235 877 269 cuiquam
892 235 1011 268 charus,

225 285 253 308 et
267 281 338 308 idem
356 280 516 315 parentibus
529 280 688 308 destitutus.
714 281 863 316 Dereliquit
880 281 952 308 enim
970 289 1013 309 me

225 331 303 363 pater
317 334 395 354 meus
411 326 532 362 migrans
552 326 584 353 ad
604 325 761 358 Dominum.
779 327 1012 362 quemadmodum

225 378 252 401 et
265 373 323 408 ipse
337 373 450 400 omnino
464 373 546 400 nosti.
561 371 693 400 Similiter
704 378 731 401 et
739 373 898 409 Calogerus.
915 373 1012 401 Archi-

224 419 370 454 episcopus
383 423 410 446 et
423 419 494 446 idem
509 419 602 452 frater,
620 419 696 446 solus
709 424 752 446 est
766 420 890 447 relictus.
908 419 1011 447 Verum

225 470 252 492 et
263 465 332 500 ipse,
345 470 456 500 propter
467 473 497 492 ea
513 473 574 500 quae
588 472 637 492 nos
647 465 915 500 comprehenderunt
930 466 1011 497 mala,

224 511 386 547 longissimo
415 515 552 538 terrarum
579 511 667 546 spatio
696 511 845 539 dirimitur.
873 512 1013 547 Angustite

227 557 292 584 mihi
310 558 458 593 utrinque:
476 565 537 594 qum
553 563 645 585 tamen
660 557 762 586 Christi
776 566 860 586 causa
873 559 1014 586 latissima:

225 612 257 631 ac
269 604 439 631 suavissimae
455 608 528 632 sunt.
550 604 602 632 Sed
616 604 681 639 quid
702 605 735 632 ad
754 604 924 632 infidelitatis
943 609 1013 632 tem-

224 654 376 685 pestatem:
403 650 429 676 in
453 658 508 686 qua
530 650 675 678 universus
696 651 895 686 propemodum
916 651 991 679 orbis
1004 672 1011 685 ,

224 695 272 730 qui
293 695 357 723 huic
381 701 460 731 paret
483 696 617 731 imperio,
632 696 804 732 naufragium
821 696 905 724 facit?
924 697 991 725 Vide
1004 717 1012 729 ,

224 742 335 769 domine
346 762 353 774 ,
370 742 403 769 ad
421 750 482 776 qum
497 742 568 769 mala
586 742 716 770 reservati
734 751 830 770 sumus
845 752 852 770 :
868 751 930 778 qua:
945 743 1013 770 nihil

224 788 266 816 vel
278 796 373 823 parum
391 789 538 816 admodum
549 796 564 816 a
575 788 717 816 Judaismo
732 790 888 825 discrepent
902 799 909 817 :
924 799 1013 826 quan-

225 834 372 868 doquidem
396 834 516 867 Christi,
541 835 785 870 sanctissimmquze
814 835 957 871 Deiparte,
987 842 1015 865 et

224 881 312 908 sancti
328 880 450 915 cujusvis
466 881 554 915 imago
569 885 656 915 spreta
668 901 675 912 ,
698 881 775 908 nihili
795 881 905 917 habita,
931 882 1014 910 dede-
1029 873 1050 901 Β

224 934 288 953 core
301 926 396 954 alfecta
409 931 462 953 est.
480 926 539 960 ipse
552 926 625 953 enim
640 926 767 954 Christus
780 948 787 960 ,
802 935 865 954 cum
885 932 974 956 matre
989 931 1016 955 et

224 973 356 1006 famulis,
383 974 433 1001 ista
462 973 614 1008 perpetitur
635 981 643 1000 :
666 973 716 1000 etsi
745 973 909 1008 negantibus
936 973 1016 1000 aliter

224 1019 342 1047 videtur.
370 1018 468 1046 Verum
497 1018 633 1046 custodiat
663 1023 688 1045 te
720 1018 854 1046 Dominus
883 1019 911 1046 in
940 1025 1015 1047 recta

224 1066 371 1097 sententia.
387 1070 531 1100 servetque
545 1073 560 1092 a
578 1064 740 1100 naufragio;
757 1072 916 1100 quanquam
929 1065 1013 1093 haere-

224 1112 263 1140 sis
275 1111 404 1140 fluctibus
415 1112 587 1139 extrinsecus
595 1111 763 1146 respergaris
774 1112 1012 1147 :jquandoquidcm

224 1158 363 1186 declinare
384 1157 411 1184 id
434 1157 546 1184 minime
568 1161 664 1192 potes,
689 1157 716 1184 in
738 1157 828 1184 media
852 1161 1014 1193 tempestate

1066 235 1120 266 νός.
1149 233 1177 260 '0
1196 233 1287 268 πατήρ
1312 241 1364 268 μου
1383 232 1547 266 ἐγκατέλιπὲ
1561 241 1611 268 με,
1634 234 1765 270 χωρήσας
1784 236 1847 271 πρὸς

1066 280 1178 315 Κύριον,
1194 279 1266 306 καθὰ
1285 279 1392 310 πάντως
1409 278 1522 313 διέγνως
1534 279 1583 306 καὶ
1598 280 1690 312 αὐτός.
1714 281 1848 315 Ὡσαύτως

1066 326 1113 352 καὶ
1123 327 1137 352 ὁ
1151 325 1330 361 Καλόγηρως.
1352 325 1381 352 '0
1394 325 1506 360 ἁδελφὸς
1521 325 1568 352 καὶ
1580 326 1796 361 ἀρχιεπίσιιοπος
1807 329 1849 364 μό-

1065 381 1111 404 νος
1120 381 1166 407 μοι
1177 371 1431 406 ἐγκαταλέλειπται.
1452 371 1532 398 Ἀλλὰ
1546 373 1593 399 καὶ
1602 369 1689 404 οὗτος,
1700 373 1746 400 διὰ
1760 374 1794 400 τὰ
1803 374 1847 402 νῦν

1066 419 1247 453 κατειληφότα
1258 419 1333 453 ἡμᾶς
1350 418 1434 450 δεινὰ,
1449 417 1648 453 διεσπασμένος
1671 419 1732 446 λίαν
1745 420 1848 455 πόρρω.

1066 464 1150 491 Στενά
1160 473 1204 498 μοι
1215 463 1394 498 ἑκατέρωθεν·
1407 464 1482 498 ὅμως
1500 464 1541 490 ὅτι
1552 464 1596 491 διὰ
1606 465 1724 500 Χριστὸν
1738 465 1787 492 καὶ
1795 466 1849 492 λίαν

1066 510 1169 544 γλυκέα
1179 510 1226 536 καὶ
1233 509 1378 544 εὐρύτατα.
1395 509 1477 536 Ἀλλὰ
1491 510 1518 536 τί
1532 510 1600 545 πρὸς
1610 510 1655 537 τὸν
1669 510 1794 538 κλύδωνα
1803 512 1848 547 τῆς

1066 556 1210 586 ἀπιστίας·
1239 555 1281 589 ἐφ’
1304 552 1327 590 ᾧ
1348 555 1379 582 τδ
1402 555 1574 590 παγκόσμιον
1595 556 1657 583 ὅσον
1674 557 1705 583 τὸ
1719 558 1791 584 κατὰ
1803 558 1850 593 τὴν

1066 602 1127 629 καθ’
1144 602 1219 637 ἡμᾶς
1233 600 1358 634 ἐξουσίαν
1381 601 1525 635 ναυάγιον;
1542 601 1595 634 ἴδε,
1609 601 1744 634 δέσποτα,
1757 603 1796 634 εἰς
1810 601 1851 629 οἷα

1066 648 1172 684 πονηρά
1189 647 1410 682 ὲταμιεύθημεν,
1422 647 1498 674 οὐδὲν
1512 647 1528 682 ἢ
1549 647 1649 682 μικρόν
1665 657 1691 674 τι
1703 649 1851 676 ὰπώἑοντα

1073 692 1256 727 Ίουδαῖσμοῦ·
1269 693 1351 728 ἡνίκα
1366 694 1382 728 ἡ
1402 693 1484 719 είχὼν
1500 693 1635 729 Χριστοῦ,
1653 694 1703 729 τῆς
1720 703 1750 721 τε
1771 695 1852 729 ἁγίας

1066 739 1208 773 Θιοτόκου,
1225 739 1271 766 καί
1285 739 1386 770 παντὸς
1398 738 1476 772 ἁγίου
1487 759 1494 771 ,
1505 738 1645 774 ἡϐέτηται,
1662 739 1850 774 ἑξουδένωται,

1067 786 1247 821 ἐνυϐρίζεται.
1272 785 1358 817 Αὐτὸς
1381 785 1435 820 γὰρ
1467 785 1585 820 Χριστὸς
1618 786 1667 812 σὺν
1695 786 1783 822 μητρὶ
1806 787 1853 814 καὶ

1067 832 1231 867 θεράπουσίν
1252 832 1325 858 ἐστιν
1337 831 1352 858 ό
1362 831 1448 858 ταῦτα
1462 831 1647 866 ὑφιστάμενος
1657 839 1664 846 °
1680 833 1732 860 κᾶν
1741 833 1772 859 οὺ
1787 834 1852 869 δοκῇ

1065 881 1121 911 τοῖς
1136 879 1323 914 ἀρνουμένοις.
1346 878 1427 905 Ἀλλά
1442 886 1472 904 σε
1487 878 1589 913 Κύριος
1606 877 1751 913 φυλάξειεν
1767 880 1795 906 ὲν
1816 879 1854 915 τῷ

1064 924 1136 961 ὀρθῷ
1155 925 1310 960 φρονήματι
1333 923 1573 951 ἅκαταῦἀπτιστον
1585 932 1592 938 ·
1608 925 1632 950 εἰ
1646 925 1693 950 καὶ
1705 926 1761 956 τοῖς
1776 926 1853 960 αἱρε-

1063 972 1152 1003 τικοῖς
1174 970 1279 1006 κύμασι
1296 970 1582 1005 καταῤῥαντιζόμενον
1596 969 1696 1002 ἔξωθεν
1706 978 1714 985 '
1729 971 1792 997 ἐπεὶ
1805 972 1854 1006 οὐχ

1064 1015 1120 1044 οἶόν
1146 1025 1176 1043 τε
1193 1016 1335 1050 διαφυγεῖν
1351 1024 1380 1042 σε
1402 1016 1575 1042 παντάπασιν
1598 1017 1628 1042 ὲν
1644 1016 1720 1052 μέσῳ
1737 1018 1853 1052 στρεφό-

1065 1071 1156 1098 μενον.
1169 1063 1225 1089 Καὶ
1239 1062 1284 1089 τὸν
1300 1061 1371 1096 ὑπὲρ
1385 1062 1435 1097 τῆς
1456 1062 1527 1097 ἐμῆς
1551 1061 1744 1094 ταπεινώσεως
1757 1063 1853 1096 μισθόν

1068 1118 1108 1136 σοι
1125 1109 1261 1144 παράσχοι
1277 1108 1490 1142 πολυπλασίονα,
1511 1105 1562 1136 ὦδέ
1577 1117 1607 1135 τε
1629 1108 1676 1135 καὶ
1688 1110 1718 1135 ἐν
1733 1109 1773 1145 τῷ
1790 1110 1855 1145 μέλ-

1066 1157 1139 1183 λοντι
1153 1156 1243 1184 αἰῶνι.

224 1204 344 1238 positus.
360 1203 434 1230 Idem
448 1208 475 1230 et
495 1203 657 1230 humilitatis
673 1209 740 1229 meae
759 1202 818 1229 vice
839 1203 1016 1238 multiplicem
1036 1201 1085 1229 tibi
1099 1201 1237 1236 persolvat
1267 1200 1431 1233 mercedem,
1449 1203 1505 1228 tum
1536 1200 1564 1228 in
1577 1201 1639 1234 isto,
1651 1204 1708 1228 tum
1722 1200 1750 1228 in
1763 1200 1856 1229 futuro

224 1251 334 1279 smculo.

391 1296 479 1324 LVIII.
492 1313 524 1317 ——
537 1296 677 1322 Fralribus
698 1295 848 1323 Sludiattis.

1128 1293 1194 1322 Nﬂ'.
1209 1309 1243 1314 —
1260 1293 1325 1326 Τοῖς
1335 1295 1380 1326 εὶς
1391 1293 1427 1320 τὰ
1441 1292 1587 1320 Στουδίου
1601 1293 1756 1328 ἀδελφοῖς.
1770 1293 1854 1331 [υς¹.1

508 1342 640 1367 Monacbos
650 1341 784 1367 Studianos
795 1342 819 1366 in
833 1342 926 1368 Christi
942 1341 1099 1367 confessione
1115 1342 1252 1366 conﬁrmat.
1266 1341 1367 1371 (Baron.
1382 1346 1422 1364 an.
1437 1339 1493 1369 8l8,
1506 1346 1531 1363 ιι.
1544 1338 1596 1370 20.)

259 1383 368 1411 Salvete
391 1382 418 1409 in
440 1381 574 1415 Domino,
599 1383 698 1410 fratres
714 1390 746 1410 ac
758 1383 852 1410 Patres
869 1392 876 1410 :
897 1383 1011 1414 salvete,

225 1429 324 1456 milites
362 1427 463 1455 Christi
497 1436 503 1453 :
529 1428 614 1459 salve,
645 1427 761 1455 fratrum
788 1428 872 1461 trias.
911 1433 1013 1455 sanctze

225 1474 367 1502 Trinitatis
380 1474 465 1509 gratia
478 1473 565 1505 dives.
581 1481 644 1500 vere
659 1474 734 1509 digni
750 1474 851 1501 talibus
869 1474 1012 1501 salutatio-

225 1522 307 1548 nibus
318 1541 325 1554 ,
337 1520 402 1555 quia
417 1524 528 1555 propter
539 1519 679 1547 Christum
691 1527 823 1554 generose
834 1519 1012 1547 durissimum

225 1575 363 1596 carcerem
388 1566 536 1602 patimini,
559 1574 573 1593 a
599 1565 712 1594 Leontio
740 1566 847 1594 nefario
869 1566 966 1593 vexati.
991 1565 1013 1593 Ο

226 1613 366 1641 Iudaicam
379 1612 544 1647 apostasiam
559 1612 565 1638 !
581 1611 609 1639 Si
624 1612 741 1647 agrestis
759 1612 813 1639 fera
826 1617 908 1644 esset,
920 1612 1014 1639 satiari

227 1659 320 1694 utique
347 1658 404 1693 jam
431 1661 546 1692 posset,
575 1659 737 1692 sanguinem
765 1662 886 1684 vestrum
921 1657 1014 1684 tamliu

228 1704 315 1739 pteuis
336 1703 452 1730 fundens
476 1707 504 1730 et
529 1703 668 1730 hauriens.
695 1703 729 1729 At
753 1710 827 1730 nunc
851 1702 1017 1730 insatiabilis

228 1754 320 1778 manet
328 1749 468 1784 sanguinis
487 1753 565 1784 potor
575 1748 771 1780 da-inoniacus,
787 1749 890 1775 nullum
905 1755 1017 1775 sensum

228 1795 433 1826 misericordiae,
445 1794 546 1821 nullam
559 1793 740 1820 humanitatis
750 1793 1017 1820 commiserationem

227 1847 291 1876 erga
311 1848 361 1867 vos
384 1839 537 1874 suscipiens
563 1845 649 1873 agnos
674 1838 795 1873 Christi,
823 1838 871 1866 sed
896 1838 1018 1873 ailligens

228 1886 358 1921 onmique
373 1884 455 1912 modo
471 1885 604 1912 devorare
619 1892 668 1911 vos
684 1891 746 1912 cum
762 1885 863 1912 Satana
880 1884 996 1911 moliens
1010 1893 1017 1910 :

230 1937 259 1958 ut
283 1932 415 1967 glorietur
436 1931 538 1958 draco:
561 1935 590 1958 ut
615 1938 662 1965 per
684 1938 749 1962 vos,
767 1938 818 1957 nos
830 1938 925 1957 omnes
937 1930 1017 1957 etiam

228 1976 445 2010 perterrefaciat.
463 1976 515 2002 Sed
529 1975 642 2002 frustra.
660 1974 762 2002 Fidelis
775 1977 845 2003 enim
864 1976 950 2009 Dem,
974 1976 1019 2010 qui

230 2031 282 2048 non
299 2024 414 2056 patietur
435 2030 478 2049 vos
505 2022 602 2048 tentari
624 2030 706 2056 supra
724 2031 804 2054 quam
823 2023 947 2057 potestis,
974 2023 1018 2050 sed

230 2067 309 2101 {aciei
328 2067 408 2092 etiam
430 2074 490 2093 cum
513 2067 656 2094 tentatione
670 2072 840 2102 proventum.
864 2072 893 2094 ut
912 2069 1018 2102 possitis

229 2111 358 2137 sustinere
373 2111 405 2136 ⁵⁵.
425 2110 617 2138 Recordamini
637 2115 796 2139 sanctorum
814 2112 862 2147 qui
885 2119 900 2138 a
916 2113 1018 2140 saeculo

231 2159 358 2189 luerunt,
375 2156 438 2190 quia
457 2163 537 2183 nemo
561 2156 742 2184 tentationum
765 2160 793 2185 et
808 2157 1018 2185 tribulationum

230 2211 328 2237 capt-rs
349 2202 452 2237 placuit
477 2202 542 2229 Deo.
567 2203 616 2229 llic
640 2203 751 2238 quidem
775 2208 868 2231 sectus
893 2209 952 2237 est;
974 2204 1019 2231 ille

1099 1383 1215 1419 Χαίρετε
1231 1383 1260 1408 ἐν
1273 1381 1380 1416 Κυρίῳ,
1390 1381 1500 1415 ἀδελφοὶ
1517 1383 1563 1407 καὶ
1580 1381 1716 1416 Πατέρες’
1730 1381 1855 1418 χαίρετε,

1064 1428 1230 1464 στρατιῶται
1250 1427 1296 1454 τοῦ
1315 1428 1451 1462 Χριστοῦσ
1465 1428 1586 1463 χαίρετε,
1606 1428 1684 1462 τριὰς
1702 1428 1856 1462 ἁδελφικὴ,
1901 1451 1905 1457 .

1063 1474 1113 1509 τῆς
1137 1474 1218 1505 ἁγίας
1241 1473 1357 1509 Τριάδος
1380 1473 1430 1508 τὴν
1453 1473 1534 1508 χάριν
1562 1473 1855 1509 καταπλουτήσαντες·

1065 1520 1149 1551 ὄντως
1167 1519 1238 1552 ἄξιοι
1252 1519 1381 1546 τοιούτων
1398 1519 1602 1554 χαιρετισμῶν·
1614 1520 1655 1546 ὅτι
1675 1520 1718 1546 διὰ
1735 1521 1857 1556 Χριστὸν

1066 1566 1162 1601 φέρετε
1173 1565 1304 1599 γενναίως
1318 1565 1367 1599 τὴν
1380 1564 1537 1600 δεινοτάτην
1552 1565 1686 1601 φυλακὴν,
1702 1565 1756 1592 ὒπδ
1771 1568 1858 1594 Asm-

1067 1611 1125 1637 τίου
1140 1610 1186 1637 τοῦ
1201 1610 1349 1646 ἀλάστορος
1364 1610 1553 1645 κολαζόμενοι.
1571 1611 1602 1637 Ὢ
1618 1610 1668 1646 τῆς
1687 1612 1860 1645 ἁποστασίας

1067 1656 1114 1683 τοῦ
1137 1656 1364 1691 Ίουδαιόφρονοςὶ
1390 1657 1421 1683 Εἰ
1445 1656 1498 1692 θὴρ
1520 1655 1554 1692 ἦν
1576 1657 1689 1692 ἄγριος,
1716 1658 1860 1692 τοσούτοις

1068 1703 1173 1738 χρόνοις
1202 1702 1321 1728 ἑκκενῶν
1345 1703 1378 1738 τῇ
1405 1702 1527 1729 κακώσει
1556 1704 1604 1730 καὶ
1630 1703 1716 1730 πίνων
1731 1704 1762 1730 τὸ
1786 1702 1861 1740 αἷμα

1068 1747 1155 1782 ὑμῶν,
1173 1747 1304 1783 ἐκορέσθη
1323 1748 1366 1775 ἄν.
1388 1747 1416 1774 '0
1433 1747 1461 1774 δὲ
1485 1747 1563 1782 μένει
1579 1749 1726 1783 ἀκόρεστος
1742 1750 1861 1785 αἱματο-

1069 1794 1153 1830 πότης
1167 1794 1347 1830 ἀγριούμενος
1359 1795 1373 1821 ὁ
1387 1794 1535 1830 δαιμονῶν,
1553 1795 1583 1822 οὺ
1595 1795 1742 1830 λαμϐάνων
1758 1797 1860 1830 αἴσθη-

1070 1848 1111 1865 σιν
1127 1839 1234 1870 ἐλέους,
1259 1839 1309 1865 οὐκ
1332 1839 1475 1874 οὶκτιρμὸν
1496 1840 1701 1875 φιλανθρωπίας
1726 1841 1766 1872 είς
1782 1841 1861 1876 ὑμᾶς

1069 1883 1102 1909 τὰ
1132 1883 1213 1919 ἀρνία
1235 1882 1281 1910 τοῦ
1304 1883 1434 1918 Χριστοῦ,
1456 1884 1513 1910 ἀλλ’
1540 1884 1672 1912 ἐκθλίϐων
1699 1885 1747 1912 καὶ
1773 1887 1862 1913 παντὶ

1068 1930 1162 1965 τρόπῳ
1178 1930 1375 1965 μηχανουργῶν
1391 1931 1440 1957 σὺν
1453 1930 1491 1966 τῷ
1506 1931 1594 1957 Σατᾶν
1609 1933 1754 1958 καταπιεῖν
1766 1933 1843 1967 ὑμᾶς
1853 1941 1860 1947 ·

1069 1975 1112 2001 ἵνα
1131 1975 1336 2010 ἐγκαυχήσηται
1355 1976 1368 2002 ό
1384 1975 1509 2010 δράκων·
1524 1975 1568 2002 ἴνα
1589 1977 1694 2012 πτοήσῃ
1721 1977 1754 2004 δι’
1779 1978 1861 2012 ὑμῶν

1070 2020 1119 2047 καὶ
1141 2020 1216 2055 ἡμᾶς
1242 2021 1361 2052 πάντας·
1387 2021 1444 2048 ἀλλ’
1467 2021 1603 2056 οὐδαμῶς.
1631 2022 1742 2056 Πιστὸς
1768 2024 1827 2057 γὰρ
1844 2025 1863 2051 d

1070 2066 1158 2100 Θεὸς,
1178 2066 1213 2100 ὃς
1237 2067 1293 2093 οὐκ
1317 2066 1399 2094 ἐάσει
1423 2067 1501 2101 ὑμᾶς
1518 2068 1716 2102 πειρασθῆναι
1744 2069 1823 2102 ὑπὲρ
1844 2070 1862 2097 ὃ

1069 2111 1219 2140 δύνασθε·
1243 2112 1324 2139 ἀλλὰ
1340 2112 1461 2146 ποιήσει
1487 2112 1549 2139 σὺν
1567 2113 1608 2145 τῷ
1633 2114 1788 2148 πειρασμῷ
1809 2114 1864 2142 καὶ

1070 2159 1128 2191 τὴν
1141 2158 1276 2190 ἔκϐασιν,
1287 2158 1339 2185 τοῦ
1350 2159 1500 2186 δύνασθαι
1513 2159 1699 2194 ὑπενεγκεῖν.
1719 2160 1863 2196 Ἀναμνή-

1071 2205 1153 2238 σθητε
1166 2205 1220 2232 τῶν
1234 2205 1281 2231 ἀπ’
1297 2204 1395 2236 αἰῶνος
1415 2205 1510 2239 ἁγίων,
1527 2206 1568 2232 ὅτι
1580 2206 1669 2238 οὐδεὶς
1686 2206 1749 2232 ἄνευ
1759 2215 1792 2233 πε
1799 2215 1863 2243 ιρα-

231 2249 388 2284 lapidatus;
418 2249 490 2275 alius
516 2249 578 2283 igne
603 2253 805 2283 consumptus;
831 2250 876 2276 alii
905 2250 1015 2278 distenti

1070 2252 1172 2287 τηρίων
1186 2252 1234 2278 καὶ
1249 2252 1354 2279 πολλῶν
1370 2251 1487 2285 Θλίψεων
1500 2251 1666 2287 εὐηρέστησε
1681 2251 1719 2287 τῷ
1734 2253 1806 2287 Θεῷ.
1832 2253 1864 2281 ’0

230 2300 294 2323 sunt
309 2295 342 2321 ⁸ο.
357 2294 391 2321 Ει
405 2295 478 2329 quod
495 2299 602 2329 tempus
617 2295 733 2322 sulliciat
748 2295 923 2323 receuscndre
939 2296 1020 2324 nobis

230 2342 432 2375 circumposita:
455 2340 519 2367 nubi
545 2345 712 2376 martyrum;
739 2349 857 2376 quorum
885 2349 933 2369 vos
955 2349 1019 2370 cum

231 2388 378 2422 participes
412 2387 472 2414 sitis
500 2391 528 2414 et
555 2387 735 2414 Cet-taurinum
764 2387 853 2420 socii,
881 2389 1018 2422 gaudete,

231 2433 330 2460 fratres
350 2432 420 2464 mei,
440 2432 540 2467 gaudio
556 2432 686 2460 inetfabili
702 2452 710 2464 ,
734 2441 847 2467 regnum
865 2433 1021 2461 obtinentes

230 2483 327 2506 contra
341 2479 466 2506 haeresim
477 2500 485 2511 ,
506 2485 601 2506 contra
615 2479 739 2506 affectus.
756 2479 795 2506 Tu
807 2501 815 2513 ,
832 2480 936 2507 nomini
953 2487 1020 2507 con-

230 2530 360 2558 gruenter
372 2546 379 2558 ,
396 2525 458 2552 forti
475 2533 505 2553 es
518 2526 611 2553 animo
623 2546 630 2557 ,
643 2525 784 2554 Carterius
798 2535 804 2552 :
822 2533 850 2554 tu
872 2526 898 2554 in
915 2526 1020 2562 patien-

231 2573 267 2598 tia
292 2572 389 2605 dives,
409 2572 638 2607 opulentissitnus
658 2572 852 2608 Aphthonius:
875 2577 902 2599 tu
927 2572 1019 2600 divina

230 2618 365 2646 cbaritate
381 2619 588 2651 corroboratus,
598 2618 742 2646 verissime
754 2620 883 2654 Agapius.
897 2619 1021 2646 Carceris

230 2665 384 2692 obscuritas
406 2669 514 2692 aeternae
531 2665 607 2692 vobis
627 2669 654 2692 et
673 2665 873 2693 inaccessibilis
891 2665 960 2692 lucis
979 2669 1022 2693 est

229 2709 399 2736 conciliatrix
417 2718 423 2736 :
442 2708 539 2741 fames.
554 2709 674 2744 paradisi
690 2710 850 2737 deliciarum
864 2718 871 2742 ;
887 2709 998 2737 nuditas
1010 2730 1018 2742 ,

233 2755 306 2786 pallii
325 2755 556 2787 immortalitatis;
575 2755 705 2787 solitudo,
721 2755 939 2784 comet-sationis
955 2763 1019 2783 cum

232 2799 304 2833 Deo;
321 2809 397 2829 coma
414 2801 534 2835 intonsa,
549 2802 655 2830 decora:
670 2803 840 2829 venustatis:
857 2806 887 2828 ut
900 2802 1016 2830 revelata

267 2858 290 2873 υ
306 2858 314 2885 1
331 2860 394 2885 Cor.
413 2867 442 2889 κ,
463 2859 503 2886 Η.
546 2861 567 2874 ⁵’¹
586 2859 670 2887 llebr.
689 2867 744 2887 xtl.
765 2859 808 2886 55.

1072 2298 1122 2332 μὲν
1138 2297 1276 2333 ἐπρίσθηο
1296 2299 1310 2324 ὁ
1336 2298 1365 2324 δὲ
1390 2297 1538 2333 ὲλιθάσθη·
1562 2297 1642 2329 ἄλλος
1672 2298 1862 2333 πυρίκαυστος

1070 2344 1197 2378 γέγονεν·
1218 2344 1310 2379 ἕτερος
1333 2344 1573 2378 ἀπετυμπανίσθη.
1598 2343 1654 2370 Καὶ
1678 2343 1730 2370 ποῦ
1761 2344 1861 2380 καιρὸς

1071 2389 1227 2424 ἐξαριθμεῖν
1249 2390 1280 2416 τὸ
1301 2389 1492 2425 περικείμενον
1514 2390 1580 2424 ἡμῖν
1604 2390 1685 2423 νέφος
1699 2389 1755 2416 τῶν
1784 2398 1860 2425 μαρ-

1070 2433 1177 2469 τύρων;
1193 2432 1231 2461 ὧν
1242 2435 1317 2466 ὅντες
1335 2436 1382 2462 καὶ
1406 2435 1486 2470 ὑμεῖς
1501 2435 1625 2462 κοινωνοὶ
1649 2435 1696 2462 καὶ
1710 2435 1858 2470 σύναθλοι,

1070 2480 1195 2516 χαίρετε,
1222 2481 1330 2515 ἀδελφοί
1358 2489 1426 2516 μου,
1457 2482 1528 2516 χαρᾷ
1552 2481 1743 2516 ἀνεκλαλήτῳ·
1779 2481 1862 2517 βασι-

1069 2525 1192 2558 λεύοντες
1211 2526 1282 2553 κατὰ
1300 2527 1349 2562 τῆς
1367 2527 1514 2562 αἱρέσεως,
1535 2527 1607 2554 κατὰ
1621 2526 1675 2554 τῶν
1692 2527 1798 2554 παθῶν.
1821 2527 1860 2554 Σὺ

1069 2573 1084 2599 ὁ
1098 2572 1268 2608 φερωνύμως
1283 2573 1486 2608 χαρτερόψυχός
1502 2581 1552 2607 μου
1569 2572 1737 2608 Καρτέριος·
1753 2573 1787 2598 σὺ
1801 2573 1817 2599 ὸ
1831 2573 1862 2598 ἐν

1070 2620 1193 2654 ὑπομονῇ
1215 2619 1457 2654 δεδαψιὶευμένος,
1484 2618 1674 2652 ἀφθονώτατος
1699 2618 1859 2652 Ἆφθόνιος·

1072 2665 1104 2691 σὺ
1131 2665 1145 2690 ό
1169 2664 1368 2698 εὐσθενημὲνος
1398 2665 1432 2699 τῇ
1462 2664 1522 2699 θείᾳ
1554 2664 1666 2700 ἀγάπῃ,
1685 2663 1861 2698 ἀληθέστατα

1078 2710 1218 2744 Ἀγάπιος.
1235 2710 1272 2736 Τὸ
1293 2709 1410 2743 ζοφῶδες
1429 2709 1480 2745 τῆς
1501 2711 1622 2746 φρουρᾶς
1641 2709 1771 2744 πρόξενον
1794 2710 1862 2744 ὑμῖν

1072 2756 1119 2784 τοῦ
1136 2756 1246 2783 αἰωνίου
1261 2755 1308 2782 καὶ
1323 2755 1471 2790 ἀπροσίτου
1490 2756 1593 2790 φωτός·
1613 2757 1629 2792 ἡ
1649 2756 1841 2791 λιμοκτόνησῑς
1852 2776 1862 2788 ,

1072 2803 1120 2838 τῆς
1143 2803 1247 2838 τρυφῆς
1274 2801 1321 2828 τοῦ
1345 2802 1531 2837 παραδείσου·
1555 2803 1572 2838 ἡ
1591 2802 1794 2838 γυμνήτευσις,
1813 2801 1862 2830 τοῦ
