1923 3078
86 139 154 172 ιῗ73

682 139 954 171 EPISTOLARUM
971 140 1047 172 LIB.
1064 141 1107 172 II.

1641 144 1710 177 1274

81 197 131 230 τῆς
154 194 307 226 ἀθανασίας
328 193 519 231 περιϐολαίου·
544 193 564 228 ἡ
576 192 704 229 μόνωσις,
732 193 782 226 τῆς
802 192 868 228 μετὰ

921 192 991 220 facie
1007 192 1053 221 Dei
1069 193 1183 228 gloriam
1198 194 1384 230 conspiciatis.
1406 195 1465 223 Non
1490 197 1620 231 gaudium
1647 207 1712 228 sunt

81 241 150 268 Θεοῦ
174 241 328 276 διαγωγῆς·
348 242 364 276 ἡ
380 241 430 275 τῆς
444 240 533 275 κόμης
547 240 664 275 ἀκαρσις
674 258 681 270 ,
702 239 752 274 τῆς
768 239 870 274 εὐπρε-

82 287 152 320 ποῦς
167 287 348 324 θεομορφίας·
364 287 404 319 είς
418 287 449 314 τὸ
464 286 716 322 ἀνακεκαλυμμένῳ
732 285 871 320 προσώπῳ

79 333 132 368 τὴν
157 333 238 366 δόξαν
264 333 368 369 Κυρίου
391 332 634 368 κατοπτρίζεσθαι.
659 332 716 358 Οὐκ
732 331 772 358 ἔνι
797 331 871 367 χαρὰ

81 379 187 410 ταῦτα;
220 379 270 406 οὐκ
297 379 336 406 ένι
366 379 526 413 ἀγαλλίασις
557 379 648 413 πάσης
680 377 869 412 ἀγαλλιάσεως

82 425 284 460 ὑπεραίρουσας
300 426 377 460 Τάχα
389 425 534 461 ὀφείλομεν
551 425 597 451 καὶ
612 423 758 457 ἀνιᾶσθαι,
773 424 814 450 ὃτι
832 423 869 458 μὴ

81 472 129 498 καὶ
142 473 183 503 εἰς
200 472 277 504 ξύλον
289 473 304 498 6
321 472 400 505 ποῦς,
415 473 462 499 καὶ
475 473 568 503 ἅλυσις
583 471 775 506 περικειμένη.
788 470 870 497 Ὅσον

81 519 136 553 γὰρ
155 518 297 551 πλεονάζει
313 510 347 545 τὰ
363 518 512 553 παθήματα
522 538 529 550 ,
544 517 670 544 τοσοῦτον
685 519 732 544 καὶ
746 518 763 552 ἡ
780 516 870 551 παρά-

81 564 179 599 κλησις
196 565 245 599 τῆς
261 565 340 600 δόξης
353 565 399 591 τοῦ
413 564 492 591 Θεοῦ.
505 565 598 591 Ταῦτα
616 565 645 591 ὲν
658 563 776 597 ὀλίγοις·
793 561 872 594 εἰδὼς

81 609 123 636 ὅτι
144 609 250 637 οἴκοθεν
263 610 340 645 ἔχετε
357 610 406 646 τὴν
420 609 570 645 ὑπομονὴν,
587 608 764 643 παρεκάλεσα
779 608 852 643 ὑμᾶς
862 627 870 640 ,

81 657 215 692 φίλτατοι.
242 657 336 693 Ὑμεῖς
359 657 386 684 δὲ
402 657 554 692 ἀντιδοίητέ
570 665 626 692 μοι,
643 656 692 683 σὺν
716 655 756 690 τῷ
774 655 882 681 συνόντι

82 702 168 739 ρεύει,
183 703 232 735 τὰς
244 703 319 738 ἱερὰς
332 703 486 739 προσευχὰς
502 704 543 734 είς
556 702 588 729 τὺ
604 701 738 734 σώζεσθαι
753 701 838 737 ἡμᾶς.

266 783 330 810 ΝΘ’.
347 797 384 804 —-—
398 783 614 817 Μοναζούσαις.
630 782 707 819 [υκ¹.]

80 851 196 884 Triginta
213 850 337 876 moniales
357 857 414 882 quae
430 857 476 882 pro
488 849 586 876 Christo
611 848 889 912 carcererqngtozerlathr

920 238 996 266 ista?
1020 238 1080 267 Non
1108 240 1256 268 exsultatio
1282 241 1358 269 omni
1388 243 1573 271 exsultatione
1602 245 1711 280 major?

919 284 1002 320 {Egre
1024 284 1118 313 forsan
1139 286 1220 314 laturi
1238 294 1352 321 sumus;
1376 289 1448 323 quod
1465 297 1518 316 non
1539 290 1643 320 inditus
1661 300 1711 328 pes

918 330 1004 366 ligno,
1022 339 1076 358 non
1092 332 1220 367 imposita
1234 338 1340 360 catena.
1355 333 1416 366 Quo
1430 335 1505 362 enim
1523 337 1608 371 magis
1624 337 1712 366 abun~

918 376 1138 410 dantterumnze,
1151 381 1228 405 tanto
1247 378 1432 406 abundantior
1452 381 1603 408 consolatio
1618 382 1712 417 gloriae

918 422 977 450 Dei.
993 422 1055 450 Haec
1077 424 1173 459 paucis
1191 433 1197 452 :
1220 425 1309 453 sciens
1325 433 1374 453 vos
1393 434 1408 453 a
1432 427 1511 455 vobis
1529 427 1596 462 ipsis
1610 428 1713 456 habere

919 468 1079 504 patientiam
1092 490 1099 502 ,
1119 469 1245 498 hortatus
1265 479 1344 502 sum.
1371 472 1540 501 charissimi.
1569 472 1623 502 Vos
1646 481 1711 501 vero

920 515 1061 550 rependite
1076 515 1161 549 mihi,
1181 517 1319 552 simulque
1332 517 1450 552 'Nicolao
1474 520 1520 554 qui
1542 527 1649 547 mecutn
1671 525 1712 548 est

920 561 1014 594 fratri:
1033 567 1139 596 nostro,
1157 564 1202 598 qui
1223 571 1272 592 vos
1298 568 1325 591 et
1353 565 1471 598 salutat,
1499 573 1591 594 sacras
1619 574 1713 601 preces

920 613 1026 636 vestras
1038 628 1046 642 ,
1061 613 1090 636 ut
1105 610 1172 636 salvi
1188 609 1288 638 simus.

917 654 1045 691 Νικολάῳ
1067 655 1106 692 τῷ
1125 655 1233 692 ἀδελφῷ
1259 657 1348 692 ἡμῶν,
1364 656 1394 689 ὃς
1408 657 1481 693 ὑμᾶς
1498 658 1546 686 καὶ
1571 667 1708 694 προσαγο-

1173 784 1243 814 LIX.
1254 801 1289 806 —
1297 785 1468 813 Martialibus.

890 850 1098 905 aelgeignlg‘gqnt,
1114 851 1207 881 laudat,
1224 854 1252 877 et
1271 852 1302 877 ad
1325 856 1536 883 perseverantiam
1558 853 1711 878 adhortatur.

949 899 956 912 1

969 887 993 906 ιι.
1007 881 1060 913 20.)

116 950 206 985 Χρέος
224 948 304 984 εἴπερ
329 947 393 974 ἄλλο
408 955 434 973 τι
456 947 519 982 ἐμοὶ
532 946 571 981 τῷ
586 945 717 981 ταπεινῷ.
736 945 808 980 ὑμᾶς
820 944 868 976 τὰς

956 944 1065 978 Debeo,
1084 945 1108 973 si
1129 945 1195 981 quid
1216 945 1304 979 aliud,
1325 945 1437 974 humilis
1457 955 1507 979 ego
1525 953 1585 979 vos,
1603 948 1714 977 Domini

80 997 129 1024 τοῦ
145 995 249 1031 Κυρίου
269 993 387 1028 ἀδελφὰς
411 993 459 1020 καὶ
484 993 605 1028 μητέρας
624 993 695 1019 κατά
708 991 739 1018 τὸ
752 991 869 1026 ἀληθὲς,

81 1043 119 1076 ὡς
141 1042 222 1073 αὐτος
238 1041 367 1076 ἔφησενὴ
384 1039 513 1075 ἀλήθεια,
533 1039 605 1074 λόγῳ
629 1039 807 1074 παρακαλεῖν,
822 1039 871 1065 κα)⁸

82 1087 244 1122 παραινέσει
266 1086 387 1120 ἀλείφειν
397 1093 405 1100 ·
420 1084 609 1119 ὑπομενούσας
623 1084 667 1110 διὰ
689 1084 806 1119 Χριστὸν
822 1083 871 1110 καὶ

82 1134 211 1169 στέρησιν
229 1132 333 1168 μητρὸς
356 1130 557 1166 πνευματικῆς,
573 1130 621 1156 καὶ
635 1129 771 1162 διάζευξιν
786 1129 871 1165 ἀλλή-

81 1181 145 1213 λων,
162 1180 208 1207 καὶ
230 1179 315 1214 μονῆς
335 1178 449 1213 εὐαγοῦς
472 1177 628 1213 ἀφαίρεσιν,
644 1176 690 1203 καί
700 1185 732 1211 γε
747 1176 872 1211 φυλακῆς

81 1228 209 1262 τήρησιν,
233 1226 284 1261 ἢδη
305 1223 557 1260 προμαστιχθείσας
577 1222 707 1257 ὁμολογία
728 1222 868 1258 ἀληθείας.

86 1273 169 1300 Ἀλλά
179 1272 206 1298 τί
228 1271 356 1298 τοσοῦτον
369 1271 439 1297 εἴπω
452 1269 574 1303 ἐπαίρων
589 1269 665 1305 ὑμῶν
677 1268 709 1295 τὸ
723 1268 871 1304 ἀξιόχρεων

82 1319 238 1354 ὲγκὼμιον;
262 1318 334 1349 Μιᾶς
367 1316 451 1352 μονῆς
479 1316 527 1351 ὅλη
552 1315 701 1350 ἀδελφότης
727 1323 872 1350 τριακοντ-

81 1364 199 1400 ἀριθμος
214 1364 243 1390 ἐν
254 1362 292 1398 τῷ
306 1362 422 1398 παρόντι
437 1361 536 1397 χρόνῳ,
550 1361 594 1388 ὅτε
606 1360 797 1396 ἐξετράπησαν
804 1360 872 1396 ὁμοῦ

83 1411 133 1447 μὲν
145 1410 276 1446 ἄρχοντες
289 1409 336 1436 καὶ
348 1408 504 1444 ἀρχόμενοι,
517 1407 571 1434 δέει
586 1407 701 1433 θανάτου
713 1415 872 1442 παρακρου-

81 1457 195 1492 σάμενοι
214 1455 259 1482 τὸν
276 1454 324 1481 τοῦ
342 1453 445 1489 Κυρίου
464 1452 560 1486 λόγον·
577 1451 646 1486 ὁμοῦ
665 1452 693 1478 δὲ
709 1452 872 1486 μονάζοντες

81 1503 128 1530 καὶ
142 1501 319 1538 μονάζουσιιιι¹
330 1501 354 1526 εἰ
366 1499 412 1526 καί
424 1507 496 1530 τινες
506 1497 641 1532 ὀλιγοστοὶ
657 1497 870 1532 ὑπελείφθησανο

81 1548 256 1585 ὁμοψυχῆσαι
280 1546 377 1578 οὕτως,
404 1545 453 1572 καὶ
477 1545 523 1572 τὸν
540 1543 611 1579 ὑπὲρ
634 1543 753 1578 Χριστοῦ
776 1542 871 1569 ἄεθλον

80 1593 275 1630 ἀναδήσασθαι,
291 1592 371 1619 τοῦτο
384 1592 442 1623 τοῖς
453 1591 538 1618 πάλαι
551 1590 658 1626 χρόνοις
670 1588 869 1624 παραϐλητέον.

80 1640 141 1668 Τῶν
155 1640 242 1674 ἁγίων
256 1638 463 1673 τεσσαράκοντα
473 1638 490 1672 ἡ
507 1636 646 1670 ὁμοίωσις,
663 1635 680 1671 ἡ
695 1643 765 1662 τισιν
779 1635 869 1667 ἄλλοις

79 1687 134 1714 τῶν
157 1685 301 1722 μακαρίων
317 1684 474 1719 ἀθλοφόρων
490 1682 732 1717 έξεικονιζόμενον.
757 1681 801 1712 Ὧς
817 1691 869 1717 μα-

80 1736 176 1768 κάριαι
189 1733 278 1767 ὑμεῖς,
303 1731 352 1766 μία
365 1731 415 1764 τῆς
431 1729 495 1764 μιᾶς
509 1728 548 1764 τῷ
559 1727 683 1764 διαπύρῳ
699 1727 771 1763 ζήλῳ
785 1728 870 1764 ὑπερ-

79 1779 244 1812 ϐάλλουσαι,
259 1778 306 1804 καλ¹
317 1778 402 1804 πᾶσαι
415 1775 484 1810 ὁμοῦ
496 1774 613 1810 ἀλλήλας
627 1774 819 1810 παραθήξασαι
828 1775 869 1807 είς

79 1827 110 1854 τὸ
126 1827 174 1861 τῆς
190 1825 335 1861 ὁμολογίας
356 1823 474 1850 στάδιον.
500 1823 590 1855 ’Ἄξιον
605 1822 695 1857 θέαμα
719 1822 869 1857 ἀγγελικῆς

79 1872 208 1907 χορείας·
228 1869 401 1905 μαρτυρικῆς
424 1867 588 1903 ὁμηγύρεως
613 1867 765 1902 ἐπέραστον
789 1866 868 1901 Θεῷ,

80 1918 152 1953 ὑπὲρ
163 1914 194 1944 οὗ
209 1918 256 1944 καὶ
271 1916 306 1943 τὰ
319 1915 480 1950 παθήματα.
501 1913 586 1948 Δεῦρο
601 1913 632 1948 δὴ
647 1910 704 1943 οὖν.
719 1913 868 1948 θυγατέρες

78 1965 131 2000 τῆς
143 1965 200 1992 ἀνω
218 1963 410 1999 Ἰερουσαλὴμ,
424 1961 554 1997 κλήματα
565 1960 615 1995 τῆς
628 1959 758 1995 ἀληθινῆς
777 1960 867 1994 ἀμπέ-

78 2011 137 2043 λου,
157 2010 309 2049 μαθήτριαι
324 2009 448 2044 ἁψευδῶς
461 2007 508 2034 τοῦ
519 2007 607 2042 Λόγου
616 2015 622 2021 ·
638 2006 868 2041 ἀγαλλιασὼμεθα

79 2055 263 2092 θεοπρεπῶς·
291 2053 575 2089 ἁνθομολογησώμεθα
602 2051 641 2088 τῷ
679 2051 868 2086 δυναμώσαντι

79 2103 153 2136 ὑμᾶς
167 2100 278 2137 Χριστῷ
301 2100 412 2126 ὑποῖσαι
427 2098 462 2125 τὰ
480 2098 640 2132 φθάσαντα·
658 2094 718 2123 εἷτα
732 2097 778 2123 καὶ
799 2096 868 2132 πρὸς

77 2149 112 2179 τε
141 2147 272 2184 μέλλοντα
305 2144 592 2181 παρασκευασώμεθα.
617 2143 650 2170 Τί
683 2142 778 2176 toﬁ-ro;
807 2142 867 2169 Κᾶν

77 2194 158 2226 αὖθις
186 2193 335 2229 μάστιγες,
363 2191 414 2218 κᾶν
427 2190 530 2225 δεσμὰ,
547 2188 599 2216 κᾶν
615 2188 682 2224 πῦρ,
703 2188 754 2216 κᾶν
775 2187 865 2223 ξίφος·

80 2239 217 2276 μηδαμῶς
248 2239 410 2274 ἀναδυῆναι,
442 2237 509 2264 ἀλλὰ
539 2236 629 2263 πάντα
656 2235 866 2271 προθυμηθῆναι

79 2287 206 2320 ἐνεγκεῖν
231 2285 278 2311 σὺν
305 2282 427 2319 Χριστῷ.
463 2282 619 2317 Ἰσχύσομεν
648 2280 718 2316 γάρ·
750 2279 866 2315 ἐπείπερ
882 2298 903 2325 D

77 2333 195 2368 εἴρηκε-
225 2330 266 2363 Τῷ
292 2330 466 2357 πιστεύοντι
495 2327 593 2354 πάντα
617 2325 741 2354 δυνατά.
767 2326 865 2361 Ὁρᾶτε

77 2376 123 2405 οἶα
137 2377 174 2404 τὰ
190 2376 332 2411 ὲγκώμια;
348 2375 380 2401 Τί
395 2373 498 2405 λοιπὸν,
521 2374 555 2400 τὰ
585 2372 716 2408 μέλλοντα
743 2372 865 2398 ἀνταπο-

76 2424 202 2460 δόματα,
223 2421 345 2458 βασιλεία
360 2419 493 2457 οὐρανῶν,
514 2418 586 2454 χαρὰ
600 2418 800 2452 ἀνεκλάλητοςς
819 2417 865 2452 Μή

76 2479 119 2502 τις
132 2467 180 2496 οὖν
197 2468 389 2495 ὑποπίπτουσα
405 2466 444 2501 τῷ
460 2465 582 2499 Σατανᾷ·
603 2464 640 2500 μή
656 2472 698 2495 τις
719 2464 865 2498 φιλόζωος,

77 2516 116 2548 ὡς
126 2512 169 2546 εἷς
183 2514 238 2541 τῶν
251 2513 466 2549 τεσσαράκοντα,
475 2513 508 2538 ὲκ
515 2511 570 2538 τῶν
581 2511 737 2547 τριάκοντα.
750 2511 866 2537 Ἐκεῖνοι

76 2563 128 2597 τῆς
153 2559 317 2596 ἐγκρατείας
337 2559 367 2586 τὸ
390 2558 572 2593 ἀπεικόνισμα
586 2565 593 2573 ·
612 2558 691 2592 ὑμεῖς
712 2558 761 2592 τῆς
787 2556 868 2590 ἁγίας

77 2606 196 2642 Τριάδος
219 2606 249 2632 τὸ
276 2604 465 2640 ὗποτύπωμα,
492 2603 637 2640 τριαδικῶς
660 2602 867 2637 δεκατούμενον.

77 2652 200 2687 Τοιαύτη
223 2652 241 2686 ἡ
265 2650 397 2686 οὺδαμινὴ
412 2649 491 2685 ἡμῶν
504 2649 689 2685 παράκλησις.
721 2648 815 2684 Ὑμεῖς
840 2647 870 2675 δὲ

77 2697 230 2733 ἀντιδοίητέ
243 2706 288 2732 μοι
297 2697 346 2728 τὰς
362 2696 527 2732 προσευχὰς,
543 2692 566 2723 ὦ
576 2695 695 2731 μητέρες
708 2694 868 2731 τρισόλὸιοι,

78 2746 118 2777 εἰς
139 2744 278 2780 σωτηρίας
298 2743 411 2778 ἑφόδιον.

121 2879 143 2896 ⁶¹
163 2878 249 2907 Marc.
264 2886 291 2906 ιι
302 2898 310 2911 ,
331 2877 375 2904 ‘22.

921 998 1016 1018 revera
1039 999 1150 1019 sorores
1166 998 1323 1028 matresque
1335 1013 1343 1027 ,
1370 997 1401 1021 ut
1426 993 1530 1021 Veritas
1546 995 1605 1029 ipsa
1621 995 1711 1029 dixit,

920 1038 1012 1066 verbis
1024 1039 1126 1066 hortari
1138 1059 1146 1071 ,
1162 1043 1189 1066 et
1207 1040 1318 1067 monitis
1335 1040 1486 1067 accendere
1497 1060 1505 1072 ,
1521 1049 1583 1076 quae
1599 1047 1713 1077 propter

920 1083 1071 1116 Christum,
1088 1089 1115 1111 et
1128 1085 1277 1119 spiritualis
1290 1086 1386 1113 matris
1401 1086 1592 1120 privationem,
1609 1092 1637 1115 et
1652 1096 1714 1115 mu-

921 1133 995 1156 tuam
1011 1137 1025 1156 a
1038 1129 1116 1157 vobis
1127 1131 1337 1164 separationem,
1350 1135 1377 1158 et
1389 1132 1477 1158 sancti
1491 1132 1608 1159 cmnobii
1618 1133 1714 1160 adem-

922 1175 1043 1209 ptionem
1054 1195 1061 1207 ,
1075 1179 1102 1202 et
1116 1176 1236 1203 carceris
1251 1175 1404 1204 custodiam
1421 1176 1563 1204 sustinetis
1573 1198 1581 1210 ,
1598 1179 1712 1206 verbera

918 1220 974 1256 jam
993 1225 1056 1254 ante
1074 1229 1124 1256 pro
1142 1222 1267 1249 veritatis
1289 1221 1464 1250 confessione
1484 1230 1630 1258 perpessae.
1658 1224 1713 1252 Sed

922 1266 989 1302 quid
1015 1267 1083 1294 satis
1102 1275 1232 1302 magnum
1255 1267 1344 1295 dicam
1355 1287 1362 1299 ,
1377 1268 1539 1303 praeclarum
1555 1270 1712 1297 ent-omium

921 1316 1043 1340 vestrum
1063 1313 1218 1341 extollens?
1235 1312 1323 1341 Unius
1339 1314 1502 1342 monasterii
1522 1316 1713 1350 congregatio-

921 1364 983 1384 nem
998 1357 1164 1389 universam,
1178 1365 1304 1385 sororum
1317 1366 1432 1385 numero
1447 1358 1566 1393 triginta,
1580 1361 1631 1388 hoc
1644 1366 1713 1388 tem-

922 1411 988 1439 pore
1010 1411 1071 1431 cum
1097 1411 1150 1431 una
1174 1403 1354 1432 desciverunt
1377 1405 1516 1440 principes
1540 1410 1567 1433 et
1592 1406 1711 1439 subditi,

921 1448 1035 1476 verbum
1058 1447 1168 1475 Domini
1188 1449 1284 1477 ntortis
1302 1456 1376 1477 metu
1391 1451 1547 1485 rejicientes
1558 1473 1566 1485 ,
1583 1453 1711 1480 monachi

921 1495 1004 1522 etiam
1030 1495 1082 1530 ipsi
1106 1499 1133 1522 et
1156 1497 1313 1529 moniales,
1335 1497 1397 1524 licet
1423 1497 1504 1532 pauci
1528 1498 1640 1533 quidam
1656 1499 1712 1527 sint

923 1543 1039 1577 reliqui;
1064 1543 1104 1570 sic
1119 1543 1219 1570 animis
1231 1543 1406 1578 conspirasse
1418 1564 1426 1576 ,
1447 1549 1640 1581 certamenque
1661 1554 1711 1581 pro

921 1588 1033 1616 Christo
1054 1589 1208 1623 suscepisse
1221 1608 1229 1620 ,
1247 1589 1298 1616 hoc
1312 1597 1376 1616 vero
1395 1597 1456 1617 cum
1472 1590 1569 1625 priscis
1586 1596 1627 1620 est
1645 1596 1712 1620 tem-

922 1635 1035 1669 poribus
1051 1634 1448 1670 comparandum.Sanctorum
1459 1637 1637 1673 quadraginta
1653 1639 1711 1666 haec

919 1682 1070 1710 similitudo
1080 1703 1088 1715 ,
1103 1683 1256 1710 aliorumve
1271 1683 1463 1718 quorumpiam
1487 1691 1503 1711 e
1525 1684 1610 1712 beatis
1625 1686 1711 1713 victo-

919 1727 996 1755 ribus
1011 1735 1141 1763 expressa
1154 1728 1285 1756 imitatio.
1301 1729 1389 1761 Quam
1405 1729 1491 1758 beatae
1505 1738 1553 1758 vos
1565 1731 1642 1763 estis,
1657 1732 1710 1760 alia

919 1773 1001 1801 aliam
1017 1774 1123 1801 ardenti
1139 1774 1198 1801 zelo
1215 1782 1350 1809 superans
1361 1795 1369 1808 ,
1391 1780 1420 1803 et
1436 1783 1533 1803 ontnes
1549 1777 1651 1811 pariter
1674 1777 1710 1804 ad

919 1820 1100 1847 confessionis
1113 1820 1231 1847 stadium
1242 1828 1290 1848 vos
1304 1821 1419 1849 invicem
1434 1823 1578 1850 acuentes!
1594 1822 1709 1858 Dignum

919 1866 1050 1901 angelicis
1073 1867 1166 1893 choris
1187 1871 1395 1902 martyrumque
1417 1872 1490 1895 cmtu
1505 1869 1708 1903 spectaculum.

919 1911 975 1940 Deo
1004 1911 1140 1946 imprimis
1155 1916 1279 1946 gratum,
1296 1912 1376 1947 cujus
1394 1920 1476 1940 causa
1493 1919 1626 1948 suscepta:
1640 1913 1709 1941 aﬂli-

919 1958 1034 1985 ctiones.
1044 1958 1145 1984 Adeste
1156 1957 1321 1992 igitur,tiliae
1336 1958 1454 1985 caelestis
1466 1957 1628 1992 Jerusalem,
1638 1967 1710 1987 verre

919 2003 982 2030 vitis
997 2003 1140 2038 palmites,
1157 2002 1238 2031 Verbi
1255 2003 1327 2031 haud
1343 2004 1433 2032 dubia:
1446 2004 1588 2039 discipulae
1605 2014 1611 2032 :
1637 2005 1709 2032 divi-

919 2058 984 2078 num
1005 2050 1032 2077 in
1055 2058 1159 2078 morem
1173 2050 1342 2078 exsultemus
1358 2059 1364 2077 :
1381 2051 1494 2078 Christo
1509 2052 1707 2086 confiteamur,

918 2097 965 2133 qui
987 2103 1036 2124 vos
1057 2096 1091 2123 ad
1113 2096 1254 2123 toleranda
1274 2104 1335 2131 qua;
1358 2098 1549 2132 praeterierunt
1566 2098 1710 2126 continua-

918 2142 978 2170 vit:
998 2142 1098 2169 deinde
1119 2142 1152 2169 ad
1174 2141 1266 2169 futura
1286 2149 1397 2177 quoque
1420 2143 1607 2179 accingamur.
1624 2145 1709 2176 Quid-

917 2196 981 2217 nam
996 2187 1049 2215 hoc
1062 2187 1101 2214 rei
1118 2186 1177 2214 est?
1188 2187 1246 2214 Etsi
1264 2195 1373 2215 rursum
1386 2188 1509 2221 verbera,
1524 2190 1575 2217 etsi
1588 2190 1707 2224 vincula,

917 2234 968 2261 etsi
983 2233 1238 2270 ignis,ctsigladius
1253 2242 1260 2260 :
1278 2234 1352 2260 nullo
1365 2234 1445 2261 modo
1456 2234 1590 2270 refugere,
1601 2236 1649 2263 sed
1660 2236 1708 2263 lat-

917 2281 953 2308 tis
961 2280 1059 2307 animis
1066 2279 1187 2314 perferre
1203 2281 1293 2308 omnia
1304 2289 1403 2316 cupere
1411 2289 1473 2309 cum
1481 2282 1601 2310 Christo.
1614 2283 1708 2310 Enim-

918 2333 983 2353 vero
999 2326 1170 2360 poterimus:
1188 2327 1612 2362 quandoquidentdixit:Omnia
1621 2329 1707 2363 ροεδὶι

918 2372 984 2399 bilia
1000 2377 1061 2399 sunt
1075 2372 1192 2400 credenti
1205 2373 1239 2400 °'.
1256 2372 1375 2400 Cernitis
1386 2374 1477 2408 qualia
1493 2374 1549 2401 sint
1561 2374 1685 2402 encomia
1697 2375 1708 2402 ’ί

918 2418 990 2452 Quid
1006 2419 1114 2446 demum
1135 2418 1233 2446 futurae
1254 2420 1464 2453 retributiones,
1492 2428 1603 2456 regnum
1625 2421 1708 2449 coelo—

920 2473 996 2498 rum,
1017 2465 1145 2501 gaudium
1165 2465 1311 2493 ineffabile.
1338 2465 1416 2493 Nulla
1434 2474 1500 2500 ergo
1518 2467 1626 2495 Satanae
1642 2475 1707 2495 suc-

920 2511 1069 2544 cumbens,
1092 2511 1166 2539 nulla
1184 2512 1246 2539 vita:
1266 2519 1379 2545 amans,
1408 2513 1481 2540 sicut
1506 2512 1551 2540 ille
1577 2521 1647 2541 unus
1673 2521 1707 2540 ex

917 2557 1112 2592 quadraginta,
1135 2557 1161 2583 in
1183 2556 1226 2584 his
1243 2557 1354 2591 triginta
1381 2557 1543 2591 reperiatur.
1567 2557 1606 2584 Illi
1622 2558 1708 2585 absti-

918 2603 1019 2630 nentiae
1037 2601 1189 2637 symbolum
1207 2611 1214 2629 :
1236 2609 1285 2629 vos
1305 2607 1407 2629 sanctae
1424 2600 1568 2629 Trinitatis
1593 2601 1709 2629 simula-

918 2656 994 2676 crum
1020 2648 1162 2683 tripliciter
1178 2648 1361 2675 decumatum.
1388 2647 1463 2674 Talis
1488 2652 1530 2675 est
1556 2647 1648 2675 intima
1680 2652 1708 2676 et

918 2695 998 2722 nihili
1015 2695 1169 2722 exhortatio
1190 2699 1297 2722 nostra.
1316 2694 1370 2721 Vos
1385 2701 1450 2722 vero
1471 2702 1565 2729 preces
1580 2694 1646 2721 mihi
1661 2714 1668 2727 ,
1691 2701 1707 2722 o

921 2745 1022 2767 matres
1049 2744 1089 2767 ter
1114 2740 1210 2772 beatae,
1246 2740 1280 2768 ad
1307 2739 1405 2770 salutis
1430 2739 1483 2768 iter
1512 2739 1706 2775 perliciendum

920 2785 1068 2822 rependite.
