  <div class='ocr_page' id='page_1' title='image "/cluster/home/n/w/nwhite01/storage/ocr_20150623/99/njp.32101010943858/697.png"; bbox 0 0 1923 3078; ppageno 0'>
   <div class='ocr_carea' id='block_1_1' title="bbox 222 140 291 174">
    <p class='ocr_par' dir='ltr' id='par_1_1' title="bbox 222 140 291 174">
     <span class='ocr_line' id='line_1_1' title="bbox 222 140 291 174; baseline 0.029 -2"><span class='ocrx_word' id='word_1_1' title='bbox 222 140 291 174; x_wconf 67' lang='grc'><strong>12⁸15</strong></span> 
     </span>
    </p>
   </div>
   <div class='ocr_carea' id='block_1_2' title="bbox 445 197 779 228">
    <p class='ocr_par' dir='ltr' id='par_1_2' title="bbox 445 197 779 228">
     <span class='ocr_line' id='line_1_2' title="bbox 445 197 779 228; baseline 0.003 -2"><span class='ocrx_word' id='word_1_2' title='bbox 445 197 500 226; x_wconf 82' lang='lat' dir='ltr'><strong>LX.</strong></span> <span class='ocrx_word' id='word_1_3' title='bbox 510 213 545 220; x_wconf 90' lang='lat'><strong>—-</strong></span> <span class='ocrx_word' id='word_1_4' title='bbox 556 199 598 226; x_wconf 78' lang='lat' dir='ltr'><strong>Ad</strong></span> <span class='ocrx_word' id='word_1_5' title='bbox 619 199 779 228; x_wconf 69' lang='lat' dir='ltr'><strong>Canonicar.</strong></span> 
     </span>
    </p>
   </div>
   <div class='ocr_carea' id='block_1_3' title="bbox 811 142 1250 175">
    <p class='ocr_par' dir='ltr' id='par_1_3' title="bbox 811 142 1250 175">
     <span class='ocr_line' id='line_1_3' title="bbox 811 142 1250 175; baseline 0 -1"><span class='ocrx_word' id='word_1_6' title='bbox 811 145 843 174; x_wconf 88' lang='lat' dir='ltr'><strong>S.</strong></span> <span class='ocrx_word' id='word_1_7' title='bbox 860 143 1059 175; x_wconf 83' lang='lat' dir='ltr'><strong>THEODORI</strong></span> <span class='ocrx_word' id='word_1_8' title='bbox 1077 142 1250 174; x_wconf 78' lang='lat' dir='ltr'><strong>STUDIT/E</strong></span> 
     </span>
    </p>
   </div>
   <div class='ocr_carea' id='block_1_4' title="bbox 1775 143 1843 176">
    <p class='ocr_par' dir='ltr' id='par_1_4' title="bbox 1775 143 1843 176">
     <span class='ocr_line' id='line_1_4' title="bbox 1775 143 1843 176; baseline -0.029 0"><span class='ocrx_word' id='word_1_9' title='bbox 1775 143 1843 176; x_wconf 67' lang='grc' dir='ltr'><strong>1ἵ16</strong></span> 
     </span>
    </p>
   </div>
   <div class='ocr_carea' id='block_1_5' title="bbox 1250 199 1663 236">
    <p class='ocr_par' dir='ltr' id='par_1_5' title="bbox 1250 199 1663 236">
     <span class='ocr_line' id='line_1_5' title="bbox 1250 199 1663 236; baseline 0.002 -10"><span class='ocrx_word' id='word_1_10' title='bbox 1250 199 1291 228; x_wconf 85' lang='grc' dir='ltr'><strong>Ξ’.</strong></span> <span class='ocrx_word' id='word_1_11' title='bbox 1311 212 1346 220; x_wconf 91' lang='grc'><strong>·-</strong></span> <span class='ocrx_word' id='word_1_12' title='bbox 1365 199 1554 233; x_wconf 77' lang='grc' dir='ltr'>Κανονικαῖς.</span> <span class='ocrx_word' id='word_1_13' title='bbox 1571 199 1663 236; x_wconf 80' lang='grc' dir='ltr'><strong>[υκε¹.]</strong></span> 
     </span>
    </p>
   </div>
   <div class='ocr_carea' id='block_1_6' title="bbox 498 256 1567 290">
    <p class='ocr_par' dir='ltr' id='par_1_6' title="bbox 498 256 1567 290">
     <span class='ocr_line' id='line_1_6' title="bbox 498 256 1567 290; baseline 0.001 -8"><span class='ocrx_word' id='word_1_14' title='bbox 498 257 593 283; x_wconf 83' lang='lat' dir='ltr'><strong>Gratias</strong></span> <span class='ocrx_word' id='word_1_15' title='bbox 603 257 656 290; x_wconf 76' lang='lat' dir='ltr'><strong>agit</strong></span> <span class='ocrx_word' id='word_1_16' title='bbox 667 265 712 290; x_wconf 86' lang='lat' dir='ltr'><strong>pro</strong></span> <span class='ocrx_word' id='word_1_17' title='bbox 724 256 853 283; x_wconf 82' lang='lat' dir='ltr'><strong>beneﬂciis</strong></span> <span class='ocrx_word' id='word_1_18' title='bbox 864 256 889 282; x_wconf 89' lang='lat' dir='ltr'><strong>in</strong></span> <span class='ocrx_word' id='word_1_19' title='bbox 899 256 1057 283; x_wconf 87' lang='lat' dir='ltr'><strong>Naucratlum</strong></span> <span class='ocrx_word' id='word_1_20' title='bbox 1071 257 1183 289; x_wconf 83' lang='lat' dir='ltr'><strong>aliosque</strong></span> <span class='ocrx_word' id='word_1_21' title='bbox 1192 257 1281 283; x_wconf 86' lang='lat' dir='ltr'><strong>Christi</strong></span> <span class='ocrx_word' id='word_1_22' title='bbox 1294 257 1448 283; x_wconf 75' lang='lat' dir='ltr'><strong>confessorcs</strong></span> <span class='ocrx_word' id='word_1_23' title='bbox 1463 257 1567 283; x_wconf 77' lang='lat' dir='ltr'><strong>collatis.</strong></span> 
     </span>
    </p>
   </div>
   <div class='ocr_carea' id='block_1_7' title="bbox 256 309 1021 348">
    <p class='ocr_par' dir='ltr' id='par_1_7' title="bbox 256 309 1007 347">
     <span class='ocr_line' id='line_1_7' title="bbox 256 309 1007 347; baseline 0.001 -10"><span class='ocrx_word' id='word_1_24' title='bbox 256 309 290 337; x_wconf 88' lang='lat' dir='ltr'><strong>Et</strong></span> <span class='ocrx_word' id='word_1_25' title='bbox 304 310 492 344; x_wconf 78' lang='lat' dir='ltr'><strong>superioribus</strong></span> <span class='ocrx_word' id='word_1_26' title='bbox 519 312 689 346; x_wconf 87' lang='lat' dir='ltr'><strong>temporibus</strong></span> <span class='ocrx_word' id='word_1_27' title='bbox 713 312 853 347; x_wconf 74' lang='lat' dir='ltr'><strong>egregium</strong></span> <span class='ocrx_word' id='word_1_28' title='bbox 870 311 1007 347; x_wconf 78' lang='lat' dir='ltr'><strong>specimen</strong></span> 
     </span>
    </p>
   </div>
   <div class='ocr_carea' id='block_1_8' title="bbox 1065 309 1843 348">
    <p class='ocr_par' dir='ltr' id='par_1_8' title="bbox 1096 311 1843 348">
     <span class='ocr_line' id='line_1_8' title="bbox 1096 311 1843 348; baseline 0 -10"><span class='ocrx_word' id='word_1_29' title='bbox 1096 312 1152 338; x_wconf 77' lang='grc' dir='ltr'>Καὶ</span> <span class='ocrx_word' id='word_1_30' title='bbox 1168 311 1222 338; x_wconf 80' lang='grc' dir='ltr'><strong>ἀπὸ</strong></span> <span class='ocrx_word' id='word_1_31' title='bbox 1236 311 1290 338; x_wconf 86' lang='grc' dir='ltr'><strong>τῶν</strong></span> <span class='ocrx_word' id='word_1_32' title='bbox 1308 312 1497 347; x_wconf 77' lang='grc' dir='ltr'>προλαῦόντων</span> <span class='ocrx_word' id='word_1_33' title='bbox 1517 311 1611 348; x_wconf 75' lang='grc' dir='ltr'>ἱκανὴν</span> <span class='ocrx_word' id='word_1_34' title='bbox 1633 311 1771 345; x_wconf 76' lang='grc' dir='ltr'><strong>ἀπόδειξιν</strong></span> <span class='ocrx_word' id='word_1_35' title='bbox 1793 311 1843 348; x_wconf 84' lang='grc' dir='ltr'><strong>τῆς</strong></span> 
     </span>
    </p>
   </div>
   <div class='ocr_carea' id='block_1_9' title="bbox 222 357 1007 392">
    <p class='ocr_par' dir='ltr' id='par_1_9' title="bbox 222 357 1007 392">
     <span class='ocr_line' id='line_1_9' title="bbox 222 357 1007 392; baseline 0 -7"><span class='ocrx_word' id='word_1_36' title='bbox 222 357 343 391; x_wconf 81' lang='lat' dir='ltr'><strong>religiosi</strong></span> <span class='ocrx_word' id='word_1_37' title='bbox 360 357 443 384; x_wconf 83' lang='lat' dir='ltr'><strong>vestri</strong></span> <span class='ocrx_word' id='word_1_38' title='bbox 464 364 527 392; x_wconf 77' lang='lat' dir='ltr'><strong>erga</strong></span> <span class='ocrx_word' id='word_1_39' title='bbox 546 363 670 386; x_wconf 85' lang='lat' dir='ltr'><strong>nostram</strong></span> <span class='ocrx_word' id='word_1_40' title='bbox 693 359 874 385; x_wconf 73' lang='lat' dir='ltr'><strong>humilitatem</strong></span> <span class='ocrx_word' id='word_1_41' title='bbox 894 358 1007 385; x_wconf 77' lang='lat' dir='ltr'><strong>aﬂ‘ectus</strong></span> 
     </span>
    </p>
   </div>
   <div class='ocr_carea' id='block_1_10' title="bbox 221 404 1008 439">
    <p class='ocr_par' dir='ltr' id='par_1_10' title="bbox 221 404 1008 439">
     <span class='ocr_line' id='line_1_10' title="bbox 221 404 1008 439; baseline 0.001 -9"><span class='ocrx_word' id='word_1_42' title='bbox 221 404 391 438; x_wconf 82' lang='lat' dir='ltr'><strong>accepimus,</strong></span> <span class='ocrx_word' id='word_1_43' title='bbox 412 408 439 430; x_wconf 90' lang='lat' dir='ltr'><strong>et</strong></span> <span class='ocrx_word' id='word_1_44' title='bbox 456 412 529 432; x_wconf 89' lang='lat' dir='ltr'><strong>nunc</strong></span> <span class='ocrx_word' id='word_1_45' title='bbox 549 409 578 431; x_wconf 95' lang='grc' dir='ltr'>ιιι</span> <span class='ocrx_word' id='word_1_46' title='bbox 593 413 654 432; x_wconf 92' lang='lat' dir='ltr'><strong>cum</strong></span> <span class='ocrx_word' id='word_1_47' title='bbox 674 406 814 432; x_wconf 81' lang='lat' dir='ltr'><strong>maxime:</strong></span> <span class='ocrx_word' id='word_1_48' title='bbox 833 405 871 432; x_wconf 86' lang='lat' dir='ltr'><strong>ita</strong></span> <span class='ocrx_word' id='word_1_49' title='bbox 886 409 914 432; x_wconf 89' lang='lat' dir='ltr'><strong>ut</strong></span> <span class='ocrx_word' id='word_1_50' title='bbox 929 405 1008 439; x_wconf 90' lang='lat' dir='ltr'><strong>plane</strong></span> 
     </span>
    </p>
   </div>
   <div class='ocr_carea' id='block_1_11' title="bbox 221 450 1007 486">
    <p class='ocr_par' dir='ltr' id='par_1_11' title="bbox 221 450 1007 486">
     <span class='ocr_line' id='line_1_11' title="bbox 221 450 1007 486; baseline 0.004 -11"><span class='ocrx_word' id='word_1_51' title='bbox 221 450 456 484; x_wconf 84' lang='lat' dir='ltr'><strong>obstupescamus,</strong></span> <span class='ocrx_word' id='word_1_52' title='bbox 469 459 530 478; x_wconf 92' lang='lat' dir='ltr'><strong>cum</strong></span> <span class='ocrx_word' id='word_1_53' title='bbox 539 459 599 485; x_wconf 67' lang='lat' dir='ltr'><strong>qum</strong></span> <span class='ocrx_word' id='word_1_54' title='bbox 608 456 770 486; x_wconf 58' lang='lat' dir='ltr'><strong>quantaeque</strong></span> <span class='ocrx_word' id='word_1_55' title='bbox 781 451 837 478; x_wconf 83' lang='lat' dir='ltr'><strong>sitit</strong></span> <span class='ocrx_word' id='word_1_56' title='bbox 850 451 1007 485; x_wconf 68' lang='lat' dir='ltr'><strong>largitiones</strong></span> 
     </span>
    </p>
   </div>
   <div class='ocr_carea' id='block_1_12' title="bbox 220 496 1008 529">
    <p class='ocr_par' dir='ltr' id='par_1_12' title="bbox 220 496 1008 529">
     <span class='ocr_line' id='line_1_12' title="bbox 220 496 1008 529; baseline 0.004 -9"><span class='ocrx_word' id='word_1_57' title='bbox 220 500 316 521; x_wconf 62' lang='lat' dir='ltr'><strong>vestrae</strong></span> <span class='ocrx_word' id='word_1_58' title='bbox 333 496 472 522; x_wconf 88' lang='lat' dir='ltr'><strong>intuemur</strong></span> <span class='ocrx_word' id='word_1_59' title='bbox 490 504 495 521; x_wconf 93' lang='lat'>:</span> <span class='ocrx_word' id='word_1_60' title='bbox 515 500 598 529; x_wconf 86' lang='lat' dir='ltr'><strong>atque</strong></span> <span class='ocrx_word' id='word_1_61' title='bbox 613 497 658 523; x_wconf 94' lang='lat' dir='ltr'><strong>ubi</strong></span> <span class='ocrx_word' id='word_1_62' title='bbox 675 496 764 523; x_wconf 88' lang='lat' dir='ltr'><strong>edocti</strong></span> <span class='ocrx_word' id='word_1_63' title='bbox 779 504 871 523; x_wconf 84' lang='lat' dir='ltr'><strong>sumus</strong></span> <span class='ocrx_word' id='word_1_64' title='bbox 890 504 904 523; x_wconf 89' lang='lat' dir='ltr'><strong>a</strong></span> <span class='ocrx_word' id='word_1_65' title='bbox 921 497 1008 523; x_wconf 67' lang='lat' dir='ltr'><strong>tabei—</strong></span> 
     </span>
    </p>
   </div>
   <div class='ocr_carea' id='block_1_13' title="bbox 220 538 1007 575">
    <p class='ocr_par' dir='ltr' id='par_1_13' title="bbox 220 538 1007 575">
     <span class='ocr_line' id='line_1_13' title="bbox 220 538 1007 575; baseline 0.003 -10"><span class='ocrx_word' id='word_1_66' title='bbox 220 538 308 571; x_wconf 69' lang='lat' dir='ltr'><strong>lario,</strong></span> <span class='ocrx_word' id='word_1_67' title='bbox 334 540 380 572; x_wconf 93' lang='lat' dir='ltr'><strong>qui</strong></span> <span class='ocrx_word' id='word_1_68' title='bbox 405 544 544 574; x_wconf 82' lang='lat' dir='ltr'><strong>spectator</strong></span> <span class='ocrx_word' id='word_1_69' title='bbox 569 540 627 574; x_wconf 85' lang='lat' dir='ltr'><strong>ipse</strong></span> <span class='ocrx_word' id='word_1_70' title='bbox 650 540 801 573; x_wconf 77' lang='lat' dir='ltr'><strong>intellexit,</strong></span> <span class='ocrx_word' id='word_1_71' title='bbox 827 546 926 575; x_wconf 88' lang='lat' dir='ltr'><strong>quanta</strong></span> <span class='ocrx_word' id='word_1_72' title='bbox 941 547 1007 568; x_wconf 89' lang='lat' dir='ltr'><strong>cura</strong></span> 
     </span>
    </p>
   </div>
   <div class='ocr_carea' id='block_1_14' title="bbox 221 585 1008 620">
    <p class='ocr_par' dir='ltr' id='par_1_14' title="bbox 221 585 1008 620">
     <span class='ocr_line' id='line_1_14' title="bbox 221 585 1008 620; baseline 0 -8"><span class='ocrx_word' id='word_1_73' title='bbox 221 585 300 612; x_wconf 82' lang='lat' dir='ltr'><strong>vobis</strong></span> <span class='ocrx_word' id='word_1_74' title='bbox 315 585 523 620; x_wconf 85' lang='lat' dir='ltr'><strong>sollicitudoque</strong></span> <span class='ocrx_word' id='word_1_75' title='bbox 540 586 586 616; x_wconf 75' lang='lat' dir='ltr'><strong>sit.</strong></span> <span class='ocrx_word' id='word_1_76' title='bbox 600 586 730 618; x_wconf 79' lang='lat' dir='ltr'><strong>cbaritas,</strong></span> <span class='ocrx_word' id='word_1_77' title='bbox 747 586 960 618; x_wconf 81' lang='lat' dir='ltr'><strong>commiseratio,</strong></span> <span class='ocrx_word' id='word_1_78' title='bbox 974 585 1008 612; x_wconf 90' lang='lat' dir='ltr'><strong>ad</strong></span> 
     </span>
    </p>
   </div>
   <div class='ocr_carea' id='block_1_15' title="bbox 221 631 1007 668">
    <p class='ocr_par' dir='ltr' id='par_1_15' title="bbox 221 631 1007 668">
     <span class='ocr_line' id='line_1_15' title="bbox 221 631 1007 668; baseline 0.001 -11"><span class='ocrx_word' id='word_1_79' title='bbox 221 631 323 662; x_wconf 80' lang='lat' dir='ltr'><strong>cibum,</strong></span> <span class='ocrx_word' id='word_1_80' title='bbox 337 636 440 666; x_wconf 84' lang='lat' dir='ltr'><strong>polum,</strong></span> <span class='ocrx_word' id='word_1_81' title='bbox 454 633 700 667; x_wconf 84' lang='lat' dir='ltr'><strong>vestimentumqnc</strong></span> <span class='ocrx_word' id='word_1_82' title='bbox 715 633 934 668; x_wconf 72' lang='lat' dir='ltr'><strong>suggereudum;</strong></span> <span class='ocrx_word' id='word_1_83' title='bbox 953 640 1007 667; x_wconf 91' lang='lat' dir='ltr'><strong>qua</strong></span> 
     </span>
    </p>
   </div>
   <div class='ocr_carea' id='block_1_16' title="bbox 222 677 1006 712">
    <p class='ocr_par' dir='ltr' id='par_1_16' title="bbox 222 677 1006 712">
     <span class='ocr_line' id='line_1_16' title="bbox 222 677 1006 712; baseline 0.003 -9"><span class='ocrx_word' id='word_1_84' title='bbox 222 677 361 704; x_wconf 73' lang='lat' dir='ltr'><strong>alacritate</strong></span> <span class='ocrx_word' id='word_1_85' title='bbox 385 678 508 704; x_wconf 83' lang='lat' dir='ltr'><strong>tenuitati</strong></span> <span class='ocrx_word' id='word_1_86' title='bbox 535 684 634 704; x_wconf 61' lang='lat' dir='ltr'><strong>nostra</strong></span> <span class='ocrx_word' id='word_1_87' title='bbox 658 678 873 706; x_wconf 86' lang='lat' dir='ltr'><strong>snlnniuistretis</strong></span> <span class='ocrx_word' id='word_1_88' title='bbox 896 679 919 705; x_wconf 84' lang='lat' dir='ltr'><strong>si</strong></span> <span class='ocrx_word' id='word_1_89' title='bbox 940 677 1006 712; x_wconf 88' lang='lat' dir='ltr'><strong>qttid</strong></span> 
     </span>
    </p>
   </div>
   <div class='ocr_carea' id='block_1_17' title="bbox 221 723 1008 758">
    <p class='ocr_par' dir='ltr' id='par_1_17' title="bbox 221 723 1008 758">
     <span class='ocr_line' id='line_1_17' title="bbox 221 723 1008 758; baseline 0 -8"><span class='ocrx_word' id='word_1_90' title='bbox 221 723 255 750; x_wconf 85' lang='lat' dir='ltr'><strong>ad</strong></span> <span class='ocrx_word' id='word_1_91' title='bbox 273 724 355 749; x_wconf 86' lang='lat' dir='ltr'><strong>vitam</strong></span> <span class='ocrx_word' id='word_1_92' title='bbox 374 724 556 751; x_wconf 73' lang='lat' dir='ltr'><strong>necessarium</strong></span> <span class='ocrx_word' id='word_1_93' title='bbox 572 728 613 751; x_wconf 77' lang='lat' dir='ltr'><strong>est</strong></span> <span class='ocrx_word' id='word_1_94' title='bbox 629 731 635 749; x_wconf 88' lang='lat'>:</span> <span class='ocrx_word' id='word_1_95' title='bbox 659 732 740 758; x_wconf 88' lang='lat' dir='ltr'><strong>quam</strong></span> <span class='ocrx_word' id='word_1_96' title='bbox 766 725 863 758; x_wconf 86' lang='lat' dir='ltr'><strong>cupide</strong></span> <span class='ocrx_word' id='word_1_97' title='bbox 891 724 1008 758; x_wconf 85' lang='lat' dir='ltr'><strong>idipsum</strong></span> 
     </span>
    </p>
   </div>
   <div class='ocr_carea' id='block_1_18' title="bbox 223 768 1010 804">
    <p class='ocr_par' dir='ltr' id='par_1_18' title="bbox 223 768 1010 804">
     <span class='ocr_line' id='line_1_18' title="bbox 223 768 1010 804; baseline 0.001 -9"><span class='ocrx_word' id='word_1_98' title='bbox 223 768 380 803; x_wconf 81' lang='lat' dir='ltr'><strong>inquiratis,</strong></span> <span class='ocrx_word' id='word_1_99' title='bbox 397 774 426 796; x_wconf 91' lang='lat' dir='ltr'><strong>ut</strong></span> <span class='ocrx_word' id='word_1_100' title='bbox 443 777 525 804; x_wconf 88' lang='lat' dir='ltr'><strong>opere</strong></span> <span class='ocrx_word' id='word_1_101' title='bbox 541 770 600 804; x_wconf 89' lang='lat' dir='ltr'><strong>ipso</strong></span> <span class='ocrx_word' id='word_1_102' title='bbox 616 769 741 796; x_wconf 66' lang='lat' dir='ltr'><strong>cll‘ectum</strong></span> <span class='ocrx_word' id='word_1_103' title='bbox 757 770 834 797; x_wconf 85' lang='lat' dir='ltr'><strong>detis.</strong></span> <span class='ocrx_word' id='word_1_104' title='bbox 851 769 945 796; x_wconf 87' lang='lat' dir='ltr'><strong>Nonne</strong></span> <span class='ocrx_word' id='word_1_105' title='bbox 960 769 1010 804; x_wconf 72' lang='lat' dir='ltr'><strong>igi-</strong></span> 
     </span>
    </p>
   </div>
   <div class='ocr_carea' id='block_1_19' title="bbox 223 815 1009 851">
    <p class='ocr_par' dir='ltr' id='par_1_19' title="bbox 223 815 1009 851">
     <span class='ocr_line' id='line_1_19' title="bbox 223 815 1009 851; baseline 0 -10"><span class='ocrx_word' id='word_1_106' title='bbox 223 820 268 842; x_wconf 90' lang='lat' dir='ltr'><strong>tur</strong></span> <span class='ocrx_word' id='word_1_107' title='bbox 281 816 342 850; x_wconf 83' lang='lat' dir='ltr'><strong>jure</strong></span> <span class='ocrx_word' id='word_1_108' title='bbox 358 816 464 850; x_wconf 85' lang='lat' dir='ltr'><strong>optimo</strong></span> <span class='ocrx_word' id='word_1_109' title='bbox 479 820 569 850; x_wconf 73' lang='lat' dir='ltr'><strong>grates</strong></span> <span class='ocrx_word' id='word_1_110' title='bbox 586 815 639 843; x_wconf 85' lang='lat' dir='ltr'><strong>Deo</strong></span> <span class='ocrx_word' id='word_1_111' title='bbox 658 824 738 851; x_wconf 77' lang='lat' dir='ltr'><strong>agere</strong></span> <span class='ocrx_word' id='word_1_112' title='bbox 754 824 797 843; x_wconf 88' lang='lat' dir='ltr'><strong>me</strong></span> <span class='ocrx_word' id='word_1_113' title='bbox 814 816 847 842; x_wconf 86' lang='lat' dir='ltr'><strong>de</strong></span> <span class='ocrx_word' id='word_1_114' title='bbox 868 815 910 842; x_wconf 90' lang='lat' dir='ltr'><strong>bis</strong></span> <span class='ocrx_word' id='word_1_115' title='bbox 928 815 1009 842; x_wconf 80' lang='lat' dir='ltr'><strong>rebus</strong></span> 
     </span>
    </p>
   </div>
   <div class='ocr_carea' id='block_1_20' title="bbox 223 862 1010 897">
    <p class='ocr_par' dir='ltr' id='par_1_20' title="bbox 223 862 1010 897">
     <span class='ocr_line' id='line_1_20' title="bbox 223 862 1010 897; baseline 0.001 -9"><span class='ocrx_word' id='word_1_116' title='bbox 223 869 273 896; x_wconf 82' lang='lat' dir='ltr'><strong>par</strong></span> <span class='ocrx_word' id='word_1_117' title='bbox 289 867 347 895; x_wconf 88' lang='lat' dir='ltr'><strong>est,</strong></span> <span class='ocrx_word' id='word_1_118' title='bbox 370 863 416 896; x_wconf 90' lang='lat' dir='ltr'><strong>qui</strong></span> <span class='ocrx_word' id='word_1_119' title='bbox 443 866 544 889; x_wconf 78' lang='lat' dir='ltr'><strong>matres</strong></span> <span class='ocrx_word' id='word_1_120' title='bbox 564 870 727 897; x_wconf 86' lang='lat' dir='ltr'><strong>sororesque</strong></span> <span class='ocrx_word' id='word_1_121' title='bbox 746 862 883 896; x_wconf 80' lang='lat' dir='ltr'><strong>spiritales</strong></span> <span class='ocrx_word' id='word_1_122' title='bbox 901 862 1010 889; x_wconf 81' lang='lat' dir='ltr'><strong>iurene-</strong></span> 
     </span>
    </p>
   </div>
   <div class='ocr_carea' id='block_1_21' title="bbox 224 907 1009 936">
    <p class='ocr_par' dir='ltr' id='par_1_21' title="bbox 224 907 1009 936">
     <span class='ocr_line' id='line_1_21' title="bbox 224 907 1009 936; baseline 0 -2"><span class='ocrx_word' id='word_1_123' title='bbox 224 907 293 934; x_wconf 91' lang='lat' dir='ltr'><strong>rim?</strong></span> <span class='ocrx_word' id='word_1_124' title='bbox 311 907 406 934; x_wconf 84' lang='lat' dir='ltr'><strong>Annon</strong></span> <span class='ocrx_word' id='word_1_125' title='bbox 422 913 449 934; x_wconf 89' lang='lat' dir='ltr'><strong>et</strong></span> <span class='ocrx_word' id='word_1_126' title='bbox 465 908 562 935; x_wconf 77' lang='lat' dir='ltr'><strong>merito</strong></span> <span class='ocrx_word' id='word_1_127' title='bbox 577 913 793 935; x_wconf 85' lang='lat' dir='ltr'><strong>consentaneum</strong></span> <span class='ocrx_word' id='word_1_128' title='bbox 810 913 852 936; x_wconf 87' lang='lat' dir='ltr'><strong>cst</strong></span> <span class='ocrx_word' id='word_1_129' title='bbox 866 914 895 935; x_wconf 86' lang='lat' dir='ltr'><strong>ut</strong></span> <span class='ocrx_word' id='word_1_130' title='bbox 913 909 1009 935; x_wconf 84' lang='lat' dir='ltr'><strong>laudes</strong></span> 
     </span>
    </p>
   </div>
   <div class='ocr_carea' id='block_1_22' title="bbox 223 953 1010 988">
    <p class='ocr_par' dir='ltr' id='par_1_22' title="bbox 223 953 1010 988">
     <span class='ocr_line' id='line_1_22' title="bbox 223 953 1010 988; baseline 0 -8"><span class='ocrx_word' id='word_1_131' title='bbox 223 953 302 980; x_wconf 82' lang='lat' dir='ltr'><strong>vobis</strong></span> <span class='ocrx_word' id='word_1_132' title='bbox 318 954 440 980; x_wconf 88' lang='lat' dir='ltr'><strong>accinant</strong></span> <span class='ocrx_word' id='word_1_133' title='bbox 454 973 461 985; x_wconf 81' lang='grc'><strong>,</strong></span> <span class='ocrx_word' id='word_1_134' title='bbox 479 962 542 988; x_wconf 64' lang='lat' dir='ltr'><strong>quae</strong></span> <span class='ocrx_word' id='word_1_135' title='bbox 557 953 639 980; x_wconf 72' lang='lat' dir='ltr'><strong>Deum</strong></span> <span class='ocrx_word' id='word_1_136' title='bbox 653 963 685 981; x_wconf 78' lang='lat' dir='ltr'><strong>cx</strong></span> <span class='ocrx_word' id='word_1_137' title='bbox 701 959 758 981; x_wconf 90' lang='lat' dir='ltr'><strong>toto</strong></span> <span class='ocrx_word' id='word_1_138' title='bbox 773 954 853 981; x_wconf 85' lang='lat' dir='ltr'><strong>corde</strong></span> <span class='ocrx_word' id='word_1_139' title='bbox 867 953 1010 987; x_wconf 67' lang='lat' dir='ltr'><strong>emeritis?</strong></span> 
     </span>
    </p>
   </div>
   <div class='ocr_carea' id='block_1_23' title="bbox 225 998 1008 1032">
    <p class='ocr_par' dir='ltr' id='par_1_23' title="bbox 225 998 1008 1032">
     <span class='ocr_line' id='line_1_23' title="bbox 225 998 1008 1032; baseline 0 -6"><span class='ocrx_word' id='word_1_140' title='bbox 225 998 363 1030; x_wconf 80' lang='lat' dir='ltr'><strong>Gaut‘ete.</strong></span> <span class='ocrx_word' id='word_1_141' title='bbox 391 1004 492 1026; x_wconf 77' lang='lat' dir='ltr'><strong>matres</strong></span> <span class='ocrx_word' id='word_1_142' title='bbox 519 1008 550 1027; x_wconf 85' lang='lat' dir='ltr'><strong>ac</strong></span> <span class='ocrx_word' id='word_1_143' title='bbox 575 1000 636 1027; x_wconf 69' lang='lat' dir='ltr'><strong>lilia:</strong></span> <span class='ocrx_word' id='word_1_144' title='bbox 660 1001 686 1027; x_wconf 89' lang='lat' dir='ltr'><strong>in</strong></span> <span class='ocrx_word' id='word_1_145' title='bbox 714 1001 838 1027; x_wconf 89' lang='lat' dir='ltr'><strong>Domino.</strong></span> <span class='ocrx_word' id='word_1_146' title='bbox 866 999 1008 1032; x_wconf 87' lang='lat' dir='ltr'><strong>Gaudete,</strong></span> 
     </span>
    </p>
   </div>
   <div class='ocr_carea' id='block_1_24' title="bbox 223 1045 1009 1080">
    <p class='ocr_par' dir='ltr' id='par_1_24' title="bbox 223 1045 1009 1080">
     <span class='ocr_line' id='line_1_24' title="bbox 223 1045 1009 1080; baseline 0.001 -9"><span class='ocrx_word' id='word_1_147' title='bbox 223 1053 283 1079; x_wconf 84' lang='lat' dir='ltr'><strong>que</strong></span> <span class='ocrx_word' id='word_1_148' title='bbox 294 1045 454 1079; x_wconf 76' lang='lat' dir='ltr'><strong>Evangelica</strong></span> <span class='ocrx_word' id='word_1_149' title='bbox 474 1046 600 1073; x_wconf 88' lang='lat' dir='ltr'><strong>tuandala</strong></span> <span class='ocrx_word' id='word_1_150' title='bbox 617 1046 712 1073; x_wconf 90' lang='lat' dir='ltr'><strong>scdulo</strong></span> <span class='ocrx_word' id='word_1_151' title='bbox 726 1046 863 1080; x_wconf 84' lang='lat' dir='ltr'><strong>perlicitis.</strong></span> <span class='ocrx_word' id='word_1_152' title='bbox 876 1046 1009 1077; x_wconf 80' lang='lat' dir='ltr'><strong>Gaudete.</strong></span> 
     </span>
    </p>
   </div>
   <div class='ocr_carea' id='block_1_25' title="bbox 223 1091 1008 1126">
    <p class='ocr_par' dir='ltr' id='par_1_25' title="bbox 223 1091 1008 1126">
     <span class='ocr_line' id='line_1_25' title="bbox 223 1091 1008 1126; baseline -0.001 -8"><span class='ocrx_word' id='word_1_153' title='bbox 223 1091 279 1118; x_wconf 88' lang='lat' dir='ltr'><strong>lilia</strong></span> <span class='ocrx_word' id='word_1_154' title='bbox 291 1091 348 1126; x_wconf 80' lang='lat' dir='ltr'><strong>agri</strong></span> <span class='ocrx_word' id='word_1_155' title='bbox 364 1091 502 1126; x_wconf 75' lang='lat' dir='ltr'><strong>spiritalis,</strong></span> <span class='ocrx_word' id='word_1_156' title='bbox 520 1093 545 1118; x_wconf 95' lang='lat' dir='ltr'><strong>in</strong></span> <span class='ocrx_word' id='word_1_157' title='bbox 562 1092 658 1119; x_wconf 87' lang='lat' dir='ltr'><strong>mediis</strong></span> <span class='ocrx_word' id='word_1_158' title='bbox 671 1092 780 1126; x_wconf 82' lang='lat' dir='ltr'><strong>quidem</strong></span> <span class='ocrx_word' id='word_1_159' title='bbox 794 1091 880 1126; x_wconf 79' lang='lat' dir='ltr'><strong>spinis</strong></span> <span class='ocrx_word' id='word_1_160' title='bbox 897 1091 991 1126; x_wconf 59' lang='lat' dir='ltr'><strong>posite</strong></span> <span class='ocrx_word' id='word_1_161' title='bbox 1001 1112 1008 1124; x_wconf 90' lang='lat'><strong>,</strong></span> 
     </span>
    </p>
   </div>
   <div class='ocr_carea' id='block_1_26' title="bbox 224 1137 1009 1172">
    <p class='ocr_par' dir='ltr' id='par_1_26' title="bbox 224 1137 1009 1172">
     <span class='ocr_line' id='line_1_26' title="bbox 224 1137 1009 1172; baseline -0.001 -8"><span class='ocrx_word' id='word_1_162' title='bbox 224 1137 246 1164; x_wconf 77' lang='lat' dir='ltr'><strong>si</strong></span> <span class='ocrx_word' id='word_1_163' title='bbox 261 1137 337 1164; x_wconf 78' lang='lat' dir='ltr'><strong>locus</strong></span> <span class='ocrx_word' id='word_1_164' title='bbox 349 1142 503 1172; x_wconf 68' lang='lat' dir='ltr'><strong>spectetur;</strong></span> <span class='ocrx_word' id='word_1_165' title='bbox 516 1137 557 1164; x_wconf 85' lang='lat' dir='ltr'><strong>sin</strong></span> <span class='ocrx_word' id='word_1_166' title='bbox 571 1142 661 1164; x_wconf 79' lang='lat' dir='ltr'><strong>autent</strong></span> <span class='ocrx_word' id='word_1_167' title='bbox 676 1145 774 1168; x_wconf 88' lang='lat' dir='ltr'><strong>mores,</strong></span> <span class='ocrx_word' id='word_1_168' title='bbox 791 1137 870 1171; x_wconf 71' lang='lat' dir='ltr'><strong>longe</strong></span> <span class='ocrx_word' id='word_1_169' title='bbox 882 1137 916 1163; x_wconf 89' lang='lat' dir='ltr'><strong>ab</strong></span> <span class='ocrx_word' id='word_1_170' title='bbox 926 1137 1009 1163; x_wconf 66' lang='lat' dir='ltr'><strong>haere-</strong></span> 
     </span>
    </p>
   </div>
   <div class='ocr_carea' id='block_1_27' title="bbox 222 1182 1009 1217">
    <p class='ocr_par' dir='ltr' id='par_1_27' title="bbox 222 1182 1009 1217">
     <span class='ocr_line' id='line_1_27' title="bbox 222 1182 1009 1217; baseline -0.001 -8"><span class='ocrx_word' id='word_1_171' title='bbox 222 1183 277 1210; x_wconf 91' lang='lat' dir='ltr'><strong>tico</strong></span> <span class='ocrx_word' id='word_1_172' title='bbox 293 1183 400 1217; x_wconf 86' lang='lat' dir='ltr'><strong>spineto</strong></span> <span class='ocrx_word' id='word_1_173' title='bbox 413 1187 568 1209; x_wconf 57' lang='lat' dir='ltr'><strong>sunnnota‘.</strong></span> <span class='ocrx_word' id='word_1_174' title='bbox 583 1182 716 1214; x_wconf 83' lang='lat' dir='ltr'><strong>Gaudete,</strong></span> <span class='ocrx_word' id='word_1_175' title='bbox 727 1187 815 1210; x_wconf 60' lang='lat' dir='ltr'><strong>cultus</strong></span> <span class='ocrx_word' id='word_1_176' title='bbox 824 1183 1009 1217; x_wconf 79' lang='lat' dir='ltr'><strong>cgregius,iu-</strong></span> 
     </span>
    </p>
   </div>
   <div class='ocr_carea' id='block_1_28' title="bbox 222 1227 1010 1262">
    <p class='ocr_par' dir='ltr' id='par_1_28' title="bbox 222 1227 1010 1262">
     <span class='ocr_line' id='line_1_28' title="bbox 222 1227 1010 1262; baseline 0 -8"><span class='ocrx_word' id='word_1_177' title='bbox 222 1229 310 1255; x_wconf 80' lang='lat' dir='ltr'><strong>vicem</strong></span> <span class='ocrx_word' id='word_1_178' title='bbox 343 1229 522 1259; x_wconf 68' lang='lat' dir='ltr'><strong>coluerentes.</strong></span> <span class='ocrx_word' id='word_1_179' title='bbox 537 1233 563 1255; x_wconf 87' lang='lat' dir='ltr'><strong>et</strong></span> <span class='ocrx_word' id='word_1_180' title='bbox 582 1228 615 1255; x_wconf 86' lang='lat' dir='ltr'><strong>ad</strong></span> <span class='ocrx_word' id='word_1_181' title='bbox 641 1227 687 1254; x_wconf 92' lang='lat' dir='ltr'><strong>Dci</strong></span> <span class='ocrx_word' id='word_1_182' title='bbox 711 1227 873 1262; x_wconf 75' lang='lat' dir='ltr'><strong>obsequium</strong></span> <span class='ocrx_word' id='word_1_183' title='bbox 894 1229 1010 1255; x_wconf 85' lang='lat' dir='ltr'><strong>invicem</strong></span> 
     </span>
    </p>
   </div>
   <div class='ocr_carea' id='block_1_29' title="bbox 224 1274 1011 1308">
    <p class='ocr_par' dir='ltr' id='par_1_29' title="bbox 224 1274 1011 1308">
     <span class='ocr_line' id='line_1_29' title="bbox 224 1274 1011 1308; baseline 0 -7"><span class='ocrx_word' id='word_1_184' title='bbox 224 1275 368 1308; x_wconf 67' lang='lat' dir='ltr'><strong>colligam.</strong></span> <span class='ocrx_word' id='word_1_185' title='bbox 386 1274 492 1306; x_wconf 82' lang='lat' dir='ltr'><strong>Quanta</strong></span> <span class='ocrx_word' id='word_1_186' title='bbox 507 1280 595 1301; x_wconf 88' lang='lat' dir='ltr'><strong>vestra</strong></span> <span class='ocrx_word' id='word_1_187' title='bbox 613 1274 657 1301; x_wconf 88' lang='lat' dir='ltr'><strong>illa</strong></span> <span class='ocrx_word' id='word_1_188' title='bbox 674 1274 824 1301; x_wconf 88' lang='lat' dir='ltr'><strong>secundum</strong></span> <span class='ocrx_word' id='word_1_189' title='bbox 846 1274 929 1301; x_wconf 87' lang='lat' dir='ltr'><strong>Deutn</strong></span> <span class='ocrx_word' id='word_1_190' title='bbox 946 1282 1011 1301; x_wconf 90' lang='lat' dir='ltr'><strong>con-</strong></span> 
     </span>
    </p>
   </div>
   <div class='ocr_carea' id='block_1_30' title="bbox 224 1320 1011 1354">
    <p class='ocr_par' dir='ltr' id='par_1_30' title="bbox 224 1320 1011 1354">
     <span class='ocr_line' id='line_1_30' title="bbox 224 1320 1011 1354; baseline 0 -7"><span class='ocrx_word' id='word_1_191' title='bbox 224 1320 318 1347; x_wconf 80' lang='lat' dir='ltr'><strong>cordia</strong></span> <span class='ocrx_word' id='word_1_192' title='bbox 342 1324 402 1353; x_wconf 86' lang='lat' dir='ltr'><strong>est,</strong></span> <span class='ocrx_word' id='word_1_193' title='bbox 425 1320 470 1346; x_wconf 84' lang='lat' dir='ltr'><strong>illa</strong></span> <span class='ocrx_word' id='word_1_194' title='bbox 493 1321 581 1347; x_wconf 86' lang='lat' dir='ltr'><strong>amica</strong></span> <span class='ocrx_word' id='word_1_195' title='bbox 601 1320 777 1354; x_wconf 86' lang='lat' dir='ltr'><strong>conjunctio,</strong></span> <span class='ocrx_word' id='word_1_196' title='bbox 801 1320 844 1346; x_wconf 83' lang='lat' dir='ltr'><strong>illa</strong></span> <span class='ocrx_word' id='word_1_197' title='bbox 868 1321 921 1347; x_wconf 80' lang='lat' dir='ltr'><strong>vita</strong></span> <span class='ocrx_word' id='word_1_198' title='bbox 944 1320 1011 1347; x_wconf 87' lang='lat' dir='ltr'><strong>soli-</strong></span> 
     </span>
    </p>
   </div>
   <div class='ocr_carea' id='block_1_31' title="bbox 226 1365 313 1391">
    <p class='ocr_par' dir='ltr' id='par_1_31' title="bbox 226 1365 313 1391">
     <span class='ocr_line' id='line_1_31' title="bbox 226 1365 313 1391; baseline 0.011 -1"><span class='ocrx_word' id='word_1_199' title='bbox 226 1365 295 1391; x_wconf 85' lang='lat' dir='ltr'><strong>taria</strong></span> <span class='ocrx_word' id='word_1_200' title='bbox 307 1365 313 1391; x_wconf 78' lang='grc' dir='ltr'>ί</span> 
     </span>
    </p>
   </div>
   <div class='ocr_carea' id='block_1_32' title="bbox 259 1409 1012 1444">
    <p class='ocr_par' dir='ltr' id='par_1_32' title="bbox 259 1409 1012 1444">
     <span class='ocr_line' id='line_1_32' title="bbox 259 1409 1012 1444; baseline -0.001 -6"><span class='ocrx_word' id='word_1_201' title='bbox 259 1409 364 1444; x_wconf 83' lang='lat' dir='ltr'><strong>Gaude,</strong></span> <span class='ocrx_word' id='word_1_202' title='bbox 389 1411 497 1438; x_wconf 87' lang='lat' dir='ltr'><strong>domina</strong></span> <span class='ocrx_word' id='word_1_203' title='bbox 516 1410 593 1437; x_wconf 86' lang='lat' dir='ltr'><strong>alteri</strong></span> <span class='ocrx_word' id='word_1_204' title='bbox 611 1411 767 1438; x_wconf 78' lang='lat' dir='ltr'><strong>consociata</strong></span> <span class='ocrx_word' id='word_1_205' title='bbox 784 1411 912 1442; x_wconf 72' lang='lat' dir='ltr'><strong>dotninm,</strong></span> <span class='ocrx_word' id='word_1_206' title='bbox 932 1411 1012 1438; x_wconf 90' lang='lat' dir='ltr'><strong>matri</strong></span> 
     </span>
    </p>
   </div>
   <div class='ocr_carea' id='block_1_33' title="bbox 225 1456 1012 1491">
    <p class='ocr_par' dir='ltr' id='par_1_33' title="bbox 225 1456 1012 1491">
     <span class='ocr_line' id='line_1_33' title="bbox 225 1456 1012 1491; baseline 0.001 -9"><span class='ocrx_word' id='word_1_207' title='bbox 225 1461 329 1487; x_wconf 81' lang='lat' dir='ltr'><strong>mater.</strong></span> <span class='ocrx_word' id='word_1_208' title='bbox 360 1456 532 1484; x_wconf 87' lang='lat' dir='ltr'><strong>moderatrici</strong></span> <span class='ocrx_word' id='word_1_209' title='bbox 552 1457 738 1488; x_wconf 82' lang='lat' dir='ltr'><strong>moderatrix;</strong></span> <span class='ocrx_word' id='word_1_210' title='bbox 770 1457 851 1484; x_wconf 85' lang='lat' dir='ltr'><strong>simul</strong></span> <span class='ocrx_word' id='word_1_211' title='bbox 869 1457 1012 1491; x_wconf 72' lang='lat' dir='ltr'><strong>pra-posita</strong></span> 
     </span>
    </p>
   </div>
   <div class='ocr_carea' id='block_1_34' title="bbox 225 1502 1014 1538">
    <p class='ocr_par' dir='ltr' id='par_1_34' title="bbox 225 1502 1014 1538">
     <span class='ocr_line' id='line_1_34' title="bbox 225 1502 1014 1538; baseline 0 -8"><span class='ocrx_word' id='word_1_212' title='bbox 225 1502 362 1537; x_wconf 80' lang='lat' dir='ltr'><strong>simulque</strong></span> <span class='ocrx_word' id='word_1_213' title='bbox 396 1502 515 1530; x_wconf 81' lang='lat' dir='ltr'><strong>subdita.</strong></span> <span class='ocrx_word' id='word_1_214' title='bbox 544 1502 632 1535; x_wconf 86' lang='lat' dir='ltr'><strong>Quam</strong></span> <span class='ocrx_word' id='word_1_215' title='bbox 655 1503 762 1538; x_wconf 75' lang='lat' dir='ltr'><strong>egregia</strong></span> <span class='ocrx_word' id='word_1_216' title='bbox 783 1507 828 1529; x_wconf 89' lang='lat' dir='ltr'><strong>tua</strong></span> <span class='ocrx_word' id='word_1_217' title='bbox 856 1502 1014 1530; x_wconf 72' lang='lat' dir='ltr'><strong>exercitatio</strong></span> 
     </span>
    </p>
   </div>
   <div class='ocr_carea' id='block_1_35' title="bbox 225 1548 1015 1583">
    <p class='ocr_par' dir='ltr' id='par_1_35' title="bbox 225 1548 1015 1583">
     <span class='ocr_line' id='line_1_35' title="bbox 225 1548 1015 1583; baseline 0.001 -9"><span class='ocrx_word' id='word_1_218' title='bbox 225 1553 268 1575; x_wconf 75' lang='lat' dir='ltr'><strong>est</strong></span> <span class='ocrx_word' id='word_1_219' title='bbox 297 1553 379 1583; x_wconf 83' lang='lat' dir='ltr'><strong>atque</strong></span> <span class='ocrx_word' id='word_1_220' title='bbox 410 1548 565 1582; x_wconf 79' lang='lat' dir='ltr'><strong>professio!</strong></span> <span class='ocrx_word' id='word_1_221' title='bbox 583 1555 613 1575; x_wconf 82' lang='lat' dir='ltr'><strong>ut</strong></span> <span class='ocrx_word' id='word_1_222' title='bbox 639 1556 671 1576; x_wconf 84' lang='lat' dir='ltr'><strong>ex</strong></span> <span class='ocrx_word' id='word_1_223' title='bbox 694 1549 846 1576; x_wconf 87' lang='lat' dir='ltr'><strong>obedientia</strong></span> <span class='ocrx_word' id='word_1_224' title='bbox 866 1549 1015 1575; x_wconf 85' lang='lat' dir='ltr'><strong>mercedem</strong></span> 
     </span>
    </p>
   </div>
   <div class='ocr_carea' id='block_1_36' title="bbox 226 1594 1013 1630">
    <p class='ocr_par' dir='ltr' id='par_1_36' title="bbox 226 1594 1013 1630">
     <span class='ocr_line' id='line_1_36' title="bbox 226 1594 1013 1630; baseline 0.003 -10"><span class='ocrx_word' id='word_1_225' title='bbox 226 1594 348 1630; x_wconf 75' lang='lat' dir='ltr'><strong>colligas,</strong></span> <span class='ocrx_word' id='word_1_226' title='bbox 366 1599 393 1621; x_wconf 84' lang='lat' dir='ltr'><strong>et</strong></span> <span class='ocrx_word' id='word_1_227' title='bbox 404 1595 555 1629; x_wconf 66' lang='lat' dir='ltr'><strong>praeposita:</strong></span> <span class='ocrx_word' id='word_1_228' title='bbox 570 1595 745 1622; x_wconf 81' lang='lat' dir='ltr'><strong>securitatem</strong></span> <span class='ocrx_word' id='word_1_229' title='bbox 771 1600 891 1630; x_wconf 65' lang='lat' dir='ltr'><strong>prmstes.</strong></span> <span class='ocrx_word' id='word_1_230' title='bbox 910 1594 1013 1628; x_wconf 84' lang='lat' dir='ltr'><strong>Gaude,</strong></span> 
     </span>
    </p>
   </div>
   <div class='ocr_carea' id='block_1_37' title="bbox 1057 356 1842 392">
    <p class='ocr_par' dir='ltr' id='par_1_37' title="bbox 1057 356 1842 392">
     <span class='ocr_line' id='line_1_37' title="bbox 1057 356 1842 392; baseline 0.001 -9"><span class='ocrx_word' id='word_1_231' title='bbox 1057 356 1186 388; x_wconf 77' lang='grc' dir='ltr'><strong>εὐσεϐοῦς</strong></span> <span class='ocrx_word' id='word_1_232' title='bbox 1211 357 1288 392; x_wconf 81' lang='grc' dir='ltr'>ὑμῶν</span> <span class='ocrx_word' id='word_1_233' title='bbox 1309 357 1378 392; x_wconf 80' lang='grc' dir='ltr'>πρὸς</span> <span class='ocrx_word' id='word_1_234' title='bbox 1403 358 1451 392; x_wconf 82' lang='grc' dir='ltr'><strong>τὴν</strong></span> <span class='ocrx_word' id='word_1_235' title='bbox 1475 358 1640 384; x_wconf 78' lang='grc' dir='ltr'><strong>ταπείνωσιν</strong></span> <span class='ocrx_word' id='word_1_236' title='bbox 1654 357 1733 392; x_wconf 82' lang='grc' dir='ltr'>ἡμῶν</span> <span class='ocrx_word' id='word_1_237' title='bbox 1753 357 1842 384; x_wconf 76' lang='grc' dir='ltr'>διαθέ-</span> 
     </span>
    </p>
   </div>
   <div class='ocr_carea' id='block_1_38' title="bbox 1058 403 1843 439">
    <p class='ocr_par' dir='ltr' id='par_1_38' title="bbox 1058 403 1843 439">
     <span class='ocr_line' id='line_1_38' title="bbox 1058 403 1843 439; baseline 0 -9"><span class='ocrx_word' id='word_1_238' title='bbox 1058 412 1126 436; x_wconf 80' lang='grc' dir='ltr'>σεως</span> <span class='ocrx_word' id='word_1_239' title='bbox 1151 404 1314 439; x_wconf 77' lang='grc' dir='ltr'>εἰλήφαμεν,</span> <span class='ocrx_word' id='word_1_240' title='bbox 1341 404 1389 431; x_wconf 82' lang='grc' dir='ltr'><strong>νῦν</strong></span> <span class='ocrx_word' id='word_1_241' title='bbox 1414 404 1442 430; x_wconf 80' lang='grc' dir='ltr'><strong>δὲ</strong></span> <span class='ocrx_word' id='word_1_242' title='bbox 1468 404 1515 430; x_wconf 73' lang='grc' dir='ltr'><strong>καὶ</strong></span> <span class='ocrx_word' id='word_1_243' title='bbox 1541 404 1629 439; x_wconf 78' lang='grc' dir='ltr'>μάλα”</span> <span class='ocrx_word' id='word_1_244' title='bbox 1647 403 1684 435; x_wconf 82' lang='grc' dir='ltr'><strong>ὡς</strong></span> <span class='ocrx_word' id='word_1_245' title='bbox 1714 404 1843 438; x_wconf 73' lang='grc' dir='ltr'>ἐκστῆναι</span> 
     </span>
    </p>
   </div>
   <div class='ocr_carea' id='block_1_39' title="bbox 1056 450 1843 486">
    <p class='ocr_par' dir='ltr' id='par_1_39' title="bbox 1056 450 1843 486">
     <span class='ocr_line' id='line_1_39' title="bbox 1056 450 1843 486; baseline -0.001 -10"><span class='ocrx_word' id='word_1_246' title='bbox 1056 450 1130 485; x_wconf 83' lang='grc' dir='ltr'><strong>ἡμᾶς</strong></span> <span class='ocrx_word' id='word_1_247' title='bbox 1138 450 1177 486; x_wconf 86' lang='grc' dir='ltr'>τῷ</span> <span class='ocrx_word' id='word_1_248' title='bbox 1190 450 1256 481; x_wconf 79' lang='grc' dir='ltr'>ὄντι,</span> <span class='ocrx_word' id='word_1_249' title='bbox 1268 450 1461 482; x_wconf 76' lang='grc' dir='ltr'>διαὸλέποντοις</span> <span class='ocrx_word' id='word_1_250' title='bbox 1471 451 1520 481; x_wconf 74' lang='grc' dir='ltr'><strong>τὰς</strong></span> <span class='ocrx_word' id='word_1_251' title='bbox 1531 450 1635 485; x_wconf 82' lang='grc' dir='ltr'>δωρεὰς</span> <span class='ocrx_word' id='word_1_252' title='bbox 1647 450 1733 485; x_wconf 78' lang='grc' dir='ltr'>ὑμῶν,</span> <span class='ocrx_word' id='word_1_253' title='bbox 1747 450 1843 476; x_wconf 80' lang='grc' dir='ltr'><strong>ὁπόσαι</strong></span> 
     </span>
    </p>
   </div>
   <div class='ocr_carea' id='block_1_40' title="bbox 1057 495 1843 532">
    <p class='ocr_par' dir='ltr' id='par_1_40' title="bbox 1057 495 1843 532">
     <span class='ocr_line' id='line_1_40' title="bbox 1057 495 1843 532; baseline -0.004 -8"><span class='ocrx_word' id='word_1_254' title='bbox 1057 497 1103 524; x_wconf 72' lang='grc' dir='ltr'><strong>καὶ</strong></span> <span class='ocrx_word' id='word_1_255' title='bbox 1126 497 1238 532; x_wconf 75' lang='grc' dir='ltr'>ἡλίκαι·</span> <span class='ocrx_word' id='word_1_256' title='bbox 1269 496 1363 523; x_wconf 78' lang='grc' dir='ltr'>ἔπειτα</span> <span class='ocrx_word' id='word_1_257' title='bbox 1389 496 1436 522; x_wconf 72' lang='grc' dir='ltr'><strong>καὶ</strong></span> <span class='ocrx_word' id='word_1_258' title='bbox 1464 495 1667 530; x_wconf 77' lang='grc' dir='ltr'><strong>ἐκδιδαχθέντες</strong></span> <span class='ocrx_word' id='word_1_259' title='bbox 1693 496 1768 530; x_wconf 70' lang='grc' dir='ltr'><strong>παρὰ</strong></span> <span class='ocrx_word' id='word_1_260' title='bbox 1795 495 1843 521; x_wconf 78' lang='grc' dir='ltr'><strong>τοῦ</strong></span> 
     </span>
    </p>
   </div>
   <div class='ocr_carea' id='block_1_41' title="bbox 1057 539 1845 577">
    <p class='ocr_par' dir='ltr' id='par_1_41' title="bbox 1057 539 1845 577">
     <span class='ocr_line' id='line_1_41' title="bbox 1057 539 1845 577; baseline -0.003 -9"><span class='ocrx_word' id='word_1_261' title='bbox 1057 542 1295 577; x_wconf 78' lang='grc' dir='ltr'><strong>γραμματηφόροι)</strong></span> <span class='ocrx_word' id='word_1_262' title='bbox 1318 541 1429 576; x_wconf 73' lang='grc' dir='ltr'>αὑτοψεὶ</span> <span class='ocrx_word' id='word_1_263' title='bbox 1451 540 1645 576; x_wconf 82' lang='grc' dir='ltr'>ὑπειληφότος,</span> <span class='ocrx_word' id='word_1_264' title='bbox 1661 541 1709 575; x_wconf 81' lang='grc' dir='ltr'><strong>ὅση</strong></span> <span class='ocrx_word' id='word_1_265' title='bbox 1727 541 1743 575; x_wconf 86' lang='grc' dir='ltr'>ἡ</span> <span class='ocrx_word' id='word_1_266' title='bbox 1760 539 1845 574; x_wconf 84' lang='grc' dir='ltr'>φειδὼ</span> 
     </span>
    </p>
   </div>
   <div class='ocr_carea' id='block_1_42' title="bbox 1058 586 1844 622">
    <p class='ocr_par' dir='ltr' id='par_1_42' title="bbox 1058 586 1844 622">
     <span class='ocr_line' id='line_1_42' title="bbox 1058 586 1844 622; baseline -0.001 -9"><span class='ocrx_word' id='word_1_267' title='bbox 1058 587 1106 614; x_wconf 79' lang='grc' dir='ltr'><strong>καὶ</strong></span> <span class='ocrx_word' id='word_1_268' title='bbox 1126 588 1143 622; x_wconf 89' lang='grc' dir='ltr'>ἠ</span> <span class='ocrx_word' id='word_1_269' title='bbox 1167 587 1278 622; x_wconf 76' lang='grc' dir='ltr'>φροντὶς</span> <span class='ocrx_word' id='word_1_270' title='bbox 1299 587 1437 621; x_wconf 76' lang='grc' dir='ltr'><strong>περίεστιν</strong></span> <span class='ocrx_word' id='word_1_271' title='bbox 1462 587 1544 621; x_wconf 84' lang='grc' dir='ltr'>ὑμῖν·</span> <span class='ocrx_word' id='word_1_272' title='bbox 1566 587 1661 618; x_wconf 75' lang='grc' dir='ltr'>ἐλεεῖν,</span> <span class='ocrx_word' id='word_1_273' title='bbox 1688 586 1844 621; x_wconf 76' lang='grc' dir='ltr'><strong>οἰκτείρειν,</strong></span> 
     </span>
    </p>
   </div>
   <div class='ocr_carea' id='block_1_43' title="bbox 1058 631 1845 668">
    <p class='ocr_par' dir='ltr' id='par_1_43' title="bbox 1058 631 1845 668">
     <span class='ocr_line' id='line_1_43' title="bbox 1058 631 1845 668; baseline -0.001 -10"><span class='ocrx_word' id='word_1_274' title='bbox 1058 633 1178 668; x_wconf 79' lang='grc' dir='ltr'><strong>τρέφειν,</strong></span> <span class='ocrx_word' id='word_1_275' title='bbox 1195 632 1325 664; x_wconf 68' lang='grc' dir='ltr'>ποτίζειν,</span> <span class='ocrx_word' id='word_1_276' title='bbox 1344 631 1524 658; x_wconf 79' lang='grc' dir='ltr'><strong>ὲνδιδύσκειν”</strong></span> <span class='ocrx_word' id='word_1_277' title='bbox 1535 631 1562 658; x_wconf 86' lang='grc' dir='ltr'><strong>εἴ</strong></span> <span class='ocrx_word' id='word_1_278' title='bbox 1572 640 1597 658; x_wconf 87' lang='grc' dir='ltr'>τι</span> <span class='ocrx_word' id='word_1_279' title='bbox 1612 631 1676 658; x_wconf 81' lang='grc' dir='ltr'>ἄλλο</span> <span class='ocrx_word' id='word_1_280' title='bbox 1692 631 1845 665; x_wconf 78' lang='grc' dir='ltr'><strong>ἐπιτήδειον</strong></span> 
     </span>
    </p>
   </div>
   <div class='ocr_carea' id='block_1_44' title="bbox 1059 677 1843 713">
    <p class='ocr_par' dir='ltr' id='par_1_44' title="bbox 1059 677 1843 713">
     <span class='ocr_line' id='line_1_44' title="bbox 1059 677 1843 713; baseline -0.003 -9"><span class='ocrx_word' id='word_1_281' title='bbox 1059 678 1132 713; x_wconf 79' lang='grc' dir='ltr'>ζωῆς</span> <span class='ocrx_word' id='word_1_282' title='bbox 1147 679 1186 710; x_wconf 87' lang='grc' dir='ltr'><strong>εἰς</strong></span> <span class='ocrx_word' id='word_1_283' title='bbox 1207 678 1255 712; x_wconf 86' lang='grc' dir='ltr'>τὴν</span> <span class='ocrx_word' id='word_1_284' title='bbox 1278 678 1416 704; x_wconf 83' lang='grc' dir='ltr'>εὐτέλειαν</span> <span class='ocrx_word' id='word_1_285' title='bbox 1431 677 1510 713; x_wconf 81' lang='grc' dir='ltr'>ήμῶν</span> <span class='ocrx_word' id='word_1_286' title='bbox 1531 678 1723 712; x_wconf 83' lang='grc' dir='ltr'><strong>ὲπειγομέναις</strong></span> <span class='ocrx_word' id='word_1_287' title='bbox 1739 678 1843 704; x_wconf 78' lang='grc' dir='ltr'><strong>ποιεῖν·</strong></span> 
     </span>
    </p>
   </div>
   <div class='ocr_carea' id='block_1_45' title="bbox 1059 720 1847 759">
    <p class='ocr_par' dir='ltr' id='par_1_45' title="bbox 1059 720 1847 759">
     <span class='ocr_line' id='line_1_45' title="bbox 1059 720 1847 759; baseline -0.004 -8"><span class='ocrx_word' id='word_1_288' title='bbox 1059 725 1106 751; x_wconf 76' lang='grc' dir='ltr'><strong>καὶ</strong></span> <span class='ocrx_word' id='word_1_289' title='bbox 1126 724 1306 759; x_wconf 70' lang='grc' dir='ltr'><strong>ὲκζητούσαις</strong></span> <span class='ocrx_word' id='word_1_290' title='bbox 1321 724 1417 758; x_wconf 82' lang='grc' dir='ltr'><strong>μαθεῖν</strong></span> <span class='ocrx_word' id='word_1_291' title='bbox 1432 725 1472 754; x_wconf 79' lang='grc' dir='ltr'>είς</span> <span class='ocrx_word' id='word_1_292' title='bbox 1492 723 1522 750; x_wconf 74' lang='grc' dir='ltr'><strong>τὸ</strong></span> <span class='ocrx_word' id='word_1_293' title='bbox 1538 724 1634 749; x_wconf 86' lang='grc' dir='ltr'>τελεῖν.</span> <span class='ocrx_word' id='word_1_294' title='bbox 1649 721 1722 758; x_wconf 71' lang='grc' dir='ltr'>Ἀρα</span> <span class='ocrx_word' id='word_1_295' title='bbox 1738 720 1786 749; x_wconf 72' lang='grc' dir='ltr'>οὖν</span> <span class='ocrx_word' id='word_1_296' title='bbox 1796 723 1847 749; x_wconf 76' lang='grc' dir='ltr'><strong>οὐκ</strong></span> 
     </span>
    </p>
   </div>
   <div class='ocr_carea' id='block_1_46' title="bbox 1059 768 1847 805">
    <p class='ocr_par' dir='ltr' id='par_1_46' title="bbox 1059 768 1847 805">
     <span class='ocr_line' id='line_1_46' title="bbox 1059 768 1847 805; baseline -0.003 -9"><span class='ocrx_word' id='word_1_297' title='bbox 1059 770 1170 801; x_wconf 75' lang='grc' dir='ltr'>εἰκότως</span> <span class='ocrx_word' id='word_1_298' title='bbox 1180 771 1352 805; x_wconf 73' lang='grc' dir='ltr'><strong>εὐχαριστεῖν</strong></span> <span class='ocrx_word' id='word_1_299' title='bbox 1367 778 1401 804; x_wconf 84' lang='grc' dir='ltr'>με</span> <span class='ocrx_word' id='word_1_300' title='bbox 1413 769 1486 797; x_wconf 78' lang='grc' dir='ltr'>ἐστιν</span> <span class='ocrx_word' id='word_1_301' title='bbox 1503 770 1532 796; x_wconf 81' lang='grc' dir='ltr'>ἐν</span> <span class='ocrx_word' id='word_1_302' title='bbox 1546 769 1650 800; x_wconf 78' lang='grc' dir='ltr'><strong>τούτοις</strong></span> <span class='ocrx_word' id='word_1_303' title='bbox 1663 769 1701 804; x_wconf 81' lang='grc' dir='ltr'><strong>τῷ</strong></span> <span class='ocrx_word' id='word_1_304' title='bbox 1713 768 1782 804; x_wconf 84' lang='grc' dir='ltr'>Θεῷ,</span> <span class='ocrx_word' id='word_1_305' title='bbox 1795 778 1847 803; x_wconf 75' lang='grc' dir='ltr'><strong>μη-</strong></span> 
     </span>
    </p>
   </div>
   <div class='ocr_carea' id='block_1_47' title="bbox 1059 813 1847 851">
    <p class='ocr_par' dir='ltr' id='par_1_47' title="bbox 1059 813 1847 851">
     <span class='ocr_line' id='line_1_47' title="bbox 1059 813 1847 851; baseline -0.001 -9"><span class='ocrx_word' id='word_1_306' title='bbox 1059 817 1140 851; x_wconf 76' lang='grc' dir='ltr'>τέρας</span> <span class='ocrx_word' id='word_1_307' title='bbox 1157 817 1293 851; x_wconf 73' lang='grc' dir='ltr'><strong>εὑρηκότα</strong></span> <span class='ocrx_word' id='word_1_308' title='bbox 1308 816 1355 842; x_wconf 78' lang='grc' dir='ltr'><strong>καὶ</strong></span> <span class='ocrx_word' id='word_1_309' title='bbox 1371 815 1488 850; x_wconf 78' lang='grc' dir='ltr'>ἀδελφὰς</span> <span class='ocrx_word' id='word_1_310' title='bbox 1503 815 1708 850; x_wconf 76' lang='grc' dir='ltr'>πνευματικας;</span> <span class='ocrx_word' id='word_1_311' title='bbox 1727 813 1782 849; x_wconf 83' lang='grc' dir='ltr'>ἆρα</span> <span class='ocrx_word' id='word_1_312' title='bbox 1796 815 1847 841; x_wconf 77' lang='grc' dir='ltr'><strong>οὐκ</strong></span> 
     </span>
    </p>
   </div>
   <div class='ocr_carea' id='block_1_48' title="bbox 1060 863 1847 900">
    <p class='ocr_par' dir='ltr' id='par_1_48' title="bbox 1060 863 1847 900">
     <span class='ocr_line' id='line_1_48' title="bbox 1060 863 1847 900; baseline -0.003 -10"><span class='ocrx_word' id='word_1_313' title='bbox 1060 864 1242 898; x_wconf 77' lang='grc' dir='ltr'>ὀφειλομένως</span> <span class='ocrx_word' id='word_1_314' title='bbox 1255 863 1359 900; x_wconf 82' lang='grc' dir='ltr'><strong>πρέπον</strong></span> <span class='ocrx_word' id='word_1_315' title='bbox 1378 873 1422 899; x_wconf 93' lang='grc' dir='ltr'>μοι</span> <span class='ocrx_word' id='word_1_316' title='bbox 1438 863 1538 898; x_wconf 77' lang='grc' dir='ltr'>ὕμνους</span> <span class='ocrx_word' id='word_1_317' title='bbox 1556 863 1620 898; x_wconf 85' lang='grc' dir='ltr'>ὑμῖν</span> <span class='ocrx_word' id='word_1_318' title='bbox 1637 863 1784 894; x_wconf 80' lang='grc' dir='ltr'>ἀναθεῖναι,</span> <span class='ocrx_word' id='word_1_319' title='bbox 1800 863 1847 889; x_wconf 80' lang='grc' dir='ltr'><strong>ὲκ-</strong></span> 
     </span>
    </p>
   </div>
   <div class='ocr_carea' id='block_1_49' title="bbox 1061 908 1848 945">
    <p class='ocr_par' dir='ltr' id='par_1_49' title="bbox 1061 908 1848 945">
     <span class='ocr_line' id='line_1_49' title="bbox 1061 908 1848 945; baseline -0.003 -9"><span class='ocrx_word' id='word_1_320' title='bbox 1061 908 1205 944; x_wconf 76' lang='grc' dir='ltr'><strong>ζητούσαις</strong></span> <span class='ocrx_word' id='word_1_321' title='bbox 1229 909 1295 936; x_wconf 83' lang='grc' dir='ltr'>Θεὸν</span> <span class='ocrx_word' id='word_1_322' title='bbox 1306 908 1486 945; x_wconf 74' lang='grc' dir='ltr'>ὁλοκαρδίως;</span> <span class='ocrx_word' id='word_1_323' title='bbox 1506 909 1637 943; x_wconf 80' lang='grc' dir='ltr'><strong>Χαίρετε,</strong></span> <span class='ocrx_word' id='word_1_324' title='bbox 1659 909 1776 944; x_wconf 77' lang='grc' dir='ltr'><strong>μητέρες</strong></span> <span class='ocrx_word' id='word_1_325' title='bbox 1799 909 1848 934; x_wconf 74' lang='grc' dir='ltr'>καὶ</span> 
     </span>
    </p>
   </div>
   <div class='ocr_carea' id='block_1_50' title="bbox 1061 954 1846 990">
    <p class='ocr_par' dir='ltr' id='par_1_50' title="bbox 1061 954 1846 990">
     <span class='ocr_line' id='line_1_50' title="bbox 1061 954 1846 990; baseline -0.004 -9"><span class='ocrx_word' id='word_1_326' title='bbox 1061 955 1211 990; x_wconf 77' lang='grc' dir='ltr'><strong>Θυγατέρες</strong></span> <span class='ocrx_word' id='word_1_327' title='bbox 1240 957 1269 981; x_wconf 84' lang='grc' dir='ltr'>ἐν</span> <span class='ocrx_word' id='word_1_328' title='bbox 1296 956 1401 990; x_wconf 64' lang='grc' dir='ltr'>Κυρίιεγ</span> <span class='ocrx_word' id='word_1_329' title='bbox 1427 955 1552 990; x_wconf 82' lang='grc' dir='ltr'>χαίρετε,</span> <span class='ocrx_word' id='word_1_330' title='bbox 1576 955 1763 990; x_wconf 80' lang='grc' dir='ltr'>φιλεργάτιδες</span> <span class='ocrx_word' id='word_1_331' title='bbox 1791 954 1846 980; x_wconf 84' lang='grc' dir='ltr'><strong>τῶν</strong></span> 
     </span>
    </p>
   </div>
   <div class='ocr_carea' id='block_1_51' title="bbox 1061 999 1846 1036">
    <p class='ocr_par' dir='ltr' id='par_1_51' title="bbox 1061 999 1846 1036">
     <span class='ocr_line' id='line_1_51' title="bbox 1061 999 1846 1036; baseline -0.001 -9"><span class='ocrx_word' id='word_1_332' title='bbox 1061 1001 1247 1034; x_wconf 75' lang='grc' dir='ltr'>εὗαγγελικῶν</span> <span class='ocrx_word' id='word_1_333' title='bbox 1273 1001 1503 1036; x_wconf 83' lang='grc' dir='ltr'>προσταγμάτων.</span> <span class='ocrx_word' id='word_1_334' title='bbox 1532 1000 1664 1036; x_wconf 79' lang='grc' dir='ltr'><strong>Χαίρετε,</strong></span> <span class='ocrx_word' id='word_1_335' title='bbox 1692 1000 1772 1036; x_wconf 86' lang='grc' dir='ltr'>κρίνα</span> <span class='ocrx_word' id='word_1_336' title='bbox 1799 999 1846 1026; x_wconf 71' lang='grc' dir='ltr'>τοῦ</span> 
     </span>
    </p>
   </div>
   <div class='ocr_carea' id='block_1_52' title="bbox 1061 1045 1848 1081">
    <p class='ocr_par' dir='ltr' id='par_1_52' title="bbox 1061 1045 1848 1081">
     <span class='ocr_line' id='line_1_52' title="bbox 1061 1045 1848 1081; baseline 0 -9"><span class='ocrx_word' id='word_1_337' title='bbox 1061 1045 1146 1080; x_wconf 80' lang='grc' dir='ltr'>ἀγροῦ</span> <span class='ocrx_word' id='word_1_338' title='bbox 1158 1045 1203 1072; x_wconf 85' lang='grc' dir='ltr'>τοῦ</span> <span class='ocrx_word' id='word_1_339' title='bbox 1219 1045 1330 1081; x_wconf 76' lang='grc' dir='ltr'>νοητοῦ,</span> <span class='ocrx_word' id='word_1_340' title='bbox 1346 1047 1375 1072; x_wconf 85' lang='grc' dir='ltr'>ὲν</span> <span class='ocrx_word' id='word_1_341' title='bbox 1393 1046 1467 1081; x_wconf 84' lang='grc' dir='ltr'><strong>μέσῳ</strong></span> <span class='ocrx_word' id='word_1_342' title='bbox 1485 1045 1609 1072; x_wconf 81' lang='grc' dir='ltr'>ἀκανοῶν</span> <span class='ocrx_word' id='word_1_343' title='bbox 1623 1047 1759 1081; x_wconf 75' lang='grc' dir='ltr'><strong>ὲνειμέναι</strong></span> <span class='ocrx_word' id='word_1_344' title='bbox 1776 1046 1848 1072; x_wconf 78' lang='grc' dir='ltr'><strong>κατᾶ</strong></span> 
     </span>
    </p>
   </div>
   <div class='ocr_carea' id='block_1_53' title="bbox 1060 1091 1847 1127">
    <p class='ocr_par' dir='ltr' id='par_1_53' title="bbox 1060 1091 1847 1127">
     <span class='ocr_line' id='line_1_53' title="bbox 1060 1091 1847 1127; baseline -0.001 -10"><span class='ocrx_word' id='word_1_345' title='bbox 1060 1092 1141 1117; x_wconf 77' lang='grc' dir='ltr'>τόπον</span> <span class='ocrx_word' id='word_1_346' title='bbox 1152 1100 1158 1106; x_wconf 92' lang='grc'>·</span> <span class='ocrx_word' id='word_1_347' title='bbox 1173 1091 1243 1118; x_wconf 81' lang='grc' dir='ltr'>κατὰ</span> <span class='ocrx_word' id='word_1_348' title='bbox 1263 1091 1291 1118; x_wconf 83' lang='grc' dir='ltr'>δὲ</span> <span class='ocrx_word' id='word_1_349' title='bbox 1303 1091 1415 1126; x_wconf 81' lang='grc' dir='ltr'><strong>τρόπον,</strong></span> <span class='ocrx_word' id='word_1_350' title='bbox 1433 1093 1483 1127; x_wconf 81' lang='grc' dir='ltr'>τῆς</span> <span class='ocrx_word' id='word_1_351' title='bbox 1496 1092 1636 1126; x_wconf 82' lang='grc' dir='ltr'>αἱρετικῆς</span> <span class='ocrx_word' id='word_1_352' title='bbox 1666 1091 1847 1123; x_wconf 79' lang='grc' dir='ltr'>ἁκανθὼσεως</span> 
     </span>
    </p>
   </div>
   <div class='ocr_carea' id='block_1_54' title="bbox 1061 1137 1849 1175">
    <p class='ocr_par' dir='ltr' id='par_1_54' title="bbox 1061 1137 1849 1175">
     <span class='ocr_line' id='line_1_54' title="bbox 1061 1137 1849 1175; baseline 0 -12"><span class='ocrx_word' id='word_1_353' title='bbox 1061 1137 1230 1173; x_wconf 63' lang='grc' dir='ltr'>πορρωτέρω</span> <span class='ocrx_word' id='word_1_354' title='bbox 1258 1137 1380 1175; x_wconf 78' lang='grc' dir='ltr'>θέουσαι.</span> <span class='ocrx_word' id='word_1_355' title='bbox 1405 1138 1534 1173; x_wconf 78' lang='grc' dir='ltr'>Χαίρετε,</span> <span class='ocrx_word' id='word_1_356' title='bbox 1554 1139 1571 1173; x_wconf 82' lang='grc' dir='ltr'>ὴ</span> <span class='ocrx_word' id='word_1_357' title='bbox 1599 1138 1668 1173; x_wconf 80' lang='grc' dir='ltr'>καλὴ</span> <span class='ocrx_word' id='word_1_358' title='bbox 1687 1138 1802 1172; x_wconf 75' lang='grc' dir='ltr'>ξυνωρὶς</span> <span class='ocrx_word' id='word_1_359' title='bbox 1819 1138 1849 1163; x_wconf 77' lang='grc' dir='ltr'>ἐν</span> 
     </span>
    </p>
   </div>
   <div class='ocr_carea' id='block_1_55' title="bbox 1060 1184 1849 1220">
    <p class='ocr_par' dir='ltr' id='par_1_55' title="bbox 1060 1184 1849 1220">
     <span class='ocr_line' id='line_1_55' title="bbox 1060 1184 1849 1220; baseline 0 -10"><span class='ocrx_word' id='word_1_360' title='bbox 1060 1184 1190 1220; x_wconf 72' lang='grc' dir='ltr'>ἀλλήλαις</span> <span class='ocrx_word' id='word_1_361' title='bbox 1204 1185 1344 1219; x_wconf 75' lang='grc' dir='ltr'><strong>ἐχόμεναι,</strong></span> <span class='ocrx_word' id='word_1_362' title='bbox 1364 1185 1411 1210; x_wconf 78' lang='grc' dir='ltr'><strong>καὶ</strong></span> <span class='ocrx_word' id='word_1_363' title='bbox 1428 1184 1463 1210; x_wconf 78' lang='grc' dir='ltr'><strong>δι’</strong></span> <span class='ocrx_word' id='word_1_364' title='bbox 1480 1184 1602 1220; x_wconf 81' lang='grc' dir='ltr'>ἀλλήλων</span> <span class='ocrx_word' id='word_1_365' title='bbox 1617 1185 1684 1219; x_wconf 75' lang='grc' dir='ltr'>πρὸς</span> <span class='ocrx_word' id='word_1_366' title='bbox 1701 1184 1768 1210; x_wconf 70' lang='grc' dir='ltr'>Θεὸν</span> <span class='ocrx_word' id='word_1_367' title='bbox 1785 1193 1849 1210; x_wconf 83' lang='grc' dir='ltr'>συν-</span> 
     </span>
    </p>
   </div>
   <div class='ocr_carea' id='block_1_56' title="bbox 1060 1230 1850 1267">
    <p class='ocr_par' dir='ltr' id='par_1_56' title="bbox 1060 1230 1850 1267">
     <span class='ocr_line' id='line_1_56' title="bbox 1060 1230 1850 1267; baseline 0 -11"><span class='ocrx_word' id='word_1_368' title='bbox 1060 1230 1254 1265; x_wconf 79' lang='grc' dir='ltr'><strong>δεσμούμεναι.</strong></span> <span class='ocrx_word' id='word_1_369' title='bbox 1275 1231 1371 1265; x_wconf 83' lang='grc' dir='ltr'><strong>Ίῐλίκη</strong></span> <span class='ocrx_word' id='word_1_370' title='bbox 1385 1231 1462 1264; x_wconf 83' lang='grc' dir='ltr'>ὑμῶν</span> <span class='ocrx_word' id='word_1_371' title='bbox 1482 1232 1499 1265; x_wconf 83' lang='grc' dir='ltr'>ἡ</span> <span class='ocrx_word' id='word_1_372' title='bbox 1517 1231 1588 1258; x_wconf 78' lang='grc' dir='ltr'>κατὰ</span> <span class='ocrx_word' id='word_1_373' title='bbox 1603 1231 1669 1257; x_wconf 78' lang='grc' dir='ltr'><strong>Θεὸν</strong></span> <span class='ocrx_word' id='word_1_374' title='bbox 1686 1230 1799 1267; x_wconf 79' lang='grc' dir='ltr'>ὁμόνοια</span> <span class='ocrx_word' id='word_1_375' title='bbox 1811 1239 1817 1246; x_wconf 91' lang='grc'><strong>·</strong></span> <span class='ocrx_word' id='word_1_376' title='bbox 1832 1232 1850 1266; x_wconf 78' lang='grc' dir='ltr'><strong>ἡ</strong></span> 
     </span>
    </p>
   </div>
   <div class='ocr_carea' id='block_1_57' title="bbox 1060 1277 1680 1313">
    <p class='ocr_par' dir='ltr' id='par_1_57' title="bbox 1060 1277 1680 1313">
     <span class='ocr_line' id='line_1_57' title="bbox 1060 1277 1680 1313; baseline 0.002 -10"><span class='ocrx_word' id='word_1_377' title='bbox 1060 1277 1220 1313; x_wconf 82' lang='grc' dir='ltr'><strong>ἀγαπητικὴ</strong></span> <span class='ocrx_word' id='word_1_378' title='bbox 1234 1277 1356 1309; x_wconf 82' lang='grc' dir='ltr'><strong>σύνδεσις</strong></span> <span class='ocrx_word' id='word_1_379' title='bbox 1367 1285 1374 1292; x_wconf 86' lang='grc'>·</span> <span class='ocrx_word' id='word_1_380' title='bbox 1390 1278 1407 1313; x_wconf 86' lang='grc' dir='ltr'><strong>ἡ</strong></span> <span class='ocrx_word' id='word_1_381' title='bbox 1424 1277 1555 1313; x_wconf 84' lang='grc' dir='ltr'>μοναδικὴ</span> <span class='ocrx_word' id='word_1_382' title='bbox 1572 1277 1680 1312; x_wconf 77' lang='grc' dir='ltr'><strong>βίωσιςί</strong></span> 
     </span>
    </p>
   </div>
   <div class='ocr_carea' id='block_1_58' title="bbox 1097 1411 1852 1449">
    <p class='ocr_par' dir='ltr' id='par_1_58' title="bbox 1097 1411 1852 1449">
     <span class='ocr_line' id='line_1_58' title="bbox 1097 1411 1852 1449; baseline -0.004 -9"><span class='ocrx_word' id='word_1_383' title='bbox 1097 1415 1194 1449; x_wconf 80' lang='grc' dir='ltr'>Χαῖρε,</span> <span class='ocrx_word' id='word_1_384' title='bbox 1209 1414 1226 1449; x_wconf 83' lang='grc' dir='ltr'>ὴ</span> <span class='ocrx_word' id='word_1_385' title='bbox 1241 1413 1323 1449; x_wconf 89' lang='grc' dir='ltr'>κυρία</span> <span class='ocrx_word' id='word_1_386' title='bbox 1336 1413 1386 1447; x_wconf 75' lang='grc' dir='ltr'><strong>τῆς</strong></span> <span class='ocrx_word' id='word_1_387' title='bbox 1402 1413 1541 1448; x_wconf 86' lang='grc' dir='ltr'><strong>κυρίας·ή</strong></span> <span class='ocrx_word' id='word_1_388' title='bbox 1559 1413 1650 1447; x_wconf 76' lang='grc' dir='ltr'>μήτηρ</span> <span class='ocrx_word' id='word_1_389' title='bbox 1664 1411 1712 1445; x_wconf 73' lang='grc' dir='ltr'><strong>τῆς</strong></span> <span class='ocrx_word' id='word_1_390' title='bbox 1727 1411 1831 1446; x_wconf 70' lang='grc' dir='ltr'>μητρός</span> <span class='ocrx_word' id='word_1_391' title='bbox 1843 1418 1852 1427; x_wconf 79' lang='lat'>&#39;</span> 
     </span>
    </p>
   </div>
   <div class='ocr_carea' id='block_1_59' title="bbox 1064 1457 1855 1497">
    <p class='ocr_par' dir='ltr' id='par_1_59' title="bbox 1064 1457 1855 1497">
     <span class='ocr_line' id='line_1_59' title="bbox 1064 1457 1855 1497; baseline -0.008 -9"><span class='ocrx_word' id='word_1_392' title='bbox 1064 1462 1081 1497; x_wconf 82' lang='grc' dir='ltr'>ἡ</span> <span class='ocrx_word' id='word_1_393' title='bbox 1106 1459 1299 1494; x_wconf 77' lang='grc' dir='ltr'>καθηγουμένη</span> <span class='ocrx_word' id='word_1_394' title='bbox 1323 1459 1372 1494; x_wconf 81' lang='grc' dir='ltr'><strong>τῆς</strong></span> <span class='ocrx_word' id='word_1_395' title='bbox 1386 1458 1612 1493; x_wconf 81' lang='grc' dir='ltr'><strong>καθηγουμὲνης·</strong></span> <span class='ocrx_word' id='word_1_396' title='bbox 1638 1457 1706 1492; x_wconf 76' lang='grc' dir='ltr'>ὁμοῦ</span> <span class='ocrx_word' id='word_1_397' title='bbox 1731 1457 1781 1492; x_wconf 82' lang='grc' dir='ltr'><strong>μὲν</strong></span> <span class='ocrx_word' id='word_1_398' title='bbox 1803 1458 1855 1492; x_wconf 74' lang='grc' dir='ltr'><strong>ἄρ-</strong></span> 
     </span>
    </p>
   </div>
   <div class='ocr_carea' id='block_1_60' title="bbox 1065 1504 1854 1543">
    <p class='ocr_par' dir='ltr' id='par_1_60' title="bbox 1065 1504 1854 1543">
     <span class='ocr_line' id='line_1_60' title="bbox 1065 1504 1854 1543; baseline -0.006 -9"><span class='ocrx_word' id='word_1_399' title='bbox 1065 1516 1158 1543; x_wconf 81' lang='grc' dir='ltr'>χουσα,</span> <span class='ocrx_word' id='word_1_400' title='bbox 1173 1505 1242 1542; x_wconf 82' lang='grc' dir='ltr'>ὁμοῦ</span> <span class='ocrx_word' id='word_1_401' title='bbox 1257 1506 1285 1532; x_wconf 78' lang='grc' dir='ltr'><strong>δὲ</strong></span> <span class='ocrx_word' id='word_1_402' title='bbox 1301 1506 1348 1532; x_wconf 78' lang='grc' dir='ltr'>καὶ</span> <span class='ocrx_word' id='word_1_403' title='bbox 1361 1505 1512 1540; x_wconf 79' lang='grc' dir='ltr'>ἀρχομένη.</span> <span class='ocrx_word' id='word_1_404' title='bbox 1527 1505 1570 1535; x_wconf 80' lang='grc' dir='ltr'>Ὠς</span> <span class='ocrx_word' id='word_1_405' title='bbox 1589 1504 1658 1539; x_wconf 85' lang='grc' dir='ltr'>καλή</span> <span class='ocrx_word' id='word_1_406' title='bbox 1674 1512 1720 1530; x_wconf 89' lang='grc' dir='ltr'><strong>σου</strong></span> <span class='ocrx_word' id='word_1_407' title='bbox 1733 1504 1749 1539; x_wconf 81' lang='grc' dir='ltr'>ἡ</span> <span class='ocrx_word' id='word_1_408' title='bbox 1766 1505 1854 1538; x_wconf 81' lang='grc' dir='ltr'>ἐργα-</span> 
     </span>
    </p>
   </div>
   <div class='ocr_carea' id='block_1_61' title="bbox 1066 1548 1854 1584">
    <p class='ocr_par' dir='ltr' id='par_1_61' title="bbox 1066 1548 1854 1584">
     <span class='ocr_line' id='line_1_61' title="bbox 1066 1548 1854 1584; baseline -0.004 -8"><span class='ocrx_word' id='word_1_409' title='bbox 1066 1550 1111 1576; x_wconf 86' lang='grc' dir='ltr'>σία</span> <span class='ocrx_word' id='word_1_410' title='bbox 1133 1551 1179 1576; x_wconf 74' lang='grc' dir='ltr'>καὶ</span> <span class='ocrx_word' id='word_1_411' title='bbox 1205 1549 1235 1576; x_wconf 83' lang='grc' dir='ltr'><strong>τὸ</strong></span> <span class='ocrx_word' id='word_1_412' title='bbox 1257 1549 1442 1584; x_wconf 70' lang='grc' dir='ltr'><strong>ἐπιτήδευμα·</strong></span> <span class='ocrx_word' id='word_1_413' title='bbox 1458 1549 1504 1575; x_wconf 86' lang='grc' dir='ltr'>ἴνα</span> <span class='ocrx_word' id='word_1_414' title='bbox 1525 1549 1572 1575; x_wconf 76' lang='grc' dir='ltr'>καὶ</span> <span class='ocrx_word' id='word_1_415' title='bbox 1594 1549 1638 1574; x_wconf 70' lang='grc' dir='ltr'>τὸν</span> <span class='ocrx_word' id='word_1_416' title='bbox 1664 1548 1694 1579; x_wconf 73' lang='grc' dir='ltr'><strong>ἐξ</strong></span> <span class='ocrx_word' id='word_1_417' title='bbox 1712 1548 1854 1583; x_wconf 76' lang='grc' dir='ltr'><strong>ὑποταγῆς</strong></span> 
     </span>
    </p>
   </div>
   <div class='ocr_carea' id='block_1_62' title="bbox 1068 1593 1855 1631">
    <p class='ocr_par' dir='ltr' id='par_1_62' title="bbox 1068 1593 1855 1631">
     <span class='ocr_line' id='line_1_62' title="bbox 1068 1593 1855 1631; baseline -0.004 -10"><span class='ocrx_word' id='word_1_418' title='bbox 1068 1595 1163 1631; x_wconf 74' lang='grc' dir='ltr'>μισθὸν</span> <span class='ocrx_word' id='word_1_419' title='bbox 1184 1594 1298 1631; x_wconf 79' lang='grc' dir='ltr'><strong>ὲρανίζῃ</strong></span> <span class='ocrx_word' id='word_1_420' title='bbox 1311 1615 1317 1627; x_wconf 85' lang='grc'><strong>,</strong></span> <span class='ocrx_word' id='word_1_421' title='bbox 1341 1595 1387 1621; x_wconf 74' lang='grc' dir='ltr'>καὶ</span> <span class='ocrx_word' id='word_1_422' title='bbox 1409 1595 1443 1629; x_wconf 84' lang='grc' dir='ltr'>τῇ</span> <span class='ocrx_word' id='word_1_423' title='bbox 1463 1594 1621 1630; x_wconf 79' lang='grc' dir='ltr'>προεστώσῃ</span> <span class='ocrx_word' id='word_1_424' title='bbox 1646 1593 1782 1629; x_wconf 71' lang='grc' dir='ltr'>ἀσφαλείᾳ</span> <span class='ocrx_word' id='word_1_425' title='bbox 1799 1593 1855 1619; x_wconf 80' lang='grc' dir='ltr'><strong>ὑπ-</strong></span> 
     </span>
    </p>
   </div>
   <div class='ocr_carea' id='block_1_63' title="bbox 226 1640 1021 1688">
    <p class='ocr_par' dir='ltr' id='par_1_63' title="bbox 226 1641 1016 1685">
     <span class='ocr_line' id='line_1_63' title="bbox 226 1641 1016 1685; baseline 0 -17"><span class='ocrx_word' id='word_1_426' title='bbox 226 1646 283 1668; x_wconf 87' lang='grc' dir='ltr'>ιιιιιι</span> <span class='ocrx_word' id='word_1_427' title='bbox 302 1649 363 1676; x_wconf 64' lang='lat' dir='ltr'><strong>quae</strong></span> <span class='ocrx_word' id='word_1_428' title='bbox 390 1650 419 1668; x_wconf 84' lang='lat' dir='ltr'><strong>es</strong></span> <span class='ocrx_word' id='word_1_429' title='bbox 436 1641 579 1675; x_wconf 80' lang='lat' dir='ltr'><strong>magistra,</strong></span> <span class='ocrx_word' id='word_1_430' title='bbox 595 1646 651 1668; x_wconf 92' lang='lat' dir='ltr'><strong>tum</strong></span> <span class='ocrx_word' id='word_1_431' title='bbox 669 1649 729 1676; x_wconf 75' lang='lat' dir='ltr'><strong>qua:</strong></span> <span class='ocrx_word' id='word_1_432' title='bbox 744 1649 773 1669; x_wconf 80' lang='lat' dir='ltr'><strong>es</strong></span> <span class='ocrx_word' id='word_1_433' title='bbox 801 1641 909 1668; x_wconf 87' lang='lat' dir='ltr'><strong>subdita</strong></span> <span class='ocrx_word' id='word_1_434' title='bbox 929 1650 936 1668; x_wconf 87' lang='lat'><strong>:</strong></span> <span class='ocrx_word' id='word_1_435' title='bbox 957 1641 1016 1685; x_wconf 54' lang='lat' dir='ltr'><strong>illa,</strong></span> 
     </span>
    </p>
   </div>
   <div class='ocr_carea' id='block_1_64' title="bbox 1065 1640 1856 1688">
    <p class='ocr_par' dir='ltr' id='par_1_64' title="bbox 1072 1640 1856 1677">
     <span class='ocr_line' id='line_1_64' title="bbox 1072 1640 1856 1677; baseline -0.004 -8"><span class='ocrx_word' id='word_1_436' title='bbox 1072 1642 1169 1677; x_wconf 84' lang='grc' dir='ltr'>άρχῃς.</span> <span class='ocrx_word' id='word_1_437' title='bbox 1185 1642 1281 1676; x_wconf 80' lang='grc' dir='ltr'>Χαῖρε,</span> <span class='ocrx_word' id='word_1_438' title='bbox 1295 1641 1312 1676; x_wconf 85' lang='grc' dir='ltr'><strong>ή</strong></span> <span class='ocrx_word' id='word_1_439' title='bbox 1327 1641 1519 1676; x_wconf 73' lang='grc' dir='ltr'>καθηγουμένη</span> <span class='ocrx_word' id='word_1_440' title='bbox 1530 1641 1576 1667; x_wconf 77' lang='grc' dir='ltr'><strong>καὶ</strong></span> <span class='ocrx_word' id='word_1_441' title='bbox 1589 1640 1808 1675; x_wconf 65' lang='grc' dir='ltr'><strong>ὑποτασσομένηδ</strong></span> <span class='ocrx_word' id='word_1_442' title='bbox 1823 1640 1856 1666; x_wconf 81' lang='grc' dir='ltr'>τὺ</span> 
     </span>
    </p>
   </div>
   <div class='ocr_carea' id='block_1_65' title="bbox 226 1687 1017 1722">
    <p class='ocr_par' dir='ltr' id='par_1_65' title="bbox 226 1687 1017 1722">
     <span class='ocr_line' id='line_1_65' title="bbox 226 1687 1017 1722; baseline 0.001 -8"><span class='ocrx_word' id='word_1_443' title='bbox 226 1688 298 1722; x_wconf 91' lang='lat' dir='ltr'><strong>quod</strong></span> <span class='ocrx_word' id='word_1_444' title='bbox 315 1687 437 1722; x_wconf 86' lang='lat' dir='ltr'><strong>pluribus</strong></span> <span class='ocrx_word' id='word_1_445' title='bbox 463 1695 546 1722; x_wconf 72' lang='lat' dir='ltr'><strong>prwes</strong></span> <span class='ocrx_word' id='word_1_446' title='bbox 561 1695 568 1720; x_wconf 90' lang='lat'><strong>;</strong></span> <span class='ocrx_word' id='word_1_447' title='bbox 585 1688 646 1719; x_wconf 87' lang='lat' dir='ltr'><strong>ista,</strong></span> <span class='ocrx_word' id='word_1_448' title='bbox 677 1688 748 1722; x_wconf 88' lang='lat' dir='ltr'><strong>quod</strong></span> <span class='ocrx_word' id='word_1_449' title='bbox 766 1688 812 1714; x_wconf 91' lang='lat' dir='ltr'><strong>uni</strong></span> <span class='ocrx_word' id='word_1_450' title='bbox 839 1695 926 1722; x_wconf 86' lang='lat' dir='ltr'><strong>pares.</strong></span> <span class='ocrx_word' id='word_1_451' title='bbox 942 1687 1017 1715; x_wconf 78' lang='lat' dir='ltr'><strong>Felix</strong></span> 
     </span>
    </p>
   </div>
   <div class='ocr_carea' id='block_1_66' title="bbox 227 1734 1016 1768">
    <p class='ocr_par' dir='ltr' id='par_1_66' title="bbox 227 1734 1016 1768">
     <span class='ocr_line' id='line_1_66' title="bbox 227 1734 1016 1768; baseline 0.001 -8"><span class='ocrx_word' id='word_1_452' title='bbox 227 1734 370 1768; x_wconf 87' lang='lat' dir='ltr'><strong>prudentia</strong></span> <span class='ocrx_word' id='word_1_453' title='bbox 386 1739 443 1765; x_wconf 84' lang='lat' dir='ltr'><strong>tua.</strong></span> <span class='ocrx_word' id='word_1_454' title='bbox 457 1735 514 1761; x_wconf 74' lang='lat' dir='ltr'><strong>sive</strong></span> <span class='ocrx_word' id='word_1_455' title='bbox 528 1741 590 1768; x_wconf 64' lang='lat' dir='ltr'><strong>qua:</strong></span> <span class='ocrx_word' id='word_1_456' title='bbox 616 1734 698 1768; x_wconf 78' lang='lat' dir='ltr'><strong>regis.</strong></span> <span class='ocrx_word' id='word_1_457' title='bbox 731 1734 788 1760; x_wconf 86' lang='lat' dir='ltr'><strong>sive</strong></span> <span class='ocrx_word' id='word_1_458' title='bbox 807 1742 867 1768; x_wconf 72' lang='lat' dir='ltr'><strong>quae</strong></span> <span class='ocrx_word' id='word_1_459' title='bbox 896 1734 997 1768; x_wconf 70' lang='lat' dir='ltr'><strong>rogeris</strong></span> <span class='ocrx_word' id='word_1_460' title='bbox 1009 1753 1016 1767; x_wconf 89' lang='lat'><strong>,</strong></span> 
     </span>
    </p>
   </div>
   <div class='ocr_carea' id='block_1_67' title="bbox 226 1778 1016 1814">
    <p class='ocr_par' dir='ltr' id='par_1_67' title="bbox 226 1778 1016 1814">
     <span class='ocr_line' id='line_1_67' title="bbox 226 1778 1016 1814; baseline 0.001 -9"><span class='ocrx_word' id='word_1_461' title='bbox 226 1783 254 1806; x_wconf 85' lang='lat' dir='ltr'><strong>et</strong></span> <span class='ocrx_word' id='word_1_462' title='bbox 269 1779 295 1805; x_wconf 91' lang='lat' dir='ltr'><strong>in</strong></span> <span class='ocrx_word' id='word_1_463' title='bbox 313 1785 419 1814; x_wconf 90' lang='lat' dir='ltr'><strong>portum</strong></span> <span class='ocrx_word' id='word_1_464' title='bbox 436 1779 692 1806; x_wconf 82' lang='lat' dir='ltr'><strong>salutisdeduceris.</strong></span> <span class='ocrx_word' id='word_1_465' title='bbox 708 1778 780 1806; x_wconf 83' lang='lat' dir='ltr'><strong>Laus</strong></span> <span class='ocrx_word' id='word_1_466' title='bbox 800 1779 894 1814; x_wconf 80' lang='lat' dir='ltr'><strong>utique</strong></span> <span class='ocrx_word' id='word_1_467' title='bbox 908 1779 1016 1806; x_wconf 81' lang='lat' dir='ltr'><strong>brevis:</strong></span> 
     </span>
    </p>
   </div>
   <div class='ocr_carea' id='block_1_68' title="bbox 228 1823 1019 1859">
    <p class='ocr_par' dir='ltr' id='par_1_68' title="bbox 228 1823 1019 1859">
     <span class='ocr_line' id='line_1_68' title="bbox 228 1823 1019 1859; baseline -0.001 -7"><span class='ocrx_word' id='word_1_468' title='bbox 228 1825 274 1852; x_wconf 86' lang='lat' dir='ltr'><strong>sed</strong></span> <span class='ocrx_word' id='word_1_469' title='bbox 292 1825 355 1852; x_wconf 85' lang='lat' dir='ltr'><strong>licet</strong></span> <span class='ocrx_word' id='word_1_470' title='bbox 369 1833 400 1851; x_wconf 85' lang='lat' dir='ltr'><strong>ex</strong></span> <span class='ocrx_word' id='word_1_471' title='bbox 416 1825 510 1859; x_wconf 79' lang='lat' dir='ltr'><strong>paucis</strong></span> <span class='ocrx_word' id='word_1_472' title='bbox 524 1824 608 1850; x_wconf 88' lang='lat' dir='ltr'><strong>tuulta</strong></span> <span class='ocrx_word' id='word_1_473' title='bbox 627 1823 788 1858; x_wconf 83' lang='lat' dir='ltr'><strong>intelligere.</strong></span> <span class='ocrx_word' id='word_1_474' title='bbox 812 1823 951 1858; x_wconf 77' lang='lat' dir='ltr'><strong>Rependat</strong></span> <span class='ocrx_word' id='word_1_475' title='bbox 971 1832 1019 1851; x_wconf 82' lang='lat' dir='ltr'><strong>vo-</strong></span> 
     </span>
    </p>
   </div>
   <div class='ocr_carea' id='block_1_69' title="bbox 227 1868 1018 1900">
    <p class='ocr_par' dir='ltr' id='par_1_69' title="bbox 227 1868 1018 1900">
     <span class='ocr_line' id='line_1_69' title="bbox 227 1868 1018 1900; baseline -0.001 -4"><span class='ocrx_word' id='word_1_476' title='bbox 227 1870 271 1896; x_wconf 86' lang='lat' dir='ltr'><strong>bis</strong></span> <span class='ocrx_word' id='word_1_477' title='bbox 285 1869 416 1896; x_wconf 88' lang='lat' dir='ltr'><strong>Dominus</strong></span> <span class='ocrx_word' id='word_1_478' title='bbox 434 1870 491 1896; x_wconf 79' lang='lat' dir='ltr'><strong>vice</strong></span> <span class='ocrx_word' id='word_1_479' title='bbox 506 1873 599 1896; x_wconf 89' lang='lat' dir='ltr'><strong>nostra</strong></span> <span class='ocrx_word' id='word_1_480' title='bbox 608 1868 769 1900; x_wconf 78' lang='lat' dir='ltr'><strong>mercedem.</strong></span> <span class='ocrx_word' id='word_1_481' title='bbox 785 1868 910 1895; x_wconf 83' lang='lat' dir='ltr'><strong>similiter</strong></span> <span class='ocrx_word' id='word_1_482' title='bbox 943 1876 1018 1895; x_wconf 70' lang='lat' dir='ltr'><strong>(eco-</strong></span> 
     </span>
    </p>
   </div>
   <div class='ocr_carea' id='block_1_70' title="bbox 228 1914 1017 1949">
    <p class='ocr_par' dir='ltr' id='par_1_70' title="bbox 228 1914 1017 1949">
     <span class='ocr_line' id='line_1_70' title="bbox 228 1914 1017 1949; baseline -0.001 -6"><span class='ocrx_word' id='word_1_483' title='bbox 228 1916 303 1943; x_wconf 89' lang='lat' dir='ltr'><strong>nomi</strong></span> <span class='ocrx_word' id='word_1_484' title='bbox 317 1915 384 1947; x_wconf 73' lang='lat' dir='ltr'><strong>rice,</strong></span> <span class='ocrx_word' id='word_1_485' title='bbox 399 1915 458 1942; x_wconf 88' lang='lat' dir='ltr'><strong>vice</strong></span> <span class='ocrx_word' id='word_1_486' title='bbox 477 1915 600 1948; x_wconf 86' lang='lat' dir='ltr'><strong>cujusvis</strong></span> <span class='ocrx_word' id='word_1_487' title='bbox 622 1915 735 1942; x_wconf 85' lang='lat' dir='ltr'><strong>alterius</strong></span> <span class='ocrx_word' id='word_1_488' title='bbox 753 1914 786 1941; x_wconf 91' lang='lat' dir='ltr'><strong>de</strong></span> <span class='ocrx_word' id='word_1_489' title='bbox 807 1922 862 1949; x_wconf 89' lang='lat' dir='ltr'><strong>quo</strong></span> <span class='ocrx_word' id='word_1_490' title='bbox 878 1914 946 1942; x_wconf 86' lang='lat' dir='ltr'><strong>bene</strong></span> <span class='ocrx_word' id='word_1_491' title='bbox 960 1922 1017 1942; x_wconf 88' lang='lat' dir='ltr'><strong>me-</strong></span> 
     </span>
    </p>
   </div>
   <div class='ocr_carea' id='block_1_71' title="bbox 228 1960 1017 1995">
    <p class='ocr_par' dir='ltr' id='par_1_71' title="bbox 228 1960 1017 1995">
     <span class='ocr_line' id='line_1_71' title="bbox 228 1960 1017 1995; baseline -0.003 -6"><span class='ocrx_word' id='word_1_492' title='bbox 228 1962 288 1990; x_wconf 71' lang='lat' dir='ltr'><strong>ritae</strong></span> <span class='ocrx_word' id='word_1_493' title='bbox 307 1962 383 1989; x_wconf 85' lang='lat' dir='ltr'><strong>estis.</strong></span> <span class='ocrx_word' id='word_1_494' title='bbox 400 1962 541 1988; x_wconf 80' lang='lat' dir='ltr'><strong>Custodite</strong></span> <span class='ocrx_word' id='word_1_495' title='bbox 557 1968 619 1993; x_wconf 87' lang='lat' dir='ltr'><strong>vos,</strong></span> <span class='ocrx_word' id='word_1_496' title='bbox 638 1961 766 1992; x_wconf 85' lang='lat' dir='ltr'><strong>obsecro,</strong></span> <span class='ocrx_word' id='word_1_497' title='bbox 779 1960 813 1987; x_wconf 90' lang='lat' dir='ltr'><strong>ab</strong></span> <span class='ocrx_word' id='word_1_498' title='bbox 825 1961 933 1993; x_wconf 64' lang='lat' dir='ltr'><strong>haeresi,</strong></span> <span class='ocrx_word' id='word_1_499' title='bbox 963 1968 1017 1995; x_wconf 87' lang='lat' dir='ltr'><strong>qtta</strong></span> 
     </span>
    </p>
   </div>
   <div class='ocr_carea' id='block_1_72' title="bbox 229 2007 1018 2042">
    <p class='ocr_par' dir='ltr' id='par_1_72' title="bbox 229 2007 1018 2042">
     <span class='ocr_line' id='line_1_72' title="bbox 229 2007 1018 2042; baseline -0.001 -8"><span class='ocrx_word' id='word_1_500' title='bbox 229 2008 297 2034; x_wconf 81' lang='lat' dir='ltr'><strong>nihil</strong></span> <span class='ocrx_word' id='word_1_501' title='bbox 326 2008 422 2034; x_wconf 78' lang='lat' dir='ltr'><strong>attinnt:</strong></span> <span class='ocrx_word' id='word_1_502' title='bbox 450 2007 595 2034; x_wconf 75' lang='lat' dir='ltr'><strong>exitiosius</strong></span> <span class='ocrx_word' id='word_1_503' title='bbox 623 2013 684 2034; x_wconf 85' lang='lat' dir='ltr'><strong>est:</strong></span> <span class='ocrx_word' id='word_1_504' title='bbox 701 2008 782 2042; x_wconf 66' lang='lat' dir='ltr'><strong>cujus</strong></span> <span class='ocrx_word' id='word_1_505' title='bbox 798 2007 955 2034; x_wconf 85' lang='lat' dir='ltr'><strong>communio</strong></span> <span class='ocrx_word' id='word_1_506' title='bbox 969 2027 977 2039; x_wconf 87' lang='lat'><strong>,</strong></span> <span class='ocrx_word' id='word_1_507' title='bbox 1002 2015 1018 2034; x_wconf 87' lang='lat' dir='ltr'><strong>a</strong></span> 
     </span>
    </p>
   </div>
   <div class='ocr_carea' id='block_1_73' title="bbox 230 2053 1019 2082">
    <p class='ocr_par' dir='ltr' id='par_1_73' title="bbox 230 2053 1019 2082">
     <span class='ocr_line' id='line_1_73' title="bbox 230 2053 1019 2082; baseline -0.003 0"><span class='ocrx_word' id='word_1_508' title='bbox 230 2054 341 2082; x_wconf 80' lang='lat' dir='ltr'><strong>Christo</strong></span> <span class='ocrx_word' id='word_1_509' title='bbox 352 2053 480 2081; x_wconf 84' lang='lat' dir='ltr'><strong>alienatio</strong></span> <span class='ocrx_word' id='word_1_510' title='bbox 496 2060 547 2081; x_wconf 86' lang='lat' dir='ltr'><strong>est.</strong></span> <span class='ocrx_word' id='word_1_511' title='bbox 565 2053 652 2080; x_wconf 88' lang='lat' dir='ltr'><strong>Simul</strong></span> <span class='ocrx_word' id='word_1_512' title='bbox 668 2059 786 2080; x_wconf 82' lang='lat' dir='ltr'><strong>vestram</strong></span> <span class='ocrx_word' id='word_1_513' title='bbox 811 2053 918 2080; x_wconf 71' lang='lat' dir='ltr'><strong>vivendi</strong></span> <span class='ocrx_word' id='word_1_514' title='bbox 934 2053 1019 2080; x_wconf 71' lang='lat' dir='ltr'><strong>ratio~</strong></span> 
     </span>
    </p>
   </div>
   <div class='ocr_carea' id='block_1_74' title="bbox 231 2099 1017 2134">
    <p class='ocr_par' dir='ltr' id='par_1_74' title="bbox 231 2099 1017 2134">
     <span class='ocr_line' id='line_1_74' title="bbox 231 2099 1017 2134; baseline -0.001 -8"><span class='ocrx_word' id='word_1_515' title='bbox 231 2107 292 2126; x_wconf 82' lang='lat' dir='ltr'><strong>nem</strong></span> <span class='ocrx_word' id='word_1_516' title='bbox 309 2099 412 2126; x_wconf 85' lang='lat' dir='ltr'><strong>reddite</strong></span> <span class='ocrx_word' id='word_1_517' title='bbox 424 2099 647 2134; x_wconf 86' lang='lat' dir='ltr'><strong>splendidiorem,</strong></span> <span class='ocrx_word' id='word_1_518' title='bbox 663 2099 737 2127; x_wconf 90' lang='lat' dir='ltr'><strong>velut</strong></span> <span class='ocrx_word' id='word_1_519' title='bbox 750 2105 873 2126; x_wconf 88' lang='lat' dir='ltr'><strong>catenam</strong></span> <span class='ocrx_word' id='word_1_520' title='bbox 890 2107 1017 2132; x_wconf 85' lang='lat' dir='ltr'><strong>auream,</strong></span> 
     </span>
    </p>
   </div>
   <div class='ocr_carea' id='block_1_75' title="bbox 232 2144 1018 2180">
    <p class='ocr_par' dir='ltr' id='par_1_75' title="bbox 232 2144 1018 2180">
     <span class='ocr_line' id='line_1_75' title="bbox 232 2144 1018 2180; baseline 0.003 -10"><span class='ocrx_word' id='word_1_521' title='bbox 232 2149 259 2170; x_wconf 84' lang='lat' dir='ltr'><strong>et</strong></span> <span class='ocrx_word' id='word_1_522' title='bbox 282 2152 296 2170; x_wconf 92' lang='lat' dir='ltr'><strong>a</strong></span> <span class='ocrx_word' id='word_1_523' title='bbox 318 2144 490 2171; x_wconf 86' lang='lat' dir='ltr'><strong>multitudine</strong></span> <span class='ocrx_word' id='word_1_524' title='bbox 507 2145 679 2180; x_wconf 73' lang='lat' dir='ltr'><strong>srjunclam;</strong></span> <span class='ocrx_word' id='word_1_525' title='bbox 696 2150 726 2172; x_wconf 89' lang='grc' dir='ltr'>ιιι</span> <span class='ocrx_word' id='word_1_526' title='bbox 753 2152 786 2172; x_wconf 80' lang='lat' dir='ltr'><strong>ex</strong></span> <span class='ocrx_word' id='word_1_527' title='bbox 807 2149 922 2179; x_wconf 81' lang='lat' dir='ltr'><strong>utraque</strong></span> <span class='ocrx_word' id='word_1_528' title='bbox 942 2149 1018 2179; x_wconf 83' lang='lat' dir='ltr'><strong>parte</strong></span> 
     </span>
    </p>
   </div>
   <div class='ocr_carea' id='block_1_76' title="bbox 231 2192 1018 2228">
    <p class='ocr_par' dir='ltr' id='par_1_76' title="bbox 231 2192 1018 2228">
     <span class='ocr_line' id='line_1_76' title="bbox 231 2192 1018 2228; baseline -0.001 -8"><span class='ocrx_word' id='word_1_529' title='bbox 231 2197 345 2224; x_wconf 66' lang='lat' dir='ltr'><strong>ornate,</strong></span> <span class='ocrx_word' id='word_1_530' title='bbox 362 2201 423 2220; x_wconf 90' lang='lat' dir='ltr'><strong>cum</strong></span> <span class='ocrx_word' id='word_1_531' title='bbox 453 2193 553 2220; x_wconf 83' lang='lat' dir='ltr'><strong>lucidis</strong></span> <span class='ocrx_word' id='word_1_532' title='bbox 571 2193 741 2228; x_wconf 79' lang='lat' dir='ltr'><strong>lampadibus</strong></span> <span class='ocrx_word' id='word_1_533' title='bbox 760 2193 785 2219; x_wconf 93' lang='lat' dir='ltr'><strong>in</strong></span> <span class='ocrx_word' id='word_1_534' title='bbox 803 2192 910 2219; x_wconf 88' lang='lat' dir='ltr'><strong>Domini</strong></span> <span class='ocrx_word' id='word_1_535' title='bbox 931 2192 1018 2219; x_wconf 84' lang='lat' dir='ltr'><strong>thala-</strong></span> 
     </span>
    </p>
   </div>
   <div class='ocr_carea' id='block_1_77' title="bbox 232 2238 946 2274">
    <p class='ocr_par' dir='ltr' id='par_1_77' title="bbox 232 2238 946 2274">
     <span class='ocr_line' id='line_1_77' title="bbox 232 2238 946 2274; baseline -0.001 -8"><span class='ocrx_word' id='word_1_536' title='bbox 232 2247 306 2266; x_wconf 88' lang='lat' dir='ltr'><strong>mum</strong></span> <span class='ocrx_word' id='word_1_537' title='bbox 339 2239 515 2274; x_wconf 83' lang='lat' dir='ltr'><strong>perveuiatis,</strong></span> <span class='ocrx_word' id='word_1_538' title='bbox 535 2239 709 2274; x_wconf 84' lang='lat' dir='ltr'><strong>sempiternis</strong></span> <span class='ocrx_word' id='word_1_539' title='bbox 718 2238 797 2266; x_wconf 86' lang='lat' dir='ltr'><strong>bouis</strong></span> <span class='ocrx_word' id='word_1_540' title='bbox 814 2238 946 2266; x_wconf 68' lang='lat' dir='ltr'><strong>fruituraa.</strong></span> 
     </span>
    </p>
   </div>
   <div class='ocr_carea' id='block_1_78' title="bbox 456 2295 790 2331">
    <p class='ocr_par' dir='ltr' id='par_1_78' title="bbox 456 2295 790 2331">
     <span class='ocr_line' id='line_1_78' title="bbox 456 2295 790 2331; baseline -0.006 -7"><span class='ocrx_word' id='word_1_541' title='bbox 456 2295 711 2324; x_wconf 77' lang='lat' dir='ltr'><strong>LXI.-Naucralio</strong></span> <span class='ocrx_word' id='word_1_542' title='bbox 723 2296 790 2331; x_wconf 80' lang='lat' dir='ltr'><strong>ﬁlio.</strong></span> 
     </span>
    </p>
   </div>
   <div class='ocr_carea' id='block_1_79' title="bbox 1071 1686 1855 1724">
    <p class='ocr_par' dir='ltr' id='par_1_79' title="bbox 1071 1686 1855 1724">
     <span class='ocr_line' id='line_1_79' title="bbox 1071 1686 1855 1724; baseline -0.004 -10"><span class='ocrx_word' id='word_1_543' title='bbox 1071 1688 1132 1724; x_wconf 80' lang='grc' dir='ltr'>μὲν,</span> <span class='ocrx_word' id='word_1_544' title='bbox 1153 1687 1208 1714; x_wconf 84' lang='grc' dir='ltr'>τῶν</span> <span class='ocrx_word' id='word_1_545' title='bbox 1226 1687 1349 1714; x_wconf 84' lang='grc' dir='ltr'><strong>πολλῶν·</strong></span> <span class='ocrx_word' id='word_1_546' title='bbox 1365 1686 1396 1713; x_wconf 88' lang='grc' dir='ltr'><strong>τὸ</strong></span> <span class='ocrx_word' id='word_1_547' title='bbox 1417 1687 1464 1718; x_wconf 74' lang='grc' dir='ltr'><strong>δὲ,</strong></span> <span class='ocrx_word' id='word_1_548' title='bbox 1487 1689 1519 1722; x_wconf 85' lang='grc' dir='ltr'>τῇ</span> <span class='ocrx_word' id='word_1_549' title='bbox 1544 1687 1603 1721; x_wconf 79' lang='grc' dir='ltr'><strong>μιᾷ.</strong></span> <span class='ocrx_word' id='word_1_550' title='bbox 1620 1686 1753 1721; x_wconf 81' lang='grc' dir='ltr'>Μακαρία</span> <span class='ocrx_word' id='word_1_551' title='bbox 1770 1694 1817 1711; x_wconf 82' lang='grc' dir='ltr'><strong>σου</strong></span> <span class='ocrx_word' id='word_1_552' title='bbox 1837 1687 1855 1721; x_wconf 89' lang='grc' dir='ltr'><strong>ἠ</strong></span> 
     </span>
    </p>
   </div>
   <div class='ocr_carea' id='block_1_80' title="bbox 1069 1731 1857 1769">
    <p class='ocr_par' dir='ltr' id='par_1_80' title="bbox 1069 1731 1857 1769">
     <span class='ocr_line' id='line_1_80' title="bbox 1069 1731 1857 1769; baseline -0.006 -8"><span class='ocrx_word' id='word_1_553' title='bbox 1069 1735 1177 1766; x_wconf 84' lang='grc' dir='ltr'>σύνεσις</span> <span class='ocrx_word' id='word_1_554' title='bbox 1187 1743 1193 1749; x_wconf 85' lang='grc'><em>’</em></span> <span class='ocrx_word' id='word_1_555' title='bbox 1204 1733 1365 1769; x_wconf 75' lang='grc' dir='ltr'>κυϐερνῶσα</span> <span class='ocrx_word' id='word_1_556' title='bbox 1376 1733 1421 1760; x_wconf 77' lang='grc' dir='ltr'><strong>καὶ</strong></span> <span class='ocrx_word' id='word_1_557' title='bbox 1432 1733 1497 1760; x_wconf 85' lang='grc' dir='ltr'>κυ6ε</span> <span class='ocrx_word' id='word_1_558' title='bbox 1503 1732 1637 1767; x_wconf 80' lang='grc' dir='ltr'>ρνωμένη,</span> <span class='ocrx_word' id='word_1_559' title='bbox 1649 1731 1694 1758; x_wconf 77' lang='grc' dir='ltr'>καὶ</span> <span class='ocrx_word' id='word_1_560' title='bbox 1705 1732 1744 1762; x_wconf 78' lang='grc' dir='ltr'><strong>εἰς</strong></span> <span class='ocrx_word' id='word_1_561' title='bbox 1755 1731 1857 1765; x_wconf 77' lang='grc' dir='ltr'>λιμένα</span> 
     </span>
    </p>
   </div>
   <div class='ocr_carea' id='block_1_81' title="bbox 1069 1776 1857 1816">
    <p class='ocr_par' dir='ltr' id='par_1_81' title="bbox 1069 1776 1857 1816">
     <span class='ocr_line' id='line_1_81' title="bbox 1069 1776 1857 1816; baseline -0.008 -9"><span class='ocrx_word' id='word_1_562' title='bbox 1069 1780 1207 1816; x_wconf 77' lang='grc' dir='ltr'><strong>σωτηρίας</strong></span> <span class='ocrx_word' id='word_1_563' title='bbox 1221 1778 1439 1814; x_wconf 83' lang='grc' dir='ltr'><strong>ἁπευθυνομένη.</strong></span> <span class='ocrx_word' id='word_1_564' title='bbox 1466 1777 1573 1813; x_wconf 81' lang='grc' dir='ltr'>Βραχέα</span> <span class='ocrx_word' id='word_1_565' title='bbox 1591 1777 1624 1804; x_wconf 78' lang='grc' dir='ltr'>τὰ</span> <span class='ocrx_word' id='word_1_566' title='bbox 1637 1776 1780 1811; x_wconf 77' lang='grc' dir='ltr'>ὲγκώμια“</span> <span class='ocrx_word' id='word_1_567' title='bbox 1796 1776 1857 1803; x_wconf 79' lang='grc' dir='ltr'>ἀλλ’</span> 
     </span>
    </p>
   </div>
   <div class='ocr_carea' id='block_1_82' title="bbox 1068 1823 1858 1860">
    <p class='ocr_par' dir='ltr' id='par_1_82' title="bbox 1068 1823 1858 1860">
     <span class='ocr_line' id='line_1_82' title="bbox 1068 1823 1858 1860; baseline -0.005 -8"><span class='ocrx_word' id='word_1_568' title='bbox 1068 1827 1098 1859; x_wconf 72' lang='grc' dir='ltr'><strong>ἐξ</strong></span> <span class='ocrx_word' id='word_1_569' title='bbox 1110 1827 1208 1860; x_wconf 81' lang='grc' dir='ltr'><strong>ὀλίγων</strong></span> <span class='ocrx_word' id='word_1_570' title='bbox 1220 1826 1254 1851; x_wconf 80' lang='grc' dir='ltr'>τὰ</span> <span class='ocrx_word' id='word_1_571' title='bbox 1269 1825 1355 1852; x_wconf 82' lang='grc' dir='ltr'>πολλὰ</span> <span class='ocrx_word' id='word_1_572' title='bbox 1370 1824 1593 1856; x_wconf 76' lang='grc' dir='ltr'>συνεξακοὺεται.</span> <span class='ocrx_word' id='word_1_573' title='bbox 1603 1823 1776 1859; x_wconf 77' lang='grc' dir='ltr'><strong>’Δνταποδιξ›η</strong></span> <span class='ocrx_word' id='word_1_574' title='bbox 1791 1823 1858 1857; x_wconf 76' lang='grc' dir='ltr'>ὑμῖν</span> 
     </span>
    </p>
   </div>
   <div class='ocr_carea' id='block_1_83' title="bbox 1068 1868 1859 1906">
    <p class='ocr_par' dir='ltr' id='par_1_83' title="bbox 1068 1868 1859 1906">
     <span class='ocr_line' id='line_1_83' title="bbox 1068 1868 1859 1906; baseline -0.005 -8"><span class='ocrx_word' id='word_1_575' title='bbox 1068 1873 1171 1906; x_wconf 73' lang='grc' dir='ltr'>Κύριος</span> <span class='ocrx_word' id='word_1_576' title='bbox 1184 1872 1229 1897; x_wconf 69' lang='grc' dir='ltr'><strong>τὸν</strong></span> <span class='ocrx_word' id='word_1_577' title='bbox 1244 1871 1316 1906; x_wconf 72' lang='grc' dir='ltr'>ὑπὲρ</span> <span class='ocrx_word' id='word_1_578' title='bbox 1336 1870 1416 1906; x_wconf 83' lang='grc' dir='ltr'><strong>ἡμῶν</strong></span> <span class='ocrx_word' id='word_1_579' title='bbox 1432 1869 1543 1905; x_wconf 59' lang='grc' dir='ltr'><strong>μισθόν</strong></span> <span class='ocrx_word' id='word_1_580' title='bbox 1566 1869 1612 1895; x_wconf 77' lang='grc' dir='ltr'>τὸν</span> <span class='ocrx_word' id='word_1_581' title='bbox 1629 1869 1697 1904; x_wconf 75' lang='grc' dir='ltr'>ὑπὲρ</span> <span class='ocrx_word' id='word_1_582' title='bbox 1713 1868 1760 1894; x_wconf 78' lang='grc' dir='ltr'><strong>τοῦ</strong></span> <span class='ocrx_word' id='word_1_583' title='bbox 1781 1869 1859 1894; x_wconf 79' lang='grc' dir='ltr'>οἰκο-</span> 
     </span>
    </p>
   </div>
   <div class='ocr_carea' id='block_1_84' title="bbox 1068 1913 1857 1953">
    <p class='ocr_par' dir='ltr' id='par_1_84' title="bbox 1068 1913 1857 1953">
     <span class='ocr_line' id='line_1_84' title="bbox 1068 1913 1857 1953; baseline -0.005 -8"><span class='ocrx_word' id='word_1_584' title='bbox 1068 1919 1162 1953; x_wconf 80' lang='grc' dir='ltr'>νόμου,</span> <span class='ocrx_word' id='word_1_585' title='bbox 1183 1918 1228 1945; x_wconf 82' lang='grc' dir='ltr'><strong>τὸν</strong></span> <span class='ocrx_word' id='word_1_586' title='bbox 1252 1918 1322 1952; x_wconf 81' lang='grc' dir='ltr'>ὑπὲρ</span> <span class='ocrx_word' id='word_1_587' title='bbox 1337 1915 1493 1943; x_wconf 80' lang='grc' dir='ltr'>οὑτινοσοῦν</span> <span class='ocrx_word' id='word_1_588' title='bbox 1508 1915 1589 1942; x_wconf 79' lang='grc' dir='ltr'>ἄλλου</span> <span class='ocrx_word' id='word_1_589' title='bbox 1609 1913 1639 1942; x_wconf 81' lang='grc' dir='ltr'><strong>εὖ</strong></span> <span class='ocrx_word' id='word_1_590' title='bbox 1661 1915 1857 1945; x_wconf 78' lang='grc' dir='ltr'>πανθάνοντος.</span> 
     </span>
    </p>
   </div>
   <div class='ocr_carea' id='block_1_85' title="bbox 1068 1961 1858 1997">
    <p class='ocr_par' dir='ltr' id='par_1_85' title="bbox 1068 1961 1858 1997">
     <span class='ocr_line' id='line_1_85' title="bbox 1068 1961 1858 1997; baseline -0.006 -6"><span class='ocrx_word' id='word_1_591' title='bbox 1068 1963 1205 1996; x_wconf 73' lang='grc' dir='ltr'>Φυλᾱξατε</span> <span class='ocrx_word' id='word_1_592' title='bbox 1230 1963 1270 1989; x_wconf 71' lang='grc' dir='ltr'>ἔτι</span> <span class='ocrx_word' id='word_1_593' title='bbox 1292 1963 1391 1994; x_wconf 80' lang='grc' dir='ltr'>ἑαυτὰς</span> <span class='ocrx_word' id='word_1_594' title='bbox 1404 1983 1411 1996; x_wconf 86' lang='grc'><strong>,</strong></span> <span class='ocrx_word' id='word_1_595' title='bbox 1430 1961 1600 1997; x_wconf 78' lang='grc' dir='ltr'>παρακαλῶ,</span> <span class='ocrx_word' id='word_1_596' title='bbox 1620 1961 1668 1996; x_wconf 77' lang='grc' dir='ltr'>τῆς</span> <span class='ocrx_word' id='word_1_597' title='bbox 1682 1961 1858 1996; x_wconf 68' lang='grc' dir='ltr'>ψυχονρθόρου</span> 
     </span>
    </p>
   </div>
   <div class='ocr_carea' id='block_1_86' title="bbox 1069 2005 1859 2046">
    <p class='ocr_par' dir='ltr' id='par_1_86' title="bbox 1069 2005 1859 2046">
     <span class='ocr_line' id='line_1_86' title="bbox 1069 2005 1859 2046; baseline -0.006 -10"><span class='ocrx_word' id='word_1_598' title='bbox 1069 2011 1201 2046; x_wconf 83' lang='grc' dir='ltr'>αίρέσεως</span> <span class='ocrx_word' id='word_1_599' title='bbox 1211 2018 1218 2026; x_wconf 90' lang='grc'><strong>·</strong></span> <span class='ocrx_word' id='word_1_600' title='bbox 1232 2007 1266 2045; x_wconf 78' lang='grc' dir='ltr'><strong>ἧς</strong></span> <span class='ocrx_word' id='word_1_601' title='bbox 1281 2010 1298 2044; x_wconf 84' lang='grc' dir='ltr'><strong>ἡ</strong></span> <span class='ocrx_word' id='word_1_602' title='bbox 1315 2008 1443 2035; x_wconf 86' lang='grc' dir='ltr'>κοινωνία</span> <span class='ocrx_word' id='word_1_603' title='bbox 1458 2007 1636 2042; x_wconf 76' lang='grc' dir='ltr'>ἀλλοτρίωσις</span> <span class='ocrx_word' id='word_1_604' title='bbox 1650 2005 1781 2042; x_wconf 78' lang='grc' dir='ltr'>Χριστοῦ.</span> <span class='ocrx_word' id='word_1_605' title='bbox 1799 2006 1859 2040; x_wconf 76' lang='grc' dir='ltr'>Τὴν</span> 
     </span>
    </p>
   </div>
   <div class='ocr_carea' id='block_1_87' title="bbox 1069 2053 1858 2091">
    <p class='ocr_par' dir='ltr' id='par_1_87' title="bbox 1069 2053 1858 2091">
     <span class='ocr_line' id='line_1_87' title="bbox 1069 2053 1858 2091; baseline -0.006 -8"><span class='ocrx_word' id='word_1_606' title='bbox 1069 2057 1206 2083; x_wconf 83' lang='grc' dir='ltr'>πολιτείαν</span> <span class='ocrx_word' id='word_1_607' title='bbox 1237 2055 1305 2091; x_wconf 75' lang='grc' dir='ltr'>ὁμοῦ</span> <span class='ocrx_word' id='word_1_608' title='bbox 1343 2054 1523 2090; x_wconf 80' lang='grc' dir='ltr'>φαιδροτέραν</span> <span class='ocrx_word' id='word_1_609' title='bbox 1556 2053 1777 2088; x_wconf 73' lang='grc' dir='ltr'>ἁπεργὰζοισθε,</span> <span class='ocrx_word' id='word_1_610' title='bbox 1806 2053 1858 2086; x_wconf 74' lang='grc' dir='ltr'><strong>τὴν</strong></span> 
     </span>
    </p>
   </div>
   <div class='ocr_carea' id='block_1_88' title="bbox 1069 2098 1860 2137">
    <p class='ocr_par' dir='ltr' id='par_1_88' title="bbox 1069 2098 1860 2137">
     <span class='ocr_line' id='line_1_88' title="bbox 1069 2098 1860 2137; baseline -0.006 -8"><span class='ocrx_word' id='word_1_611' title='bbox 1069 2103 1171 2137; x_wconf 84' lang='grc' dir='ltr'>χρυσῆν</span> <span class='ocrx_word' id='word_1_612' title='bbox 1196 2102 1289 2137; x_wconf 80' lang='grc' dir='ltr'>σειρὰν</span> <span class='ocrx_word' id='word_1_613' title='bbox 1313 2101 1360 2127; x_wconf 77' lang='grc' dir='ltr'>καὶ</span> <span class='ocrx_word' id='word_1_614' title='bbox 1381 2101 1438 2132; x_wconf 80' lang='grc' dir='ltr'>τοῖς</span> <span class='ocrx_word' id='word_1_615' title='bbox 1462 2099 1569 2131; x_wconf 76' lang='grc' dir='ltr'>πολλοῖς</span> <span class='ocrx_word' id='word_1_616' title='bbox 1591 2100 1726 2126; x_wconf 83' lang='grc' dir='ltr'><strong>ἄπλοκον·</strong></span> <span class='ocrx_word' id='word_1_617' title='bbox 1756 2099 1801 2125; x_wconf 82' lang='grc' dir='ltr'>ἵνα</span> <span class='ocrx_word' id='word_1_618' title='bbox 1827 2098 1860 2130; x_wconf 75' lang='grc' dir='ltr'><strong>ἐξ</strong></span> 
     </span>
    </p>
   </div>
   <div class='ocr_carea' id='block_1_89' title="bbox 1070 2145 1860 2183">
    <p class='ocr_par' dir='ltr' id='par_1_89' title="bbox 1070 2145 1860 2183">
     <span class='ocr_line' id='line_1_89' title="bbox 1070 2145 1860 2183; baseline -0.006 -8"><span class='ocrx_word' id='word_1_619' title='bbox 1070 2148 1233 2183; x_wconf 80' lang='grc' dir='ltr'>ἀμφοτέρων</span> <span class='ocrx_word' id='word_1_620' title='bbox 1249 2146 1453 2182; x_wconf 85' lang='grc' dir='ltr'>κοσμούμεναι,</span> <span class='ocrx_word' id='word_1_621' title='bbox 1471 2145 1612 2181; x_wconf 77' lang='grc' dir='ltr'>λαμπραῖς</span> <span class='ocrx_word' id='word_1_622' title='bbox 1635 2146 1695 2176; x_wconf 76' lang='grc' dir='ltr'>ταῖς</span> <span class='ocrx_word' id='word_1_623' title='bbox 1715 2145 1860 2180; x_wconf 81' lang='grc' dir='ltr'>λαμπάσιν</span> 
     </span>
    </p>
   </div>
   <div class='ocr_carea' id='block_1_90' title="bbox 1070 2190 1861 2228">
    <p class='ocr_par' dir='ltr' id='par_1_90' title="bbox 1070 2190 1861 2228">
     <span class='ocr_line' id='line_1_90' title="bbox 1070 2190 1861 2228; baseline -0.004 -9"><span class='ocrx_word' id='word_1_624' title='bbox 1070 2195 1109 2226; x_wconf 83' lang='grc' dir='ltr'><strong>εἰς</strong></span> <span class='ocrx_word' id='word_1_625' title='bbox 1122 2194 1167 2219; x_wconf 73' lang='grc' dir='ltr'>τὸν</span> <span class='ocrx_word' id='word_1_626' title='bbox 1182 2193 1315 2228; x_wconf 73' lang='grc' dir='ltr'>νυμφῶνα</span> <span class='ocrx_word' id='word_1_627' title='bbox 1333 2192 1434 2228; x_wconf 82' lang='grc' dir='ltr'>Κυρίου</span> <span class='ocrx_word' id='word_1_628' title='bbox 1453 2192 1658 2227; x_wconf 84' lang='grc' dir='ltr'>καταντήσοιτε,</span> <span class='ocrx_word' id='word_1_629' title='bbox 1672 2191 1726 2217; x_wconf 86' lang='grc' dir='ltr'><strong>τῶν</strong></span> <span class='ocrx_word' id='word_1_630' title='bbox 1738 2190 1861 2217; x_wconf 77' lang='grc' dir='ltr'><strong>αἰωνίων</strong></span> 
     </span>
    </p>
   </div>
   <div class='ocr_carea' id='block_1_91' title="bbox 1068 2239 1389 2274">
    <p class='ocr_par' dir='ltr' id='par_1_91' title="bbox 1068 2239 1389 2274">
     <span class='ocr_line' id='line_1_91' title="bbox 1068 2239 1389 2274; baseline -0.009 -7"><span class='ocrx_word' id='word_1_631' title='bbox 1068 2239 1180 2274; x_wconf 81' lang='grc' dir='ltr'>ἀγαθῶν</span> <span class='ocrx_word' id='word_1_632' title='bbox 1192 2239 1389 2266; x_wconf 83' lang='grc' dir='ltr'>ἀπολαύουσαι.</span> 
     </span>
    </p>
   </div>
   <div class='ocr_carea' id='block_1_92' title="bbox 1207 2291 1716 2330">
    <p class='ocr_par' dir='ltr' id='par_1_92' title="bbox 1207 2291 1716 2330">
     <span class='ocr_line' id='line_1_92' title="bbox 1207 2291 1716 2330; baseline -0.006 -8"><span class='ocrx_word' id='word_1_633' title='bbox 1207 2295 1269 2323; x_wconf 77' lang='lat' dir='ltr'><strong>EA’.</strong></span> <span class='ocrx_word' id='word_1_634' title='bbox 1281 2311 1315 2316; x_wconf 94' lang='lat'><strong>—</strong></span> <span class='ocrx_word' id='word_1_635' title='bbox 1325 2295 1500 2329; x_wconf 78' lang='grc' dir='ltr'>Ναυκρατίῳ</span> <span class='ocrx_word' id='word_1_636' title='bbox 1515 2293 1621 2327; x_wconf 81' lang='grc' dir='ltr'><strong>τέκνῳ.</strong></span> <span class='ocrx_word' id='word_1_637' title='bbox 1643 2291 1716 2330; x_wconf 57' lang='grc' dir='ltr'><strong>[υδα]</strong></span> 
     </span>
    </p>
   </div>
   <div class='ocr_carea' id='block_1_93' title="bbox 671 2352 1424 2385">
    <p class='ocr_par' dir='ltr' id='par_1_93' title="bbox 671 2352 1424 2385">
     <span class='ocr_line' id='line_1_93' title="bbox 671 2352 1424 2385; baseline -0.003 -6"><span class='ocrx_word' id='word_1_638' title='bbox 671 2353 761 2380; x_wconf 83' lang='lat' dir='ltr'><strong>Christi</strong></span> <span class='ocrx_word' id='word_1_639' title='bbox 773 2354 942 2379; x_wconf 74' lang='lat' dir='ltr'><strong>confessor-um</strong></span> <span class='ocrx_word' id='word_1_640' title='bbox 954 2352 1086 2385; x_wconf 70' lang='lat' dir='ltr'><strong>praeconia.</strong></span> <span class='ocrx_word' id='word_1_641' title='bbox 1101 2353 1204 2384; x_wconf 83' lang='lat' dir='ltr'><strong>(Baron.</strong></span> <span class='ocrx_word' id='word_1_642' title='bbox 1216 2360 1256 2378; x_wconf 84' lang='lat' dir='ltr'><strong>an.</strong></span> <span class='ocrx_word' id='word_1_643' title='bbox 1268 2352 1325 2383; x_wconf 87' lang='grc'><strong>818,</strong></span> <span class='ocrx_word' id='word_1_644' title='bbox 1336 2359 1361 2378; x_wconf 80' lang='grc' dir='ltr'><strong>π.</strong></span> <span class='ocrx_word' id='word_1_645' title='bbox 1373 2352 1424 2385; x_wconf 68' lang='grc' dir='ltr'><strong>ει.)</strong></span> 
     </span>
    </p>
   </div>
   <div class='ocr_carea' id='block_1_94' title="bbox 269 2405 1021 2443">
    <p class='ocr_par' dir='ltr' id='par_1_94' title="bbox 269 2407 1018 2443">
     <span class='ocr_line' id='line_1_94' title="bbox 269 2407 1018 2443; baseline 0 -9"><span class='ocrx_word' id='word_1_646' title='bbox 269 2407 336 2435; x_wconf 80' lang='lat' dir='ltr'><strong>&#39;l&#39;am</strong></span> <span class='ocrx_word' id='word_1_647' title='bbox 357 2408 439 2435; x_wconf 85' lang='lat' dir='ltr'><strong>lidum</strong></span> <span class='ocrx_word' id='word_1_648' title='bbox 454 2414 548 2436; x_wconf 87' lang='lat' dir='ltr'><strong>nactus</strong></span> <span class='ocrx_word' id='word_1_649' title='bbox 559 2416 589 2436; x_wconf 81' lang='lat' dir='ltr'><strong>es</strong></span> <span class='ocrx_word' id='word_1_650' title='bbox 605 2409 786 2441; x_wconf 85' lang='lat' dir='ltr'><strong>tabellarium,</strong></span> <span class='ocrx_word' id='word_1_651' title='bbox 809 2414 838 2435; x_wconf 90' lang='lat' dir='ltr'><strong>ut</strong></span> <span class='ocrx_word' id='word_1_652' title='bbox 861 2408 906 2435; x_wconf 85' lang='lat' dir='ltr'><strong>Dei</strong></span> <span class='ocrx_word' id='word_1_653' title='bbox 923 2408 1018 2443; x_wconf 90' lang='lat' dir='ltr'><strong>optimi</strong></span> 
     </span>
    </p>
   </div>
   <div class='ocr_carea' id='block_1_95' title="bbox 1065 2405 1861 2443">
    <p class='ocr_par' dir='ltr' id='par_1_95' title="bbox 1106 2405 1861 2442">
     <span class='ocr_line' id='line_1_95' title="bbox 1106 2405 1861 2442; baseline -0.004 -8"><span class='ocrx_word' id='word_1_654' title='bbox 1106 2407 1235 2434; x_wconf 77' lang='grc' dir='ltr'>Τοιούτου</span> <span class='ocrx_word' id='word_1_655' title='bbox 1253 2407 1348 2434; x_wconf 82' lang='grc' dir='ltr'>πιστοῦ</span> <span class='ocrx_word' id='word_1_656' title='bbox 1371 2407 1611 2442; x_wconf 80' lang='grc' dir='ltr'>γραμματηφόρου</span> <span class='ocrx_word' id='word_1_657' title='bbox 1637 2405 1861 2440; x_wconf 77' lang='grc' dir='ltr'>ὲπιτετύχηκας,</span> 
     </span>
    </p>
   </div>
   <div class='ocr_carea' id='block_1_96' title="bbox 233 2454 1020 2490">
    <p class='ocr_par' dir='ltr' id='par_1_96' title="bbox 233 2454 1020 2490">
     <span class='ocr_line' id='line_1_96' title="bbox 233 2454 1020 2490; baseline 0.003 -11"><span class='ocrx_word' id='word_1_658' title='bbox 233 2454 412 2488; x_wconf 64' lang='lat' dir='ltr'><strong>providentiae</strong></span> <span class='ocrx_word' id='word_1_659' title='bbox 436 2455 668 2488; x_wconf 83' lang='lat' dir='ltr'><strong>dispensationem</strong></span> <span class='ocrx_word' id='word_1_660' title='bbox 694 2462 754 2482; x_wconf 74' lang='lat' dir='ltr'><strong>essa</strong></span> <span class='ocrx_word' id='word_1_661' title='bbox 782 2455 933 2490; x_wconf 86' lang='lat' dir='ltr'><strong>putaverint</strong></span> <span class='ocrx_word' id='word_1_662' title='bbox 970 2462 1020 2489; x_wconf 75' lang='lat' dir='ltr'><strong>ego</strong></span> 
     </span>
    </p>
   </div>
   <div class='ocr_carea' id='block_1_97' title="bbox 236 2499 1018 2534">
    <p class='ocr_par' dir='ltr' id='par_1_97' title="bbox 236 2499 1018 2534">
     <span class='ocr_line' id='line_1_97' title="bbox 236 2499 1018 2534; baseline 0.001 -8"><span class='ocrx_word' id='word_1_663' title='bbox 236 2499 358 2529; x_wconf 72' lang='grc' dir='ltr'><strong>ΙιιιιιιιΙὶε.</strong></span> <span class='ocrx_word' id='word_1_664' title='bbox 372 2507 419 2534; x_wconf 85' lang='lat' dir='ltr'><strong>per</strong></span> <span class='ocrx_word' id='word_1_665' title='bbox 431 2508 493 2527; x_wconf 87' lang='lat' dir='ltr'><strong>eum</strong></span> <span class='ocrx_word' id='word_1_666' title='bbox 520 2501 624 2528; x_wconf 86' lang='lat' dir='ltr'><strong>litteras</strong></span> <span class='ocrx_word' id='word_1_667' title='bbox 644 2501 677 2528; x_wconf 87' lang='lat' dir='ltr'><strong>ad</strong></span> <span class='ocrx_word' id='word_1_668' title='bbox 696 2506 721 2528; x_wconf 89' lang='lat' dir='ltr'><strong>te</strong></span> <span class='ocrx_word' id='word_1_669' title='bbox 747 2501 829 2532; x_wconf 80' lang='lat' dir='ltr'><strong>mitti,</strong></span> <span class='ocrx_word' id='word_1_670' title='bbox 849 2501 886 2528; x_wconf 86' lang='lat' dir='ltr'><strong>ﬁli</strong></span> <span class='ocrx_word' id='word_1_671' title='bbox 913 2507 1018 2528; x_wconf 87' lang='lat' dir='ltr'><strong>sancte.</strong></span> 
     </span>
    </p>
   </div>
   <div class='ocr_carea' id='block_1_98' title="bbox 235 2545 1020 2580">
    <p class='ocr_par' dir='ltr' id='par_1_98' title="bbox 235 2545 1020 2580">
     <span class='ocr_line' id='line_1_98' title="bbox 235 2545 1020 2580; baseline 0.001 -8"><span class='ocrx_word' id='word_1_672' title='bbox 235 2545 312 2578; x_wconf 85' lang='lat' dir='ltr'><strong>Quod</strong></span> <span class='ocrx_word' id='word_1_673' title='bbox 329 2554 411 2580; x_wconf 88' lang='lat' dir='ltr'><strong>porro</strong></span> <span class='ocrx_word' id='word_1_674' title='bbox 422 2547 569 2574; x_wconf 85' lang='lat' dir='ltr'><strong>didicimus</strong></span> <span class='ocrx_word' id='word_1_675' title='bbox 585 2552 610 2574; x_wconf 86' lang='lat' dir='ltr'><strong>te</strong></span> <span class='ocrx_word' id='word_1_676' title='bbox 625 2551 698 2574; x_wconf 83' lang='lat' dir='ltr'><strong>recte</strong></span> <span class='ocrx_word' id='word_1_677' title='bbox 715 2548 803 2574; x_wconf 83' lang='lat' dir='ltr'><strong>valere</strong></span> <span class='ocrx_word' id='word_1_678' title='bbox 814 2555 876 2574; x_wconf 90' lang='lat' dir='ltr'><strong>cum</strong></span> <span class='ocrx_word' id='word_1_679' title='bbox 892 2547 1020 2574; x_wconf 89' lang='lat' dir='ltr'><strong>omnibus</strong></span> 
     </span>
    </p>
   </div>
   <div class='ocr_carea' id='block_1_99' title="bbox 235 2592 1021 2627">
    <p class='ocr_par' dir='ltr' id='par_1_99' title="bbox 235 2592 1021 2627">
     <span class='ocr_line' id='line_1_99' title="bbox 235 2592 1021 2627; baseline 0.001 -8"><span class='ocrx_word' id='word_1_680' title='bbox 235 2592 439 2620; x_wconf 80' lang='lat' dir='ltr'><strong>confessoribus</strong></span> <span class='ocrx_word' id='word_1_681' title='bbox 455 2601 486 2620; x_wconf 87' lang='lat' dir='ltr'><strong>ac</strong></span> <span class='ocrx_word' id='word_1_682' title='bbox 501 2593 629 2621; x_wconf 78' lang='lat' dir='ltr'><strong>fratribus</strong></span> <span class='ocrx_word' id='word_1_683' title='bbox 643 2594 707 2623; x_wconf 80' lang='lat' dir='ltr'><strong>luis,</strong></span> <span class='ocrx_word' id='word_1_684' title='bbox 723 2595 861 2627; x_wconf 86' lang='lat' dir='ltr'><strong>quomodo</strong></span> <span class='ocrx_word' id='word_1_685' title='bbox 881 2602 934 2620; x_wconf 88' lang='lat' dir='ltr'><strong>tton</strong></span> <span class='ocrx_word' id='word_1_686' title='bbox 952 2593 1021 2620; x_wconf 83' lang='lat' dir='ltr'><strong>foret</strong></span> 
     </span>
    </p>
   </div>
   <div class='ocr_carea' id='block_1_100' title="bbox 237 2639 1021 2674">
    <p class='ocr_par' dir='ltr' id='par_1_100' title="bbox 237 2639 1021 2674">
     <span class='ocr_line' id='line_1_100' title="bbox 237 2639 1021 2674; baseline 0.003 -10"><span class='ocrx_word' id='word_1_687' title='bbox 237 2639 313 2666; x_wconf 85' lang='lat' dir='ltr'><strong>nobis</strong></span> <span class='ocrx_word' id='word_1_688' title='bbox 328 2639 604 2673; x_wconf 81' lang='lat' dir='ltr'><strong>peccatoribuscausa</strong></span> <span class='ocrx_word' id='word_1_689' title='bbox 620 2639 849 2671; x_wconf 72' lang='lat' dir='ltr'><strong>ltetandi;eumtu</strong></span> <span class='ocrx_word' id='word_1_690' title='bbox 861 2640 1021 2674; x_wconf 68' lang='lat' dir='ltr'><strong>prmscrtim,</strong></span> 
     </span>
    </p>
   </div>
   <div class='ocr_carea' id='block_1_101' title="bbox 237 2684 1022 2720">
    <p class='ocr_par' dir='ltr' id='par_1_101' title="bbox 237 2684 1022 2720">
     <span class='ocr_line' id='line_1_101' title="bbox 237 2684 1022 2720; baseline 0.001 -10"><span class='ocrx_word' id='word_1_691' title='bbox 237 2685 282 2719; x_wconf 87' lang='lat' dir='ltr'><strong>qui</strong></span> <span class='ocrx_word' id='word_1_692' title='bbox 299 2685 457 2719; x_wconf 76' lang='lat' dir='ltr'><strong>coryplnrus</strong></span> <span class='ocrx_word' id='word_1_693' title='bbox 471 2693 509 2715; x_wconf 81' lang='lat' dir='ltr'><strong>es,</strong></span> <span class='ocrx_word' id='word_1_694' title='bbox 527 2684 664 2711; x_wconf 88' lang='lat' dir='ltr'><strong>constanti</strong></span> <span class='ocrx_word' id='word_1_695' title='bbox 687 2685 778 2711; x_wconf 86' lang='lat' dir='ltr'><strong>animo</strong></span> <span class='ocrx_word' id='word_1_696' title='bbox 803 2685 852 2717; x_wconf 81' lang='lat' dir='ltr'><strong>sis.</strong></span> <span class='ocrx_word' id='word_1_697' title='bbox 871 2690 954 2720; x_wconf 89' lang='lat' dir='ltr'><strong>atque</strong></span> <span class='ocrx_word' id='word_1_698' title='bbox 970 2685 1022 2711; x_wconf 87' lang='lat' dir='ltr'><strong>huc</strong></span> 
     </span>
    </p>
   </div>
   <div class='ocr_carea' id='block_1_102' title="bbox 236 2731 1024 2766">
    <p class='ocr_par' dir='ltr' id='par_1_102' title="bbox 236 2731 1024 2766">
     <span class='ocr_line' id='line_1_102' title="bbox 236 2731 1024 2766; baseline -0.001 -8"><span class='ocrx_word' id='word_1_699' title='bbox 236 2731 300 2759; x_wconf 88' lang='lat' dir='ltr'><strong>illuc</strong></span> <span class='ocrx_word' id='word_1_700' title='bbox 317 2731 414 2758; x_wconf 79' lang='lat' dir='ltr'><strong>feraris</strong></span> <span class='ocrx_word' id='word_1_701' title='bbox 441 2739 488 2766; x_wconf 88' lang='lat' dir='ltr'><strong>per</strong></span> <span class='ocrx_word' id='word_1_702' title='bbox 502 2731 630 2766; x_wconf 81' lang='lat' dir='ltr'><strong>epistolas</strong></span> <span class='ocrx_word' id='word_1_703' title='bbox 644 2731 736 2766; x_wconf 83' lang='lat' dir='ltr'><strong>plenas</strong></span> <span class='ocrx_word' id='word_1_704' title='bbox 748 2731 888 2758; x_wconf 84' lang='lat' dir='ltr'><strong>charitatis</strong></span> <span class='ocrx_word' id='word_1_705' title='bbox 908 2735 934 2758; x_wconf 86' lang='lat' dir='ltr'><strong>et</strong></span> <span class='ocrx_word' id='word_1_706' title='bbox 947 2731 1024 2757; x_wconf 88' lang='lat' dir='ltr'><strong>solli-</strong></span> 
     </span>
    </p>
   </div>
   <div class='ocr_carea' id='block_1_103' title="bbox 236 2777 1020 2812">
    <p class='ocr_par' dir='ltr' id='par_1_103' title="bbox 236 2777 1020 2812">
     <span class='ocr_line' id='line_1_103' title="bbox 236 2777 1020 2812; baseline 0.001 -9"><span class='ocrx_word' id='word_1_707' title='bbox 236 2777 364 2805; x_wconf 81' lang='lat' dir='ltr'><strong>citudinis</strong></span> <span class='ocrx_word' id='word_1_708' title='bbox 379 2785 442 2812; x_wconf 76' lang='lat' dir='ltr'><strong>erga</strong></span> <span class='ocrx_word' id='word_1_709' title='bbox 458 2786 563 2810; x_wconf 86' lang='lat' dir='ltr'><strong>omnes,</strong></span> <span class='ocrx_word' id='word_1_710' title='bbox 592 2783 620 2804; x_wconf 90' lang='grc' dir='ltr'>ιιι</span> <span class='ocrx_word' id='word_1_711' title='bbox 649 2778 737 2804; x_wconf 86' lang='lat' dir='ltr'><strong>virum</strong></span> <span class='ocrx_word' id='word_1_712' title='bbox 767 2777 888 2804; x_wconf 87' lang='lat' dir='ltr'><strong>divinum</strong></span> <span class='ocrx_word' id='word_1_713' title='bbox 920 2777 1020 2805; x_wconf 87' lang='lat' dir='ltr'><strong>decet?</strong></span> 
     </span>
    </p>
   </div>
   <div class='ocr_carea' id='block_1_104' title="bbox 238 2822 1022 2858">
    <p class='ocr_par' dir='ltr' id='par_1_104' title="bbox 238 2822 1022 2858">
     <span class='ocr_line' id='line_1_104' title="bbox 238 2822 1022 2858; baseline 0.001 -9"><span class='ocrx_word' id='word_1_714' title='bbox 238 2822 339 2850; x_wconf 84' lang='lat' dir='ltr'><strong>Deinde</strong></span> <span class='ocrx_word' id='word_1_715' title='bbox 351 2824 422 2858; x_wconf 84' lang='lat' dir='ltr'><strong>quod</strong></span> <span class='ocrx_word' id='word_1_716' title='bbox 437 2828 464 2851; x_wconf 88' lang='lat' dir='ltr'><strong>et</strong></span> <span class='ocrx_word' id='word_1_717' title='bbox 490 2823 572 2850; x_wconf 81' lang='lat' dir='ltr'><strong>frater</strong></span> <span class='ocrx_word' id='word_1_718' title='bbox 587 2823 724 2851; x_wconf 84' lang='lat' dir='ltr'><strong>Adrianus</strong></span> <span class='ocrx_word' id='word_1_719' title='bbox 745 2823 890 2850; x_wconf 88' lang='lat' dir='ltr'><strong>incolumis</strong></span> <span class='ocrx_word' id='word_1_720' title='bbox 899 2824 1022 2858; x_wconf 82' lang='lat' dir='ltr'><strong>pervenit</strong></span> 
     </span>
    </p>
   </div>
   <div class='ocr_carea' id='block_1_105' title="bbox 239 2869 1020 2904">
    <p class='ocr_par' dir='ltr' id='par_1_105' title="bbox 239 2869 1020 2904">
     <span class='ocr_line' id='line_1_105' title="bbox 239 2869 1020 2904; baseline 0.003 -8"><span class='ocrx_word' id='word_1_721' title='bbox 239 2877 325 2904; x_wconf 83' lang='lat' dir='ltr'><strong>usque</strong></span> <span class='ocrx_word' id='word_1_722' title='bbox 339 2869 371 2896; x_wconf 84' lang='lat' dir='ltr'><strong>ad</strong></span> <span class='ocrx_word' id='word_1_723' title='bbox 386 2878 432 2897; x_wconf 81' lang='lat' dir='ltr'><strong>eos</strong></span> <span class='ocrx_word' id='word_1_724' title='bbox 448 2869 494 2904; x_wconf 87' lang='lat' dir='ltr'><strong>qui</strong></span> <span class='ocrx_word' id='word_1_725' title='bbox 511 2869 572 2897; x_wconf 84' lang='lat' dir='ltr'><strong>istic</strong></span> <span class='ocrx_word' id='word_1_726' title='bbox 587 2874 660 2902; x_wconf 84' lang='lat' dir='ltr'><strong>sunt.</strong></span> <span class='ocrx_word' id='word_1_727' title='bbox 678 2869 734 2904; x_wconf 81' lang='lat' dir='ltr'><strong>jam</strong></span> <span class='ocrx_word' id='word_1_728' title='bbox 749 2877 815 2898; x_wconf 88' lang='lat' dir='ltr'><strong>cura</strong></span> <span class='ocrx_word' id='word_1_729' title='bbox 832 2869 911 2897; x_wconf 87' lang='lat' dir='ltr'><strong>levati</strong></span> <span class='ocrx_word' id='word_1_730' title='bbox 923 2877 1020 2898; x_wconf 81' lang='lat' dir='ltr'><strong>sumus</strong></span> 
     </span>
    </p>
   </div>
   <div class='ocr_carea' id='block_1_106' title="bbox 1071 2451 1861 2490">
    <p class='ocr_par' dir='ltr' id='par_1_106' title="bbox 1071 2451 1861 2490">
     <span class='ocr_line' id='line_1_106' title="bbox 1071 2451 1861 2490; baseline -0.004 -9"><span class='ocrx_word' id='word_1_731' title='bbox 1071 2455 1104 2481; x_wconf 84' lang='grc' dir='ltr'><strong>δι’</strong></span> <span class='ocrx_word' id='word_1_732' title='bbox 1121 2451 1152 2481; x_wconf 71' lang='grc' dir='ltr'><strong>οὗ</strong></span> <span class='ocrx_word' id='word_1_733' title='bbox 1166 2455 1323 2489; x_wconf 76' lang='grc' dir='ltr'>οίκονομίαν</span> <span class='ocrx_word' id='word_1_734' title='bbox 1346 2455 1495 2490; x_wconf 81' lang='grc' dir='ltr'><strong>ἡγησάμην</strong></span> <span class='ocrx_word' id='word_1_735' title='bbox 1511 2452 1582 2481; x_wconf 85' lang='grc' dir='ltr'>εἶναι</span> <span class='ocrx_word' id='word_1_736' title='bbox 1599 2454 1646 2480; x_wconf 83' lang='grc' dir='ltr'>τοῦ</span> <span class='ocrx_word' id='word_1_737' title='bbox 1669 2453 1772 2487; x_wconf 80' lang='grc' dir='ltr'><strong>ἀγαθοῦ</strong></span> <span class='ocrx_word' id='word_1_738' title='bbox 1791 2452 1861 2479; x_wconf 83' lang='grc' dir='ltr'>Θεοῦ</span> 
     </span>
    </p>
   </div>
   <div class='ocr_carea' id='block_1_107' title="bbox 1071 2500 1860 2536">
    <p class='ocr_par' dir='ltr' id='par_1_107' title="bbox 1071 2500 1860 2536">
     <span class='ocr_line' id='line_1_107' title="bbox 1071 2500 1860 2536; baseline -0.003 -8"><span class='ocrx_word' id='word_1_739' title='bbox 1071 2501 1150 2536; x_wconf 84' lang='grc' dir='ltr'>ἡμῶν</span> <span class='ocrx_word' id='word_1_740' title='bbox 1165 2501 1243 2536; x_wconf 79' lang='grc' dir='ltr'><strong>κάγὼ</strong></span> <span class='ocrx_word' id='word_1_741' title='bbox 1257 2502 1272 2528; x_wconf 79' lang='grc' dir='ltr'><em>ὁ</em></span> <span class='ocrx_word' id='word_1_742' title='bbox 1285 2502 1412 2532; x_wconf 86' lang='grc' dir='ltr'>ταπεινὸς</span> <span class='ocrx_word' id='word_1_743' title='bbox 1429 2500 1582 2527; x_wconf 77' lang='grc' dir='ltr'>ἐπιστεῖλαί</span> <span class='ocrx_word' id='word_1_744' title='bbox 1597 2509 1648 2532; x_wconf 83' lang='grc' dir='ltr'>σοι,</span> <span class='ocrx_word' id='word_1_745' title='bbox 1665 2500 1736 2535; x_wconf 83' lang='grc' dir='ltr'>ίερὸν</span> <span class='ocrx_word' id='word_1_746' title='bbox 1752 2500 1860 2527; x_wconf 79' lang='grc' dir='ltr'>τέκνον.</span> 
     </span>
    </p>
   </div>
   <div class='ocr_carea' id='block_1_108' title="bbox 1072 2546 1861 2583">
    <p class='ocr_par' dir='ltr' id='par_1_108' title="bbox 1072 2546 1861 2583">
     <span class='ocr_line' id='line_1_108' title="bbox 1072 2546 1861 2583; baseline -0.004 -9"><span class='ocrx_word' id='word_1_747' title='bbox 1072 2548 1143 2575; x_wconf 71' lang='grc' dir='ltr'>Αὐτὸ</span> <span class='ocrx_word' id='word_1_748' title='bbox 1159 2548 1210 2583; x_wconf 84' lang='grc' dir='ltr'><strong>μὲν</strong></span> <span class='ocrx_word' id='word_1_749' title='bbox 1223 2546 1269 2574; x_wconf 80' lang='grc' dir='ltr'><strong>οὖν</strong></span> <span class='ocrx_word' id='word_1_750' title='bbox 1285 2548 1315 2574; x_wconf 82' lang='grc' dir='ltr'>τὺ</span> <span class='ocrx_word' id='word_1_751' title='bbox 1328 2547 1424 2583; x_wconf 72' lang='grc' dir='ltr'>μαθεῖν</span> <span class='ocrx_word' id='word_1_752' title='bbox 1436 2548 1519 2582; x_wconf 76' lang='grc' dir='ltr'><strong>ἡμᾶς,</strong></span> <span class='ocrx_word' id='word_1_753' title='bbox 1530 2547 1570 2573; x_wconf 84' lang='grc' dir='ltr'><strong>ὃτι</strong></span> <span class='ocrx_word' id='word_1_754' title='bbox 1585 2546 1716 2579; x_wconf 81' lang='grc' dir='ltr'>ὑγιαίνεις</span> <span class='ocrx_word' id='word_1_755' title='bbox 1729 2547 1778 2572; x_wconf 71' lang='grc' dir='ltr'>σὺν</span> <span class='ocrx_word' id='word_1_756' title='bbox 1792 2546 1861 2571; x_wconf 75' lang='grc' dir='ltr'>πᾶσι</span> 
     </span>
    </p>
   </div>
   <div class='ocr_carea' id='block_1_109' title="bbox 1072 2590 1859 2629">
    <p class='ocr_par' dir='ltr' id='par_1_109' title="bbox 1072 2590 1859 2629">
     <span class='ocr_line' id='line_1_109' title="bbox 1072 2590 1859 2629; baseline -0.004 -8"><span class='ocrx_word' id='word_1_757' title='bbox 1072 2596 1128 2626; x_wconf 78' lang='grc' dir='ltr'>τοῖς</span> <span class='ocrx_word' id='word_1_758' title='bbox 1145 2594 1325 2629; x_wconf 74' lang='grc' dir='ltr'>ὁμολογηταῖς</span> <span class='ocrx_word' id='word_1_759' title='bbox 1341 2595 1389 2621; x_wconf 74' lang='grc' dir='ltr'><strong>καὶ</strong></span> <span class='ocrx_word' id='word_1_760' title='bbox 1404 2594 1527 2628; x_wconf 79' lang='grc' dir='ltr'>ἀδελφοῖς</span> <span class='ocrx_word' id='word_1_761' title='bbox 1543 2601 1590 2619; x_wconf 84' lang='grc' dir='ltr'><strong>σου</strong></span> <span class='ocrx_word' id='word_1_762' title='bbox 1601 2601 1608 2609; x_wconf 88' lang='grc'>·</span> <span class='ocrx_word' id='word_1_763' title='bbox 1626 2592 1685 2624; x_wconf 80' lang='grc' dir='ltr'><strong>πῶς</strong></span> <span class='ocrx_word' id='word_1_764' title='bbox 1700 2590 1780 2627; x_wconf 63' lang='grc' dir='ltr'><strong>[Βρε-</strong></span> <span class='ocrx_word' id='word_1_765' title='bbox 1796 2593 1859 2619; x_wconf 77' lang='lat' dir='ltr'><strong>cod.</strong></span> 
     </span>
    </p>
   </div>
   <div class='ocr_carea' id='block_1_110' title="bbox 1073 2637 1861 2676">
    <p class='ocr_par' dir='ltr' id='par_1_110' title="bbox 1073 2637 1861 2676">
     <span class='ocr_line' id='line_1_110' title="bbox 1073 2637 1861 2676; baseline -0.005 -9"><span class='ocrx_word' id='word_1_766' title='bbox 1073 2641 1160 2675; x_wconf 85' lang='grc' dir='ltr'>πόσης</span> <span class='ocrx_word' id='word_1_767' title='bbox 1205 2640 1318 2676; x_wconf 79' lang='grc' dir='ltr'>χαρᾶς]</span> <span class='ocrx_word' id='word_1_768' title='bbox 1347 2641 1398 2666; x_wconf 77' lang='grc' dir='ltr'><strong>οὐκ</strong></span> <span class='ocrx_word' id='word_1_769' title='bbox 1433 2639 1466 2667; x_wconf 88' lang='grc' dir='ltr'>ἂν</span> <span class='ocrx_word' id='word_1_770' title='bbox 1500 2637 1556 2666; x_wconf 80' lang='grc' dir='ltr'>εἷεν</span> <span class='ocrx_word' id='word_1_771' title='bbox 1584 2639 1650 2674; x_wconf 84' lang='grc' dir='ltr'>ἡμῖν</span> <span class='ocrx_word' id='word_1_772' title='bbox 1678 2639 1736 2669; x_wconf 83' lang='grc' dir='ltr'>τοῖς</span> <span class='ocrx_word' id='word_1_773' title='bbox 1764 2638 1861 2672; x_wconf 82' lang='grc' dir='ltr'>ἁμαρ-</span> 
     </span>
    </p>
   </div>
   <div class='ocr_carea' id='block_1_111' title="bbox 1073 2683 1862 2722">
    <p class='ocr_par' dir='ltr' id='par_1_111' title="bbox 1073 2683 1862 2722">
     <span class='ocr_line' id='line_1_111' title="bbox 1073 2683 1862 2722; baseline -0.004 -9"><span class='ocrx_word' id='word_1_774' title='bbox 1073 2687 1167 2718; x_wconf 82' lang='grc' dir='ltr'>τωλοῖς</span> <span class='ocrx_word' id='word_1_775' title='bbox 1190 2687 1277 2722; x_wconf 68' lang='grc' dir='ltr'>χαρὰ”</span> <span class='ocrx_word' id='word_1_776' title='bbox 1301 2685 1347 2712; x_wconf 87' lang='grc' dir='ltr'><strong>σοῦ</strong></span> <span class='ocrx_word' id='word_1_777' title='bbox 1367 2686 1484 2721; x_wconf 83' lang='grc' dir='ltr'>μάλιστα.</span> <span class='ocrx_word' id='word_1_778' title='bbox 1508 2685 1556 2711; x_wconf 84' lang='grc' dir='ltr'>τοῦ</span> <span class='ocrx_word' id='word_1_779' title='bbox 1579 2683 1795 2719; x_wconf 74' lang='grc' dir='ltr'>κορυφαιοτάτου</span> <span class='ocrx_word' id='word_1_780' title='bbox 1818 2684 1862 2710; x_wconf 69' lang='lat'><strong>5&#39;3-</strong></span> 
     </span>
    </p>
   </div>
   <div class='ocr_carea' id='block_1_112' title="bbox 1075 2729 1862 2767">
    <p class='ocr_par' dir='ltr' id='par_1_112' title="bbox 1075 2729 1862 2767">
     <span class='ocr_line' id='line_1_112' title="bbox 1075 2729 1862 2767; baseline -0.005 -9"><span class='ocrx_word' id='word_1_781' title='bbox 1075 2731 1246 2764; x_wconf 68' lang='lat' dir='ltr'><strong>araOoﬁwog,</strong></span> <span class='ocrx_word' id='word_1_782' title='bbox 1261 2732 1309 2758; x_wconf 65' lang='grc' dir='ltr'><strong>καὶ</strong></span> <span class='ocrx_word' id='word_1_783' title='bbox 1325 2731 1598 2767; x_wconf 80' lang='grc' dir='ltr'>συμπεριφερομένου</span> <span class='ocrx_word' id='word_1_784' title='bbox 1615 2729 1736 2764; x_wconf 77' lang='grc' dir='ltr'>τῷλόγῳ</span> <span class='ocrx_word' id='word_1_785' title='bbox 1748 2729 1862 2763; x_wconf 70' lang='grc' dir='ltr'>ἀγάπης</span> 
     </span>
    </p>
   </div>
   <div class='ocr_carea' id='block_1_113' title="bbox 1074 2776 1862 2814">
    <p class='ocr_par' dir='ltr' id='par_1_113' title="bbox 1074 2776 1862 2814">
     <span class='ocr_line' id='line_1_113' title="bbox 1074 2776 1862 2814; baseline -0.004 -10"><span class='ocrx_word' id='word_1_786' title='bbox 1074 2779 1122 2805; x_wconf 78' lang='grc' dir='ltr'><strong>καὶ</strong></span> <span class='ocrx_word' id='word_1_787' title='bbox 1146 2778 1286 2814; x_wconf 83' lang='grc' dir='ltr'>φροντίδος</span> <span class='ocrx_word' id='word_1_788' title='bbox 1311 2778 1380 2814; x_wconf 82' lang='grc' dir='ltr'>πρὸς</span> <span class='ocrx_word' id='word_1_789' title='bbox 1401 2778 1526 2808; x_wconf 75' lang='grc' dir='ltr'><strong>ἅπαντας</strong></span> <span class='ocrx_word' id='word_1_790' title='bbox 1550 2776 1725 2811; x_wconf 73' lang='grc' dir='ltr'>θεοπρεπῶςς</span> <span class='ocrx_word' id='word_1_791' title='bbox 1745 2776 1862 2801; x_wconf 76' lang='grc' dir='ltr'>Ἔπειτα</span> 
     </span>
    </p>
   </div>
   <div class='ocr_carea' id='block_1_114' title="bbox 1074 2821 1862 2859">
    <p class='ocr_par' dir='ltr' id='par_1_114' title="bbox 1074 2821 1862 2859">
     <span class='ocr_line' id='line_1_114' title="bbox 1074 2821 1862 2859; baseline -0.005 -9"><span class='ocrx_word' id='word_1_792' title='bbox 1074 2825 1115 2851; x_wconf 85' lang='grc' dir='ltr'><strong>ὅτι</strong></span> <span class='ocrx_word' id='word_1_793' title='bbox 1129 2824 1177 2851; x_wconf 77' lang='grc' dir='ltr'><strong>καὶ</strong></span> <span class='ocrx_word' id='word_1_794' title='bbox 1192 2825 1205 2849; x_wconf 75' lang='grc' dir='ltr'><strong>ὁ</strong></span> <span class='ocrx_word' id='word_1_795' title='bbox 1220 2823 1334 2858; x_wconf 77' lang='grc' dir='ltr'>ἀδελφὸς</span> <span class='ocrx_word' id='word_1_796' title='bbox 1351 2823 1489 2859; x_wconf 77' lang='grc' dir='ltr'><strong>Ἀδριανὸς</strong></span> <span class='ocrx_word' id='word_1_797' title='bbox 1503 2823 1694 2850; x_wconf 80' lang='grc' dir='ltr'>ἀποσέσωσται</span> <span class='ocrx_word' id='word_1_798' title='bbox 1712 2821 1796 2856; x_wconf 81' lang='grc' dir='ltr'>μέχρι</span> <span class='ocrx_word' id='word_1_799' title='bbox 1808 2821 1862 2847; x_wconf 80' lang='grc' dir='ltr'><strong>τῶν</strong></span> 
     </span>
    </p>
   </div>
   <div class='ocr_carea' id='block_1_115' title="bbox 1075 2868 1860 2905">
    <p class='ocr_par' dir='ltr' id='par_1_115' title="bbox 1075 2868 1860 2905">
     <span class='ocr_line' id='line_1_115' title="bbox 1075 2868 1860 2905; baseline -0.006 -8"><span class='ocrx_word' id='word_1_800' title='bbox 1075 2870 1181 2902; x_wconf 69' lang='grc' dir='ltr'>αὐτόθι,</span> <span class='ocrx_word' id='word_1_801' title='bbox 1200 2869 1350 2905; x_wconf 77' lang='grc' dir='ltr'>ἁνείθημεν</span> <span class='ocrx_word' id='word_1_802' title='bbox 1369 2870 1419 2904; x_wconf 79' lang='grc' dir='ltr'><strong>τῆς</strong></span> <span class='ocrx_word' id='word_1_803' title='bbox 1441 2869 1589 2905; x_wconf 77' lang='grc' dir='ltr'>μερίμνης,</span> <span class='ocrx_word' id='word_1_804' title='bbox 1608 2868 1860 2903; x_wconf 73' lang='grc' dir='ltr'>εὐχαριστήσαντες</span> 
     </span>
    </p>
   </div>
  </div>
