1923 3078
40 152 110 186 i277

638 153 907 186 EPISTOLARUM
928 156 1002 188 LIB.
1023 157 1068 188 lf.‘

1600 162 1670 194 1278

38 212 78 246 τῷ
94 211 204 247 Κυρίῳ·
220 213 245 239 εί
264 212 310 239 καὶ
331 212 372 240 ὅτι
395 212 481 239 είσαεὶ
495 211 539 239 διὰ
554 211 600 239 τὸν
615 212 730 247 ἀδελφὺν
749 213 826 239 Ἐπι-

887 217 903 240 tt
915 218 1009 248 grates
1034 212 1149 241 Domino
1175 214 1303 249 egimus:
1327 223 1484 252 quanquam
1505 225 1613 253 semper
1635 223 1672 247 ob

39 260 145 294 φάνιον,
170 258 242 285 καοὰ
258 259 450 296 προεδήλωσας
466 259 634 294 ἐμμέριμνοί
656 260 758 294 ἐσμεν,
778 259 827 286 καὶ

40 304 251 340 ἑμπαρἀκευοι
283 305 352 340 πρὸς
378 305 542 341 πειρασμὸν,
571 305 765 340 ὑπονοούμενοι
794 305 829 332 τὰ

40 349 218 385 ὑᾷορμῶντα,
237 350 309 377 κατὰ
324 350 354 376 τὸ
368 351 451 382 εἰκός.
465 350 539 386 Ὅπη
563 351 592 378 δὲ
605 350 644 386 τῷ
663 350 723 386 Θεῷ
742 351 829 386 φίλον,

41 395 129 429 ἐχέτω
157 395 244 422 ταῦτα
270 396 317 423 καὶ
351 396 470 430 ἀγέσθω·
506 397 570 430 Τοῖς
592 396 730 432 ἀγαπῶσι
756 397 831 424 Θεὸν

46 440 146 467 πάντα
169 441 312 476 συνεργεῖ
322 442 366 474 εις
380 441 413 468 τὸ
428 442 555 476 ἀγαθόν’
571 441 607 474 ὦς
623 451 706 477 φησιν
724 443 739 469 ό
759 442 830 478 ἱερὸς

43 486 133 521 λόγος.
152 487 296 519 Τοιούτους
310 488 394 522 ἡμᾶς,
407 487 514 522 ἀδελφέ,
528 488 679 524 προσεύχου
692 489 829 522 γενέσϐαν

40 533 92 560 κᾶν
108 535 218 569 μακράν
233 533 318 568 ἐσμεν
331 534 385 560 ἀπὸ
399 533 467 560 Θεοῦ
482 536 542 565 ταῖς
557 534 706 569 ἁμαρτίαις
717 542 723 549 ’
740 534 786 561 καὶ
799 534 830 561 οὐ

40 579 255 615 φοὸηθησόμεοα
278 580 304 606 τί
329 581 469 615 ποιήσειεν
491 582 558 616 ἡμῖν
573 580 726 615 ἄνθρωπος.
747 581 831 608 Οὐδὲν

39 624 86 652 οὖν
102 626 234 657 τοιοῦτον,
257 624 313 653 οἷον
325 624 395 663 ᾖσας
408 627 475 661 ἡμῖν
489 627 668 660 καταστέφων
681 627 738 658 τοῖς
752 626 831 653 ἐπαί-

38 680 107 703 νοις,
123 672 292 706 ὑπέστημεν.
309 672 340 698 Et
355 672 385 698 δὲ
399 672 446 699 καί
463 681 489 699 τι
503 671 602 704 δεξιὸν,
613 672 682 699 ἀλλὰ
694 671 831 699 καὶτοῦτο

38 719 72 746 δι’
92 719 166 754 ὑμᾶς
179 719 227 745 καὶ⁸
249 719 294 753 ὑφ’
312 718 407 754 ὑμῶν·
431 719 491 750 ταῖς
515 718 607 753 εὐχαῖς
625 717 831 753 δυναμωοέντες

39 765 86 791 καὶ
109 764 282 796 ἀξιωθέντες.
298 765 348 799 Εῖη
365 765 412 791 καὶ
426 765 494 799 πρὸς
507 764 538 790 τὸ
560 764 623 799 ἑξῆς
638 765 669 790 τὸ
686 764 760 795 ἔλεος
781 762 830 790 τοῦ

40 810 146 845 Κυρίου
161 811 203 844 ἐφ’
226 811 300 845 ἡμᾶς
312 811 375 842 τοὺς
389 811 526 843 ἀναξϋιυς.
543 810 650 846 ’Ἧσθην
665 811 707 837 ὃτι
721 818 828 844 συμπε-

881 258 994 286 fratrem
1012 259 1205 294 Epiphanium,
1232 262 1460 294 quemadmodum
1479 268 1543 290 ante
1560 265 1670 298 signiti-

882 305 961 336 casti,
974 304 1083 332 solliciti
1099 310 1125 332 et
1141 305 1215 332 anxii
1232 314 1327 334 sumus
1338 312 1364 334 et
1379 308 1412 334 ad
1429 309 1604 336 tentatioucm
1621 317 1670 344 pa-

881 351 944 383 rati,
958 350 1082 383 adversa,
1096 357 1125 378 ut
1141 360 1189 386 par
1200 357 1251 384 cst,
1268 353 1359 379 animo
1376 359 1580 388 prtesumentes.
1597 355 1672 388 Quo-

882 403 991 430 rnuqne
1007 400 1096 422 autem
1131 396 1212 423 modo
1234 396 1288 423 Deo
1310 397 1429 429 libuerit,
1454 398 1550 426 cedant
1573 400 1624 426 ista
1644 405 1672 427 ct

882 442 999 469 evadant
1015 450 1022 471 :
1043 441 1217 476 Diligenlibus
1235 442 1317 470 Deum
1329 443 1418 470 omnia
1442 450 1619 478 cooperantur
1643 446 1670 472 in

882 487 978 514 bonum
992 489 1015 504 ⁶²
1027 509 1035 521 ,
1051 493 1081 515 ut
1094 489 1170 515 aiunt
1193 497 1277 516 sacrae
1299 491 1412 524 pagina;
1429 490 1508 518 Tnlrs
1527 499 1576 518 nos
1602 492 1671 526 ﬁeri,

882 532 976 565 frater,
993 541 1076 560 exora
1093 543 1099 560 :
1115 541 1271 569 quanquam
1292 535 1326 561 oh
1339 540 1449 569 peccata
1478 537 1597 570 procula
1617 537 1672 564 Deo

882 579 1013 607 absumus
1027 588 1033 606 :
1053 581 1266 607 ncclimebintus
1280 581 1343 616 quid
1354 580 1436 608 faciat
1447 583 1525 609 nobis
1540 583 1621 610 homo
1638 583 1671 610 ".

881 623 954 651 Nihil
992 625 1085 660 utique
1112 627 1167 653 tale
1199 627 1318 662 perpessi
1354 635 1449 655 sunmus
1480 629 1560 663 quale
1598 636 1673 656 com-

882 673 1053 705 memorasti,
1069 671 1196 700 laudibus
1212 680 1262 700 nos
1280 681 1426 701 exornans.
1457 673 1485 700 Si
1502 674 1566 708 quid
1580 679 1671 702 autem

882 721 925 744 est
937 717 1049 752 dignum
1071 718 1160 752 laude,
1187 718 1260 746 istud
1277 728 1340 748 vero
1370 720 1459 755 ipsum
1478 725 1591 756 propter
1618 729 1670 749 vos

882 767 909 790 et
922 770 937 790 a
955 763 1034 790 vobis
1050 768 1091 791 est
1107 773 1113 791 :
1128 764 1254 799 precibus
1271 766 1368 793 Vestris
1384 766 1516 800 robor-ali,
1541 767 1672 802 digniqne

882 808 966 836 habiti
983 817 1088 837 sumus.
1104 809 1214 837 Utinam
1239 815 1266 837 et
1282 811 1408 846 deinceps
1433 811 1564 839 Dominus
1588 813 1672 840 mise-

42 856 189 891 ριηνέχθης
203 858 235 892 τῇ
251 857 384 892 πατρικίᾳ
396 858 423 883 ὲν
433 857 537 893 Κυρίῳ,
548 857 594 884 καὶ
608 845 686 883 τοῦτο
696 857 729 883 δι’
743 857 827 892 ἡμᾶς.

887 854 1027 881 ricordiam
1050 854 1128 882 nobis
1152 855 1215 882 licet
1242 856 1360 890 indignis
1379 845 1528 884 exhibeat.
1552 857 1673 886 Gavisus

41 901 97 927 Καὶ
124 901 179 936 γὰρ
208 901 322 936 κάκείνη
345 901 411 928 αὐτὸ
433 901 512 928 τοῦτό
540 910 584 937 μοι
604 901 755 936 δεδήλωκε·
783 901 829 927 καὶ

41 947 194 982 προσετέθη
231 948 331 982 μᾶλλον
361 948 549 982 ἀγαθοποιεῖν.
583 949 621 974 Δι’
651 948 727 983 ἡμᾶς
760 947 829 983 ζῇς,

40 993 156 1027 ἀδελφέ·
172 993 240 1020 ἀλλὰ
256 994 303 1021 καὶ
321 995 402 1029 ἡμεῖς
425 995 459 1021 δι’
484 995 568 1029 ὑμᾶς.
587 995 632 1028 Μὴ
649 993 773 1028 Θαύμαζε
789 994 830 1020 ὅτι

41 1039 259 1074 κορυϐαντιῶσιν
279 1041 303 1067 oi
321 1040 548 1076 Χριστοδιῶκται,
573 1040 634 1076 μηδ’
648 1040 689 1067 ὅτι
705 1039 830 1074 ἀνέχεται

41 1086 172 1121 Χριστός.
190 1087 236 1113 Δεῖ
248 1087 338 1114 πάντα
362 1087 538 1122 τελεσθῆναι·
562 1087 607 1114 ἵνα
622 1088 669 1114 καὶ
684 1087 708 1114 οἱ
723 1087 831 1122 δόκιμοι

42 1133 228 1168 φανερώτεροι
249 1133 427 1169 ὲκλάμψωσι·
451 1135 499 1161 καὶ
517 1135 542 1161 oi
559 1135 723 1169 ἀνομοῠντες
741 1134 831 1160 τέλεον

41 1177 208 1203 ἀποτίσωσιν
230 1174 266 1204 ὧν
290 1179 452 1213 εἰργάσαντο
478 1178 528 1214 τὴν
557 1179 742 1213 ἀντιμισθίαν.
767 1179 832 1205 Ἀπ-

42 1222 164 1249 έσταλκά
175 1231 216 1249 σοι
228 1222 402 1258 βιὸλιδάκιον.
418 1224 464 1250 καὶ
476 1223 607 1259 τετράδας
618 1224 830 1258 δεκατέσσαρας·

42 1269 84 1302 ἐφ’
101 1265 141 1299 οἷς
163 1269 217 1294 εισι
241 1268 314 1302 λόγοι
331 1269 378 1296 καὶ
403 1269 454 1304 βίοι
471 1269 525 1296 τῶν
545 1269 668 1303 ἀδελφῶν
683 1270 832 1305 ἐμμέτροις

44 1313 164 1348 πίλοις·
181 1313 252 1349 ἅπερ
268 1314 401 1348 ἀναγνοὺς
423 1314 502 1346 αὐτός
518 1323 547 1341 τε
566 1314 612 1341 καί
629 1323 702 1346 τινες
714 1313 769 1341 τῶν
789 1323 834 1341 πι-

43 1359 115 1386 στῶν
144 1360 278 1394 ἀδελφῶν,
307 1360 436 1394 ἀσφαλῶς
459 1360 645 1396 κατάκρυψον.
676 1360 759 1387 Οὐδὲν
787 1358 833 1387 οὖν

43 1406 124 1437 ποιῶ,
140 1406 249 1440 ἁδελφὲ,
263 1406 338 1440 ἄξιον
353 1406 450 1441 λόγου·
465 1406 523 1433 ἀλλ’
538 1407 632 1442 ἐπειδὴ
644 1407 776 1442 εὑκαιρῶ,
786 1407 834 1433 καὶ

43 1452 139 1487 ἐπειδὴ
157 1453 292 1488 νύσσομαι
323 1453 360 1485 ὡς
383 1453 436 1480 ὑπὸ
459 1453 507 1480 τοῦ
533 1453 611 1487 ἁγίου
637 1461 686 1488 μου
710 1453 833 1488 Πατρός·

45 1498 156 1524 ἁκούων
178 1507 207 1525 τε
235 1499 317 1526 πάλιν
349 1500 396 1526 τοῦ
418 1499 491 1526 Θείου
518 1499 626 1526 Παύλου
651 1499 776 1533 λέγοντος
795 1500 834 1535 τῷ

44 1545 117 1580 ἁγίῳ
134 1545 274 1581 Τιμοθέῳ·
290 1545 339 1578 Μὴ
352 1545 457 1580 ἀμέλει
471 1546 523 1573 τοῦ
533 1546 569 1572 ἐν
579 1546 629 1573 σοι
639 1546 834 1580 χαρίσματος·

45 1592 84 1622 ὡς
109 1592 220 1624 ἀνάξιος
245 1591 316 1626 μετὰ
335 1592 417 1626 φόϐου
443 1593 490 1619 καὶ
514 1593 616 1628 τρόμου
633 1592 702 1619 ποιῶ
717 1592 735 1619 ἃ
754 1591 834 1619 ποιῶ.

46 1638 98 1664 Τὸν
114 1637 231 1673 ἀδελφὸν
245 1638 408 1665 Ἀθανάσιον
426 1641 475 1666 σὺν
491 1638 529 1674 τῷ
542 1639 735 1674 παροικονόμῳ
750 1639 837 1665 ἄσπα-

47 1691 103 1710 nt.
125 1683 157 1709 Et
181 1684 229 1710 καὶ
260 1683 377 1720 ἔγραψα,
407 1684 445 1716 ὡς
469 1685 510 1711 ὅτι
535 1685 659 1721 εἰσῆλθεν
686 1686 700 1712 ὁ
723 1684 837 1718 ἀδελφὸς

53 1729 195 1764 Ἁδριανὸς
207 1750 214 1761 ,
231 1730 336 1764 ἀγνοῶν
354 1729 445 1757 εἶπον·
464 1730 577 1766 ὕστερον
599 1731 692 1766 μαθὼν
705 1731 746 1757 ὅτι
760 1730 838 1758 οῠπω

48 1776 165 1809 ἔφθασεν
193 1776 276 1811 ἡνίκα
309 1777 478 1809 ἐπέστειλας.
511 1777 540 1803 '0
565 1777 678 1812 ἁδελφὸς
704 1777 836 1810 Νικόλαος

48 1822 164 1849 πλεῖστά.
189 1831 219 1848 σε
243 1823 463 1858 προσαγορεύει,
489 1823 646 1859 αἰδούμενος
660 1824 724 1855 τοὺς
740 1823 836 1858 λόγους

49 1877 106 1895 σου.
137 1869 168 1895 '0
190 1869 292 1904 Κύριος
316 1871 386 1905 μετὰ
399 1869 447 1897 τοῦ
461 1870 618 1906 πνεύματός
640 1879 699 1904 σου,
725 1869 837 1904 ἁδελφό-

49 1923 146 1943 πατεο.

236 2049 295 2078 EB’.
311 2066 342 2072 —-
354 2050 538 2085 Καεήχησις.
559 2051 657 2088 [υλς’.]

881 908 939 928 sum
948 900 1019 934 qttod
1035 908 1096 927 cum
1112 901 1225 935 patricia
1239 902 1353 928 comiter
1365 902 1390 928 iu
1406 902 1521 929 Domino
1533 907 1560 930 et
1583 903 1674 930 indul-

880 951 973 980 genter
987 947 1085 981 egeris,
1101 947 1182 982 idque
1199 952 1310 981 propter
1325 956 1386 975 nos.
1404 947 1470 974 Nam
1492 940 1519 976 et
1541 949 1586 976 illa
1605 949 1674 976 mihi

882 992 952 1019 istud
965 992 1052 1027 ipsum
1062 993 1240 1028 signiﬁcavit:
1255 994 1428 1029 decrevitque
1440 995 1501 1029 plus
1513 995 1593 1022 solito
1606 996 1675 1023 bene

882 1037 986 1065 facere.
1001 1037 1113 1073 Propter
1134 1048 1182 1065 nos
1198 1040 1276 1072 vivis,
1293 1040 1395 1067 frater:
1416 1041 1462 1067 sed
1478 1047 1504 1068 et
1532 1049 1581 1068 nos
1596 1048 1674 1076 teque

882 1089 994 1119 propter
1024 1092 1084 1111 vos.
1113 1084 1173 1112 Noli
1197 1086 1290 1113 mirari
1322 1086 1394 1121 quod
1424 1086 1525 1113 Christi
1547 1094 1675 1121 persecu-

881 1133 953 1156 tores
980 1129 1129 1163 insaniant,
1146 1135 1193 1157 aut
1213 1131 1287 1166 quod
1317 1131 1443 1159 Christus
1468 1132 1567 1159 tacitus
1592 1132 1673 1160 ferat.

882 1173 1325 1210 Oportetomniaconsummari“,
1335 1178 1419 1212 utqui
1432 1178 1536 1212 probati
1547 1183 1610 1206 sunt
1622 1186 1666 1206 ma

885 1220 1013 1248 nifestius
1033 1220 1165 1256 fulgeant,
1177 1228 1204 1250 et
1220 1222 1305 1257 iniqui
1318 1224 1427 1251 tandem
1446 1232 1539 1251 eorum
1553 1233 1613 1259 qua:
1625 1232 1675 1260 pa-

885 1267 982 1294 trarint
992 1275 1088 1302 pceuas
1099 1268 1185 1295 luant.
1196 1269 1254 1296 Misi
1268 1270 1300 1296 ad
1312 1274 1336 1296 te
1348 1269 1468 1296 libellum
1482 1275 1509 1297 et
1519 1271 1676 1305 quaternio-

886 1321 935 1340 nes
952 1314 1168 1347 quatuordecim,
1181 1315 1206 1342 in
1219 1316 1318 1350 quibus
1330 1320 1393 1342 sunt
1405 1324 1555 1348 sermones.
1568 1321 1595 1344 et
1607 1316 1676 1345 Vitae

885 1359 999 1393 fratrum
1018 1361 1130 1388 metrico
1143 1362 1264 1389 carmine
1281 1371 1288 1389 :
1306 1370 1367 1397 quae
1393 1371 1454 1390 cum
1473 1367 1499 1390 tu
1526 1362 1633 1398 legeris,
1648 1368 1676 1391 et

885 1406 980 1433 elidis
1009 1405 1140 1434 fratribus
1165 1408 1304 1440 nonnulli;
1333 1408 1474 1443 diligenter
1503 1409 1673 1437 abscondito.

885 1452 960 1480 Nihil
977 1454 1105 1488 equidem
1126 1461 1189 1489 ago,
1210 1453 1303 1485 frater,
1328 1454 1400 1488 quod
1416 1453 1498 1481 ullius
1520 1453 1597 1488 pretii
1621 1455 1674 1481 sit:

888 1499 935 1526 sed
954 1500 1084 1534 quoniam
1099 1500 1165 1526 mihi
1185 1500 1304 1534 suppetit
1319 1500 1405 1526 otiutu
1419 1519 1426 1532 ,
1445 1507 1477 1527 ac
1492 1499 1574 1527 veluti
1589 1500 1675 1527 exsti-

888 1545 977 1571 mulor
994 1553 1009 1572 a
1026 1550 1120 1572 sancto
1140 1544 1218 1572 Patre
1233 1552 1305 1578 meo,
1320 1553 1485 1580 rursumque
1506 1545 1588 1572 audio
1603 1545 1676 1572 divi-

888 1599 953 1618 num
969 1591 1084 1618 Paultnn
1099 1591 1132 1618 ad
1152 1598 1276 1619 sanctum
1305 1591 1480 1619 Timotheum
1501 1592 1538 1618 ita
1551 1591 1676 1619 scriben-

888 1642 940 1664 tcm
959 1646 965 1664 :
984 1637 1049 1664 Noli
1068 1638 1195 1672 negligere
1211 1638 1325 1673 gratiam
1340 1646 1398 1673 qua
1412 1638 1438 1664 in
1465 1642 1488 1664 te
1503 1642 1540 1664 est
1559 1637 1580 1653 ⁸⁵
1596 1642 1677 1671 ;tan-

888 1691 970 1718 quam
991 1684 1119 1719 indignus
1133 1692 1193 1711 cuin
1210 1683 1309 1711 timore
1323 1691 1356 1711 ac
1379 1688 1497 1712 tremore
1519 1684 1588 1712 facio
1615 1692 1676 1718 qum

889 1728 971 1755 fario.
1003 1728 1123 1755 Fratrem
1141 1729 1323 1756 Athanasium
1340 1737 1403 1756 cum
1421 1730 1558 1757 (economi
1573 1730 1676 1757 vicario

889 1776 988 1803 saluta.
1007 1774 1040 1801 Et
1054 1775 1076 1802 si
1088 1775 1184 1809 scripsi
1207 1775 1317 1802 fratrem
1344 1775 1495 1802 Adrianum
1512 1776 1562 1802 iter
1585 1774 1677 1802 confe-

889 1821 972 1853 cisse,
999 1822 1127 1857 ignorans
1164 1821 1244 1849 dixi:
1269 1823 1444 1856 postmodum
1465 1822 1584 1849 intellexi
1613 1829 1676 1849 eutn

890 1868 1012 1894 nondum
1027 1868 1184 1902 pervenisse
1202 1875 1264 1895 cum
1279 1868 1312 1895 ad
1341 1876 1384 1894 me
1410 1868 1555 1902 scripsisti.
1580 1867 1677 1894 Frater

889 1913 1018 1940 Nicolaus
1029 1914 1173 1948 plurimam
1185 1913 1302 1941 salutem
1316 1913 1399 1946 dicit,
1409 1921 1440 1940 ac
1456 1920 1598 1940 sermones
1614 1918 1676 1939 tuos

892 1961 1038 1988 admodum
1053 1965 1203 1988 reveretur.
1215 1959 1348 1987 Dominus
1364 1967 1426 1987 cum
1439 1959 1537 1994 spiritu
1553 1964 1611 1991 tuo,
1626 1957 1678 1985 fra-

893 2010 934 2034 ter
958 2007 996 2034 mi
1014 2014 1046 2034 ac
1059 2011 1145 2042 pater.

1136 2051 1416 2079 LXil.——Calechesis.

299 2097 319 2122 Ε
331 2097 477 2128 Smyrnensi
488 2105 600 2129 carcere,
613 2099 739 2130 dispersos
753 2099 841 2124 fratres
855 2107 914 2125 suos
927 2100 1079 2124 cohortatur.
1098 2099 1198 2130 (Baron.
1212 2106 1253 2123 an.
1264 2098 1319 2127 819,
1330 2105 1354 2122 ιι.
1369 2098 1420 2129 22.)

86 2137 188 2174 Πρὼην
213 2138 277 2173 ὑμῖν
307 2138 338 2171 ἐξ
367 2139 545 2166 ’Δνατολικῶν
573 2140 837 2175 ἀναγινωσκόμενος,

51 2184 99 2212 νῦν
109 2185 165 2211 ἀπὸ
176 2184 342 2220 Θρᾳκησίων
356 2185 546 2220 ὲπιφαίνομαι.
559 2186 601 2213 Ἐν
615 2187 669 2221 γὰρ
684 2188 716 2222 τῇ
728 2187 838 2223 Σμύρνῃ

55 2231 243 2267 μεθωρίσαντο
263 2232 337 2267 ἡμᾶς
355 2233 381 2259 οἱ
398 2233 529 2268 ἄρχοντες
547 2233 594 2259 τοῦ
614 2233 712 2264 αἰῶνος
725 2233 838 2260 τούτου·

54 2279 98 2304 καὶ
113 2278 216 2313 μᾶλλον
237 2278 285 2312 τῆς
299 2278 438 2314 προτέρας
451 2278 576 2313 φυλακῆς
589 2279 791 2314 ἀσφαλέστερόν
808 2287 839 2305 τε

54 2324 100 2349 καὶ
125 2323 387 2359 πειραστικώτερον.
412 2324 489 2350 Ἀλλ’
504 2324 520 2350 ὁ
536 2325 626 2358 ,λόγος
642 2325 696 2351 τοῦ
713 2324 787 2351 Θεοῦ
805 2325 840 2352 οὐ

53 2369 172 2396 δέδεται
182 2377 188 2384 ·
204 2369 259 2396 οὐδ’
273 2370 288 2396 ὁ
299 2369 381 2401 πόθος
396 2370 513 2405 ἠρεμεῖ,
533 2371 593 2397 οὐδὲ
607 2371 623 2406 ἡ
641 2370 736 2406 ἐντολὴ
753 2378 843 2405 παρα-

55 2417 157 2451 σιωπᾷ.
183 2416 234 2443 Διὰ
258 2416 336 2442 τοῦτο
363 2417 377 2442 ὁ
401 2416 530 2448 ταπεινὸς
561 2417 642 2443 πάλιν
669 2416 841 2451 φθέγγομαι·

54 2463 171 2498 Χαίρετε
188 2464 217 2489 ὲν
229 2463 334 2498 Κυρίῳ,
349 2463 470 2498 Πατέρες
484 2463 531 2489 καὶ
545 2463 664 2496 ἀδελφοὶ,
676 2463 798 2498 χαίρετε,
818 2463 842 2489 οί

55 2509 229 2544 δεδιωγμένοι
243 2509 336 2535 ἕνεκεν
350 2508 523 2544 δικαιοσύνης
533 2516 539 2523 ·
550 2508 672 2544 χαίρετε,
686 2509 710 2535 οἱ
726 2511 754 2535 ὲν
767 2508 844 2544 ὄρεσι

57 2556 101 2582 καὶ
129 2555 274 2590 σπηλαίοις
293 2555 512 2590 ἐνδιαιτώμενοι·
534 2555 602 2582 ἀλλὰ
624 2556 678 2591 μὴν
695 2556 742 2582 καὶ
768 2556 793 2582 οἱ
815 2556 844 2582 ἐν

57 2603 162 2635 πόλεσι,
184 2602 233 2628 καὶ
260 2601 475 2636 ὲρημικωτέροις
498 2602 593 2633 τόποις
613 2601 843 2638 κρυπταζόμενοι.

59 2648 87 2675 Εἰ
110 2648 167 2683 γὰρ
197 2647 313 2674 πάντοτε
338 2647 394 2674 δεῖν
416 2648 490 2682 ἡμᾶς
514 2648 620 2682 χαίρειν
645 2648 844 2682 ἐπιτέτραπται

59 2695 132 2731 παρὰ
153 2694 193 2731 τῷ
212 2694 383 2730 ’Δποστόλῳ·
409 2695 484 2721 πόσιν)
499 2703 531 2728 γε
548 2695 647 2730 μᾶλλον
667 2696 740 2731 ἄρτι,
763 2696 845 2722 ὁπότε

60 2743 127 2778 ὑπερ
150 2741 272 2777 Χριστοῦ
287 2741 323 2768 τὰ
345 2741 495 2776 παθήματα
510 2741 558 2768 τοῦ
579 2741 785 2777 ἐγγραφομένου
805 2741 844 2776 τῷ

60 2788 174 2814 πίνακι·
191 2786 240 2813 τοῦ
255 2786 456 2822 ὲμφαινομένου
477 2787 506 2813 ὲν
527 2787 560 2821 τῇ
575 2786 664 2822 οἰκείᾳ
681 2787 782 2813 εικόνι·
797 2785 846 2812 τοῦ

94 2844 116 2860 ⁸⁸
133 2844 216 2871 Rom.
232 2851 292 2876 vni,
306 2843 352 2870 28.
390 2844 412 2860 ⁸³
427 2843 499 2871 Psal.
525 2851 596 2871 cun
610 2864 618 2876 ,
635 2844 661 2872 ti.
699 2843 722 2860 “
737 2843 748 2871 Ι
780 2843 834 2871 Cor

887 2851 901 2877 ξ,
918 2843 961 2872 19.

65 2879 185 2908 "Matth.
206 2888 248 2913 ut,
265 2879 308 2907 to.
345 2879 368 2896 ⁵⁸
381 2878 391 2906 ι
404 2879 501 2908 Thess.
512 2886 538 2911 v,
553 2880 596 2906 16.

927 2141 1019 2176 Nuper
1045 2149 1060 2168 a
1076 2141 1151 2168 vobis
1166 2141 1251 2167 lectus
1267 2148 1299 2167 ex
1314 2140 1435 2171 Oriente,
1454 2147 1527 2166 nunc
1541 2147 1573 2167 ex
1589 2139 1678 2167 Thra-

892 2188 934 2215 cia
968 2187 1102 2215 advenio.
1132 2186 1276 2222 Smyrnam
1298 2186 1369 2213 enim
1402 2192 1451 2213 nos
1481 2187 1679 2214 transtulerunt

892 2234 1030 2269 principes
1055 2233 1149 2260 saeculi
1172 2232 1265 2267 hujus,
1285 2237 1312 2259 et
1327 2231 1429 2259 arctius
1448 2239 1528 2266 quam
1551 2232 1577 2259 in
1594 2233 1678 2267 priori

893 2286 1002 2306 carcere
1029 2278 1205 2311 severiusque
1236 2277 1404 2304 custodiunt.
1429 2275 1480 2303 Sed
1497 2278 1602 2303 verbum
1628 2276 1679 2303 Dei

892 2333 945 2351 non
959 2330 997 2351 est
1022 2324 1162 2359 alligatum
1177 2324 1200 2339 °°
1214 2343 1222 2355 ,
1241 2330 1290 2350 nec
1317 2323 1432 2357 quiescit
1455 2330 1542 2356 amur,
1559 2330 1609 2350 nec
1640 2323 1679 2350 si-

892 2372 929 2398 let
947 2371 1115 2398 Inandatum.
1136 2369 1282 2404 Propterea
1300 2369 1410 2396 humilis
1430 2369 1527 2396 iterum
1560 2369 1655 2402 loquor
1670 2378 1677 2397 :

895 2416 1016 2444 Gaudete
1030 2416 1055 2442 in
1073 2415 1199 2447 Domino,
1214 2414 1310 2442 Patres
1325 2419 1351 2441 et
1364 2414 1460 2441 fratres
1478 2423 1484 2440 :
1503 2415 1618 2448 gaudete
1632 2414 1678 2449 qui

894 2463 1110 2499 persecutionem
1127 2467 1236 2496 propter
1245 2461 1381 2496 justitiam
1409 2461 1532 2495 patimini
1551 2460 1593 2487 ":
1612 2467 1679 2495 gau-

895 2511 955 2536 dete
981 2508 1027 2543 qui
1041 2508 1067 2534 in
1079 2506 1218 2534 tuentibus
1231 2511 1258 2534 et
1277 2506 1414 2540 speluncis
1439 2505 1605 2534 versamini:
1631 2505 1678 2532 sed

893 2559 920 2582 et
941 2555 988 2590 qui
1005 2555 1031 2581 in
1047 2554 1170 2585 urbibus.
1187 2557 1214 2580 et
1229 2553 1275 2588 qui
1293 2552 1491 2580 desertioribus
1508 2552 1534 2578 in
1555 2551 1620 2578 locis
1630 2552 1679 2578 ab-

894 2603 942 2630 diti
964 2602 1062 2628 lalctis.
1088 2602 1115 2628 Si
1126 2601 1197 2628 enim
1213 2608 1320 2635 semper
1335 2599 1451 2635 gaudere
1475 2606 1524 2625 nos
1553 2603 1680 2633 oportere

896 2649 1001 2676 monuit
1016 2648 1164 2683 Apostolus
1179 2648 1200 2664 ³⁸
1217 2652 1340 2682 :qnanto
1357 2646 1442 2681 magis
1456 2653 1528 2672 nunc
1545 2653 1607 2672 cum
1630 2653 1678 2680 pro

895 2694 1004 2722 Christo
1021 2694 1155 2729 patimini,
1171 2694 1216 2728 qui
1236 2693 1262 2719 in
1282 2693 1372 2719 tabula
1387 2692 1510 2726 depictus
1529 2695 1580 2722 est.
1592 2690 1637 2724 qui
1652 2690 1680 2717 in

895 2741 1014 2776 imagine
1038 2748 1086 2768 stla
1101 2741 1232 2772 cernitur,
1261 2739 1307 2773 qui
1337 2745 1383 2772 prr
1411 2745 1471 2764 eam
1506 2735 1679 2763 honoratur?

896 2786 956 2814 Non
979 2794 1038 2814 mea
1060 2790 1124 2813 sunt
1147 2785 1241 2813 miseri
1263 2784 1381 2811 hominis
1405 2784 1462 2810 ha'c
1488 2782 1591 2811 verba:
1610 2782 1680 2808 Dio-

1018 2841 1150 2870 "lTim.
1179 2849 1226 2875 iv,
1255 2840 1298 2868 14.
1354 2840 1377 2857 ⁸⁵
1402 2840 1423 2868 ΙΙ
1447 2839 1518 2867 Titii.
1561 2845 1591 2866 II.
1626 2837 1643 2866 9
