  <div class='ocr_page' id='page_1' title='image "/cluster/home/n/w/nwhite01/storage/ocr_20150623/99/njp.32101010943858/699.png"; bbox 0 0 1923 3078; ppageno 0'>
   <div class='ocr_carea' id='block_1_1' title="bbox 253 135 324 170">
    <p class='ocr_par' dir='ltr' id='par_1_1' title="bbox 253 135 324 170">
     <span class='ocr_line' id='line_1_1' title="bbox 253 135 324 170; baseline -0.014 -1"><span class='ocrx_word' id='word_1_1' title='bbox 253 135 324 170; x_wconf 79' lang='lat'><strong>1279</strong></span> 
     </span>
    </p>
   </div>
   <div class='ocr_carea' id='block_1_2' title="bbox 842 139 1282 171">
    <p class='ocr_par' dir='ltr' id='par_1_2' title="bbox 842 139 1282 171">
     <span class='ocr_line' id='line_1_2' title="bbox 842 139 1282 171; baseline -0.002 -2"><span class='ocrx_word' id='word_1_2' title='bbox 842 139 874 170; x_wconf 93' lang='lat' dir='ltr'><strong>S.</strong></span> <span class='ocrx_word' id='word_1_3' title='bbox 892 139 1088 171; x_wconf 81' lang='lat' dir='ltr'><strong>THEODORI</strong></span> <span class='ocrx_word' id='word_1_4' title='bbox 1110 139 1282 170; x_wconf 68' lang='lat' dir='ltr'><strong>STUDITE</strong></span> 
     </span>
    </p>
   </div>
   <div class='ocr_carea' id='block_1_3' title="bbox 1800 135 1869 167">
    <p class='ocr_par' dir='ltr' id='par_1_3' title="bbox 1800 135 1869 167">
     <span class='ocr_line' id='line_1_3' title="bbox 1800 135 1869 167; baseline -0.014 0"><span class='ocrx_word' id='word_1_5' title='bbox 1800 135 1869 167; x_wconf 74' lang='lat'><strong>1280</strong></span> 
     </span>
    </p>
   </div>
   <div class='ocr_carea' id='block_1_4' title="bbox 250 188 1037 228">
    <p class='ocr_par' dir='ltr' id='par_1_4' title="bbox 250 189 1034 228">
     <span class='ocr_line' id='line_1_4' title="bbox 250 189 1034 228; baseline 0.005 -12"><span class='ocrx_word' id='word_1_6' title='bbox 250 190 323 226; x_wconf 82' lang='lat' dir='ltr'><strong>nysii</strong></span> <span class='ocrx_word' id='word_1_7' title='bbox 336 189 531 224; x_wconf 77' lang='lat' dir='ltr'><strong>sapientissimi</strong></span> <span class='ocrx_word' id='word_1_8' title='bbox 548 195 622 224; x_wconf 85' lang='lat' dir='ltr'><strong>sunt.</strong></span> <span class='ocrx_word' id='word_1_9' title='bbox 639 195 667 219; x_wconf 87' lang='lat' dir='ltr'><strong>et</strong></span> <span class='ocrx_word' id='word_1_10' title='bbox 685 191 776 226; x_wconf 88' lang='lat' dir='ltr'><strong>magni</strong></span> <span class='ocrx_word' id='word_1_11' title='bbox 792 191 896 220; x_wconf 76' lang='lat' dir='ltr'><strong>Basilii.</strong></span> <span class='ocrx_word' id='word_1_12' title='bbox 911 192 966 220; x_wconf 85' lang='lat' dir='ltr'><strong>Nec</strong></span> <span class='ocrx_word' id='word_1_13' title='bbox 979 192 1034 228; x_wconf 76' lang='lat' dir='ltr'><strong>iam</strong></span> 
     </span>
    </p>
   </div>
   <div class='ocr_carea' id='block_1_5' title="bbox 1089 188 1867 228">
    <p class='ocr_par' dir='ltr' id='par_1_5' title="bbox 1089 188 1867 227">
     <span class='ocr_line' id='line_1_5' title="bbox 1089 188 1867 227; baseline -0.005 -8"><span class='ocrx_word' id='word_1_14' title='bbox 1089 192 1243 227; x_wconf 77' lang='grc' dir='ltr'><strong>τιμωμένου</strong></span> <span class='ocrx_word' id='word_1_15' title='bbox 1257 190 1292 218; x_wconf 82' lang='grc' dir='ltr'><strong>δι’</strong></span> <span class='ocrx_word' id='word_1_16' title='bbox 1307 190 1411 226; x_wconf 56' lang='grc' dir='ltr'>αὐτῆς</span> <span class='ocrx_word' id='word_1_17' title='bbox 1432 190 1478 224; x_wconf 79' lang='grc' dir='ltr'><strong>Μὴ</strong></span> <span class='ocrx_word' id='word_1_18' title='bbox 1493 190 1547 226; x_wconf 78' lang='grc' dir='ltr'><strong>γὰρ</strong></span> <span class='ocrx_word' id='word_1_19' title='bbox 1564 188 1621 225; x_wconf 76' lang='grc' dir='ltr'>ιμά</span> <span class='ocrx_word' id='word_1_20' title='bbox 1634 188 1669 217; x_wconf 82' lang='grc' dir='ltr'><strong>τά</strong></span> <span class='ocrx_word' id='word_1_21' title='bbox 1693 189 1803 225; x_wconf 77' lang='grc' dir='ltr'>ῥήματα</span> <span class='ocrx_word' id='word_1_22' title='bbox 1822 198 1867 216; x_wconf 79' lang='grc' dir='ltr'><strong>του</strong></span> 
     </span>
    </p>
   </div>
   <div class='ocr_carea' id='block_1_6' title="bbox 249 236 1036 270">
    <p class='ocr_par' dir='ltr' id='par_1_6' title="bbox 249 236 1036 270">
     <span class='ocr_line' id='line_1_6' title="bbox 249 236 1036 270; baseline 0.006 -9"><span class='ocrx_word' id='word_1_23' title='bbox 249 239 357 270; x_wconf 86' lang='lat' dir='ltr'><strong>tempus</strong></span> <span class='ocrx_word' id='word_1_24' title='bbox 372 241 412 263; x_wconf 91' lang='lat' dir='ltr'><strong>est</strong></span> <span class='ocrx_word' id='word_1_25' title='bbox 426 236 540 264; x_wconf 87' lang='lat' dir='ltr'><strong>aliorum</strong></span> <span class='ocrx_word' id='word_1_26' title='bbox 555 243 712 265; x_wconf 87' lang='lat' dir='ltr'><strong>sanctorum</strong></span> <span class='ocrx_word' id='word_1_27' title='bbox 723 239 871 266; x_wconf 87' lang='lat' dir='ltr'><strong>sententias</strong></span> <span class='ocrx_word' id='word_1_28' title='bbox 887 239 928 266; x_wconf 87' lang='lat' dir='ltr'><strong>his</strong></span> <span class='ocrx_word' id='word_1_29' title='bbox 940 239 1036 267; x_wconf 78' lang='lat' dir='ltr'><strong>litteris</strong></span> 
     </span>
    </p>
   </div>
   <div class='ocr_carea' id='block_1_7' title="bbox 250 282 1034 319">
    <p class='ocr_par' dir='ltr' id='par_1_7' title="bbox 250 282 1034 319">
     <span class='ocr_line' id='line_1_7' title="bbox 250 282 1034 319; baseline 0.005 -12"><span class='ocrx_word' id='word_1_30' title='bbox 250 288 394 315; x_wconf 89' lang='lat' dir='ltr'><strong>apponere.</strong></span> <span class='ocrx_word' id='word_1_31' title='bbox 412 282 492 312; x_wconf 75' lang='lat' dir='ltr'><strong>Audi,</strong></span> <span class='ocrx_word' id='word_1_32' title='bbox 507 283 609 315; x_wconf 72' lang='lat' dir='ltr'><strong>mlum,</strong></span> <span class='ocrx_word' id='word_1_33' title='bbox 621 289 644 310; x_wconf 87' lang='lat' dir='ltr'><strong>et</strong></span> <span class='ocrx_word' id='word_1_34' title='bbox 659 283 766 310; x_wconf 78' lang='lat' dir='ltr'><strong>auribus</strong></span> <span class='ocrx_word' id='word_1_35' title='bbox 790 284 903 319; x_wconf 76' lang='lat' dir='ltr'><strong>percipe,</strong></span> <span class='ocrx_word' id='word_1_36' title='bbox 918 289 988 311; x_wconf 82' lang='lat' dir='ltr'><strong>terra</strong></span> <span class='ocrx_word' id='word_1_37' title='bbox 1001 285 1034 311; x_wconf 80' lang='lat'><strong>&quot;.</strong></span> 
     </span>
    </p>
   </div>
   <div class='ocr_carea' id='block_1_8' title="bbox 249 325 1037 366">
    <p class='ocr_par' dir='ltr' id='par_1_8' title="bbox 249 325 1037 366">
     <span class='ocr_line' id='line_1_8' title="bbox 249 325 1037 366; baseline 0.008 -14"><span class='ocrx_word' id='word_1_38' title='bbox 249 325 329 354; x_wconf 84' lang='lat' dir='ltr'><strong>Moab</strong></span> <span class='ocrx_word' id='word_1_39' title='bbox 343 327 455 361; x_wconf 83' lang='lat' dir='ltr'><strong>sprevit,</strong></span> <span class='ocrx_word' id='word_1_40' title='bbox 470 327 620 363; x_wconf 84' lang='lat' dir='ltr'><strong>Byzantina</strong></span> <span class='ocrx_word' id='word_1_41' title='bbox 654 330 739 364; x_wconf 83' lang='lat' dir='ltr'><strong>regio.</strong></span> <span class='ocrx_word' id='word_1_42' title='bbox 767 330 871 357; x_wconf 76' lang='lat' dir='ltr'><strong>scilicet</strong></span> <span class='ocrx_word' id='word_1_43' title='bbox 897 330 1037 366; x_wconf 82' lang='lat' dir='ltr'><strong>Evangeli-</strong></span> 
     </span>
    </p>
   </div>
   <div class='ocr_carea' id='block_1_9' title="bbox 249 372 1036 408">
    <p class='ocr_par' dir='ltr' id='par_1_9' title="bbox 249 372 1036 408">
     <span class='ocr_line' id='line_1_9' title="bbox 249 372 1036 408; baseline 0.008 -10"><span class='ocrx_word' id='word_1_44' title='bbox 249 379 311 399; x_wconf 90' lang='lat' dir='ltr'><strong>cum</strong></span> <span class='ocrx_word' id='word_1_45' title='bbox 325 372 420 407; x_wconf 71' lang='lat' dir='ltr'><strong>jugum</strong></span> <span class='ocrx_word' id='word_1_46' title='bbox 437 375 558 401; x_wconf 72' lang='lat' dir='ltr'><strong>excussit</strong></span> <span class='ocrx_word' id='word_1_47' title='bbox 573 383 580 406; x_wconf 88' lang='lat'><strong>;</strong></span> <span class='ocrx_word' id='word_1_48' title='bbox 599 375 672 402; x_wconf 88' lang='lat' dir='ltr'><strong>velut</strong></span> <span class='ocrx_word' id='word_1_49' title='bbox 688 375 770 402; x_wconf 89' lang='lat' dir='ltr'><strong>vitula</strong></span> <span class='ocrx_word' id='word_1_50' title='bbox 783 376 932 408; x_wconf 83' lang='lat' dir='ltr'><strong>insaniens,</strong></span> <span class='ocrx_word' id='word_1_51' title='bbox 953 377 1036 404; x_wconf 90' lang='lat' dir='ltr'><strong>habe-</strong></span> 
     </span>
    </p>
   </div>
   <div class='ocr_carea' id='block_1_10' title="bbox 249 417 1036 455">
    <p class='ocr_par' dir='ltr' id='par_1_10' title="bbox 249 417 1036 455">
     <span class='ocr_line' id='line_1_10' title="bbox 249 417 1036 455; baseline 0.009 -12"><span class='ocrx_word' id='word_1_52' title='bbox 249 424 300 444; x_wconf 88' lang='lat' dir='ltr'><strong>nas</strong></span> <span class='ocrx_word' id='word_1_53' title='bbox 314 417 483 447; x_wconf 80' lang='lat' dir='ltr'><strong>detrectavit.</strong></span> <span class='ocrx_word' id='word_1_54' title='bbox 500 419 565 447; x_wconf 80' lang='lat' dir='ltr'><strong>Vias</strong></span> <span class='ocrx_word' id='word_1_55' title='bbox 579 424 640 448; x_wconf 86' lang='lat' dir='ltr'><strong>tuas</strong></span> <span class='ocrx_word' id='word_1_56' title='bbox 656 422 727 448; x_wconf 89' lang='lat' dir='ltr'><strong>scire</strong></span> <span class='ocrx_word' id='word_1_57' title='bbox 744 422 818 455; x_wconf 86' lang='lat' dir='ltr'><strong>nolo,</strong></span> <span class='ocrx_word' id='word_1_58' title='bbox 834 422 912 450; x_wconf 89' lang='lat' dir='ltr'><strong>factis</strong></span> <span class='ocrx_word' id='word_1_59' title='bbox 931 423 1036 450; x_wconf 88' lang='lat' dir='ltr'><strong>verbis-</strong></span> 
     </span>
    </p>
   </div>
   <div class='ocr_carea' id='block_1_11' title="bbox 250 464 1034 504">
    <p class='ocr_par' dir='ltr' id='par_1_11' title="bbox 250 464 1034 504">
     <span class='ocr_line' id='line_1_11' title="bbox 250 464 1034 504; baseline 0.011 -16"><span class='ocrx_word' id='word_1_60' title='bbox 250 469 305 497; x_wconf 86' lang='lat' dir='ltr'><strong>que</strong></span> <span class='ocrx_word' id='word_1_61' title='bbox 328 464 516 497; x_wconf 89' lang='lat' dir='ltr'><strong>pronuutiavit</strong></span> <span class='ocrx_word' id='word_1_62' title='bbox 533 465 556 481; x_wconf 85' lang='grc'>⁷⁰</span> <span class='ocrx_word' id='word_1_63' title='bbox 574 485 580 492; x_wconf 96' lang='grc'><strong><em>.</em></strong></span> <span class='ocrx_word' id='word_1_64' title='bbox 600 466 786 502; x_wconf 80' lang='lat' dir='ltr'><strong>Corybantum</strong></span> <span class='ocrx_word' id='word_1_65' title='bbox 818 475 894 496; x_wconf 90' lang='lat' dir='ltr'><strong>more</strong></span> <span class='ocrx_word' id='word_1_66' title='bbox 922 469 1034 504; x_wconf 86' lang='lat' dir='ltr'><strong>agitur:</strong></span> 
     </span>
    </p>
   </div>
   <div class='ocr_carea' id='block_1_12' title="bbox 250 509 1036 550">
    <p class='ocr_par' dir='ltr' id='par_1_12' title="bbox 250 509 1036 550">
     <span class='ocr_line' id='line_1_12' title="bbox 250 509 1036 550; baseline 0.01 -15"><span class='ocrx_word' id='word_1_67' title='bbox 250 509 353 536; x_wconf 88' lang='lat' dir='ltr'><strong>insanit</strong></span> <span class='ocrx_word' id='word_1_68' title='bbox 370 511 547 545; x_wconf 79' lang='lat' dir='ltr'><strong>:sangninem</strong></span> <span class='ocrx_word' id='word_1_69' title='bbox 564 511 632 539; x_wconf 88' lang='lat' dir='ltr'><strong>bibit</strong></span> <span class='ocrx_word' id='word_1_70' title='bbox 645 517 675 539; x_wconf 91' lang='lat' dir='ltr'><strong>ut</strong></span> <span class='ocrx_word' id='word_1_71' title='bbox 695 513 800 540; x_wconf 65' lang='lat' dir='ltr'><strong>leaena:</strong></span> <span class='ocrx_word' id='word_1_72' title='bbox 823 518 853 541; x_wconf 92' lang='lat' dir='ltr'><strong>ut</strong></span> <span class='ocrx_word' id='word_1_73' title='bbox 865 514 941 550; x_wconf 84' lang='lat' dir='ltr'><strong>aspis</strong></span> <span class='ocrx_word' id='word_1_74' title='bbox 955 523 1036 543; x_wconf 84' lang='lat' dir='ltr'><strong>aures</strong></span> 
     </span>
    </p>
   </div>
   <div class='ocr_carea' id='block_1_13' title="bbox 251 554 736 591">
    <p class='ocr_par' dir='ltr' id='par_1_13' title="bbox 251 554 736 591">
     <span class='ocr_line' id='line_1_13' title="bbox 251 554 736 591; baseline 0.008 -10"><span class='ocrx_word' id='word_1_75' title='bbox 251 554 378 583; x_wconf 86' lang='lat' dir='ltr'><strong>obturat:</strong></span> <span class='ocrx_word' id='word_1_76' title='bbox 395 557 558 591; x_wconf 86' lang='lat' dir='ltr'><strong>reprehensa</strong></span> <span class='ocrx_word' id='word_1_77' title='bbox 575 557 736 585; x_wconf 87' lang='lat' dir='ltr'><strong>reluctatur.</strong></span> 
     </span>
    </p>
   </div>
   <div class='ocr_carea' id='block_1_14' title="bbox 285 694 1038 724">
    <p class='ocr_par' dir='ltr' id='par_1_14' title="bbox 285 694 1038 724">
     <span class='ocr_line' id='line_1_14' title="bbox 285 694 1038 724; baseline 0.003 -2"><span class='ocrx_word' id='word_1_78' title='bbox 285 694 365 722; x_wconf 78' lang='lat' dir='ltr'><strong>Venit</strong></span> <span class='ocrx_word' id='word_1_79' title='bbox 394 694 426 721; x_wconf 89' lang='lat' dir='ltr'><strong>ad</strong></span> <span class='ocrx_word' id='word_1_80' title='bbox 449 701 509 721; x_wconf 91' lang='lat' dir='ltr'><strong>eam</strong></span> <span class='ocrx_word' id='word_1_81' title='bbox 529 701 581 721; x_wconf 67' lang='lat' dir='ltr'><strong>vos</strong></span> <span class='ocrx_word' id='word_1_82' title='bbox 617 694 827 722; x_wconf 86' lang='lat' dir='ltr'><strong>commonitoria</strong></span> <span class='ocrx_word' id='word_1_83' title='bbox 857 695 1038 724; x_wconf 68' lang='lat' dir='ltr'><strong>velutecaelo</strong></span> 
     </span>
    </p>
   </div>
   <div class='ocr_carea' id='block_1_15' title="bbox 252 741 1038 775">
    <p class='ocr_par' dir='ltr' id='par_1_15' title="bbox 252 741 1038 775">
     <span class='ocr_line' id='line_1_15' title="bbox 252 741 1038 775; baseline 0.003 -8"><span class='ocrx_word' id='word_1_84' title='bbox 252 741 348 771; x_wconf 85' lang='lat' dir='ltr'><strong>missa.</strong></span> <span class='ocrx_word' id='word_1_85' title='bbox 371 748 387 768; x_wconf 89' lang='lat' dir='ltr'><strong>a</strong></span> <span class='ocrx_word' id='word_1_86' title='bbox 407 748 544 775; x_wconf 87' lang='lat' dir='ltr'><strong>suprenm,</strong></span> <span class='ocrx_word' id='word_1_87' title='bbox 561 749 575 767; x_wconf 88' lang='lat' dir='ltr'><strong>a</strong></span> <span class='ocrx_word' id='word_1_88' title='bbox 595 741 718 768; x_wconf 82' lang='lat' dir='ltr'><strong>Romano</strong></span> <span class='ocrx_word' id='word_1_89' title='bbox 741 741 942 774; x_wconf 77' lang='lat' dir='ltr'><strong>thrononuid</strong></span> <span class='ocrx_word' id='word_1_90' title='bbox 971 742 1038 769; x_wconf 79' lang='lat' dir='ltr'><strong>feci-</strong></span> 
     </span>
    </p>
   </div>
   <div class='ocr_carea' id='block_1_16' title="bbox 251 785 1038 823">
    <p class='ocr_par' dir='ltr' id='par_1_16' title="bbox 251 785 1038 823">
     <span class='ocr_line' id='line_1_16' title="bbox 251 785 1038 823; baseline 0.004 -10"><span class='ocrx_word' id='word_1_91' title='bbox 251 786 286 813; x_wconf 86' lang='lat' dir='ltr'><strong>sti</strong></span> <span class='ocrx_word' id='word_1_92' title='bbox 304 786 470 819; x_wconf 85' lang='lat' dir='ltr'><strong>?elamaus;</strong></span> <span class='ocrx_word' id='word_1_93' title='bbox 487 785 625 813; x_wconf 77' lang='lat' dir='ltr'><strong>Christum</strong></span> <span class='ocrx_word' id='word_1_94' title='bbox 647 787 761 821; x_wconf 77' lang='lat' dir='ltr'><strong>negasti,</strong></span> <span class='ocrx_word' id='word_1_95' title='bbox 776 786 876 814; x_wconf 85' lang='lat' dir='ltr'><strong>Christi</strong></span> <span class='ocrx_word' id='word_1_96' title='bbox 904 788 1038 823; x_wconf 79' lang='lat' dir='ltr'><strong>abrogans</strong></span> 
     </span>
    </p>
   </div>
   <div class='ocr_carea' id='block_1_17' title="bbox 251 830 1039 867">
    <p class='ocr_par' dir='ltr' id='par_1_17' title="bbox 251 830 1039 867">
     <span class='ocr_line' id='line_1_17' title="bbox 251 830 1039 867; baseline 0.004 -11"><span class='ocrx_word' id='word_1_97' title='bbox 251 830 406 865; x_wconf 86' lang='lat' dir='ltr'><strong>imaginem;</strong></span> <span class='ocrx_word' id='word_1_98' title='bbox 423 830 553 865; x_wconf 68' lang='lat' dir='ltr'><strong>Deiparre,</strong></span> <span class='ocrx_word' id='word_1_99' title='bbox 567 835 594 857; x_wconf 89' lang='lat' dir='ltr'><strong>et</strong></span> <span class='ocrx_word' id='word_1_100' title='bbox 618 837 775 858; x_wconf 88' lang='lat' dir='ltr'><strong>sanctorum</strong></span> <span class='ocrx_word' id='word_1_101' title='bbox 799 831 932 859; x_wconf 90' lang='lat' dir='ltr'><strong>omnium.</strong></span> <span class='ocrx_word' id='word_1_102' title='bbox 957 833 1039 867; x_wconf 81' lang='lat' dir='ltr'><strong>Aperi</strong></span> 
     </span>
    </p>
   </div>
   <div class='ocr_carea' id='block_1_18' title="bbox 1087 234 1867 273">
    <p class='ocr_par' dir='ltr' id='par_1_18' title="bbox 1087 234 1867 273">
     <span class='ocr_line' id='line_1_18' title="bbox 1087 234 1867 273; baseline -0.004 -9"><span class='ocrx_word' id='word_1_103' title='bbox 1087 237 1208 273; x_wconf 85' lang='grc' dir='ltr'>οἰκτροῦ·</span> <span class='ocrx_word' id='word_1_104' title='bbox 1223 237 1362 264; x_wconf 73' lang='grc' dir='ltr'><strong>Διονυσίου</strong></span> <span class='ocrx_word' id='word_1_105' title='bbox 1375 236 1423 263; x_wconf 82' lang='grc' dir='ltr'><strong>τοῦ</strong></span> <span class='ocrx_word' id='word_1_106' title='bbox 1437 236 1589 270; x_wconf 78' lang='grc' dir='ltr'>πανσόφου,</span> <span class='ocrx_word' id='word_1_107' title='bbox 1603 236 1651 262; x_wconf 79' lang='grc' dir='ltr'>καὶ</span> <span class='ocrx_word' id='word_1_108' title='bbox 1667 234 1807 262; x_wconf 83' lang='grc' dir='ltr'>Βασιλείου</span> <span class='ocrx_word' id='word_1_109' title='bbox 1824 235 1867 262; x_wconf 78' lang='grc' dir='ltr'><strong>τοῦ</strong></span> 
     </span>
    </p>
   </div>
   <div class='ocr_carea' id='block_1_19' title="bbox 1089 281 1868 319">
    <p class='ocr_par' dir='ltr' id='par_1_19' title="bbox 1089 281 1868 319">
     <span class='ocr_line' id='line_1_19' title="bbox 1089 281 1868 319; baseline -0.005 -9"><span class='ocrx_word' id='word_1_110' title='bbox 1089 284 1219 319; x_wconf 75' lang='grc' dir='ltr'>μεγάλου.</span> <span class='ocrx_word' id='word_1_111' title='bbox 1236 283 1290 309; x_wconf 79' lang='grc' dir='ltr'><strong>Καὶ</strong></span> <span class='ocrx_word' id='word_1_112' title='bbox 1299 282 1376 309; x_wconf 73' lang='grc' dir='ltr'>οὔπω</span> <span class='ocrx_word' id='word_1_113' title='bbox 1392 282 1486 317; x_wconf 69' lang='grc' dir='ltr'>καιρὸς</span> <span class='ocrx_word' id='word_1_114' title='bbox 1505 281 1559 308; x_wconf 79' lang='grc' dir='ltr'>τῶν</span> <span class='ocrx_word' id='word_1_115' title='bbox 1573 281 1660 308; x_wconf 75' lang='grc' dir='ltr'>ἄλλων</span> <span class='ocrx_word' id='word_1_116' title='bbox 1672 281 1809 316; x_wconf 80' lang='grc' dir='ltr'>θεοφόρων</span> <span class='ocrx_word' id='word_1_117' title='bbox 1821 281 1868 312; x_wconf 68' lang='grc' dir='ltr'><strong>τὰς</strong></span> 
     </span>
    </p>
   </div>
   <div class='ocr_carea' id='block_1_20' title="bbox 1088 328 1868 365">
    <p class='ocr_par' dir='ltr' id='par_1_20' title="bbox 1088 328 1868 365">
     <span class='ocr_line' id='line_1_20' title="bbox 1088 328 1868 365; baseline -0.003 -9"><span class='ocrx_word' id='word_1_118' title='bbox 1088 330 1201 365; x_wconf 83' lang='grc' dir='ltr'><strong>χρήσεις</strong></span> <span class='ocrx_word' id='word_1_119' title='bbox 1214 329 1334 363; x_wconf 72' lang='grc' dir='ltr'><strong>εἰσάγειν</strong></span> <span class='ocrx_word' id='word_1_120' title='bbox 1348 330 1377 354; x_wconf 85' lang='grc' dir='ltr'>ὲν</span> <span class='ocrx_word' id='word_1_121' title='bbox 1391 328 1458 363; x_wconf 81' lang='grc' dir='ltr'>τῷδε</span> <span class='ocrx_word' id='word_1_122' title='bbox 1471 328 1509 362; x_wconf 77' lang='grc' dir='ltr'>τῷ</span> <span class='ocrx_word' id='word_1_123' title='bbox 1521 328 1674 363; x_wconf 79' lang='grc' dir='ltr'><strong>γράμματι.</strong></span> <span class='ocrx_word' id='word_1_124' title='bbox 1690 328 1804 358; x_wconf 79' lang='grc' dir='ltr'>Ἄκουε,</span> <span class='ocrx_word' id='word_1_125' title='bbox 1819 328 1868 354; x_wconf 82' lang='grc' dir='ltr'><strong>οὐ-</strong></span> 
     </span>
    </p>
   </div>
   <div class='ocr_carea' id='block_1_21' title="bbox 1082 373 1868 409">
    <p class='ocr_par' dir='ltr' id='par_1_21' title="bbox 1082 373 1868 409">
     <span class='ocr_line' id='line_1_21' title="bbox 1082 373 1868 409; baseline -0.005 -7"><span class='ocrx_word' id='word_1_126' title='bbox 1082 376 1167 409; x_wconf 78' lang='grc' dir='ltr'>ρανὲ,</span> <span class='ocrx_word' id='word_1_127' title='bbox 1177 376 1226 402; x_wconf 76' lang='grc' dir='ltr'>καὶ</span> <span class='ocrx_word' id='word_1_128' title='bbox 1239 375 1386 406; x_wconf 78' lang='grc' dir='ltr'>ἐνωτίζου,</span> <span class='ocrx_word' id='word_1_129' title='bbox 1402 374 1449 409; x_wconf 81' lang='grc' dir='ltr'><strong>γῆ.</strong></span> <span class='ocrx_word' id='word_1_130' title='bbox 1464 374 1550 401; x_wconf 71' lang='grc' dir='ltr'><strong>Μωᾶιὸ</strong></span> <span class='ocrx_word' id='word_1_131' title='bbox 1560 373 1701 408; x_wconf 68' lang='grc' dir='ltr'>ἠθέτησεν,</span> <span class='ocrx_word' id='word_1_132' title='bbox 1711 374 1729 407; x_wconf 83' lang='grc' dir='ltr'><strong>ἡ</strong></span> <span class='ocrx_word' id='word_1_133' title='bbox 1740 373 1868 405; x_wconf 75' lang='grc' dir='ltr'>Βυζαντὶς</span> 
     </span>
    </p>
   </div>
   <div class='ocr_carea' id='block_1_22' title="bbox 1088 419 1866 456">
    <p class='ocr_par' dir='ltr' id='par_1_22' title="bbox 1088 419 1866 456">
     <span class='ocr_line' id='line_1_22' title="bbox 1088 419 1866 456; baseline -0.005 -8"><span class='ocrx_word' id='word_1_134' title='bbox 1088 422 1223 456; x_wconf 79' lang='grc' dir='ltr'>δηλονότι·</span> <span class='ocrx_word' id='word_1_135' title='bbox 1248 421 1295 447; x_wconf 78' lang='grc' dir='ltr'>τὸν</span> <span class='ocrx_word' id='word_1_136' title='bbox 1315 420 1492 454; x_wconf 80' lang='grc' dir='ltr'>εὐαγγελικὸν</span> <span class='ocrx_word' id='word_1_137' title='bbox 1514 420 1595 453; x_wconf 77' lang='grc' dir='ltr'>ζυγὸν</span> <span class='ocrx_word' id='word_1_138' title='bbox 1623 420 1803 446; x_wconf 76' lang='grc' dir='ltr'>ἀπεσείσατο·</span> <span class='ocrx_word' id='word_1_139' title='bbox 1833 419 1866 449; x_wconf 83' lang='grc' dir='ltr'>ὡς</span> 
     </span>
    </p>
   </div>
   <div class='ocr_carea' id='block_1_23' title="bbox 1087 464 1868 503">
    <p class='ocr_par' dir='ltr' id='par_1_23' title="bbox 1087 464 1868 503">
     <span class='ocr_line' id='line_1_23' title="bbox 1087 464 1868 503; baseline -0.006 -8"><span class='ocrx_word' id='word_1_140' title='bbox 1087 468 1204 503; x_wconf 78' lang='grc' dir='ltr'><strong>δάμαλις</strong></span> <span class='ocrx_word' id='word_1_141' title='bbox 1219 466 1412 503; x_wconf 80' lang='grc' dir='ltr'>παροιστρῶσα</span> <span class='ocrx_word' id='word_1_142' title='bbox 1425 466 1587 501; x_wconf 86' lang='grc' dir='ltr'>ἡφηνίασεν.</span> <span class='ocrx_word' id='word_1_143' title='bbox 1605 465 1697 496; x_wconf 81' lang='grc' dir='ltr'>Ὀδούς</span> <span class='ocrx_word' id='word_1_144' title='bbox 1710 473 1757 491; x_wconf 84' lang='grc' dir='ltr'><strong>σου</strong></span> <span class='ocrx_word' id='word_1_145' title='bbox 1772 464 1868 491; x_wconf 81' lang='grc' dir='ltr'>εἰδέναι</span> 
     </span>
    </p>
   </div>
   <div class='ocr_carea' id='block_1_24' title="bbox 1085 510 1868 549">
    <p class='ocr_par' dir='ltr' id='par_1_24' title="bbox 1085 510 1868 549">
     <span class='ocr_line' id='line_1_24' title="bbox 1085 510 1868 549; baseline -0.005 -9"><span class='ocrx_word' id='word_1_146' title='bbox 1085 514 1116 540; x_wconf 82' lang='grc' dir='ltr'>οὐ</span> <span class='ocrx_word' id='word_1_147' title='bbox 1131 511 1480 549; x_wconf 78' lang='grc' dir='ltr'>βούλομαι.πραγματικῶς</span> <span class='ocrx_word' id='word_1_148' title='bbox 1492 519 1522 537; x_wconf 89' lang='grc' dir='ltr'>τε</span> <span class='ocrx_word' id='word_1_149' title='bbox 1539 511 1586 537; x_wconf 68' lang='grc' dir='ltr'>καὶ</span> <span class='ocrx_word' id='word_1_150' title='bbox 1594 510 1712 544; x_wconf 80' lang='grc' dir='ltr'>λογικῶς</span> <span class='ocrx_word' id='word_1_151' title='bbox 1729 510 1868 544; x_wconf 74' lang='grc' dir='ltr'>ἀπεφθέγ-</span> 
     </span>
    </p>
   </div>
   <div class='ocr_carea' id='block_1_25' title="bbox 1088 555 1868 593">
    <p class='ocr_par' dir='ltr' id='par_1_25' title="bbox 1088 555 1868 593">
     <span class='ocr_line' id='line_1_25' title="bbox 1088 555 1868 593; baseline -0.003 -9"><span class='ocrx_word' id='word_1_152' title='bbox 1088 558 1162 590; x_wconf 76' lang='grc' dir='ltr'>ξατο.</span> <span class='ocrx_word' id='word_1_153' title='bbox 1193 557 1380 593; x_wconf 74' lang='grc' dir='ltr'>Κορυδαντιᾷ,</span> <span class='ocrx_word' id='word_1_154' title='bbox 1399 557 1537 592; x_wconf 82' lang='grc' dir='ltr'>μαίνεται,</span> <span class='ocrx_word' id='word_1_155' title='bbox 1554 557 1699 591; x_wconf 80' lang='grc' dir='ltr'>αἰμοποτεῖ</span> <span class='ocrx_word' id='word_1_156' title='bbox 1710 555 1748 587; x_wconf 85' lang='grc' dir='ltr'>ὡς</span> <span class='ocrx_word' id='word_1_157' title='bbox 1759 555 1868 582; x_wconf 67' lang='grc' dir='ltr'>λέαινα*</span> 
     </span>
    </p>
   </div>
   <div class='ocr_carea' id='block_1_26' title="bbox 1086 602 1871 639">
    <p class='ocr_par' dir='ltr' id='par_1_26' title="bbox 1086 602 1871 639">
     <span class='ocr_line' id='line_1_26' title="bbox 1086 602 1871 639; baseline -0.004 -9"><span class='ocrx_word' id='word_1_158' title='bbox 1086 604 1125 636; x_wconf 87' lang='grc' dir='ltr'><strong>ὡς</strong></span> <span class='ocrx_word' id='word_1_159' title='bbox 1148 603 1231 635; x_wconf 77' lang='grc' dir='ltr'>ἀσπὶς</span> <span class='ocrx_word' id='word_1_160' title='bbox 1253 603 1316 639; x_wconf 83' lang='grc' dir='ltr'>μύει</span> <span class='ocrx_word' id='word_1_161' title='bbox 1338 603 1388 635; x_wconf 84' lang='grc' dir='ltr'><strong>τάς</strong></span> <span class='ocrx_word' id='word_1_162' title='bbox 1411 602 1507 634; x_wconf 77' lang='grc' dir='ltr'>ἀκοὰς,</span> <span class='ocrx_word' id='word_1_163' title='bbox 1537 602 1704 637; x_wconf 82' lang='grc' dir='ltr'>ὲλεγχομένη</span> <span class='ocrx_word' id='word_1_164' title='bbox 1726 602 1871 628; x_wconf 74' lang='grc' dir='ltr'>ἀποτινάσο</span> 
     </span>
    </p>
   </div>
   <div class='ocr_carea' id='block_1_27' title="bbox 1089 657 1176 676">
    <p class='ocr_par' dir='ltr' id='par_1_27' title="bbox 1089 657 1176 676">
     <span class='ocr_line' id='line_1_27' title="bbox 1089 657 1176 676; baseline 0 -1"><span class='ocrx_word' id='word_1_165' title='bbox 1089 657 1176 676; x_wconf 87' lang='grc' dir='ltr'>σεται,</span> 
     </span>
    </p>
   </div>
   <div class='ocr_carea' id='block_1_28' title="bbox 1123 692 1870 730">
    <p class='ocr_par' dir='ltr' id='par_1_28' title="bbox 1123 692 1870 730">
     <span class='ocr_line' id='line_1_28' title="bbox 1123 692 1870 730; baseline -0.005 -8"><span class='ocrx_word' id='word_1_166' title='bbox 1123 693 1212 722; x_wconf 84' lang='grc' dir='ltr'>Ἦκεν</span> <span class='ocrx_word' id='word_1_167' title='bbox 1225 695 1293 730; x_wconf 78' lang='grc' dir='ltr'>αὐτῇ</span> <span class='ocrx_word' id='word_1_168' title='bbox 1313 694 1389 730; x_wconf 76' lang='grc' dir='ltr'>φωνὴ</span> <span class='ocrx_word' id='word_1_169' title='bbox 1411 693 1601 729; x_wconf 81' lang='grc' dir='ltr'>ὑπομνηστικὴ</span> <span class='ocrx_word' id='word_1_170' title='bbox 1621 693 1659 725; x_wconf 82' lang='grc' dir='ltr'><strong>ὡς</strong></span> <span class='ocrx_word' id='word_1_171' title='bbox 1674 693 1720 719; x_wconf 83' lang='grc' dir='ltr'><strong>ἀπ’</strong></span> <span class='ocrx_word' id='word_1_172' title='bbox 1743 692 1870 727; x_wconf 79' lang='grc' dir='ltr'>οὖρανοῦ,</span> 
     </span>
    </p>
   </div>
   <div class='ocr_carea' id='block_1_29' title="bbox 1088 739 1870 777">
    <p class='ocr_par' dir='ltr' id='par_1_29' title="bbox 1088 739 1870 777">
     <span class='ocr_line' id='line_1_29' title="bbox 1088 739 1870 777; baseline -0.004 -9"><span class='ocrx_word' id='word_1_173' title='bbox 1088 742 1120 768; x_wconf 67' lang='grc' dir='ltr'>ἐκ</span> <span class='ocrx_word' id='word_1_174' title='bbox 1133 741 1180 768; x_wconf 86' lang='grc' dir='ltr'><strong>τοῦ</strong></span> <span class='ocrx_word' id='word_1_175' title='bbox 1198 741 1424 777; x_wconf 74' lang='grc' dir='ltr'>κορυφαιοτάτου,</span> <span class='ocrx_word' id='word_1_176' title='bbox 1441 742 1473 768; x_wconf 82' lang='grc' dir='ltr'>ἐκ</span> <span class='ocrx_word' id='word_1_177' title='bbox 1487 740 1534 767; x_wconf 81' lang='grc' dir='ltr'><strong>τοῦ</strong></span> <span class='ocrx_word' id='word_1_178' title='bbox 1541 739 1697 774; x_wconf 85' lang='grc' dir='ltr'>Ῥωμαϊκοῦ</span> <span class='ocrx_word' id='word_1_179' title='bbox 1710 739 1806 774; x_wconf 87' lang='grc' dir='ltr'>θρόνου</span> <span class='ocrx_word' id='word_1_180' title='bbox 1818 746 1824 752; x_wconf 90' lang='grc'>·</span> <span class='ocrx_word' id='word_1_181' title='bbox 1840 739 1870 765; x_wconf 79' lang='grc' dir='ltr'>Τί</span> 
     </span>
    </p>
   </div>
   <div class='ocr_carea' id='block_1_30' title="bbox 1088 785 1872 823">
    <p class='ocr_par' dir='ltr' id='par_1_30' title="bbox 1088 785 1872 823">
     <span class='ocr_line' id='line_1_30' title="bbox 1088 785 1872 823; baseline -0.005 -9"><span class='ocrx_word' id='word_1_182' title='bbox 1088 787 1246 823; x_wconf 80' lang='grc' dir='ltr'>πέπραχας;</span> <span class='ocrx_word' id='word_1_183' title='bbox 1273 787 1372 822; x_wconf 86' lang='grc' dir='ltr'>βοῶσα.</span> <span class='ocrx_word' id='word_1_184' title='bbox 1390 786 1506 822; x_wconf 83' lang='grc' dir='ltr'>Χριστὸν</span> <span class='ocrx_word' id='word_1_185' title='bbox 1527 786 1660 822; x_wconf 77' lang='grc' dir='ltr'>ἠρνησαι,</span> <span class='ocrx_word' id='word_1_186' title='bbox 1681 785 1800 820; x_wconf 81' lang='grc' dir='ltr'>Χριστοῦ</span> <span class='ocrx_word' id='word_1_187' title='bbox 1825 785 1872 820; x_wconf 81' lang='grc' dir='ltr'>τὴν</span> 
     </span>
    </p>
   </div>
   <div class='ocr_carea' id='block_1_31' title="bbox 1088 830 1865 867">
    <p class='ocr_par' dir='ltr' id='par_1_31' title="bbox 1088 830 1865 867">
     <span class='ocr_line' id='line_1_31' title="bbox 1088 830 1865 867; baseline -0.004 -7"><span class='ocrx_word' id='word_1_188' title='bbox 1088 833 1182 860; x_wconf 80' lang='grc' dir='ltr'>εἰκόνα</span> <span class='ocrx_word' id='word_1_189' title='bbox 1198 832 1342 865; x_wconf 81' lang='grc' dir='ltr'>άθετοῦσα,</span> <span class='ocrx_word' id='word_1_190' title='bbox 1360 832 1561 867; x_wconf 81' lang='grc' dir='ltr'>τῆςθεοτόκου,</span> <span class='ocrx_word' id='word_1_191' title='bbox 1575 831 1629 858; x_wconf 85' lang='grc' dir='ltr'><strong>τῶν</strong></span> <span class='ocrx_word' id='word_1_192' title='bbox 1645 831 1754 857; x_wconf 83' lang='grc' dir='ltr'>πάντων</span> <span class='ocrx_word' id='word_1_193' title='bbox 1769 830 1865 865; x_wconf 86' lang='grc' dir='ltr'>άγίων.</span> 
     </span>
    </p>
   </div>
   <div class='ocr_carea' id='block_1_32' title="bbox 250 872 1037 913">
    <p class='ocr_par' dir='ltr' id='par_1_32' title="bbox 250 877 1037 913">
     <span class='ocr_line' id='line_1_32' title="bbox 250 877 1037 913; baseline 0.004 -10"><span class='ocrx_word' id='word_1_194' title='bbox 250 877 420 904; x_wconf 79' lang='lat' dir='ltr'><strong>obedientem</strong></span> <span class='ocrx_word' id='word_1_195' title='bbox 432 885 535 909; x_wconf 88' lang='lat' dir='ltr'><strong>aurem,</strong></span> <span class='ocrx_word' id='word_1_196' title='bbox 547 877 609 904; x_wconf 86' lang='lat' dir='ltr'><strong>andi</strong></span> <span class='ocrx_word' id='word_1_197' title='bbox 624 878 789 912; x_wconf 82' lang='lat' dir='ltr'><strong>evangelica,</strong></span> <span class='ocrx_word' id='word_1_198' title='bbox 803 878 962 913; x_wconf 83' lang='lat' dir='ltr'><strong>apostolica,</strong></span> <span class='ocrx_word' id='word_1_199' title='bbox 978 886 1037 913; x_wconf 85' lang='lat' dir='ltr'><strong>pro-</strong></span> 
     </span>
    </p>
   </div>
   <div class='ocr_carea' id='block_1_33' title="bbox 1089 872 1871 913">
    <p class='ocr_par' dir='ltr' id='par_1_33' title="bbox 1093 875 1871 913">
     <span class='ocr_line' id='line_1_33' title="bbox 1093 875 1871 913; baseline -0.003 -9"><span class='ocrx_word' id='word_1_200' title='bbox 1093 878 1214 910; x_wconf 80' lang='grc' dir='ltr'>Ἀνοιξον</span> <span class='ocrx_word' id='word_1_201' title='bbox 1227 878 1340 913; x_wconf 83' lang='grc' dir='ltr'>εὐήκοον</span> <span class='ocrx_word' id='word_1_202' title='bbox 1352 875 1398 910; x_wconf 83' lang='grc' dir='ltr'>οὖς</span> <span class='ocrx_word' id='word_1_203' title='bbox 1406 885 1414 893; x_wconf 89' lang='grc'><strong>·</strong></span> <span class='ocrx_word' id='word_1_204' title='bbox 1423 877 1549 904; x_wconf 78' lang='grc' dir='ltr'>ἑνώτισαι</span> <span class='ocrx_word' id='word_1_205' title='bbox 1560 877 1655 911; x_wconf 77' lang='grc' dir='ltr'>λόγους</span> <span class='ocrx_word' id='word_1_206' title='bbox 1666 876 1871 910; x_wconf 71' lang='grc' dir='ltr'>εὐαγγελικοίρς,</span> 
     </span>
    </p>
   </div>
   <div class='ocr_carea' id='block_1_34' title="bbox 250 923 1036 958">
    <p class='ocr_par' dir='ltr' id='par_1_34' title="bbox 250 923 1036 958">
     <span class='ocr_line' id='line_1_34' title="bbox 250 923 1036 958; baseline 0.003 -9"><span class='ocrx_word' id='word_1_207' title='bbox 250 923 368 958; x_wconf 83' lang='lat' dir='ltr'><strong>phetica,</strong></span> <span class='ocrx_word' id='word_1_208' title='bbox 383 928 494 958; x_wconf 89' lang='lat' dir='ltr'><strong>paterna</strong></span> <span class='ocrx_word' id='word_1_209' title='bbox 524 924 617 950; x_wconf 87' lang='lat' dir='ltr'><strong>verba.</strong></span> <span class='ocrx_word' id='word_1_210' title='bbox 636 923 668 950; x_wconf 85' lang='lat' dir='ltr'><strong>Et</strong></span> <span class='ocrx_word' id='word_1_211' title='bbox 685 931 739 951; x_wconf 89' lang='lat' dir='ltr'><strong>non</strong></span> <span class='ocrx_word' id='word_1_212' title='bbox 762 923 882 956; x_wconf 79' lang='lat' dir='ltr'><strong>admisit,</strong></span> <span class='ocrx_word' id='word_1_213' title='bbox 900 931 955 951; x_wconf 89' lang='lat' dir='ltr'><strong>non</strong></span> <span class='ocrx_word' id='word_1_214' title='bbox 975 932 1036 952; x_wconf 91' lang='lat' dir='ltr'><strong>sus-</strong></span> 
     </span>
    </p>
   </div>
   <div class='ocr_carea' id='block_1_35' title="bbox 250 970 1037 1006">
    <p class='ocr_par' dir='ltr' id='par_1_35' title="bbox 250 970 1037 1006">
     <span class='ocr_line' id='line_1_35' title="bbox 250 970 1037 1006; baseline 0.003 -9"><span class='ocrx_word' id='word_1_215' title='bbox 250 971 395 1006; x_wconf 78' lang='lat' dir='ltr'><strong>cepitzsed</strong></span> <span class='ocrx_word' id='word_1_216' title='bbox 410 970 527 997; x_wconf 85' lang='lat' dir='ltr'><strong>avellens</strong></span> <span class='ocrx_word' id='word_1_217' title='bbox 544 970 659 1004; x_wconf 90' lang='lat' dir='ltr'><strong>seipsam</strong></span> <span class='ocrx_word' id='word_1_218' title='bbox 676 977 690 997; x_wconf 92' lang='lat' dir='ltr'><strong>a</strong></span> <span class='ocrx_word' id='word_1_219' title='bbox 708 970 784 1005; x_wconf 88' lang='lat' dir='ltr'><strong>quini</strong></span> <span class='ocrx_word' id='word_1_220' title='bbox 800 971 909 998; x_wconf 85' lang='lat' dir='ltr'><strong>verticis</strong></span> <span class='ocrx_word' id='word_1_221' title='bbox 922 978 1037 1006; x_wconf 88' lang='lat' dir='ltr'><strong>corpore</strong></span> 
     </span>
    </p>
   </div>
   <div class='ocr_carea' id='block_1_36' title="bbox 251 1016 1036 1051">
    <p class='ocr_par' dir='ltr' id='par_1_36' title="bbox 251 1016 1036 1051">
     <span class='ocr_line' id='line_1_36' title="bbox 251 1016 1036 1051; baseline 0.001 -7"><span class='ocrx_word' id='word_1_222' title='bbox 251 1017 398 1050; x_wconf 74' lang='lat' dir='ltr'><strong>Ecclesiae;</strong></span> <span class='ocrx_word' id='word_1_223' title='bbox 415 1016 636 1051; x_wconf 82' lang='lat' dir='ltr'><strong>quandoquidem</strong></span> <span class='ocrx_word' id='word_1_224' title='bbox 663 1016 812 1044; x_wconf 90' lang='lat' dir='ltr'><strong>etiamnum</strong></span> <span class='ocrx_word' id='word_1_225' title='bbox 831 1017 898 1044; x_wconf 82' lang='lat' dir='ltr'><strong>vivit</strong></span> <span class='ocrx_word' id='word_1_226' title='bbox 916 1022 943 1044; x_wconf 92' lang='lat' dir='ltr'><strong>et</strong></span> <span class='ocrx_word' id='word_1_227' title='bbox 955 1017 1036 1045; x_wconf 83' lang='lat' dir='ltr'><strong>Nice-</strong></span> 
     </span>
    </p>
   </div>
   <div class='ocr_carea' id='block_1_37' title="bbox 250 1062 1036 1098">
    <p class='ocr_par' dir='ltr' id='par_1_37' title="bbox 250 1062 1036 1098">
     <span class='ocr_line' id='line_1_37' title="bbox 250 1062 1036 1098; baseline 0 -8"><span class='ocrx_word' id='word_1_228' title='bbox 250 1063 355 1098; x_wconf 82' lang='lat' dir='ltr'><strong>pltorus</strong></span> <span class='ocrx_word' id='word_1_229' title='bbox 368 1069 462 1096; x_wconf 84' lang='lat' dir='ltr'><strong>sacer;</strong></span> <span class='ocrx_word' id='word_1_230' title='bbox 481 1062 613 1090; x_wconf 80' lang='lat' dir='ltr'><strong>adversus</strong></span> <span class='ocrx_word' id='word_1_231' title='bbox 631 1063 713 1089; x_wconf 91' lang='lat' dir='ltr'><strong>Deum</strong></span> <span class='ocrx_word' id='word_1_232' title='bbox 736 1063 949 1098; x_wconf 80' lang='lat' dir='ltr'><strong>omnipotentem</strong></span> <span class='ocrx_word' id='word_1_233' title='bbox 975 1071 1036 1091; x_wconf 89' lang='lat' dir='ltr'><strong>cer-</strong></span> 
     </span>
    </p>
   </div>
   <div class='ocr_carea' id='block_1_38' title="bbox 251 1108 1035 1144">
    <p class='ocr_par' dir='ltr' id='par_1_38' title="bbox 251 1108 1035 1144">
     <span class='ocr_line' id='line_1_38' title="bbox 251 1108 1035 1144; baseline 0.003 -9"><span class='ocrx_word' id='word_1_234' title='bbox 251 1109 325 1137; x_wconf 85' lang='lat' dir='ltr'><strong>vices</strong></span> <span class='ocrx_word' id='word_1_235' title='bbox 350 1108 439 1144; x_wconf 78' lang='lat' dir='ltr'><strong>erigit,</strong></span> <span class='ocrx_word' id='word_1_236' title='bbox 456 1108 566 1136; x_wconf 87' lang='lat' dir='ltr'><strong>Christo</strong></span> <span class='ocrx_word' id='word_1_237' title='bbox 589 1109 734 1141; x_wconf 80' lang='lat' dir='ltr'><strong>insultans,</strong></span> <span class='ocrx_word' id='word_1_238' title='bbox 757 1114 850 1136; x_wconf 82' lang='lat' dir='ltr'><strong>sancta</strong></span> <span class='ocrx_word' id='word_1_239' title='bbox 862 1110 1035 1144; x_wconf 87' lang='lat' dir='ltr'><strong>proculcans.</strong></span> 
     </span>
    </p>
   </div>
   <div class='ocr_carea' id='block_1_39' title="bbox 250 1154 1038 1189">
    <p class='ocr_par' dir='ltr' id='par_1_39' title="bbox 250 1154 1038 1189">
     <span class='ocr_line' id='line_1_39' title="bbox 250 1154 1038 1189; baseline 0.001 -7"><span class='ocrx_word' id='word_1_240' title='bbox 250 1154 328 1182; x_wconf 81' lang='lat' dir='ltr'><strong>Talia</strong></span> <span class='ocrx_word' id='word_1_241' title='bbox 351 1158 415 1182; x_wconf 91' lang='lat' dir='ltr'><strong>sunt</strong></span> <span class='ocrx_word' id='word_1_242' title='bbox 451 1154 511 1189; x_wconf 83' lang='lat' dir='ltr'><strong>ejus</strong></span> <span class='ocrx_word' id='word_1_243' title='bbox 545 1154 678 1188; x_wconf 80' lang='lat' dir='ltr'><strong>facinora,</strong></span> <span class='ocrx_word' id='word_1_244' title='bbox 700 1163 716 1181; x_wconf 92' lang='lat'><strong>0</strong></span> <span class='ocrx_word' id='word_1_245' title='bbox 740 1155 975 1183; x_wconf 79' lang='lat' dir='ltr'><strong>desideratissimi.</strong></span> <span class='ocrx_word' id='word_1_246' title='bbox 1004 1155 1038 1184; x_wconf 87' lang='lat' dir='ltr'><strong>Et</strong></span> 
     </span>
    </p>
   </div>
   <div class='ocr_carea' id='block_1_40' title="bbox 251 1200 1037 1237">
    <p class='ocr_par' dir='ltr' id='par_1_40' title="bbox 251 1200 1037 1237">
     <span class='ocr_line' id='line_1_40' title="bbox 251 1200 1037 1237; baseline 0.003 -9"><span class='ocrx_word' id='word_1_247' title='bbox 251 1201 394 1228; x_wconf 90' lang='lat' dir='ltr'><strong>nobiscum</strong></span> <span class='ocrx_word' id='word_1_248' title='bbox 411 1200 490 1232; x_wconf 85' lang='lat' dir='ltr'><strong>Deus,</strong></span> <span class='ocrx_word' id='word_1_249' title='bbox 506 1200 612 1232; x_wconf 82' lang='lat' dir='ltr'><strong>Oriens,</strong></span> <span class='ocrx_word' id='word_1_250' title='bbox 625 1200 768 1234; x_wconf 76' lang='lat' dir='ltr'><strong>Occidens,</strong></span> <span class='ocrx_word' id='word_1_251' title='bbox 784 1202 893 1237; x_wconf 81' lang='lat' dir='ltr'><strong>Aquilo,</strong></span> <span class='ocrx_word' id='word_1_252' title='bbox 907 1210 992 1230; x_wconf 87' lang='lat' dir='ltr'><strong>mare.</strong></span> <span class='ocrx_word' id='word_1_253' title='bbox 1006 1203 1037 1230; x_wconf 81' lang='lat' dir='ltr'><strong>In</strong></span> 
     </span>
    </p>
   </div>
   <div class='ocr_carea' id='block_1_41' title="bbox 253 1246 1038 1283">
    <p class='ocr_par' dir='ltr' id='par_1_41' title="bbox 253 1246 1038 1283">
     <span class='ocr_line' id='line_1_41' title="bbox 253 1246 1038 1283; baseline 0 -9"><span class='ocrx_word' id='word_1_254' title='bbox 253 1246 296 1274; x_wconf 85' lang='lat' dir='ltr'><strong>his</strong></span> <span class='ocrx_word' id='word_1_255' title='bbox 311 1247 435 1282; x_wconf 80' lang='lat' dir='ltr'><strong>gaudium</strong></span> <span class='ocrx_word' id='word_1_256' title='bbox 450 1255 456 1273; x_wconf 89' lang='lat'><strong>:</strong></span> <span class='ocrx_word' id='word_1_257' title='bbox 472 1246 513 1273; x_wconf 92' lang='lat' dir='ltr'><strong>sin</strong></span> <span class='ocrx_word' id='word_1_258' title='bbox 528 1246 616 1274; x_wconf 85' lang='lat' dir='ltr'><strong>luctus</strong></span> <span class='ocrx_word' id='word_1_259' title='bbox 630 1247 724 1280; x_wconf 89' lang='lat' dir='ltr'><strong>etiam,</strong></span> <span class='ocrx_word' id='word_1_260' title='bbox 739 1252 850 1282; x_wconf 83' lang='lat' dir='ltr'><strong>propter</strong></span> <span class='ocrx_word' id='word_1_261' title='bbox 860 1255 908 1275; x_wconf 88' lang='lat' dir='ltr'><strong>eos</strong></span> <span class='ocrx_word' id='word_1_262' title='bbox 917 1247 964 1282; x_wconf 90' lang='lat' dir='ltr'><strong>qui</strong></span> <span class='ocrx_word' id='word_1_263' title='bbox 974 1255 1038 1283; x_wconf 87' lang='lat' dir='ltr'><strong>per-</strong></span> 
     </span>
    </p>
   </div>
   <div class='ocr_carea' id='block_1_42' title="bbox 252 1292 1037 1329">
    <p class='ocr_par' dir='ltr' id='par_1_42' title="bbox 252 1292 1037 1329">
     <span class='ocr_line' id='line_1_42' title="bbox 252 1292 1037 1329; baseline 0.005 -11"><span class='ocrx_word' id='word_1_264' title='bbox 252 1296 328 1319; x_wconf 89' lang='lat' dir='ltr'><strong>cunt.</strong></span> <span class='ocrx_word' id='word_1_265' title='bbox 352 1292 408 1326; x_wconf 84' lang='lat' dir='ltr'><strong>Age</strong></span> <span class='ocrx_word' id='word_1_266' title='bbox 425 1300 489 1327; x_wconf 89' lang='lat' dir='ltr'><strong>ergo</strong></span> <span class='ocrx_word' id='word_1_267' title='bbox 504 1296 574 1320; x_wconf 84' lang='lat' dir='ltr'><strong>state</strong></span> <span class='ocrx_word' id='word_1_268' title='bbox 589 1292 683 1325; x_wconf 79' lang='lat' dir='ltr'><strong>fortes,</strong></span> <span class='ocrx_word' id='word_1_269' title='bbox 704 1293 789 1327; x_wconf 80' lang='lat' dir='ltr'><strong>gratis</strong></span> <span class='ocrx_word' id='word_1_270' title='bbox 810 1293 909 1321; x_wconf 90' lang='lat' dir='ltr'><strong>animis</strong></span> <span class='ocrx_word' id='word_1_271' title='bbox 924 1294 975 1322; x_wconf 83' lang='lat' dir='ltr'><strong>has</strong></span> <span class='ocrx_word' id='word_1_272' title='bbox 988 1301 1037 1329; x_wconf 88' lang='lat' dir='ltr'><strong>pro</strong></span> 
     </span>
    </p>
   </div>
   <div class='ocr_carea' id='block_1_43' title="bbox 253 1338 1036 1375">
    <p class='ocr_par' dir='ltr' id='par_1_43' title="bbox 253 1338 1036 1375">
     <span class='ocr_line' id='line_1_43' title="bbox 253 1338 1036 1375; baseline 0.004 -11"><span class='ocrx_word' id='word_1_273' title='bbox 253 1338 362 1365; x_wconf 82' lang='lat' dir='ltr'><strong>Christo</strong></span> <span class='ocrx_word' id='word_1_274' title='bbox 390 1345 540 1371; x_wconf 67' lang='lat' dir='ltr'><strong>aerumnas,</strong></span> <span class='ocrx_word' id='word_1_275' title='bbox 565 1338 644 1374; x_wconf 89' lang='lat' dir='ltr'><strong>quasi</strong></span> <span class='ocrx_word' id='word_1_276' title='bbox 675 1339 836 1372; x_wconf 81' lang='lat' dir='ltr'><strong>thesauros,</strong></span> <span class='ocrx_word' id='word_1_277' title='bbox 861 1339 1036 1375; x_wconf 85' lang='lat' dir='ltr'><strong>abripientes.</strong></span> 
     </span>
    </p>
   </div>
   <div class='ocr_carea' id='block_1_44' title="bbox 253 1384 1039 1421">
    <p class='ocr_par' dir='ltr' id='par_1_44' title="bbox 253 1384 1039 1421">
     <span class='ocr_line' id='line_1_44' title="bbox 253 1384 1039 1421; baseline 0.004 -10"><span class='ocrx_word' id='word_1_278' title='bbox 253 1384 340 1417; x_wconf 89' lang='lat' dir='ltr'><strong>Quam</strong></span> <span class='ocrx_word' id='word_1_279' title='bbox 367 1389 550 1420; x_wconf 88' lang='lat' dir='ltr'><strong>opportunum</strong></span> <span class='ocrx_word' id='word_1_280' title='bbox 575 1390 682 1421; x_wconf 86' lang='lat' dir='ltr'><strong>tempus</strong></span> <span class='ocrx_word' id='word_1_281' title='bbox 706 1387 892 1419; x_wconf 87' lang='lat' dir='ltr'><strong>certantibus,</strong></span> <span class='ocrx_word' id='word_1_282' title='bbox 919 1388 1039 1414; x_wconf 82' lang='lat' dir='ltr'><strong>suaviter</strong></span> 
     </span>
    </p>
   </div>
   <div class='ocr_carea' id='block_1_45' title="bbox 253 1431 1038 1468">
    <p class='ocr_par' dir='ltr' id='par_1_45' title="bbox 253 1431 1038 1468">
     <span class='ocr_line' id='line_1_45' title="bbox 253 1431 1038 1468; baseline 0.004 -10"><span class='ocrx_word' id='word_1_283' title='bbox 253 1431 373 1466; x_wconf 79' lang='lat' dir='ltr'><strong>spirans,</strong></span> <span class='ocrx_word' id='word_1_284' title='bbox 398 1431 545 1466; x_wconf 75' lang='lat' dir='ltr'><strong>unguentis</strong></span> <span class='ocrx_word' id='word_1_285' title='bbox 569 1432 775 1459; x_wconf 80' lang='lat' dir='ltr'><strong>tribulationum</strong></span> <span class='ocrx_word' id='word_1_286' title='bbox 803 1432 928 1468; x_wconf 78' lang='lat' dir='ltr'><strong>fragrans</strong></span> <span class='ocrx_word' id='word_1_287' title='bbox 955 1441 1038 1468; x_wconf 86' lang='lat' dir='ltr'><strong>supra</strong></span> 
     </span>
    </p>
   </div>
   <div class='ocr_carea' id='block_1_46' title="bbox 253 1477 1037 1514">
    <p class='ocr_par' dir='ltr' id='par_1_46' title="bbox 253 1477 1037 1514">
     <span class='ocr_line' id='line_1_46' title="bbox 253 1477 1037 1514; baseline 0.005 -11"><span class='ocrx_word' id='word_1_288' title='bbox 253 1478 344 1504; x_wconf 84' lang='lat' dir='ltr'><strong>omnia</strong></span> <span class='ocrx_word' id='word_1_289' title='bbox 362 1482 484 1504; x_wconf 87' lang='lat' dir='ltr'><strong>aromata</strong></span> <span class='ocrx_word' id='word_1_290' title='bbox 498 1478 504 1504; x_wconf 88' lang='lat'>!</span> <span class='ocrx_word' id='word_1_291' title='bbox 519 1477 592 1504; x_wconf 84' lang='lat' dir='ltr'><strong>Fluit</strong></span> <span class='ocrx_word' id='word_1_292' title='bbox 605 1483 755 1514; x_wconf 79' lang='lat' dir='ltr'><strong>martyrum</strong></span> <span class='ocrx_word' id='word_1_293' title='bbox 774 1479 886 1513; x_wconf 77' lang='lat' dir='ltr'><strong>sanguis</strong></span> <span class='ocrx_word' id='word_1_294' title='bbox 899 1480 925 1506; x_wconf 91' lang='lat' dir='ltr'><strong>in</strong></span> <span class='ocrx_word' id='word_1_295' title='bbox 943 1479 1037 1507; x_wconf 85' lang='lat' dir='ltr'><strong>Eccle-</strong></span> 
     </span>
    </p>
   </div>
   <div class='ocr_carea' id='block_1_47' title="bbox 253 1523 1035 1561">
    <p class='ocr_par' dir='ltr' id='par_1_47' title="bbox 253 1523 1035 1561">
     <span class='ocr_line' id='line_1_47' title="bbox 253 1523 1035 1561; baseline 0.006 -12"><span class='ocrx_word' id='word_1_296' title='bbox 253 1523 333 1554; x_wconf 86' lang='lat' dir='ltr'><strong>siam,</strong></span> <span class='ocrx_word' id='word_1_297' title='bbox 350 1523 466 1558; x_wconf 87' lang='lat' dir='ltr'><strong>irrigans</strong></span> <span class='ocrx_word' id='word_1_298' title='bbox 481 1531 541 1551; x_wconf 89' lang='lat' dir='ltr'><strong>eam</strong></span> <span class='ocrx_word' id='word_1_299' title='bbox 556 1524 625 1551; x_wconf 89' lang='lat' dir='ltr'><strong>ultra</strong></span> <span class='ocrx_word' id='word_1_300' title='bbox 644 1532 724 1560; x_wconf 88' lang='lat' dir='ltr'><strong>quam</strong></span> <span class='ocrx_word' id='word_1_301' title='bbox 746 1525 829 1553; x_wconf 86' lang='lat' dir='ltr'><strong>Edcm</strong></span> <span class='ocrx_word' id='word_1_302' title='bbox 848 1526 1035 1561; x_wconf 92' lang='lat' dir='ltr'><strong>quadruplicis</strong></span> 
     </span>
    </p>
   </div>
   <div class='ocr_carea' id='block_1_48' title="bbox 1087 922 1871 960">
    <p class='ocr_par' dir='ltr' id='par_1_48' title="bbox 1087 922 1871 960">
     <span class='ocr_line' id='line_1_48' title="bbox 1087 922 1871 960; baseline -0.003 -9"><span class='ocrx_word' id='word_1_303' title='bbox 1087 924 1300 956; x_wconf 72' lang='grc' dir='ltr'>ἀποστολικοὺς,</span> <span class='ocrx_word' id='word_1_304' title='bbox 1331 924 1535 960; x_wconf 81' lang='grc' dir='ltr'>προφητικοὺς,</span> <span class='ocrx_word' id='word_1_305' title='bbox 1564 922 1725 958; x_wconf 80' lang='grc' dir='ltr'>πατρικοὺς.</span> <span class='ocrx_word' id='word_1_306' title='bbox 1759 923 1815 949; x_wconf 80' lang='grc' dir='ltr'><strong>Καὶ</strong></span> <span class='ocrx_word' id='word_1_307' title='bbox 1841 923 1871 949; x_wconf 72' lang='grc' dir='ltr'>οὐ</span> 
     </span>
    </p>
   </div>
   <div class='ocr_carea' id='block_1_49' title="bbox 1086 969 1871 1006">
    <p class='ocr_par' dir='ltr' id='par_1_49' title="bbox 1086 969 1871 1006">
     <span class='ocr_line' id='line_1_49' title="bbox 1086 969 1871 1006; baseline -0.004 -9"><span class='ocrx_word' id='word_1_308' title='bbox 1086 971 1253 1006; x_wconf 80' lang='grc' dir='ltr'>προσήκατο,</span> <span class='ocrx_word' id='word_1_309' title='bbox 1275 970 1325 997; x_wconf 83' lang='grc' dir='ltr'>οὐκ</span> <span class='ocrx_word' id='word_1_310' title='bbox 1345 969 1469 1002; x_wconf 80' lang='grc' dir='ltr'><strong>ἐδέξατο·</strong></span> <span class='ocrx_word' id='word_1_311' title='bbox 1497 969 1565 996; x_wconf 83' lang='grc' dir='ltr'>ἀλλὰ</span> <span class='ocrx_word' id='word_1_312' title='bbox 1587 969 1756 1004; x_wconf 78' lang='grc' dir='ltr'>διαρῤἠξασα</span> <span class='ocrx_word' id='word_1_313' title='bbox 1771 969 1871 1003; x_wconf 78' lang='grc' dir='ltr'>ἑαυτὴν</span> 
     </span>
    </p>
   </div>
   <div class='ocr_carea' id='block_1_50' title="bbox 1085 1014 1871 1052">
    <p class='ocr_par' dir='ltr' id='par_1_50' title="bbox 1085 1014 1871 1052">
     <span class='ocr_line' id='line_1_50' title="bbox 1085 1014 1871 1052; baseline -0.004 -9"><span class='ocrx_word' id='word_1_314' title='bbox 1085 1016 1133 1044; x_wconf 88' lang='grc' dir='ltr'><strong>τοῦ</strong></span> <span class='ocrx_word' id='word_1_315' title='bbox 1150 1016 1356 1051; x_wconf 81' lang='grc' dir='ltr'>πεντακορύφου</span> <span class='ocrx_word' id='word_1_316' title='bbox 1372 1015 1498 1052; x_wconf 85' lang='grc' dir='ltr'>σώματος</span> <span class='ocrx_word' id='word_1_317' title='bbox 1513 1015 1563 1050; x_wconf 86' lang='grc' dir='ltr'>τῆς</span> <span class='ocrx_word' id='word_1_318' title='bbox 1577 1015 1741 1049; x_wconf 85' lang='grc' dir='ltr'>Ἐκκλησίας</span> <span class='ocrx_word' id='word_1_319' title='bbox 1751 1022 1758 1030; x_wconf 88' lang='grc'>·</span> <span class='ocrx_word' id='word_1_320' title='bbox 1776 1014 1871 1049; x_wconf 68' lang='grc' dir='ltr'>ἐπειδὴ</span> 
     </span>
    </p>
   </div>
   <div class='ocr_carea' id='block_1_51' title="bbox 1086 1059 1870 1097">
    <p class='ocr_par' dir='ltr' id='par_1_51' title="bbox 1086 1059 1870 1097">
     <span class='ocr_line' id='line_1_51' title="bbox 1086 1059 1870 1097; baseline -0.004 -9"><span class='ocrx_word' id='word_1_321' title='bbox 1086 1061 1126 1089; x_wconf 73' lang='grc' dir='ltr'>ἔτι</span> <span class='ocrx_word' id='word_1_322' title='bbox 1141 1062 1174 1097; x_wconf 83' lang='grc' dir='ltr'>ζῇ</span> <span class='ocrx_word' id='word_1_323' title='bbox 1187 1062 1234 1088; x_wconf 82' lang='grc' dir='ltr'>καὶ</span> <span class='ocrx_word' id='word_1_324' title='bbox 1251 1061 1406 1097; x_wconf 77' lang='grc' dir='ltr'>Νικηφόρος</span> <span class='ocrx_word' id='word_1_325' title='bbox 1426 1062 1440 1087; x_wconf 85' lang='grc' dir='ltr'>ὁ</span> <span class='ocrx_word' id='word_1_326' title='bbox 1457 1060 1544 1096; x_wconf 85' lang='grc' dir='ltr'>ἰερός·</span> <span class='ocrx_word' id='word_1_327' title='bbox 1561 1060 1697 1095; x_wconf 80' lang='grc' dir='ltr'>τραχηλιᾷ</span> <span class='ocrx_word' id='word_1_328' title='bbox 1718 1059 1788 1086; x_wconf 75' lang='grc' dir='ltr'>κατὰ</span> <span class='ocrx_word' id='word_1_329' title='bbox 1803 1059 1870 1085; x_wconf 83' lang='grc' dir='ltr'>Θεοῦ</span> 
     </span>
    </p>
   </div>
   <div class='ocr_carea' id='block_1_52' title="bbox 1086 1105 1872 1143">
    <p class='ocr_par' dir='ltr' id='par_1_52' title="bbox 1086 1105 1872 1143">
     <span class='ocr_line' id='line_1_52' title="bbox 1086 1105 1872 1143; baseline -0.004 -8"><span class='ocrx_word' id='word_1_330' title='bbox 1086 1108 1305 1143; x_wconf 75' lang='grc' dir='ltr'>παντοκράτορος</span> <span class='ocrx_word' id='word_1_331' title='bbox 1317 1116 1323 1123; x_wconf 78' lang='grc'><em>’</em></span> <span class='ocrx_word' id='word_1_332' title='bbox 1356 1107 1536 1142; x_wconf 75' lang='grc' dir='ltr'>ὲνυὸρίζουσα</span> <span class='ocrx_word' id='word_1_333' title='bbox 1551 1106 1677 1142; x_wconf 75' lang='grc' dir='ltr'>Χριστὸν,</span> <span class='ocrx_word' id='word_1_334' title='bbox 1695 1105 1822 1132; x_wconf 68' lang='grc' dir='ltr'>πατοῦσι</span> <span class='ocrx_word' id='word_1_335' title='bbox 1839 1106 1872 1132; x_wconf 69' lang='grc' dir='ltr'><strong>τὰ</strong></span> 
     </span>
    </p>
   </div>
   <div class='ocr_carea' id='block_1_53' title="bbox 1087 1149 1872 1188">
    <p class='ocr_par' dir='ltr' id='par_1_53' title="bbox 1087 1149 1872 1188">
     <span class='ocr_line' id='line_1_53' title="bbox 1087 1149 1872 1188; baseline -0.005 -7"><span class='ocrx_word' id='word_1_336' title='bbox 1087 1155 1164 1188; x_wconf 81' lang='grc' dir='ltr'>ἆγια.</span> <span class='ocrx_word' id='word_1_337' title='bbox 1179 1153 1296 1180; x_wconf 79' lang='grc' dir='ltr'>Τοιαῦτα</span> <span class='ocrx_word' id='word_1_338' title='bbox 1312 1153 1345 1180; x_wconf 86' lang='grc' dir='ltr'><strong>τὰ</strong></span> <span class='ocrx_word' id='word_1_339' title='bbox 1365 1153 1433 1188; x_wconf 82' lang='grc' dir='ltr'>παρ’</span> <span class='ocrx_word' id='word_1_340' title='bbox 1448 1152 1533 1187; x_wconf 80' lang='grc' dir='ltr'>αὐτῆς</span> <span class='ocrx_word' id='word_1_341' title='bbox 1546 1172 1554 1184; x_wconf 86' lang='lat'><strong>,</strong></span> <span class='ocrx_word' id='word_1_342' title='bbox 1578 1149 1600 1179; x_wconf 79' lang='grc' dir='ltr'><strong>ὦ</strong></span> <span class='ocrx_word' id='word_1_343' title='bbox 1624 1152 1795 1187; x_wconf 83' lang='grc' dir='ltr'>τριπόθητοι.</span> <span class='ocrx_word' id='word_1_344' title='bbox 1819 1152 1872 1178; x_wconf 76' lang='grc' dir='ltr'><strong>Καὶ</strong></span> 
     </span>
    </p>
   </div>
   <div class='ocr_carea' id='block_1_54' title="bbox 1088 1198 1871 1236">
    <p class='ocr_par' dir='ltr' id='par_1_54' title="bbox 1088 1198 1871 1236">
     <span class='ocr_line' id='line_1_54' title="bbox 1088 1198 1871 1236; baseline -0.003 -10"><span class='ocrx_word' id='word_1_345' title='bbox 1088 1200 1148 1235; x_wconf 84' lang='grc' dir='ltr'>μεθ’</span> <span class='ocrx_word' id='word_1_346' title='bbox 1163 1200 1241 1236; x_wconf 79' lang='grc' dir='ltr'>ἡμῶν</span> <span class='ocrx_word' id='word_1_347' title='bbox 1251 1201 1266 1226; x_wconf 85' lang='grc' dir='ltr'><strong>ό</strong></span> <span class='ocrx_word' id='word_1_348' title='bbox 1276 1199 1352 1233; x_wconf 77' lang='grc' dir='ltr'>Θεὸς,</span> <span class='ocrx_word' id='word_1_349' title='bbox 1361 1199 1502 1234; x_wconf 82' lang='grc' dir='ltr'>Ἀνατολὴ.</span> <span class='ocrx_word' id='word_1_350' title='bbox 1515 1198 1606 1230; x_wconf 78' lang='grc' dir='ltr'>Δύσις,</span> <span class='ocrx_word' id='word_1_351' title='bbox 1620 1198 1720 1234; x_wconf 65' lang='lat' dir='ltr'><strong>Eappa,</strong></span> <span class='ocrx_word' id='word_1_352' title='bbox 1737 1199 1871 1224; x_wconf 78' lang='grc' dir='ltr'>θάλασσα.</span> 
     </span>
    </p>
   </div>
   <div class='ocr_carea' id='block_1_55' title="bbox 1093 1245 1872 1281">
    <p class='ocr_par' dir='ltr' id='par_1_55' title="bbox 1093 1245 1872 1281">
     <span class='ocr_line' id='line_1_55' title="bbox 1093 1245 1872 1281; baseline -0.005 -7"><span class='ocrx_word' id='word_1_353' title='bbox 1093 1247 1138 1274; x_wconf 84' lang='grc' dir='ltr'>Ἐν</span> <span class='ocrx_word' id='word_1_354' title='bbox 1163 1246 1307 1281; x_wconf 78' lang='grc' dir='ltr'>τούτοις,ἡ</span> <span class='ocrx_word' id='word_1_355' title='bbox 1329 1246 1417 1281; x_wconf 77' lang='grc' dir='ltr'>χαρά¹</span> <span class='ocrx_word' id='word_1_356' title='bbox 1438 1246 1463 1272; x_wconf 92' lang='grc' dir='ltr'>εἰ</span> <span class='ocrx_word' id='word_1_357' title='bbox 1486 1245 1514 1272; x_wconf 76' lang='grc' dir='ltr'><strong>δὲ</strong></span> <span class='ocrx_word' id='word_1_358' title='bbox 1534 1245 1582 1272; x_wconf 74' lang='grc' dir='ltr'><strong>καὶ</strong></span> <span class='ocrx_word' id='word_1_359' title='bbox 1606 1245 1714 1280; x_wconf 83' lang='grc' dir='ltr'>Θρῆνος,</span> <span class='ocrx_word' id='word_1_360' title='bbox 1737 1245 1781 1271; x_wconf 83' lang='grc' dir='ltr'><strong>διὰ</strong></span> <span class='ocrx_word' id='word_1_361' title='bbox 1811 1245 1872 1276; x_wconf 82' lang='grc' dir='ltr'>τοὺς</span> 
     </span>
    </p>
   </div>
   <div class='ocr_carea' id='block_1_56' title="bbox 1088 1291 1873 1328">
    <p class='ocr_par' dir='ltr' id='par_1_56' title="bbox 1088 1291 1873 1328">
     <span class='ocr_line' id='line_1_56' title="bbox 1088 1291 1873 1328; baseline -0.001 -9"><span class='ocrx_word' id='word_1_362' title='bbox 1088 1293 1300 1328; x_wconf 82' lang='grc' dir='ltr'>ἀπολλυμένους.</span> <span class='ocrx_word' id='word_1_363' title='bbox 1318 1291 1403 1327; x_wconf 83' lang='grc' dir='ltr'>Δεῦρο</span> <span class='ocrx_word' id='word_1_364' title='bbox 1415 1291 1448 1327; x_wconf 90' lang='grc' dir='ltr'><strong>δὴ</strong></span> <span class='ocrx_word' id='word_1_365' title='bbox 1465 1291 1547 1326; x_wconf 78' lang='grc' dir='ltr'>στῆτέ</span> <span class='ocrx_word' id='word_1_366' title='bbox 1565 1300 1610 1326; x_wconf 86' lang='grc' dir='ltr'><strong>μοι</strong></span> <span class='ocrx_word' id='word_1_367' title='bbox 1633 1292 1769 1325; x_wconf 82' lang='grc' dir='ltr'>γενναῖοι,</span> <span class='ocrx_word' id='word_1_368' title='bbox 1789 1291 1873 1326; x_wconf 82' lang='grc' dir='ltr'>εὐχά-</span> 
     </span>
    </p>
   </div>
   <div class='ocr_carea' id='block_1_57' title="bbox 1089 1336 1873 1374">
    <p class='ocr_par' dir='ltr' id='par_1_57' title="bbox 1089 1336 1873 1374">
     <span class='ocr_line' id='line_1_57' title="bbox 1089 1336 1873 1374; baseline -0.003 -9"><span class='ocrx_word' id='word_1_369' title='bbox 1089 1347 1186 1374; x_wconf 84' lang='grc' dir='ltr'>ριστοι,</span> <span class='ocrx_word' id='word_1_370' title='bbox 1199 1338 1367 1372; x_wconf 70' lang='grc' dir='ltr'>ἁρπάζοντες</span> <span class='ocrx_word' id='word_1_371' title='bbox 1382 1337 1417 1363; x_wconf 81' lang='grc' dir='ltr'><strong>τά</strong></span> <span class='ocrx_word' id='word_1_372' title='bbox 1428 1337 1499 1372; x_wconf 84' lang='grc' dir='ltr'>ὑπὲρ</span> <span class='ocrx_word' id='word_1_373' title='bbox 1511 1336 1629 1371; x_wconf 79' lang='grc' dir='ltr'>Χριστοῦ</span> <span class='ocrx_word' id='word_1_374' title='bbox 1647 1336 1798 1372; x_wconf 78' lang='grc' dir='ltr'>παθήματα</span> <span class='ocrx_word' id='word_1_375' title='bbox 1810 1357 1818 1369; x_wconf 86' lang='grc'>,</span> <span class='ocrx_word' id='word_1_376' title='bbox 1837 1337 1873 1368; x_wconf 77' lang='grc' dir='ltr'>ὡς</span> 
     </span>
    </p>
   </div>
   <div class='ocr_carea' id='block_1_58' title="bbox 1088 1380 1873 1419">
    <p class='ocr_par' dir='ltr' id='par_1_58' title="bbox 1088 1380 1873 1419">
     <span class='ocr_line' id='line_1_58' title="bbox 1088 1380 1873 1419; baseline -0.001 -9"><span class='ocrx_word' id='word_1_377' title='bbox 1088 1383 1309 1419; x_wconf 79' lang='grc' dir='ltr'>θησαυρίσματα.</span> <span class='ocrx_word' id='word_1_378' title='bbox 1319 1380 1381 1414; x_wconf 55' lang='lat' dir='ltr'><strong>Ofe;</strong></span> <span class='ocrx_word' id='word_1_379' title='bbox 1393 1383 1408 1408; x_wconf 85' lang='grc' dir='ltr'><strong>ό</strong></span> <span class='ocrx_word' id='word_1_380' title='bbox 1419 1383 1514 1418; x_wconf 83' lang='grc' dir='ltr'>καιρὸς</span> <span class='ocrx_word' id='word_1_381' title='bbox 1527 1383 1628 1416; x_wconf 82' lang='grc' dir='ltr'>ἀγαθὸς</span> <span class='ocrx_word' id='word_1_382' title='bbox 1640 1383 1708 1418; x_wconf 72' lang='grc' dir='ltr'>πρὸς</span> <span class='ocrx_word' id='word_1_383' title='bbox 1721 1384 1783 1414; x_wconf 73' lang='grc' dir='ltr'>τοὺς</span> <span class='ocrx_word' id='word_1_384' title='bbox 1802 1383 1873 1417; x_wconf 80' lang='grc' dir='ltr'>ἀγω-</span> 
     </span>
    </p>
   </div>
   <div class='ocr_carea' id='block_1_59' title="bbox 1087 1428 1874 1464">
    <p class='ocr_par' dir='ltr' id='par_1_59' title="bbox 1087 1428 1874 1464">
     <span class='ocr_line' id='line_1_59' title="bbox 1087 1428 1874 1464; baseline -0.003 -8"><span class='ocrx_word' id='word_1_385' title='bbox 1087 1429 1256 1464; x_wconf 76' lang='grc' dir='ltr'>νιζομένους,</span> <span class='ocrx_word' id='word_1_386' title='bbox 1279 1428 1423 1464; x_wconf 74' lang='grc' dir='ltr'>ἡδύπνους,</span> <span class='ocrx_word' id='word_1_387' title='bbox 1459 1428 1582 1464; x_wconf 77' lang='grc' dir='ltr'>μυρὶζων</span> <span class='ocrx_word' id='word_1_388' title='bbox 1605 1429 1640 1455; x_wconf 79' lang='grc' dir='ltr'><strong>τά</strong></span> <span class='ocrx_word' id='word_1_389' title='bbox 1663 1428 1874 1463; x_wconf 73' lang='grc' dir='ltr'>ἀθλοφορήματα</span> 
     </span>
    </p>
   </div>
   <div class='ocr_carea' id='block_1_60' title="bbox 1088 1474 1875 1512">
    <p class='ocr_par' dir='ltr' id='par_1_60' title="bbox 1088 1474 1875 1512">
     <span class='ocr_line' id='line_1_60' title="bbox 1088 1474 1875 1512; baseline -0.003 -8"><span class='ocrx_word' id='word_1_390' title='bbox 1088 1477 1158 1512; x_wconf 77' lang='grc' dir='ltr'>ὑπὲρ</span> <span class='ocrx_word' id='word_1_391' title='bbox 1172 1477 1261 1504; x_wconf 83' lang='grc' dir='ltr'>πάντα</span> <span class='ocrx_word' id='word_1_392' title='bbox 1273 1476 1307 1503; x_wconf 79' lang='grc' dir='ltr'><strong>τὰ</strong></span> <span class='ocrx_word' id='word_1_393' title='bbox 1323 1475 1459 1512; x_wconf 84' lang='grc' dir='ltr'>ἀρώματα</span> <span class='ocrx_word' id='word_1_394' title='bbox 1474 1477 1481 1503; x_wconf 90' lang='lat' dir='ltr'><strong>l</strong></span> <span class='ocrx_word' id='word_1_395' title='bbox 1500 1474 1574 1511; x_wconf 77' lang='grc' dir='ltr'>Αἷμα</span> <span class='ocrx_word' id='word_1_396' title='bbox 1589 1477 1631 1510; x_wconf 79' lang='grc' dir='ltr'><strong>ῥεῖ</strong></span> <span class='ocrx_word' id='word_1_397' title='bbox 1644 1476 1816 1511; x_wconf 75' lang='grc' dir='ltr'>μαρτυρικὸν</span> <span class='ocrx_word' id='word_1_398' title='bbox 1832 1476 1875 1502; x_wconf 72' lang='grc' dir='ltr'><strong>ἐπὶ</strong></span> 
     </span>
    </p>
   </div>
   <div class='ocr_carea' id='block_1_61' title="bbox 1087 1522 1875 1559">
    <p class='ocr_par' dir='ltr' id='par_1_61' title="bbox 1087 1522 1875 1559">
     <span class='ocr_line' id='line_1_61' title="bbox 1087 1522 1875 1559; baseline -0.003 -9"><span class='ocrx_word' id='word_1_399' title='bbox 1087 1523 1138 1559; x_wconf 83' lang='grc' dir='ltr'>τὴν</span> <span class='ocrx_word' id='word_1_400' title='bbox 1158 1523 1331 1558; x_wconf 75' lang='grc' dir='ltr'>Ἐκκλησίαν,</span> <span class='ocrx_word' id='word_1_401' title='bbox 1347 1523 1428 1558; x_wconf 83' lang='grc' dir='ltr'>άρδον</span> <span class='ocrx_word' id='word_1_402' title='bbox 1445 1523 1529 1558; x_wconf 76' lang='grc' dir='ltr'>αὐτὴν</span> <span class='ocrx_word' id='word_1_403' title='bbox 1544 1523 1614 1558; x_wconf 80' lang='grc' dir='ltr'>ὑπὲρ</span> <span class='ocrx_word' id='word_1_404' title='bbox 1633 1522 1711 1557; x_wconf 81' lang='grc' dir='ltr'><strong>Ἒδὲμ</strong></span> <span class='ocrx_word' id='word_1_405' title='bbox 1729 1523 1762 1548; x_wconf 79' lang='grc' dir='ltr'>ὲκ</span> <span class='ocrx_word' id='word_1_406' title='bbox 1775 1530 1875 1557; x_wconf 75' lang='grc' dir='ltr'>τετρα-</span> 
     </span>
    </p>
   </div>
   <div class='ocr_carea' id='block_1_62' title="bbox 253 1565 1037 1605">
    <p class='ocr_par' dir='ltr' id='par_1_62' title="bbox 253 1565 1036 1603">
     <span class='ocr_line' id='line_1_62' title="bbox 253 1565 1036 1603; baseline 0.005 -11"><span class='ocrx_word' id='word_1_407' title='bbox 253 1565 373 1594; x_wconf 79' lang='lat' dir='ltr'><strong>Dutuinis</strong></span> <span class='ocrx_word' id='word_1_408' title='bbox 385 1567 458 1594; x_wconf 90' lang='lat' dir='ltr'><strong>fonte</strong></span> <span class='ocrx_word' id='word_1_409' title='bbox 478 1567 626 1602; x_wconf 88' lang='lat' dir='ltr'><strong>perfusam.</strong></span> <span class='ocrx_word' id='word_1_410' title='bbox 643 1569 784 1596; x_wconf 80' lang='lat' dir='ltr'><strong>Accedunt</strong></span> <span class='ocrx_word' id='word_1_411' title='bbox 799 1574 950 1603; x_wconf 85' lang='lat' dir='ltr'><strong>martyrum</strong></span> <span class='ocrx_word' id='word_1_412' title='bbox 962 1570 1036 1597; x_wconf 90' lang='lat' dir='ltr'><strong>chori</strong></span> 
     </span>
    </p>
   </div>
   <div class='ocr_carea' id='block_1_63' title="bbox 1089 1565 1875 1605">
    <p class='ocr_par' dir='ltr' id='par_1_63' title="bbox 1089 1569 1875 1605">
     <span class='ocr_line' id='line_1_63' title="bbox 1089 1569 1875 1605; baseline -0.004 -9"><span class='ocrx_word' id='word_1_413' title='bbox 1089 1569 1213 1604; x_wconf 76' lang='grc' dir='ltr'>ποτάμου</span> <span class='ocrx_word' id='word_1_414' title='bbox 1226 1569 1330 1605; x_wconf 82' lang='grc' dir='ltr'>κρήνης</span> <span class='ocrx_word' id='word_1_415' title='bbox 1341 1569 1535 1605; x_wconf 81' lang='grc' dir='ltr'>ποτιουμένην.</span> <span class='ocrx_word' id='word_1_416' title='bbox 1547 1569 1743 1604; x_wconf 83' lang='grc' dir='ltr'>Προστίθενται</span> <span class='ocrx_word' id='word_1_417' title='bbox 1759 1569 1785 1594; x_wconf 84' lang='grc' dir='ltr'><strong>οἰ</strong></span> <span class='ocrx_word' id='word_1_418' title='bbox 1799 1569 1875 1603; x_wconf 71' lang='grc' dir='ltr'>χοροὶ</span> 
     </span>
    </p>
   </div>
   <div class='ocr_carea' id='block_1_64' title="bbox 253 1612 1038 1649">
    <p class='ocr_par' dir='ltr' id='par_1_64' title="bbox 253 1612 1038 1649">
     <span class='ocr_line' id='line_1_64' title="bbox 253 1612 1038 1649; baseline 0.006 -11"><span class='ocrx_word' id='word_1_419' title='bbox 253 1612 300 1647; x_wconf 89' lang='lat' dir='ltr'><strong>qui</strong></span> <span class='ocrx_word' id='word_1_420' title='bbox 325 1614 399 1640; x_wconf 90' lang='lat' dir='ltr'><strong>omni</strong></span> <span class='ocrx_word' id='word_1_421' title='bbox 422 1619 501 1641; x_wconf 67' lang='lat' dir='ltr'><strong>aetate</strong></span> <span class='ocrx_word' id='word_1_422' title='bbox 528 1614 662 1642; x_wconf 87' lang='lat' dir='ltr'><strong>fuerunt:</strong></span> <span class='ocrx_word' id='word_1_423' title='bbox 685 1623 745 1649; x_wconf 64' lang='lat' dir='ltr'><strong>quae</strong></span> <span class='ocrx_word' id='word_1_424' title='bbox 764 1615 828 1642; x_wconf 87' lang='lat' dir='ltr'><strong>olim</strong></span> <span class='ocrx_word' id='word_1_425' title='bbox 848 1615 1038 1643; x_wconf 88' lang='lat' dir='ltr'><strong>confessorum</strong></span> 
     </span>
    </p>
   </div>
   <div class='ocr_carea' id='block_1_65' title="bbox 253 1658 1037 1694">
    <p class='ocr_par' dir='ltr' id='par_1_65' title="bbox 253 1658 1037 1694">
     <span class='ocr_line' id='line_1_65' title="bbox 253 1658 1037 1694; baseline 0.003 -8"><span class='ocrx_word' id='word_1_426' title='bbox 253 1658 394 1686; x_wconf 57' lang='lat' dir='ltr'><strong>felicitates</strong></span> <span class='ocrx_word' id='word_1_427' title='bbox 423 1660 649 1694; x_wconf 74' lang='lat' dir='ltr'><strong>pnedicabautur,</strong></span> <span class='ocrx_word' id='word_1_428' title='bbox 672 1668 745 1687; x_wconf 92' lang='lat' dir='ltr'><strong>nunc</strong></span> <span class='ocrx_word' id='word_1_429' title='bbox 768 1661 855 1688; x_wconf 92' lang='lat' dir='ltr'><strong>oculis</strong></span> <span class='ocrx_word' id='word_1_430' title='bbox 879 1665 1037 1688; x_wconf 86' lang='lat' dir='ltr'><strong>cernuntur.</strong></span> 
     </span>
    </p>
   </div>
   <div class='ocr_carea' id='block_1_66' title="bbox 253 1705 1037 1741">
    <p class='ocr_par' dir='ltr' id='par_1_66' title="bbox 253 1705 1037 1741">
     <span class='ocr_line' id='line_1_66' title="bbox 253 1705 1037 1741; baseline 0.005 -10"><span class='ocrx_word' id='word_1_431' title='bbox 253 1706 294 1732; x_wconf 78' lang='lat' dir='ltr'><strong>An</strong></span> <span class='ocrx_word' id='word_1_432' title='bbox 317 1705 400 1741; x_wconf 87' lang='lat' dir='ltr'><strong>igitur</strong></span> <span class='ocrx_word' id='word_1_433' title='bbox 415 1715 468 1733; x_wconf 90' lang='lat' dir='ltr'><strong>non</strong></span> <span class='ocrx_word' id='word_1_434' title='bbox 493 1706 604 1734; x_wconf 84' lang='lat' dir='ltr'><strong>festines</strong></span> <span class='ocrx_word' id='word_1_435' title='bbox 620 1707 652 1734; x_wconf 86' lang='lat' dir='ltr'><strong>ad</strong></span> <span class='ocrx_word' id='word_1_436' title='bbox 673 1712 810 1734; x_wconf 87' lang='lat' dir='ltr'><strong>certamen</strong></span> <span class='ocrx_word' id='word_1_437' title='bbox 833 1707 891 1735; x_wconf 58' lang='lat' dir='ltr'><strong>hac</strong></span> <span class='ocrx_word' id='word_1_438' title='bbox 913 1707 1037 1739; x_wconf 87' lang='lat' dir='ltr'><strong>audiens,</strong></span> 
     </span>
    </p>
   </div>
   <div class='ocr_carea' id='block_1_67' title="bbox 253 1751 1040 1788">
    <p class='ocr_par' dir='ltr' id='par_1_67' title="bbox 253 1751 1040 1788">
     <span class='ocr_line' id='line_1_67' title="bbox 253 1751 1040 1788; baseline 0.004 -10"><span class='ocrx_word' id='word_1_439' title='bbox 253 1751 394 1779; x_wconf 86' lang='lat' dir='ltr'><strong>fastidiens</strong></span> <span class='ocrx_word' id='word_1_440' title='bbox 402 1757 569 1786; x_wconf 87' lang='lat' dir='ltr'><strong>montanam,</strong></span> <span class='ocrx_word' id='word_1_441' title='bbox 585 1757 632 1780; x_wconf 91' lang='lat' dir='ltr'><strong>ant</strong></span> <span class='ocrx_word' id='word_1_442' title='bbox 645 1753 756 1785; x_wconf 87' lang='lat' dir='ltr'><strong>deserti,</strong></span> <span class='ocrx_word' id='word_1_443' title='bbox 768 1757 814 1780; x_wconf 91' lang='lat' dir='ltr'><strong>aut</strong></span> <span class='ocrx_word' id='word_1_444' title='bbox 824 1753 1040 1788; x_wconf 88' lang='lat' dir='ltr'><strong>qualemcunque</strong></span> 
     </span>
    </p>
   </div>
   <div class='ocr_carea' id='block_1_68' title="bbox 253 1797 1039 1826">
    <p class='ocr_par' dir='ltr' id='par_1_68' title="bbox 253 1797 1039 1826">
     <span class='ocr_line' id='line_1_68' title="bbox 253 1797 1039 1826; baseline 0.003 -2"><span class='ocrx_word' id='word_1_445' title='bbox 253 1797 482 1825; x_wconf 80' lang='lat' dir='ltr'><strong>occultationem?</strong></span> <span class='ocrx_word' id='word_1_446' title='bbox 501 1799 625 1825; x_wconf 87' lang='lat' dir='ltr'><strong>Attamen</strong></span> <span class='ocrx_word' id='word_1_447' title='bbox 647 1806 727 1826; x_wconf 88' lang='lat' dir='ltr'><strong>mane</strong></span> <span class='ocrx_word' id='word_1_448' title='bbox 752 1799 796 1825; x_wconf 82' lang='lat' dir='ltr'><strong>tibi</strong></span> <span class='ocrx_word' id='word_1_449' title='bbox 829 1806 880 1826; x_wconf 89' lang='lat' dir='ltr'><strong>es:</strong></span> <span class='ocrx_word' id='word_1_450' title='bbox 897 1799 982 1826; x_wconf 85' lang='lat' dir='ltr'><strong>habes</strong></span> <span class='ocrx_word' id='word_1_451' title='bbox 1012 1803 1039 1826; x_wconf 89' lang='lat' dir='ltr'><strong>et</strong></span> 
     </span>
    </p>
   </div>
   <div class='ocr_carea' id='block_1_69' title="bbox 253 1844 1038 1879">
    <p class='ocr_par' dir='ltr' id='par_1_69' title="bbox 253 1844 1038 1879">
     <span class='ocr_line' id='line_1_69' title="bbox 253 1844 1038 1879; baseline 0.003 -9"><span class='ocrx_word' id='word_1_452' title='bbox 253 1848 281 1870; x_wconf 91' lang='lat' dir='ltr'><strong>tu</strong></span> <span class='ocrx_word' id='word_1_453' title='bbox 297 1844 491 1871; x_wconf 86' lang='lat' dir='ltr'><strong>beatitudinem</strong></span> <span class='ocrx_word' id='word_1_454' title='bbox 502 1844 649 1879; x_wconf 89' lang='lat' dir='ltr'><strong>ingentem.</strong></span> <span class='ocrx_word' id='word_1_455' title='bbox 666 1844 730 1877; x_wconf 90' lang='lat' dir='ltr'><strong>Ora,</strong></span> <span class='ocrx_word' id='word_1_456' title='bbox 747 1849 774 1872; x_wconf 92' lang='lat' dir='ltr'><strong>et</strong></span> <span class='ocrx_word' id='word_1_457' title='bbox 789 1845 869 1872; x_wconf 84' lang='lat' dir='ltr'><strong>lauda</strong></span> <span class='ocrx_word' id='word_1_458' title='bbox 882 1845 1038 1879; x_wconf 88' lang='lat' dir='ltr'><strong>beatiores;</strong></span> 
     </span>
    </p>
   </div>
   <div class='ocr_carea' id='block_1_70' title="bbox 254 1890 1041 1926">
    <p class='ocr_par' dir='ltr' id='par_1_70' title="bbox 254 1890 1041 1926">
     <span class='ocr_line' id='line_1_70' title="bbox 254 1890 1041 1926; baseline 0.001 -9"><span class='ocrx_word' id='word_1_459' title='bbox 254 1895 367 1925; x_wconf 89' lang='lat' dir='ltr'><strong>percute</strong></span> <span class='ocrx_word' id='word_1_460' title='bbox 382 1891 448 1918; x_wconf 87' lang='lat' dir='ltr'><strong>mihi</strong></span> <span class='ocrx_word' id='word_1_461' title='bbox 464 1890 683 1926; x_wconf 86' lang='lat' dir='ltr'><strong>iuaspectahilem</strong></span> <span class='ocrx_word' id='word_1_462' title='bbox 699 1891 865 1922; x_wconf 83' lang='lat' dir='ltr'><strong>draconem;</strong></span> <span class='ocrx_word' id='word_1_463' title='bbox 880 1891 984 1918; x_wconf 89' lang='lat' dir='ltr'><strong>debella</strong></span> <span class='ocrx_word' id='word_1_464' title='bbox 999 1891 1041 1918; x_wconf 88' lang='lat' dir='ltr'><strong>in-</strong></span> 
     </span>
    </p>
   </div>
   <div class='ocr_carea' id='block_1_71' title="bbox 254 1936 1041 1972">
    <p class='ocr_par' dir='ltr' id='par_1_71' title="bbox 254 1936 1041 1972">
     <span class='ocr_line' id='line_1_71' title="bbox 254 1936 1041 1972; baseline 0.001 -9"><span class='ocrx_word' id='word_1_465' title='bbox 254 1936 382 1963; x_wconf 86' lang='lat' dir='ltr'><strong>testinum</strong></span> <span class='ocrx_word' id='word_1_466' title='bbox 411 1937 502 1964; x_wconf 89' lang='lat' dir='ltr'><strong>carnis</strong></span> <span class='ocrx_word' id='word_1_467' title='bbox 532 1937 650 1969; x_wconf 91' lang='lat' dir='ltr'><strong>bellum;</strong></span> <span class='ocrx_word' id='word_1_468' title='bbox 669 1937 757 1964; x_wconf 86' lang='lat' dir='ltr'><strong>vincat</strong></span> <span class='ocrx_word' id='word_1_469' title='bbox 785 1938 907 1972; x_wconf 86' lang='lat' dir='ltr'><strong>spiritus,</strong></span> <span class='ocrx_word' id='word_1_470' title='bbox 939 1937 1041 1964; x_wconf 82' lang='lat' dir='ltr'><strong>serviat</strong></span> 
     </span>
    </p>
   </div>
   <div class='ocr_carea' id='block_1_72' title="bbox 196 1980 1037 2016">
    <p class='ocr_par' dir='ltr' id='par_1_72' title="bbox 196 1980 1037 2016">
     <span class='ocr_line' id='line_1_72' title="bbox 196 1980 1037 2016; baseline 0.001 -9"><span class='ocrx_word' id='word_1_471' title='bbox 196 1981 203 1989; x_wconf 84' lang='lat'><strong>&#39;</strong></span> <span class='ocrx_word' id='word_1_472' title='bbox 253 1987 354 2016; x_wconf 88' lang='lat' dir='ltr'><strong>corpus</strong></span> <span class='ocrx_word' id='word_1_473' title='bbox 374 1989 380 2007; x_wconf 91' lang='lat'>:</span> <span class='ocrx_word' id='word_1_474' title='bbox 397 1985 426 2007; x_wconf 90' lang='lat' dir='ltr'><strong>ut</strong></span> <span class='ocrx_word' id='word_1_475' title='bbox 449 1981 571 2008; x_wconf 80' lang='lat' dir='ltr'><strong>libertate</strong></span> <span class='ocrx_word' id='word_1_476' title='bbox 599 1980 704 2007; x_wconf 85' lang='lat' dir='ltr'><strong>fruatur</strong></span> <span class='ocrx_word' id='word_1_477' title='bbox 719 1982 809 2008; x_wconf 87' lang='lat' dir='ltr'><strong>anima</strong></span> <span class='ocrx_word' id='word_1_478' title='bbox 825 1987 952 2016; x_wconf 81' lang='lat' dir='ltr'><strong>tanquam</strong></span> <span class='ocrx_word' id='word_1_479' title='bbox 974 1981 1037 2008; x_wconf 83' lang='lat' dir='ltr'><strong>hera</strong></span> 
     </span>
    </p>
   </div>
   <div class='ocr_carea' id='block_1_73' title="bbox 253 2027 1037 2061">
    <p class='ocr_par' dir='ltr' id='par_1_73' title="bbox 253 2027 1037 2061">
     <span class='ocr_line' id='line_1_73' title="bbox 253 2027 1037 2061; baseline 0.001 -7"><span class='ocrx_word' id='word_1_480' title='bbox 253 2035 285 2054; x_wconf 90' lang='lat' dir='ltr'><strong>ac</strong></span> <span class='ocrx_word' id='word_1_481' title='bbox 312 2027 433 2059; x_wconf 83' lang='lat' dir='ltr'><strong>domina,</strong></span> <span class='ocrx_word' id='word_1_482' title='bbox 457 2035 548 2061; x_wconf 86' lang='lat' dir='ltr'><strong>pacem</strong></span> <span class='ocrx_word' id='word_1_483' title='bbox 571 2027 674 2055; x_wconf 86' lang='lat' dir='ltr'><strong>habens</strong></span> <span class='ocrx_word' id='word_1_484' title='bbox 690 2035 750 2054; x_wconf 84' lang='lat' dir='ltr'><strong>cum</strong></span> <span class='ocrx_word' id='word_1_485' title='bbox 770 2027 835 2055; x_wconf 83' lang='lat' dir='ltr'><strong>Deo.</strong></span> <span class='ocrx_word' id='word_1_486' title='bbox 858 2027 915 2054; x_wconf 84' lang='lat' dir='ltr'><strong>Hoc</strong></span> <span class='ocrx_word' id='word_1_487' title='bbox 931 2028 954 2055; x_wconf 84' lang='lat' dir='ltr'><strong>si</strong></span> <span class='ocrx_word' id='word_1_488' title='bbox 970 2028 1016 2055; x_wconf 87' lang='lat' dir='ltr'><strong>ﬁat</strong></span> <span class='ocrx_word' id='word_1_489' title='bbox 1030 2048 1037 2061; x_wconf 89' lang='lat'><strong>,</strong></span> 
     </span>
    </p>
   </div>
   <div class='ocr_carea' id='block_1_74' title="bbox 252 2072 965 2108">
    <p class='ocr_par' dir='ltr' id='par_1_74' title="bbox 252 2072 965 2108">
     <span class='ocr_line' id='line_1_74' title="bbox 252 2072 965 2108; baseline 0.001 -8"><span class='ocrx_word' id='word_1_490' title='bbox 252 2073 442 2108; x_wconf 88' lang='lat' dir='ltr'><strong>quotidianum</strong></span> <span class='ocrx_word' id='word_1_491' title='bbox 458 2073 631 2108; x_wconf 89' lang='lat' dir='ltr'><strong>martyrium,</strong></span> <span class='ocrx_word' id='word_1_492' title='bbox 647 2080 662 2099; x_wconf 91' lang='lat' dir='ltr'><strong>a</strong></span> <span class='ocrx_word' id='word_1_493' title='bbox 683 2072 739 2100; x_wconf 90' lang='lat' dir='ltr'><strong>Deo</strong></span> <span class='ocrx_word' id='word_1_494' title='bbox 755 2077 832 2101; x_wconf 74' lang='lat' dir='ltr'><strong>texta:</strong></span> <span class='ocrx_word' id='word_1_495' title='bbox 846 2073 965 2101; x_wconf 61' lang='lat' dir='ltr'><strong>corollae.</strong></span> 
     </span>
    </p>
   </div>
   <div class='ocr_carea' id='block_1_75' title="bbox 1089 1615 1875 1651">
    <p class='ocr_par' dir='ltr' id='par_1_75' title="bbox 1089 1615 1875 1651">
     <span class='ocr_line' id='line_1_75' title="bbox 1089 1615 1875 1651; baseline -0.001 -9"><span class='ocrx_word' id='word_1_496' title='bbox 1089 1616 1143 1643; x_wconf 82' lang='grc' dir='ltr'>τῶν</span> <span class='ocrx_word' id='word_1_497' title='bbox 1159 1616 1207 1643; x_wconf 84' lang='grc' dir='ltr'><strong>ἀπ’</strong></span> <span class='ocrx_word' id='word_1_498' title='bbox 1226 1616 1323 1647; x_wconf 82' lang='grc' dir='ltr'>αἰῶνος</span> <span class='ocrx_word' id='word_1_499' title='bbox 1337 1615 1499 1651; x_wconf 59' lang='grc' dir='ltr'>μαρτύρων</span> <span class='ocrx_word' id='word_1_500' title='bbox 1515 1615 1570 1642; x_wconf 78' lang='grc' dir='ltr'>τῶν</span> <span class='ocrx_word' id='word_1_501' title='bbox 1581 1615 1756 1650; x_wconf 80' lang='grc' dir='ltr'>ὁμολογητῶν</span> <span class='ocrx_word' id='word_1_502' title='bbox 1768 1617 1805 1641; x_wconf 78' lang='grc' dir='ltr'>τὰ</span> <span class='ocrx_word' id='word_1_503' title='bbox 1823 1616 1875 1641; x_wconf 68' lang='grc' dir='ltr'>πά-</span> 
     </span>
    </p>
   </div>
   <div class='ocr_carea' id='block_1_76' title="bbox 1090 1659 1876 1697">
    <p class='ocr_par' dir='ltr' id='par_1_76' title="bbox 1090 1659 1876 1697">
     <span class='ocr_line' id='line_1_76' title="bbox 1090 1659 1876 1697; baseline -0.003 -9"><span class='ocrx_word' id='word_1_504' title='bbox 1090 1661 1134 1688; x_wconf 89' lang='grc' dir='ltr'><strong>λαι</strong></span> <span class='ocrx_word' id='word_1_505' title='bbox 1152 1662 1369 1697; x_wconf 81' lang='grc' dir='ltr'>μακαριζόμενα,</span> <span class='ocrx_word' id='word_1_506' title='bbox 1386 1662 1415 1688; x_wconf 86' lang='grc' dir='ltr'>ὲν</span> <span class='ocrx_word' id='word_1_507' title='bbox 1425 1661 1574 1697; x_wconf 75' lang='grc' dir='ltr'>ὀφθαλμοῖς</span> <span class='ocrx_word' id='word_1_508' title='bbox 1583 1661 1629 1688; x_wconf 89' lang='grc' dir='ltr'><strong>νῦν</strong></span> <span class='ocrx_word' id='word_1_509' title='bbox 1641 1662 1818 1696; x_wconf 79' lang='grc' dir='ltr'>όρᾶται.’Δρ“</span> <span class='ocrx_word' id='word_1_510' title='bbox 1832 1659 1876 1687; x_wconf 74' lang='grc' dir='ltr'>οὖν</span> 
     </span>
    </p>
   </div>
   <div class='ocr_carea' id='block_1_77' title="bbox 1089 1707 1875 1744">
    <p class='ocr_par' dir='ltr' id='par_1_77' title="bbox 1089 1707 1875 1744">
     <span class='ocr_line' id='line_1_77' title="bbox 1089 1707 1875 1744; baseline -0.004 -9"><span class='ocrx_word' id='word_1_511' title='bbox 1089 1708 1139 1735; x_wconf 78' lang='grc' dir='ltr'><strong>οὐκ</strong></span> <span class='ocrx_word' id='word_1_512' title='bbox 1155 1709 1254 1744; x_wconf 77' lang='grc' dir='ltr'>ἐπείγῃ</span> <span class='ocrx_word' id='word_1_513' title='bbox 1264 1708 1332 1743; x_wconf 85' lang='grc' dir='ltr'>πρὸς</span> <span class='ocrx_word' id='word_1_514' title='bbox 1341 1708 1390 1744; x_wconf 75' lang='grc' dir='ltr'>τὴν</span> <span class='ocrx_word' id='word_1_515' title='bbox 1402 1707 1515 1742; x_wconf 76' lang='grc' dir='ltr'>ἄθλησιν</span> <span class='ocrx_word' id='word_1_516' title='bbox 1530 1709 1544 1734; x_wconf 88' lang='grc' dir='ltr'>ὁ</span> <span class='ocrx_word' id='word_1_517' title='bbox 1557 1708 1674 1739; x_wconf 81' lang='grc' dir='ltr'>ἁκούων,</span> <span class='ocrx_word' id='word_1_518' title='bbox 1689 1707 1875 1741; x_wconf 82' lang='grc' dir='ltr'>δυσχεραίνων</span> 
     </span>
    </p>
   </div>
   <div class='ocr_carea' id='block_1_78' title="bbox 1089 1753 1875 1789">
    <p class='ocr_par' dir='ltr' id='par_1_78' title="bbox 1089 1753 1875 1789">
     <span class='ocr_line' id='line_1_78' title="bbox 1089 1753 1875 1789; baseline -0.001 -9"><span class='ocrx_word' id='word_1_519' title='bbox 1089 1754 1139 1789; x_wconf 83' lang='grc' dir='ltr'>τὴν</span> <span class='ocrx_word' id='word_1_520' title='bbox 1151 1754 1268 1789; x_wconf 68' lang='grc' dir='ltr'>ὀρεινὴν,</span> <span class='ocrx_word' id='word_1_521' title='bbox 1282 1754 1298 1788; x_wconf 89' lang='grc' dir='ltr'>ἢ</span> <span class='ocrx_word' id='word_1_522' title='bbox 1313 1753 1362 1789; x_wconf 84' lang='grc' dir='ltr'>τὴν</span> <span class='ocrx_word' id='word_1_523' title='bbox 1378 1753 1507 1789; x_wconf 76' lang='grc' dir='ltr'>ἐρημίαν,</span> <span class='ocrx_word' id='word_1_524' title='bbox 1523 1753 1539 1788; x_wconf 79' lang='grc' dir='ltr'><strong>ἢ</strong></span> <span class='ocrx_word' id='word_1_525' title='bbox 1553 1753 1601 1788; x_wconf 81' lang='grc' dir='ltr'>τὴν</span> <span class='ocrx_word' id='word_1_526' title='bbox 1611 1753 1734 1780; x_wconf 81' lang='grc' dir='ltr'>ὁπωσοῦν</span> <span class='ocrx_word' id='word_1_527' title='bbox 1750 1762 1875 1788; x_wconf 80' lang='grc' dir='ltr'>κρυπτα-</span> 
     </span>
    </p>
   </div>
   <div class='ocr_carea' id='block_1_79' title="bbox 1087 1795 1878 1834">
    <p class='ocr_par' dir='ltr' id='par_1_79' title="bbox 1087 1795 1878 1834">
     <span class='ocr_line' id='line_1_79' title="bbox 1087 1795 1878 1834; baseline 0.001 -9"><span class='ocrx_word' id='word_1_528' title='bbox 1087 1799 1163 1832; x_wconf 87' lang='grc' dir='ltr'>δίαν;</span> <span class='ocrx_word' id='word_1_529' title='bbox 1183 1799 1253 1826; x_wconf 81' lang='grc' dir='ltr'>Ἀλλ’</span> <span class='ocrx_word' id='word_1_530' title='bbox 1267 1799 1342 1834; x_wconf 82' lang='grc' dir='ltr'>ὅμως</span> <span class='ocrx_word' id='word_1_531' title='bbox 1363 1799 1427 1834; x_wconf 81' lang='grc' dir='ltr'>μένε</span> <span class='ocrx_word' id='word_1_532' title='bbox 1448 1799 1477 1824; x_wconf 80' lang='grc' dir='ltr'>ὲν</span> <span class='ocrx_word' id='word_1_533' title='bbox 1492 1795 1533 1830; x_wconf 76' lang='grc' dir='ltr'>οἷς</span> <span class='ocrx_word' id='word_1_534' title='bbox 1555 1796 1597 1825; x_wconf 79' lang='grc' dir='ltr'><strong>εἴ·</strong></span> <span class='ocrx_word' id='word_1_535' title='bbox 1622 1798 1693 1834; x_wconf 71' lang='grc' dir='ltr'>ἔχεις</span> <span class='ocrx_word' id='word_1_536' title='bbox 1711 1798 1758 1825; x_wconf 79' lang='grc' dir='ltr'>καὶ</span> <span class='ocrx_word' id='word_1_537' title='bbox 1776 1800 1811 1825; x_wconf 81' lang='grc' dir='ltr'>σὺ</span> <span class='ocrx_word' id='word_1_538' title='bbox 1831 1800 1878 1826; x_wconf 76' lang='grc' dir='ltr'>τὸν</span> 
     </span>
    </p>
   </div>
   <div class='ocr_carea' id='block_1_80' title="bbox 1092 1843 1877 1879">
    <p class='ocr_par' dir='ltr' id='par_1_80' title="bbox 1092 1843 1877 1879">
     <span class='ocr_line' id='line_1_80' title="bbox 1092 1843 1877 1879; baseline 0.003 -9"><span class='ocrx_word' id='word_1_539' title='bbox 1092 1844 1267 1879; x_wconf 77' lang='grc' dir='ltr'>μακαρισμὸν</span> <span class='ocrx_word' id='word_1_540' title='bbox 1291 1844 1393 1879; x_wconf 75' lang='grc' dir='ltr'>ἡλίκον.</span> <span class='ocrx_word' id='word_1_541' title='bbox 1415 1843 1590 1879; x_wconf 81' lang='grc' dir='ltr'>Προσεύχου,</span> <span class='ocrx_word' id='word_1_542' title='bbox 1613 1844 1661 1871; x_wconf 80' lang='grc' dir='ltr'>καὶ</span> <span class='ocrx_word' id='word_1_543' title='bbox 1685 1844 1794 1871; x_wconf 80' lang='grc' dir='ltr'>ἐπαίνει</span> <span class='ocrx_word' id='word_1_544' title='bbox 1815 1846 1877 1877; x_wconf 69' lang='grc' dir='ltr'>τοὺς</span> 
     </span>
    </p>
   </div>
   <div class='ocr_carea' id='block_1_81' title="bbox 1089 1891 1875 1927">
    <p class='ocr_par' dir='ltr' id='par_1_81' title="bbox 1089 1891 1875 1927">
     <span class='ocr_line' id='line_1_81' title="bbox 1089 1891 1875 1927; baseline 0.001 -10"><span class='ocrx_word' id='word_1_545' title='bbox 1089 1891 1359 1926; x_wconf 84' lang='grc' dir='ltr'>πλεομακαρίστους·</span> <span class='ocrx_word' id='word_1_546' title='bbox 1381 1891 1460 1926; x_wconf 85' lang='grc' dir='ltr'>βάλλε</span> <span class='ocrx_word' id='word_1_547' title='bbox 1475 1900 1520 1926; x_wconf 86' lang='grc' dir='ltr'><strong>μοι</strong></span> <span class='ocrx_word' id='word_1_548' title='bbox 1533 1891 1580 1918; x_wconf 83' lang='grc' dir='ltr'><strong>τὸν</strong></span> <span class='ocrx_word' id='word_1_549' title='bbox 1595 1892 1710 1926; x_wconf 80' lang='grc' dir='ltr'>ἀόρατον</span> <span class='ocrx_word' id='word_1_550' title='bbox 1723 1891 1875 1927; x_wconf 75' lang='grc' dir='ltr'>δράκοντα·</span> 
     </span>
    </p>
   </div>
   <div class='ocr_carea' id='block_1_82' title="bbox 1089 1937 1877 1974">
    <p class='ocr_par' dir='ltr' id='par_1_82' title="bbox 1089 1937 1877 1974">
     <span class='ocr_line' id='line_1_82' title="bbox 1089 1937 1877 1974; baseline -0.001 -9"><span class='ocrx_word' id='word_1_551' title='bbox 1089 1938 1174 1974; x_wconf 78' lang='grc' dir='ltr'>τρέπε</span> <span class='ocrx_word' id='word_1_552' title='bbox 1189 1947 1234 1973; x_wconf 86' lang='grc' dir='ltr'><strong>μοι</strong></span> <span class='ocrx_word' id='word_1_553' title='bbox 1248 1938 1293 1964; x_wconf 83' lang='grc' dir='ltr'>τὸν</span> <span class='ocrx_word' id='word_1_554' title='bbox 1309 1938 1440 1972; x_wconf 80' lang='grc' dir='ltr'>ἐμφύλιον</span> <span class='ocrx_word' id='word_1_555' title='bbox 1455 1938 1505 1972; x_wconf 84' lang='grc' dir='ltr'>τῆς</span> <span class='ocrx_word' id='word_1_556' title='bbox 1521 1937 1622 1973; x_wconf 82' lang='grc' dir='ltr'>σαρκὸς</span> <span class='ocrx_word' id='word_1_557' title='bbox 1639 1938 1877 1972; x_wconf 71' lang='grc' dir='ltr'>πόλεμοψνικὰτω</span> 
     </span>
    </p>
   </div>
   <div class='ocr_carea' id='block_1_83' title="bbox 1089 1983 1877 2019">
    <p class='ocr_par' dir='ltr' id='par_1_83' title="bbox 1089 1983 1877 2019">
     <span class='ocr_line' id='line_1_83' title="bbox 1089 1983 1877 2019; baseline -0.003 -8"><span class='ocrx_word' id='word_1_558' title='bbox 1089 1985 1120 2011; x_wconf 76' lang='grc' dir='ltr'>τὸ</span> <span class='ocrx_word' id='word_1_559' title='bbox 1150 1984 1275 2018; x_wconf 69' lang='grc' dir='ltr'>πνεῦμαι</span> <span class='ocrx_word' id='word_1_560' title='bbox 1302 1984 1437 2010; x_wconf 76' lang='grc' dir='ltr'>δουλούτω</span> <span class='ocrx_word' id='word_1_561' title='bbox 1462 1984 1493 2010; x_wconf 76' lang='grc' dir='ltr'>τὸ</span> <span class='ocrx_word' id='word_1_562' title='bbox 1517 1983 1612 2018; x_wconf 81' lang='grc' dir='ltr'>σῶμα”</span> <span class='ocrx_word' id='word_1_563' title='bbox 1641 1983 1678 2015; x_wconf 86' lang='grc' dir='ltr'>ὡς</span> <span class='ocrx_word' id='word_1_564' title='bbox 1701 1983 1734 2010; x_wconf 84' lang='grc' dir='ltr'>ἂν</span> <span class='ocrx_word' id='word_1_565' title='bbox 1759 1985 1776 2018; x_wconf 85' lang='grc' dir='ltr'>ὴ</span> <span class='ocrx_word' id='word_1_566' title='bbox 1803 1985 1877 2019; x_wconf 79' lang='grc' dir='ltr'>ψυχὴ</span> 
     </span>
    </p>
   </div>
   <div class='ocr_carea' id='block_1_84' title="bbox 1091 2029 1877 2065">
    <p class='ocr_par' dir='ltr' id='par_1_84' title="bbox 1091 2029 1877 2065">
     <span class='ocr_line' id='line_1_84' title="bbox 1091 2029 1877 2065; baseline 0 -9"><span class='ocrx_word' id='word_1_567' title='bbox 1091 2029 1286 2065; x_wconf 75' lang='grc' dir='ltr'>ἐλευθεριάζει,</span> <span class='ocrx_word' id='word_1_568' title='bbox 1303 2031 1319 2065; x_wconf 78' lang='grc' dir='ltr'>ἡ</span> <span class='ocrx_word' id='word_1_569' title='bbox 1335 2029 1418 2065; x_wconf 79' lang='grc' dir='ltr'>κυρία</span> <span class='ocrx_word' id='word_1_570' title='bbox 1437 2029 1485 2056; x_wconf 77' lang='grc' dir='ltr'>καὶ</span> <span class='ocrx_word' id='word_1_571' title='bbox 1501 2029 1640 2060; x_wconf 76' lang='grc' dir='ltr'>δέσποινα.</span> <span class='ocrx_word' id='word_1_572' title='bbox 1654 2030 1765 2065; x_wconf 81' lang='grc' dir='ltr'>εἰρήνην</span> <span class='ocrx_word' id='word_1_573' title='bbox 1775 2029 1877 2064; x_wconf 71' lang='grc' dir='ltr'>ἔχουσα</span> 
     </span>
    </p>
   </div>
   <div class='ocr_carea' id='block_1_85' title="bbox 1090 2075 1877 2112">
    <p class='ocr_par' dir='ltr' id='par_1_85' title="bbox 1090 2075 1877 2112">
     <span class='ocr_line' id='line_1_85' title="bbox 1090 2075 1877 2112; baseline -0.004 -8"><span class='ocrx_word' id='word_1_574' title='bbox 1090 2077 1158 2112; x_wconf 81' lang='grc' dir='ltr'>πρὸς</span> <span class='ocrx_word' id='word_1_575' title='bbox 1172 2077 1217 2103; x_wconf 80' lang='grc' dir='ltr'>τὸν</span> <span class='ocrx_word' id='word_1_576' title='bbox 1231 2076 1307 2103; x_wconf 83' lang='grc' dir='ltr'>Θεόν.</span> <span class='ocrx_word' id='word_1_577' title='bbox 1327 2076 1390 2103; x_wconf 77' lang='grc' dir='ltr'><strong>Ἐὰν</strong></span> <span class='ocrx_word' id='word_1_578' title='bbox 1403 2075 1487 2108; x_wconf 74' lang='grc' dir='ltr'>οὕτω,</span> <span class='ocrx_word' id='word_1_579' title='bbox 1511 2075 1662 2111; x_wconf 83' lang='grc' dir='ltr'>μαρτύριον</span> <span class='ocrx_word' id='word_1_580' title='bbox 1682 2075 1877 2111; x_wconf 81' lang='grc' dir='ltr'>καθεκάστην·</span> 
     </span>
    </p>
   </div>
   <div class='ocr_carea' id='block_1_86' title="bbox 1092 2122 1489 2156">
    <p class='ocr_par' dir='ltr' id='par_1_86' title="bbox 1092 2122 1489 2156">
     <span class='ocr_line' id='line_1_86' title="bbox 1092 2122 1489 2156; baseline 0.003 -7"><span class='ocrx_word' id='word_1_581' title='bbox 1092 2122 1218 2156; x_wconf 77' lang='grc' dir='ltr'>στέφανοι</span> <span class='ocrx_word' id='word_1_582' title='bbox 1234 2122 1387 2148; x_wconf 83' lang='grc' dir='ltr'>θεόπ).οκοι.</span> <span class='ocrx_word' id='word_1_583' title='bbox 1437 2138 1447 2150; x_wconf 78' lang='grc'><em>1</em></span> <span class='ocrx_word' id='word_1_584' title='bbox 1485 2128 1489 2133; x_wconf 91' lang='lat'><em>&#39;</em></span> 
     </span>
    </p>
   </div>
   <div class='ocr_carea' id='block_1_87' title="bbox 289 2164 1037 2202">
    <p class='ocr_par' dir='ltr' id='par_1_87' title="bbox 289 2164 1037 2200">
     <span class='ocr_line' id='line_1_87' title="bbox 289 2164 1037 2200; baseline 0.001 -10"><span class='ocrx_word' id='word_1_585' title='bbox 289 2164 326 2191; x_wconf 87' lang='lat' dir='ltr'><strong>De</strong></span> <span class='ocrx_word' id='word_1_586' title='bbox 342 2164 420 2192; x_wconf 83' lang='lat' dir='ltr'><strong>nobis</strong></span> <span class='ocrx_word' id='word_1_587' title='bbox 434 2165 622 2200; x_wconf 85' lang='lat' dir='ltr'><strong>peccatoribus</strong></span> <span class='ocrx_word' id='word_1_588' title='bbox 639 2173 672 2192; x_wconf 84' lang='lat' dir='ltr'><strong>ne</strong></span> <span class='ocrx_word' id='word_1_589' title='bbox 689 2165 748 2192; x_wconf 86' lang='lat' dir='ltr'><strong>sitis</strong></span> <span class='ocrx_word' id='word_1_590' title='bbox 762 2165 845 2197; x_wconf 81' lang='lat' dir='ltr'><strong>anxii,</strong></span> <span class='ocrx_word' id='word_1_591' title='bbox 860 2165 932 2196; x_wconf 86' lang='lat' dir='ltr'><strong>licet,</strong></span> <span class='ocrx_word' id='word_1_592' title='bbox 944 2164 1037 2192; x_wconf 85' lang='lat' dir='ltr'><strong>audie-</strong></span> 
     </span>
    </p>
   </div>
   <div class='ocr_carea' id='block_1_88' title="bbox 1089 2164 1879 2202">
    <p class='ocr_par' dir='ltr' id='par_1_88' title="bbox 1126 2165 1879 2202">
     <span class='ocr_line' id='line_1_88' title="bbox 1126 2165 1879 2202; baseline 0 -10"><span class='ocrx_word' id='word_1_593' title='bbox 1126 2167 1194 2202; x_wconf 68' lang='grc' dir='ltr'>Περὶ</span> <span class='ocrx_word' id='word_1_594' title='bbox 1220 2167 1298 2202; x_wconf 70' lang='grc' dir='ltr'>ἡμῶν</span> <span class='ocrx_word' id='word_1_595' title='bbox 1322 2166 1376 2193; x_wconf 86' lang='grc' dir='ltr'><strong>τῶν</strong></span> <span class='ocrx_word' id='word_1_596' title='bbox 1407 2166 1577 2202; x_wconf 80' lang='grc' dir='ltr'>ἁμαρτωλῶν</span> <span class='ocrx_word' id='word_1_597' title='bbox 1603 2165 1641 2201; x_wconf 82' lang='grc' dir='ltr'>μὴ</span> <span class='ocrx_word' id='word_1_598' title='bbox 1667 2166 1798 2193; x_wconf 68' lang='grc' dir='ltr'>ἀνιᾶσθν</span> <span class='ocrx_word' id='word_1_599' title='bbox 1827 2167 1879 2194; x_wconf 67' lang='grc' dir='ltr'>κᾶν</span> 
     </span>
    </p>
   </div>
   <div class='ocr_carea' id='block_1_89' title="bbox 252 2208 1041 2244">
    <p class='ocr_par' dir='ltr' id='par_1_89' title="bbox 252 2208 1041 2244">
     <span class='ocr_line' id='line_1_89' title="bbox 252 2208 1041 2244; baseline 0 -8"><span class='ocrx_word' id='word_1_600' title='bbox 252 2209 313 2237; x_wconf 86' lang='lat' dir='ltr'><strong>ritis</strong></span> <span class='ocrx_word' id='word_1_601' title='bbox 326 2213 352 2236; x_wconf 90' lang='lat' dir='ltr'><strong>et</strong></span> <span class='ocrx_word' id='word_1_602' title='bbox 366 2217 415 2236; x_wconf 88' lang='lat' dir='ltr'><strong>nos</strong></span> <span class='ocrx_word' id='word_1_603' title='bbox 430 2209 542 2244; x_wconf 83' lang='lat' dir='ltr'><strong>ﬂagellis</strong></span> <span class='ocrx_word' id='word_1_604' title='bbox 561 2216 648 2237; x_wconf 69' lang='lat' dir='ltr'><strong>cmsos</strong></span> <span class='ocrx_word' id='word_1_605' title='bbox 668 2209 765 2236; x_wconf 89' lang='lat' dir='ltr'><strong>iterum</strong></span> <span class='ocrx_word' id='word_1_606' title='bbox 795 2208 891 2237; x_wconf 83' lang='lat' dir='ltr'><strong>fuisse.</strong></span> <span class='ocrx_word' id='word_1_607' title='bbox 917 2208 1041 2237; x_wconf 81' lang='lat' dir='ltr'><strong>Tulimus</strong></span> 
     </span>
    </p>
   </div>
   <div class='ocr_carea' id='block_1_90' title="bbox 253 2254 1039 2290">
    <p class='ocr_par' dir='ltr' id='par_1_90' title="bbox 253 2254 1039 2290">
     <span class='ocr_line' id='line_1_90' title="bbox 253 2254 1039 2290; baseline -0.001 -8"><span class='ocrx_word' id='word_1_608' title='bbox 253 2263 304 2290; x_wconf 89' lang='lat' dir='ltr'><strong>ope</strong></span> <span class='ocrx_word' id='word_1_609' title='bbox 319 2260 466 2282; x_wconf 86' lang='lat' dir='ltr'><strong>vestrarum</strong></span> <span class='ocrx_word' id='word_1_610' title='bbox 481 2262 591 2290; x_wconf 86' lang='lat' dir='ltr'><strong>precum</strong></span> <span class='ocrx_word' id='word_1_611' title='bbox 620 2263 682 2282; x_wconf 88' lang='lat' dir='ltr'><strong>cum</strong></span> <span class='ocrx_word' id='word_1_612' title='bbox 697 2255 845 2289; x_wconf 87' lang='lat' dir='ltr'><strong>gratiarum</strong></span> <span class='ocrx_word' id='word_1_613' title='bbox 862 2254 981 2287; x_wconf 89' lang='lat' dir='ltr'><strong>actione,</strong></span> <span class='ocrx_word' id='word_1_614' title='bbox 996 2255 1039 2282; x_wconf 90' lang='lat' dir='ltr'><strong>hi-</strong></span> 
     </span>
    </p>
   </div>
   <div class='ocr_carea' id='block_1_91' title="bbox 254 2301 1038 2329">
    <p class='ocr_par' dir='ltr' id='par_1_91' title="bbox 254 2301 1038 2329">
     <span class='ocr_line' id='line_1_91' title="bbox 254 2301 1038 2329; baseline 0.001 -1"><span class='ocrx_word' id='word_1_615' title='bbox 254 2301 346 2329; x_wconf 86' lang='lat' dir='ltr'><strong>lariter</strong></span> <span class='ocrx_word' id='word_1_616' title='bbox 365 2310 371 2328; x_wconf 94' lang='lat'>:</span> <span class='ocrx_word' id='word_1_617' title='bbox 389 2302 441 2329; x_wconf 89' lang='lat' dir='ltr'><strong>etsi</strong></span> <span class='ocrx_word' id='word_1_618' title='bbox 458 2301 586 2329; x_wconf 88' lang='lat' dir='ltr'><strong>diuturna</strong></span> <span class='ocrx_word' id='word_1_619' title='bbox 612 2309 665 2328; x_wconf 93' lang='lat' dir='ltr'><strong>non</strong></span> <span class='ocrx_word' id='word_1_620' title='bbox 688 2302 739 2328; x_wconf 87' lang='lat' dir='ltr'><strong>fuit</strong></span> <span class='ocrx_word' id='word_1_621' title='bbox 764 2302 900 2329; x_wconf 81' lang='lat' dir='ltr'><strong>acerbitas</strong></span> <span class='ocrx_word' id='word_1_622' title='bbox 924 2301 1038 2329; x_wconf 88' lang='lat' dir='ltr'><strong>doloris.</strong></span> 
     </span>
    </p>
   </div>
   <div class='ocr_carea' id='block_1_92' title="bbox 254 2347 1040 2375">
    <p class='ocr_par' dir='ltr' id='par_1_92' title="bbox 254 2347 1040 2375">
     <span class='ocr_line' id='line_1_92' title="bbox 254 2347 1040 2375; baseline 0.001 -1"><span class='ocrx_word' id='word_1_623' title='bbox 254 2347 372 2374; x_wconf 87' lang='lat' dir='ltr'><strong>Tantum</strong></span> <span class='ocrx_word' id='word_1_624' title='bbox 394 2355 428 2375; x_wconf 89' lang='lat' dir='ltr'><strong>ne</strong></span> <span class='ocrx_word' id='word_1_625' title='bbox 449 2353 558 2375; x_wconf 83' lang='lat' dir='ltr'><strong>sanctas</strong></span> <span class='ocrx_word' id='word_1_626' title='bbox 583 2355 680 2375; x_wconf 86' lang='lat' dir='ltr'><strong>manus</strong></span> <span class='ocrx_word' id='word_1_627' title='bbox 695 2352 798 2375; x_wconf 71' lang='grc' dir='ltr'>νθειγεις</span> <span class='ocrx_word' id='word_1_628' title='bbox 812 2347 957 2375; x_wconf 75' lang='lat' dir='ltr'><strong>extendere</strong></span> <span class='ocrx_word' id='word_1_629' title='bbox 979 2355 1040 2375; x_wconf 87' lang='lat' dir='ltr'><strong>ces-</strong></span> 
     </span>
    </p>
   </div>
   <div class='ocr_carea' id='block_1_93' title="bbox 253 2390 1039 2426">
    <p class='ocr_par' dir='ltr' id='par_1_93' title="bbox 253 2390 1039 2426">
     <span class='ocr_line' id='line_1_93' title="bbox 253 2390 1039 2426; baseline 0 -8"><span class='ocrx_word' id='word_1_630' title='bbox 253 2395 323 2418; x_wconf 86' lang='lat' dir='ltr'><strong>sate.</strong></span> <span class='ocrx_word' id='word_1_631' title='bbox 341 2390 489 2425; x_wconf 89' lang='lat' dir='ltr'><strong>Speramus</strong></span> <span class='ocrx_word' id='word_1_632' title='bbox 504 2392 575 2418; x_wconf 92' lang='lat' dir='ltr'><strong>enim</strong></span> <span class='ocrx_word' id='word_1_633' title='bbox 599 2391 724 2426; x_wconf 82' lang='lat' dir='ltr'><strong>quamvis</strong></span> <span class='ocrx_word' id='word_1_634' title='bbox 741 2391 817 2418; x_wconf 80' lang='lat' dir='ltr'><strong>valde</strong></span> <span class='ocrx_word' id='word_1_635' title='bbox 833 2391 991 2423; x_wconf 77' lang='lat' dir='ltr'><strong>imbecilles,</strong></span> <span class='ocrx_word' id='word_1_636' title='bbox 1005 2391 1039 2418; x_wconf 87' lang='lat' dir='ltr'><strong>de</strong></span> 
     </span>
    </p>
   </div>
   <div class='ocr_carea' id='block_1_94' title="bbox 253 2436 1039 2472">
    <p class='ocr_par' dir='ltr' id='par_1_94' title="bbox 253 2436 1039 2472">
     <span class='ocr_line' id='line_1_94' title="bbox 253 2436 1039 2472; baseline -0.001 -8"><span class='ocrx_word' id='word_1_637' title='bbox 253 2437 364 2464; x_wconf 78' lang='lat' dir='ltr'><strong>Amalec</strong></span> <span class='ocrx_word' id='word_1_638' title='bbox 380 2437 432 2464; x_wconf 87' lang='lat' dir='ltr'><strong>isto</strong></span> <span class='ocrx_word' id='word_1_639' title='bbox 448 2441 578 2471; x_wconf 64' lang='lat' dir='ltr'><strong>tropa&#39;utn</strong></span> <span class='ocrx_word' id='word_1_640' title='bbox 603 2442 753 2464; x_wconf 88' lang='lat' dir='ltr'><strong>erecturos.</strong></span> <span class='ocrx_word' id='word_1_641' title='bbox 769 2436 874 2464; x_wconf 72' lang='lat' dir='ltr'><strong>Salutat</strong></span> <span class='ocrx_word' id='word_1_642' title='bbox 888 2445 936 2464; x_wconf 87' lang='lat' dir='ltr'><strong>vos</strong></span> <span class='ocrx_word' id='word_1_643' title='bbox 952 2437 1039 2472; x_wconf 90' lang='lat' dir='ltr'><strong>pluri-</strong></span> 
     </span>
    </p>
   </div>
   <div class='ocr_carea' id='block_1_95' title="bbox 255 2483 1038 2512">
    <p class='ocr_par' dir='ltr' id='par_1_95' title="bbox 255 2483 1038 2512">
     <span class='ocr_line' id='line_1_95' title="bbox 255 2483 1038 2512; baseline 0 -1"><span class='ocrx_word' id='word_1_644' title='bbox 255 2492 329 2511; x_wconf 91' lang='lat' dir='ltr'><strong>mum</strong></span> <span class='ocrx_word' id='word_1_645' title='bbox 354 2483 482 2512; x_wconf 81' lang='lat' dir='ltr'><strong>Nicolaus</strong></span> <span class='ocrx_word' id='word_1_646' title='bbox 504 2484 588 2511; x_wconf 83' lang='lat' dir='ltr'><strong>frater</strong></span> <span class='ocrx_word' id='word_1_647' title='bbox 615 2489 716 2512; x_wconf 80' lang='lat' dir='ltr'><strong>vester.</strong></span> <span class='ocrx_word' id='word_1_648' title='bbox 743 2484 866 2511; x_wconf 79' lang='lat' dir='ltr'><strong>Salutate</strong></span> <span class='ocrx_word' id='word_1_649' title='bbox 881 2484 992 2511; x_wconf 79' lang='lat' dir='ltr'><strong>invicem</strong></span> <span class='ocrx_word' id='word_1_650' title='bbox 1009 2484 1038 2511; x_wconf 87' lang='lat' dir='ltr'><strong>iu</strong></span> 
     </span>
    </p>
   </div>
   <div class='ocr_carea' id='block_1_96' title="bbox 253 2531 1039 2566">
    <p class='ocr_par' dir='ltr' id='par_1_96' title="bbox 253 2531 1039 2566">
     <span class='ocr_line' id='line_1_96' title="bbox 253 2531 1039 2566; baseline 0.001 -9"><span class='ocrx_word' id='word_1_651' title='bbox 253 2531 343 2558; x_wconf 78' lang='lat' dir='ltr'><strong>osculo</strong></span> <span class='ocrx_word' id='word_1_652' title='bbox 360 2535 451 2558; x_wconf 72' lang='lat' dir='ltr'><strong>sancto</strong></span> <span class='ocrx_word' id='word_1_653' title='bbox 463 2531 495 2563; x_wconf 84' lang='lat'><strong>&quot;,</strong></span> <span class='ocrx_word' id='word_1_654' title='bbox 516 2531 583 2558; x_wconf 84' lang='lat' dir='ltr'><strong>sacii</strong></span> <span class='ocrx_word' id='word_1_655' title='bbox 604 2531 705 2564; x_wconf 88' lang='lat' dir='ltr'><strong>socios,</strong></span> <span class='ocrx_word' id='word_1_656' title='bbox 724 2531 800 2565; x_wconf 89' lang='lat' dir='ltr'><strong>parvi</strong></span> <span class='ocrx_word' id='word_1_657' title='bbox 817 2538 939 2565; x_wconf 83' lang='lat' dir='ltr'><strong>magnos,</strong></span> <span class='ocrx_word' id='word_1_658' title='bbox 957 2535 1039 2566; x_wconf 85' lang='lat' dir='ltr'><strong>atque</strong></span> 
     </span>
    </p>
   </div>
   <div class='ocr_carea' id='block_1_97' title="bbox 254 2577 1039 2613">
    <p class='ocr_par' dir='ltr' id='par_1_97' title="bbox 254 2577 1039 2613">
     <span class='ocr_line' id='line_1_97' title="bbox 254 2577 1039 2613; baseline -0.001 -8"><span class='ocrx_word' id='word_1_659' title='bbox 254 2578 378 2612; x_wconf 88' lang='lat' dir='ltr'><strong>inprimis</strong></span> <span class='ocrx_word' id='word_1_660' title='bbox 395 2577 498 2605; x_wconf 92' lang='lat' dir='ltr'><strong>vicinos</strong></span> <span class='ocrx_word' id='word_1_661' title='bbox 512 2577 617 2605; x_wconf 85' lang='lat' dir='ltr'><strong>Patres.</strong></span> <span class='ocrx_word' id='word_1_662' title='bbox 633 2578 756 2613; x_wconf 81' lang='lat' dir='ltr'><strong>Cumque</strong></span> <span class='ocrx_word' id='word_1_663' title='bbox 773 2585 788 2605; x_wconf 87' lang='lat' dir='ltr'><strong>a</strong></span> <span class='ocrx_word' id='word_1_664' title='bbox 805 2577 882 2606; x_wconf 86' lang='lat' dir='ltr'><strong>vobis</strong></span> <span class='ocrx_word' id='word_1_665' title='bbox 896 2578 964 2605; x_wconf 87' lang='lat' dir='ltr'><strong>lecta</strong></span> <span class='ocrx_word' id='word_1_666' title='bbox 980 2577 1039 2604; x_wconf 85' lang='lat' dir='ltr'><strong>fne-</strong></span> 
     </span>
    </p>
   </div>
   <div class='ocr_carea' id='block_1_98' title="bbox 253 2624 1040 2659">
    <p class='ocr_par' dir='ltr' id='par_1_98' title="bbox 253 2624 1040 2659">
     <span class='ocr_line' id='line_1_98' title="bbox 253 2624 1040 2659; baseline 0 -9"><span class='ocrx_word' id='word_1_667' title='bbox 253 2624 289 2651; x_wconf 92' lang='lat' dir='ltr'><strong>rit</strong></span> <span class='ocrx_word' id='word_1_668' title='bbox 302 2624 426 2658; x_wconf 89' lang='lat' dir='ltr'><strong>epistola,</strong></span> <span class='ocrx_word' id='word_1_669' title='bbox 437 2632 470 2651; x_wconf 92' lang='lat' dir='ltr'><strong>ne</strong></span> <span class='ocrx_word' id='word_1_670' title='bbox 482 2624 570 2659; x_wconf 85' lang='lat' dir='ltr'><strong>pigeat</strong></span> <span class='ocrx_word' id='word_1_671' title='bbox 582 2629 609 2651; x_wconf 88' lang='lat' dir='ltr'><strong>et</strong></span> <span class='ocrx_word' id='word_1_672' title='bbox 623 2625 694 2659; x_wconf 89' lang='lat' dir='ltr'><strong>apud</strong></span> <span class='ocrx_word' id='word_1_673' title='bbox 709 2624 768 2651; x_wconf 85' lang='lat' dir='ltr'><strong>illos</strong></span> <span class='ocrx_word' id='word_1_674' title='bbox 782 2624 843 2659; x_wconf 81' lang='lat' dir='ltr'><strong>legi.</strong></span> <span class='ocrx_word' id='word_1_675' title='bbox 858 2624 880 2652; x_wconf 87' lang='lat' dir='ltr'><strong>si</strong></span> <span class='ocrx_word' id='word_1_676' title='bbox 896 2624 978 2651; x_wconf 89' lang='lat' dir='ltr'><strong>modo</strong></span> <span class='ocrx_word' id='word_1_677' title='bbox 997 2624 1023 2651; x_wconf 89' lang='lat' dir='ltr'><strong>di</strong></span> <span class='ocrx_word' id='word_1_678' title='bbox 1033 2637 1040 2641; x_wconf 94' lang='lat'><em>-</em></span> 
     </span>
    </p>
   </div>
   <div class='ocr_carea' id='block_1_99' title="bbox 253 2668 1040 2706">
    <p class='ocr_par' dir='ltr' id='par_1_99' title="bbox 253 2668 1040 2706">
     <span class='ocr_line' id='line_1_99' title="bbox 253 2668 1040 2706; baseline -0.001 -9"><span class='ocrx_word' id='word_1_679' title='bbox 253 2677 305 2706; x_wconf 79' lang='lat' dir='ltr'><strong>gna</strong></span> <span class='ocrx_word' id='word_1_680' title='bbox 330 2668 411 2697; x_wconf 82' lang='lat' dir='ltr'><strong>fuerit</strong></span> <span class='ocrx_word' id='word_1_681' title='bbox 432 2680 438 2696; x_wconf 88' lang='lat'><strong>:</strong></span> <span class='ocrx_word' id='word_1_682' title='bbox 461 2670 681 2705; x_wconf 86' lang='lat' dir='ltr'><strong>quandoquidem</strong></span> <span class='ocrx_word' id='word_1_683' title='bbox 717 2670 860 2697; x_wconf 89' lang='lat' dir='ltr'><strong>unanimes</strong></span> <span class='ocrx_word' id='word_1_684' title='bbox 893 2677 998 2701; x_wconf 89' lang='lat' dir='ltr'><strong>omnes,</strong></span> <span class='ocrx_word' id='word_1_685' title='bbox 1013 2674 1040 2697; x_wconf 93' lang='lat' dir='ltr'><strong>et</strong></span> 
     </span>
    </p>
   </div>
   <div class='ocr_carea' id='block_1_100' title="bbox 255 2713 1039 2749">
    <p class='ocr_par' dir='ltr' id='par_1_100' title="bbox 255 2713 1039 2749">
     <span class='ocr_line' id='line_1_100' title="bbox 255 2713 1039 2749; baseline 0.004 -10"><span class='ocrx_word' id='word_1_686' title='bbox 255 2721 341 2740; x_wconf 91' lang='lat' dir='ltr'><strong>unum</strong></span> <span class='ocrx_word' id='word_1_687' title='bbox 354 2721 463 2748; x_wconf 82' lang='lat' dir='ltr'><strong>corpus,</strong></span> <span class='ocrx_word' id='word_1_688' title='bbox 483 2714 608 2749; x_wconf 89' lang='lat' dir='ltr'><strong>quamvis</strong></span> <span class='ocrx_word' id='word_1_689' title='bbox 631 2714 737 2741; x_wconf 88' lang='lat' dir='ltr'><strong>diversa</strong></span> <span class='ocrx_word' id='word_1_690' title='bbox 758 2713 890 2741; x_wconf 89' lang='lat' dir='ltr'><strong>membra.</strong></span> <span class='ocrx_word' id='word_1_691' title='bbox 910 2713 1039 2743; x_wconf 89' lang='lat' dir='ltr'><strong>Dominus</strong></span> 
     </span>
    </p>
   </div>
   <div class='ocr_carea' id='block_1_101' title="bbox 254 2758 1038 2794">
    <p class='ocr_par' dir='ltr' id='par_1_101' title="bbox 254 2758 1038 2794">
     <span class='ocr_line' id='line_1_101' title="bbox 254 2758 1038 2794; baseline 0.005 -9"><span class='ocrx_word' id='word_1_692' title='bbox 254 2758 334 2786; x_wconf 85' lang='lat' dir='ltr'><strong>Jesus</strong></span> <span class='ocrx_word' id='word_1_693' title='bbox 347 2759 472 2788; x_wconf 82' lang='lat' dir='ltr'><strong>Christus</strong></span> <span class='ocrx_word' id='word_1_694' title='bbox 485 2760 627 2789; x_wconf 87' lang='lat' dir='ltr'><strong>vobiscum</strong></span> <span class='ocrx_word' id='word_1_695' title='bbox 639 2765 664 2788; x_wconf 87' lang='lat' dir='ltr'><strong>et</strong></span> <span class='ocrx_word' id='word_1_696' title='bbox 679 2760 822 2788; x_wconf 83' lang='lat' dir='ltr'><strong>nobiscum</strong></span> <span class='ocrx_word' id='word_1_697' title='bbox 838 2761 1038 2794; x_wconf 84' lang='lat' dir='ltr'><strong>peccatoribus.</strong></span> 
     </span>
    </p>
   </div>
   <div class='ocr_carea' id='block_1_102' title="bbox 257 2806 355 2833">
    <p class='ocr_par' dir='ltr' id='par_1_102' title="bbox 257 2806 355 2833">
     <span class='ocr_line' id='line_1_102' title="bbox 257 2806 355 2833; baseline 0.01 -1"><span class='ocrx_word' id='word_1_698' title='bbox 257 2806 355 2833; x_wconf 82' lang='lat' dir='ltr'><strong>Amen.</strong></span> 
     </span>
    </p>
   </div>
   <div class='ocr_carea' id='block_1_103' title="bbox 293 2861 1024 2898">
    <p class='ocr_par' dir='ltr' id='par_1_103' title="bbox 293 2861 1024 2898">
     <span class='ocr_line' id='line_1_103' title="bbox 293 2861 1024 2898; baseline 0.004 -8"><span class='ocrx_word' id='word_1_699' title='bbox 293 2861 314 2878; x_wconf 85' lang='lat'><strong>&quot;</strong></span> <span class='ocrx_word' id='word_1_700' title='bbox 330 2863 382 2890; x_wconf 81' lang='lat' dir='ltr'><strong>Isa.</strong></span> <span class='ocrx_word' id='word_1_701' title='bbox 399 2863 457 2897; x_wconf 72' lang='lat' dir='ltr'><strong>L2.</strong></span> <span class='ocrx_word' id='word_1_702' title='bbox 497 2864 518 2879; x_wconf 80' lang='grc'><strong>⁷⁸</strong></span> <span class='ocrx_word' id='word_1_703' title='bbox 530 2863 590 2892; x_wconf 82' lang='lat' dir='ltr'><strong>Job.</strong></span> <span class='ocrx_word' id='word_1_704' title='bbox 610 2871 666 2896; x_wconf 77' lang='lat' dir='ltr'><strong>ut,</strong></span> <span class='ocrx_word' id='word_1_705' title='bbox 683 2863 726 2891; x_wconf 76' lang='grc'><strong>14.</strong></span> <span class='ocrx_word' id='word_1_706' title='bbox 764 2864 785 2879; x_wconf 88' lang='grc'><strong>⁷¹</strong></span> <span class='ocrx_word' id='word_1_707' title='bbox 801 2863 893 2892; x_wconf 80' lang='lat' dir='ltr'><strong>llCor.</strong></span> <span class='ocrx_word' id='word_1_708' title='bbox 909 2873 966 2898; x_wconf 79' lang='grc' dir='ltr'>ιιιι,</span> <span class='ocrx_word' id='word_1_709' title='bbox 984 2865 1024 2893; x_wconf 67' lang='grc'><strong>1⁵3.</strong></span> 
     </span>
    </p>
   </div>
   <div class='ocr_carea' id='block_1_104' title="bbox 1091 2210 1880 2248">
    <p class='ocr_par' dir='ltr' id='par_1_104' title="bbox 1091 2210 1880 2248">
     <span class='ocr_line' id='line_1_104' title="bbox 1091 2210 1880 2248; baseline -0.001 -9"><span class='ocrx_word' id='word_1_710' title='bbox 1091 2213 1228 2247; x_wconf 79' lang='grc' dir='ltr'>ἀκηκόατε</span> <span class='ocrx_word' id='word_1_711' title='bbox 1243 2213 1284 2239; x_wconf 86' lang='grc' dir='ltr'>ὅτι</span> <span class='ocrx_word' id='word_1_712' title='bbox 1294 2212 1341 2239; x_wconf 80' lang='grc' dir='ltr'>καὶ</span> <span class='ocrx_word' id='word_1_713' title='bbox 1358 2210 1435 2244; x_wconf 82' lang='grc' dir='ltr'>αὖθις</span> <span class='ocrx_word' id='word_1_714' title='bbox 1452 2211 1691 2247; x_wconf 79' lang='grc' dir='ltr'>ἐμαστιγώθημεν.</span> <span class='ocrx_word' id='word_1_715' title='bbox 1705 2212 1880 2248; x_wconf 82' lang='grc' dir='ltr'>Ἦνέγκαμεν</span> 
     </span>
    </p>
   </div>
   <div class='ocr_carea' id='block_1_105' title="bbox 1090 2258 1880 2295">
    <p class='ocr_par' dir='ltr' id='par_1_105' title="bbox 1090 2258 1880 2295">
     <span class='ocr_line' id='line_1_105' title="bbox 1090 2258 1880 2295; baseline -0.003 -9"><span class='ocrx_word' id='word_1_716' title='bbox 1090 2259 1184 2294; x_wconf 79' lang='grc' dir='ltr'>εὐχαῖς</span> <span class='ocrx_word' id='word_1_717' title='bbox 1209 2259 1285 2294; x_wconf 83' lang='grc' dir='ltr'>ὑμῶν</span> <span class='ocrx_word' id='word_1_718' title='bbox 1308 2259 1489 2295; x_wconf 78' lang='grc' dir='ltr'>εὐχαρίστως,</span> <span class='ocrx_word' id='word_1_719' title='bbox 1515 2259 1693 2294; x_wconf 67' lang='grc' dir='ltr'>περιχαριῖκο</span> <span class='ocrx_word' id='word_1_720' title='bbox 1723 2258 1776 2285; x_wconf 71' lang='grc' dir='ltr'>κᾶν</span> <span class='ocrx_word' id='word_1_721' title='bbox 1811 2259 1880 2294; x_wconf 68' lang='grc' dir='ltr'>πρὸς</span> 
     </span>
    </p>
   </div>
   <div class='ocr_carea' id='block_1_106' title="bbox 1090 2303 1879 2340">
    <p class='ocr_par' dir='ltr' id='par_1_106' title="bbox 1090 2303 1879 2340">
     <span class='ocr_line' id='line_1_106' title="bbox 1090 2303 1879 2340; baseline 0 -9"><span class='ocrx_word' id='word_1_722' title='bbox 1090 2304 1179 2338; x_wconf 83' lang='grc' dir='ltr'>ὀλίγον</span> <span class='ocrx_word' id='word_1_723' title='bbox 1196 2304 1212 2339; x_wconf 85' lang='grc' dir='ltr'><strong>ἡ</strong></span> <span class='ocrx_word' id='word_1_724' title='bbox 1229 2304 1365 2340; x_wconf 81' lang='grc' dir='ltr'>δρίμυξις.</span> <span class='ocrx_word' id='word_1_725' title='bbox 1389 2303 1478 2331; x_wconf 85' lang='grc' dir='ltr'>Μόνον</span> <span class='ocrx_word' id='word_1_726' title='bbox 1492 2304 1530 2339; x_wconf 82' lang='grc' dir='ltr'>μὴ</span> <span class='ocrx_word' id='word_1_727' title='bbox 1542 2303 1624 2338; x_wconf 77' lang='grc' dir='ltr'>ἀνῆτε</span> <span class='ocrx_word' id='word_1_728' title='bbox 1638 2304 1687 2335; x_wconf 75' lang='grc' dir='ltr'><strong>τὰς</strong></span> <span class='ocrx_word' id='word_1_729' title='bbox 1702 2303 1779 2335; x_wconf 79' lang='grc' dir='ltr'>ὁσίας</span> <span class='ocrx_word' id='word_1_730' title='bbox 1799 2304 1879 2339; x_wconf 83' lang='grc' dir='ltr'>ὑμῶν</span> 
     </span>
    </p>
   </div>
   <div class='ocr_carea' id='block_1_107' title="bbox 1091 2350 1879 2386">
    <p class='ocr_par' dir='ltr' id='par_1_107' title="bbox 1091 2350 1879 2386">
     <span class='ocr_line' id='line_1_107' title="bbox 1091 2350 1879 2386; baseline -0.001 -9"><span class='ocrx_word' id='word_1_731' title='bbox 1091 2352 1185 2386; x_wconf 80' lang='grc' dir='ltr'>χεῖρας</span> <span class='ocrx_word' id='word_1_732' title='bbox 1204 2351 1380 2382; x_wconf 75' lang='grc' dir='ltr'>ἐκτείνοντες.</span> <span class='ocrx_word' id='word_1_733' title='bbox 1396 2351 1564 2385; x_wconf 79' lang='grc' dir='ltr'>Πιστεύομεν</span> <span class='ocrx_word' id='word_1_734' title='bbox 1580 2350 1644 2385; x_wconf 78' lang='grc' dir='ltr'>γὰρ,</span> <span class='ocrx_word' id='word_1_735' title='bbox 1655 2351 1679 2376; x_wconf 90' lang='grc' dir='ltr'><strong>εἰ</strong></span> <span class='ocrx_word' id='word_1_736' title='bbox 1690 2350 1738 2376; x_wconf 79' lang='grc' dir='ltr'>καὶ</span> <span class='ocrx_word' id='word_1_737' title='bbox 1750 2350 1879 2380; x_wconf 75' lang='grc' dir='ltr'>ἀσθενεῖς</span> 
     </span>
    </p>
   </div>
   <div class='ocr_carea' id='block_1_108' title="bbox 1089 2396 1879 2432">
    <p class='ocr_par' dir='ltr' id='par_1_108' title="bbox 1089 2396 1879 2432">
     <span class='ocr_line' id='line_1_108' title="bbox 1089 2396 1879 2432; baseline -0.001 -9"><span class='ocrx_word' id='word_1_738' title='bbox 1089 2397 1159 2429; x_wconf 77' lang='grc' dir='ltr'>λίαν,</span> <span class='ocrx_word' id='word_1_739' title='bbox 1177 2398 1206 2423; x_wconf 81' lang='grc' dir='ltr'>ἐν</span> <span class='ocrx_word' id='word_1_740' title='bbox 1221 2397 1308 2432; x_wconf 83' lang='grc' dir='ltr'>τούτῳ</span> <span class='ocrx_word' id='word_1_741' title='bbox 1321 2397 1366 2423; x_wconf 79' lang='grc' dir='ltr'>τὸν</span> <span class='ocrx_word' id='word_1_742' title='bbox 1382 2396 1507 2431; x_wconf 81' lang='grc' dir='ltr'>’Δμαλὴκ</span> <span class='ocrx_word' id='word_1_743' title='bbox 1518 2396 1721 2432; x_wconf 81' lang='grc' dir='ltr'>τροπὼσασθαι.</span> <span class='ocrx_word' id='word_1_744' title='bbox 1739 2396 1879 2429; x_wconf 69' lang='grc' dir='ltr'>Ἀσπάζε-</span> 
     </span>
    </p>
   </div>
   <div class='ocr_carea' id='block_1_109' title="bbox 1089 2442 1878 2476">
    <p class='ocr_par' dir='ltr' id='par_1_109' title="bbox 1089 2442 1878 2476">
     <span class='ocr_line' id='line_1_109' title="bbox 1089 2442 1878 2476; baseline 0.001 -7"><span class='ocrx_word' id='word_1_745' title='bbox 1089 2451 1134 2469; x_wconf 81' lang='grc' dir='ltr'><strong>ται</strong></span> <span class='ocrx_word' id='word_1_746' title='bbox 1149 2442 1232 2470; x_wconf 80' lang='grc' dir='ltr'>πολλὰ</span> <span class='ocrx_word' id='word_1_747' title='bbox 1254 2443 1384 2475; x_wconf 81' lang='grc' dir='ltr'>Νικόλαος</span> <span class='ocrx_word' id='word_1_748' title='bbox 1407 2444 1421 2470; x_wconf 89' lang='grc' dir='ltr'><strong>ό</strong></span> <span class='ocrx_word' id='word_1_749' title='bbox 1440 2442 1554 2476; x_wconf 74' lang='grc' dir='ltr'>ἁδελφὸς</span> <span class='ocrx_word' id='word_1_750' title='bbox 1575 2442 1662 2476; x_wconf 81' lang='grc' dir='ltr'>ὑμῶν.</span> <span class='ocrx_word' id='word_1_751' title='bbox 1685 2442 1878 2470; x_wconf 77' lang='grc' dir='ltr'>Ἀσπάσασθε</span> 
     </span>
    </p>
   </div>
   <div class='ocr_carea' id='block_1_110' title="bbox 1089 2488 1879 2523">
    <p class='ocr_par' dir='ltr' id='par_1_110' title="bbox 1089 2488 1879 2523">
     <span class='ocr_line' id='line_1_110' title="bbox 1089 2488 1879 2523; baseline -0.003 -7"><span class='ocrx_word' id='word_1_752' title='bbox 1089 2489 1247 2521; x_wconf 70' lang='grc' dir='ltr'><strong>ἀλλήλους</strong></span> <span class='ocrx_word' id='word_1_753' title='bbox 1259 2489 1294 2515; x_wconf 81' lang='grc' dir='ltr'><strong>ἐν</strong></span> <span class='ocrx_word' id='word_1_754' title='bbox 1307 2488 1451 2523; x_wconf 72' lang='grc' dir='ltr'>φιλήματι</span> <span class='ocrx_word' id='word_1_755' title='bbox 1466 2489 1540 2522; x_wconf 74' lang='grc' dir='ltr'>ἁγίῳ</span> <span class='ocrx_word' id='word_1_756' title='bbox 1553 2496 1560 2503; x_wconf 76' lang='grc' dir='ltr'><strong>ο</strong></span> <span class='ocrx_word' id='word_1_757' title='bbox 1576 2489 1604 2515; x_wconf 82' lang='grc' dir='ltr'><strong>αἰ</strong></span> <span class='ocrx_word' id='word_1_758' title='bbox 1620 2488 1738 2515; x_wconf 81' lang='grc' dir='ltr'>συνοδὶαι</span> <span class='ocrx_word' id='word_1_759' title='bbox 1753 2489 1804 2520; x_wconf 84' lang='grc' dir='ltr'>τὰς</span> <span class='ocrx_word' id='word_1_760' title='bbox 1817 2498 1879 2516; x_wconf 87' lang='grc' dir='ltr'>συν-</span> 
     </span>
    </p>
   </div>
   <div class='ocr_carea' id='block_1_111' title="bbox 1089 2533 1878 2570">
    <p class='ocr_par' dir='ltr' id='par_1_111' title="bbox 1089 2533 1878 2570">
     <span class='ocr_line' id='line_1_111' title="bbox 1089 2533 1878 2570; baseline 0.001 -10"><span class='ocrx_word' id='word_1_761' title='bbox 1089 2533 1179 2565; x_wconf 80' lang='grc' dir='ltr'>οδίας·</span> <span class='ocrx_word' id='word_1_762' title='bbox 1200 2534 1224 2560; x_wconf 87' lang='grc' dir='ltr'>οἱ</span> <span class='ocrx_word' id='word_1_763' title='bbox 1248 2535 1341 2570; x_wconf 74' lang='grc' dir='ltr'>μικροὶ</span> <span class='ocrx_word' id='word_1_764' title='bbox 1364 2535 1428 2566; x_wconf 81' lang='grc' dir='ltr'>τοὺς</span> <span class='ocrx_word' id='word_1_765' title='bbox 1452 2534 1604 2570; x_wconf 84' lang='grc' dir='ltr'>μεγάλους·</span> <span class='ocrx_word' id='word_1_766' title='bbox 1631 2535 1679 2561; x_wconf 75' lang='grc' dir='ltr'>καὶ</span> <span class='ocrx_word' id='word_1_767' title='bbox 1701 2535 1794 2569; x_wconf 79' lang='grc' dir='ltr'>μέντοι</span> <span class='ocrx_word' id='word_1_768' title='bbox 1815 2536 1878 2567; x_wconf 70' lang='grc' dir='ltr'>τοὺς</span> 
     </span>
    </p>
   </div>
   <div class='ocr_carea' id='block_1_112' title="bbox 1090 2580 1878 2617">
    <p class='ocr_par' dir='ltr' id='par_1_112' title="bbox 1090 2580 1878 2617">
     <span class='ocr_line' id='line_1_112' title="bbox 1090 2580 1878 2617; baseline 0.003 -11"><span class='ocrx_word' id='word_1_769' title='bbox 1090 2580 1289 2615; x_wconf 76' lang='grc' dir='ltr'>πλησιάζοντας</span> <span class='ocrx_word' id='word_1_770' title='bbox 1316 2582 1451 2617; x_wconf 82' lang='grc' dir='ltr'>Πατέρας.</span> <span class='ocrx_word' id='word_1_771' title='bbox 1480 2581 1535 2608; x_wconf 77' lang='grc' dir='ltr'><strong>Καὶ</strong></span> <span class='ocrx_word' id='word_1_772' title='bbox 1550 2582 1613 2609; x_wconf 76' lang='grc' dir='ltr'>ὅταν</span> <span class='ocrx_word' id='word_1_773' title='bbox 1629 2581 1791 2616; x_wconf 76' lang='grc' dir='ltr'>ἀναγνωσθῇ</span> <span class='ocrx_word' id='word_1_774' title='bbox 1813 2582 1878 2616; x_wconf 74' lang='grc' dir='ltr'>παρ’</span> 
     </span>
    </p>
   </div>
   <div class='ocr_carea' id='block_1_113' title="bbox 1090 2626 1878 2663">
    <p class='ocr_par' dir='ltr' id='par_1_113' title="bbox 1090 2626 1878 2663">
     <span class='ocr_line' id='line_1_113' title="bbox 1090 2626 1878 2663; baseline 0.001 -11"><span class='ocrx_word' id='word_1_775' title='bbox 1090 2626 1153 2660; x_wconf 81' lang='grc' dir='ltr'>ὑμῖν</span> <span class='ocrx_word' id='word_1_776' title='bbox 1169 2626 1185 2661; x_wconf 80' lang='grc' dir='ltr'>ἡ</span> <span class='ocrx_word' id='word_1_777' title='bbox 1201 2627 1328 2662; x_wconf 73' lang='grc' dir='ltr'>ἐπιστολή</span> <span class='ocrx_word' id='word_1_778' title='bbox 1339 2634 1345 2641; x_wconf 72' lang='grc'><strong><em>⁵</em></strong></span> <span class='ocrx_word' id='word_1_779' title='bbox 1361 2627 1400 2663; x_wconf 75' lang='grc' dir='ltr'>μὴ</span> <span class='ocrx_word' id='word_1_780' title='bbox 1423 2627 1629 2662; x_wconf 83' lang='grc' dir='ltr'>παραιτήσησθε</span> <span class='ocrx_word' id='word_1_781' title='bbox 1651 2627 1699 2654; x_wconf 68' lang='grc' dir='ltr'><strong>καὶ</strong></span> <span class='ocrx_word' id='word_1_782' title='bbox 1721 2627 1787 2662; x_wconf 83' lang='grc' dir='ltr'>παρ’</span> <span class='ocrx_word' id='word_1_783' title='bbox 1804 2628 1878 2653; x_wconf 80' lang='grc' dir='ltr'>ἐκεί-</span> 
     </span>
    </p>
   </div>
   <div class='ocr_carea' id='block_1_114' title="bbox 1089 2670 1879 2708">
    <p class='ocr_par' dir='ltr' id='par_1_114' title="bbox 1089 2670 1879 2708">
     <span class='ocr_line' id='line_1_114' title="bbox 1089 2670 1879 2708; baseline 0 -10"><span class='ocrx_word' id='word_1_784' title='bbox 1089 2680 1146 2702; x_wconf 85' lang='grc' dir='ltr'>νοις</span> <span class='ocrx_word' id='word_1_785' title='bbox 1164 2672 1373 2707; x_wconf 77' lang='grc' dir='ltr'>ἀναγνωσθῆναι</span> <span class='ocrx_word' id='word_1_786' title='bbox 1386 2681 1392 2687; x_wconf 93' lang='grc'><strong>·</strong></span> <span class='ocrx_word' id='word_1_787' title='bbox 1409 2670 1486 2708; x_wconf 81' lang='grc' dir='ltr'><strong>ὲάνῇ</strong></span> <span class='ocrx_word' id='word_1_788' title='bbox 1501 2672 1564 2705; x_wconf 77' lang='grc' dir='ltr'>ἀξία</span> <span class='ocrx_word' id='word_1_789' title='bbox 1581 2672 1662 2707; x_wconf 85' lang='grc' dir='ltr'>μόνον</span> <span class='ocrx_word' id='word_1_790' title='bbox 1675 2682 1681 2688; x_wconf 87' lang='grc'>·</span> <span class='ocrx_word' id='word_1_791' title='bbox 1696 2673 1791 2706; x_wconf 81' lang='grc' dir='ltr'>ἐπειδὴ</span> <span class='ocrx_word' id='word_1_792' title='bbox 1809 2673 1879 2700; x_wconf 80' lang='grc' dir='ltr'>πάν-</span> 
     </span>
    </p>
   </div>
   <div class='ocr_carea' id='block_1_115' title="bbox 1089 2718 1879 2754">
    <p class='ocr_par' dir='ltr' id='par_1_115' title="bbox 1089 2718 1879 2754">
     <span class='ocr_line' id='line_1_115' title="bbox 1089 2718 1879 2754; baseline 0.001 -10"><span class='ocrx_word' id='word_1_793' title='bbox 1089 2726 1136 2749; x_wconf 79' lang='grc' dir='ltr'><strong>τες</strong></span> <span class='ocrx_word' id='word_1_794' title='bbox 1150 2718 1282 2753; x_wconf 69' lang='grc' dir='ltr'>ὁμόψυχοι</span> <span class='ocrx_word' id='word_1_795' title='bbox 1294 2739 1301 2750; x_wconf 85' lang='grc'>,</span> <span class='ocrx_word' id='word_1_796' title='bbox 1324 2719 1370 2745; x_wconf 71' lang='grc' dir='ltr'>καὶ</span> <span class='ocrx_word' id='word_1_797' title='bbox 1388 2719 1416 2745; x_wconf 81' lang='grc' dir='ltr'>ἓν</span> <span class='ocrx_word' id='word_1_798' title='bbox 1431 2719 1529 2754; x_wconf 86' lang='grc' dir='ltr'>σῶμα,</span> <span class='ocrx_word' id='word_1_799' title='bbox 1545 2719 1597 2746; x_wconf 72' lang='grc' dir='ltr'>κᾶν</span> <span class='ocrx_word' id='word_1_800' title='bbox 1609 2719 1726 2754; x_wconf 83' lang='grc' dir='ltr'>διάφορα</span> <span class='ocrx_word' id='word_1_801' title='bbox 1747 2719 1828 2754; x_wconf 72' lang='grc' dir='ltr'>μέλη.</span> <span class='ocrx_word' id='word_1_802' title='bbox 1849 2719 1879 2745; x_wconf 92' lang='lat'><strong>&#39;0</strong></span> 
     </span>
    </p>
   </div>
   <div class='ocr_carea' id='block_1_116' title="bbox 1090 2763 1878 2802">
    <p class='ocr_par' dir='ltr' id='par_1_116' title="bbox 1090 2763 1878 2802">
     <span class='ocr_line' id='line_1_116' title="bbox 1090 2763 1878 2802; baseline 0.004 -12"><span class='ocrx_word' id='word_1_803' title='bbox 1090 2763 1193 2798; x_wconf 82' lang='grc' dir='ltr'>Κύριος</span> <span class='ocrx_word' id='word_1_804' title='bbox 1219 2764 1323 2799; x_wconf 81' lang='grc' dir='ltr'>Ἰησοῦς</span> <span class='ocrx_word' id='word_1_805' title='bbox 1337 2765 1453 2800; x_wconf 83' lang='grc' dir='ltr'>Χριστὸς</span> <span class='ocrx_word' id='word_1_806' title='bbox 1478 2765 1537 2800; x_wconf 79' lang='grc' dir='ltr'>μεθ’</span> <span class='ocrx_word' id='word_1_807' title='bbox 1559 2765 1636 2801; x_wconf 81' lang='grc' dir='ltr'>ὑμῶν</span> <span class='ocrx_word' id='word_1_808' title='bbox 1651 2766 1696 2793; x_wconf 71' lang='grc' dir='ltr'>καὶ</span> <span class='ocrx_word' id='word_1_809' title='bbox 1714 2766 1779 2800; x_wconf 81' lang='grc' dir='ltr'>μεθ’</span> <span class='ocrx_word' id='word_1_810' title='bbox 1797 2767 1878 2802; x_wconf 79' lang='grc' dir='ltr'>ήμῶν</span> 
     </span>
    </p>
   </div>
   <div class='ocr_carea' id='block_1_117' title="bbox 1091 2809 1453 2847">
    <p class='ocr_par' dir='ltr' id='par_1_117' title="bbox 1091 2809 1453 2847">
     <span class='ocr_line' id='line_1_117' title="bbox 1091 2809 1453 2847; baseline 0.006 -11"><span class='ocrx_word' id='word_1_811' title='bbox 1091 2809 1144 2836; x_wconf 83' lang='grc' dir='ltr'>τῶν</span> <span class='ocrx_word' id='word_1_812' title='bbox 1157 2810 1336 2846; x_wconf 81' lang='grc' dir='ltr'>ἁμαρτωλῶν.</span> <span class='ocrx_word' id='word_1_813' title='bbox 1358 2810 1453 2847; x_wconf 81' lang='grc' dir='ltr'>Ἀμήν.</span> 
     </span>
    </p>
   </div>
  </div>
