1923 3078
63 137 132 171 1231

173 195 234 223 EI‘.
246 210 283 216 —
293 197 468 231 Ναυκρατίῳ
481 198 584 231 τέκνῳ.
606 197 698 235 [υλα]

661 141 931 174 EPISTULARUM
949 144 1022 174 LIB.
1039 144 1075 174 II.

1615 146 1685 179 1282

1092 198 1183 226 LXIII.
1200 212 1235 219 —-
1253 197 1402 226 Naucratt‘o
1422 200 1488 234 ﬁlia.

55 255 160 281 Romani
172 254 298 289 episcopi_._
309 255 463 286 aliorumque
475 256 671 281 Occidentalium
689 257 808 282 adversus
817 257 995 289 leonem-chos
1005 259 1119 289 suﬁragia
1138 256 1264 289 praedicat.
1277 256 1367 281 Postea
1384 265 1455 282 suum
1467 265 1521 282 cum
1533 258 1681 289 Chonarum,

270 286 386 318 Phrygiae
398 288 474 317 urbis,
490 289 614 319 praefecto,
626 289 725 312 homine
735 288 862 318 heretico,
875 295 1034 320 congressum
1046 286 1145 313 narrat.’
1157 288 1260 324 (Βαίου.
1275 294 1315 312 an.
1327 289 1383 318 819,
1396 295 1421 314 n.
1431 290 1481 317 233.)

91 339 130 364 05
155 337 347 373 πλησθήσεται
372 337 403 364 τὸ
431 338 477 370 οὖς
506 348 557 374 μου
587 339 641 366 ἀπὸ
666 339 762 374 φωνῶν
795 347 828 366 σοη

929 338 987 366 Non
1007 340 1152 366 satiabitur
1174 337 1249 364 auris
1265 344 1323 364 mea
1337 346 1432 365 vocum
1453 344 1559 365 tuarum
1576 338 1680 366 auditu.

55 384 227 419 ἀκροάσεως.
240 385 339 417 Φωνεῖς
351 384 404 420 γὰρ
417 385 554 419 ἀναγκαῖα
570 387 617 414 καὶ
632 387 840 420 κατεπείγοντα’

54 431 72 458 ἃ
87 432 134 458 καὶ
156 431 205 457 νῦν
218 431 374 462 ὲνωτισθεὶς
387 452 394 464 ,
408 428 430 458 ὦ
452 433 502 458 παῖ
515 432 596 464 καλὲ,
610 431 664 469 ᾖσα
686 433 700 460 ό
716 433 842 464 ταπεινὸς

54 476 222 512 χαριστήρια
235 485 242 491 θ
260 476 298 507 ὡς
316 476 346 502 οὐ
370 477 548 504 καταλέλοιπε
563 478 654 504 τέλεον
672 478 774 513 Κύριος
792 479 841 513 τὴν

60 522 228 556 Ἐκκλησίαν
241 522 339 549 αὑτοῦ·
365 522 423 549 ἀλλ’
438 523 537 555 ἔδειξεν
553 524 593 550 ἑτι
609 524 680 558 ἔχειν
694 524 743 560 τὴν
765 525 841 560 ίσχῐιν

51 568 156 602 αὐτῆς·
182 569 297 603 κινήσας
313 569 376 600 τοὺς
388 569 442 595 ἀπὸ
465 570 572 601 Δύσεως
594 571 724 605 ἀδελφοὺς
751 571 839 606 ἡμῶν,

52 615 165 650 ἔλεγχον
177 615 226 648 τῆς
246 615 388 649 παροινίας
403 615 457 641 τῶν
470 615 543 650 τῇδε,
564 616 611 643 καὶ
631 617 771 652 φωτισμὸν
785 617 840 644 τῶν

51 661 297 696 νυκτομαχοὺντων
320 663 352 696 τῇ
379 662 493 697 αἱρέσει.
521 662 581 689 Κᾶν
606 663 788 690 ἀπεσείσαντο
813 665 838 690 οἱ

50 707 238 742 ἀτεράμονες·
259 708 310 734 κᾶν
331 708 488 743 ὀφθαλμοὺς
507 709 619 744 καρδὲας
642 709 692 736 οὐκ
717 710 836 745 ἤνοιξαν.

51 753 195 789 Μαρτυρῶ
220 753 282 789 ἄρτι
316 754 483 781 κατενώπιον
505 754 572 781 Θεοῦ
595 756 641 782 καὶ
668 755 836 791 ἀνθρώπων·

49 799 165 831 ἑαυτοὺς
181 800 340 835 ἀπέρρηξαν
354 799 400 826 τοῦ
421 799 545 834 σώματος
570 800 617 826 τοῦ
641 801 662 827 Χ
668 801 772 836 ριστοῦ.
789 802 837 828 τοῦ

49 845 223 880 κορυφιακοῦ
235 845 342 881 θρόνου,
351 846 380 871 ὲν
393 842 414 879 ᾧ
425 845 541 881 Χριστὸς
554 845 630 872 ἔθετο
643 846 692 876 τὰς
703 847 776 878 κλεῖς
788 847 836 880 τῆς

48 890 185 922 πίστεως·
210 887 244 926 ἧς
272 890 303 917 οὐ
329 890 494 925 κατίσχυσαν
518 891 567 917 ἀπ’
588 891 701 922 αἰῶνος,
726 891 780 917 οὐδ’
802 890 836 917 ἂν

48 935 234 971 κατισχύσωσι
251 936 332 972 μέχρι
355 936 508 968 συντελείας
522 937 605 963 πύλαι
623 936 687 972 ᾇδου
698 957 705 968 ,
729 937 763 964 τὰ
781 937 834 963 τῶν

47 981 198 1016 αίρετικῶν
213 981 315 1016 δηλαδὴ
328 982 449 1017 στόματα
461 990 468 996 ·
479 982 517 1013 ὡς
529 983 545 1017 ἠ
559 981 606 1008 τοῦ
624 982 755 1016 ἀψευδοῦς
768 982 834 1008 ὑπό-

892 384 1052 413 Necessaria
1076 386 1148 413 enim
1174 384 1293 418 loqueris
1312 388 1340 410 et
1363 390 1534 419 opportuna:
1549 385 1639 419 qualia
1654 391 1682 411 et

891 439 965 458 nunc
994 433 1118 464 audiens,
1144 440 1160 459 ο
1184 432 1221 458 iiIi
1247 433 1364 468 egregie,
1382 431 1543 459 charisteria
1569 431 1680 458 humilis

890 477 1031 505 deeantavi
1049 486 1056 505 :
1072 480 1199 514 quoniam
1226 489 1279 509 non
1306 479 1451 513 dereliquit
1470 479 1497 505 in
1521 473 1600 504 linem
1625 478 1679 504 Do-

890 524 982 552 minus
1001 525 1151 553 Ecciesiam
1177 535 1254 554 suam
1272 536 1279 560 ;
1297 527 1344 554 sed
1361 526 1434 553 illam
1457 525 1528 551 vires
1550 531 1615 551 snas
1629 523 1678 550 ad-

890 569 943 596 huc
964 569 1065 598 habere
1092 571 1196 604 docuit,
1210 573 1304 601 fratres
1320 576 1430 599 nostros
1445 571 1568 598 excitans
1582 569 1616 596 ab
1631 576 1678 595 oc-

888 623 954 642 casu
969 615 1001 642 ad
1018 617 1253 651 reprehensionem
1267 619 1431 646 temulentiae
1454 616 1630 647 nostratium,
1647 619 1677 641 et

889 660 1113 689 illuminationem
1131 663 1241 691 haeresis
1256 667 1338 691 noctu
1363 662 1564 690 dimicantium.
1581 660 1677 693 Quan-

888 712 968 739 quam
989 705 1142 740 rejécernnt
1167 707 1313 741 prtel'racti,
1336 712 1363 734 et
1387 707 1478 734 cordis
1501 705 1597 732 oculos
1621 712 1674 731 tton

888 757 1064 786 aperuerunt.
1080 751 1178 780 Testor
1187 761 1259 780 nttnc
1273 761 1365 780 coram
1383 753 1436 779 Deo
1448 757 1475 778 et
1490 750 1649 777 hominibus
1666 759 1674 776 :

887 797 992 832 seipsos
1017 799 1177 825 avulserunt
1196 806 1211 825 a
1226 806 1342 834 corpore
1366 798 1479 830 Christi,
1492 801 1520 824 et
1545 803 1676 830 supretno

887 842 1007 868 vet-ticali
1029 843 1138 873 throno,
1154 843 1180 870 in
1196 851 1251 878 quo
1274 844 1400 870 Christus
1425 843 1516 870 claves
1534 841 1627 876 posuit
1642 841 1675 867 li-

886 887 929 914 dei
947 896 954 914 :
971 887 1104 915 adversus
1123 896 1205 923 quam
1219 889 1448 923 noupravaluere
1465 888 1609 919 hactenus,
1624 893 1675 914 nec

887 934 1072 967 praevalebunt
1103 942 1191 968 usque
1227 935 1260 962 ad
1296 935 1559 962 consummationem
1590 938 1675 968 portae

885 978 966 1005 inferi
982 979 1015 1011 ",
1031 987 1079 1007 ora
1093 980 1200 1008 scilicet
1215 981 1404 1008 hatreticomm
1423 990 1430 1007 :
1448 982 1518 1008 sicut
1537 979 1693 1027 pollicitus,

48 1035 152 1061 σχεσις.
170 1027 297 1063 Χαιρέτω
311 1025 358 1054 οὖν
372 1029 385 1054 ό
402 1028 612 1063 μακαριώτατος
627 1029 674 1054 καὶ
687 1028 828 1054 ἀποστολι-

885 1030 927 1052 est
947 1025 994 1060 qui
1013 1033 1066 1052 non
1083 1027 1224 1053 mentitur.
1251 1026 1374 1053 Gaudeat
1398 1026 1481 1061 igitur
1497 1025 1673 1052 beatissimus

44 1073 93 1105 κὸς
105 1074 153 1100 καὶ
164 1073 324 1109 φερώνυμος
346 1074 499 1109 ιῙασχὰλιος
508 1082 515 1088 ·
531 1075 572 1101 ὅτι
585 1074 616 1100 τὸ
630 1074 712 1109 ἔργον
728 1073 830 1109 Πέτρου

44 1119 233 1154 ἐξεπλήρωσε.
258 1119 400 1155 Σκιρτὰτω
424 1120 477 1151 πᾶς
498 1119 646 1155 ὀρθοδόξων
661 1119 770 1151 θίασος·
790 1121 832 1146 ὃτι

44 1160 107 1191 κατθ
121 1164 278 1200 ὀφθαλμοὺς
293 1164 346 1192 εἶδε
367 1165 417 1201 τὴν
439 1166 592 1202 ἐπισκοπὴν
611 1165 745 1202 Χριστοῦ,
761 1166 832 1193 κατὰ

42 1211 108 1242 τοὺς
126 1210 210 1238 πάλαι
226 1211 318 1244 ἁγίους
333 1211 458 1247 Πατέρας
472 1212 559 1247 ἡμῶν.
575 1212 616 1238 Τὰ
628 1213 682 1247 γὰρ
697 1212 763 1239 ἄλλα
777 1213 830 1248 ὅπη

43 1257 81 1292 τῷ
92 1257 154 1292 Θεῷ
170 1257 236 1292 φίλα
249 1259 366 1292 ἀγέσθω.
376 1259 525 1292 ’Λρδευέτω
536 1259 566 1285 τὺ
581 1260 749 1294 μαρτυρικὸν
761 1257 831 1294 αἷμα

42 1303 93 1338 τὴν
114 1303 294 1338 Ἐκκλησίαν·
312 1304 470 1337 αὑξανέσοω
488 1305 502 1331 6
522 1305 602 1340 χορὸς
622 1305 676 1331 τῶν
693 1305 829 1341 ὁμολογη-

42 1349 97 1376 τῶν
108 1357 116 1364 ·
128 1350 210 1376 τοῦτο
226 1350 334 1377 εὐδοκία
345 1350 411 1377 Θεοῦ
422 1359 429 1366 ο
446 1351 525 1377 τοῦτο
538 1351 610 1386 χαρὰ
627 1351 673 1377 καὶ
699 1351 830 1385 ἀγαλλία-

43 1404 86 1428 σις
96 1404 104 1411 ⁸
118 1396 171 1423 κᾶν
182 1396 226 1423 διὰ
238 1397 301 1428 τοὺς
314 1397 518 1433 ἀπολλυμένους
531 1398 722 1424 ὲλεεινότατον.

77 1487 114 1515 Τί
137 1490 250 1523 φήσοιεν
273 1490 297 1516 oi
323 1490 455 1522 ἐναντίοις
479 1489 623 1526 Ἀνατολὴν
645 1491 695 1517 οὐκ
720 1490 827 1525 ἔχουσι’

43 1535 156 1566 Δύσεως
168 1536 338 1570 ἐστέρηνται·
353 1536 399 1563 τοῦ
414 1536 621 1571 πεντακορύφου
637 1536 828 1572 ἐκκλησιαστι-

42 1580 91 1606 κοῦ
107 1580 234 1615 σώματος
263 1581 308 1616 (ζῇ
329 1582 384 1617 γὰρ
403 1582 442 1609 ἔτι
470 1583 515 1609 καὶ
532 1583 686 1617 Νικηφόρος
705 1584 718 1609 ὁ
736 1583 827 1617 ἱερὸς)

42 1627 257 1663 διεσπάσθησαν.
281 1627 387 1655 Οὐκοῦν
406 1628 599 1663 ἡλλοτρίωντσι
625 1628 752 1663 Χριστῷ·
773 1629 828 1663 ἄρα

43 1672 251 1708 ἒνεκρώθησαν·
268 1674 322 1708 ἄρα
344 1675 372 1700 ὲν
393 1675 483 1700 σκότει
504 1674 720 1709 διαπορεύονται.
748 1674 780 1700 Ei
800 1674 828 1700 δὲ

42 1719 83 1745 ὅτι
101 1720 233 1754 ἄρχουσιν
255 1720 299 1746 ἐπ’
325 1720 430 1755 ἐρήμου
455 1720 602 1756 αἱρέσεως,
625 1720 704 1747 τοῦτο
719 1722 766 1747 καὶ
782 1721 829 1756 λῃ-

44 1764 106 1790 σταί
115 1773 123 1780 ο
140 1765 200 1790 ἐπεὶ
212 1765 259 1791 καὶ
275 1765 435 1797 κτείνουσιν,
452 1765 552 1800 ὥσπερ
562 1766 608 1792 καὶ
621 1764 693 1792 οὗτοι
704 1774 710 1781 ’
724 1766 829 1800 αἵματα

43 1809 207 1842 κενοῦντες,
235 1810 273 1841 ὡς
298 1810 362 1842 ἔπος
390 1812 491 1843 εἰπεῖν,
517 1811 698 1846 καθεκάστην.
728 1811 828 1846 Ἐχέτω

41 1855 130 1882 ταῦτα
153 1852 215 1883 ὦδε.
235 1856 342 1883 Ἡλίκον
373 1857 401 1883 δὲ
426 1857 529 1892 ᾄσομαι
558 1858 603 1883 ἐπὶ
627 1858 660 1891 τῇ
692 1857 826 1892 μεταϐολῇ

41 1902 190 1934 Λεοντίους
206 1903 239 1929 Ὢ
260 1903 315 1929 τῶν
343 1903 478 1938 μεγίστων
500 1902 546 1929 τοῦ
565 1903 631 1929 Θεοῦ
660 1903 825 1937 τεραστίωνί

41 1948 77 1975 Σὺ
104 1948 166 1982 μὲν,
186 1944 210 1974 ὦ
231 1949 290 1980 τᾶν,
313 1950 351 1980 εἰς
367 1948 445 1975 τοῦτο
461 1950 571 1975 κάκεῖνο
590 1949 826 1983 μετεσχημάτισας

41 1994 86 2019 τὸν
110 1993 280 2029 δύσχριστον.
302 1994 372 2028 Ἐγὼ
386 1995 414 2021 δὲ
430 1995 625 2030 Κυπριανίζειν
642 1995 722 2020 αὑτὸν
741 1995 770 2020 ὲν
788 1994 826 2029 τῷ

42 2038 188 2073 πράγματι
211 2039 316 2074 ᾠήθην·
337 2041 558 2076 ἀποκρουσθέντα
583 2040 658 2075 παρᾶ
674 2039 721 2066 τοῦ
749 2040 825 2074 βασι-

41 2083 111 2116 λέως
128 2085 298 2120 προδραμεῖν
310 2087 365 2118 τοῖς
375 2086 555 2122 ἀθλοφοροῦσι
567 2086 614 2112 καὶ
626 2086 826 2121 ἐναγωνιζομέ-

39 2138 114 2162 νοις·
131 2132 191 2157 κατ’
210 2130 355 2158 Ἰουστίναν
375 2132 424 2167 τὴν
440 2133 572 2167 ἀοίδιμον,
589 2131 649 2167 Δῲη
665 2132 766 2168 Κύριος
782 2133 825 2159 τέ-

41 2175 100 2202 λεον
113 2177 160 2202 ἐπὶ
173 2177 276 2211 ἀμφοῖν
288 2178 323 2203 τὰ
337 2178 480 2213 ἀμφότερα
496 2168 711 2213 ἀποφανθῆναι..
722 2178 753 2204 'il
774 2187 825 2213 φυ-

40 2220 109 2256 λακή
127 2229 174 2247 σου
191 2222 232 2248 ὅτι
250 2222 387 2258 ἐνδότερον
400 2224 519 2256 ἐγένετο,
543 2224 665 2258 λυπηρόν
680 2233 724 2258 μοι
738 2224 782 2251 διὰ
794 2225 824 2251 τὸ

39 2266 153 2298 ἀσθενές
170 2275 228 2293 σου.
253 2268 326 2302 Πλὴν
344 2268 418 2303 ἴσχυε
435 2270 482 2296 καὶ
503 2269 645 2305 κραταιοῦ,
671 2270 824 2304 ὁμολογητὰ

39 2312 176 2347 Χριστοῦ,
200 2313 238 2346 ὡς
261 2315 503 2351 προεσημάναμεν.
531 2316 589 2342 Ἵνα
613 2316 640 2342 δὲ
670 2317 761 2351 γνοίης
783 2316 822 2342 ἔτι

37 2356 215 2393 λευκότερον,
238 2359 403 2395 προστίθημι
418 2361 464 2388 καὶ
479 2361 561 2388 ταῦτα
573 2370 579 2377 ·
599 2361 635 2393 ὡς
651 2361 691 2388 ἔτι
705 2362 820 2396 ἁσφαλί-
838 2374 860 2401 ι)

38 2401 114 2432 ζεται
129 2403 205 2437 ἡμᾶς
228 2404 242 2430 ὀ
263 2405 447 2440 φρούραρχος.
461 2406 511 2432 Διὰ
527 2406 568 2439 τί,
585 2407 632 2433 καὶ
646 2406 722 2439 πῶς;
746 2407 822 2433 Ἐπεὶ

38 2447 91 2483 γὰρ
115 2449 157 2475 δεῖ
179 2449 320 2486 οἰκονομίᾳ
341 2451 493 2486 κεχρῆσθαι
516 2453 544 2479 ἐν
566 2455 621 2484 τοῖς
644 2453 821 2487 ἀναγκαίοις·

38 2494 160 2529 ὁπηνίκα
174 2496 383 2532 συνωψίσοημεν
398 2498 436 2533 τῷ
449 2499 548 2524 Kniva
564 2500 723 2534 αἱρεσιὰρχῃ
756 2500 824 2535 (ἐκεῖ

37 2541 88 2575 γὰρ
111 2540 223 2576 πρῶτον
242 2543 404 2577 ἀπήχθημεν
419 2543 471 2570 ὑπὸ
495 2543 548 2570 τῶν
571 2545 624 2570 ἀπὸ
644 2545 822 2572 Ἀνατολικῶν

38 2585 163 2621 ἀράντων
179 2587 273 2622 ἡμᾶς),
297 2589 343 2614 καὶ
357 2589 422 2622 γόνυ
439 2589 592 2625 ὲκλίναμεν,
612 2591 821 2626 συγγονυκὶιτή-

38 2640 132 2665 cano;
164 2634 308 2661 κάκείνουο
340 2636 388 2662 καὶ
423 2637 608 2671 ὴσπασάμεθα
640 2638 731 2664 αὐτόν.
765 2638 821 2664 Καὶ

37 2679 128 2714 ἐπειδὴ
143 2679 234 2706 είασεν
247 2681 287 2712 είς
301 2681 398 2708 ταυτὸν
414 2682 500 2709 ἐλθεῖν
529 2682 578 2717 ἐμέ
593 2691 621 2709 τε
635 2684 682 2709 καὶ
704 2684 748 2710 τὸν
770 2683 819 2710 κύ-

38 2731 93 2758 ριον
114 2724 291 2751 Ἀθανάσιοψ
313 2727 360 2753 καὶ
387 2727 550 2764 συνεπίομεν
571 2728 645 2764 αὐτῷ
670 2729 744 2762 ἅπαξ
773 2730 819 2757 καὶ

37 2769 90 2802 δίς·
119 2770 151 2797 οὐ
183 2766 275 2806 μέλοι
304 2773 508 2809 συνεφάγομεν
533 2774 745 2810 ὲκλιπαροῦντος
770 2775 819 2802 τοῦ

37 2814 131 2849 ὄφεως,
147 2817 196 2843 καὶ
206 2816 394 2853 ψιθυρίζοντος
407 2818 545 2854 ὰπατηλά.
563 2820 656 2856 Τούτῳ
670 2819 709 2855 τῷ
725 2820 817 2856 μέτρῳ

69 2873 90 2890 ’³
101 2873 199 2901 Matth.
216 2881 272 2909 avt,
289 2873 331 2902 18.

844 1698 865 1728 C

885 1077 912 1099 et
926 1072 1094 1106 apostolicus
1106 1077 1133 1100 et
1146 1073 1254 1100 nomine
1267 1080 1318 1100 suo
1329 1072 1428 1107 dignus
1441 1072 1589 1104 Paschalis,
1603 1079 1673 1106 quo-

885 1118 958 1144 niam
973 1117 1045 1145 Petri
1062 1126 1130 1153 opus
1144 1119 1310 1153 adimplevit.
1333 1118 1456 1146 Exsultet
1473 1119 1562 1145 omnis
1577 1118 1672 1145 ortho-

883 1164 1018 1192 doxorum
1032 1165 1143 1196 chorus,
1162 1165 1226 1200 quia
1242 1166 1276 1192 ob
1297 1167 1391 1192 oculos
1405 1165 1471 1192 vidit
1484 1165 1670 1199 episcopatum

883 1211 999 1243 Christi,
1018 1212 1168 1239 secundum
1197 1216 1307 1239 sanctos
1336 1212 1400 1238 olitn
1429 1212 1524 1239 Patres
1549 1216 1669 1238 nostros.

883 1257 987 1284 Caetera
1008 1258 1081 1284 enim
1099 1263 1128 1284 ut
1144 1258 1199 1285 Deo
1223 1259 1311 1285 visunt
1329 1258 1410 1285 fuerit
1429 1258 1563 1284 ferantur.
1576 1257 1670 1291 lrriget

884 1310 1033 1338 martyrum
1058 1304 1170 1338 sanguis
1191 1302 1354 1335 Ecclesiam,
1377 1309 1505 1338 angesmt
1527 1303 1669 1330 confesso-

883 1356 943 1376 rutn
962 1349 1063 1376 chorus
1078 1357 1084 1375 :
1099 1349 1149 1376 ltoc
1162 1349 1216 1376 Deo
1233 1355 1353 1384 gratum;
1370 1350 1422 1376 hoc
1437 1350 1565 1384 gaudium
1579 1354 1606 1376 et
1620 1357 1669 1376 ex-

882 1395 995 1422 sultatio
1008 1404 1014 1422 :
1027 1395 1153 1429 quamvis
1167 1400 1278 1430 propter
1300 1403 1348 1422 eos
1373 1397 1420 1430 qui
1439 1400 1554 1430 pereunt
1573 1395 1669 1422 miser-

882 1442 992 1469 rimum.

917 1488 986 1520 Quid
1013 1487 1103 1514 dicere
1125 1487 1231 1522 possint
1257 1487 1430 1514 adversarii?
1448 1487 1586 1515 Orientem
1613 1494 1666 1514 non

882 1533 984 1560 habent
999 1542 1006 1566 ;
1027 1533 1173 1560 Occidente
1193 1534 1290 1568 privati
1321 1539 1384 1560 sunt
1401 1543 1408 1560 :
1425 1541 1439 1560 a
1456 1533 1531 1568 quini
1557 1534 1667 1560 verticis

881 1588 996 1615 corpore
1034 1581 1218 1607 ecclesiastico
1253 1581 1339 1607 avulsi
1375 1585 1456 1613 sunt;
1500 1580 1565 1607 vivit
1593 1582 1665 1607 enim

881 1628 1029 1655 etiamnum
1049 1634 1076 1654 et
1099 1627 1269 1662 Nieephorus
1297 1635 1384 1654 sacer.
1405 1627 1489 1662 Igitur
1515 1636 1530 1654 a
1555 1627 1666 1655 Christo

882 1673 990 1699 alit-nati
1019 1678 1107 1699 sunt:
1127 1673 1209 1707 igitur
1236 1674 1335 1700 mortui
1354 1682 1360 1700 :
1378 1673 1461 1708 igitur
1491 1675 1517 1699 in
1545 1673 1666 1700 tenebris

882 1717 1031 1743 ambulant.
1049 1717 1126 1749 Quod
1145 1716 1167 1743 si
1189 1716 1370 1751 principatum
1387 1721 1477 1743 tenent
1503 1717 1530 1743 itt
1555 1716 1665 1743 haeresis

879 1762 998 1791 deserto.
1015 1762 1066 1789 hoe
1087 1761 1191 1789 faciunt
1207 1767 1232 1789 et
1252 1762 1371 1789 latrones
1385 1771 1392 1789 :
1416 1763 1514 1796 quippe
1527 1762 1572 1795 qtti
1589 1762 1664 1789 occi-

879 1806 946 1833 dunt
964 1807 1057 1837 etiam,
1074 1807 1145 1833 sicut
1167 1806 1210 1833 isti
1229 1815 1236 1833 :
1253 1807 1424 1841 sanguinem,
1448 1811 1477 1833 tit
1505 1815 1559 1833 uno
1582 1807 1663 1833 verbo

878 1853 976 1883 dicant,
991 1853 1114 1887 quotidie
1133 1852 1288 1879 fundentes.
1311 1853 1348 1879 De
1376 1852 1418 1878 his
1435 1855 1525 1878 autem
1542 1852 1575 1878 ad
1592 1852 1664 1878 hunc

879 1900 998 1926 nimiunn.
1013 1900 1150 1933 Quantum
1167 1907 1230 1926 vero
1250 1899 1392 1926 concinam
1411 1899 1437 1925 in
1455 1898 1559 1924 Leontii
1574 1901 1663 1924 muta-

878 1944 970 1971 tione?
985 1943 1007 1971 0
1025 1945 1141 1971 maxima
1158 1944 1204 1970 Dei
1219 1943 1356 1978 prodigia!
1375 1943 1414 1970 Tu
1430 1944 1550 1977 quidem,
1563 1943 1661 1973 amice,

877 1990 904 2016 in
925 1990 977 2016 hoc
1001 1995 1027 2016 et
1045 1990 1108 2016 illtul
1131 1989 1232 2016 Christi
1255 1990 1358 2016 hostem
1377 1989 1589 2016 transformasti.
1608 1989 1663 2023 Ego

877 2044 941 2063 vero
952 2036 1147 2072 Cypriauizare
1162 2037 1239 2063 illum
1258 2037 1284 2063 in
1300 2037 1409 2071 negotio
1417 2036 1565 2063 arbitratus
1581 2044 1640 2062 suttt
1651 2045 1660 2063 :

875 2087 1018 2110 extrusum
1042 2084 1076 2110 ab
1097 2083 1270 2117 imperatore,
1289 2083 1322 2109 ad
1340 2087 1476 2110 certantes
1495 2087 1521 2110 et
1538 2083 1564 2109 in
1576 2089 1662 2116 agone

875 2134 1016 2156 versantes
1037 2136 1190 2160 accurrere,
1208 2129 1286 2163 juxta
1303 2129 1436 2155 celebrem
1451 2128 1596 2155 Justinatn.
1614 2128 1662 2155 Det

875 2174 1007 2201 Dominus
1019 2179 1047 2201 ut
1063 2175 1088 2201 itt
1099 2175 1221 2209 utrisque
1238 2175 1344 2201 tandem
1358 2180 1471 2208 utraque
1485 2175 1660 2208 conspician-

876 2227 929 2248 tur.
957 2221 1087 2249 Custodia
1109 2227 1154 2248 tua
1177 2221 1246 2255 quod
1260 2221 1375 2248 interius
1392 2221 1501 2247 reducta
1516 2226 1567 2253 est,
1579 2228 1660 2254 grave

875 2268 940 2294 mihi
958 2273 998 2294 est
1015 2272 1123 2302 propter
1136 2267 1320 2294 inﬁrmitatem
1337 2273 1419 2294 luant.
1443 2267 1575 2294 Caeterum
1590 2274 1658 2293 con-

874 2312 976 2339 fortnre
992 2317 1017 2339 et
1037 2313 1153 2343 sustine.
1171 2312 1311 2339 confessor
1326 2312 1437 2344 Christi,
1457 2317 1487 2338 ut
1503 2316 1565 2338 ante
1575 2311 1660 2346 signi-

875 2359 1026 2386 ilravimus.
1044 2358 1077 2386 Ut.
1093 2365 1181 2386 autem
1199 2359 1297 2385 clarius
1319 2358 1407 2386 adhuc
1423 2364 1582 2393 cognoscas,
1602 2357 1658 2384 hac

872 2405 943 2432 addo
960 2414 966 2432 ε
982 2405 1090 2433 clausos
1104 2413 1175 2432 nunc
1190 2405 1272 2432 etiam
1290 2412 1340 2431 nos
1354 2409 1426 2431 tenet
1450 2403 1569 2430 carceris
1586 2410 1656 2437 pra:-

872 2451 969 2479 feetus.
990 2452 1090 2484 Quare,
1107 2456 1133 2478 et
1150 2452 1310 2486 quomodo?
1324 2451 1458 2483 Quoniam
1473 2455 1579 2485 oportet
1598 2450 1656 2477 dis-

871 2499 1030 2533 pensatione
1058 2499 1096 2524 ttti
1122 2499 1149 2524 in
1175 2499 1254 2526 rebus
1278 2498 1464 2525 necessariis:
1484 2497 1594 2531 quando
1613 2499 1654 2525 ci-

872 2545 935 2572 bum
951 2545 1119 2578 sumpsimus
1136 2552 1197 2571 cum
1210 2544 1364 2570 Chonarum
1383 2544 1572 2570 ltaeresiarcha.
1590 2544 1654 2571 Illuc

873 2591 973 2625 quippe
994 2590 1102 2618 deducti
1125 2591 1241 2624 primum
1271 2590 1372 2617 fuimus
1389 2590 1422 2616 ah
1441 2589 1473 2616 iis
1488 2590 1533 2624 qui
1554 2597 1604 2617 nos
1620 2597 1654 2617 ex

870 2637 980 2664 Oriente
998 2637 1166 2664 abduxerant
1182 2645 1189 2663 :
1204 2642 1230 2663 et
1243 2636 1448 2671 genuﬂexituus,
1459 2635 1655 2671 genuﬂectente

870 2684 971 2718 pariter
988 2684 1034 2710 illo
1051 2693 1057 2710 :
1074 2687 1100 2710 et
1118 2683 1234 2717 amplexi
1254 2691 1314 2709 eum
1336 2690 1442 2710 sutnus.
1465 2682 1496 2709 Et
1509 2686 1652 2717 postquam

870 2729 993 2765 permisit
1018 2734 1047 2757 ut
1072 2737 1155 2756 unum
1173 2729 1200 2756 in
1225 2729 1314 2755 locum
1337 2729 1544 2756 conveniremus
1563 2735 1612 2762 ego
1625 2731 1654 2754 et

869 2776 997 2804 dotninus
1017 2775 1193 2807 Athanasius,
1212 2775 1332 2802 bibimus
1357 2783 1410 2802 una
1433 2783 1494 2802 eum
1516 2783 1549 2801 eo
1568 2774 1652 2802 semel

867 2825 949 2857 atque
975 2822 1276 2856 iterum:nequaquam
1297 2824 1386 2848 tamen
1410 2820 1651 2854 eomedimus,ob-
