1923 3078
257 145 328 180 1283

855 148 887 178 ε.
907 143 1104 177 THEODORI
1120 141 1295 174 STUDITE
1315 181 1318 183 _

1821 139 1886 171 1m

257 211 374 234 testante
388 213 524 244 serpente,
535 212 563 236 et
576 208 769 236 insusurrante
785 205 970 234 fraudulenta.
987 203 1045 230 Hac

1102 199 1273 236 ἐχρησάμεθα
1286 219 1293 232 ,
1313 198 1483 234 ἀπαχθέντες
1497 196 1585 230 ἔνθεν,
1602 197 1649 224 καὶ
1675 195 1743 232 πρὸς
1759 197 1805 224 τὸν
1819 198 1847 223 ἐν
1866 195 1886 230 ᾧ

257 254 444 282 moderatione
460 255 501 282 usi
517 262 613 282 sumus
641 261 704 281 cum
722 253 830 281 abducti
856 252 919 279 inde
948 250 1046 278 fuisse—

257 307 319 328 mus
331 300 363 326 ad
379 301 536 330 draconem,
555 307 673 334 quocum
691 299 734 325 hic
747 305 900 325 versamur.
915 296 969 330 Qui
985 303 1048 323 cum

256 343 355 371 seriem
373 349 436 370 ante
453 343 602 375 didicisset,
621 343 688 369 nihil
715 343 832 377 amplius
854 342 934 372 ursit,
960 345 990 368 ut
1001 341 1049 376 qui

257 386 421 420 persuadere
437 393 491 411 non
509 389 601 419 posset
621 393 628 411 :
647 384 739 418 injecit
752 389 853 413 tamen.
871 383 974 410 utvidit
986 390 1048 415 nos,

257 433 291 458 de
311 435 472 466 argumento
501 437 665 462 sermonem,
690 431 752 464 quia
784 429 852 456 nihil
881 434 933 460 est,
951 428 1049 464 inquit,

257 481 305 504 aut
326 477 513 512 perexiguum,
529 477 554 503 id
576 477 610 504 de
628 484 682 512 quo
703 481 744 504 est
761 478 888 511 quaestio.

294 524 332 550 Ad
343 532 403 558 quze
420 523 628 559 respondimus,
645 524 686 551 vel
701 532 733 550 ex
746 524 826 558 longe
838 523 965 550 maximis
976 529 1048 550 esse.

259 567 336 600 Quod
353 569 374 594 si
390 568 480 602 jubes,
501 568 622 603 inquam,
642 569 694 600 dic,
715 572 742 595 et
762 568 884 595 vicissim
901 568 973 596 audi.
995 566 1049 594 Sed

259 614 417 641 omittamus
437 615 629 648 inpraesentia,
650 615 721 650 quod
737 620 764 642 et
788 613 890 641 factum
916 619 969 641 est.
990 613 1049 640 Alia

259 659 367 694 quidem
382 660 471 686 dicere
493 661 602 695 longum
623 661 660 687 sit
677 669 684 687 :
702 660 735 687 ad
760 661 839 687 linem
864 659 1050 687 tenditoralio

258 705 339 738 cujus
365 705 451 740 gratia
465 712 581 733 exorsus
598 714 671 733 sum.
697 705 813 732 Putabat
828 705 943 733 callidus
957 712 986 732 se
999 712 1049 732 nos

258 750 360 776 sensim
380 749 569 784 pellecturum,
584 757 637 777 non
657 758 811 777 sermonem
824 749 858 776 de
875 749 1042 783 imaginibus

258 793 434 824 conferendo.
465 794 511 821 sed
543 793 737 821 benefaciendo
761 793 894 825 fortasse,
911 799 938 821 et
953 794 1044 822 amice

259 839 451 873 colloquendo,
480 844 508 866 et
534 839 704 874 praefectura:
733 839 899 866 mentionem
931 839 1048 866 interse—

1099 246 1183 280 ἔσμεν
1205 245 1349 280 δράκοντα.
1368 245 1416 276 ’ος
1440 243 1592 280 προμαθὼν
1615 243 1661 270 τὸν
1681 242 1789 278 εἱρμὸν,
1813 243 1886 270 οὐδὲν

1098 291 1180 317 πλέον
1193 291 1359 326 ἠνάγκασεν,
1375 290 1413 322 ὡς
1430 290 1468 326 μὴ
1485 290 1584 326 ἰσχύων
1599 291 1708 316 πεῖσαι·
1728 289 1886 325 συνεκίνησε

1098 336 1121 362 δ’
1134 334 1182 363 οὗν
1198 337 1273 372 ὅμως
1288 337 1384 370 λόγους
1401 337 1430 363 ὲν
1452 337 1492 372 τῷ
1506 337 1570 364 ἰδεῖν
1586 337 1660 371 ἡμᾶς
1675 336 1741 371 περὶ
1754 336 1806 370 τῆς
1825 337 1887 363 ὑπο-

1099 381 1200 413 θέσεως
1211 389 1217 396 ’
1240 382 1284 413 Ὠς
1296 382 1372 409 οὐδέν
1386 382 1456 415 ἐστι,
1471 382 1550 418 φησι,
1567 383 1614 408 καὶ
1627 381 1745 417 σμικρὸν
1758 381 1790 408 τὸ
1802 383 1885 417 ἀμφι-

1100 428 1295 464 σὸητούμενον.

1135 519 1208 554 Πρὸς
1226 518 1244 546 ἃ
1258 519 1461 554 ἀπεκρινάμην,
1475 519 1516 546 ὅτι
1526 519 1582 546 Καὶ
1596 519 1650 546 τῶν
1664 519 1804 554 μεγίστων
1818 519 1885 547 λίαν.

1099 565 1165 598 Καὶ,
1183 565 1208 591 εί
1222 565 1354 596 κελεύεις,
1375 565 1438 600 λέγε
1453 567 1500 592 καὶ
1514 567 1657 593 ἀντάκουε.
1673 566 1744 592 Ἀλλ’
1761 567 1887 601 ἐάσωμεν

1098 610 1129 636 τὸ
1146 610 1204 641 νῦν,
1219 611 1233 637 ὃ
1249 611 1297 638 καὶ
1310 612 1416 645 γέγονε.
1435 609 1526 638 Τᾶλλα
1549 612 1599 647 μὲν
1616 611 1715 637 πολλοῦ
1729 611 1761 638 τὸ
1781 612 1872 646 λέγειν

1099 656 1146 683 ἐπὶ
1159 657 1188 683 δὲ
1203 657 1232 683 τὶ
1248 657 1412 692 τελεώτερον
1428 658 1442 683 ὁ
1453 657 1532 691 λόγος
1542 677 1550 690 ,
1574 657 1608 683 δι’
1621 657 1634 684 ὃ
1649 658 1696 685 καὶ
1707 657 1886 693 ἀπηρξάμην.

1101 703 1180 738 ’ῼετο
1191 704 1205 730 ὁ
1220 703 1306 735 δεινὸς
1318 704 1388 730 κατὰ
1405 704 1504 739 μικρὸν
1517 705 1590 739 ἡμᾶς
1602 704 1692 731 ἕλκειν
1701 712 1709 719 ·
1729 705 1781 731 οὐκ
1794 706 1827 731 ἐκ
1843 705 1887 731 τοῦ

1100 748 1238 784 συναίρειν
1255 749 1333 783 λόγον
1350 749 1414 784 περὶ
1439 750 1568 776 εἰκόνων·
1590 750 1647 776 ἀλλ’
1669 751 1701 776 ἐκ
1724 750 1773 777 τοῦ
1787 751 1887 784 ἁγαθο-

1098 794 1186 820 ποιεῖν
1202 794 1284 829 τυχόν
1294 801 1300 808 '
1314 793 1361 820 τοῦ
1380 803 1408 820 τε
1425 794 1519 828 φιλικὰ
1534 794 1637 829 ὁμιλεῖν
1654 795 1702 821 καὶ
1714 794 1888 821 ἀνατίθεσθαι

1098 839 1162 870 τοὺς
1175 838 1227 873 τῆς
1243 839 1373 874 ὲξαρχίας
1392 839 1488 872 λόγους
1512 842 1519 872 (
1533 839 1580 866 ἐπὶ
1603 839 1658 874 γὰρ
1673 839 1727 865 τῶν
1745 840 1829 866 πέντε
1842 839 1889 865 Θε-

259 885 344 912 rendo
360 884 556 916 (Thematibus
582 886 654 913 enim
683 885 806 920 quinque
824 884 966 919 praefectus
981 885 1047 920 est).

1105 885 1197 919 μάτων
1219 885 1364 918 τέθειται),
1383 886 1429 912 καὶ
1449 885 1504 921 μὴν
1527 885 1575 911 καὶ
1598 885 1632 912 τὰ
1653 885 1700 911 τοῦ
1724 885 1888 920 κρατοῦντος

259 931 325 966 quin
341 936 369 958 et
389 931 581 966 imperatorem
610 931 710 958 divinis
737 931 866 958 laudibus
882 930 1047 958 extollendo.

260 976 352 1008 Venit.
373 977 534 1011 hujusmodi
563 977 701 1011 colloquia
729 981 821 1003 movet
837 985 844 1003 :
859 981 897 1007 et,
923 976 994 1010 quod
1015 983 1050 1002 ne

259 1022 344 1050 semel
369 1023 479 1057 quidem
501 1023 603 1050 fecerat
621 1023 648 1049 in
673 1029 792 1053 carcere,
812 1027 906 1056 potum
924 1022 1048 1056 praebuit.

258 1069 362 1095 Anxius
375 1069 478 1103 accepi,
494 1069 567 1096 ebibi
579 1073 620 1096 ter
634 1068 792 1103 obsignans,
811 1067 910 1094 factum
924 1067 1047 1094 extimui.

259 1113 336 1141 Vah!
354 1114 438 1142 Paulo
459 1119 520 1150 post
543 1115 612 1142 clam
642 1115 763 1142 abducit.
788 1115 870 1150 lnjeci
894 1121 1048 1141 sermonem

258 1160 293 1188 de
305 1161 427 1188 veritate.
454 1160 622 1188 incitabatur
639 1166 665 1188 et
680 1161 735 1188 ille.
754 1159 904 1188 Sententiis
919 1159 989 1186 ultro
1013 1158 1051 1186 ci-

259 1210 358 1242 troque
377 1206 593 1241 depugnavimus
608 1215 616 1239 ;
635 1207 682 1234 illo
696 1206 805 1241 quidem
825 1206 904 1241 pleno
919 1213 967 1232 ore
984 1204 1050 1232 ridi-

259 1252 320 1278 cule
349 1251 498 1283 cfl‘utieute,
520 1259 564 1279 me
594 1259 658 1278 vero
690 1252 806 1279 remisse
832 1252 859 1278 in
883 1251 1048 1286 quibusdam

259 1298 424 1332 procedente
440 1307 447 1325 :
462 1305 495 1325 eo
506 1298 579 1332 quod
592 1298 625 1325 ad
638 1298 832 1333 imperatorem
849 1298 972 1325 tenderet
987 1304 1047 1324 ser-

260 1351 316 1377 mo,
336 1349 363 1371 et
393 1352 427 1371 ne
452 1353 514 1372 eum
529 1345 647 1372 tumultu
665 1345 884 1380 sejungeremur.
901 1344 1049 1378 Postquam

261 1398 328 1418 sane
343 1390 559 1425 propositionem
584 1399 672 1418 meam
694 1396 722 1418 et
742 1391 799 1425 ipse
813 1391 910 1423 obieci,
927 1397 980 1416 non
1001 1390 1049 1416 ha-

260 1437 321 1465 buit
335 1438 407 1472 quod
423 1439 607 1472 responderet.
633 1439 664 1465 Et
681 1438 736 1465 dixi
755 1447 761 1465 :
779 1438 908 1471 Quaenam
924 1443 966 1464 est
991 1437 1049 1464 haec

261 1483 450 1518 blasphemia?
462 1483 541 1511 Pater
550 1490 576 1511 et
590 1483 708 1518 Spiritus
725 1484 963 1512 communicarunt
974 1483 999 1510 in
1016 1483 1049 1510 iis

261 1535 322 1562 qua:
336 1527 464 1555 Christus
482 1529 639 1556 humanitus
657 1529 754 1564 gessit,
772 1529 888 1556 annon?
904 1530 936 1555 Et
948 1529 991 1556 ille
1002 1536 1050 1555 an-

1100 931 1263 964 ὲκθειάζειν.
1280 928 1379 964 Ἧκεν,
1407 931 1517 966 ἐκίνησε
1540 932 1590 963 τὰς
1613 930 1742 960 τοιαύτας
1762 932 1888 966 ὁμιλίας·

1099 977 1140 1003 ἔτι
1162 977 1177 1003 ὃ
1198 977 1253 1003 οὐδ’
1275 977 1349 1009 ἆπαξ
1371 977 1500 1012 ἐποίησεν
1520 977 1549 1003 ὲν
1565 979 1599 1013 τῇ
1623 977 1743 1012 φυλακῇ,
1768 977 1888 1004 ἐπέδωκε

1101 1024 1186 1049 πιεῖν.
1201 1023 1320 1050 Ἕλαὸον
1336 1024 1458 1058 δαχθείς¹
1478 1023 1555 1050 ἔπιον
1571 1024 1802 1058 κατασφραγίσας
1813 1023 1887 1058 τρίςε

1099 1069 1236 1104 ὲφοὸἠθην
1249 1070 1280 1096 τὸ
1292 1070 1395 1104 δρᾶμα.
1419 1070 1492 1096 Οὐάί
1508 1070 1588 1097 Κατὰ
1601 1069 1699 1105 βραχὺ,
1719 1069 1888 1104 ἀνεπαισθήο

1099 1123 1153 1146 τως
1166 1115 1305 1150 κατασπᾷ.
1320 1116 1428 1150 Συνῆρα
1439 1115 1518 1149 λόγον
1532 1115 1597 1150 περὶ
1609 1115 1747 1150 ἀληθείας.
1758 1115 1888 1150 Ὠτρύνθη

1099 1162 1237 1192 κάκεῖνος.
1248 1161 1493 1197 Ἀντετοξεύσαμεν
1504 1161 1634 1196 χρήσεσιν
1645 1161 1777 1197 ἀλλήλους
1789 1170 1796 1176 ·
1807 1162 1888 1188 αὑτοῦ

1101 1207 1150 1242 μὲν
1165 1208 1430 1243 ἁποστοματίἷοντος
1454 1208 1652 1243 χλευαστικῶς,
1669 1208 1760 1243 κάμοῦ
1775 1208 1890 1243 ὑφειμέ-

1100 1262 1153 1284 νως
1179 1254 1327 1288 ὲρῇιομένου
1345 1254 1374 1280 ἐν
1390 1261 1464 1280 τισι·
1489 1254 1533 1280 διὰ
1555 1253 1587 1280 τδ
1611 1252 1808 1280 ἀποτείνασθαι
1828 1253 1890 1284 τοὺς

1099 1299 1195 1333 λόγους
1211 1300 1279 1335 πρὸς
1293 1302 1339 1326 τὸν
1357 1300 1469 1335 βασιλέα
1480 1309 1487 1316 ·
1504 1300 1552 1327 καὶ
1572 1300 1603 1326 τὸ
1626 1300 1663 1335 μὴ
1680 1301 1786 1335 ταραχῇ
1807 1308 1891 1326 κατα-

1098 1345 1240 1380 διαστῆναι
1254 1345 1386 1380 ἀλλήλων.
1414 1346 1523 1381 Ἐπειδὴ
1539 1346 1587 1372 καὶ
1602 1346 1734 1380 πρότασίν
1752 1353 1804 1380 μου
1823 1353 1888 1380 προ-

1098 1391 1237 1422 τείναντος
1251 1391 1386 1426 ἠπόρησε.
1401 1392 1456 1418 Καὶ
1467 1388 1554 1417 εἷπον·
1567 1391 1733 1425 Βλασφημῐα
1744 1390 1788 1421 τίς
1802 1389 1888 1424 αὖτης

1104 1436 1133 1462 Ὀ
1150 1436 1244 1472 Πατὴρ
1260 1438 1308 1463 καὶ
1322 1437 1353 1463 τὸ
1371 1437 1483 1472 Πνεῦμα
1495 1437 1694 1472 κεκοινώνηκεν
1710 1438 1739 1463 ὲν
1754 1434 1797 1468 οἷς
1812 1437 1890 1472 ἑδρα-

1101 1490 1145 1508 σεν
1161 1482 1339 1518 ἀνθρωπίνως
1348 1484 1362 1509 ὁ
1370 1483 1498 1518 Χριστὸς,
1507 1484 1550 1510 ναὶ
1561 1483 1577 1518 ἢ
1593 1482 1623 1509 οὗ
1635 1484 1679 1516 ;’0
1689 1483 1718 1509 δὲ
1731 1483 1889 1514 κατένευσε,

1099 1528 1146 1555 καὶ
1157 1529 1336 1565 διισχυρίζετο
1346 1529 1433 1561 οὕτως
1447 1530 1528 1564 ἔχειν.
1544 1530 1594 1556 Διά
1603 1538 1644 1556 τοι
1655 1529 1742 1555 ταῦτα
1783 1529 1888 1563 ὕφεσις.

260 1574 330 1605 nuit.
350 1579 375 1601 et
388 1575 534 1602 afﬁrmavit
547 1576 583 1602 ita
601 1583 657 1602 rem
674 1576 784 1602 habere.
802 1575 915 1610 Propter
930 1576 987 1603 hzec
1001 1583 1046 1602 re—

1102 1574 1147 1601 καὶ
1160 1576 1176 1609 ἡ
1192 1574 1231 1606 ὡς
1249 1576 1278 1601 ἐν
1296 1575 1371 1612 μάχῃ
1393 1575 1542 1608 διάστασις.
1564 1576 1593 1602 '0
1606 1576 1632 1602 δὲ
1644 1575 1773 1608 ἐξελθὼν,
1792 1576 1888 1610 φησίν·

264 1620 350 1648 missa
376 1622 527 1655 contentio,
543 1627 571 1650 et
593 1623 671 1657 quasi
687 1630 702 1649 a
719 1630 807 1657 pugna
826 1623 978 1650 diScessum
995 1625 1047 1649 est.

260 1668 296 1694 At
321 1667 364 1694 ille
383 1668 524 1695 discedens
541 1677 547 1695 :
567 1669 604 1694 Ita
631 1669 771 1703 putabam,
795 1668 893 1703 inquit,
909 1668 983 1695 hunc
998 1675 1045 1702 pe-

261 1713 336 1740 nitus
363 1713 431 1740 nihil
459 1714 528 1740 Scire
543 1722 550 1740 :
566 1713 613 1740 sed
639 1718 666 1740 et
689 1714 823 1747 elinguem
849 1721 912 1740 eum
931 1713 1046 1740 reddidi.

262 1755 318 1790 Ego
332 1764 396 1782 vero
411 1764 504 1783 noram
518 1757 626 1790 quidem
646 1757 721 1783 illum
736 1758 841 1783 ratione
856 1762 1006 1789 carentem,
1020 1761 1048 1783 et

262 1809 344 1835 quam
367 1802 484 1828 maxime
509 1802 615 1828 fatuum
635 1810 697 1829 cum
717 1802 866 1836 impietate.
886 1801 976 1829 Unum
998 1810 1048 1829 an-

261 1852 315 1874 tem
332 1847 454 1881 quaesivi,
471 1852 499 1873 ut
514 1847 652 1874 fictionem
666 1848 841 1881 deponerem,
853 1853 878 1875 et
893 1848 973 1874 aliam
991 1855 1050 1882 per-

261 1900 356 1920 sonam
373 1901 491 1928 agerere,
507 1893 611 1927 qualem
627 1893 704 1920 decet
728 1893 859 1920 adversus
884 1893 980 1921 ducem
997 1894 1049 1920 im-

260 1939 370 1973 pietatis
385 1947 392 1965 :
409 1939 472 1973 quia
489 1939 565 1966 nefas
581 1943 623 1966 est
637 1944 700 1966 ante
724 1945 824 1973 percos
852 1942 959 1966 mittere
977 1947 1049 1966 mar—

261 1985 361 2019 garitas
378 1985 412 2010 ⁷⁸.
432 1984 499 2011 llinc
524 1992 619 2020 magna
646 1985 777 2012 custodiae
800 1993 878 2017 cura.
893 1989 919 2012 et
936 1985 1049 2012 interdi-

260 2035 334 2057 ctum
354 2038 388 2057 ne
410 2029 545 2057 ltorninem
564 2031 649 2057 ullum
665 2031 808 2058 videamus
824 2040 830 2057 :
848 2031 956 2058 tametsi
972 2031 1050 2058 aliter

260 2075 397 2110 dispenset
419 2075 499 2102 Deus.
528 2075 590 2103 llam
612 2076 675 2103 licet
696 2084 741 2110 per
771 2077 985 2111 digressionem,
1003 2084 1051 2104 ne-

1105 1619 1231 1646 Ἐδόκουν
1244 1620 1286 1646 ὅτι
1301 1620 1361 1655 ᾔδει
1376 1629 1404 1646 τι
1418 1620 1473 1647 οὐδ’
1487 1621 1555 1652 ὅλως
1565 1628 1572 1634 ·
1588 1620 1657 1647 ἀλλὰ
1671 1621 1718 1646 καὶ
1733 1619 1890 1654 ἁπεστομά-

1100 1674 1164 1692 τισα
1188 1665 1280 1693 αὐτόν.
1306 1666 1377 1700 Ἐγὼ
1401 1667 1430 1694 δὲ
1453 1667 1539 1701 ἔγνων
1566 1666 1616 1701 μὲν
1638 1667 1718 1693 αὐτὸν
1734 1666 1833 1700 ἄλογον
1853 1667 1890 1692 ὃτι

1103 1711 1220 1747 μάλιστα
1237 1713 1285 1738 σὺν
1302 1712 1480 1747 ἀσεὸείᾳ.Ἒν
1492 1712 1521 1739 δὲ
1538 1712 1669 1747 ἐζήτησα.
1685 1712 1734 1747 τὴν
1748 1712 1891 1745 ὐπὸκρισιν

1097 1757 1250 1784 ἀποθέσθαι
1264 1766 1309 1793 με,
1324 1759 1369 1784 καὶ
1385 1758 1449 1785 ἄλλο
1466 1759 1612 1794 πρόσωπον
1633 1758 1781 1789 ὲπιδεῐξαν
1797 1757 1836 1789 ὡς
1854 1757 1892 1783 δεῖ

1099 1803 1168 1838 πρὸς
1183 1803 1358 1839 ἀσεϐάρχηνο
1384 1804 1446 1830 ἐπεὶ
1469 1804 1500 1830 οὐ
1517 1804 1629 1839 θεμιτὸν
1650 1805 1689 1834 εἰς
1714 1803 1765 1834 ὕας
1785 1803 1891 1838 βάλλειν

1098 1849 1162 1880 τοὺς
1176 1849 1362 1884 μαργαρίτας.
1383 1849 1523 1876 Ἐντεῦθεν
1537 1850 1553 1884 ἡ
1576 1849 1662 1884 πολλὴ
1676 1849 1826 1883 ἀσφάλεια,
1847 1849 1892 1875 καὶ

1099 1894 1274 1929 παραγγελία
1291 1895 1337 1922 τοῦ
1355 1895 1392 1931 μὴ
1406 1896 1470 1922 ἰδεῖν
1483 1897 1556 1931 ἡμᾶς
1571 1896 1724 1932 ἄνθρωπον,
1741 1896 1794 1922 κᾶν
1807 1895 1892 1925 ἄλλως

1102 1942 1231 1978 οίκονομῇ
1257 1944 1334 1975 Θεὸς.
1359 1943 1454 1970 Ταῦτα
1478 1944 1503 1970 εί.
1530 1944 1577 1970 καὶ
1601 1942 1891 1978 παρεκὸατικώτερον.

1102 1986 1177 2021 ὅμως
1192 1988 1348 2022 ἀναγκαίως
1363 1988 1488 2024 εἷρηται²
1501 1988 1569 2023 πρὸς
1585 1988 1616 2014 τὸ
1633 1988 1743 2023 θερμῶς
1758 1987 1892 2014 αἱτεῐεϐαί

1103 2040 1134 2058 σε
1147 2033 1280 2068 ρυσθῆναι
1295 2034 1369 2068 ἡμᾶς
1387 2034 1440 2060 ἀπὸ
1456 2035 1506 2069 τῆς
1523 2034 1634 2069 ἐνέδρας
1646 2033 1694 2060 τοῦ
1711 2033 1842 2065 ἀσεϐοῦς.
1864 2033 1892 2057 '0

1104 2078 1218 2112 ἀδελφός
1233 2088 1280 2106 σου
1293 2083 1494 2114 προσαγορεύει
1507 2088 1548 2106 σε.

260 2121 381 2149 cessario
410 2127 500 2149 tamen
515 2122 586 2149 dicta
605 2127 680 2154 sunt,
702 2130 758 2158 quo
775 2124 856 2151 enixe
890 2123 1012 2158 postules
1038 2127 1068 2150 ut
1088 2123 1123 2151 ab
1140 2125 1216 2160 impii
1237 2126 1346 2153 insidiis
1377 2126 1536 2154 liberemur.
1552 2124 1648 2153 Frater
1662 2130 1725 2152 tuus
1743 2124 1793 2152 tibi
1821 2124 1894 2151 salu-

259 2175 314 2198 tem
330 2169 406 2196 dicit.

544 2224 594 2250 Pro
609 2223 706 2249 tihristo
716 2227 842 2250 certantes
853 2225 970 2257 praedicat
985 2226 1162 2257 conﬁrmatque
1173 2226 1302 2257 proposito
1318 2229 1454 2257 martyrum
1466 2225 1591 2257 exemplo.

295 2316 390 2345 LXIV.
406 2317 558 2345 Theodorus
575 2324 696 2353 peccator
715 2321 869 2353 monac/ms,
882 2322 1048 2356 spiritalibus

258 2361 322 2387 meis
333 2360 458 2388 Putribus
469 2370 500 2388 ac
508 2362 638 2396 fratribus
645 2363 690 2397 qui
699 2365 811 2398 confessi
819 2371 889 2397 sum,
899 2366 1050 2394 decertant-

258 2415 307 2441 τινε
332 2408 360 2434 in
387 2409 536 2436 carceribus
552 2416 562 2436 :
578 2417 688 2444 quorum
717 2411 823 2438 nomina
849 2414 957 2440 suntin
979 2414 1048 2441 libra

258 2459 330 2480 I'Uu'.

295 2519 345 2548 Ubi
367 2521 469 2556 accepi,
488 2529 504 2548 ο
517 2522 756 2556 desideratissimi,
778 2526 965 2554 testimonium
983 2528 1042 2555 exi-

257 2565 318 2592 mi;e
347 2571 443 2594 vestrae
468 2568 649 2596 confessionis
675 2577 724 2604 pro
753 2570 885 2604 Christo;
904 2572 931 2598 in
949 2572 1046 2601 laudes

257 2612 333 2646 erupi
352 2620 358 2638 :
379 2612 526 2648 glerificavi
549 2612 632 2641 Deum
660 2616 705 2650 qui
725 2624 772 2642 vos
787 2624 818 2642 ex
836 2617 978 2652 peregrina
1003 2626 1047 2645 re-

257 2657 338 2693 gione
355 2659 380 2685 in
401 2660 502 2694 regiam
530 2660 668 2687 civitatem
688 2663 806 2694 vocavit,
827 2668 957 2698 tamquam
981 2671 1046 2692 oves

255 2705 415 2738 rationales,
431 2705 464 2732 ad
481 2705 700 2740 profundendum
716 2708 876 2742 sanguinem
892 2709 918 2735 in
932 2711 1044 2738 odorem

256 2750 397 2778 suavitatis
418 2751 471 2787 ipsi
485 2761 491 2779 :
505 2756 632 2788 tanquam
651 2753 737 2780 lucem
751 2761 846 2780 eorum
864 2755 910 2789 qui
929 2756 954 2782 in
969 2761 1045 2784 tene-

255 2796 314 2825 bris
330 2797 462 2826 dimicant
477 2798 609 2828 haeretica:
620 2799 763 2835 caliginis!
780 2800 933 2830 Incredibili
947 2803 1045 2832 deinde

289 2875 313 2894 "
325 2875 420 2905 Matth.
441 2885 488 2915 tu,
505 2878 532 2906 6.

1101 2323 1153 2351 ΞΔ,
1173 2338 1209 2344 --
1237 2324 1387 2359 Θεόδωρος
1415 2326 1431 2350 ὁ
1454 2323 1629 2359 ἁμαρτωλὸς
1646 2324 1802 2358 μοναχὸς,
1833 2323 1892 2356 τοῖς

1135 2371 1347 2405 πνευματικοῖς
1357 2362 1419 2404 ’μου
1435 2371 1568 2405 Πατράσι
1585 2370 1635 2397 καὶ
1652 2370 1810 2404 ἀδελφοῖς,
1825 2373 1891 2404 (po-

1133 2417 1296 2451 λογήσασι.
1313 2418 1361 2444 καὶ
1377 2417 1562 2444 ὲναθλοῦσιν
1574 2417 1609 2444 ἐι·
1627 2417 1758 2452 εΙρκταῖς
1768 2425 1775 2432 ·
1799 2414 1845 2444 ὧν
1857 2417 1892 2444 τὰ

1134 2463 1265 2497 ὀνόματα
1276 2463 1312 2489 ἐν
1321 2463 1419 2496 βίϐλῳ
1433 2463 1518 2498 ζὶυῆς.
1533 2463 1627 2500 [olnt]

1138 2529 1289 2566 ’Λκηκοὼς,
1307 2527 1330 2556 ὢ
1343 2530 1515 2566 τριπόθητοι,
1529 2531 1559 2558 τὺ
1573 2532 1721 2567 μαρτύριον
1737 2531 1790 2567 τῆς
1807 2532 1891 2566 καλῆς

1095 2574 1174 2608 ὑμῶν
1190 2575 1337 2610 ὁμολογίας
1361 2577 1431 2612 ὑπὲρ
1455 2577 1576 2612 Χριστοῦ
1588 2597 1596 2609 ,
1621 2577 1733 2613 ὕμνησε.
1744 2586 1752 2593 ⁸
1777 2579 1891 2611 ἐδόξασα

1095 2620 1142 2647 τὸν
1156 2621 1222 2647 Θεὸν
1245 2623 1290 2648 τὸν
1306 2622 1460 2649 καλέσαντα
1472 2624 1545 2658 ὑμᾶς
1561 2625 1594 2650 ἐκ
1615 2625 1664 2658 τῆς
1686 2623 1844 2660 ἀλλοδαπῆς
1863 2626 1890 2651 ἐν

1095 2670 1128 2703 τῇ
1145 2667 1262 2702 βασιλίδι
1276 2669 1330 2694 τῶν
1344 2669 1461 2701 πόλεων,
1474 2670 1556 2696 οἱονεὶ
1568 2670 1654 2705 ἄρνας
1670 2668 1889 2705 λογικοὺς,αἷμι

1098 2714 1216 2740 κενῶσαι
1230 2715 1270 2744 εἰς
1281 2714 1369 2750 ὀσμὴν
1383 2715 1496 2746 εὐωδίας
1508 2715 1583 2750 αὐτῷ
1593 2724 1600 2730 ·
1612 2716 1670 2750 φῶς
1682 2715 1736 2742 τῶν
1750 2717 1780 2742 ὲν
1797 2718 1888 2743 σκότει

1097 2760 1148 2794 τῆς
1163 2760 1307 2795 αἱρετικῆς
1325 2761 1522 2795 νυκτομαχίας.
1543 2759 1610 2788 Εἶτα
1634 2761 1770 2797 ἐπιθυμίᾳ
1788 2763 1890 2789 ἐπεθὺ-

1099 2814 1174 2842 μησα
1190 2807 1203 2834 ὁ
1213 2806 1343 2838 ταπεινὲς
1363 2807 1425 2835 ἰδεῖν
1439 2808 1514 2844 ὑμᾶς
1527 2810 1590 2840 τοὺς
1605 2808 1736 2844 ἀθλητὰς,
1746 2810 1794 2836 καὶ
1811 2817 1888 2845 περι-
