1923 3078
70 150 212 183 magnotu
226 140 275 178 ἕνα
290 151 351 178 καθ’
376 152 435 186 ἕνα,
453 153 527 189 πόθῳ
548 154 673 190 διαπύρῳ
687 156 842 190 ἑλκόμενος.
861 159 883 187 Α

75 197 139 224 'm'
157 197 250 233 ἐπειδὴ
275 197 355 224 τοῦτο
380 200 545 234 σωματικῶς
567 200 713 227 ἀδύνατον·
735 201 779 228 διὰ
797 202 845 228 τοῦ

69 243 221 279 γράμματος
236 244 381 279 ἁρπαγεὶς,
395 246 442 271 καὶ
458 245 538 280 μέσος
552 246 648 278 ἑστὼς,
664 247 711 273 καὶ
727 247 846 280 ἀσπάζο-

70 297 114 323 μαι
127 289 157 315 τὰ
169 289 235 323 ἆγια
252 290 328 325 ὑμῶν
341 291 411 326 ἴχνη,
428 292 481 317 καὶ
498 291 569 326 φιλῶ
582 292 716 327 φλιήματι
729 293 798 328 ἁγίῳ
812 293 847 320 τὰ

70 335 125 371 ἱερὰ
143 335 217 370 ὑμῶν
233 335 423 371 πρόσωπα.Ῑο
436 338 514 364 καλοὶ
530 338 696 373 στρατιῶται
715 339 845 373 Χριστοῦ,

67 381 103 413 ὼς
120 382 163 409 ἀπ’
178 382 306 417 οὐρανίου
322 383 517 419 στρατολογίας
532 385 714 419 κεκλημένοι·
730 382 753 412 ὦ
767 386 847 412 ἀστέ-

69 436 112 463 ρες
124 428 224 463 φαεινοὶ
241 429 270 455 ἒν
286 430 364 455 νυκτὶ
385 430 512 462 ἀσεόείας
528 431 721 465 διαυγάζοντες
736 432 845 468 690060-

68 474 137 507 ξίανέ
159 475 229 510 ὑπὲρ
248 475 360 510 χρυσίον
382 476 614 512 τιμαλφέστεροι,
641 477 711 512 ὑπὲρ
738 478 846 513 σμάρα-

66 521 126 555 γδον
149 522 194 548 καὶ
218 523 359 558 μάργαρον
382 523 617 558 ἑκλαμπρότεροιῑ
638 524 748 555 Πολλοῖς
774 524 845 559 ὑμᾶς

66 565 171 600 ὀνόμασι
183 567 366 601 καταστέφειν
381 567 528 601 ἀξιολόγως
545 569 698 604 ἐφιέμενος,
716 569 746 595 οὐ
759 578 847 604 παρα-

66 611 200 646 χωροῦμαι
208 611 247 646 τῷ
263 612 354 648 μέτρῳ
365 615 413 648 τῆς
426 615 571 649 ἐπιστολῆς
580 616 747 652 στενοχωρού
753 626 844 652 μενος.

73 657 125 684 Ἑνὶ
145 658 173 684 δὲ
197 658 270 693 λόγῳ
293 658 324 684 τὸ
347 659 401 685 πᾶν
427 659 582 694 περιλαϐὼν
604 661 728 696 λέγοιμι·
750 662 790 688 ὅτι
815 662 846 688 τὸ

67 704 211 739 μαρτύριον
233 704 311 739 ὑμῶν
333 705 485 732 ἰσοστάσιον
507 707 563 737 τοῖς
586 707 642 734 ἀνω
667 708 843 743 μαρτυρίοις·

65 750 176 785 ἐπείπερ
199 751 344 785 τηλαυγῶς
367 752 483 787 Χριστδν
507 752 634 787 ὁμολογεῖ
655 755 668 780 ὁ
686 754 734 789 τὴν
753 755 846 781 εἰκόνα

65 797 181 832 Χριστοῦ
202 797 340 832 ὁμολογῶν
367 798 509 833 δέχεσθαι·
524 799 560 830 ὼς
575 799 665 826 καὶτὸ
689 801 738 835 τῆς
760 801 845 836 ἀρνή-

67 851 132 874 σεως
146 842 211 878 ἕχει.
235 843 268 869 Ἦ
288 844 339 879 γὰρ
353 846 402 879 τῆς
422 845 526 876 εἰκόνος
540 846 607 881 τιμὴ
627 846 674 872 ἐπὶ
693 847 723 872 τὸ
739 847 846 882 πρωτό-

63 896 144 914 τυπον
159 887 311 920 ἀναϐαίνει,
327 889 365 920 ὡς
384 890 397 916 ὁ
412 890 497 924 μέγας
513 891 652 922 Βασίλειος
665 891 716 926 ἔφη
727 900 733 906 ·
751 893 797 919 καὶ
816 893 846 919 τὺ

63 934 212 968 ἀρχέτυπον
227 934 255 959 ὲν
275 935 307 969 τῇ
326 934 411 961 εἰκόνι
430 936 600 970 ἐκφαίνεται,
629 937 666 969 ὠς
689 935 767 970 αὖθις
785 940 846 964 Διο-

63 979 151 1011 νύσιος
168 980 182 1005 ὁ
200 979 338 1014 πάνσοιρος
363 978 434 1008 εἷπε.
452 982 507 1008 Καὶ
522 983 584 1008 ἐπεὶ
607 983 724 1018 Χριστὸς
741 983 847 1020 ἄνθρω-

63 1034 112 1056 ⁶ιςος
127 1025 248 1059 τέλειος,
277 1027 362 1062 μηδὲν
385 1027 552 1060 ἐκλελοιπὼς
574 1029 629 1056 τῶν
643 1030 671 1056 ὲν
694 1031 847 1066 ἀνθρώποις

64 1071 270 1106 θεωρουμένων·
281 1072 338 1107 ἔχει
354 1072 383 1099 τὸ
398 1072 611 1106 ἑξεικονίζεσθαι
623 1075 660 1106 ὡς
671 1077 724 1107 πᾶς
740 1076 847 1112 ἄνθρω-

64 1126 128 1149 πος·
152 1117 246 1152 ὥσπερ
263 1117 320 1153 ἔχει
341 1118 370 1144 τὸ
397 1118 433 1154 μὴ
452 1120 694 1155 περιγράφεσθαι,
714 1121 782 1148 καθὸ
801 1122 848 1148 καὶ

63 1162 126 1194 Θεὸς
140 1163 153 1189 ὁ
169 1163 249 1194 αὐτὸς
266 1163 379 1195 τέλειος.
397 1164 427 1190 Εἰ
451 1164 473 1190 δ’
493 1166 543 1191 οὐκ
566 1166 733 1201 ἐγγράφοιτο
753 1175 848 1202 σωμα-

64 1209 128 1243 τικῷ
148 1209 322 1244 χαρακτῆρι.
341 1209 453 1236 οὐτίπου
478 1211 630 1246 ἄνθρωπος.
659 1213 775 1248 Σημεῐον
794 1213 849 1249 γὰρ

63 1255 170 1291 πρῶτον
185 1256 232 1282 καὶ
248 1256 348 1291 ἀληθὲς
373 1257 413 1283 ὅτι
429 1257 573 1293 ἄνθρωπος
584 1279 592 1291 ,
609 1259 632 1285 εί
658 1258 846 1292 ὲξεικόνισται.

61 1302 116 1329 Καὶ
128 1301 204 1328 οὔπω
217 1302 282 1337 περὶ
298 1303 348 1337 τῆς
364 1302 508 1339 δεσποίνης
527 1305 574 1331 τοῦ
591 1306 690 1337 παντὸς
704 1306 849 1340 Θεοτόχου,

62 1349 107 1374 καὶ
119 1347 188 1374 ὅλων
206 1347 355 1384 συλλήεδην
372 1348 425 1375 τῶν
444 1350 530 1384 ἁγίων
540 1358 547 1364 ·
563 1347 601 1377 ὧν
615 1351 746 1387 ἀθέτησις
759 1353 776 1388 ἡ
796 1352 850 1380 τῶν

62 1394 169 1420 σεπτῶν
186 1393 276 1420 αὐτῶν
293 1395 406 1421 εἰκόνων
430 1396 580 1430 ἀναίρεσις.
610 1397 682 1424 Ἀλλ’
707 1399 721 1424 ὁ
750 1397 850 1424 συνιὼν

62 1440 166 1466 συνιεϊ·
186 1439 233 1465 καὶ
250 1440 263 1465 ὁ
277 1440 382 1467 ἀθετῶν
406 1441 498 1468 ἀθετεῖ
512 1442 643 1479 ὀλεθρίως
654 1451 662 1460 '
678 1445 734 1476 τοῖς
751 1444 851 1478 λογίοις
865 1460 886 1489 c

61 1487 323 1522 ἀντιφθεγγόμενος.
340 1488 395 1515 Καὶ
411 1490 428 1524 ἡ
445 1489 554 1520 ἐξουσία
566 1490 617 1525 δρᾷ
627 1491 670 1517 ἀεὶ
681 1491 850 1524 ὲξουσιαστι-

61 1534 134 1565 κῶς·
154 1534 201 1560 καὶ
223 1534 248 1560 οἱ
275 1533 323 1561 τοῦ
347 1535 414 1562 Θεοῦ
435 1535 532 1569 ὀλίγοι,
552 1537 577 1562 ei
600 1537 646 1563 καὶ
667 1537 767 1568 πάντες
783 1537 852 1563 πλά-

61 1587 171 1614 σματαο
189 1580 237 1606 καὶ
249 1580 328 1612 τέλος
344 1582 377 1616 τῇ
394 1581 533 1617 θεοκλήτῳ
547 1582 634 1617 πέτρᾳ
646 1583 749 1608 ἄνωθεν
762 1583 808 1609 καὶ
822 1582 852 1615 ἐξ

59 1625 147 1660 ἀρχῆς
174 1624 258 1652 πύλαι
282 1625 346 1661 ᾆδον
369 1627 609 1662 σιτροεῑρήγνυντοιι.⁸
641 1627 698 1655 ἀλλ’
727 1628 852 1664 οὐδαμῶς

61 1671 244 1705 κατίσχυσαν.
261 1671 314 1697 οὐδ’
330 1671 363 1698 ἂν
380 1673 584 1707 κατισχύσωσιν
603 1674 687 1709 αὐτῆς
698 1682 704 1688 ·
720 1674 757 1705 ὠς
772 1675 789 1710 ή
804 1674 852 1701 τοῦ

60 1716 196 1751 ἀψευδοῦς
213 1717 371 1753 ὑπόσχεσις.
386 1719 442 1751 Διὸ,
457 1719 579 1754 Πατέρες
595 1728 646 1755 μου
664 1720 711 1747 καὶ
732 1721 853 1756 ἀδελφοὶ,

60 1763 190 1797 στήκετε
206 1764 241 1790 ἐν
257 1764 294 1799 τῇ
319 1765 436 1797 πίστει,
454 1765 638 1800 ἀνδρίζεσθε,
659 1767 854 1801 κραταιοῦσθε

59 1809 94 1835 ἐν
118 1810 230 1844 Κυρίῳ.
251 1810 284 1839 Οἱ
307 1811 383 1847 χοροὶ
404 1811 458 1838 τῶν
477 1812 623 1847 μαρτύρων
650 1813 717 1848 πρὸς
741 1814 855 1845 ἑαυτοὺς

60 1854 134 1890 apag
148 1855 330 1889 ὲγκαλοῦνται
340 1864 346 1871 ·
356 1856 411 1883 τῶν
426 1857 600 1892 ὁμολογητῶν
614 1857 855 1889 ὡσαύτως.ἰ“αὗτα

59 1900 97 1933 ὡς
111 1901 142 1929 ἓν
158 1901 273 1937 ὀλίγοις.
302 1903 486 1935 Συνάπτοντες
503 1904 566 1936 ὑμῖν
582 1904 697 1936 ἑαυτοὺς
719 1905 743 1930 οἱ
766 1905 856 1939 ἐλάχι-

61 1954 132 1980 στοι,
156 1948 204 1974 καὶ
219 1948 345 1980 ἀπόντες,
361 1948 398 1983 τῷ
419 1948 574 1983 πνεύματι·
592 1949 629 1981 ὡς
644 1949 676 1976 ἂν
688 1949 796 1984 γνοίητε
815 1950 856 1976 ὄτι

62 1995 139 2030 ἔχετε
159 1994 240 2030 μέλος
261 1995 374 2030 ἔσχατον
389 1993 441 2022 ὧδέ
455 2004 507 2022 που
524 1996 742 2031 περιωρισμένον
757 1996 803 2022 ἐπὶ
823 1997 855 2031 τῇ

63 2042 133 2077 αὐτῇ
148 2041 297 2077 ὁμολογίᾳ.-
324 2042 372 2068 ml.
396 2042 489 2068 αίτοῦν
515 2042 587 2076 ὑμᾶς
604 2041 805 2076 συλλαμϐάνειν
826 2042 855 2066 ἐν

61 2089 122 2119 ταῖς
139 2088 233 2121 ἁγίαις
250 2089 431 2124 προσευχαῖς,
452 2088 567 2115 κατόπιν
591 2088 660 2114 ἰέναι
683 2087 737 2114 τῶν
756 2087 855 2122 τιμίων

62 2135 77 2161 ὑ
81 2135 143 2169 μῶν
165 2134 257 2170 ἰχνῶν.

661 101 931 132 EPISTOLARUM
951 101 1025 132 LIB.
1044 101 1084 132 ΙΙ.

1616 101 1685 133 1286

898 156 1047 191 cupiditate
1057 154 1150 182 exarsi
1162 161 1212 190 ego
1227 154 1351 186 humilis,
1366 162 1413 182 vos
1428 154 1686 190 athletasintuendi,

897 209 928 229 ac
955 200 1129 236 amplexandi
1161 208 1399 235 unumquemque,
1424 201 1536 229 incenso
1564 203 1686 229 omnium

897 255 990 275 amore
1006 252 1170 281 pertractus.
1189 246 1241 273 Sed
1266 247 1394 281 quoniam
1413 247 1470 273 ﬁeri
1489 255 1542 274 non
1558 252 1647 282 potest
1658 253 1688 275 ut

897 299 989 319 coram
1006 292 1092 319 adsim
1128 300 1244 326 corpore
1262 301 1268 325 ;
1287 300 1335 326 per
1365 293 1469 320 litteras
1497 294 1637 329 abreptus.
1655 303 1688 322 ae

897 336 979 363 veluti
1002 341 1079 364 stans
1109 337 1136 363 in
1165 337 1265 369 medio,
1282 342 1309 364 et
1336 338 1508 364 sanctissima
1537 340 1687 373 amplector

896 382 1010 417 vestigia
1033 387 1134 414 vestra,
1150 387 1176 409 et
1191 390 1237 410 ora
1251 390 1328 410 sacra
1347 384 1442 410 osculo
1458 389 1554 411 sancto
1570 393 1688 413 exoscu-

897 427 949 454 lor.
966 427 988 453 0
1005 428 1110 454 strenui
1127 429 1227 455 milites
1244 428 1357 460 Christi,
1372 429 1448 463 quasi
1464 430 1567 457 cmlcsti
1581 431 1687 458 delectu

896 474 1060 508 conscriptil
1079 482 1096 500 ο
1114 475 1204 501 sidera
1222 474 1311 502 lucida
1337 483 1385 510 per
1412 475 1558 510 impietatis
1578 482 1687 504 noctem

896 523 978 546 recta:
995 519 1057 546 fidei
1074 520 1217 554 splendore
1234 519 1363 555 fulgentia
1379 521 1384 547 !
1407 521 1480 547 omni
1504 529 1571 548 auro
1586 523 1689 556 pretio.

897 566 984 592 siora!
1002 567 1146 602 smaragdo
1161 571 1187 593 et
1206 567 1306 593 unione
1334 567 1514 594 micantiora!
1533 568 1600 594 Cum
1618 568 1688 596 Inui-

898 610 933 638 tis
950 619 998 638 vos
1015 619 1148 639 exornare
1161 612 1327 644 nominibus,
1345 618 1374 639 ut
1390 621 1440 647 par
1451 617 1502 644 est,
1514 613 1686 648 desiderem;

897 664 951 683 non
966 656 1059 683 sinunt
1078 657 1202 691 epistola:
1232 657 1314 685 unius
1339 658 1473 694 angustia:
1488 659 1688 692 quibusineiu-

897 701 957 729 dor.
987 701 1047 729 Uno
1065 708 1155 730 autem
1173 704 1254 730 verbo
1284 704 1410 731 universa
1426 705 1586 739 complexus
1609 705 1684 732 dixe-

897 748 960 781 rim,
976 749 1148 783 superiorum
1164 754 1318 784 temporum
1336 751 1473 786 martyriis
1490 755 1610 778 vestrum
1628 760 1690 779 esse

899 803 948 830 par
974 800 1002 822 et
1028 797 1132 830 aequale
1157 797 1316 832 martyrium
1333 799 1574 832 :quandoquidem
1603 799 1690 826 mani-

900 841 968 868 feste
981 841 1122 869 Christum
1149 843 1303 876 conﬁtetur,
1318 845 1363 879 qui
1379 852 1408 871 se
1424 844 1526 872 Christi
1542 845 1689 880 imaginem

900 889 1045 915 comitetur
1061 889 1206 917 admittere
1223 899 1229 916 :
1249 891 1376 925 idemque
1389 891 1422 918 de
1440 891 1586 925 negatione
1602 891 1686 919 vicis-

900 934 951 960 sim
966 935 1149 962 scntiendum.
1174 935 1302 971 Imaginis
1318 938 1391 963 enirn
1412 937 1500 964 honos
1515 938 1548 964 ad
1571 942 1691 972 prototy-

901 987 965 1015 pum
982 981 1091 1012 transit.
1108 987 1137 1008 ut
1153 989 1267 1016 magnus
1282 982 1351 1008 dixit
1376 982 1496 1009 Basilius
1513 990 1519 1008 :
1539 988 1565 1009 ct
1580 983 1606 1009 in
1622 983 1692 1009 ima-

900 1026 963 1059 gine
979 1026 1155 1061 archetypum
1174 1027 1305 1060 cernitur,
1323 1032 1352 1054 ut
1366 1035 1476 1054 rursum
1492 1027 1528 1054 ait
1544 1027 1691 1062 sapientis-

901 1071 988 1098 simus
1003 1072 1158 1108 Dionysius.
1175 1072 1208 1100 Et
1221 1073 1351 1108 quoniam
1371 1074 1498 1100 Christus
1522 1073 1605 1101 homo
1629 1082 1692 1109 per-

902 1116 991 1144 fectus
1006 1121 1058 1150 est,
1071 1119 1113 1145 cui
1125 1118 1295 1146 nihilcorum
1313 1120 1400 1146 defuit
1413 1127 1473 1154 quae
1489 1119 1515 1146 in
1533 1119 1691 1147 hominibus

902 1162 1042 1190 intuemur
1058 1171 1064 1190 :
1080 1169 1177 1192 natura
1202 1165 1295 1197 habet,
1323 1165 1436 1199 perinde
1451 1173 1483 1192 ac
1496 1166 1586 1200 quivis
1602 1165 1692 1192 homi-

902 1217 978 1242 num,
992 1213 1022 1235 ιιι
1036 1209 1165 1236 delineari
1183 1211 1268 1245 possit
1288 1219 1295 1238 :
1315 1211 1545 1245 quemadmodum
1568 1211 1650 1238 habet
1664 1214 1693 1238 ut

902 1255 1090 1283 circumscribi
1111 1263 1164 1282 non
1190 1256 1286 1291 possit,
1311 1262 1446 1291 quatenus
1471 1257 1542 1283 idem
1568 1261 1595 1283 et
1618 1256 1691 1285 Deus

903 1301 1040 1337 perfectus
1054 1307 1106 1329 est.
1133 1302 1210 1335 Quod
1234 1303 1256 1330 si
1277 1311 1410 1338 corporea
1435 1303 1615 1331 similitudine
1642 1303 1692 1330 de-

903 1348 977 1384 pingi
993 1355 1048 1375 non
1064 1354 1162 1384 potest,
1180 1350 1275 1384 utique
1300 1358 1349 1377 nec
1374 1350 1456 1377 homo
1468 1356 1520 1377 est.
1539 1351 1692 1384 Argumen-

904 1399 961 1423 tum
988 1397 1060 1423 enim
1090 1395 1208 1429 primum
1224 1398 1265 1422 est
1282 1402 1314 1422 ac
1331 1402 1436 1426 verum,
1454 1396 1526 1429 quod
1547 1396 1629 1422 homo
1646 1397 1692 1428 sit,

904 1443 926 1470 si
942 1447 984 1470 est
997 1441 1132 1477 ejusmodi
1150 1445 1179 1468 ut
1200 1441 1260 1475 ejus
1276 1441 1366 1476 imago
1395 1441 1547 1476 eiiingatur.
1569 1442 1692 1470 Necdum

903 1488 1000 1523 loquor
1016 1489 1050 1516 de
1063 1487 1156 1522 regina
1170 1487 1290 1514 universi
1309 1487 1420 1521 Deipara
1438 1496 1444 1514 :
1459 1493 1505 1514 aut
1519 1488 1552 1515 de
1564 1489 1693 1517 omnibus

902 1538 1006 1565 sanctis
1023 1537 1172 1572 generatim
1187 1544 1323 1570 :quorum
1340 1540 1513 1570 contemptus
1539 1541 1590 1568 est,
1613 1544 1694 1564 vene-

903 1583 1052 1610 randarum
1080 1581 1202 1616 ipsorum
1221 1581 1368 1615 imaginum
1385 1581 1500 1608 eversio.
1521 1581 1573 1608 Sed
1588 1582 1633 1616 qui
1651 1582 1694 1608 in-

903 1628 1032 1662 telligens
1056 1631 1107 1659 est,
1123 1627 1250 1661 intelligit
1266 1634 1273 1653 :
1290 1632 1317 1653 et
1328 1627 1375 1661 qui
1393 1632 1499 1661 spretor
1521 1631 1572 1660 est,
1596 1628 1696 1654 damno

903 1683 954 1702 suo
969 1674 1082 1708 spernit,
1095 1673 1182 1701 sacris
1199 1673 1306 1707 paginis
1320 1673 1520 1700 contradicens.
1534 1673 1566 1700 Et
1579 1674 1698 1701 abutun—

904 1727 948 1748 tur
965 1721 1073 1756 quidem
1093 1720 1207 1755 imperio
1224 1725 1374 1754 potestates
1389 1729 1396 1747 :
1412 1725 1438 1747 et
1455 1721 1500 1753 qui
1513 1729 1562 1754 pro
1578 1720 1631 1748 Deo
1647 1720 1690 1748 di-

904 1769 1007 1795 micant
1019 1767 1096 1802 pauci
1107 1772 1187 1799 sunt;
1205 1774 1362 1801 quanquam
1377 1774 1473 1793 omnes
1484 1767 1517 1793 ab
1530 1775 1561 1794 eo
1573 1767 1674 1794 conditi
1688 1775 1696 1800 ;

905 1814 1022 1849 denique
1041 1814 1073 1840 ad
1091 1819 1204 1847 petram,
1225 1812 1265 1840 sic
1290 1813 1362 1839 enim
1388 1812 1459 1839 Deus
1481 1813 1607 1847 appellat,
1624 1813 1697 1846 jam-

906 1861 1011 1895 pridem
1030 1864 1111 1894 atqtte
1129 1867 1144 1886 a
1169 1859 1304 1894 principio
1332 1862 1415 1893 portae
1430 1858 1511 1885 inferi
1524 1859 1674 1885 alliduntur
1689 1868 1697 1886 :

907 1907 952 1933 sed
987 1913 1160 1940 nequaquam
1199 1905 1398 1940 praevaluere:
1429 1912 1479 1931 nec
1512 1905 1700 1939 pne-valebunt

907 1952 1037 1979 adversus
1062 1959 1122 1978 eam
1134 1950 1168 1980 7‘.
1182 1955 1212 1977 ut
1226 1950 1363 1984 pollicitus
1386 1954 1427 1977 est
1446 1950 1469 1977 is
1485 1950 1531 1984 qui
1547 1958 1628 1977 verax
1644 1955 1695 1977 est.

907 1996 1105 2028 Quamobrem,
1121 1994 1216 2022 Patres
1232 1995 1283 2021 mei
1310 1995 1464 2029 fratresque
1482 2004 1488 2022 :
1507 1994 1581 2021 State
1595 1995 1622 2021 in
1636 1995 1700 2029 ﬁde,

908 2042 1018 2070 viriliter
1032 2042 1112 2076 agite,
1127 2041 1319 2075 confortamini
1335 2041 1362 2067 in
1377 2040 1488 2067 Domino
1509 2042 1541 2068 ⁷⁵.
1560 2040 1611 2068 Vos
1624 2043 1655 2068 ad
1669 2049 1699 2069 se

910 2088 987 2115 chori
1003 2093 1154 2123 martyrqu
1170 2087 1286 2113 invitant
1298 2094 1375 2121 tuque
1391 2095 1421 2113 ac
1434 2087 1634 2114 confessorum.
1647 2087 1699 2114 Sed

874 2131 894 2157 D
910 2134 1079 2169 ista-paucis
1094 2142 1101 2159 :
1117 2141 1232 2167 nosque,
1256 2133 1303 2167 qui
1328 2132 1434 2159 minimi
1456 2141 1562 2166 sumus,
1578 2137 1604 2160 et
1624 2133 1700 2160 luen-

61 2190 124 2209 rum
153 2181 244 2217 spatio
270 2180 462 2216 disiungimur,
486 2180 582 2214 spiritu
608 2180 687 2207 vobis
715 2179 909 2207 eonsociamus
941 2189 947 2207 :

981 2185 1012 2207 ut
1031 2179 1188 2214 intelligatis
1221 2179 1319 2206 habere
1335 2187 1383 2206 vos
1418 2180 1570 2206 membrum
1604 2181 1702 2208 vilissi-

62 2236 153 2259 mum.
170 2227 243 2263 quod
257 2227 356 2254 alicubi
374 2235 423 2262 pro
438 2227 532 2254 eadem
548 2225 855 2254 eonfessioueexsulat:
877 2234 910 2253 ac
924 2226 1014 2261 poscit
1046 2230 1075 2253 ut
1109 2225 1177 2252 illud
1200 2231 1310 2260 quoque
1334 2224 1436 2252 sanctis
1464 2225 1590 2260 precibus
1605 2226 1701 2253 vestris

62 2274 200 2306 exoretis,
218 2277 248 2300 ut
274 2273 316 2301 fas
328 2273 364 2300 sit
377 2273 530 2300 veneranda
545 2273 659 2308 vestigia
683 2276 775 2299 vestra
793 2272 933 2308 subsequi.

191 2333 252 2360 ΞΕ’.
269 2349 304 2354 —
321 2333 496 2367 Ναυκρατίῳ
512 2332 618 2364 τέκνῳ.
641 2332 700 2368 [υλθ
711 2333 734 2368 .]

1119 2330 1200 2358 LXV.
1213 2345 1249 2352 ——
1261 2329 1410 2357 Naucratia
1422 2330 1490 2365 ﬁlio.

59 2393 223 2426 Dogmatica,
235 2395 261 2416 et
271 2393 340 2426 valde
353 2393 502 2426 necessaria,
511 2392 543 2426 de
556 2397 623 2416 sacra
634 2391 722 2426 Christi
733 2389 840 2426 imagine
852 2398 858 2415 :
872 2397 1001 2426 exponens
1011 2390 1135 2426 quomodo
1148 2388 1256 2426 intelligi
1269 2391 1393 2423 ‘oporteat
1408 2388 1482 2426 quod
1514 2387 1700 2426 imagoﬁhristi

112 2425 224 2455 perinde
245 2430 274 2448 ac
299 2425 354 2454 ipse
373 2423 483 2449 Christus
504 2423 622 2447 adoretur
635 2430 641 2446 :
654 2423 769 2447 nimirum
784 2421 887 2447 ratione
897 2421 1070 2447 similitudinis
1088 2421 1140 2445 sive
1159 2421 1299 2450 relationis,
1312 2427 1360 2444 non
1374 2422 1457 2443 autem
1470 2421 1640 2444 conﬁrmativa
1659 2423 1702 2444 aut

111 2453 275 2479 naturaliter.

106 2506 226 2541 Ἐπειδὴ
239 2506 339 2540 ἔμαθον
351 2505 427 2541 παρὰ
438 2505 484 2532 τοῦ
497 2505 749 2542 γραμματηφόροι),
759 2502 782 2532 ὧ
800 2506 866 2532 καλὲ

62 2552 183 2587 ἀδελφὲ,
198 2553 240 2579 ὅτι
250 2552 336 2587 ἔριδες
347 2553 375 2578 ἐν
388 2553 452 2587 ὑμῖν
467 2552 624 2586 ἀνεφύησαν
639 2551 723 2586 (λέγω
735 2552 763 2578 δὲ
775 2551 866 2584 τοῦτο,

62 2601 109 2627 ὅτι
127 2601 142 2627 ὁ
160 2599 212 2634 μὲν
227 2599 314 2633 λέγει’
336 2599 407 2632 Ἐγὼ
425 2599 475 2634 τὴν
489 2599 581 2626 εἰκόνα
596 2599 715 2633 Χριστοῦ
730 2598 767 2629 ὡς
786 2597 868 2625 αὐτὸν

63 2646 113 2673 τὸν
141 2646 264 2681 Χριστὸν
294 2645 457 2680 προσκυνῶ·
485 2646 499 2671 ὁ
523 2645 551 2671 δὲ
577 2645 780 2680 ἀπαναίνεται),
806 2644 869 2671 οὔτε

65 2691 191 2722 ἀλύπως
216 2690 362 2724 ἐδεξάμην·
390 2689 469 2720 εἰδὼς
487 2690 527 2715 ὅτι
554 2689 582 2715 αἱ
609 2688 763 2723 ὲρεσχελίαι
787 2686 866 2714 αὗται

64 2736 151 2773 παρὰ
166 2735 216 2762 τοῦ
230 2735 353 2762 διαϐόλου
371 2735 616 2772 ὑποσπειρὸμεναι,
631 2735 739 2771 τέμνειν
754 2735 866 2763 εἰώθασι

109 2824 136 2842 ⁷⁸
148 2823 247 2852 Ὰιιιι.
266 2825 392 2860 ιγι1,18.
431 2825 453 2842 ⁷⁵
467 2824 475 2852 i
491 2823 555 2853 Cor.
575 2833 629 2859 χιιι,
651 2824 692 2852 15.

950 2505 1098 2540 Postquam
1123 2512 1138 2532 a
1169 2504 1310 2532 tabellario
1336 2503 1429 2536 didici,
1463 2502 1547 2529 frater
1574 2503 1701 2537 egregie,

915 2556 1025 2578 exortas
1040 2551 1110 2578 inter
1123 2558 1170 2577 vos
1185 2558 1244 2577 esse
1256 2549 1444 2576 contentiones
1460 2547 1522 2582 (hoc
1534 2552 1623 2573 autem
1640 2548 1702 2573 dico

917 2597 991 2632 quod
1021 2604 1118 2631 nempe
1145 2596 1215 2623 alius
1240 2596 1312 2622 dicat
1328 2604 1334 2622 :
1349 2595 1406 2628 Ego
1431 2594 1576 2628 imaginem
1600 2592 1703 2619 Christi

917 2644 988 2671 sicut
1012 2643 1100 2677 ipsum
1125 2642 1264 2669 Christum
1289 2641 1384 2673 adoro,
1408 2640 1478 2667 alius
1496 2640 1587 2666 dicere
1611 2639 1702 2665 detre-

922 2691 987 2723 ctet)
1001 2696 1074 2720 ;non
1089 2688 1149 2714 sine
1166 2695 1283 2714 maerore
1298 2687 1324 2713 id
1341 2687 1445 2720 accepi.
1460 2686 1550 2713 sciens
1565 2687 1637 2711 νίκης
1650 2684 1703 2709 hu-

918 2734 1050 2770 iusmodi,
1071 2741 1132 2769 quae
1150 2741 1165 2760 a
1179 2732 1289 2761 diabolo
1306 2732 1485 2766 suscitantur,
1506 2731 1600 2759 solitas
1616 2730 1703 2765 ipsum
