1923 3078
237 146 304 178 1287

824 144 854 175 S.
871 143 1067 174 THEODORI
1088 143 1261 175 STUDIT/E

1783 144 1852 176 19.88

235 209 346 238 quoque
365 209 459 229 sanam
477 204 581 235 partem
605 198 822 226 orthodoxorum
842 197 1016 225 discindere:

1070 199 1117 225 καὶ
1134 199 1199 225 αὐτὸ
1209 198 1241 225 τὸ
1250 198 1372 233 ὑγιαῖνον
1383 197 1464 233 μέρος
1476 197 1526 233 τῆς
1535 197 1699 233 ὀρθοδοξίας⁴
1711 198 1781 234 ὅπερ
1793 199 1852 226 ἐστὶ

235 256 296 285 quae
311 256 355 276 res
370 248 490 275 laetitiam
511 247 588 274 aﬂ'ert
601 245 778 277 adversariis,
795 252 828 271 ex
849 243 1016 271 inllrmitati-

235 295 288 322 bus
306 294 407 320 nostris
422 301 499 320 suam
517 293 637 327 ipsorum
661 291 828 326 impietatem
842 289 932 316 valere
948 297 1016 316 con-

235 341 416 368 firmantibus.
435 340 490 366 Nec
502 347 566 366 vero
589 338 735 366 convenire
746 337 866 371 iudicavi
881 341 911 363 ut
934 337 1017 363 silen-

235 388 274 414 tio
290 393 441 421 premerem
454 385 527 419 quod
544 385 696 415 audieram,
713 383 758 410 sed
772 387 801 410 ut
814 382 922 418 aliquod
935 382 1017 409 etiam

236 434 294 467 ipse
318 431 467 459 curationis
495 430 644 457 remedium
667 429 722 456 Deo
745 433 881 455 annuente
904 427 1018 454 adhibe-

234 487 302 506 rent.
317 478 474 513 Argumenti
488 484 552 512 ergo
566 484 671 503 summa
689 475 750 502 talis
765 480 817 502 est.
833 473 968 502 Particula
980 473 1017 505 ὡς

235 524 262 551 ἰιι
285 524 376 551 divina
401 523 544 557 Scriptura
571 523 706 549 interdum
732 522 850 548 sumitur
862 521 894 548 ad
910 521 1017 556 signiﬁ-

235 569 350 595 candam
374 567 579 595 similitudinem
605 574 612 593 :
636 565 771 592 interdum
798 564 1016 591 allirmationent.

234 614 327 641 Priore
342 613 423 640 modo
440 622 446 640 :
466 612 564 639 Factus
580 620 638 638 sum
658 612 725 638 sicut
743 610 801 645 (ὡς)
817 618 907 645 passer
922 609 1017 636 solita-

235 661 290 686 rius
312 660 338 686 in
367 659 478 686 tecto".
495 658 552 685 Et:
576 657 630 692 Ego
657 658 725 684 sicut
749 656 808 691 (ὡς)
835 657 904 683 oliva
925 655 1019 690 fructi-

235 706 292 739 [ενα
303 705 335 731 "'.
352 704 504 731 Posteriore
516 712 522 729 :
534 702 620 735 Quum
634 702 692 735 (ὡς)
709 701 790 728 bonus
802 700 886 728 Israel
899 700 969 727 Deus
977 699 1015 727 7'!

235 751 267 779 Et
284 761 290 778 :
307 751 392 783 Quam
405 750 463 784 (ὡς)
478 750 574 776 dilecta
590 748 759 776 tabernacula
775 753 831 779 tua,
847 747 956 774 Domine
966 747 1018 774 vir-

236 802 320 823 tutum
333 797 370 822 τοι
394 795 452 822 Non
469 797 540 822 enim
558 795 706 822 secundum
733 792 952 824 similitudinem,
970 791 1017 819 sed

236 844 269 871 ad
294 843 500 870 allirmationem
518 842 562 868 hic
581 849 671 868 sermo
686 845 739 868 est.
758 839 889 872 Quocirca
914 839 937 865 si
955 839 1017 873 quis

235 889 281 916 illo
299 888 378 915 modo
393 887 465 915 dicat
482 895 511 914 se
524 887 636 913 adorare
661 885 807 920 imaginem
823 884 923 911 Christi
945 884 1017 911 sicut
1033 877 1052 903 Β

237 934 324 968 ipsuut
341 932 492 963 Christum,
509 937 581 959 recte
607 932 710 959 sentit:
726 931 769 957 sin
790 936 880 957 autem
899 929 1017 957 aﬂlrma-

237 979 300 1010 tive,
319 985 502 1012 nequaquam.
528 975 621 1011 Neque
643 976 715 1003 enim
739 981 834 1002 natura
857 974 926 1002 idem
953 979 1018 1003 suttt

235 1024 411 1059 archetypum
427 1028 454 1050 et
470 1023 570 1056 imago,
585 1021 632 1049 sed
645 1022 715 1049 idem
727 1021 915 1048 similitudine.
930 1020 1017 1048 Ambo

235 1071 307 1099 enim
340 1078 402 1105 quae
427 1071 520 1097 eodem
556 1069 636 1095 modo
668 1068 835 1098 eﬁ‘erunlur.
865 1067 1017 1095 substantia

237 1122 351 1150 prorsus
378 1114 517 1141 differunt.
542 1113 580 1140 De
606 1113 770 1148 imaginibus
799 1113 894 1147 utique
920 1112 1018 1147 loquor

236 1168 297 1195 quae
319 1165 376 1187 arte
395 1161 472 1187 liunt.
494 1159 554 1192 Quo
577 1159 659 1194 igitur
674 1163 753 1193 pacto
779 1158 921 1193 imaginem
947 1158 1018 1185 sicut

237 1207 327 1241 ipsum
345 1206 483 1233 Christum
511 1205 671 1233 aliirntative
695 1204 828 1236 adorabit.
852 1212 913 1232 cum
937 1204 966 1231 in
985 1212 1016 1231 ea

235 1251 362 1279 Christus
384 1251 495 1286 physice
523 1259 577 1278 non
609 1251 654 1282 sit,
673 1250 721 1278 sed
745 1250 868 1282 relative,
895 1249 951 1277 sive
971 1257 1018 1284 per

237 1296 472 1325 similitudinem?
485 1296 592 1331 Alioqui
608 1303 701 1323 verum
722 1303 774 1322 non
791 1295 872 1322 fuerit
884 1295 957 1330 quod
973 1295 1018 1322 di-

237 1343 310 1369 citur
327 1351 334 1369 :
350 1342 532 1377 Archetypum
558 1343 583 1369 in
604 1342 721 1376 imagine
745 1341 921 1376 conspicitur,
941 1345 969 1368 et
990 1341 1016 1368 itt

238 1388 355 1422 imagine
384 1388 512 1414 adorator
537 1387 674 1414 Christus.
707 1386 826 1414 Dicendo
854 1386 962 1422 itaque,
991 1386 1018 1413 t'n

237 1433 360 1467 imagine,
387 1433 501 1459 alterum
527 1433 554 1459 iit
581 1433 668 1459 altero
683 1432 898 1459 demonstratum
917 1437 970 1463 est.
991 1437 1018 1459 et

237 1479 310 1506 aliud
344 1487 391 1513 per
419 1479 491 1506 aliud
521 1479 660 1506 adoratur.
700 1477 771 1505 Vidit
805 1479 1018 1514 Chrysostontus

201 1517 208 1524 ’
237 1524 363 1558 angelum
394 1523 420 1550 in
451 1524 569 1557 imagine
597 1533 603 1550 :
631 1523 776 1551 Cornelius
803 1531 868 1550 vero
893 1525 1018 1558 angelum

238 1570 326 1605 ipsum
339 1569 373 1596 ⁸⁹.
402 1570 545 1597 Cernintus
574 1577 624 1597 nos
652 1570 790 1596 Christum
819 1570 846 1596 in
877 1570 1017 1604 imagine:

237 1615 352 1650 apostoli
369 1622 433 1642 vero
453 1614 592 1642 Christum
608 1615 708 1650 ipsutn.
727 1614 844 1641 Vidimus
869 1614 953 1645 enim,
976 1614 1019 1640 in-

237 1661 306 1696 quit,
323 1661 464 1688 Dominum
475 1661 509 1688 ⁸⁸.
526 1662 679 1688 Adoratnus
695 1662 771 1688 illttm
786 1661 812 1688 in
827 1662 936 1695 propria
951 1661 1019 1687 ima-

237 1707 300 1743 gine
315 1715 322 1733 :
338 1707 376 1733 illi
389 1715 454 1733 vero
465 1713 527 1734 eum
543 1707 642 1739 ipsum.
660 1706 693 1733 Et
709 1707 822 1734 videntes
837 1715 906 1737 eum.
920 1707 1018 1741 inquit,

236 1754 411 1780 adoraverunt
424 1753 457 1779 ³¹.
472 1752 627 1780 Secundum
643 1753 847 1780 similitudinem
865 1760 931 1787 ergo
950 1753 1017 1779 ado-

235 1805 311 1828 ratur
339 1801 366 1827 in
394 1800 511 1834 imagine
536 1799 684 1832 Christus,
714 1799 770 1826 sive
800 1799 930 1832 relative.
958 1799 1015 1826 sive

236 1846 419 1881 homonyme;
451 1853 513 1872 nam
542 1844 636 1872 eodem
670 1844 794 1872 recidunt
824 1845 904 1872 ambo
927 1853 934 1870 :
960 1851 1014 1872 non

236 1896 328 1919 autem
342 1893 414 1927 quod
437 1893 494 1927 ipse
508 1898 646 1919 cernatur.
663 1891 696 1918 Et
710 1893 769 1919 sine
783 1892 902 1927 imagine
917 1899 1015 1919 rursus

238 1939 356 1975 imagine
373 1940 447 1968 cerni
464 1940 575 1966 omnino
589 1947 641 1966 noti
657 1939 753 1974 possit.
938 1931 940 1934 ’

279 1987 357 2020 Quod
379 1987 402 2014 si
424 1987 486 2022 qttis
508 1987 602 2014 dicat:
620 1987 698 2022 Ergo,
723 1986 946 2022 quandoquidem
971 1994 1020 2021 per

236 2034 427 2068 cogitationem
456 2034 571 2061 adorare
590 2034 656 2060 mihi
680 2034 752 2067 licet,
779 2041 1017 2069 supervacaneum

235 2084 277 2106 est
301 2083 330 2105 ut
358 2079 386 2105 in
413 2079 529 2113 imagine
545 2087 552 2104 :
568 2078 649 2111 sciat,
664 2078 789 2113 quisquis
814 2082 865 2111 est,
890 2083 1016 2113 negatum

236 2125 317 2151 etiam
335 2125 375 2151 sic
389 2132 450 2151 esse
466 2125 538 2159 quod
554 2124 680 2152 Christus
694 2128 784 2151 mente
798 2123 936 2151 adoretur.
960 2124 1018 2151 Nisi

236 2170 310 2197 enim
335 2178 413 2197 mens
434 2170 616 2204 contemplata
641 2169 723 2197 fuerit
751 2170 826 2196 illum
846 2169 872 2196 in
899 2169 1018 2197 hominis

238 2217 416 2243 similitudine
431 2215 463 2242 ad
479 2216 616 2242 dexteram
635 2215 680 2242 Dei
693 2219 721 2242 et
737 2214 827 2242 Patris
847 2214 1016 2246 consedisse.

238 2262 423 2289 adorationem
448 2269 501 2289 non
525 2261 624 2289 inferet
639 2271 646 2289 :
661 2261 713 2289 nisi
730 2261 800 2288 forte
815 2259 932 2288 Verbum
958 2268 1018 2288 car-

238 2316 300 2336 nem
315 2308 416 2336 l'actum
436 2315 497 2335 esse
521 2312 610 2342 neget.
628 2307 705 2340 Quod
731 2312 821 2334 autem
848 2306 946 2334 similis
969 2307 1018 2332 ho-

239 2355 304 2381 mini
325 2354 411 2381 iactus
436 2354 481 2386 sit,
500 2353 551 2381 ﬁde
565 2354 647 2388 digna
672 2353 750 2380 testis
775 2357 817 2380 est
836 2352 947 2387 imago:
964 2359 1018 2387 qua

238 2406 364 2434 suscepta
389 2405 415 2427 et
445 2401 568 2431 adorata,
601 2405 745 2434 susceptus
769 2404 811 2426 est
835 2399 1019 2433 adoraturque

237 2446 362 2474 Christus
378 2455 384 2472 :
399 2446 470 2473 sicut
485 2454 500 2473 e
519 2446 658 2473 contrario
680 2446 702 2472 si
720 2450 875 2479 respuatur.
889 2444 1020 2471 Adorai'it

237 2492 371 2527 Ahgarus,
390 2492 441 2519 title
465 2498 600 2526 suscepta,
624 2491 841 2518 intellectualiter
855 2490 993 2518 Christum
1010 2498 1017 2516 :

237 2538 362 2565 adoravit
388 2542 414 2565 et
444 2539 530 2564 multo
561 2536 734 2564 manilestius
768 2536 795 2562 in
823 2535 941 2570 imagine
966 2542 1018 2562 non

238 2582 393 2610 tnanul‘acta
415 2583 450 2610 ab
467 2583 527 2618 ipso
547 2582 658 2610 Christo
683 2582 715 2609 ad
731 2590 792 2608 eum
817 2582 910 2608 missa.
928 2580 1019 2614 Quare

237 2630 265 2656 in
289 2630 334 2656 illa
355 2635 383 2657 et
407 2630 559 2657 secundum
584 2629 801 2660 sitnilitudittent,
826 2633 853 2655 et
876 2628 956 2655 simul
974 2635 1020 2662 per

238 2675 416 2708 intellectum,
435 2676 564 2702 adoratus
589 2679 630 2702 est
650 2675 776 2702 Christus
791 2683 797 2700 :
813 2681 885 2700 nttnc
909 2673 1018 2707 quidem

237 2721 288 2754 sic.
308 2721 334 2748 in
352 2721 444 2749 futuro
459 2727 549 2749 autem
575 2721 676 2748 saeculo
699 2719 834 2747 intuitivc.
851 2720 888 2746 Ae
902 2719 1020 2746 visibilis

236 2768 303 2802 qui’
321 2775 348 2796 τι
365 2768 451 2802 ipsius
474 2767 520 2795 Dei
537 2767 725 2802 apparitionis.
751 2770 780 2793 ut
803 2765 1021 2800 sapientissimus

272 2823 296 2839 "
310 2823 380 2851 Psal.
396 2831 432 2854 Cl.
449 2825 476 2854 8.
532 2823 638 2852 "Psal.
654 2831 691 2856 ιι,
711 2822 754 2850 t0.
802 2822 825 2838 '"‘
837 2821 909 2849 Psal.
925 2829 1009 2854 usti,
1028 2821 1052 2848 Ι.

238 2856 263 2874 ⁸³
281 2857 374 2886 Matth.
390 2867 484 2892 urtn,
502 2859 542 2886 l7.

1067 244 1212 280 χαροποιὺν
1224 246 1280 276 τοῖς
1292 244 1434 277 ἐναντίοις,
1446 244 1478 271 ὲκ
1491 245 1545 270 τῶν
1556 245 1698 280 ἡμετέρων
1708 245 1853 281 ἀρρωστη-

1068 292 1160 327 μάτων
1182 291 1211 318 τὸ
1228 292 1328 318 οἰκεῖον
1347 292 1475 326 ἀσέὃημα
1493 291 1699 326 βεϐαιουμένοις
1718 289 1748 318 εὖ
1768 291 1852 327 ἔχειν.

1067 337 1136 364 Οὔτε
1156 338 1208 373 μὴν
1223 338 1310 372 σιωπῇ
1333 337 1364 364 τὸ
1380 337 1513 364 ἁκουσθὲν
1528 339 1677 373 κατασχεῖν
1692 338 1777 364 καλὸν
1794 338 1852 364 ενό-

1068 393 1146 420 μισα,
1163 384 1234 411 ἀλλὰ
1242 393 1268 410 τι
1286 385 1334 410 καὶ
1354 385 1420 419 παρ’
1433 384 1553 418 ἐμαυτοῦ
1571 384 1717 419 φάρμακον
1731 385 1853 419 ἐξευρεῖν

1067 431 1227 466 Θεραπείας,
1245 430 1313 457 Θεοῦ
1329 429 1513 462 εὗδοκοῦντος.
1535 430 1629 456 Ἔστιν
1644 429 1691 456 οὖν
1708 430 1739 456 τὸ
1755 430 1853 465 λῆμμα

1066 476 1196 503 τοιοῦτον.
1217 476 1263 506 Τὸ.
1283 476 1334 508 ὠς,
1351 475 1389 510 πῆ
1410 475 1459 510 μὲν
1484 475 1532 501 ἐπὶ
1551 474 1706 509 ὁμοιώσεως
1725 475 1854 510 εἴληπται

1067 522 1144 556 παρὰ
1157 523 1190 557 τῇ
1207 521 1377 556 Θεοπνεύστῳ
1390 521 1496 557 Γραφῇ·
1509 521 1548 554 πῆ
1561 521 1589 547 δὲ
1604 521 1651 547 ἐπὶ
1668 520 1853 556 βεϐαιώσεως.

1067 568 1104 594 Τὸ
1129 568 1257 602 πρῶτον·
1291 567 1454 601 Ἑγενόμην
1476 567 1517 599 ὠς
1539 567 1700 600 στρουθίον
1722 567 1856 601 μονάζον-

1066 612 1115 640 ὲπι
1132 612 1252 648 δώματι.
1271 613 1336 640 Καί·
1361 612 1434 647 Ἐγὼ
1448 612 1488 646 ὡς
1499 613 1586 640 ἐλαία
1601 611 1802 646 κατάκαρπος.
1819 613 1856 639 Τὸ

1066 659 1201 695 δεύτερον·
1225 659 1271 692 Ὧς
1295 658 1406 693 ἀγαθὸς
1420 659 1436 685 ὀ
1449 658 1522 691 Θεὸς
1539 658 1594 684 τοῦ
1624 659 1746 692 Ἰσραήλ
1760 658 1771 684 !
1789 659 1855 686 Καί·

1072 705 1120 737 Ὧς
1144 704 1283 740 ἀγαπητὰ
1310 705 1347 731 τὰ
1373 703 1556 739 σκηνώματά
1584 712 1653 736 σου,
1682 705 1771 738 Κύριε
1795 704 1857 731 τῶν

1067 750 1241 784 δυνάμεων]
1253 750 1290 777 Οὐ
1312 750 1367 786 γὰρ
1381 750 1443 777 καθ’
1458 751 1601 785 ὁμοίωσιν,
1618 750 1687 777 ἀλλὰ
1707 750 1858 785 βεϐαίωσιν

1067 796 1185 823 ἐνταῦθα
1198 797 1212 822 ὁ
1228 796 1317 830 λόγος.
1334 796 1364 823 Εἰ
1380 794 1426 823 οὖν
1437 795 1509 823 οὕτω
1523 796 1600 829 λέγοι
1627 805 1668 828 τις
1689 798 1858 831 προσκυνεῖν

1067 842 1117 877 τὴν
1133 842 1226 868 εἰκόνα
1241 841 1373 876 Χριστοῦ,
1390 842 1427 873 ὼς
1446 842 1527 868 αὐτὸν
1542 841 1670 877 Χριστὸν,
1687 842 1805 878 ἔρρωται
1818 842 1858 878 τῷ

1067 888 1239 923 φρονήματι·
1263 889 1287 914 εὶ
1310 888 1338 914 δὲ
1363 887 1563 922 βεϐαιωτικῶς,
1590 887 1724 922 οὐδαμῶς.
1744 888 1782 914 Οὐ
1801 889 1857 924 γὰρ

1067 934 1166 962 ταυτὸν
1185 933 1265 960 εἰκὼν
1281 933 1328 960 καὶ
1346 934 1498 969 ἀρχέτυπον
1513 935 1546 969 τῇ
1562 933 1642 968 ’θύσει
1653 954 1660 965 ,
1675 933 1743 960 ἀλλὰ
1756 935 1856 961 ταυτὸν

1067 982 1099 1016 τῇ
1119 980 1257 1016 ὁμοιώσει.
1276 979 1462 1014 Ταυτιζόμενα
1477 980 1532 1015 γὰρ
1548 980 1641 1015 ἄμφω,
1656 981 1688 1015 τῇ
1703 980 1784 1015 οὐσίᾳ
1796 981 1856 1007 δια-

1067 1026 1190 1061 φορεῖται
1210 1025 1380 1051 παντάπασιν
1392 1033 1398 1039 “
1414 1026 1460 1052 ἐπὶ
1474 1025 1528 1051 τῶν
1543 1025 1681 1060 τεχνητῶν
1696 1026 1810 1052 εἰκόνων
1823 1026 1855 1060 δὴ

1067 1069 1148 1104 λέγω.
1172 1069 1233 1100 Πῶς
1251 1067 1296 1095 οὖν
1316 1070 1366 1104 τὴν
1379 1070 1470 1096 εἰκόνα
1492 1070 1529 1101 ὡς
1545 1070 1625 1096 αὑτὸν
1638 1071 1754 1105 Χριστὸν
1768 1079 1856 1105 προσ-

1068 1115 1178 1148 κυνήσει
1198 1113 1398 1148 βεϐιιωτικῶςι
1421 1115 1471 1140 οὐκ
1495 1116 1524 1140 ὲν
1538 1115 1606 1150 αὐτῇ
1624 1115 1699 1146 ὗντος
1717 1114 1766 1141 τοῦ
1787 1116 1856 1150 Χρι-

1069 1159 1131 1186 στοῦ
1147 1160 1280 1194 φυσικῶς,
1294 1159 1361 1186 ἀλλὰ
1376 1160 1518 1195 σχετικῶς,
1531 1161 1614 1195 ἤγουν
1627 1161 1854 1196 ὀμοιωματικῶς;

1068 1205 1227 1240 Διέψευσται
1247 1206 1295 1240 τῆς
1315 1205 1444 1240 ἀληθείας
1460 1206 1508 1233 xui.
1531 1207 1620 1237 ἄλλως
1636 1207 1666 1234 τὸ
1687 1207 1854 1242 λεγόμενον·

1075 1251 1119 1277 Ἐν
1135 1250 1221 1277 εικόνι
1238 1251 1396 1285 ἐκφαίνεται
1420 1251 1450 1277 τὸ
1467 1251 1636 1285 ἀρχέτυπον·
1654 1253 1700 1278 καὶ
1723 1253 1752 1278 ὲν
1770 1253 1856 1279 εἰκόνι

1069 1297 1260 1330 προσκυνεῖται
1280 1295 1406 1330 Χριστός.
1423 1295 1459 1321 Τὸ
1471 1294 1517 1322 οὖν
1534 1297 1634 1327 εἰπεῖν,
1651 1297 1686 1323 ἐν
1698 1298 1805 1330 εικόνι,
1827 1299 1856 1324 ἐν

1068 1341 1154 1376 ἑτέρῳ
1167 1341 1260 1375 ἕτερον
1273 1341 1428 1376 δεδήλωται·
1445 1342 1492 1368 καὶ
1513 1342 1545 1369 δι’
1565 1343 1644 1369 ἄλλου
1657 1343 1721 1370 ἄλλο
1734 1352 1857 1379 προσκυ-

1069 1387 1164 1413 νεῖται.
1183 1385 1258 1412 Εἷδεν
1275 1387 1289 1413 ὁ
1306 1387 1496 1422 Χρυσόστομος
1512 1387 1626 1421 ἄγγελον
1639 1390 1667 1414 ὲν
1683 1389 1786 1414 εικόνγ
1804 1390 1818 1415 ὁ
1829 1389 1857 1415 δὲ

1069 1431 1220 1467 Κορνήλιος
1234 1432 1314 1458 αὑτὸν
1332 1432 1378 1458 τὸν
1394 1432 1519 1466 ἄγγελον,
1535 1433 1673 1468 Βλέπομεν
1689 1434 1810 1468 Χριστὸν
1829 1435 1857 1460 ἐν

1069 1479 1163 1505 εἰκόνι·
1179 1479 1203 1505 οἱ
1226 1479 1255 1505 δὲ
1276 1479 1418 1506 ἀπόστολοι
1441 1479 1522 1506 αὐτὸν
1540 1480 1586 1506 τὸν
1601 1480 1727 1515 Χριστόν.
1749 1481 1858 1515 Ἑωρά-

1070 1532 1165 1558 καμεν
1177 1524 1243 1559 γὰρ,
1255 1525 1332 1559 φησὶ.
1347 1524 1399 1551 τὸν
1413 1525 1530 1558 Κύριον.
1547 1525 1759 1561 Προσκυνοῦμεν
1774 1527 1856 1553 αὑτὸν

1071 1571 1100 1596 ἔν
1111 1571 1144 1605 τῇ
1162 1571 1250 1606 οἰκείᾳ
1262 1571 1356 1597 εξκύνν
1369 1572 1392 1597 οἱ
1406 1571 1434 1597 δὲ
1445 1571 1527 1598 αὑτέιν
1542 1572 1655 1597 ἐκεῖνον.
1668 1572 1722 1598 Καὶ
1740 1572 1858 1604 ἰδόντες

1070 1615 1178 1648 αὐτὸν,
1201 1616 1282 1650 φησι,
1296 1617 1542 1649 προσεκύνησαν.
1565 1616 1792 1651 Ὀμοιωματικῶς
1811 1617 1856 1644 οὖν

1070 1662 1263 1696 προσκυνεῖται
1278 1662 1307 1686 ἑν
1329 1660 1422 1692 εἰκόνι,
1439 1661 1488 1687 εἴτ’
1507 1659 1554 1687 οὖν
1574 1662 1717 1696 σχετικῶς,
1736 1663 1788 1689 εῐτ*
1811 1663 1857 1689 οὖν

1070 1706 1239 1741 ὁμωνύμως,
1263 1708 1276 1733 ὁ
1298 1707 1425 1743 Χριστός’
1448 1709 1487 1739 εἰς
1512 1708 1609 1734 ταυτὸν
1633 1709 1688 1744 γὰρ
1713 1709 1858 1745 ἀμφότερα

1071 1753 1228 1788 συντρέχει·
1253 1754 1303 1780 οὐκ
1329 1754 1509 1785 αὺτοπτικῶς.
1533 1756 1587 1782 Καὶ
1610 1755 1671 1790 δίχα
1692 1753 1738 1782 οὖν
1756 1757 1859 1788 εἰκόνος

1069 1799 1126 1825 ἐστὶ
1140 1799 1375 1834 προσκυνούμενος
1389 1800 1504 1835 νοερῶς·
1526 1800 1557 1827 οὐ
1579 1800 1633 1837 γὰρ
1657 1803 1769 1834 πάντως
1787 1804 1858 1829 πάν-

1066 1852 1129 1870 τοτε
1146 1845 1261 1880 αἰσθητῇ
1275 1846 1361 1872 εἰκόνι
1375 1845 1512 1881 βλέποιτο.

1034 1896 1125 1919 mente
1152 1897 1180 1919 et
1209 1893 1376 1928 cogitatione
1391 1894 1532 1927 adoratur,
1549 1901 1611 1922 cum
1635 1895 1730 1923 sensili
1746 1902 1856 1931 semper

1103 1984 1135 2012 Et
1153 1984 1181 2012 δέ
1198 1993 1241 2017 τις
1257 1985 1336 2021 φαίη·
1353 1985 1474 2019 Οὐκοῦν,
1489 1986 1584 2021 ἐπειδὴ
1602 1987 1662 2013 ἔστι
1687 1995 1732 2020 μοι
1758 1987 1860 2023 νοερῶ;

1070 2033 1252 2068 προσκυνεῖν,
1274 2031 1410 2068 παρέλκον
1435 2033 1464 2059 ὲν
1485 2034 1584 2060 εἰκόνι·
1603 2034 1669 2060 [στω
1693 2034 1707 2060 ὸ
1725 2034 1858 2066 τοιοῦτος,

1070 2077 1205 2112 ὴρνῆσθαι
1224 2076 1273 2103 καὶ
1284 2077 1314 2103 τὺ
1335 2077 1435 2113 νοερῶς
1451 2079 1614 2114 προσκυνεῖν
1629 2079 1760 2114 Χριστόν.
1775 2079 1807 2106 El
1822 2079 1858 2113 pit

1069 2123 1125 2158 γὰρ
1140 2123 1154 2149 ὁ
1169 2122 1231 2155 νοῦς
1241 2123 1431 2159 ὲνοπτρισθειη
1442 2124 1471 2150 ὲν
1486 2123 1638 2160 ὁμοιώματι
1649 2124 1795 2159 ἀνθρώπου
1811 2126 1860 2152 αὑ-

1071 2169 1116 2195 τὸν
1131 2170 1159 2194 ἐν
1174 2168 1248 2204 δεξιᾷ
1264 2168 1311 2195 τοῦ
1329 2168 1396 2195 Θεοῦ
1419 2169 1466 2196 καὶ
1481 2169 1586 2204 ηατρδις
1603 2169 1787 2204 κεκαθῆσθαν
1809 2171 1860 2197 οὐκ

1073 2215 1183 2242 εισοίσει
1197 2214 1246 2250 τὴν
1258 2214 1457 2250 προσκύνησιν
1475 2214 1500 2241 εἰ
1517 2215 1555 2250 μή
1568 2224 1594 2241 τι
1608 2215 1662 2250 ἄρα
1673 2216 1860 2248 ἁποσκευάζει

1072 2261 1161 2295 σάρκα
1176 2260 1300 2294 γενέσθαι
1316 2259 1362 2286 τδν
1377 2260 1473 2294 Λόγον.
1485 2260 1538 2287 Τοῦ
1555 2260 1583 2286 δὲ
1600 2260 1759 2295 ὡμοιῶσθαι
1777 2261 1860 2287 αὑτὸν

1071 2306 1208 2342 ἀνθρώπῳ
1218 2326 1225 2339 ,
1243 2306 1347 2342 μάρτυς
1362 2307 1378 2342 ὴ
1391 2306 1474 2333 εἰκὼν
1486 2306 1569 2334 αὑτοῦ
1584 2308 1666 2341 πιστή
1678 2314 1685 2322 '
1702 2308 1749 2334 καὶ
1762 2309 1796 2342 τῇ
1812 2307 1860 2334 αὑ-

1070 2353 1121 2388 τῆς
1137 2353 1275 2388 παραδοχῇ
1299 2353 1346 2379 καὶ
1367 2353 1568 2388 προσκυνήσει,
1588 2352 1790 2388 παραδέδεκται
1813 2354 1860 2380 καὶ

1071 2400 1265 2434 προσκυνεῖται
1281 2399 1397 2434 Χριστός
1407 2407 1413 2413 ·
1434 2399 1471 2430 ὡς
1490 2399 1607 2434 ἔμπαλιν
1632 2399 1679 2424 ἐπὶ
1692 2399 1741 2434 τῆς
1756 2399 1860 2435 ἀθετή-

1070 2453 1150 2476 σεως.
1178 2445 1383 2480 Προσεκύνησεν
1413 2444 1554 2480 Λῦγαρος,
1579 2445 1724 2481 δεξάμενος
1754 2447 1858 2478 πίστιν,

1070 2489 1172 2524 νοερῶς
1191 2491 1321 2527 Χριστόν·
1336 2491 1522 2526 προσεκύνησε
1539 2491 1567 2518 δὲ
1584 2491 1684 2526 μᾶλλον
1702 2491 1787 2518 αὑτὸν
1808 2493 1859 2528 ξμ-

1071 2536 1235 2571 φανέστερον
1259 2536 1288 2562 ἐν
1310 2537 1343 2571 τῇ
1366 2536 1435 2571 πρὸς
1456 2537 1538 2562 αὑτοῦ
1555 2537 1675 2572 Χριστοῦ
1698 2537 1857 2573 πεμφϐεἰσῃ

1071 2582 1144 2617 αὐτῷ
1160 2584 1359 2619 ἀχειροποιήτῳ
1376 2584 1470 2610 εἰκόνι.
1488 2584 1567 2610 Ὥστε
1591 2585 1620 2610 ὲν
1634 2584 1702 2620 αὐτῇ
1717 2585 1860 2620 ὁμοιωμι-

1071 2629 1155 2660 τικῶς
1168 2630 1236 2664 ὁμοῦ
1257 2638 1286 2656 τε
1305 2631 1351 2656 καὶ
1374 2630 1474 2664 νοερῶς
1490 2629 1711 2665 προσκεκύνηται
1727 2631 1859 2666 Χριστός·

1071 2674 1117 2700 νῦν
1133 2675 1181 2709 μὲν
1195 2675 1291 2706 οὕτως*
1309 2676 1336 2701 ἐν
1349 2675 1376 2702 δὲ
1390 2675 1426 2710 τῷ
1440 2675 1564 2710 μέλλοντι
1576 2675 1656 2702 αἰῶνι
1670 2677 1857 2709 αὐτοπτιιιῶς’

1071 2720 1120 2755 τῆς
1138 2720 1187 2754 μὲν
1201 2721 1301 2755 ὁρατῆς
1316 2720 1398 2747 αὑτοῦ
1414 2721 1583 2756 θεοφανείας,
1595 2721 1633 2753 ὦς
1652 2730 1734 2756 φησιν
1746 2723 1760 2749 ό
1775 2723 1859 2749 πολὺ-

1072 2774 1153 2800 σοφος
1167 2767 1315 2801 Διονύσιος,
1332 2768 1361 2794 ἐν
1373 2768 1522 2802 πανάγνοις
1536 2767 1662 2804 θεωρίαις
1676 2769 1856 2805 ἀποπληροῦ-

1099 2821 1122 2837 ⁷⁹
1134 2829 1247 2855 Luxm,
1265 2821 1292 2849 2.
1343 2823 1366 2838 ⁸⁰
1378 2823 1438 2850 Act.
1455 2831 1482 2856 κ,
1499 2823 1542 2851 '50.
1594 2824 1616 2839 "
1645 2823 1726 2852 Joan.
1743 2832 1791 2857 xx,
1807 2824 1851 2852 25.
