1923 3078
69 74 132 125 12'89

66 197 200 232 πτούσης·
225 196 263 229 ὡς
277 198 340 229 τοὺς
359 197 482 233 μαθητὰς
506 200 534 224 ὲν
552 198 644 234 ἐκεενῃ
667 201 700 235 τῇ
723 199 848 236 Θειοτὰτῃ

68 243 286 277 μεταμορφώσει·
305 243 355 278 τῆς
372 243 401 269 δὲ
422 244 520 279 νοητῆς
537 245 619 271 αὐτοῦ
641 244 807 278 φωτοδοσίας
825 246 854 272 ὲν

68 288 167 316 ἅπαθεῖ
184 289 232 315 καὶ
247 288 322 324 ἀΰλῳ
337 289 376 324 τῷ
390 289 428 324 νῷ
443 289 613 324 μετέχοντες.
626 290 729 322 Ταῦτα,
744 290 799 317 εἴτε
814 290 856 317 ἐλ-

67 334 162 366 λιπῶς,
175 335 230 361 εἴτε
245 335 412 370 ἀρκούντως,
429 336 499 370 πρὸς
513 335 602 371 ἡμῶν.
619 336 708 371 ’Υμᾶς
720 336 749 363 δὲ
764 346 855 373 παρα-

66 380 139 406 καλῶ
152 382 182 407 ἐν
193 382 251 412 τοῖς
271 381 335 416 περὶ
355 380 423 407 Θεοῦ
441 381 531 415 λόγοις
545 381 668 413 εὐλαϐῶς
686 390 716 408 τε
733 382 791 417 ἅμα
808 383 855 409 καὶ

66 426 258 462 προσεκτικῶς
271 429 320 458 τὰς
335 425 515 462 ἐπιζητήσεις
530 427 677 454 ποιεῖσθαν
693 428 741 454 καὶ
755 428 771 463 ἢ
788 427 855 463 παρ’

66 472 181 506 ἑαυτῶν,
193 473 209 508 ἢ
222 474 285 508 παρ’
299 473 402 508 ἑτέρων
413 473 443 500 τὸ
456 474 556 508 ἀληθὲς
567 474 746 509 ἐξευρίσκειν,
759 475 855 510 πόρρω

66 518 184 552 ἀφέντας
202 518 231 545 τὸ
251 519 413 555 ἐρεσχελεῖν·
430 519 460 546 οὐ
473 520 527 554 μὴν
539 519 608 546 ἀλλὰ.
619 520 666 546 καὶ
677 520 705 546 εἴ
715 528 741 546 τι
756 520 856 554 toga).-

69 564 148 598 μένον
160 565 189 590 ὲν
203 566 260 596 τοῖς
274 565 619 601 εἰρημένοις,διοροώσεως
629 567 729 601 τυχεῖν·
740 566 856 602 ἐπείπερ

67 609 206 644 ὀλιγόνους
220 611 267 637 καὶ
284 610 444 647 ἁμαρτωλὸς
457 611 524 646 ἐγώ.

252 764 322 799 EG’.
336 780 370 784 —
380 765 563 799 Κατήχησις.
576 764 670 801 [υμε’.]

658 95 926 126 EPISTOLARUM
958 96 1031 126 LIB.
1060 97 1102 127 II.

68 159 152 186 μενοι,
174 151 339 185 φανοτάταις
364 152 440 188 ἡμᾶς
468 155 665 188 μαρμαρυγαῖς
693 162 857 189 περιαστρα-

914 156 953 182 ait
990 155 1138 190 Dionysius
1156 155 1200 189 ⁸³,
1231 155 1396 184 castissimis
1422 156 1700 192 contemplationibus
1742 178 1746 181 .

1632 98 1700 129 12Ῡο

909 201 994 236 pleni,
1020 201 1200 228 lucidissimis
1225 201 1417 236 splendoribus
1446 211 1498 230 nos
1529 203 1698 234 irradiantis,

908 247 1023 283 perinde
1036 254 1068 274 ac
1082 247 1235 282 discipulos
1251 248 1278 274 in
1294 248 1467 275 divinissima
1485 248 1530 275 illa
1552 248 1701 282 transﬁgu-

908 294 1035 326 ratione;
1069 293 1250 328 iutelligibilis
1291 301 1356 321 vero
1394 294 1455 328 ejus
1486 294 1698 326 illustratiouis,

909 339 1062 367 Secundum
1079 345 1200 366 mentem
1219 340 1395 375 passiouibus
1411 345 1438 367 et
1461 341 1577 367 materia
1601 348 1699 367 caren-

903 392 977 420 tem,
1004 387 1155 422 participes
1184 387 1299 414 erimus.
1328 388 1417 422 Atque
1448 387 1525 418 hanc,
1557 387 1616 414 sive
1644 395 1699 414 non

903 432 993 466 plene,
1015 425 1078 459 sive
1105 432 1285 463 sufﬁcienter,
1311 440 1326 459 a
1355 432 1437 460 nobis
1470 432 1598 466 accipite.
1624 432 1700 467 Rogo

904 481 996 504 autem
1012 484 1062 504 vos
1077 481 1117 510 ut,
1134 485 1197 504 cum
1214 477 1247 504 de
1263 477 1318 505 Deo
1339 484 1430 504 sermo
1453 482 1504 510 est,
1520 476 1650 511 religiose
1674 481 1702 503 ct

905 527 1006 550 attente
1025 523 1192 558 quaestiones
1218 524 1362 556 moveatis,
1390 524 1588 557 veritatemque
1614 527 1662 549 aut
1685 531 1699 549 a

907 569 983 596 vobis
1001 569 1080 604 ipsis,
1096 574 1143 596 aut
1164 570 1198 596 ab
1223 569 1285 596 aliis
1303 569 1460 604 inquiratis,
1478 569 1572 603 procul
1600 568 1700 603 rejecta

907 615 1084 642 contentione
1109 623 1116 641 :
1138 615 1185 641 sed
1210 619 1237 641 et
1260 614 1282 642 si
1303 614 1368 648 quid
1393 614 1422 641 in
1440 614 1474 641 iis
1499 621 1560 648 qum
1578 613 1701 640 diximus

907 668 1028 688 erratum
1049 666 1102 693 est,
1117 661 1263 695 corrigatis
1279 670 1287 688 :
1304 668 1367 687 cum
1390 660 1482 695 exigui
1507 661 1559 688 sim
1586 660 1699 694 ingenii,

909 713 937 735 et
953 712 1091 743 peccator.

1147 764 1240 792 LXVI.
1252 781 1287 785 ——
1301 764 1463 794 Catechesis.

68 821 178 847 Primum
189 822 271 853 aliqua
283 823 314 846 de
327 825 379 848 suis
398 824 474 847 rebus
485 822 588 848 scribit:
600 823 692 848 deinde
703 824 823 849 adversus
832 823 1015 849 Iconomachos.
1027 822 1130 847 Romani
1143 824 1219 848 etiam
1230 824 1354 854 pontiﬁcis
1365 823 1492 848 sententia
1505 824 1633 849 damnatos
1644 832 1700 849 esse

114 854 223 886 laetatur.
237 854 299 877 Suos
311 855 340 877 ad
355 855 565 884 perseverantiam
586 855 698 879 hortatur
712 862 717 879 :
735 857 830 886 piarum
849 854 996 879 feminarum
1019 860 1102 878 curam
1120 855 1275 880 commendat
1288 862 1293 878 :
1305 854 1405 879 demum
1417 855 1527 886 patiendi
1546 862 1591 886 pro
1602 855 1701 881 Christo

111 883 223 908 studium
236 887 338 908 excitat.
351 883 456 915 (Baron.
469 892 509 910 an.
523 886 579 915 818,
591 892 614 910 η.
634 885 683 916 ιό.)

101 926 140 952 Τὸ
160 926 248 961 παρὸν
262 927 361 958 κοινῶς
385 928 452 953 πᾶσι
469 928 514 953 καὶ
531 928 581 954 οὐκ
603 927 656 963 ὶδιᾳ
676 928 784 963 ἑκάστῳ
799 928 857 954 ἐπι-

944 926 1069 954 Ρηεεειιε
1084 925 1215 960 temporis
1235 926 1358 953 conditio
1372 927 1468 961 poscit.
1487 932 1516 954 ut
1531 927 1699 962 conjunctim

68 971 173 998 στεῖλαι
189 981 221 1006 με
234 980 241 987 ·
257 972 306 998 οὐκ
321 973 353 999 ὲκ
370 974 600 1009 καταφρονήσεως
611 994 618 1006 ,
635 973 695 1000 οὐδὲ
711 973 741 1006 ἐξ
761 974 859 1007 ὀλιγω-

68 1016 140 1050 ρίας,
157 1017 258 1051 ἄπαγε·
274 1018 333 1049 πῶς
348 1018 403 1053 γὰρ
418 1018 451 1044 ἂν
463 1019 703 1054 καταφρονήσαιμι
716 1019 771 1045 τῶν
784 1018 859 1053 ἐμῶν

68 1061 233 1096 σπλάγχνων
251 1062 299 1088 καὶ
318 1062 494 1098 ὁμολογητῶν
512 1063 642 1099 Χριστοῦ,
662 1064 699 1099 μὴ
714 1064 775 1099 οὐχὶ
792 1064 860 1103 μᾶλτ

68 1108 112 1134 λον
134 1109 184 1134 καὶ
198 1107 228 1134 τὸ
245 1105 316 1143 αἷμά
332 1117 383 1143 μου
400 1109 497 1135 κενοῦν
518 1110 579 1136 ἀντὶ
599 1110 725 1145 μέλανος,
743 1111 790 1137 καὶ
810 1111 859 1141 τὰς

67 1153 174 1187 σάρκας
190 1154 319 1188 παρέχειν
331 1154 391 1180 ἀντὶ
407 1154 521 1189 χάρτου·
534 1156 574 1187 είς
585 1156 616 1182 τὸ
634 1156 817 1190 καθεκάστην,
834 1157 859 1182 εἰ

66 1196 120 1224 οἷόν
137 1207 167 1224 τε
185 1197 229 1233 ἢν,
248 1200 365 1235 γράφειν
382 1200 428 1226 καὶ
447 1203 619 1236 προσςεωνεῖν
634 1202 724 1236 ὑμᾶς
742 1203 797 1228 Καὶ
810 1202 859 1237 οὐχ

66 1244 108 1270 ὅτι
124 1245 175 1271 οὐκ
188 1245 250 1271 ἐστὲ
264 1246 311 1280 ἀφ’
323 1246 429 1273 ἑαυτῶν
441 1247 648 1283 ὲστηριγμένοι.
664 1247 729 1275 Οἶδα
743 1249 798 1285 γὰρ
811 1251 859 1277 καὶ

67 1291 222 1326 πέπισμαι
243 1293 292 1327 ὅση
313 1293 377 1327 ὑμῖν
398 1294 415 1328 ἡ
443 1294 519 1330 παρὰ
541 1294 609 1321 Θεοῦ
628 1294 764 1330 δύναμις’
790 1296 859 1323 ἀλλὰ

66 1338 112 1364 sitv
125 1337 246 1372 ἐμαυτοῦ
262 1339 345 1365 πόθον
364 1339 542 1374 θεραπέυων,
563 1343 611 1368 καὶ
631 1342 662 1368 τὸ
681 1342 732 1376 τῆς
748 1342 859 1377 ἐντολῆς

66 1384 238 1420 ἀποπληρῶν
247 1384 336 1420 χρέος.
352 1386 443 1412 Λττιον
452 1387 480 1413 δὲ
495 1387 526 1413 τὸ
539 1389 588 1423 τῆς
603 1389 739 1424 φυλακῆς,
758 1389 858 1423 μᾶλλον

65 1431 283 1466 ἀσφαλέστερον*
302 1431 519 1467 μεθορισθέντων
533 1434 612 1469 ἡμῶν
625 1435 698 1470 ἄρτι,
710 1435 798 1467 καθὼς
811 1435 859 1462 καὶ

66 1476 279 1511 προηκούσατε,
305 1478 334 1510 ἐξ
364 1477 545 1505 Ἀνατολικῶν
570 1480 610 1511 εἰς
632 1480 804 1516 Θρᾳκησίους
829 1482 858 1508 ὲν

65 1521 196 1558 Σμύρνῃ·
212 1522 252 1557 τῷ
264 1531 292 1549 τε
309 1524 345 1558 μὴ
357 1524 484 1555 δέξασθαι
501 1525 656 1560 ἀντίγραφα
678 1527 732 1552 ἀπὸ
751 1527 857 1561 χρόνον·

64 1568 116 1593 καὶ
135 1568 224 1600 ἄλλως
239 1569 280 1594 ὃτι
291 1571 347 1601 τοῖς
360 1570 428 1602 ἴσοις
439 1571 604 1605 ἀγωνισταῖς
616 1572 632 1606 ἡ
647 1571 716 1607 αὑτὴ
729 1572 857 1609 ἐπιστολὴ

64 1613 213 1648 ἀρκέσειεν
224 1614 289 1649 ἄρα.

101 1702 189 1738 Δεῦρο
203 1702 235 1738 δὴ
247 1701 305 1736 οὖν,
320 1705 430 1740 ἀδελφοί
447 1714 509 1741 μου,
524 1705 634 1741 ᾅσωμεν
651 1708 696 1733 καὶ
716 1707 764 1734 νῦν
779 1717 859 1744 χαρι-

66 1749 180 1783 στήρια,
191 1750 233 1776 ὅτι
243 1749 401 1786 ἠξιώθημεν
412 1752 548 1778 δουλεύειν
564 1753 623 1788 Θεῷ
635 1754 717 1786 ζῶντι
730 1755 778 1781 καὶ
790 1756 858 1789 ἁλη-

65 1794 145 1828 θινῷ·
160 1795 191 1821 οὐ
211 1795 273 1830 μὴν,
289 1796 355 1823 ἀλλὰ
373 1797 460 1823 καὶτὸ
474 1798 543 1833 ὑπὲρ
553 1798 635 1824 αὐτοῦ
649 1799 774 1834 πάσχειν
790 1801 859 1835 ὅπερ

63 1840 127 1866 ἐστὶ
142 1840 223 1875 δόξης
243 1841 352 1877 ἁπάσης
371 1843 552 1877 ἐνδοξότερον,
572 1844 619 1870 καὶ
637 1846 725 1880 χαρᾶς
748 1846 859 1881 ἁπάσης

63 1886 256 1921 χαριέστερον·
279 1887 323 1913 Ἐν
339 1888 392 1914 τίνι
407 1889 461 1924 γὰρ
473 1889 504 1915 τὸ
519 1890 604 1920 πάθος
619 1890 700 1924 ὐμῖν;
725 1892 795 1918 Ἀλλ’
810 1893 858 1926 οὐχ

63 1932 140 1967 ὑπὲρ
159 1932 207 1957 τοῦ
226 1933 361 1967 Χριστοῦ;
379 1934 497 1969 Χριστὸν
513 1935 692 1977 όμολογοῖςσιν
715 1937 858 1973 ἄνθρωπον

62 1977 202 2010 γεγονότα
212 1997 219 2008 ,
237 1978 372 2013 ἀληθινῶς
395 1980 477 2015 σαρκὶ
493 1982 713 2016 περιγράφεσθαι
726 1990 733 1996 ·
749 1983 798 2008 εἴτ’
811 1981 859 2009 οὖν

62 2022 280 2054 ἐξεικονίζεσθαι
291 2032 297 2037 “
313 2024 361 2050 καὶ
375 2025 425 2059 τὴν
441 2026 491 2060 τῆς
510 2026 614 2058 εἰκόνος
635 2028 794 2064 παραδοχὴν
809 2028 859 2062 τῆς

60 2067 303 2102 ὲνανϐρωπήσεως
319 2069 402 2096 αὑτοῦ
421 2067 492 2096 εἷναι
512 2071 659 2098 πίστωσιν·
678 2070 712 2108 ἧς
729 2074 857 2107 ἀναιρου-

62 2113 153 2147 μένης
174 2113 222 2139 καὶ
248 2114 443 2151 ἀθετουμένης,
466 2117 589 2151 δηλονότι
610 2119 796 2154 συνανῄρηται
813 2120 859 2146 καὶ

61 2159 251 2194 συνηοέτηται
264 2161 310 2186 καὶ
331 2162 573 2197 ὴένανθρώπησις.
595 2164 666 2191 ’Ᾱλλ“
680 2165 774 2200 ἐπειδὴ
789 2166 841 2193 ἐτύ
855 2181 858 2186 ι

58 2207 192 2239 φλωοίεν
209 2207 225 2232 ὁ
250 2206 321 2239 Θεὸς
349 2207 402 2234 τοῦ
423 2208 531 2242 αἰῶνος
546 2210 652 2236 τούτου
669 2210 707 2237 τὰ
724 2212 859 2244 νοήματα

57 2250 120 2276 τῶν
143 2250 350 2286 Εἱκονομάχων,
369 2253 438 2287 πρὸς
460 2253 491 2278 τὸ
515 2253 552 2288 μὴ
567 2254 687 2288 αὐγάσαι
704 2254 797 2286 αὐτοῖς
813 2256 858 2281 τὸν

57 2295 209 2330 φωτισμὸν
230 2296 280 2331 τῆς
302 2298 406 2329 εἰκόνος
429 2299 530 2325 αὑτοῦ·
549 2299 594 2326 διὰ
611 2299 691 2327 τοῦτο
712 2301 742 2326 ὲν
765 2301 856 2328 σκότει

55 2342 291 2376 διαπορευόμενοι
305 2343 450 2378 ἀρνοῦνται
461 2345 588 2379 Χριστὸν,
602 2345 766 2381 ἀρνούμενοι
774 2347 858 2373 αὑτοῦ

55 2388 112 2421 τὴν
129 2386 237 2412 εἰκόνα·
252 2387 299 2413 καὶ
312 2389 498 2422 φιλονεικοῦσι
512 2391 617 2422 πάντας
634 2391 858 2427 οπινεκτυφλωθῆ-

54 2442 103 2460 ναι
122 2432 232 2462 αὐτοῖς·
248 2433 403 2466 διώκοντες,
417 2435 580 2468 αἱχίζοντες.
591 2435 796 2470 φυλακῐζοντες,
810 2437 858 2464 καὶ

55 2480 96 2511 ὡς
113 2480 207 2505 εἰπεῖν
222 2479 267 2505 ἀεὶ
288 2480 494 2513 ἀποκτένοντες.
524 2482 593 2509 Ἀλλ’
610 2483 658 2517 οὺχ
672 2482 779 2515 ἓλξουσι
796 2485 858 2515 τοὺς

56 2525 269 2560 βεϐαιωοὲντας
293 2528 340 2552 καὶ
370 2528 583 2563 ἐστηριγμένους
609 2531 642 2564 τῇ
668 2530 858 2565 ἀμεταπτώτῳ

56 2570 193 2606 ἀληθείᾳ.
209 2571 270 2597 Οὐδ’
287 2572 316 2598 οὐ
334 2574 387 2607 μήν
403 2573 533 2608 διέφυγον
554 2575 592 2609 μὴ
605 2575 665 2610 οὐχὶ
681 2576 728 2601 καὶ
744 2576 795 2602 ὑπὸ
809 2576 857 2602 τοῦ

56 2617 221 2653 κορυῳαίου
254 2618 348 2652 θρόνου
372 2620 421 2654 τῆς
454 2621 617 2656 Ἐκκλησέας
645 2622 854 2657 διελεγχθῆναι,

56 2663 158 2694 καθὼς
173 2663 222 2689 καὶ
238 2665 346 2697 ἐγένετο
358 2687 365 2698 ,
383 2667 428 2692 καὶ
445 2667 543 2694 οἴδατε.
561 2668 616 2694 Καὶ
632 2666 665 2702 ἦν
684 2668 734 2702 μὲν
747 2669 812 2703 ἡμῖν
825 2670 856 2695 τὸ

56 2707 188 2742 ἀσεραλὲς
204 2708 253 2734 καὶ
267 2709 430 2744 εἰλικρινὲς,
452 2712 499 2738 καὶ
514 2712 567 2745 πρὸ
588 2712 638 2747 τῆς
659 2713 713 2739 τῶν
734 2713 855 2739 Δυτικῶν

57 2754 210 2785 ἐλεύσεως.
231 2754 417 2789 Προσεγένετο
435 2757 464 2783 δὲ
483 2757 564 2784 πλέον
587 2759 627 2784 ὅτι
653 2759 771 2794 μάλιστα
792 2760 856 2786 κάν-

95 2813 122 2828 ⁸³
134 2813 168 2840 de
182 2812 244 2841 Div.
261 2815 417 2847 nominibus.
432 2825 494 2851 cap.
508 2817 533 2844 Ι.
571 2818 594 2834 ⁸³
606 2818 627 2845 ll
642 2818 704 2846 Cor.
722 2827 757 2852 tv,
776 2819 801 2846 4.

215 2862 350 2894 ΡΔΤιιοι.
376 2865 422 2896 Gn
459 2866 566 2899 XCIX.

910 972 1040 998 omnibus
1054 978 1108 998 non
1121 971 1238 1005 singulis
1251 971 1378 1005 privatim
1393 972 1499 999 litteras
1511 972 1584 1005 dem,
1598 981 1652 1001 non
1667 981 1700 1000 cx

910 1022 1068 1052 cantemptu
1093 1017 1136 1043 vel
1166 1017 1311 1051 neglectu,
1341 1017 1411 1044 absit
1439 1027 1445 1044 :
1473 1026 1535 1044 nam
1561 1019 1701 1053 quomodo

909 1063 1014 1090 viscera
1040 1070 1100 1090 mea
1120 1071 1247 1098 spernam
1269 1067 1296 1090 et
1317 1062 1494 1091 confcssores
1519 1065 1633 1095 Christi.
1651 1073 1701 1092 nec

909 1109 1002 1144 potius
1021 1109 1182 1144 sanguinem
1199 1109 1259 1136 vice
1278 1109 1422 1136 atramenti
1439 1109 1563 1141 tutulum,
1583 1111 1699 1145 pellem-

909 1163 963 1190 que
989 1162 1038 1189 pro
1061 1155 1157 1182 charta
1178 1154 1325 1189 prabcam,
1355 1158 1384 1182 ut
1408 1155 1525 1190 singulis
1543 1156 1650 1189 diebus,
1677 1157 1700 1184 si

911 1199 968 1227 ﬁeri
984 1200 1083 1234 possit,
1098 1207 1147 1226 vos
1166 1199 1276 1234 scriptis
1294 1199 1391 1226 litteris
1405 1199 1551 1234 alloquar?
1564 1199 1599 1226 At
1613 1207 1701 1234 neque

910 1246 1018 1273 ideirco
1032 1245 1105 1280 quod
1120 1252 1169 1279 per
1182 1252 1230 1272 vos
1250 1244 1301 1279 ipsi
1317 1244 1396 1272 ﬁrmo
1414 1245 1498 1272 animi
1516 1245 1616 1272 robore
1630 1252 1701 1279 prat-

909 1292 959 1320 diti
987 1300 1041 1320 non
1068 1291 1140 1319 sitis.
1171 1291 1239 1318 Novi
1267 1292 1342 1318 enim
1367 1299 1399 1318 ac
1422 1299 1585 1327 persuasum
1613 1291 1700 1318 habeo

909 1343 1011 1373 quanta
1030 1338 1066 1366 sit
1080 1337 1159 1365 vobis
1181 1345 1196 1364 ιι
1213 1337 1268 1364 Deo
1285 1337 1372 1364 virtus
1388 1347 1396 1365 :
1410 1337 1457 1365 sed
1478 1337 1616 1365 desiderio
1640 1345 1701 1364 meo

909 1384 1116 1415 obsecundans,
1129 1391 1162 1410 ac
1176 1383 1298 1410 mandati
1314 1383 1439 1411 debitum
1454 1384 1610 1412 exsolvens.
1626 1383 1701 1410 Scri-

909 1431 990 1459 beudi
1003 1434 1095 1458 autem
1108 1437 1192 1457 causa
1206 1434 1259 1462 est,
1273 1429 1432 1463 diligentior
1447 1429 1536 1456 multo
1550 1429 1675 1456 custodia
1692 1437 1699 1456 :

909 1476 982 1511 quod
1016 1475 1134 1503 traducti
1162 1482 1280 1507 sumus,
1301 1474 1535 1510 quemadmodum
1563 1479 1591 1502 et
1623 1474 1700 1510 prius

909 1520 1102 1551 inaudivistis,
1130 1527 1164 1547 ex
1188 1518 1312 1547 Orientis
1342 1523 1432 1547 tractu
1462 1519 1490 1546 in
1514 1519 1700 1547 Thracensem

909 1566 1056 1602 Smyrnam
1075 1575 1081 1593 :
1098 1571 1153 1593 tum
1170 1573 1235 1592 vero
1252 1565 1325 1600 quod
1343 1565 1508 1600 jamdudum
1532 1565 1567 1592 ad
1582 1572 1634 1592 nos
1653 1573 1700 1592 re-

870 1622 891 1651 c
909 1614 1010 1648 scripta
1034 1621 1089 1640 non
1116 1612 1294 1648 perferuntur
1311 1621 1318 1638 :
1334 1612 1444 1645 deinde,
1463 1611 1538 1646 quod
1561 1619 1594 1638 ex
1620 1619 1700 1646 :equu

907 1658 1104 1686 dimicantibus
1117 1657 1234 1693 epistola
1251 1665 1305 1684 una
1322 1657 1432 1685 abunde
1448 1657 1542 1685 futura
1557 1662 1610 1684 est.

942 1705 1021 1740 Agite
1047 1705 1158 1739 itaque,
1180 1704 1280 1731 fratres
1305 1704 1381 1731 mei:
1405 1712 1479 1732 nunc
1509 1711 1620 1739 quoque
1645 1710 1699 1730 non

908 1750 968 1778 sine
984 1755 1066 1778 cantu
1081 1755 1174 1786 grates
1187 1757 1312 1785 agamus,
1322 1749 1396 1785 quod
1412 1749 1488 1785 digni
1505 1750 1593 1776 habiti
1603 1757 1700 1776 sumus

908 1796 954 1831 qui
967 1796 1022 1824 Deo
1034 1797 1096 1823 vivo
1109 1803 1141 1823 ac
1154 1803 1219 1823 vero
1235 1796 1390 1824 serviamus
1403 1804 1412 1822 :
1423 1803 1513 1830 neque
1528 1795 1579 1822 hoc
1597 1795 1699 1826 solum,

909 1841 957 1868 sed
977 1846 1004 1868 et
1025 1840 1072 1876 qui
1089 1848 1139 1876 pro
1158 1841 1218 1876 ipso
1235 1841 1372 1875 patiamur
1388 1849 1395 1867 :
1409 1839 1484 1875 quod
1509 1847 1617 1867 omnem
1640 1839 1700 1874 glo—

908 1887 978 1914 riam
1011 1892 1141 1922 superat,
1172 1894 1340 1922 omnemque
1372 1886 1507 1914 laetitiam.
1536 1885 1605 1913 Nam
1638 1893 1700 1920 quae

909 1933 986 1960 vobis
1012 1941 1094 1961 causa
1118 1933 1257 1968 patiendi?
1274 1935 1373 1960 Annon
1398 1937 1512 1968 propter
1533 1932 1699 1960 Christum?

908 1978 982 2013 quod
1004 1977 1146 2006 Christum
1167 1978 1308 2006 hominem
1327 1979 1429 2006 factum
1449 1978 1620 2005 conﬁtemini
1638 1986 1701 2005 vere

909 2032 993 2051 carne
1007 2024 1210 2056 circumscribi,
1233 2029 1316 2059 atque
1333 2024 1401 2052 adeo
1417 2024 1548 2052 delineari
1572 2025 1698 2060 pictura;

908 2078 941 2098 ac
955 2071 1076 2105 ejusdem
1093 2071 1222 2106 imaginis
1241 2071 1456 2106 susceptionem,
1480 2071 1553 2098 illius
1570 2071 1700 2105 incorpo-

909 2117 1024 2144 rationis
1050 2117 1129 2144 ﬁdem
1156 2124 1306 2152 esse:qua
1333 2117 1441 2144 sublata
1470 2121 1499 2144 et
1522 2122 1699 2152 contempta,

910 2163 1014 2190 tollitur
1032 2163 1146 2190 omnino
1171 2168 1198 2190 et
1221 2162 1408 2191 contemnitur
1427 2163 1627 2198 incorporatio.
1645 2163 1699 2190 Sed

909 2210 1039 2244 quoniam
1067 2209 1136 2237 Deus
1158 2209 1237 2244 hujus
1259 2209 1353 2237 saeculi
1367 2210 1509 2236 excwcauit
1530 2215 1627 2236 meum
1640 2209 1698 2237 leo-

909 2256 1109 2283 nomacborum
1122 2255 1156 2288 3‘,
1174 2261 1250 2283 utne
1266 2255 1407 2290 aﬂ'ulgeret
1419 2256 1452 2283 iis
1468 2256 1598 2290 splendor
1610 2256 1698 2290 ipsius

909 2301 1182 2336 imaginiszidcirco
1211 2302 1238 2328 in
1268 2301 1389 2329 tenebris
1420 2301 1591 2328 ambulantes
1619 2301 1700 2328 Chri-

908 2353 979 2374 stum
989 2347 1137 2383 abnegant,
1153 2348 1239 2383 ipsius
1254 2348 1401 2383 imaginem
1415 2349 1581 2383 abnegautes
1597 2357 1603 2376 :
1618 2353 1700 2382 atque

907 2394 983 2420 omni
1001 2402 1054 2429 ope
1075 2395 1247 2422 contendunt
1275 2399 1305 2423 ut
1317 2403 1416 2422 omnes
1442 2403 1506 2422 cum
1524 2395 1591 2430 ipsis
1609 2403 1699 2423 mecu—

908 2439 977 2466 tiant
994 2449 1000 2466 :
1019 2445 1226 2475 persequentes,
1254 2440 1399 2474 caedentes,
1417 2441 1519 2468 carceri
1537 2441 1700 2476 mancipan-

908 2489 959 2519 tes,
986 2494 1018 2514 ac
1049 2488 1247 2522 propemodum
1268 2495 1375 2522 semper
1399 2487 1566 2515 occidentes.
1587 2487 1623 2514 At
1644 2495 1697 2514 non

911 2533 1072 2567 pertrahent
1092 2541 1140 2561 eos
1153 2534 1200 2568 qui
1226 2533 1379 2561 conﬁrmati
1400 2538 1464 2561 sunt
1480 2540 1513 2560 ac
1526 2533 1699 2561 corroborati

911 2578 1076 2607 immutabili
1099 2581 1225 2607 veritate.
1243 2580 1314 2607 Sane
1337 2588 1391 2607 non
1416 2579 1579 2614 eﬂ'ugcrunt,
1599 2579 1665 2614 quin
1683 2588 1699 2606 a

910 2631 1039 2659 supremo
1054 2624 1185 2653 Ecclesiae
1197 2625 1294 2653 throno
1307 2630 1497 2661 arguerentur,
1512 2625 1582 2653 sicut
1596 2625 1698 2652 factum

909 2675 961 2703 cst,
980 2676 1007 2698 et
1023 2672 1075 2706 ipsi
1089 2672 1176 2700 scitis.
1195 2673 1230 2700 Et
1243 2673 1323 2700 nobis
1341 2672 1448 2707 quidem
1465 2677 1522 2699 tuta
1545 2676 1572 2699 et
1591 2672 1699 2699 sincera

912 2722 991 2744 erant
1008 2718 1111 2752 omnia,
1125 2719 1208 2746 etiam
1226 2724 1289 2747 ante
1305 2718 1522 2747 Occidentalium
1539 2718 1697 2746 adventum.

910 2762 1060 2792 Plurimum
1087 2773 1150 2793 vero
1173 2766 1254 2793 etiam
1272 2765 1335 2793 inde
1354 2766 1481 2799 arcessit,
1498 2771 1527 2793 ut
1551 2773 1699 2801 cognosca-

1442 2867 1476 2897 41
