1923 3078
232 107 298 140 1291

231 171 303 193 mus,
320 161 357 188 uti
372 160 528 196 superiores
548 165 654 191 :etales,
676 160 715 187 sic
731 164 758 187 et
775 164 896 187 nostram
913 166 1022 194 quoque
1037 159 1060 188 Α

229 208 287 235 lico
302 215 375 234 cura:
396 214 468 236 esse.
484 210 567 240 atque
582 206 616 232 ab
636 205 697 240 ipso
713 211 776 232 ante
788 205 911 231 omnium
928 204 1024 231 oculos

230 254 360 281 constitui
377 253 578 284 testimonium,
595 252 668 287 quod
693 252 727 278 ab
749 259 783 278 eo
805 251 885 277 alieni
902 250 957 277 sint
975 250 1022 284 qui

230 299 377 334 imaginem
405 302 516 333 negant.
541 298 569 324 Si
597 298 670 325 cnim
695 305 709 324 a
741 297 888 332 corypltteo
913 296 1023 330 abrupti

228 351 302 378 sunt,
329 350 356 373 et
379 345 413 373 ab
440 345 501 372 aliis
523 345 611 372 tribus
634 345 816 380 patriarchis;
839 343 934 378 utique
960 348 987 370 et
1007 350 1022 369 a

228 394 351 424 (thristo,
381 393 427 427 qui
459 398 541 428 caput
570 398 611 419 est
642 391 903 426 prmdictorum:et
932 390 1023 425 lugere

227 438 337 466 illorum
351 447 434 467 caus:t
455 444 481 466 et
502 447 618 466 interere
633 438 772 470 convenit,
787 442 881 464 nostra
900 444 965 464 vero
979 437 1023 463 la:-

227 486 279 513 tari
297 493 380 521 supra
400 486 525 513 modum.

263 532 398 567 Deinceps
414 532 518 567 itaque,
536 531 638 562 dilecti,
661 530 781 558 carceris
797 529 938 557 molestias
959 537 1023 564 per-

229 577 364 609 feramus,
391 585 423 605 ac
452 578 621 605 tentationes
647 585 708 611 qua:
738 577 917 611 impendent;
948 576 1022 603 istud

227 624 329 658 ipsum,
350 624 474 658 quotidie
488 624 570 656 mori,
587 623 773 650 testimonium
791 622 916 654 reddere,
929 623 1023 649 decer—

229 675 287 696 Iarc
310 669 399 704 quoad
428 677 517 703 ttsque
541 668 618 703 pacis
645 672 753 702 tempus
781 668 931 695 adveniat:
950 668 1022 702 quod

228 714 510 749 Dominusjudicavit
529 714 597 741 satis
621 722 683 741 esse
708 714 742 740 ad
765 721 860 740 eorum
881 714 1022 749 probatio-

228 769 291 788 nem
316 761 364 796 qui
389 760 567 793 conﬁtemur,
592 764 619 787 et
645 760 678 787 ad
700 760 832 787 ultionem
854 768 949 787 eorum
974 760 1022 795 qui

227 807 308 834 tidem
325 807 434 834 veritati
458 807 604 842 abrogant.
626 807 690 834 Dies
708 807 781 834 diem
799 806 891 833 trudat
908 814 958 841 per
972 813 1022 840 pa-

229 853 354 879 tientiam
377 857 404 880 et
420 853 590 880 alacritatem
607 861 614 879 ε
632 860 729 879 manus
744 853 938 887 qualecunque
952 859 1022 886 opus

228 905 358 933 operetur
381 899 498 934 :lingua
524 899 624 934 psallat
647 907 653 926 :
673 907 775 933 corpus
802 899 829 925 in
861 898 1020 926 servitutem

228 947 394 980 redigatur:
414 947 466 974 sibi
492 947 550 981 ipse
576 946 701 973 altendat
732 946 854 979 animus,
883 953 917 973 ne
947 946 1022 973 vitiis

228 992 330 1026 pandat
349 991 445 1019 fores:
464 997 493 1019 ut
507 1000 540 1019 eo
563 998 644 1027 pacto
669 992 790 1026 spatiosa
816 992 862 1019 liat
883 991 1019 1021 custodia,

227 1039 362 1073 gratiosa,
382 1038 517 1074 jucunda,
535 1039 638 1066 Christi
658 1039 790 1074 palatium
808 1046 815 1065 :
831 1047 894 1066 nam
919 1046 963 1066 res
983 1039 1023 1065 vi-

227 1086 309 1112 detur
331 1089 427 1113 contra
444 1093 473 1113 se
489 1085 601 1113 habere.
625 1085 712 1113 Penes
727 1094 777 1113 vos
792 1091 834 1113 est
857 1086 956 1113 ﬁducia
974 1093 1022 1113 eo-

227 1140 289 1159 rum
305 1133 353 1166 qui
372 1132 439 1159 foris
456 1137 531 1164 sunt,
550 1132 672 1159 virorum
692 1140 724 1159 ac
740 1133 898 1165 mulierum,
914 1133 1023 1159 monia-

227 1179 296 1205 lium
322 1186 355 1204 ac
379 1178 466 1213 plebis
484 1187 489 1204 :
517 1183 545 1204 et
563 1178 628 1212 jure
656 1179 760 1213 optimo
775 1188 782 1205 :
796 1179 1020 1214 quandoquidem

227 1225 332 1251 Christi
353 1223 487 1251 beneﬂcio
503 1224 549 1250 lux
565 1224 633 1251 estis
648 1224 782 1260 Byzantii,
799 1233 832 1252 ne
843 1226 932 1253 dicant
945 1226 1022 1252 orbis

229 1269 326 1296 totius.
341 1268 394 1296 Sed
411 1269 553 1296 diabolum
572 1269 732 1296 intueamur
746 1270 954 1297 interserentem
967 1269 1023 1296 fru-

228 1320 323 1342 mento
353 1315 458 1342 zizania
480 1319 531 1342 :et
554 1316 675 1351 spiritali
707 1315 799 1343 cribro
823 1315 902 1343 Iidem
927 1316 1022 1351 utique

228 1361 420 1394 admittamus,
443 1362 617 1390 excutiamus
632 1367 724 1390 autem
739 1362 854 1390 allectus
871 1372 877 1390 ε
892 1371 926 1390 tte
939 1363 1022 1398 spiri-

229 1408 291 1435 talis
311 1415 376 1443 ager
390 1409 594 1444 pessumdetur.
620 1408 722 1436 llabuit
743 1414 771 1436 et
790 1417 906 1445 magnus
919 1410 1022 1438 Paulus

227 1454 419 1487 cltarissimas,
441 1455 556 1490 Appiam
570 1455 606 1488 ⁸⁸,
625 1455 766 1483 Persidem
778 1456 802 1472 ⁸*
818 1465 824 1482 :
841 1461 869 1483 et
889 1456 1021 1484 Evodiam

229 1506 318 1534 rogat,
336 1506 363 1527 et
380 1501 542 1537 Syntychen
559 1502 737 1536 deprecatur,
753 1501 874 1536 ldipsum
890 1511 982 1536 sapere
995 1503 1021 1529 in
1035 1512 1057 1540 ο

227 1545 342 1572 Domino
354 1545 397 1573 ’τε
415 1551 546 1582 tanquam
572 1547 700 1574 laborum
718 1548 955 1583 certaminumque
976 1556 1022 1576 so-

228 1591 285 1618 cias
305 1595 332 1618 et
344 1591 505 1626 adiutrices.
530 1592 564 1619 Et
578 1592 681 1619 habere
701 1593 817 1619 omnino
836 1601 949 1621 necesse
968 1599 1021 1626 est,

227 1638 275 1664 sed
300 1638 534 1673 quemadmodum
561 1639 606 1667 ille
631 1639 737 1666 habuit.
757 1639 862 1667 Deinde
885 1641 974 1676 inquit
989 1642 1022 1668 de

226 1682 354 1711 Priscilla
370 1689 397 1710 et
411 1684 510 1719 Aquila
524 1691 532 1710 :
549 1684 692 1719 Siquidem
708 1693 757 1719 pro
774 1686 865 1712 anima
882 1694 939 1713 mea
965 1694 1022 1713 cer-

226 1730 294 1757 vices
309 1739 373 1757 suas
384 1735 578 1765 supposuerunt
589 1731 624 1758 ⁸³.

264 1776 346 1804 Vides
370 1777 474 1804 amoris
499 1778 638 1810 ardorem,
656 1783 683 1805 et
698 1779 822 1814 Apostoli
843 1780 1022 1808 commcnda-

227 1823 348 1850 tionem?
374 1823 430 1857 Sic,
453 1824 554 1851 fratres
574 1825 638 1857 mei,
655 1829 682 1852 et
709 1833 759 1853 IIOS
784 1829 811 1852 et
836 1833 894 1858 vos,
918 1827 1021 1861 pariter

227 1869 381 1896 habeamus
396 1873 424 1896 et
444 1870 647 1904 amplectamur
669 1878 716 1898 eas
730 1879 792 1905 qua:
813 1871 935 1906 ejusdem
954 1879 1021 1899 con-

226 1915 340 1942 ditionis
356 1922 388 1942 ac
403 1915 505 1947 meriti,
522 1915 602 1943 nobis
618 1915 755 1951 adjuncta:
771 1922 836 1944 sunt
854 1925 886 1944 ac
897 1918 994 1945 dediue
1011 1927 1018 1946 :

226 1967 304 1995 ut_et
328 1962 499 1997 glorilicetur
514 1963 596 1996 Deus,
617 1968 645 1991 et
662 1971 713 1991 nos
739 1964 940 1997 illuminemur,
964 1973 1018 1992 non

226 2009 405 2044 inquinentur
424 2014 515 2036 autem
537 2014 563 2037 et
584 2010 788 2044 perturbemur.
807 2010 844 2038 De
866 2011 944 2039 vobis
969 2013 1020 2038 tri-

225 2055 277 2082 bus
298 2055 332 2082 ad
348 2063 392 2082 tne
409 2055 545 2090 perlatum
561 2061 614 2089 est,
636 2057 813 2085 consociatos
831 2065 879 2085 vos
893 2065 955 2085 esse
971 2065 1019 2092 per

225 2104 415 2140 ptenitentiam
445 2109 473 2132 et
502 2106 686 2133 mutationem
713 2105 820 2133 Leontii
847 2115 854 2133 :
879 2110 906 2134 et
931 2106 1016 2133 Deum

225 2150 376 2184 glorificavi
399 2159 449 2186 ego
473 2156 614 2187 peccator,
630 2156 688 2179 tum
712 2153 747 2180 ob
766 2153 840 2180 illius
867 2153 1018 2189 mitigatio-

225 2204 299 2229 nem,
317 2198 340 2224 si
362 2197 446 2225 modo
466 2204 634 2232 perseveret,
651 2203 711 2226 tum
727 2200 763 2227 ob
781 2205 905 2227 vestrum
929 2204 1018 2227 certa-

225 2252 288 2272 nten
307 2255 312 2272 :
330 2244 415 2280 quod,
441 2249 571 2280 tanquam
589 2254 604 2273 e
625 2247 735 2273 camino
760 2247 832 2283 ignis
855 2252 910 2275 tres
929 2246 1019 2275 sancti

224 2291 315 2326 pueri,
335 2291 375 2319 sic
393 2295 420 2319 et
445 2291 496 2326 ipsi
522 2299 538 2318 e
564 2295 636 2319 tetro
660 2300 775 2320 carcere
798 2293 876 2321 illazsi
897 2294 1017 2327 cxiistis,

224 2342 343 2373 tyranno
356 2338 514 2372 perterrito.
536 2337 590 2365 Sed
608 2338 710 2371 adhuc,
728 2339 778 2366 viri
802 2341 920 2371 strenui.
935 2341 1017 2367 dimi-

224 2387 295 2416 cate,
312 2388 340 2410 et
354 2391 404 2411 vos
427 2383 461 2410 ad
483 2384 663 2411 tentationem
691 2390 849 2419 comparate
872 2394 959 2421 usque
982 2386 1016 2413 ad

224 2430 398 2466 sanguinem.
425 2429 488 2458 Htec
507 2430 580 2458 enim
605 2430 647 2458 lex
666 2431 791 2466 martyrii
816 2435 869 2459 est.
895 2433 957 2459 Sint
975 2432 1015 2459 illi

223 2476 360 2504 benedicti
386 2477 433 2512 qui
464 2484 512 2504 vos
536 2477 737 2509 corroborant,
768 2485 816 2504 seu
843 2478 937 2510 domi.
965 2487 1014 2506 seu

223 2524 300 2552 foris.
316 2522 373 2551 Nos
392 2523 486 2551 miseri
505 2531 616 2550 rursum
638 2523 726 2559 plagis
747 2524 809 2551 εκεῖ
830 2532 927 2552 sumus
944 2533 950 2552 :
967 2526 1013 2552 sed

222 2578 285 2597 cum
301 2570 451 2604 gratiarum
470 2571 579 2596 actione
597 2570 756 2604 excepimus
772 2578 779 2596 :
793 2574 821 2597 et
835 2578 909 2598 nunc
926 2571 1014 2606 magis

221 2618 305 2645 etiam
320 2617 401 2643 nobis
415 2617 565 2651 placemus.
584 2615 674 2648 Quare
689 2624 739 2644 nec
751 2624 799 2644 vos
810 2617 1013 2646 contristentini

222 2664 249 2690 in
268 2663 423 2690 humilitate
438 2667 550 2695 nostra;
575 2662 621 2690 sed
644 2661 762 2696 gaudete
775 2663 878 2697 potius,
896 2667 923 2690 et
938 2668 1014 2690 orate

221 2713 251 2736 ut
261 2709 401 2735 valeamus
417 2708 507 2735 adhuc
523 2708 549 2734 in
566 2707 709 2740 omnibus,
724 2713 752 2735 et
763 2716 795 2735 ea
815 2709 934 2736 tolerare
951 2716 1012 2744 quae

218 2762 237 2781 ει
255 2754 437 2788 potestatibus
458 2751 624 2785 inferuntur,
648 2757 676 2780 et
700 2760 734 2780 ea
749 2753 887 2781 sustinere
901 2761 962 2789 quae
976 2754 1011 2781 ab

827 106 857 137 S.
869 103 1067 135 THEODORI
1094 103 1268 134 STUDlT:E

1074 159 1180 190 τεῦθεν,
1192 159 1230 190 ὡς
1241 159 1274 184 ἂν
1285 158 1394 193 γνῶμεν
1406 158 1446 185 ὅτι
1460 157 1596 185 ἀκόλουθα
1608 160 1667 191 ταῖς
1677 159 1734 186 ἄνω
1746 162 1870 193 γενεαῖς,

1075 206 1122 231 καὶ
1136 205 1185 241 τὴν
1201 205 1263 232 καθ’
1277 207 1353 241 ἡμᾶς
1369 207 1382 232 ὁ
1397 206 1464 237 Θεὸς
1478 206 1635 232 ἐπισκοπῶν
1649 208 1803 233 ὲπισκοπεί⁶
1821 207 1871 234 καὶ

1075 252 1121 277 ὑπ’
1135 251 1196 286 ὄψιν
1214 252 1302 287 ἤγαγε
1319 253 1349 278 τὺ
1363 252 1526 288 μαρτύριον,
1545 252 1585 278 ὁτι
1601 252 1798 288 ἡλλοτρίωνται
1816 253 1870 279 αὐ-

1074 298 1122 324 τοῦ
1141 299 1167 324 οἱ
1187 298 1236 333 τῆς
1261 298 1364 330 εἰκόνος
1387 298 1515 334 ἁρνηταί.
1532 299 1563 325 El
1585 298 1639 333 γὰρ
1654 299 1700 324 τοῦ
1717 298 1871 333 κορυφαίου

1074 344 1127 371 εἰσὶ
1140 344 1347 380 διερρηγμὲνοι,
1360 345 1414 371 τῶν
1426 353 1455 371 τε
1467 345 1569 380 ἐτέρων
1579 344 1663 380 τριῶν
1675 345 1870 380 πατριαρχῶν·

1073 391 1175 426 δηλαδὴ
1189 392 1237 417 καὶ
1252 392 1299 418 τοῦ
1315 391 1450 427 Χριστοῦ,
1466 391 1494 423 ὃς
1507 390 1612 426 κεφαλὴ
1626 390 1682 417 τῶν
1697 392 1869 426 προειρημέ-

1073 445 1137 464 νων·
1154 438 1202 464 καὶ
1215 438 1324 464 πενθεῖν
1337 438 1397 464 ἐστι
1414 439 1461 464 καὶ
1475 437 1687 472 σκυθρωπάζειν
1704 437 1748 464 ἐπ’
1762 438 1868 470 αὐτοῖς·

1074 484 1139 519 ἡμῖν
1154 484 1183 510 δὲ
1200 484 1306 520 χαίρειν
1323 485 1395 519 μέγα
1413 485 1460 511 καὶ
1473 484 1624 519 ὑπερφυές.

1115 530 1288 566 Ἑνέγκωμεν
1310 531 1356 557 οὖν
1373 531 1466 557 λοιπὸν
1478 550 1485 562 ,
1507 531 1663 566 ἀγαπητοὶ,
1685 531 1720 557 τὰ
1738 531 1871 558 θλιπτικὰ

1072 577 1123 612 τῆς
1133 577 1267 611 φυλακῆς·
1282 577 1316 604 τὰ
1329 576 1546 612 προσδοκώμενα
1556 577 1596 603 ἔτι
1611 579 1788 613 πειρατήριον
1801 577 1871 604 αὐτὸ

1072 623 1164 657 τοῦτο,
1190 623 1375 658 ἀποθνήσκειν
1396 623 1569 658 καθημέραν,
1589 625 1756 659 μαρτυρεῖν,
1775 624 1870 650 ἀθλεῖν

1073 669 1126 701 ἕως
1140 669 1173 696 ἂν
1187 670 1286 704 ἐπιστῇ
1301 670 1314 695 ὀ
1332 670 1429 704 καιρὸς
1442 669 1492 704 τῆς
1507 670 1629 704 εἰρήνης’
1643 669 1672 695 ὃν
1684 669 1698 695 ὁ
1710 669 1813 705 Κύριος
1825 670 1871 696 δε-

1072 716 1219 750 δοκίμακεν
1241 715 1398 750 ἀρκούντως
1412 715 1485 750 ἔχειν
1503 716 1543 746 εἰς
1558 715 1680 749 δοκίμιον
1699 715 1754 742 τῶν
1769 716 1871 751 ὁμολοο

1073 761 1203 795 γούντων,
1232 762 1279 788 καὶ
1305 761 1485 796 ἀνταπόδομα
1508 761 1562 787 τῶν
1592 761 1789 788 ἀπειθούντων.
1837 761 1870 788 'H

1074 809 1165 844 ἡμέρα
1187 807 1237 843 τὴν
1258 807 1366 843 ἡμέραν
1387 807 1572 840 διαϐιϐαζέτω
1598 807 1632 834 δι’
1657 807 1798 843 ὑπομονῆς
1821 808 1870 834 καὶ

1073 854 1239 890 προθυμίας
1255 855 1272 889 ἡ
1295 854 1357 889 χεὶρ
1377 853 1537 889 ὲργαζέσθω
1555 853 1748 889 οἱονδηποτοῦν
1765 854 1849 889 ἔργον
1861 862 1868 870 ·

1072 901 1103 926 τὸ
1119 901 1206 935 στόμα
1218 899 1357 935 ψαλλέτω’
1373 900 1403 926 τὸ
1416 900 1497 935 σῶμα
1511 900 1750 934 δουλαγωγείσθω·
1770 901 1785 926 ὁ
1806 899 1870 931 νοῦς

1063 947 1232 983 ,προσεχέτω
1245 946 1352 982 ἑαυτῷ-
1371 946 1409 982 μὴ
1425 947 1546 981 ἀνοίγειν
1562 946 1647 982 θύραν
1669 947 1726 978 τοῖς
1740 946 1868 973 πάθεσινυ

1072 995 1109 1026 ὡς
1123 994 1155 1021 ἂν
1174 995 1191 1029 ὴ
1206 994 1315 1029 φυλακὴ
1330 993 1488 1031 εὐρύχωρος
1509 992 1580 1026 εἷεν,
1605 994 1778 1029 εὐχάριστος,
1800 995 1869 1028 γλυ-

1073 1041 1145 1070 κεῖα,
1165 1039 1297 1066 παλάτιον
1312 1038 1442 1073 Χριστοῦ.
1461 1039 1498 1065 Τὸ
1513 1039 1569 1074 γὰρ
1582 1039 1707 1066 ἐναντίον
1718 1039 1868 1074 πρόδηλον.

1072 1086 1168 1117 Πιστις
1181 1085 1257 1120 παρὰ
1273 1085 1327 1112 τῶν
1345 1084 1446 1117 ἔξωθεν
1467 1085 1536 1120 πρὸς
1551 1086 1635 1120 ὑμᾶς,
1651 1085 1757 1121 ἀνδρῶν
1773 1095 1803 1112 τε
1821 1086 1869 1113 καὶ

1072 1131 1226 1166 γυναικῶν·
1249 1131 1425 1166 μοναζουσῶν
1445 1140 1475 1158 τε
1491 1133 1540 1158 καὶ
1557 1121 1699 1166 μιγάδων..
1717 1132 1773 1158 Καὶ
1797 1133 1871 1159 εἰχό-

1071 1185 1137 1210 τως*
1150 1177 1211 1204 ἐπεὶ
1226 1178 1282 1212 φῶς
1295 1179 1356 1204 ἐστε
1372 1177 1467 1213 χάριτι
1482 1177 1602 1213 Χριστοῦ
1622 1178 1671 1213 τῆς
1690 1177 1866 1209 Βυζαντίδσς·

1073 1223 1117 1249 ἴνα
1138 1223 1176 1258 μὴ
1192 1223 1273 1255 εἴπω,
1290 1223 1352 1249 ὅλου
1367 1223 1415 1249 τοῦ
1431 1223 1546 1258 κόσμου.
1571 1223 1653 1250 Ἀλλὰ
1665 1224 1809 1258 βλέπωμεν
1823 1224 1870 1250 τὸν

1073 1269 1268 1304 ὲπισπείροντα
1280 1269 1320 1304 τῷ
1333 1269 1399 1304 σίτῳ
1414 1269 1522 1302 ζιζάνια
1535 1269 1660 1296 διάϐολον
1670 1277 1677 1284 ·
1690 1270 1738 1296 xui.
1754 1269 1793 1304 τῷ
1808 1270 1869 1296 δια-

1073 1313 1192 1349 νοητικῷ
1206 1314 1326 1349 κοσκίνῳ
1339 1314 1389 1349 τὴν
1412 1314 1462 1349 μὲν
1477 1315 1570 1341 πίστιν
1582 1315 1762 1350 προσιέμεθα·
1777 1315 1828 1346 τὰς
1841 1316 1870 1342 δὲ

1074 1361 1182 1396 σχέσεις
1191 1360 1416 1395 ἁποσεισώμεθα·
1430 1360 1475 1387 ἵνα
1489 1360 1528 1397 μὴ
1540 1361 1556 1394 ὴ
1570 1360 1672 1395 ψυχικὴ
1689 1360 1767 1396 χώρα
1779 1361 1870 1396 λυμή-

1072 1416 1164 1442 νηται.
1192 1404 1256 1442 Εἶχε
1280 1407 1328 1433 καὶ
1350 1407 1456 1438 Παῦλος
1472 1407 1486 1434 ὁ
1512 1407 1600 1442 μέγας
1625 1407 1790 1442 ὰγαπητάς·
1818 1407 1869 1442 τὴν

1079 1453 1209 1488 ’Δπφιαν,
1223 1453 1273 1488 τὴν
1290 1453 1419 1487 Περσίδα,
1439 1454 1489 1480 καὶ
1501 1453 1624 1480 Εὺωδίαν
1639 1453 1806 1488 παρακαλεῖ,
1820 1454 1869 1480 καὶ

1073 1498 1213 1534 Συντύχην
1229 1499 1387 1535 παρακαλεῖ
1403 1499 1433 1526 τὸ
1448 1499 1515 1526 αὐτὸ
1530 1500 1642 1534 φρονεῖν
1660 1501 1689 1526 ἐν
1703 1499 1809 1535 Κυρίῳ·
1831 1500 1869 1531 ὡς

1073 1545 1269 1580 συγκοπιώσας
1282 1545 1330 1572 καὶ
1345 1545 1530 1577 συναθλούσας
1545 1546 1592 1572 καὶ
1611 1546 1800 1578 διακονούσας.
1814 1547 1868 1572 Καὶ

1072 1591 1222 1624 ἀναγκαῖον
1234 1591 1343 1622 πάντως
1356 1590 1439 1626 ἔχειν·
1452 1591 1510 1618 ἀλλ’
1522 1591 1606 1626 ἔχειν,
1618 1591 1656 1622 ὡς
1668 1589 1741 1626 εἶχεν
1752 1592 1867 1623 ἐκεῖνος.

1079 1636 1156 1663 Ἐπεί
1172 1645 1239 1672 φησι
1262 1637 1327 1673 περὶ
1350 1637 1519 1673 Πρισκίλλης
1535 1638 1583 1664 καὶ
1613 1637 1731 1665 Ἀκὺλα-
1753 1639 1869 1671 Οἴτη-ες

1071 1683 1148 1717 ὑπὲρ
1167 1682 1222 1717 τῆς
1239 1683 1344 1719 ψυχῆς
1357 1693 1419 1719 μου
1442 1685 1497 1711 τὸν
1511 1684 1622 1711 ἑαυτὸν
1638 1685 1794 1719 τράχηλον
1813 1686 1868 1712 ὐπ-

1071 1727 1198 1762 έθηκαν.

1113 1783 1195 1819 Ὀρᾷς
1209 1783 1239 1810 τδ
1252 1784 1354 1820 θερμὸν
1367 1785 1417 1820 τῆς
1427 1785 1551 1820 ἀγάπης,
1571 1785 1619 1812 καὶ
1642 1785 1692 1821 τὴν
1721 1786 1867 1813 ἀποστολιο

1071 1828 1122 1864 κὴν
1136 1830 1290 1865 ὰποδοχήν;
1315 1831 1419 1863 Οὕτως,
1446 1832 1556 1866 ἀδελφοί
1576 1841 1638 1868 μου,
1657 1832 1705 1859 καὶ
1721 1834 1804 1868 ἡμεῖς
1822 1835 1868 1860 καὶ

1071 1874 1163 1909 ὑμεῖς,
1189 1876 1237 1902 καὶ
1258 1876 1367 1911 ἔχωμεν
1384 1878 1431 1904 καὶ
1454 1877 1643 1914 ἀσπαζὼμεθα
1666 1879 1716 1911 τὰς
1739 1880 1768 1906 ὲν
1792 1880 1867 1912 τάξει

1070 1919 1125 1946 τῶν
1137 1920 1268 1948 τοιούτων
1287 1924 1352 1958 ἡμῖν
1375 1924 1591 1959 καθισταμένας.
1615 1926 1660 1957 Ὧς
1675 1926 1709 1953 ἂν
1723 1926 1868 1962 δοξάζηται

1070 1966 1084 1992 ὁ
1095 1966 1173 1999 Θεὸς,
1187 1968 1235 1994 καὶ
1250 1968 1426 2005 φωτίζωμεν·
1442 1969 1511 1996 ἀλλὰ
1530 1971 1568 2006 μὴ
1586 1970 1731 2006 θολὼμεθα
1744 1973 1791 1998 καὶ
1804 1981 1868 2006 συγ-

1070 2011 1208 2046 χεώμεθα.
1222 2013 1375 2041 Ἧκουσταί
1393 2023 1438 2049 μοι
1459 2016 1525 2050 περὶ
1546 2015 1624 2051 ὑμῶν
1637 2016 1692 2043 τῶν
1708 2017 1792 2052 τριῶν
1803 2038 1810 2049 ,
1826 2018 1867 2044 ὅτι

1069 2057 1193 2094 ἡνώθητε
1213 2059 1266 2086 ὑπὸ
1288 2061 1474 2096 μεταμελείας
1489 2062 1536 2088 τοῦ
1552 2063 1682 2089 ταπεινοῦ
1704 2062 1790 2099 [Reg.
1806 2066 1867 2092 cod.

1069 2103 1200 2141 ἐλεεινοῦ]
1219 2106 1360 2139 Λεοντίου,
1386 2108 1434 2134 καὶ
1454 2107 1500 2134 τὸν
1523 2108 1590 2135 Θεὸν
1612 2109 1728 2142 ἐδόξασα
1743 2110 1757 2135 6
1774 2111 1868 2146 ἁμαρ-

1070 2151 1166 2183 τωλὸς,
1183 2151 1230 2178 ἐπί
1244 2160 1274 2178 τε
1290 2154 1323 2188 τῇ
1342 2153 1506 2188 μετοκλάσει
1520 2154 1626 2181 ἐκείνου
1637 2163 1644 2170 ·
1655 2154 1735 2190 ετπερ
1751 2156 1797 2182 καὶ
1810 2156 1868 2182 δια-

1073 2197 1173 2233 μεινοι·
1191 2199 1239 2225 καὶ
1255 2201 1288 2234 τῇ
1303 2199 1426 2236 ὑμετέρᾳ
1447 2200 1603 2236 ὲναθλήσειο
1627 2201 1669 2228 ὃτι
1690 2201 1728 2233 ὡς
1746 2202 1800 2228 ἀπὸ
1817 2211 1867 2228 κα-

1070 2244 1151 2276 μίνου
1166 2245 1254 2280 πυρὸς
1268 2246 1293 2271 οῐ
1317 2246 1391 2280 ἅγιοι
1406 2247 1482 2281 τρεῖς
1502 2247 1596 2280 παῖδες
1607 2268 1615 2279 ,
1632 2248 1727 2274 καύτοὶ
1743 2248 1798 2275 τῶν
1813 2249 1867 2276 δει-

1068 2290 1123 2317 νῶν
1147 2291 1277 2325 φυλακῶν
1298 2293 1403 2324 ἀσινεῖς
1426 2293 1620 2329 ἐξεληλύοατε,
1642 2295 1867 2329 καταπλήξαντες

1068 2336 1113 2362 τὸν
1124 2336 1267 2372 τύραννον.
1289 2337 1360 2364 Ἀλλ’
1372 2338 1422 2370 ἔτι,
1436 2339 1558 2372 γενναῖοί
1574 2348 1636 2374 μου,
1652 2339 1802 2366 ὲναθλοῖτε·
1821 2347 1868 2371 καὶ

1067 2383 1099 2410 τὸ
1111 2384 1294 2420 πειρασθῆναι
1315 2385 1494 2420 ἑτοιμάζεσθε
1513 2386 1609 2421 μέχρις
1629 2387 1758 2421 αἵματος.
1772 2388 1866 2414 Τοιοῦ-

1068 2437 1115 2461 τος
1138 2430 1193 2466 γὰρ
1211 2431 1226 2457 ὁ
1250 2431 1332 2466 νόμος
1348 2431 1400 2466 τῆς
1418 2432 1583 2467 μαρτυρίας.
1601 2432 1824 2468 Εὑλογηθειησαν
1840 2435 1865 2460 οἱ

1069 2477 1198 2504 ἀλεῖπται
1227 2478 1316 2513 ὑμῶν,
1339 2478 1363 2504 oi
1385 2478 1493 2504 ἔνδοθεν
1516 2479 1563 2504 καὶ
1586 2477 1695 2511 ἔξωθεν.
1721 2479 1817 2514 Ἡμεῖς
1840 2481 1864 2505 οξ

1068 2523 1240 2558 ταλαίπωροι
1268 2523 1316 2549 καὶ
1342 2522 1422 2554 αὖθις
1449 2523 1701 2558 ὲμαστιγώθημενο
1733 2524 1793 2550 ἀλλ’
1819 2524 1864 2550 εὖ-

1068 2570 1206 2605 χαρίστως
1219 2569 1383 2605 ἐδεξάμεθα·
1397 2569 1444 2595 καὶ
1458 2568 1625 2604 εὐδοκοῦμεν
1638 2569 1738 2604 μᾶλλον
1754 2571 1801 2596 καὶ
1815 2571 1863 2602 ἔτι,

1068 2617 1151 2642 Ὥστε
1168 2616 1247 2650 ὑμεῖς
1264 2617 1302 2652 μὴ
1319 2616 1433 2642 ἀνιᾶσθε
1458 2617 1486 2643 ὲν
1510 2617 1543 2651 τῇ
1570 2615 1736 2643 ταπεινώσει
1765 2616 1842 2651 ἡμῶν
1855 2637 1862 2647 ,

1063 2661 1132 2688 ἀλλὰ
1150 2661 1251 2696 μᾶλλον
1268 2661 1392 2696 χαίρετε,
1408 2661 1457 2688 καὶ
1473 2661 1657 2696 προσεύχεσθε
1673 2661 1778 2696 ἰσχύειν
1791 2662 1865 2696 ἡμᾶς

1066 2707 1106 2733 ἑτι
1121 2708 1150 2733 ὲν
1163 2707 1246 2734 πᾶσιν
1256 2715 1264 2722 ·
1280 2707 1365 2734 οἴσειν
1379 2715 1409 2733 τε
1425 2707 1473 2733 καὶ
1487 2707 1520 2734 τὰ
1535 2707 1611 2742 παρὰ
1623 2707 1678 2734 τῶν
1695 2706 1866 2739 ὲξουσιαζόν-

1065 2763 1119 2781 των
1134 2754 1305 2789 ὲπαγόμενα·
1327 2753 1422 2790 φέρειν
1435 2762 1465 2780 τε
1480 2754 1528 2780 καὶ
1542 2753 1576 2780 τὰ
1593 2753 1668 2789 παρὰ
1683 2753 1732 2780 τοῦ
1749 2754 1863 2790 dog.th

255 2843 278 2858 ⁸³
291 2842 408 2870 [’ailcm.
426 2851 443 2875 ι,
464 2844 489 2870 t.
527 2842 549 2858 υ
564 2841 643 2870 Rom.
663 2849 718 2875 nt,
738 2842 781 2870 te.
822 2843 843 2859 ⁸⁷
859 2842 978 2879 Philipp.
990 2851 1028 2878 tv,
1040 2844 1068 2872 2.
1106 2843 1221 2871 “Rom.
1241 2850 1296 2876 1m,
1310 2842 1335 2870 4.
