1923 3078
63 118 124 150 Ῑὲ93

647 112 917 143 EPISTOLARUM
941 111 1015 141 LIB.
1034 110 1075 140 ΙΙ.

1606 103 1674 135 1294

61 170 178 205 πολεμίου
207 168 288 204 “leg.
310 168 368 195 cod.
393 166 532 202 πολέμου]
548 165 774 200 υνμεαλλὸμενα,
793 165 841 190 σὺν

903 164 1023 191 nvisibili
1039 163 1116 190 hoste
1127 162 1329 197 conjiciuntur;
1345 169 1398 189 una
1411 169 1472 189 cum
1491 161 1574 189 fratre
1588 160 1670 188 Nieo-

60 217 97 252 τῷ
119 214 220 250 ἀδελρῷ
241 213 370 248 Νικολάῳ
384 221 390 227 ·
416 213 446 244 ὃς
471 213 518 239 καὶ
544 212 743 247 προσαγορεύει
767 211 839 246 ὑμᾶς

61 261 216 296 θερμότατα.
238 257 432 293 Μνημονεύετέ
453 266 504 292 μου
526 257 581 284 τῶν
607 256 779 291 στεναγμῶν.
808 255 840 282 Ἡ

60 308 133 343 χάρις
146 306 203 341 μεθ’
216 305 305 340 ὑμῶν.
325 305 421 340 Ἀμήν.

171 362 230 389 ΞΖ’.
249 377 285 381 -
301 361 477 395 Ναυκρατίῳ
494 360 598 392 τέκνῳ.
617 359 716 396 [υμζ¹.]

892 211 935 238 lao
951 210 998 245 qui
1014 217 1063 238 vos
1079 214 1252 244 peramanter
1268 209 1379 236 salutat.
1400 207 1564 236 Mementote
1583 207 1676 242 suspi-

893 257 995 284 riorum
1012 262 1149 282 meorum.
1170 254 1262 281 Gratia
1279 254 1429 282 vobiscum.
1448 254 1545 280 Anien.

1101 353 1180 380 LVII.
1195 368 1230 374 —-
1245 352 1390 379 Naucralio
1406 352 1471 386 ﬁlio.

59 417 178 450 Captivum
188 424 236 449 pro
246 417 343 442 Christo
354 417 448 441 solatur
461 415 647 450 conﬁrmatque.
659 422 704 450 spe
717 413 824 450 priami:
834 414 870 438 De
884 411 1182 450 quorumdamilapsorum
1203 409 1349 441 poenitentia
1370 408 1504 439 respondet
1518 416 1523 432 :
1537 414 1633 432 necnon
1645 407 1678 432 de

617 441 738 477 aliquibus
750 445 885 475 imaginum
895 441 1106 472 inscriptionibus.
1269 456 1273 459 -

95 501 157 537 Παρ’
167 500 262 526 ἐλπίδα
275 500 335 535 μὲν,
348 500 393 526 ἐπ’
405 499 494 526 ἐλπίδι
507 499 535 526 δὲ
548 500 632 534 ὅμως,
645 498 779 533 ἐδεξάμην
791 505 837 523 σου

58 548 106 584 τὴν
124 546 266 581 ἐπιστολὴν
277 565 284 577 ,
300 546 391 581 τίμιον
410 546 519 572 τέκνον·
535 546 566 572 τὸ
586 545 705 580 πρῶτον,
723 544 767 570 διὰ
791 544 839 578 τὴν

59 594 208 627 ὲπίσφιγξιν
225 592 276 627 τῆς
291 592 416 627 φυλακῆς
430 592 460 624 ἐξ
469 591 623 627 ἐπιτροπῆς
637 592 683 617 τοῦ
695 590 837 625 βασιλέως·

59 640 90 666 τὸ
99 638 282 674 δεύτερον,διὰ
294 638 344 673 τὴν
357 638 543 673 ὑπεράπειρον
556 637 711 671 ἀγαθότητα
719 635 764 662 τοῦ
779 635 840 670 φιλ-

60 686 197 721 ανθρώπου
218 685 286 711 θεοῦ
297 693 304 700 ·
318 685 351 711 δι’
372 685 444 720 ὑμᾶς
459 685 523 716 τοὺς
539 684 634 718 ἁγίους
649 683 696 710 καὶ
709 683 743 708 τὰ
759 682 839 717 ἡμῶν

58 734 111 759 τῶν
124 731 292 766 ἁμαρτωλῶν
309 729 338 757 εὖ
361 730 562 765 διατιθεμένου·
588 730 640 756 κᾶν
656 729 681 754 οἱ
703 727 840 763 ἄνθρωποι

57 777 255 809 δυσδιεξόδευτα
276 776 426 811 πειρῶνται
447 776 552 810 φέρειν.
574 775 628 801 Καὶ
643 774 670 800 τί
686 773 766 805 εἴπω,
784 773 801 807 ἢ
816 772 842 798 τί

57 822 185 856 διανοηθῶ
194 823 207 848 ὁ
219 822 301 852 τάλας
312 829 319 853 ;
332 821 397 855 ἢὸτι
421 821 523 847 Πάντα
533 819 567 846 τὰ
578 818 653 846 ὀστᾶ,
660 828 719 854 μου
728 818 841 851 ἐροῦσι,
858 836 879 863 Β

58 869 153 902 Κύριε,
166 868 263 902 Κύριε,
280 868 326 899 τίς
340 866 442 901 ὅμοιός
454 873 503 892 σοι
515 874 524 897 ;
550 865 709 900 Ῥυόμενος
722 864 843 897 πτωχὸν

58 916 91 941 ἐκ
106 914 202 949 χειρὸς
214 913 419 948 στερεωτέίων
433 912 537 939 αὑτοῦ.
556 910 630 946 Αὕτη
647 920 697 946 μου
711 912 728 944 ἡ
746 910 842 946 πρώτη

59 962 133 996 φωνὴ
148 961 193 987 τοῦ
207 959 327 995 οἰκτροῦ·
342 959 393 986 κᾶν
403 960 436 985 ὲκ
446 958 595 993 Δαυῖτικῆς
607 958 688 992 ᾠδῆς.
702 957 842 991 Δεύτερον,

59 1008 100 1034 ὅτι
122 1007 169 1033 καὶ
192 1005 356 1040 ἀδολεσχίας
369 1004 480 1038 ἀνείθην
506 1005 640 1038 ἀναγνοὺς
662 1004 693 1030 τὸ
716 1004 842 1038 γράμμον

59 1053 120 1079 ἐπεὶ
134 1044 211 1085 εὗρον
228 1052 277 1086 τὴν
294 1050 431 1086 μέθειρξίν
448 1058 494 1076 σου
513 1049 600 1081 οὕτως
610 1050 724 1084 ἔχουσαν
736 1049 774 1082 ὡς
790 1050 843 1076 ὲὸῖ-

59 1097 149 1129 εαξας.
172 1097 265 1131 Ἦμην
279 1096 334 1131 γὰρ
357 1095 509 1131 προμαθὼν
531 1096 570 1122 ὅτι
592 1095 672 1130 μόνον
696 1104 845 1130 μετεφρου-

63 1143 156 1177 ρήθης.
175 1141 310 1177 Εὐψύχει,
331 1141 442 1175 ἀδελφὲ,
457 1141 505 1168 καὶ
526 1141 683 1176 εὐφραίνου,
699 1141 738 1167 ὃτι
753 1141 844 1172 καθὼς

60 1187 201 1218 πλεονάζει
215 1187 249 1212 τὰ
268 1186 420 1221 παθήματα
434 1185 481 1212 τοῦ
497 1186 617 1221 Χριστοῦ
632 1187 672 1217 εἰς
686 1186 727 1217 σὲ,
745 1187 791 1212 καὶ
804 1187 845 1218 εὶς

59 1234 120 1265 τοὺς
134 1233 288 1268 ὁμόφρονας
304 1241 351 1258 σου
363 1233 412 1259 καὶ
423 1233 592 1267 ὁμοτρόπους
608 1241 650 1259 σοι
660 1241 667 1247 ·
681 1232 752 1259 οὓτω
768 1234 814 1259 καὶ
828 1234 845 1269 ἡ

60 1279 242 1314 παράκλησις,
260 1279 308 1304 καὶ
323 1279 336 1304 6
351 1278 456 1313 μισθὸς,
473 1279 519 1304 καὶ
531 1278 560 1304 τὸ
573 1278 659 1309 κλέος.
673 1278 728 1304 Καὶ
743 1278 800 1309 πῶς
813 1278 846 1305 ἂν

59 1323 132 1360 εἶχεν
149 1325 189 1356 εἰς
206 1324 360 1359 τούμφανὲς
375 1324 462 1350 ἐλθεῖν
483 1325 518 1350 τὰ
538 1324 622 1358 σκεύη
645 1325 694 1358 τῆς
715 1324 845 1358 ἐκλογῆς,

59 1373 82 1398 εἰ
107 1372 145 1408 μὴ
171 1372 264 1406 παρῆν
281 1371 315 1397 τὰ
338 1371 491 1402 σκάνδαλα,
512 1371 742 1406 παραχωροῦντος
765 1371 845 1402 Θεοῦ,

59 1416 119 1447 τοὺς
145 1416 196 1451 μὲν
216 1416 359 1447 ποιοῦντας
384 1416 454 1442 αὐτὰ
475 1415 627 1447 δεικνύντος
649 1412 700 1441 οἷοι
722 1414 786 1445 εἷεν,
809 1416 847 1447 ὼς

59 1461 168 1493 ζιζάνια
184 1460 342 1496 τηρούμενα
361 1461 401 1492 εἰς
415 1461 513 1487 καῦσιν
534 1461 621 1495 πυρὸς
644 1461 768 1487 αἰωνίου·
783 1462 846 1492 τοὺς

929 495 1030 521 Praeter
1055 501 1132 528 spem
1161 493 1281 528 quidem,
1304 496 1332 519 at
1354 491 1432 526 juxta
1466 499 1541 526 spem
1577 497 1676 522 tamen,

892 539 984 573 accepi
1001 539 1107 565 litteras
1122 542 1194 569 tuas,
1216 537 1252 564 [ili
1274 536 1423 564 reverenda
1439 545 1445 563 :
1460 536 1588 566 alterunt,
1605 537 1679 570 quod

893 585 974 620 jussu
1000 584 1073 619 regis
1101 583 1205 610 arctior
1232 583 1267 610 sit
1290 583 1434 609 custodia:
1453 582 1580 612 alterum,
1607 582 1679 613 quod

893 633 1027 657 immensa
1043 628 1250 656 clementissimi
1275 627 1320 654 Dei
1336 627 1491 662 benignitas
1507 626 1553 659 sit,
1570 632 1680 661 propter

892 684 942 704 vos
957 675 1005 711 qui
1025 675 1113 702 sancti
1132 675 1209 707 estis,
1227 681 1270 701 res
1291 681 1402 708 quoque
1419 678 1538 702 nostras,
1554 673 1599 707 qui
1620 680 1681 707 pec-

894 727 1004 750 catores
1028 729 1135 752 sumus,
1159 720 1268 755 egregie
1280 719 1449 747 fortunantis
1466 729 1472 746 :
1488 720 1614 753 quamvis
1639 726 1681 746 co-

894 773 995 795 nentur
1019 767 1146 794 homines
1170 766 1292 794 diiﬁcilia
1321 772 1415 792 creare
1433 766 1554 800 negotia.
1576 764 1681 800 Ecquid

895 822 977 849 porro
993 813 1094 845 dicam,
1106 818 1153 840 aut
1168 812 1234 848 quid
1251 811 1379 847 cogitabo
1401 812 1496 843 miser,
1521 812 1573 837 nisi
1589 810 1682 838 istud?

895 860 993 887 Omnia
1007 867 1069 886 ossa
1085 867 1142 886 men
1160 859 1247 884 dicent
1263 865 1272 884 .'
1289 858 1408 889 Domine,
1427 856 1549 889 Domine,
1569 857 1627 891 quis
1643 856 1681 883 si-

893 905 965 932 milis
991 905 1060 931 tibi?
1087 904 1209 938 Eripiens
1237 903 1339 938 inopem
1368 903 1400 929 de
1431 910 1510 929 manu
1541 902 1682 936 fortiorth

893 951 949 986 ejus
960 952 996 980 ⁸³.
1016 951 1092 978 Hanc
1116 951 1232 986 primam
1254 958 1349 977 vocem
1366 950 1450 977 miser
1465 951 1571 981 emitto,
1593 957 1683 983 quau-

894 1007 976 1034 quam
1001 1006 1035 1026 ex
1057 998 1187 1025 Davidieo
1212 997 1347 1024 carmine.
1369 995 1432 1023 Ilmc
1450 995 1548 1023 deinde
1575 995 1681 1026 altera;

895 1045 968 1081 quod
983 1045 1090 1072 solutus
1105 1051 1166 1071 sum
1184 1043 1279 1070 labore
1294 1042 1451 1077 prolixioris
1467 1040 1614 1071 sermonis,
1637 1040 1682 1066 ubi

896 1091 1020 1118 libellum
1044 1091 1098 1124 legi
1120 1100 1127 1117 :
1146 1089 1367 1124 quandoquidem
1388 1087 1510 1114 intellexi
1533 1087 1574 1114 sic
1588 1094 1618 1114 se
1634 1087 1683 1112 lia-

895 1139 961 1166 bere
972 1137 1160 1173 captivitatem
1176 1143 1250 1164 tuam
1264 1134 1497 1170 quemadmodum
1512 1133 1682 1160 insinuaras.

896 1182 978 1210 Prius
1001 1183 1075 1210 enim
1095 1182 1245 1209 didiceram
1262 1186 1288 1208 te
1312 1188 1398 1208 unum
1420 1180 1447 1207 in
1465 1187 1575 1207 carcere
1592 1179 1685 1206 deteri-

897 1235 965 1257 tum.
981 1229 1057 1256 Forti
1077 1233 1104 1256 et
1126 1235 1225 1263 magno
1241 1227 1333 1254 animo
1347 1231 1418 1259 esto,
1446 1226 1540 1258 frater,
1555 1231 1583 1253 et
1597 1226 1685 1260 gaude

870 1283 872 1285 ‘
896 1277 970 1312 quod
986 1275 1219 1311 quemadmodum
1234 1273 1374 1301 abundant
1390 1273 1534 1308 passiones
1544 1272 1646 1299 Christi
1657 1273 1684 1299 in

896 1327 933 1354 te,
961 1325 988 1348 et
1015 1321 1043 1348 in
1072 1329 1121 1349 eos
1143 1321 1245 1356 quibus
1270 1320 1351 1347 iidem
1370 1327 1471 1348 sensus
1493 1319 1686 1354 assimilesque

897 1368 1058 1401 mores;sic
1074 1368 1125 1394 erit
1140 1371 1168 1394 et
1180 1366 1347 1398 consolatio,
1368 1370 1395 1393 et
1405 1372 1523 1397 merces,
1538 1369 1566 1392 et
1584 1365 1683 1400 gloria.

897 1414 966 1440 Nam
981 1421 1037 1447 quo
1056 1417 1135 1448 pacto
1154 1411 1299 1440 manifesta
1322 1413 1419 1439 fierent
1438 1419 1503 1439 vasa
1527 1411 1685 1443 electionis,

898 1460 952 1486 nisi
972 1459 1101 1486 scandala
1127 1459 1302 1488 interessent,
1327 1457 1376 1484 Dei
1400 1454 1550 1492 permissu,
1570 1457 1687 1485 manifm

57 1507 85 1533 δὲ
111 1507 334 1541 ὑπομονητικοὺς
360 1506 413 1532 τῶν
442 1507 606 1542 πειρασμῶν
634 1506 844 1542 δοκιμάζοντος,

899 1505 998 1532 stantis
1012 1505 1122 1540 quidem
1137 1504 1232 1539 quales
1254 1504 1273 1531 ii
1293 1504 1347 1531 sint
1362 1505 1408 1539 qui
1425 1505 1492 1532 talia
1507 1510 1602 1540 agunt,
1617 1511 1688 1539 quos

58 1552 201 1586 ήλιοειδῶς
212 1550 401 1585 ἐκλάμψοντας
413 1551 442 1576 ὲν
453 1552 486 1586 τῇ
505 1550 629 1585 βασιλείᾳ
638 1550 693 1577 τῶν
704 1551 827 1586 οὐρανῶν
838 1559 846 1584 ;

901 1556 1031 1586 tauquam
1047 1551 1152 1578 zizania
1171 1555 1262 1579 servat
1278 1551 1312 1578 ad
1327 1551 1500 1578 exustionem
1524 1552 1595 1587 ignis
1615 1559 1688 1579 sem-

57 1598 159 1632 piterni
177 1607 184 1624 :
200 1597 340 1632 probantis
360 1602 451 1624 autem
465 1604 513 1624 cos
531 1599 576 1632 qui
599 1597 775 1625 teutatiouem
803 1597 952 1630 sustinent,
985 1598 1053 1626 solis
1085 1598 1173 1625 instar
1198 1598 1355 1632 splendidos
1390 1599 1416 1624 iu
1448 1599 1580 1626 cmlorum
1603 1607 1687 1634 regno

58 1644 192 1672 futuros?

93 1692 178 1718 Ὥστε
193 1691 231 1726 μή
249 1699 279 1717 σε
294 1691 422 1724 ξενιζέτω
436 1691 471 1718 τὰ
484 1692 635 1727 γιγνόμενα
653 1692 826 1726 καθεκάστην
836 1699 842 1706 ·

58 1738 82 1763 εἰ
96 1739 111 1763 ὁ
129 1737 181 1772 μὲν
204 1736 286 1772 ἤρθη,
307 1738 320 1763 6
335 1737 362 1763 δὲ
386 1737 507 1764 δέδεται·
540 1738 588 1764 καὶ
611 1737 677 1772 ἄλλη
702 1738 844 1770 τέτυπται,

58 1783 142 1817 ἑτέρα
158 1781 187 1807 δὲ
200 1781 387 1816 ὑπερώρισται
397 1789 404 1797 ο
418 1783 465 1808 καὶ
476 1783 526 1808 ὃσα
537 1783 605 1810 ἄλλα
615 1781 700 1814 οὕτως
717 1783 734 1818 ἣ
747 1783 847 1817 ἑτέρως

57 1828 126 1863 ἔχει,
160 1827 240 1859 Ἥξει
266 1827 363 1862 μικρὸν
384 1828 497 1863 ὕστερον
523 1829 537 1854 6
565 1829 614 1863 τῆς
642 1828 846 1858 ἀνταποδόσεως

57 1872 168 1907 καιρός.
193 1872 354 1905 ’Δνέγνωνὸ
381 1874 532 1908 πέπομφας
562 1874 620 1908 (καὶ
645 1874 773 1908 ἐπιγνοὺς
800 1874 848 1900 καὶ

56 1917 263 1952 ε³τισιριστήσας
282 1917 320 1952 τῷ
339 1918 436 1953 Κυρίῳ
449 1939 457 1951 ,
482 1916 561 1950 αὖθις
583 1918 756 1953 ἀντέπεμψα)
783 1919 848 1954 περὶ

56 1962 102 1988 τοῦ
118 1962 195 1988 assa
217 1963 363 1996 Ίγνατίου·
387 1963 474 1998 οἵμοιι
501 1964 542 1990 ὅτι
557 1964 643 1990 ἑάλω·
661 1964 723 1990 ἐπεὶ
742 1964 818 1998 φίλος
833 1965 848 1989 6

56 2009 127 2043 ἀνὴρ
159 2009 356 2044 διαφερόντως.
394 2009 464 2035 ‘AD.’
488 2008 551 2043 εὖγε
584 2010 754 2044 πεποίηκας,
785 2009 848 2040 δοὺς

57 2054 241 2089 μετανοοῦντι
256 2054 304 2090 τὴν
322 2055 456 2091 ἰατρείαν.
477 2055 591 2087 Ἱκανὸν,
608 2055 715 2087 τέκνον,
728 2055 757 2082 τὸ
773 2055 848 2090 παρὰ

56 2100 102 2126 σοῦ
119 2100 202 2127 δοθέν
213 2108 219 2114 ·
237 2100 316 2134 κάγὼ
333 2102 346 2127 ὁ
361 2101 447 2133 τάλας
460 2101 577 2136 εὔχομαι
594 2101 669 2136 αὐτῷ
683 2101 731 2136 τὴν
744 2101 848 2128 ἀναπά-

54 2146 150 2174 λαισιν
165 2154 173 2161 ·
200 2143 230 2172 οὗ
255 2147 302 2172 καὶ
325 2146 454 2181 δέδεγμαι
472 2147 522 2178 τὰς
545 2146 712 2181 προσφοράς.
739 2147 786 2179 Εἰς
802 2147 848 2174 τὸν

54 2193 176 2227 ἀδελφὸν
197 2193 352 2219 Ἀνατόλιον
365 2193 583 2228 σπλαγχνίζομαι
598 2195 612 2219 6
627 2193 754 2224 ταπεινός
765 2202 772 2208 ·
787 2195 849 2220 ἐπεὶ

53 2238 238 2272 φιλαδελφεῖς
257 2237 304 2264 καὶ
319 2237 410 2269 αὐτός.
426 2238 476 2264 Διὰ
496 2237 577 2264 τοῦτο
592 2238 684 2272 τολμῶ
701 2239 748 2265 καὶ
761 2238 846 2272 λέγω-

53 2283 250 2318 Κουφισοήτω
264 2281 339 2317 αὑτῷ
352 2283 398 2309 καὶ
410 2282 504 2318 ἔτερος
513 2283 608 2318 χρόνος
619 2293 627 2299 ο
643 2283 714 2310 ὥστε
729 2284 848 2319 πληρου-

931 1689 1112 1723 Quamobrem
1124 1697 1158 1716 ne
1169 1695 1195 1716 te
1209 1697 1240 1716 ea
1256 1694 1375 1717 terreant
1385 1697 1445 1725 qua:
1455 1690 1578 1725 quotidie
1589 1697 1690 1726 gerun-

896 1741 962 1763 tur:
981 1737 1002 1763 si
1031 1740 1124 1770 raptus
1144 1735 1189 1763 ille
1217 1736 1327 1770 quidem
1340 1741 1392 1768 est,
1412 1736 1463 1763 iste
1492 1739 1635 1769 conjectus
1659 1738 1686 1763 in

896 1790 1051 1814 carcerem;
1066 1782 1123 1809 haec
1139 1782 1250 1810 verbera
1262 1783 1383 1817 pertulit,
1396 1783 1441 1810 illa
1459 1784 1485 1810 in
1502 1784 1628 1811 exsilium
1641 1784 1689 1811 ab;

898 1829 984 1864 legata
1001 1838 1008 1862 ;
1025 1833 1051 1855 et
1066 1836 1236 1863 quaecunque
1249 1829 1301 1856 hoc
1316 1829 1356 1856 vel
1371 1829 1419 1856 illo
1432 1835 1511 1864 pacto
1527 1837 1557 1857 se
1576 1830 1687 1858 habent.

898 1873 994 1901 Veniet
1021 1875 1103 1909 paulo
1121 1880 1182 1909 post
1199 1875 1428 1902 remunerationis
1445 1879 1563 1911 tempus.
1578 1875 1643 1911 Legi
1657 1885 1689 1904 ea

897 1927 958 1952 qua:
976 1920 1093 1949 misisti:
1110 1924 1191 1955 atque
1206 1921 1252 1948 ubi
1270 1928 1302 1948 ea
1324 1921 1457 1954 intellexi,
1487 1922 1555 1949 actis
1571 1922 1689 1949 Domino

898 1965 993 1998 gratiis
1009 1984 1016 1995 ,
1046 1965 1144 1992 iterum
1160 1966 1192 1992 ad
1217 1970 1243 1993 te
1260 1966 1364 1994 remisi.
1394 1966 1431 1994 De
1460 1967 1558 1994 abbate
1572 1966 1688 2002 lgnatin,

899 2009 943 2036 hei
963 2010 1029 2037 mihi
1045 2010 1108 2044 quia
1123 2011 1206 2045 periit
1223 2020 1229 2038 :
1246 2011 1381 2046 siquidem
1401 2012 1507 2039 amicus
1524 2012 1569 2039 ille
1583 2013 1624 2040 vir
1641 2021 1689 2040 sn-

898 2063 946 2090 pra
959 2061 1080 2083 cazteros.
1099 2056 1152 2083 Sed
1168 2062 1242 2084 recte
1256 2057 1347 2092 egisti,
1359 2058 1406 2090 qui
1432 2059 1575 2092 pmnitenti
1606 2060 1688 2086 dede-

899 2099 937 2125 ris
963 2099 1136 2127 medicinam.
1156 2101 1270 2134 Suflicit,
1288 2101 1335 2134 liii,
1354 2103 1425 2137 quod
1452 2103 1553 2131 dedisti
1573 2109 1621 2132 :et
1636 2112 1688 2140 ego

899 2145 982 2172 miser
998 2145 1085 2172 eidem
1113 2153 1247 2180 apprecor
1279 2154 1377 2182 pugna:
1400 2148 1660 2184 rediutegrationem
1680 2160 1687 2177 :

899 2198 961 2217 nam
982 2196 1009 2218 et
1022 2192 1082 2226 ejus
1102 2192 1259 2220 oblationes
1278 2194 1383 2228 accepi.
1402 2194 1471 2228 Erga
1487 2196 1598 2223 fratrem
1616 2198 1690 2224 Αιιιμ

900 2236 994 2264 lolium
1015 2238 1199 2265 misericordia
1217 2239 1328 2266 humilis
1350 2247 1545 2269 commoveor:
1564 2244 1690 2277 quando-

899 2282 1009 2316 quidem
1037 2287 1064 2309 et
1084 2289 1112 2310 tu
1128 2291 1190 2310 eum
1207 2283 1327 2312 fraterne
1342 2285 1444 2322 diligis.
1474 2287 1577 2315 ldcirca
1599 2289 1690 2316 dicere

53 2331 143 2364 μένης
165 2329 219 2362 τῆς
232 2328 344 2360 διετίας,
366 2329 504 2364 μετεχέτω
519 2329 574 2356 τῶν
598 2329 788 2364 ἁγιασμάτων.
817 2330 844 2355 Ui

901 2328 986 2355 audeo
1001 2337 1007 2355 :
1026 2329 1151 2356 Dematur
1167 2330 1190 2356 ei
1206 2335 1233 2357 et
1250 2331 1317 2358 alter
1332 2339 1439 2364 annus;
1460 2337 1490 2359 ut
1504 2338 1600 2360 exacto
1615 2334 1690 2361 bien-

51 2374 243 2410 κοιμηθέντες
260 2374 314 2400 τῶν
330 2374 464 2408 ἀδελφῶν,
488 2375 578 2408 φωτὸς
598 2375 650 2400 υἱοὶ
677 2375 746 2410 ὑπὲρ
759 2376 847 2408 φωτὸς

51 2421 89 2455 τῷ
107 2419 232 2454 διωγμῷ
253 2419 451 2451 τελειωθέντες,
473 2419 665 2454 προσεύξοιντο
684 2421 748 2455 περὶ
757 2421 846 2456 ἡμῶν,

51 2467 84 2493 Οἱ
101 2467 200 2497 ἄλλως
221 2465 393 2499 τεθνηκότες,
417 2465 529 2492 ὲλεεινοὶ
545 2465 594 2500 τῆς
615 2466 758 2501 ἐκδημίας,
779 2467 849 2493 κατὰ

52 2516 101 2546 τὰς
121 2514 200 2549 ἐμὰς
218 2514 366 2548 ἁμαρτίας,
384 2513 421 2544 ὡς
436 2513 559 2548 λέλεχας.
576 2513 703 2545 Τοιοῦτος
716 2514 764 2540 καὶ
779 2514 849 2549 ὓπερ

51 2561 64 2586 6
77 2559 270 2594 Σευηριανὸς.
296 2558 370 2594 Πλὴν
386 2560 432 2585 καὶ
453 2560 486 2585 ἐκ
507 2559 562 2586 τῶν
587 2559 789 2594 ὲνδιαστρόφων
802 2561 849 2586 εὐ-

52 2606 180 2640 στροφια
194 2605 253 2635 τοῖς
278 2603 427 2639 ὲμμελέσι·
453 2605 500 2631 καὶ
519 2605 533 2631 6
548 2604 627 2638 λόγος
656 2605 794 2639 βαλλέσϐω
809 2606 849 2636 εἰς

52 2648 178 2685 ζήτησιν
194 2648 292 2680 ὁσάκις
307 2649 426 2684 προσίοι,
441 2649 493 2676 κᾶν
518 2650 551 2675 ἐκ
571 2649 624 2675 τῶν
642 2649 772 2676 ἐναντίων
783 2657 790 2664 ’
808 2649 847 2680 ὼς

53 2695 82 2720 ὲν
99 2697 135 2730 τῇ
164 2694 289 2729 βασάνῳ,
311 2694 439 2730 καθάπερ
455 2696 483 2721 ὲν
506 2695 672 2730 παρατρίψει
701 2694 794 2727 λίθων,
819 2695 850 2720 τὸ

54 2741 110 2777 πῦρ
118 2741 269 2774 ὲξάλλοιτο
283 2742 333 2776 τῆς
345 2741 487 2776 ἀληθείας.
501 2742 555 2768 Καὶ
570 2741 603 2777 δὴ
612 2742 662 2768 ικαὶ
675 2741 723 2768 νῦν
736 2742 849 2777 τοιαύτη

83 2828 109 2844 ⁸⁹
122 2828 204 2856 Psal.
218 2834 312 2861 xxxtv,
328 2827 370 2860 lo,
388 2827 430 2855 il.

902 2373 949 2399 nio
963 2373 996 2400 sil
1012 2373 1193 2402 Eucharistize
1221 2377 1367 2411 particeps.
1388 2376 1425 2404 Ex
1442 2377 1572 2405 fratribus
1599 2379 1617 2406 ii
1643 2380 1691 2414 qui

901 2418 973 2445 diem
993 2419 1096 2452 obiere,
1121 2420 1166 2446 lilii
1185 2421 1253 2448 lueis
1276 2429 1326 2456 pro
1347 2423 1407 2450 luce
1421 2424 1447 2450 vi
1474 2426 1688 2459 persecutionis.

901 2467 1095 2498 consummati,
1111 2474 1161 2501 pro
1178 2467 1257 2495 nobis
1281 2468 1471 2503 deprecentur.
1489 2471 1540 2503 Qui
1558 2472 1636 2499 aliter
1647 2473 1690 2499 iu-

903 2511 1010 2544 teriere,
1026 2512 1122 2539 horum
1144 2513 1309 2541 miserabilis
1321 2515 1423 2548 exitus,
1435 2516 1470 2542 ob
1485 2521 1596 2551 peccata
1617 2526 1689 2551 mea,

903 2559 1133 2592 quemadmodum
1167 2559 1270 2587 dixisti.
1291 2560 1364 2588 Talis
1395 2570 1427 2589 ac
1457 2563 1543 2590 multo
1572 2564 1691 2592 deterior

904 2603 1067 2632 Severianus
1092 2611 1144 2634 est.
1159 2605 1353 2635 Verumtamen
1366 2613 1393 2636 et
1407 2616 1421 2635 e
1436 2610 1582 2643 perversis,
1600 2618 1690 2638 rever-

902 2650 991 2677 sionis
1003 2659 1066 2685 spes
1088 2656 1130 2679 est
1145 2653 1179 2679 iis
1196 2654 1296 2687 quibus
1316 2654 1343 2680 id
1363 2662 1435 2681 cura:
1451 2659 1493 2682 est
1510 2663 1516 2681 ε
1531 2663 1619 2690 eaque
1630 2657 1689 2691 agi—

900 2695 981 2722 tanda
995 2697 1020 2723 iu
1030 2699 1290 2733 sermonequaistin,
1303 2701 1411 2733 quoties
1428 2701 1576 2728 accesserit
1590 2702 1689 2736 aliquis

900 2741 942 2768 vel
955 2749 988 2768 ex
1007 2743 1170 2771 adversariis
1188 2752 1194 2769 :
1211 2744 1279 2771 utin
1296 2753 1432 2777 exanime,
1453 2750 1580 2781 tanquam
1594 2748 1688 2774 attritu
