1923 3078
247 111 318 142 1295

840 110 871 139 S.
884 109 1082 139 THEODORI
1108 109 1282 139 S’TUDIT/E

1806 109 1875 141 1296

244 166 376 201 lapidum,
404 163 527 192 veritatis
546 163 618 198 ignis
645 163 764 191 exsiliat.
782 163 816 190 Et
841 171 915 191 nunc
927 164 1037 198 quidem

1092 164 1108 198 ὴ
1130 163 1264 199 πρότασίς
1282 172 1339 190 σου.
1358 163 1408 190 Ἐν
1424 171 1495 190 τισιν
1511 164 1643 199 ίστορίαις
1654 164 1787 200 εὕρηνται
1802 166 1875 192 εικό-

246 211 406 246 huiusmodi
421 215 462 238 est
476 210 628 245 propositio
644 214 701 236 tua.
719 209 750 236 In
765 209 930 244 quibusdam
948 209 1038 237 histo-

244 259 291 285 riis
308 261 423 292 reperta:
437 261 501 284 sunt
513 255 647 291 imagines
661 255 701 283 sic
717 256 876 290 inscriptae:
892 255 1038 288 Divinitas,

244 303 408 334 Dominatio,
424 301 508 337 Regia
522 306 653 336 potestas.
664 301 758 329 Palam
773 302 898 336 estquod
912 302 945 329 de
959 301 1040 329 Chri-

244 349 278 376 sti
311 349 430 383 imagine
459 348 511 375 boc.
528 348 613 375 dicas.
629 347 657 374 Id
672 354 736 374 vero
752 355 808 382 quo
830 348 933 381 pacto?
956 347 1036 375 Tales

244 395 443 430 appellationes
454 394 488 422 de
505 394 639 422 Trinitate
651 394 678 421 in
692 401 849 426 Commune,
866 401 921 420 non
934 393 968 421 de
983 402 1037 421 una

243 448 361 475 persona
379 440 526 475 separatim
552 439 749 474 intelliguntur.
767 439 824 466 Etsi
839 439 912 466 enim
928 439 999 466 Deus
1012 443 1040 467 et

243 484 374 512 Dominus
389 492 560 519 unaquaeque
584 491 700 519 persona
719 484 838 515 dicatur,
853 489 882 510 at
899 491 953 511 non
969 485 1035 511 sim-

238 531 350 566 pliciter
368 530 497 557 divinitas
530 534 578 556 aut
601 530 761 557 dominatio.
782 529 905 564 Exempli
925 529 1036 563 gratia:

242 576 300 611 Ego
317 575 386 602 Deus
403 576 488 609 patria
508 576 558 606 tui,
573 575 662 610 inquit
676 575 710 607 ’°,
729 583 796 607 non,
815 575 958 602 Dirinitas.
979 575 1037 611 Ego

243 630 301 648 sum
329 622 374 656 qui
398 629 457 648 sum
472 621 516 653 ⁹¹;
538 628 592 648 non
610 629 616 647 :
639 620 695 655 Ego
709 629 767 647 sum
795 621 960 648 exsisteutia.
981 620 1035 648 Et:

242 667 318 694 Plui!
335 667 454 694 Donimts
468 667 554 701 ignem
567 675 584 693 α
600 666 713 693 Domina
722 667 756 698 °',
769 674 836 699 non,
852 666 1004 694 Dominatio
1020 676 1038 694 α

245 713 441 740 Dominatione.
463 713 493 739 Si
515 713 597 748 igitur
625 712 652 739 in
668 712 751 740 rebus
775 713 876 741 divinis
890 714 931 740 sic
945 721 975 741 se
990 720 1035 741 res

243 758 325 786 habet
342 767 349 785 :
366 758 451 786 multo
468 759 562 794 utique
576 759 661 794 magis
675 759 701 785 in
715 759 845 794 mysterio
867 759 1035 786 incarnatio-

243 805 286 832 nis
300 803 376 832 nefas
389 810 430 832 est
452 805 563 839 imagini
585 804 685 832 Christi
713 804 860 837 subscribi,
888 804 1033 838 Divinitas,

1090 217 1136 240 νες
1164 209 1386 244 ὲπιγράφουσαι·
1407 209 1538 244 (θειότης,
1561 211 1707 246 Κυριότης.
1734 210 1874 238 Βασιλεία.

1090 254 1217 289 Δηλονότι
1230 255 1276 281 ἐπὶ
1285 256 1335 290 τῆς
1348 255 1469 290 Χριστοῦ
1481 256 1586 288 εἰκόνος
1604 256 1683 293 τοῦτο
1696 256 1798 290 λέγοις.
1817 257 1875 284 Καὶ

1089 300 1149 331 πῶς
1175 300 1275 333 τοῦτο;
1301 302 1335 327 Δί
1363 301 1487 328 τοιαῦται
1508 302 1596 336 φωναὶ
1628 302 1726 334 κοινῶς
1749 303 1798 329 ἐπὶ
1825 303 1877 337 τῆς

1090 346 1222 382 Τριάδος·
1239 348 1290 374 οὐκ
1300 347 1343 381 ἐφ’
1357 347 1418 377 ἑνὸς
1432 348 1581 383 προσώπου
1600 347 1820 383 διακεκριμένως
1833 357 1877 374 νε-

1089 392 1210 427 νόηνται.
1224 392 1256 419 Et
1271 393 1325 428 γὰρ
1340 392 1387 420 καὶ
1398 393 1464 425 Θεὸς
1480 394 1528 420 καὶ
1543 393 1645 428 Κύριος
1656 393 1771 420 ἕκαστον
1789 395 1876 430 πρότ-

1087 445 1162 463 ωπον
1184 437 1306 471 λέγοιτο·
1330 437 1388 464 ἀλλ’
1413 438 1462 472 οὐχ
1493 438 1591 469 ἁπλῶς
1624 439 1672 465 καὶ
1699 438 1802 474 Θεὸτης
1831 440 1878 465 καὶ

1088 481 1238 517 Κυριότης.
1262 479 1336 515 Οἷον,
1360 483 1430 517 Ἐγὼ
1451 484 1468 510 ὸ
1493 483 1566 516 Θεὸς
1585 484 1639 510 τοῦ
1662 485 1780 518 Πατρός
1807 493 1877 516 σου,

1088 527 1186 562 φησιν’
1203 527 1252 562 οὐχ
1270 548 1277 558 ,
1301 527 1320 561 ἡ
1347 528 1465 560 Θεότης.
1498 528 1568 562 Ἐγὼ
1593 529 1651 562 εἰμὶ
1672 530 1688 556 ὀ
1710 529 1773 560 ὢν.
1805 531 1878 565 οὐχὶ,

1093 573 1229 606 όντότης.
1253 574 1318 600 Καί⁸
1329 573 1448 607 Ἕϐρεξε
1460 574 1569 608 Κύριος
1583 574 1643 608 πῦρ
1656 576 1736 608 παρὰ
1749 576 1877 609 Κυρίου·

1087 619 1159 654 οὐχὶ,
1174 619 1321 652 Κυριότης
1343 619 1422 653 παρὰ
1434 621 1626 653 Κυριότητος.
1651 621 1681 646 Et
1694 619 1741 647 οὖν
1763 622 1814 647 ἐπὶ
1829 621 1880 656 τῆς

1088 665 1227 700 θεολογίας
1242 665 1338 697 οὕτως·
1353 666 1444 701 πολλῷ
1459 665 1506 693 οὖν
1523 667 1623 702 μᾶλλον
1641 668 1688 694 ἐπὶ
1713 668 1762 703 τῆς
1778 669 1880 695 οίκονο-

1088 712 1153 748 μίας
1169 712 1220 739 οὐκ
1242 711 1299 747 ἔχει
1323 712 1403 746 λόγον
1427 712 1476 748 τὴν
1496 713 1589 740 εἰκόνα
1606 714 1737 749 Χριστοῦ,
1753 714 1870 749 Θειότης

1086 759 1263 794 ἐπιγράφειν,
1282 759 1299 794 ἢ
1319 760 1467 795 Κυριότης.
1484 760 1551 792 Θεὸς
1567 761 1617 795 μὲν
1633 760 1687 796 γὰρ
1701 760 1819 795 λέγοιτο,
1833 762 1879 788 καὶ

1085 804 1201 840 Κύριος,
1223 804 1240 840 ἦ
1267 813 1293 831 τι
1314 805 1369 831 τῶν
1392 805 1572 840 ὁμοδννάμων
1587 805 1708 838 τούτοις·
1728 806 1798 833 ἀλλὰ
1833 808 1880 834 καὶ

243 855 292 878 aut
309 849 477 878 Dominatio.
491 850 564 879 Deus
587 851 698 886 quidem
716 851 824 878 dicatur
839 857 871 878 ac
893 850 1037 885 Dominus,

1092 849 1171 876 τοῦτο
1192 850 1361 885 ὁμωνύμως·
1377 852 1408 878 οὺ
1423 852 1476 887 μὴν
1497 851 1599 887 Θεότης
1615 852 1631 887 ῆ
1649 852 1800 888 Κυριότης.
1825 854 1877 885 Ὧς,

243 900 292 923 aut
307 903 402 923 eorum
428 896 532 931 aliquid
558 904 619 931 quae
646 900 711 924 sunt
730 896 851 930 ejusdem
868 896 1014 931 potestatis
1031 903 1040 928 ;

243 947 326 977 atque
342 943 393 969 hoc
405 942 493 976 ipsum
505 942 669 977 ltomonytne
683 951 690 968 :
707 950 761 970 non
784 942 879 976 utique
891 941 1039 974 Divinitas,

241 995 275 1015 ac
291 987 458 1016 Dominatio.
476 988 533 1021 Sic,
559 988 677 1023 exempli
692 988 791 1023 gratia,
809 988 892 1015 homo
907 987 931 1015 si
946 988 1038 1023 pictus

245 1034 291 1065 sit,
313 1033 395 1061 homo
408 1041 475 1061 sane
488 1034 608 1067 dicatur,
623 1042 678 1061 non
699 1035 858 1062 humanitas
874 1043 881 1061 :
899 1038 1040 1062 terrenus-

246 1089 300 1116 que
311 1088 368 1115 rex,
395 1089 451 1108 non
477 1085 551 1108 certe
568 1085 690 1115 potestas
712 1081 798 1116 regia.
821 1081 916 1114 Itaque
941 1080 1041 1108 vitiosa

243 1126 300 1160 illa,
317 1132 346 1154 ut
367 1127 434 1154 mihi
460 1127 578 1158 videtur,
593 1127 735 1162 inscriptio
759 1131 823 1154 est:
840 1126 1042 1154 circumscribit

242 1173 317 1200 enim
331 1176 359 1199 et
383 1172 493 1199 Patrem
511 1176 538 1199 et
554 1171 697 1206 Spiritum,
712 1171 785 1207 quod
815 1176 857 1200 est
877 1171 1039 1199 absurdum.

242 1218 333 1250 Atque
354 1216 411 1244 haec
425 1216 534 1250 quidem
552 1216 672 1244 breviter
693 1216 866 1250 strictimque
886 1216 957 1243 dicta
973 1215 1039 1242 sint.

242 1258 284 1286 Tu
298 1267 362 1287 vero
378 1267 427 1294 pro
439 1267 499 1287 mea
513 1260 666 1288 humilitate
676 1260 786 1287 enixius
795 1267 907 1294 precare
922 1269 928 1287 :
939 1268 1034 1287 verum

242 1305 324 1333 etiam
342 1309 368 1332 et
381 1313 431 1340 pro
444 1304 539 1337 fratre.
554 1306 601 1340 qui
625 1310 650 1333 te
664 1309 837 1340 peramantcr
853 1306 965 1333 salutat.
982 1305 1037 1333 Ve-

239 1357 314 1380 stem
330 1351 422 1387 accepi
435 1360 443 1379 :
458 1355 486 1379 et
501 1359 646 1386 quousque
659 1359 713 1379 non
736 1351 858 1380 cessabis
874 1352 1034 1380 indumenta

244 1399 327 1427 nobis
343 1398 530 1434 suppeditare.
552 1398 750 1426 dilectissime?
765 1397 891 1426 Vicissim
907 1403 933 1426 te
947 1397 1040 1425 Domi-

243 1453 297 1473 nus
306 1445 332 1473 in
342 1446 440 1481 spiritu
455 1445 556 1473 foveat.
564 1444 670 1473 Cetera
684 1444 844 1472 tabellarius
856 1444 1035 1479 signiﬁcabit.

242 1491 324 1519 Omni
340 1500 373 1519 ex
392 1497 469 1527 parte
483 1492 550 1519 vale.

440 1548 600 1577 LXVlIl.—
615 1548 702 1576 [reme
718 1549 852 1582 patriciis.

1093 896 1160 931 φέρε
1185 897 1286 929 είπεῑν,
1308 897 1355 924 καὶ
1379 897 1425 924 ἐπὶ
1440 897 1488 924 τοῦ
1503 898 1697 934 γεγραμμένου
1720 899 1878 935 ἀνθρώπου,

1092 941 1237 977 ἄνθρωπος
1259 941 1310 977 μὲν
1341 941 1458 976 λέγοιτο,
1483 943 1514 969 οὐ
1535 943 1588 978 μὴν
1608 944 1802 980 ἀνθρωπότης·
1833 945 1880 971 καὶ

1093 987 1220 1022 βασιλεὺς
1233 987 1287 1014 τῶν
1307 988 1354 1014 ἐπὶ
1368 989 1434 1024 γῆς
1455 988 1485 1015 οὐ
1502 989 1557 1024 μὴν
1572 989 1705 1024 βασιλεία.
1724 990 1880 1026 Ἐσφαλμέ-

1092 1040 1146 1064 νως
1158 1030 1204 1058 οῦν
1218 1032 1285 1067 ἔχει,
1301 1032 1338 1064 ὡς
1353 1033 1415 1068 ἐμοὶ
1427 1033 1513 1066 δοκεῖ,
1532 1034 1548 1068 ἡ
1563 1035 1704 1070 ἐπιγραφή
1715 1043 1723 1050 ·
1742 1043 1879 1070 συμπερι-

1091 1078 1193 1112 γράφει
1210 1079 1264 1113 γὰρ
1285 1078 1333 1104 καὶ
1348 1078 1393 1105 τὸν
1408 1079 1520 1114 Πατέρα
1536 1081 1584 1106 καὶ
1608 1080 1638 1106 τὸ
1660 1080 1783 1116 Πνεῦμα,
1810 1082 1879 1117 ὅπερ

1091 1123 1202 1149 ἄτοπον.
1218 1122 1344 1150 Τοσαῦτα
1372 1123 1421 1158 μὲν
1436 1123 1474 1156 ὡς
1491 1124 1551 1150 κατ’
1576 1125 1721 1160 ἐπιτομήν.
1746 1125 1835 1157 Αὐτὸς
1850 1127 1878 1152 is

1091 1168 1243 1204 προσεύχου
1268 1169 1334 1205 περὶ
1352 1169 1402 1204 τῆς
1417 1169 1608 1202 ταπεινώσεώς
1625 1179 1676 1205 μου
1696 1170 1876 1206 θερμότερον·

1091 1214 1159 1242 ἀλλὰ
1169 1215 1224 1250 γὰρ
1238 1215 1286 1242 καὶ
1297 1215 1367 1251 ὑπὲρ
1376 1215 1423 1242 τοῦ
1433 1216 1561 1250 ἀδελφοῦ,
1575 1216 1605 1248 ὃς
1619 1217 1667 1243 καὶ
1677 1217 1878 1253 προσαγορεύει

1090 1260 1286 1297 γνησιώτερον.
1299 1262 1336 1288 Τὸ
1351 1262 1457 1298 ἱμάτιον
1474 1262 1610 1297 ἐδεξάμην
1619 1271 1626 1277 ·
1642 1263 1689 1290 καὶ
1701 1263 1755 1295 ἕως
1767 1264 1835 1290 πότε
1848 1265 1877 1290 οὑ

1089 1307 1183 1344 παύσῃ
1215 1307 1377 1335 ὲνδιδύσκων
1400 1310 1487 1344 ἡμᾶς,
1512 1309 1657 1343 ἀγαπητές
1692 1310 1878 1345 ’Δντιθάλψειέ

1091 1361 1121 1379 σε
1140 1353 1242 1388 Κύριος
1255 1355 1285 1381 ἐν
1311 1354 1457 1389 πνεύματι.
1471 1355 1511 1382 Τὰ
1526 1355 1687 1383 ἐλλείποντα
1706 1357 1721 1383 ὁ
1745 1365 1877 1393 γραμμα-

1089 1399 1209 1434 τηφόρος
1223 1400 1384 1434 ἀπαγγελεῖ.
1402 1400 1529 1436 Ἔρρωσο
1543 1403 1572 1428 ὲν
1587 1403 1681 1430 πᾶσιν.

1231 1553 1294 1580 EH’.
1307 1568 1342 1574 -—~
1358 1553 1474 1588 Ειρήνῃ
1487 1556 1637 1589 πατρικΙᾳ.
1650 1553 1742 1590 [neat]

239 1607 305 1634 Cum
318 1607 385 1638 lapsa
402 1607 500 1637 fuisset,
511 1606 668 1638 postmodum
681 1605 829 1635 confessam,
842 1608 870 1630 et
879 1612 968 1638 graves

959 1644 972 1661 ι
993 1656 998 1661 .

1090 1615 1213 1671 ῗρρὲεῗιιιι,
1225 1610 1339 1636 hortatur
1358 1615 1386 1636 ut
1400 1612 1424 1636 in
1436 1611 1592 1636 confessione
1604 1614 1761 1643 perseveret.
1776 1611 1872 1643 (Baros.

993 1656 998 1661 .
1013 1656 1067 1668 v.v,
1080 1656 1105 1664 ι..
1121 1656 1159 1664 ευ.

281 1679 422 1714 Superiori
437 1683 569 1714 tempore,
584 1678 656 1713 quod
669 1678 837 1713 poenitentia:
852 1677 915 1710 fuit,
929 1678 1039 1713 pigebat

244 1727 365 1754 scribere
381 1725 414 1752 ad
423 1725 604 1752 reverentiam
622 1729 696 1752 tuam
710 1733 718 1752 :
734 1732 806 1752 nunc
816 1732 882 1752 vero
893 1729 921 1752 et
937 1725 1033 1758 impri-

245 1770 298 1796 mis
322 1769 498 1804 jucundum,
529 1772 676 1803 postquam
703 1768 896 1801 exsurrexisti,
916 1769 1039 1804 exceptis

244 1814 326 1841 ctiam
344 1813 499 1841 venerando
514 1819 562 1840 tuo
577 1820 694 1848 corpore
711 1821 762 1848 pro
772 1813 874 1840 Christi
888 1812 1040 1841 confessio-

245 1869 278 1888 ne
293 1860 464 1888 verberibus.
479 1859 534 1887 Sed
551 1867 630 1895 euge.
647 1867 715 1894 euge
726 1879 733 1892 ,
748 1859 819 1886 virili
841 1859 959 1886 maxime
979 1860 1039 1886 ani-

245 1914 291 1934 mo
305 1905 417 1937 femina.
443 1905 529 1941 quod,
544 1910 657 1940 accepta
673 1905 761 1938 clade,
776 1905 1038 1939 redintegrationem

245 1960 343 1988 pugnae
368 1951 582 1986 splendidiorem
602 1951 744 1979 eﬂ'eceris:
766 1949 853 1978 Deum
873 1950 1040 1986 angelosque

245 1999 414 2030 t‘xltiittt'atls,
433 2002 461 2025 et
472 2005 505 2025 ex
522 1998 681 2026 hominibus
695 1997 900 2024 amantissimos
920 1997 1038 2032 pietatis.

245 2046 285 2072 Ac
300 2050 329 2072 tu
344 2052 406 2072 vere
421 2044 515 2079 utique
530 2044 620 2078 nobis,
633 2051 666 2072 ex
678 2043 865 2071 Orientalibus
879 2048 970 2070 ortum
986 2048 1040 2070 tra-

246 2089 329 2116 hens:
345 2093 372 2115 tu
387 2088 432 2115 Dei
444 2096 476 2116 ac
486 2089 595 2116 virtutis
608 2096 719 2116 amans:
732 2092 760 2115 tu
772 2088 903 2116 vitiorum
914 2087 1040 2115 domina-

245 2135 343 2166 trix,et
356 2135 451 2162 mundi
465 2135 586 2162 inimica.
597 2134 704 2168 Quanta
713 2135 752 2162 tui
764 2135 886 2162 nominis
897 2142 1039 2162 commen-

245 2181 321 2208 datio
343 2186 385 2208 est
401 2181 407 2208 ί
422 2189 504 2216 quam
532 2186 574 2209 est
589 2182 616 2209 in
640 2189 689 2209 ore
713 2189 745 2209 ac
773 2189 900 2209 sermone
916 2181 1039 2208 omnium

247 2231 409 2262 martyrium
427 2231 503 2254 tuum
518 2227 524 2252 l
541 2227 612 2260 Quid
640 2227 734 2255 enim?
748 2227 941 2262 Evangelicum
969 2227 1040 2254 arri-

247 2274 330 2309 puisti
352 2274 484 2309 gladium,
496 2278 526 2300 ut
537 2273 639 2301 Christi
655 2274 733 2301 miles
747 2281 754 2300 :
770 2273 797 2300 in
811 2274 910 2302 mentis
925 2281 1039 2301 excessu

1123 1682 1260 1718 Πρότερον
1277 1683 1358 1718 ἡνίκα
1375 1684 1392 1718 ἡ
1421 1682 1598 1716 ὗπόπτωσις,
1625 1683 1749 1718 λυπηρόν
1775 1692 1821 1718 μοι
1847 1688 1874 1711 τδ

1088 1729 1207 1764 γράμμα
1223 1729 1292 1764 πρὸς
1304 1729 1355 1764 τὴν
1378 1729 1525 1764 τιμιότητά
1543 1737 1608 1755 σου·
1626 1729 1674 1755 νῦν
1692 1729 1721 1755 δὲ
1741 1729 1790 1756 καὶ
1818 1729 1876 1756 λίαν

1089 1775 1238 1810 περιχαρὲς
1261 1775 1306 1802 διὰ
1322 1775 1371 1810 τὴν
1394 1775 1588 1808 ἐξανάστασιν,
1612 1774 1662 1801 καὶ
1677 1774 1727 1806 τὰς
1750 1775 1799 1801 ἐπὶ
1823 1775 1876 1801 τῶν

1089 1821 1190 1856 τιμίων
1207 1829 1254 1848 σου
1273 1821 1385 1856 σαρκῶν
1397 1821 1467 1856 ὺπὶρ
1478 1820 1624 1855 ὁμολογίας
1639 1820 1761 1856 Χριστοῦ
1782 1822 1876 1856 μάστι-

1089 1874 1151 1900 γας.
1169 1866 1225 1893 Καὶ
1248 1864 1325 1900 εὖγε,
1339 1865 1413 1901 εὖγε,
1431 1867 1608 1902 ἀνδρειοτάτη
1627 1867 1657 1893 ὲν
1678 1867 1816 1901 γυναιξὶν.
1838 1867 1876 1893 ὅτι

1088 1912 1139 1946 τῆς
1156 1911 1241 1946 ἥττης
1259 1911 1494 1947 περιφανεστέραν
1514 1912 1563 1947 τὴν
1578 1912 1760 1938 ἁναπάλαισιν
1780 1914 1892 1947 ἀπειρ-’

1088 1957 1183 1991 γάσω·
1209 1958 1369 1993 εὐφράνασα
1383 1957 1450 1985 Θεόν
1473 1966 1504 1984 τε
1519 1958 1566 1984 καὶ
1584 1958 1726 1992 ἀγγέλους,
1753 1959 1802 1985 καὶ
1826 1959 1876 1984 τῶν

1089 2003 1242 2037 ἀνθρώπιον
1258 2004 1322 2034 τοὺς
1339 2003 1564 2035 εὐσεϐεστάτους.
1586 2005 1640 2031 Καὶ
1660 2005 1693 2031 σὺ
1706 2004 1791 2036 ὅντως
1810 2005 1875 2039 ἁλη-

1089 2048 1144 2081 θῶς
1169 2048 1293 2084 εὐγενὴς,
1314 2048 1368 2075 τῶν
1388 2049 1435 2083 ἀφ’
1454 2049 1532 2084 ἡλίου
1553 2050 1691 2076 ἀνατολῶν
1706 2050 1875 2085 ὁρμωμένη·

1089 2096 1122 2122 σὺ
1156 2095 1279 2130 φιλόθεος
1303 2095 1352 2122 καὶ
1377 2095 1541 2131 φιλάρετος·
1572 2095 1605 2122 σὺ
1633 2095 1802 2128 παοοκτόνος
1831 2096 1876 2121 καὶ

1089 2141 1284 2176 ὲχθρόκοσμος.
1306 2141 1350 2172 Ὦς
1365 2141 1473 2167 αίνετόν
1487 2149 1534 2167 σου
1549 2141 1579 2168 τὸ
1593 2141 1678 2176 ὄνομα
1689 2149 1696 2156 ·
1720 2142 1768 2168 καὶ
1784 2142 1876 2168 διαλα-

1089 2187 1157 2222 λητή
1182 2195 1229 2213 σου
1258 2188 1274 2222 ἡ
1307 2187 1463 2223 μαρτυρίαιι
1488 2187 1520 2213 Τί
1549 2186 1655 2219 ταῦτας
1683 2187 1801 2218 "Eia.qu
1829 2188 1876 2222 τὴν

1090 2232 1271 2267 εὐαγγελικὴν
1304 2233 1459 2268 μάχαιραν,
1483 2233 1521 2265 ὡς
1548 2233 1709 2267 στρατιῶτις
1736 2233 1874 2268 Χριστοῦ·

1089 2278 1216 2312 διέκοψας
1245 2278 1274 2303 ὲν
1300 2277 1428 2304 ἐκστάσει
1454 2278 1503 2309 τὰς
1529 2277 1636 2312 σχέσεις
1660 2277 1708 2303 τοῦ
1732 2277 1874 2312 σώματος·

246 2319 361 2347 allectus
372 2320 496 2354 corporis
509 2319 668 2354 praecidisti,
678 2319 799 2347 demisso
811 2319 900 2354 capite
909 2319 1037 2354 dirempta

1094 2321 1256 2356 ἀπετμήθης
1275 2320 1397 2355 κεφαλῆς
1410 2321 1622 2356 ὐποκυπτούσης
1643 2321 1779 2356 Θυγατρος
1796 2331 1876 2357 μονο-

245 2375 276 2396 es
293 2369 328 2396 ab
348 2369 429 2395 unica
457 2368 512 2395 filia
526 2377 533 2394 :
546 2367 637 2395 valere
652 2367 754 2402 jubens
770 2367 872 2402 regiam
885 2366 1036 2399 civitatem,

246 2413 382 2441 illustrem
400 2413 569 2447 prosapiam,
594 2416 756 2447 praestantes
773 2412 890 2443 amicos.
905 2411 1036 2439 familiam

245 2458 428 2494 splendidam,
445 2458 575 2485 eximiam
592 2457 766 2492 dignitatem,
790 2457 964 2484 terrestrium
987 2457 1037 2484 do-

247 2502 425 2533 mesticorum
445 2503 582 2537 ingentem
611 2510 768 2535 numerum,
781 2502 941 2537 omnigenas
951 2501 1038 2529 facul-

246 2553 327 2581 tates.
341 2549 395 2577 alia
407 2549 525 2584 denique
542 2558 603 2584 quae
618 2557 838 2577 commemorare
852 2549 898 2576 vix
917 2549 1037 2583 possim:

247 2601 357 2630 arrepto
380 2596 442 2622 vitae
459 2595 585 2622 instituto
596 2615 605 2628 ,
621 2595 648 2622 in
676 2603 732 2630 quo
749 2595 786 2622 sit
807 2603 875 2621 crux
891 2594 1009 2621 tollenda
1026 2602 1033 2620 :

246 2641 325 2676 longe
346 2642 476 2676 quopiam
502 2641 628 2675 ablegata
643 2648 684 2672 es,
701 2644 731 2667 ut
755 2640 850 2672 didici.
868 2640 894 2667 in
908 2639 1034 2667 insulam.

247 2685 392 2714 benedicta
408 2691 447 2719 tu,
464 2691 492 2714 et
505 2687 665 2714 benedictus
686 2687 791 2715 fructus
799 2685 922 2720 martyrii
940 2685 988 2712 lui.
1005 2684 1038 2712 Et

247 2733 320 2760 unde
333 2732 382 2759 tibi
399 2738 485 2760 totum
499 2734 550 2760 hoc
564 2733 694 2767 quidquid
707 2736 747 2760 est
762 2732 837 2763 boni,
863 2732 959 2766 ingens
978 2731 1037 2765 glo-

249 2778 300 2809 ria,
326 2786 433 2806 summa
461 2779 673 2811 commendatio,
697 2777 750 2806 nisi
767 2786 799 2804 cx
815 2777 962 2804 virtutibus
985 2777 1038 2805 illis

288 2834 310 2849 '°
323 2833 409 2862 Exod.
428 2843 467 2869 tn,
483 2835 508 2862 ϐ.
546 2836 570 2877 οξ
586 2835 652 2863 ibid.
670 2835 712 2862 Η.
748 2834 774 2850 θ’
793 2833 860 2861 Gen.
882 2841 937 2867 su,
956 2833 999 2860 2L

1090 2365 1238 2401 κλαδούσης
1250 2373 1257 2381 ·
1273 2366 1414 2401 ἐρρῶσθαι
1429 2366 1558 2401 φράσασα
1581 2367 1657 2393 πόλει
1681 2367 1875 2404 βασιλευούσῃ,

1091 2411 1163 2444 γένει
1178 2410 1364 2446 περιδλέπτῳ,
1383 2410 1470 2444 φίλοις
1487 2411 1676 2446 ὑπερέχουσιν,
1698 2412 1776 2447 οἰκίᾳ
1793 2413 1877 2447 ὑπερ-

1087 2458 1217 2492 λάμπρῳ,
1245 2456 1310 2492 ἀξίᾳ
1340 2457 1571 2493 ὑπερφυεστάτῃ,
1611 2457 1665 2484 τῶν
1692 2457 1766 2485 κατὰ
1795 2459 1876 2494 χθόνα

1086 2502 1200 2530 οίκετῶν
1220 2502 1329 2538 πλήθει,
1349 2502 1467 2538 ὑπάρξει
1494 2503 1664 2538 παντοδαπῇ,
1691 2505 1749 2535 τοῖς
1775 2505 1875 2536 ἄλλοις,

1087 2546 1128 2580 οἷς
1141 2548 1191 2575 οὐκ
1206 2548 1327 2583 εὐμαρές
1342 2557 1387 2583 μοι
1401 2549 1506 2582 λέγειν·
1523 2549 1570 2575 καὶ
1583 2549 1708 2584 ἀραμένη
1726 2549 1774 2576 τὸν
1796 2560 1876 2577 σταυ-

1090 2594 1203 2629 ροφόρον
1225 2593 1300 2628 βίον·
1319 2594 1498 2630 ἀπεωρίσθης
1512 2603 1564 2621 που
1583 2594 1702 2629 μακρὰν,
1729 2595 1769 2627 ὡς
1789 2597 1877 2631 μεμάη

1089 2639 1172 2674 θηκα,
1189 2639 1218 2665 ὲν
1232 2639 1317 2674 νήσῳ.
1335 2639 1516 2675 Εὐλογημένη
1530 2640 1574 2672 σὺ,
1594 2640 1642 2667 καὶ
1662 2640 1852 2676 εὐλογημένος
1865 2642 1878 2668 6

1090 2684 1195 2720 καρπὸς
1213 2684 1263 2718 τῆς
1288 2685 1443 2721 μαρτυρίας
1469 2694 1529 2712 σου.
1548 2686 1604 2712 Καὶ
1626 2685 1708 2712 πόθεν
1731 2695 1774 2714 σοι.
1800 2688 1877 2714 τοῦτο

1090 2729 1150 2756 ὅλον
1164 2729 1193 2756 τὸ
1205 2729 1316 2764 ἀγαθὸν,
1334 2730 1364 2756 τὸ
1375 2730 1445 2765 μέγα
1459 2731 1548 2763 κλέος,
1568 2732 1585 2766 ὴ
1601 2731 1717 2766 μεγίστη
1731 2733 1858 2768 εὐφημία
1869 2752 1876 2765 ,

1091 2775 1148 2802 ἀλλ’
1164 2776 1181 2811 ἢ
1206 2776 1238 2802 ἐκ
1254 2775 1306 2803 τῶν
1326 2777 1568 2813 προϋπηργμένων
1584 2786 1625 2804 σοι
1639 2778 1874 2815 κατορθωμάτων,
