1923 3078
55 217 114 249 1297

641 217 911 248 EPISTOLARUM
936 217 1011 247 LIB.
1032 215 1076 246 II.

1606 217 1676 249 1298

51 275 79 301 ὲχ
91 273 138 307 τῆς
150 272 248 308 πολλῆς
263 281 311 299 σου
326 272 473 306 ἐντεύξεως
487 273 535 300 καὶ
549 273 718 308 προσευχῆς.
733 274 765 300 ὲκ
776 274 826 308 τῆς

887 273 947 306 υἰε,
960 279 1022 307 quae
1041 277 1207 307 pmcessere
1224 277 1276 297 :ex
1293 270 1411 305 plurima
1424 270 1626 306 supplicatione
1643 280 1677 300 ac

51 318 264 353 ὑπερϐαλλούσης
292 326 339 344 σου
367 318 539 353 φιλευποιίας
567 319 615 344 καὶ
646 318 830 354 φιλομονάχου

51 365 176 401 καρδίας;
200 364 257 391 Οὐκ
270 363 371 391 ὤλοντο
398 364 423 390 οἱ
449 364 562 400 καρποὶ,
582 364 633 391 κᾶν
659 365 705 391 ἐπὶ
734 365 831 400 μικρὸν

50 411 226 444 διεσείσθησαν
237 417 244 424 ·
260 410 291 436 οὐ
311 409 429 443 κατέαξε
447 419 494 436 σου
514 410 559 436 τὸν
581 410 682 444 ἀρετῆς
698 409 803 445 πύργον
817 411 831 437 ὁ

51 457 227 491 ἀντικείμενος
239 456 319 490 ὄφις,
345 457 369 482 εἰ
386 456 433 482 καὶ
449 455 571 484 δέδακεν.
600 456 831 491 ’Λποκέκρουσται

50 503 140 537 φθόνος
151 502 204 529 τῶν
219 501 450 528 ὲπιτωθασάντων
463 510 471 518 ·
485 502 631 528 πέπτωκεν
647 501 832 533 ὀνειδιζόντων

50 549 139 580 ὕθλος·
159 547 285 581 νενίκηκε
308 546 428 582 Χριστὸς
454 547 483 573 ὲν
499 547 557 578 σο)Ἷ
581 546 629 572 καὶ
654 545 699 572 διὰ
728 545 785 577 σοῦ,
809 543 831 572 ὦ

50 595 212 628 καλλίγυναι,
226 591 248 620 ὦ
262 593 433 629 φιλόμαρτυς
446 600 454 608 ·
472 594 530 625 καὶ,
549 592 579 619 τὸ
590 592 693 628 τρίτον,
707 589 729 618 ὦ
743 593 832 626 μῆτερ

50 642 117 676 ἐμή·
142 640 217 667 καλῶ
229 640 283 675 γὰρ
300 639 379 666 τοῦτο
404 640 433 665 ὲν
455 639 607 674 πνεύματι,
627 639 664 670 ὡς
688 638 830 670 σύναθλον,

50 689 93 715 καὶ
103 688 154 714 τῶν
167 687 221 714 ἀπὺ
235 686 338 722 σαρκὸς
349 686 561 721 γνωριζομένων
572 685 736 720 σπλάγχνων
751 684 833 718 ἐγγύ-

50 743 132 770 τερον.
160 733 237 760 Οὕτω
255 733 311 768 γὰρ
326 731 382 759 οἵδε
407 732 437 758 τὸ
461 731 743 767 πνεῦμαβυνάπτειν
769 731 832 762 τοὺς

50 780 94 808 ἀπ’
110 780 189 807 αὑτοῦ
213 779 462 814 κυοφορουμένους.
489 776 555 804 Οἶδά.
570 786 616 804 σου
634 777 698 808 τοὺς
719 777 830 808 πόνους·

49 823 104 852 οἶδα
115 825 162 856 τὰς
185 824 325 856 ίνοκοπίας
347 824 396 858 τῆς
417 823 522 858 ψυχῆς·
547 822 637 849 πάντα
650 823 700 849 ὅσα
717 823 832 857 ῥαγείσα

50 873 146 908 κόσμου
167 871 282 899 ὑποίσω.
309 871 389 897 Ἀλλὰ
411 870 526 905 Θάρσει·
550 869 635 901 πολύς
650 878 696 895 σου
709 869 723 895 ὁ
737 868 832 904 μισθὸς

50 921 76 946 ὲν
99 919 221 954 οὐρανοῖς
232 926 240 934 ι
256 918 350 952 νύμφη
370 916 488 951 Χριστοῦ
502 916 695 951 χρηματίζεις,
711 915 763 942 κᾶν
778 914 832 941 ἀπὸ

50 966 157 1000 ἀνδρός”
174 964 336 999 συμπολῖτις
357 963 411 989 τῶν
426 962 539 989 δικαίων
556 962 604 988 καὶ
625 962 711 996 ἁγίων
722 969 729 976 ⁸
754 961 833 996 εἴπερ

50 1011 217 1046 ἐμμενοῦμεν
231 1011 291 1041 ταῖς
307 1009 395 1041 θείαις
409 1009 568 1044 ὁμολογίαις
587 1008 640 1039 ἕως
655 1008 759 1039 τέλους.
776 1007 834 1034 Νῦν

49 1058 74 1084 δὲ
87 1056 192 1092 λιπαρῶ
210 1056 258 1082 καὶ
276 1055 417 1090 παραινῶ,
434 1053 645 1089 ὑπομονητικῶς
665 1062 694 1080 σε
712 1053 835 1087 ἐνεγκεῖν

48 1105 95 1138 τὴν
116 1102 221 1138 ἑξορίαν
236 1103 284 1129 καὶ
303 1102 421 1138 ἐρημίαν
437 1102 556 1132 πάντων,
574 1098 785 1135 ἀναθεωροῦσαν
801 1098 836 1126 τὰ

48 1150 159 1184 οὶράνια
170 1157 177 1164 ⁸
191 1149 293 1175 εἰδυῖαν
307 1148 338 1174 τὸ
352 1148 399 1174 ἐπὶ
414 1148 466 1182 γῆς
480 1147 605 1181 παίγνιον
618 1147 666 1173 καὶ
680 1145 834 1180 ὠκύμορον.

47 1197 121 1225 Μετὰ
135 1196 182 1223 σοῦ
200 1197 214 1222 ὁ
230 1195 318 1230 φύλαξ
338 1204 385 1221 σου
409 1195 458 1230 τῆς
480 1194 555 1229 ζωῆς
570 1193 701 1228 ἄγγελος·
718 1192 836 1228 Χριστὸς

49 1243 137 1274 αὐτὸς,
157 1242 171 1268 ὸ
191 1240 293 1267 εἰπών’
315 1240 389 1275 Ἐγιὶ)
415 1240 464 1266 καὶ
479 1241 495 1267 ὁ
517 1238 619 1273 Πατὴρ
636 1238 835 1273 ἐλευσόμεθα,

48 1289 95 1315 καὶ
106 1287 207 1322 μονὴν
219 1286 288 1321 παρ’
300 1286 381 1319 αὐτῷ
393 1285 573 1320 ποιήσομεν.
586 1285 633 1311 Ἓν
639 1285 667 1312 δὲ
677 1285 836 1319 ὑπομιμνή-

47 1342 105 1360 σκω
114 1342 121 1348 ·
138 1334 256 1367 σεαυτὴν
267 1341 299 1359 πε
304 1332 423 1368 ριποιοῦ.
433 1332 540 1359 δίαιταν
551 1330 837 1366 παρακλητικωτέραν

47 1379 236 1415 ἀσπαζομένη.
253 1379 290 1406 Οὐ
316 1379 371 1414 γὰρ
400 1379 497 1414 καιρὸς
514 1377 679 1412 ἐγκρατείας
707 1377 770 1412 ἄρτι
790 1385 837 1403 το-

47 1425 150 1456 σοῦτον,
165 1426 228 1451 ὅσον
257 1425 288 1451 τὺ
310 1425 455 1460 πρότερον.
479 1424 536 1451 Καὶ
569 1424 657 1456 τέλος,
683 1424 836 1458 προσεύχου

47 1473 110 1506 περὶ
123 1471 192 1506 ἐμοῦ
207 1470 257 1497 τοῦ
282 1470 446 1506 ἀμαρτωλοῦ
458 1477 465 1484 ·
493 1469 530 1501 ὼς
544 1469 577 1496 ἂν
600 1470 658 1499 τοῖς
681 1468 771 1503 λόγοις
791 1468 838 1494 τὸν

48 1518 104 1553 βίον
120 1517 334 1552 συναρμὸσοιμι.

154 1572 213 1599 ΞΘ¹.
229 1587 264 1593 -
279 1571 420 1606 Εὐφημίᾳ
429 1571 604 1606 ἐγκλείστῃ.
618 1569 710 1606 Ῐυογκ]

882 325 965 353 prece
984 328 990 346 :
1004 325 1039 345 ex
1053 315 1303 344 beneﬁcentissima
1319 321 1365 343 tua
1381 324 1445 352 erga
1457 318 1609 345 monachos
1626 325 1675 346 vo-

883 363 1010 391 luntate?
1026 361 1085 389 Non
1099 362 1205 397 periere
1230 361 1348 392 fructus.
1366 362 1418 390 etsi
1433 363 1560 390 concussi
1578 364 1677 396 paulu-

882 410 938 437 lum
955 418 962 436 :
977 414 1052 436 tuam
1069 408 1143 435 illam
1165 407 1275 435 virtutis
1289 408 1383 435 tnrritn
1400 415 1454 435 non
1466 409 1601 437 subvertit
1615 417 1676 437 εει-δ

881 464 949 492 pens
963 455 1102 488 inimicus,
1117 462 1275 490 quanquam
1293 463 1415 482 morsum
1430 455 1533 482 intulit.
1557 455 1678 489 Repulsa

883 502 1027 529 irrisorum
1058 501 1161 528 invidia
1190 505 1254 528 est:
1277 501 1438 528 exciderunt
1458 501 1677 530 conviciatorum

882 555 978 583 nugae:
996 546 1062 574 vicit
1076 546 1205 574 Christus
1220 547 1246 573 in
1259 551 1285 573 te
1299 551 1326 573 ct
1341 554 1389 580 per
1401 550 1437 579 te,
1453 554 1470 573 0
1483 546 1585 574 femina
1599 555 1678 582 egre-

883 594 935 628 gia,
951 602 968 620 υ
984 593 1107 628 martyrii
1119 592 1228 627 cupida,
1250 597 1287 625 et,
1300 592 1372 627 quod
1389 593 1502 620 tertium
1518 597 1569 624 est,
1585 601 1601 620 ο
1617 601 1677 620 ma-

883 645 924 667 ter
940 647 1000 666 mea
1016 648 1023 666 :
1039 647 1103 667 nam
1118 647 1152 666 eo
1163 645 1189 667 te
1212 639 1322 666 nomine
1342 638 1448 673 appeilo
1472 639 1498 666 in
1516 639 1628 673 spiritu,
1646 643 1678 666 ut

884 686 1042 714 certaminis
1054 687 1156 714 sociam
1173 706 1180 718 ,
1197 690 1225 713 et
1237 686 1454 721 coniunctiorem
1467 686 1500 714 iis
1513 694 1574 721 qua:
1584 685 1678 713 carnis

883 737 948 760 sunt
964 733 1128 760 visceribus.
1144 732 1190 760 Sic
1208 733 1281 760 enim
1298 740 1347 760 eos
1371 733 1486 768 spiritus
1503 733 1578 760 novit
1591 741 1678 768 copu-

883 780 949 812 lare,
966 787 1036 815 quos
1051 781 1109 815 ipse
1133 781 1269 815 genuerit.
1290 779 1358 807 Novi
1384 780 1492 807 laberes
1512 785 1574 808 tuos
1594 781 1678 807 :novi

884 831 951 861 quot
964 826 1055 853 animo
1067 825 1206 853 molestias
1222 825 1358 857 hauseris,
1370 833 1443 860 quat,
1464 833 1527 853 curn
1544 833 1559 853 a
1573 827 1678 853 mundo

883 872 978 900 avulsa
990 880 1030 905 es,
1040 871 1177 899 toleraris.
1189 871 1241 898 Sed
1256 871 1385 898 conlidit'o
1397 881 1404 898 :
1414 871 1531 906 plurima
1547 871 1594 899 tibi
1607 879 1679 899 mer-

884 926 929 947 ces
949 919 976 946 in
992 919 1062 946 coelo
1077 928 1083 946 :
1100 918 1202 946 Christi
1218 925 1318 953 sponsa
1342 918 1454 950 diceris,
1471 918 1525 946 etsi
1540 924 1602 952 post
1612 926 1679 946 con-

882 965 988 1000 jugium
1005 973 1011 991 :
1026 964 1163 999 justorum
1173 971 1204 991 ac
1220 968 1378 991 sanctorum
1395 963 1474 996 civis,
1487 964 1509 991 si
1521 963 1632 999 quidem
1645 964 1680 991 ad

887 1010 966 1037 linem
982 1017 1069 1045 usque
1084 1010 1111 1037 in
1127 1009 1218 1037 divina
1231 1009 1406 1037 confessione
1417 1014 1582 1044 perstentus.
1596 1009 1679 1038 Nunc

885 1063 949 1083 vero
967 1055 1083 1082 obsecro
1096 1058 1123 1082 et
1138 1055 1233 1082 hortor
1247 1058 1277 1081 ut
1288 1061 1366 1089 arquo
1388 1054 1480 1080 animo
1498 1053 1625 1080 exsilium
1639 1053 1680 1080 ιυ-

886 1109 942 1134 ras,
959 1108 1106 1136 rerumque
1122 1101 1246 1128 omnium
1273 1100 1427 1135 penuriam,
1444 1100 1596 1127 caelestium
1610 1107 1679 1126 con-

887 1146 1064 1180 templatione
1077 1155 1084 1173 :
1099 1153 1161 1174 cum
1178 1146 1263 1181 probe
1275 1146 1423 1181 intelligas,
1440 1146 1574 1180 quidquid
1593 1150 1680 1173 terre-

886 1200 953 1220 num
968 1196 1020 1223 est,
1038 1192 1173 1220 ludicrum
1196 1199 1257 1220 esse
1269 1196 1296 1219 et
1317 1192 1370 1219 cito
1386 1192 1549 1227 periturum.
1576 1192 1680 1225 Tecum

886 1242 980 1266 custos
994 1238 1056 1265 vita:
1071 1242 1124 1265 tua:
1142 1237 1255 1273 angelus
1267 1258 1274 1270 ,
1290 1237 1417 1265 Christus
1440 1238 1498 1272 ipse
1524 1238 1572 1273 qui
1588 1238 1656 1265 dixit
1672 1246 1679 1265 :

887 1283 943 1320 Ego
955 1289 979 1311 et
992 1284 1074 1311 Pater
1093 1286 1236 1316 veniemus,
1250 1289 1274 1311 ct
1288 1285 1450 1311 mansionem
1473 1285 1544 1319 apud
1560 1293 1620 1311 eum
1638 1285 1681 1319 fa-

886 1330 985 1357 ciemus
996 1329 1123 1357 ".Unum
1137 1337 1201 1357 vero
1214 1337 1313 1357 moneo
1323 1339 1328 1357 :
1338 1335 1367 1357 ut
1379 1330 1528 1357 valetudini
1539 1330 1679 1363 consulas,

887 1377 1043 1405 suaviorem
1062 1377 1189 1411 amplexa
1209 1377 1317 1404 vivendi
1336 1385 1471 1404 normam.
1498 1376 1593 1412 Neque
1606 1378 1680 1405 enim

887 1431 961 1450 nunc
978 1428 1086 1458 tempus
1108 1423 1283 1451 abstinentia:
1297 1427 1353 1450 tam
1368 1423 1462 1459 rigidae
1475 1428 1527 1455 est.
1537 1432 1618 1458 quam
1628 1432 1681 1450 an-

887 1475 931 1496 tea
948 1470 1064 1496 exstitit.
1075 1469 1198 1505 Dcniqtte
1209 1477 1259 1504 pro
1269 1478 1312 1498 me
1325 1475 1469 1505 peccatore
1482 1479 1576 1506 preces
1585 1470 1680 1506 funde,

888 1521 918 1543 ut
935 1523 996 1544 cum
1011 1516 1185 1543 sermonibus
1201 1517 1243 1543 via
1262 1523 1322 1544 mea
1333 1517 1500 1544 consentiat.

1064 1573 1158 1601 LXIX.
1175 1573 1372 1609 —Eupltemiw
1383 1575 1501 1603 induam.
1541 1562 1546 1570 ι

567 1638 599 1663 Ut
609 1639 707 1663 (‘brlsto
717 1645 808 1670 sponso
821 1646 877 1670 suo,
888 1643 940 1665 tota
949 1645 1034 1666 mente
1048 1642 1150 1666 serviat.

79 1696 110 1723 El
124 1694 172 1721 καὶ
181 1693 341 1728 ἐλλείπομεν
363 1692 524 1727 συχνότερον
554 1693 754 1728 τῇιτιμιότητι
788 1701 834 1719 σου

925 1693 982 1721 Etsi
1009 1694 1154 1722 omisimus
1165 1695 1318 1723 crebriores
1338 1695 1373 1722 ad
1400 1697 1582 1724 reverentiam
1607 1702 1680 1726 tuam

47 1740 215 1768 ἐπιστέλλειν
231 1749 238 1756 ·
254 1739 311 1766 ἀλλ’
323 1738 369 1766 οὖν
381 1738 429 1765 τοῦ
448 1738 605 1774 μεμνῆσθαι
623 1739 707 1774 αὐτῆς
735 1740 764 1765 ὲν
779 1740 837 1766 Κυ-

48 1789 96 1824 ρίῳ
109 1808 117 1820 ,
133 1788 185 1814 οὐκ
197 1786 401 1821 ἐπιλελήσμεθα
416 1793 423 1800 ·
439 1785 484 1812 διὰ
493 1785 524 1812 τδ
540 1785 698 1812 κοινωνικὸν
712 1787 761 1820 τῆς
771 1794 837 1820 προ-

46 1836 158 1866 θέσεως,
172 1835 220 1861 καὶ
235 1834 265 1860 τὺ
279 1833 433 1860 ὲπιδοτικὸν
445 1833 497 1868 τῆς
506 1833 704 1869 προαιρέσεως.
726 1834 759 1860 Ὃ
775 1834 836 1860 im-

44 1882 98 1912 νὼς
111 1881 182 1916 ἔχει,
200 1880 237 1911 ὼς
253 1879 394 1915 μανθάνω,
406 1878 460 1905 ἀπὸ
473 1878 586 1914 πρώτης
601 1879 708 1914 ἡλικίας
718 1879 836 1915 ᾐρετίσω

44 1929 89 1955 τὸν
104 1927 291 1962 σταυροφόρον
303 1926 360 1961 βίον
370 1935 376 1941 ·
390 1926 438 1953 καὶ
454 1925 494 1952 ἔτι
509 1925 560 1962 τὴν
577 1927 767 1961 φρουρητικὴν
780 1925 838 1952 δια-

44 1974 150 2000 δίωσιν.
165 1974 220 1999 Καὶ
231 1973 324 2008 ἡλίκον
336 1980 383 1998 σου
395 1972 425 1998 τὸ
433 1971 570 2007 ἐγκώμιον
580 1991 587 2003 ,
602 1971 695 2006 νύμφη
706 1971 836 2006 Χριστοῦ.

50 2020 121 2046 Ἀλλ’
136 2019 344 2054 ὑπομιμνῄσκω
360 2018 501 2054 περιέπων
530 2026 559 2043 σε
578 2017 783 2052 πνευματικῶς,
800 2017 838 2048 ὡς

43 2067 177 2101 ἀδελφήν.
198 2065 367 2099 Ἐπείχθητι,
384 2064 478 2099 κυρία,
496 2063 641 2099 mter
667 2062 838 2098 θεραπεῦσαί

45 2121 92 2139 σου
110 2113 159 2138 τὸν
177 2111 315 2146 Νυμφίον.
334 2111 366 2137 Ἠ
384 2110 580 2145 νυμφευθεῖσα.
595 2109 687 2144 πάσης
717 2109 838 2144 σχέσεως

43 2159 145 2193 ἑαυτὴν
161 2157 349 2188 ἁποδιίστασο,
367 2156 432 2190 ὅλην
445 2155 496 2191 τὴν
509 2155 635 2190 καρδίαν,
663 2155 711 2182 κοιλ¹
736 2154 836 2189 ψυχὴν,

43 2206 91 2231 καὶ
104 2205 173 2239 ὅλην
187 2203 236 2239 τὴν
254 2203 374 2229 διάνοιαν
393 2201 534 2237 ἐρωτικῶς
568 2201 637 2236 πρὸς
662 2201 709 2228 τὸν
737 2201 838 2235 ἑαυτῆς

42 2251 173 2287 Νυμφίον
189 2250 299 2285 ἔχουσα.
310 2249 341 2275 Ei
355 2248 434 2275 τοῦτο
446 2249 494 2274 ἐπὶ
505 2248 553 2274 τοῦ
564 2247 686 2283 φθαρτοῦ
699 2247 747 2273 καὶ
760 2246 838 2281 ρέονσ

41 2307 87 2329 τος
106 2298 166 2332 ἔχει
183 2304 190 2311 ·
220 2296 297 2331 πόσῳ
328 2293 375 2321 οὖν
392 2295 493 2329 μᾶλλον
505 2293 553 2321 ἐπὶ
567 2293 614 2320 τοῦ
629 2293 772 2329 ἀφθάρτου
791 2292 839 2321 καὶ

40 2345 202 2376 ἁθανάτου;
226 2342 321 2373 Οὕτως
341 2342 487 2376 ὀφείλομεν
515 2340 615 2376 (κοινὸς
628 2341 642 2366 ὁ
658 2339 748 2373 λόγος)
792 2338 839 2365 καὶ

889 1740 993 1768 litteras
1007 1740 1131 1774 mittere;
1155 1746 1184 1768 at
1209 1748 1265 1768 non
1292 1741 1428 1770 desiimus
1443 1742 1566 1778 ejusdem
1581 1745 1682 1772 metui-

888 1786 962 1814 nisse
992 1786 1018 1814 in
1034 1786 1160 1819 Domino,
1182 1791 1239 1814 tum
1255 1788 1291 1814 ob
1311 1787 1427 1816 instituti
1441 1790 1681 1824 communionem,

889 1837 946 1859 tum
964 1832 999 1860 ob
1029 1832 1212 1860 voluntariam
1237 1834 1302 1861 novi
1325 1835 1458 1870 propositi
1481 1836 1681 1864 accessionem.

888 1878 964 1912 Quod
986 1886 1034 1913 per
1046 1887 1076 1906 se
1092 1879 1242 1906 maximum
1265 1885 1316 1912 est,
1333 1888 1348 1907 a
1362 1881 1449 1916 prima
1466 1886 1556 1915 relate,
1585 1887 1615 1910 ut
1637 1884 1681 1911 in-

889 1925 1000 1960 telligo,
1027 1926 1090 1953 vitae
1115 1934 1239 1953 normam
1263 1927 1420 1962 arripuisti,
1435 1928 1463 1955 itt
1485 1937 1539 1964 qua
1562 1930 1682 1958 tollenda

888 1979 978 1998 crux:
1004 1978 1036 1998 ac
1058 1976 1190 2006 praeterea
1222 1977 1320 2007 sponte
1343 1973 1450 2001 inclusa
1476 1975 1554 2010 degis
1582 1984 1681 2003 aevum.

888 2016 960 2043 Proh
983 2022 1086 2052 quanta
1107 2022 1153 2045 tua
1176 2019 1381 2047 commendatio
1404 2024 1456 2051 est.
1477 2021 1584 2056 Sponsa
1599 2022 1682 2050 Chri—

889 2063 940 2090 stil
960 2063 1050 2091 Unum
1074 2068 1165 2091 tamen
1187 2072 1304 2100 suggero
1332 2067 1370 2093 tui
1397 2067 1560 2102 spiritaliter
1588 2077 1683 2097 curam

889 2118 996 2145 gerens,
1017 2115 1146 2146 tanquam
1163 2112 1277 2140 sororis.
1293 2112 1435 2146 Adnitere,
1454 2114 1577 2146 domina,
1604 2116 1684 2143 adni-

889 2160 946 2183 tere
970 2155 1108 2190 Sponsum
1134 2161 1211 2184 tuum
1240 2157 1386 2185 demereri.
1415 2158 1558 2195 Tanquam
1587 2167 1683 2198 nupta,

888 2209 998 2229 omnem
1015 2209 1086 2230 exue
1106 2203 1246 2236 aﬂ‘ectum,
1273 2208 1370 2238 pecttts
1385 2212 1476 2239 omne,
1497 2213 1607 2234 omnem
1624 2209 1684 2234 ani-

889 2255 975 2278 mum.
998 2248 1191 2282 cogitationem
1207 2256 1316 2276 omnem
1330 2250 1434 2278 amoris
1457 2251 1578 2286 impulsu
1594 2258 1686 2281 trans-

889 2292 980 2321 ferens
1000 2294 1026 2321 in
1051 2294 1187 2328 Sponsum
1216 2299 1305 2322 tuum.
1335 2295 1414 2329 Quod
1434 2297 1456 2324 si
1485 2298 1512 2324 in
1529 2300 1637 2326 mortali
1653 2307 1686 2326 ac

890 2341 1012 2376 perituro
1026 2340 1051 2368 id
1068 2341 1177 2374 accidit,
1197 2346 1301 2376 quanto
1318 2343 1403 2377 magis
1418 2343 1444 2370 in
1464 2345 1632 2379 sempiterno
1658 2351 1686 2374 ct

40 2391 125 2425 ἡμεῖς
141 2388 298 2416 διακεῖσθαι
312 2388 379 2422 πρὸς
393 2388 437 2414 τὸν
454 2387 557 2421 Κύριον
569 2386 616 2413 καὶ
628 2386 779 2420 Δεσπότην,
791 2385 834 2412 καὶ

891 2387 1054 2414 immortali!
1079 2386 1125 2414 Sic
1139 2387 1282 2420 debenms,
1305 2389 1363 2423 pari
1379 2389 1496 2422 ratione,
1516 2395 1543 2418 et
1554 2400 1603 2418 nos
1621 2400 1686 2428 erga

42 2438 79 2471 μὴ
100 2435 257 2470 λαμϐάνειν
273 2434 351 2468 κόρον
366 2433 414 2459 τοῦ
432 2433 516 2460 πόθου
532 2432 630 2459 αὐτοῦ’
647 2432 695 2459 καὶ
708 2433 737 2458 ὲν
750 2431 838 2466 τούτῳ

40 2481 204 2516 ἐξίστασθαι
219 2481 310 2514 πάσης
323 2480 419 2515 ἡδονῆς
432 2478 609 2515 φθοροποιοῦ.
626 2478 689 2504 Ὅτι
700 2477 749 2504 καὶ
758 2477 839 2508 αὐτὸς

40 2528 190 2563 ἐρωτικῶς
203 2528 272 2562 πρὸς
287 2527 361 2562 ἡμᾶς
374 2526 467 2561 ἔχεται
477 2533 484 2540 ·
501 2525 548 2552 καὶ
558 2525 640 2551 οἱονεὶ
653 2525 791 2557 ἐξίσταται
802 2524 836 2558 τῇ

42 2573 227 2609 ὑπεραπείρῳ
239 2573 388 2607 ἀγαπήσει.
406 2572 453 2607 Μὴ
468 2571 522 2607 γὰρ
536 2570 566 2596 οὐ
581 2570 624 2596 διὰ
640 2569 680 2600 οὲ,
707 2568 774 2600 Θεὸς
788 2568 836 2599 ὢν,

40 2621 138 2647 δούλου
162 2619 274 2655 μορφὴν
299 2618 440 2650 ἀνέλαϐεν,
469 2617 502 2652 ἢν
532 2616 580 2643 νῦν
608 2615 788 2650 ἀτιμάζουσιν
813 2615 839 2640 οἱ

40 2665 251 2700 Εξκονομάχοι;
270 2664 307 2699 μὴ
316 2664 366 2703 οὐκ
381 2662 540 2697 ὲπτώχευσε
571 2661 700 2693 πλούσιος
719 2660 779 2692 ὼν;
802 2660 840 2695 μὴ

40 2713 88 2746 οὐχ
104 2712 246 2746 ὑπέμεινε
262 2709 296 2736 τὰ
314 2708 427 2744 θλιϐερέι
442 2709 565 2740 ἅπαντα,
592 2707 686 2743 ὓόρεις
700 2728 707 2738 ,
733 2706 841 2742 ἐμπτύ-

40 2766 153 2792 σματα,
174 2757 348 2792 ῥαπίσματα.
378 2755 525 2790 μάστιγας,
551 2754 668 2788 σταυρὸν
683 2755 732 2779 καὶ
760 2753 842 2780 θάνα-

39 2812 84 2830 τον
98 2813 107 2836 ;
131 2804 230 2833 Οὕτως
242 2802 349 2836 ὀφείλει
363 2801 466 2836 ἑκάστη
484 2800 558 2836 ψυχὴ
591 2800 759 2826 διατίθεσθαι
776 2808 783 2815 ·
803 2799 842 2831 ὡς

40 2850 114 2885 ὑπὲρ
134 2849 225 2884 αὐτῆς
243 2849 338 2884 μόνης,
351 2848 402 2875 κᾶν
416 2848 487 2883 ὑπὲρ
503 2848 606 2881 πάσης.
623 2846 658 2872 τὰ
676 2845 839 2881 παθήματα,

42 2897 86 2922 καὶ
102 2896 237 2931 στέργειν
251 2894 299 2920 καὶ
312 2895 433 2930 ἀγαπᾷν,
453 2893 501 2921 καὶ
518 2892 644 2928 ἐφίεσθαι
659 2891 748 2924 agam
763 2892 838 2919 ἀντι-

74 2954 101 2970 ⁹⁸
115 2954 203 2981 Joau.
222 2960 278 2985 xiv,
292 2952 337 2981 23.

893 2433 1036 2460 Dominutn
1051 2437 1079 2459 et
1088 2433 1248 2466 magistrum
1260 2433 1340 2465 allici,
1352 2441 1402 2461 nec
1411 2435 1493 2462 ullam
1505 2435 1578 2463 illius
1589 2444 1686 2463 aman—

893 2479 919 2506 di
936 2479 1088 2506 satietatem
1104 2487 1221 2514 capere;
1248 2484 1328 2514 atque
1343 2487 1402 2507 eam
1420 2481 1456 2507 ob
1478 2489 1534 2508 rcm
1551 2483 1626 2509 omni
1642 2490 1687 2510 ca-

890 2532 951 2551 rere
976 2525 1093 2552 exitiosa
1120 2525 1270 2559 voluptate.
1302 2525 1369 2552 Nam
1398 2531 1425 2553 et
1448 2527 1506 2560 ipse
1541 2535 1687 2562 peramans

893 2570 980 2598 nostri
991 2575 1045 2604 est,
1061 2578 1093 2598 ac
1107 2572 1190 2599 veluti
1208 2576 1283 2599 extra
1302 2579 1331 2599 se
1343 2571 1429 2599 fertur
1448 2572 1601 2600 incredibili
1617 2574 1686 2601 cha-

892 2618 984 2644 ritate.
1010 2618 1107 2645 Annon
1132 2618 1205 2645 enitn
1227 2623 1336 2654 propter
1363 2624 1398 2652 te,
1427 2627 1490 2646 cum
1511 2619 1582 2647 Deus
1603 2626 1687 2655 esset,

894 2664 963 2691 servi
989 2663 1107 2690 formam
1133 2664 1250 2699 accepit,
1266 2672 1347 2699 quam
1367 2673 1440 2693 nunc
1453 2665 1628 2694 lcenomachi
1643 2667 1689 2694 de-

895 2711 994 2737 decore
1008 2710 1148 2737 alﬁciunt?
1160 2718 1216 2738 non
1232 2711 1301 2738 vixit
1324 2711 1414 2746 inops.
1428 2720 1490 2740 cum
1505 2714 1581 2741 dives
1597 2715 1688 2741 esset?

895 2762 950 2781 non
969 2762 1099 2790 perpessu
1115 2763 1212 2790 aspera
1228 2756 1320 2784 omnia
1345 2759 1474 2792 pertulit?
1486 2759 1688 2787 contumelias?

895 2801 996 2836 sputa?
1023 2801 1140 2839 alapas?
1155 2801 1289 2829 verbera?
1314 2810 1424 2832 crucem
1442 2811 1474 2831 ac
1495 2805 1614 2832 necem?
1643 2806 1690 2834 Sic

894 2847 1045 2882 quamlibet
1065 2849 1187 2875 animam
1201 2856 1262 2876 esse
1279 2848 1402 2876 aﬂ'ectotn
1417 2850 1496 2878 decet
1512 2853 1624 2887 (quippe
1637 2860 1687 2886 pro

894 2892 952 2927 ipsa
969 2893 1038 2925 sola,
1059 2893 1171 2928 perinde
1181 2901 1213 2920 ac
1230 2901 1279 2928 pro
1291 2894 1420 2923 omnibus
1444 2895 1486 2923 hae
1496 2897 1688 2932 perpessiones
