1923 3078
247 207 316 240 1999

843 212 874 242 S.
889 209 1086 240 THEODORI
1107 209 1280 240 STUDITAE

1804 210 1813 241 1
1819 212 1862 242 300

246 268 383 298 susceptae
411 263 497 298 sunt).
526 269 554 293 ut
577 269 603 292 et
618 266 805 300 concupiscat.
822 269 850 292 et
868 271 949 298 amet,
963 270 990 292 et
1005 273 1031 292 ei

1092 265 1268 292 πεπονθέναι.
1287 265 1346 291 Κᾶν
1373 265 1453 300 τυχὸν
1479 265 1508 292 οὐ
1536 265 1736 301 παραχωρῆται
1763 265 1864 293 ὐπῡῖσαι

244 317 323 344 aequo
339 310 392 345 pati
409 310 529 337 vicissim
543 311 650 346 gestiat.
664 311 703 338 Ac
716 311 738 338 si
757 311 876 339 fortasse
890 311 983 339 nullus
999 311 1035 339 sit

245 356 296 382 ista
328 355 479 390 perferendi
499 356 586 389 locus,
611 358 779 392 propositum
795 358 883 384 vicem
898 357 990 392 operis
1005 365 1036 385 ac

244 401 351 428 laudem
377 401 468 432 habet.
486 401 541 429 Deo
558 402 661 436 optimo
676 403 715 430 sic
738 407 944 430 remunerante.
973 402 1037 429 llaec

244 451 308 474 sunt
323 455 336 474 a
353 455 396 474 me
412 447 526 481 prolata.
548 455 601 475 nou
618 449 695 482 quasi
726 457 780 475 non
797 453 862 476 ante
876 449 971 476 oculos
986 448 1036 475 ha-

243 492 320 525 beas,
346 493 394 520 sed
409 492 481 520 uuod
499 492 566 520 mihi
596 498 683 521 tecum
700 494 726 520 iu
743 494 860 521 Domino
885 501 963 521 mens
982 501 1036 521 una

244 539 279 565 sit

431 595 512 623 LXX.
529 612 564 617 -—
579 597 721 631 Theophila
741 598 844 632 Ephesi.

1086 311 1174 338 ταῦτα
1187 320 1194 326 ·
1209 312 1258 338 καὶ
1272 311 1288 346 ἡ
1305 310 1433 346 πρόθεσις
1444 311 1625 338 ἀποδέδεκται
1641 312 1681 343 εἰς
1693 312 1788 346 ἔργον
1801 312 1865 339 οὕτω

1087 356 1135 383 τοῦ
1150 356 1252 390 ἀγαθοῦ
1272 356 1341 383 Θεοῦ
1368 356 1609 392 φιλοτιμουμένου.
1643 357 1735 384 Ταῦτα
1763 358 1809 393 οὑχ
1831 359 1865 390 ὡς

1087 404 1137 431 οὐκ
1156 403 1272 438 ἐχούσης
1291 411 1339 429 σου
1350 402 1458 429 ἔναυλα·
1475 403 1532 429 ἀλλ’
1562 403 1600 435 ὼς
1614 404 1763 439 συμψυχῶν
1780 413 1817 430 σοι
1839 405 1865 431 ἐν

1088 449 1194 484 Κυρίῳ.

1185 595 1223 621 0”.
1237 609 1272 614 —-
1282 593 1414 627 Θεοφίλῳ
1425 592 1480 626 τῆς
1497 593 1637 628 Ἐφέσου.
1653 593 1734 630 [uoci

602 654 753 684 Gratulalur,
767 659 883 685 tanquam
900 654 1032 679 confessori
1045 652 1192 684 perlllnstri.
1204 652 1302 678 (Baron.
1314 657 1353 679 an.
1370 650 1425 680 816,
1435 658 1460 675 n.
1475 651 1525 681 42.)

280 707 347 737 Cum
365 707 508 742 epistolam
526 707 614 735 fenori
630 709 779 741 dedissem,
797 708 989 743 exspectabam
1004 712 1033 735 ut

244 753 365 791 debitum
380 753 522 781 charitatis
535 755 683 787 reciperem
703 764 709 782 :
726 754 772 782 sed
786 755 849 789 quia
861 762 915 781 non
930 754 1033 789 accepi,

244 799 327 834 cupio
349 804 378 827 et
401 801 499 827 iterum
523 799 652 828 funerari.
673 800 756 830 Dulce
773 801 846 827 enim
874 800 941 827 mihi
957 800 1035 827 valde

246 845 298 881 hoc
324 845 414 879 fenus,
443 847 470 874 id
492 851 544 879 est,
561 855 623 874 cum
641 854 721 874 sacro
737 847 825 881 capite
840 851 886 874 tuo
904 846 1035 881 colloqui,

245 891 345 919 Christi
383 900 466 920 causa
495 893 631 927 patiente,
668 893 709 920 vel
738 893 830 928 potius
866 891 1034 919 confessoris

245 937 332 971 instar
349 942 480 965 cor0uato
494 943 521 965 et
538 943 680 966 exornato.
695 938 752 965 Non
768 939 840 966 enim
855 938 957 973 quibus
969 945 1034 965 ocu-

245 984 279 1011 lis
305 984 377 1011 videt
407 984 537 1018 mundus,
568 984 664 1012 iisdem
692 992 770 1012 meus
787 985 885 1017 cernit,
903 985 986 1012 Deum
1003 991 1035 1012 ac

245 1030 334 1058 divina
357 1031 543 1065 conspiciens.
572 1030 621 1057 ille
644 1031 778 1065 siquidem
797 1031 988 1066 corruptibilia
1008 1035 1036 1058 et

244 1078 388 1111 pereuntia
419 1085 520 1104 nomen
550 1077 685 1104 bonorum
702 1077 826 1105 obtinere
842 1084 946 1111 censet,
965 1077 1035 1105 male

241 1122 369 1156 judicans
394 1129 421 1150 et
446 1131 597 1157 perverse:
635 1124 691 1151 haec
715 1131 780 1151 vero
796 1123 869 1150 illam
900 1131 932 1151 ac
947 1123 1033 1150 solam

244 1168 398 1199 beatitzntem
418 1173 520 1201 censet,
535 1177 596 1204 quze
612 1177 665 1196 non
685 1169 746 1197 istis
765 1170 864 1197 finibus
881 1169 1035 1197 delinitvo-

243 1214 385 1248 luptatem,
415 1215 462 1243 sed
475 1219 621 1242 venturum
640 1215 667 1242 in
684 1223 773 1242 aevum
792 1216 912 1250 reposita
926 1219 981 1248 est,
999 1216 1034 1242 ad

243 1260 425 1294 intermittat-.1:
439 1260 558 1291 fructum
580 1262 770 1296 iucunditatis.
789 1261 846 1289 Hoc
868 1262 950 1289 modo
968 1270 1030 1290 san-

242 1307 345 1334 clitalis
359 1310 412 1334 tuae
432 1315 476 1335 res
494 1307 602 1338 intuens
620 1308 712 1340 miser,
731 1308 836 1343 gaudeo
853 1313 880 1336 et
899 1309 1034 1344 gratulor.

242 1354 483 1383 desideratissime.
511 1354 707 1390 Coulcmpsisti
728 1356 842 1391 gloriam
871 1361 1006 1383 terrenam
1026 1365 1032 1384 :

241 1399 346 1435 elegisti
360 1408 422 1427 cum
438 1400 550 1428 Christo
564 1401 677 1429 humilia
694 1406 721 1428 et
734 1402 962 1436 contemptibilia,
978 1402 1034 1429 imo

241 1454 307 1474 vero
328 1446 531 1474 tribulationem
545 1453 571 1475 et
585 1447 737 1483 angustias,
755 1448 870 1475 verbera
883 1453 910 1475 ct
926 1448 1032 1475 exsilia.

241 1492 328 1526 Quam
359 1493 435 1521 beata
454 1498 518 1522 sunt
532 1501 593 1529 quat
622 1495 747 1529 gessisti!
779 1494 867 1528 Quam
895 1494 1033 1522 laudanda

240 1547 301 1574 qua:
329 1540 443 1574 passus!
470 1540 575 1567 Orienti
599 1540 796 1576 Occidenlique
831 1540 977 1569 celebrata.
1006 1540 1033 1567 in

1121 706 1250 737 Δανείσας
1264 706 1294 733 τὸ
1305 706 1433 740 γράμμα,
1447 705 1671 739 ἀπεκαραδόκουν
1687 706 1816 741 λήψεσθαι
1840 707 1869 735 τδ

1086 753 1166 789 χρέος
1181 754 1230 788 τῆς
1245 752 1354 786 ἀγάπης
1366 760 1372 766 ’
1388 752 1445 778 ἀλλ’
1458 752 1520 778 ἐπεὶ
1531 752 1581 778 οὐκ
1595 752 1709 787 εἴληφα,
1738 755 1806 787 φιλώ
1824 754 1869 781 καὶ

1086 797 1165 830 αὖθις
1179 799 1311 825 δανεῖσαι.
1331 798 1394 825 Ἡδὺ
1407 798 1460 833 γάρ
1474 806 1520 833 μοι
1535 798 1564 824 τὸ
1579 797 1684 825 δάνειον
1695 798 1773 825 λίαν·
1790 800 1869 835 ἦγουν

1085 846 1117 880 τῇ
1136 846 1169 880 σῇ
1199 845 1259 880 ἱερᾷ
1276 846 1382 880 κορυφῇ
1399 844 1584 878 διαλέγεσθαι,
1602 844 1645 871 διὰ
1676 845 1793 880 Χριστὸν
1819 855 1868 873 πει-

1087 891 1198 927 σχούσῃ,
1215 890 1355 926 μᾶλλονδὲ
1376 891 1580 926 ὁμολογητικῶς
1607 894 1809 929 στεφανουμένη
1839 902 1867 920 τε

1086 937 1134 964 καὶ
1149 937 1390 973 καλλωπιζομένῃ.
1407 937 1444 964 Οὐ
1455 938 1510 972 γὰρ
1540 936 1580 970 οἷς
1604 937 1754 974 ὀφθαλμοῖς
1779 939 1867 974 βλέπει

1086 982 1199 1017 κόσμος,
1214 982 1319 1015 τούτοις
1337 983 1416 1018 ἁθρεϊ
1430 983 1477 1010 καὶ
1493 983 1555 1015 νοῦς
1568 984 1639 1019 ὁρῶν
1657 984 1723 1011 Θεὸν
1737 985 1784 1011 καὶ
1799 985 1866 1012 θεῖα.

1087 1029 1149 1055 Ὅτι
1164 1030 1178 1056 ὁ
1193 1029 1242 1064 μὲν
1264 1029 1298 1056 τὰ
1316 1029 1482 1065 φθειρόμενα
1514 1031 1561 1057 καὶ
1581 1030 1758 1066 ἀπολλύμενα
1787 1032 1869 1058 οἴεται

1085 1073 1139 1099 τῶν
1155 1073 1266 1108 ἀγαθῶν
1293 1075 1391 1109 μοῖραν
1417 1075 1572 1110 τυγχάνειν,
1603 1076 1698 1108 κακῶς
1722 1077 1799 1109 εἰδὼς
1824 1079 1869 1104 καὶ

1086 1119 1304 1155 πεπλανημένως
1317 1129 1323 1135 ·
1338 1122 1352 1147 ὁ
1366 1121 1393 1148 δὲ
1415 1122 1504 1149 ἐκεῖνο
1515 1123 1562 1148 καὶ
1578 1123 1659 1157 μόνον
1673 1123 1772 1158 κρίνων
1786 1125 1870 1159 μακά-

1087 1174 1154 1201 ριον,
1169 1166 1183 1192 ὂ
1196 1166 1246 1193 οὐκ
1261 1166 1378 1193 ἐνταῦθα
1393 1167 1444 1202 τὴν
1458 1168 1608 1195 εὐπάθειαν
1624 1169 1710 1205 ὁρίζοι
1724 1177 1731 1184 ·
1749 1170 1806 1196 ἀλλ’
1833 1172 1871 1202 εἰς

1085 1212 1130 1238 τὸν
1143 1212 1274 1247 μέλλοντα
1287 1212 1374 1240 αἰῶνα
1389 1213 1718 1250 ὲναποθησαυριζόμενον,
1731 1216 1771 1247 είς
1787 1216 1871 1250 χαρὰν

1085 1259 1396 1298 ἀπέραντονθυμηδίας.
1415 1260 1494 1291 Οὕτω
1505 1260 1539 1287 τὰ
1557 1261 1628 1287 κατὰ
1642 1261 1691 1297 τὴν
1717 1262 1870 1297 ἁγιωσύνην

1086 1313 1133 1330 σου
1146 1305 1201 1339 ἐγὼ
1217 1306 1231 1331 ὁ
1245 1304 1330 1336 τάλας
1342 1305 1426 1337 ὀρῶν,
1442 1306 1532 1341 χαίρω
1546 1306 1593 1332 καὶ
1607 1307 1760 1342 συγχαίρω,
1779 1308 1874 1343 τριπό-

1085 1349 1160 1384 θητε.
1195 1350 1417 1386 Περιεφρόνησας
1440 1351 1520 1386 δόξης
1551 1352 1693 1386 ἐπιγείου·
1720 1353 1794 1380 εἵλου
1825 1355 1874 1381 σὺν

1085 1396 1196 1431 Χριστῷ
1210 1397 1244 1423 τὰ
1260 1397 1377 1424 ταπεινὰ
1394 1397 1440 1424 καὶ
1468 1397 1669 1434 ἐξουθενημένα
1681 1407 1689 1414 ·
1720 1399 1822 1434 μᾶλλον
1846 1401 1875 1428 δὲ

1086 1442 1175 1477 θλίψιν
1194 1443 1242 1470 καὶ
1256 1443 1450 1479 στενοχωρίαν,
1482 1444 1590 1479 πληγὰς
1602 1445 1650 1472 καὶ
1679 1445 1798 1481 ὲξορίας.
1831 1447 1875 1480 Ὠς

1087 1490 1211 1526 μακάρια
1225 1499 1272 1517 σου
1287 1491 1321 1517 τὰ
1336 1491 1482 1526 πρακτέαῐ
1499 1491 1537 1524 ὡς
1554 1492 1648 1519 αἰνετὰ
1661 1501 1708 1519 σου
1724 1493 1758 1519 τὰ
1784 1494 1876 1529 παθή-

1087 1539 1176 1572 ματαί
1200 1537 1326 1573 Ἀνατολῇ
1343 1538 1389 1564 καὶ
1404 1538 1486 1564 Δύσει
1500 1539 1681 1574 διαϐοώμενα,
1698 1541 1728 1567 ὲν
1749 1541 1875 1576 οὐρανοῖς

241 1585 319 1613 caelis
342 1585 492 1621 descripta,
516 1586 629 1621 angelos
642 1586 837 1620 exhilarantia,
858 1586 1031 1614 confessores

1088 1584 1313 1619 ἀπογραφόμενα,
1331 1584 1466 1618 ἀγγέλους
1495 1585 1687 1621 εὐφραίνοντα,
1703 1587 1875 1621 ὁμολογητὰς

240 1640 273 1659 ac
296 1637 431 1668 martyres
446 1633 624 1665 oblectantia,
642 1633 791 1665 daemones,
803 1637 830 1660 et
845 1632 887 1660 his
900 1640 983 1660 sensu
998 1639 1031 1659 ac

239 1679 362 1713 moribus
389 1679 494 1708 similes
519 1679 729 1712 leouomachos,
752 1679 916 1714 pungential
936 1678 1031 1706 Merito

238 1725 321 1761 igitur
336 1725 385 1752 tibi
402 1726 536 1760 gratulor,
560 1726 689 1761 princeps
702 1726 824 1754 Patrum.
847 1725 900 1753 Sed
922 1730 984 1760 peto
999 1730 1030 1753 ut

239 1779 289 1807 pro
304 1779 345 1798 mc
358 1772 441 1801 etiam
461 1780 523 1799 ores
540 1772 641 1799 misero
659 1771 851 1806 undequaque,
871 1776 900 1799 ut
915 1779 930 1801 a
946 1771 1027 1799 vestio

240 1815 292 1850 giis
309 1818 407 1847 vestris
425 1817 616 1850 consectandis
632 1825 686 1847 non
704 1817 839 1847 abet-rem.

433 1916 526 1943 LXXI.
541 1931 577 1935 —
587 1915 736 1943 Naucratio
750 1917 817 1950 ﬁlio.

1085 1631 1130 1656 καὶ
1143 1631 1287 1666 μάρτυρας
1302 1630 1444 1665 ἡδύνοντα.
1459 1632 1590 1667 δαίμονας
1613 1632 1662 1660 καὶ
1677 1634 1743 1665 τοὺς
1766 1634 1877 1666 τούτοις

1082 1677 1238 1712 ὁμόφρονάς
1250 1686 1278 1704 τε
1294 1678 1342 1704 καὶ
1352 1679 1423 1712 ὀμοτ
1433 1678 1533 1713 ρόπους
1549 1679 1752 1714 Εἰκονομάχους
1770 1681 1879 1713 στίζονς

1082 1723 1135 1750 ταί
1154 1724 1272 1754 Εἰκότως
1304 1723 1351 1750 οὖν
1370 1733 1411 1750 σοι
1426 1725 1641 1761 συναγάλλομαι.
1679 1727 1877 1762 πρωτοπάτορ.

1089 1768 1158 1794 Ἀλλ’
1171 1768 1240 1794 αἰτῶ
1251 1768 1358 1796 δέεσθαὶ
1371 1778 1400 1795 σε
1421 1770 1468 1796 καὶ
1487 1770 1551 1805 περὶ
1563 1771 1632 1806 ὲμοῦ
1645 1771 1692 1797 τοῦ
1702 1772 1773 1798 κατὰ
1786 1772 1877 1799 πάντα

1082 1814 1192 1850 οἰκτροῦ
1209 1823 1216 1830 ·
1238 1815 1277 1847 ὡς
1294 1816 1328 1842 ἂν
1344 1817 1382 1851 μὴ
1407 1817 1557 1844 ἀποπεσεῖν
1583 1826 1616 1853 με
1633 1818 1682 1853 τῆς
1715 1820 1776 1846 κατ’
1805 1820 1881 1855 ἴχνος

1086 1860 1162 1895 ὑμῶν
1173 1862 1382 1896 παραστάσει-ις.

1200 1920 1262 1946 OA’.
1279 1921 1498 1954 -Ναυκρατίῳ
1511 1922 1615 1954 τέκνῳ.
1632 1921 1732 1959 [υπγ¹.]

239 1975 318 2008 Imple
330 1979 355 2001 et
365 1975 503 2001 crudeliter
513 1975 543 2000 ab
558 1975 724 1999 lconomachis
738 1979 808 2006 gesta
829 1977 991 2031 exponuntilu-
1002 1976 1215 2039 gathodiixqrum
1228 1978 1253 2003 in
1271 1979 1301 2004 iis
1312 1978 1421 2004 ferendis
1434 1981 1573 2005 constantia
1600 1981 1759 2012 praedicatur.
1778 1982 1884 2013 (Baron.

951 2014 964 2031 a
986 2024 992 2030 .
1053 2026 1060 2037 ,
1080 2015 1106 2034 n.
1138 2027 1142 2032 .

951 2014 992 2031 an.
1003 2014 1060 2037 σευ,
1080 2015 1106 2034 n.
1121 2014 1142 2032 t.

275 2049 368 2077 Serius
388 2049 422 2077 ad
444 2054 470 2076 te
489 2048 660 2083 scripsimus,
685 2048 783 2075 dilecte
808 2048 845 2075 liii
864 2058 871 2076 :
903 2049 950 2076 sed
967 2049 1032 2083 quia

241 2095 333 2123 fervet
345 2096 390 2128 hic
405 2095 486 2124 etiam
506 2094 671 2131 persecutioI
692 2095 786 2129 plagm.
802 2094 922 2128 vincula,
939 2103 1032 2122 carce-

238 2149 284 2169 res
301 2151 307 2168 :
323 2142 359 2168 ita
377 2141 422 2168 ille
436 2142 484 2176 qui
504 2149 555 2168 nos
568 2140 681 2172 detinet,
697 2141 784 2175 spirat
800 2139 922 2167 furorem
936 2145 963 2167 et
977 2141 1032 2167 mi-

239 2196 299 2220 nas,
315 2193 342 2215 et
356 2187 401 2215 hic
416 2192 463 2223 aut
482 2188 539 2215 illic
552 2188 679 2215 inventos
698 2188 758 2222 pios
771 2187 980 2221 comprehendit
999 2195 1031 2215 ac

238 2235 357 2265 divexat.
385 2234 437 2267 Qui
465 2234 575 2269 quidem
597 2233 625 2261 in
652 2235 747 2261 urbem
774 2233 971 2268 proﬁciscens;
992 2234 1029 2261 ibi

236 2281 310 2308 enim
340 2288 413 2308 nunc
439 2281 512 2315 agit;
541 2279 632 2308 dicere
656 2288 710 2311 nou
737 2279 874 2307 dubitavit
895 2279 1028 2315 :Rogabo

236 2327 439 2362 imperatorem,
461 2331 489 2354 ut
508 2334 615 2356 mecum
628 2326 726 2354 ducam
737 2326 844 2359 regium
859 2326 1027 2359 ministrum,

235 2374 283 2408 qui
304 2377 352 2400 aut
365 2373 454 2407 capite
472 2373 582 2407 penitus
598 2373 756 2406 obtruucet,
781 2377 827 2399 aut
843 2372 963 2408 linguam
977 2373 1027 2400 ab-

236 2419 351 2448 scindat.
371 2418 504 2454 Equidem
526 2419 619 2447 nescio
639 2427 673 2446 an
698 2419 781 2446 verba
797 2419 831 2447 ad
846 2420 950 2447 exitum
965 2427 1028 2454 per-

235 2464 372 2492 venerint.
388 2464 429 2495 Qb
447 2465 518 2493 bane
536 2464 647 2499 quidem
662 2473 775 2493 causam
795 2473 846 2493 nos
861 2465 955 2493 omnia
969 2465 1026 2500 jam

235 2511 435 2546 disposuimus,
453 2512 641 2546 conjecturam
658 2519 690 2539 ex
705 2511 759 2539 alio
776 2512 857 2539 etiam
873 2512 1024 2546 capientes.

235 2557 355 2585 hominis
372 2558 479 2585 scilicet
502 2559 679 2592 perversitate
698 2562 725 2584 et
739 2565 876 2586 concursu
888 2558 1032 2592 episcopo-

234 2612 296 2631 rum
318 2613 325 2631 :
347 2604 572 2639 quandoquidem
601 2604 712 2637 adsunt,
732 2608 764 2631 ut
789 2603 885 2637 fertur,
903 2611 959 2639 quo
976 2605 1030 2631 tale

234 2649 339 2684 aliquid
363 2649 530 2684 perficiatur.
563 2649 687 2676 Minister
718 2657 783 2677 vero
799 2651 897 2678 timore
913 2655 941 2677 et
954 2655 1029 2677 metu

233 2696 378 2729 perculsus
398 2696 506 2732 (graves
522 2697 595 2724 enim
612 2701 692 2724 antea
705 2697 795 2724 minas
809 2697 957 2732 impiorum
972 2697 1028 2724 dux

232 2742 391 2772 intentarat.
417 2746 505 2770 morte
530 2743 669 2777 proposita
695 2743 717 2770 si
735 2743 778 2770 vel
795 2743 925 2770 levissimi
943 2743 1028 2770 errati

231 2795 295 2815 reus
312 2788 440 2816 inventus
455 2791 541 2816 esset)
561 2789 684 2816 chartam
700 2793 728 2816 et
743 2793 926 2816 atramentum
945 2789 1024 2817 nobis

231 2833 297 2860 dare
309 2833 423 2860 omnino
440 2833 639 2861 reformidavit.
665 2834 736 2861 Hine
756 2833 880 2862 tarditas.
897 2835 1022 2862 Accessit

230 2878 267 2913 ad
293 2879 530 2914 impedimentum,
559 2879 634 2915 quod
654 2880 794 2908 audieram
821 2885 847 2908 te
866 2888 899 2908 ex
912 2889 1023 2909 carcere

231 2925 358 2953 eductum
373 2933 453 2953 esse:
471 2926 519 2954 scd
541 2931 567 2954 ct
593 2926 768 2961 Sardcnscm,
788 2927 878 2963 qualis
901 2935 956 2956 non
972 2928 1019 2957 de~

1125 2053 1291 2089 Ὠψὶσθημεν
1315 2054 1467 2080 ἐπιστεῖλαί
1485 2063 1537 2087 σοι,
1551 2055 1648 2082 τέκνον
1670 2056 1857 2091 ἠγαπημένον
1875 2068 1883 2075 ·

1083 2098 1140 2125 ἀλλ’
1156 2100 1196 2126 ὅτι
1211 2100 1257 2126 καὶ
1270 2100 1388 2126 ἐνταῦθα
1402 2100 1521 2136 διωγμὸς
1536 2101 1616 2133 ζέων,
1634 2102 1752 2138 πληγαὶ,
1777 2105 1883 2141 δεσμὰ,

1083 2145 1203 2179 φυλακαί
1218 2155 1225 2162 ·
1250 2146 1323 2173 οὕτω
1336 2146 1384 2174 τοῦ
1399 2148 1561 2182 κατέχοντος
1573 2149 1648 2184 ἡμᾶς
1679 2151 1813 2183 πνέοντος
1834 2153 1887 2178 θυ-

1085 2190 1137 2225 μοῦ
1149 2192 1195 2217 καὶ
1207 2191 1334 2226 ἀπειλῆς,
1350 2193 1397 2218 καὶ
1413 2192 1479 2223 τούς
1492 2189 1543 2219 ὦδε
1572 2193 1684 2220 κάκεῖσε
1713 2196 1887 2231 εὑρισκομέ-

1083 2245 1145 2268 νους
1160 2237 1284 2268 εὐσεϐεῖς
1306 2237 1543 2272 συλλαμϐάνοντος
1572 2247 1601 2265 τε
1629 2240 1676 2266 καὶ
1701 2241 1884 2274 κολάζοντος.

1084 2282 1134 2313 Ὃς
1150 2291 1181 2316 γε
1198 2283 1245 2310 καὶ
1257 2283 1389 2319 ἀπαίρων
1402 2285 1432 2311 ἐν
1452 2285 1549 2312 ἄστει·
1562 2286 1656 2312 αὐτόθι
1672 2287 1728 2322 γὰρ
1746 2288 1797 2314 νῦν
1823 2290 1888 2315 δια-

1082 2329 1187 2364 τρίϐει·
1208 2329 1259 2356 οὑκ
1280 2329 1405 2365 ὤκνησεν
1435 2332 1534 2365 εἰπεῖν,
1560 2332 1658 2366 ὅτιπερ
1679 2333 1887 2369 Ἐξαιτήσομαι

1081 2375 1127 2402 τὸν
1141 2375 1264 2410 βασιλέα,
1281 2376 1422 2411 βασιλικὸν
1436 2379 1600 2411 συνεπᾱραι,
1629 2379 1670 2410 είς
1697 2379 1728 2404 τὸ
1767 2381 1889 2412 πάντως

1081 2422 1294 2457 ἀποκεφαλίσαι,
1307 2423 1323 2458 ἦ
1336 2424 1384 2450 καὶ
1399 2424 1638 2459 γλωσσοκοπῆσαι.
1648 2425 1706 2451 Οὐκ
1717 2424 1779 2452 οἶδα
1792 2427 1846 2461 μὲν
1861 2429 1887 2453 εξ

1080 2468 1094 2493 ὁ
1109 2468 1186 2502 λόγος
1201 2469 1240 2500 εἰς
1258 2469 1346 2503 πέρας
1362 2469 1444 2496 ἔλθοι.
1467 2470 1524 2504 Ἐφ’
1540 2466 1562 2504 ᾧ
1576 2471 1657 2505 ἡμεῖς
1679 2471 1729 2506 μὲν
1748 2473 1785 2499 τὰ
1816 2481 1886 2499 συν-

1079 2513 1216 2548 τακτήρια
1241 2513 1292 2549 ἢδη
1306 2515 1497 2550 ἐποιησάμεθα
1508 2523 1514 2530 ·
1534 2516 1582 2542 καὶ
1603 2516 1691 2548 ἄλλως
1705 2518 1886 2553 στοχαζόμε-

1080 2565 1121 2583 νοι
1134 2558 1166 2584 ἐκ
1185 2566 1215 2584 τε
1229 2559 1280 2594 τῆς
1295 2559 1463 2594 κακοηθείας
1486 2560 1534 2586 τοῦ
1548 2561 1656 2596 ἀνδρὸς,
1673 2562 1722 2588 val.
1733 2564 1787 2597 τῆς
1815 2573 1888 2590 συν-

1078 2602 1183 2638 δρομῆς
1203 2603 1258 2630 τῶν
1277 2604 1372 2630 αὐτόθι
1387 2605 1546 2632 ἐπισκόπων
1559 2614 1566 2621 ·
1585 2606 1714 2642 ἐπείπερ,
1728 2607 1769 2640 ὦς
1798 2618 1885 2644 φασι,

1079 2649 1218 2684 πάρεισιν,
1232 2650 1273 2676 ὅτι
1289 2650 1410 2677 τοιοῦτόν
1441 2660 1469 2678 τι
1494 2652 1700 2688 ἀποτελεσθείη,
1720 2654 1751 2681 '0
1769 2655 1801 2682 δὲ
1831 2657 1890 2683 ὑπ-

1076 2695 1179 2729 ηρέτης
1193 2695 1312 2730 ἕμφοῦος
1327 2696 1376 2723 καὶ
1391 2695 1522 2732 ἔντρομος
1535 2698 1697 2733 γενόμενος·
1708 2700 1835 2736 ἐπείπερ
1850 2700 1890 2737 ἦν

1075 2740 1125 2766 καὶ
1139 2740 1392 2775 προαπειλούμενος
1410 2742 1512 2776 σφόδρα
1528 2742 1595 2778 πρὸς
1618 2742 1701 2769 αὑτοῦ
1716 2744 1767 2770 τοῦ
1791 2745 1888 2771 ἀσεϐ-

1079 2787 1175 2821 ἁρχου,
1192 2788 1216 2812 εί
1230 2786 1355 2822 εὑρεθείη
1379 2788 1430 2814 κᾶν
1449 2797 1477 2814 τι
1495 2788 1594 2823 μικρὸν
1614 2788 1753 2821 ὑπαίτιος.
1769 2791 1884 2826 μηκέτι

1078 2831 1129 2866 ζῇν
1142 2840 1149 2847 ·
1169 2832 1256 2859 ἔδεισε
1273 2833 1448 2860 παντάπασιν
1466 2833 1606 2860 ἐπιδοῦναι
1619 2834 1686 2869 ἡμῖν
1698 2835 1812 2871 χάρτην
1832 2837 1887 2863 καὶ

1079 2879 1176 2913 μέλαν.
1196 2878 1336 2905 Ἐντεῦθεν
1360 2880 1378 2914 ἡ
1393 2879 1542 2915 βραδυτὴς.
1560 2880 1677 2906 Ἔπειτα
1689 2883 1894 2916 προσεγένετο

1077 2927 1115 2958 εἰς
1128 2926 1255 2962 ἐμπόδιον
1271 2926 1319 2954 καὶ
1330 2926 1398 2954 ἀκοὴ
1416 2925 1529 2962 τοιαύτη
1547 2927 1610 2970 ’λὸτι
1623 2934 1664 2954 τοι
1682 2927 1765 2960 αὐτὸς
1784 2928 1886 2964 ἐπήρ-
