1923 3078
100 167 164 201 1301

692 162 963 194 EPISTULARUM
991 165 1064 195 LIB.
1090 165 1129 194 ll.

1658 160 1727 192 ltiti?

99 228 147 261 θης
167 226 215 260 τῆς
227 225 364 260 φυλακῆς·
382 223 438 251 ἀλλ’
451 224 491 250 ὅτι
508 223 555 249 καὶ
571 222 604 248 δι’
621 221 812 255 ἀνοσιουργῑαν
824 218 883 244 τινὰ

957 221 1100 254 niebatur,
1131 221 1167 248 ob
1195 220 1331 248 nefarium
1366 221 1476 255 aliquod
1503 220 1610 248 facinus
1639 221 1728 254 rapite

99 274 113 299 ὁ
126 272 241 307 Σάρδης,
257 273 343 302 ποῖος,
358 270 406 304 οὐχ
422 265 805 305 ὡρισμένως,ἐκαρατομήθη.
839 264 886 296 Ἐξ

99 319 263 353 ἀμφοτέρων
278 315 325 343 οὖν
340 317 356 351 ὴ
375 316 574 351 ὑποκράτησις.
589 314 685 348 Ὂμως
711 313 752 338 ὅτι
767 310 898 346 ἠξιώθη--

102 373 151 400 μεν
166 365 189 391 οἱ
202 364 325 390 ταπεινοὶ
335 363 381 389 καὶ¹
396 359 472 392 αὖθις
489 359 569 396 ῥῆξαι
583 360 676 395 φωνὴν
691 359 731 390 εἰς
754 357 796 385 ’τὰ
829 354 887 383 ὦτά

102 421 158 443 σου,
179 410 357 445 γνωρίζοντές
374 417 414 435 σοι
429 409 469 435 ὅτι
485 407 631 444 ἐρρώμεθα
657 405 774 441 σώματι,
801 404 844 439 εἴη
859 403 887 430 δὲ

101 459 188 484 εἰπεῖν
202 457 248 483 καὶ
260 455 408 490 πνεύματι,
427 454 521 489 εὐχαῖς
537 451 614 488 ὑμῶν
630 451 734 485 ἁγίαις,
761 450 810 476 σὺν
839 446 887 475 τοῦ

102 503 239 540 μακαρίου
254 511 304 537 μου
328 501 444 536 Πατρός.

139 550 207 585 Πρὸς
226 549 244 575 ἃ.
268 548 297 574 δὲ
313 547 395 578 αὐτὸς
416 547 565 581 ὲσήμανας,
581 543 701 575 τιεῐπω,
721 542 770 569 καὶ
789 542 816 568 τί
841 541 886 568 λα-

99 595 183 631 λήσω,
201 595 218 630 ἢ
236 595 276 621 ὅτι
298 593 368 620 κατὰ
383 592 411 618 τὸ
430 591 548 627 χαλεπὸν
562 590 612 625 τῆς
625 590 758 625 αἱρέσεως
775 587 889 614 ἀκόλου-

101 642 146 673 Θος
161 641 231 668 καὶὸ
247 639 343 675 πικρὸς
354 638 475 673 διωγμός
488 638 537 669 ;Τί
553 637 607 672 γὰρ
623 636 715 671 βούλει
731 635 809 670 ὁρᾷν,
821 634 889 660 ἐπὰν

101 688 115 714 ὁ
125 685 247 722 ’Χριστὸς
261 684 378 721 ἧρνηται
392 683 426 710 δι’
441 683 548 718 ὕὸρεως
569 683 619 718 τῆς
632 681 715 716 ἁγίας
737 680 820 707 αὑτοῦ
851 681 890 706 εἰ-

102 732 277 766 κόνος;οὐχὶ
291 731 396 766 αἵματα
415 730 577 765 κενούμενα,
593 729 639 756 καὶ
659 728 765 763 σάρκας
793 734 890 762 τεμνο-

103 779 206 814 μένας;
226 778 256 804 οὐ
274 777 378 812 Θλίψεις
396 776 444 802 καὶ
459 774 639 810 στενοχωρίας
657 783 664 807 ;
684 774 715 800 οὑ
727 773 813 808 δεσμὰ
843 772 891 798 καὶ

102 824 237 859 φυλακὰς,
250 824 295 849 καὶ
310 821 393 857 ἄλλην
409 820 539 847 παντοίαν
550 820 673 847 κάκωσιν
686 828 694 851 ;
723 818 785 853 οὐχὶ
795 817 890 850 σκεύη

103 870 196 905 ὁρτῆς
208 867 431 903 κατηρτισμένα
441 868 485 900 εις
500 865 664 898 ἀπώλειαν,
682 863 719 891 ὧν
735 862 775 896 εἷς
795 863 824 890 ὂν
851 861 891 889 εἷ-

103 892 252 948 πθαςῗΚαὶ
327 892 397 950 δίει,
410 892 517 947 aesaes,
528 892 686 946 δεινότερα,
707 910 776 937 ὲπὰν
794 917 893 945 μακρο-
904 892 930 921 Β

102 963 186 997 χρονῇ
202 963 219 997 ἡ
232 961 346 996 αἵρεσις.
370 959 465 987 Ἀλλὰ
479 958 619 994 μακάριοι
634 959 660 984 οἰ
677 956 890 991 ὑπομένοντες·

103 1009 148 1036 ὅτι
162 1007 261 1035 αὐτῶν
276 1008 362 1034 ἐστιν
375 1008 393 1040 ἡ
412 1005 559 1038 βασιλεία
576 1004 635 1031 τῶν
648 1003 795 1038 οἰῳανῶν.
822 1002 891 1037 Ἤδη

102 1056 128 1082 οἱ
140 1056 216 1090 χοροὶ
227 1054 280 1081 τῶν
296 1053 482 1088 ὁμολογητῶν,
501 1052 555 1079 τῶν
576 1050 735 1086 μαρτύρων,
763 1048 893 1083 ἀγάλλον-

101 1110 161 1133 ται,
178 1100 370 1135 εὐφραίνονται
383 1108 388 1114 ·
402 1099 448 1131 οὒς
466 1099 515 1134 μὲν
529 1098 572 1125 διὰ
585 1097 703 1124 θανάτου
718 1096 806 1123 αἰσίου
829 1096 895 1121 ὑπο-

103 1147 246 1182 δεχόμενοι
261 1155 268 1162 ⁸
287 1145 334 1176 οὒς
349 1145 377 1171 δὲ
393 1144 585 1178 ἐπαλείφοντες
602 1143 729 1179 ἀοράτως
745 1143 804 1174 ταῖς
834 1142 894 1168 ἐπι-

105 1193 232 1227 σκέψεσι.
251 1192 306 1218 Καὶ
322 1191 348 1217 τί
364 1191 437 1225 λέγω
458 1190 617 1225 μάρτυρας;
642 1189 724 1220 αὐτὸς
749 1188 866 1222 Χριστὸς
880 1187 895 1214 ὁ

107 1238 343 1275 μαρτυρούμενος,
356 1238 459 1272 χαίρων
470 1245 499 1263 τε
516 1236 562 1262 καὶ
584 1234 723 1262 συναΘλῶν
749 1236 823 1260 ἐστιν
855 1234 895 1260 ἑνὶ

106 1286 214 1320 ἑκάστῳ
238 1285 293 1311 τῶν
312 1282 526 1318 ὁμολογούντων.
544 1283 575 1309 El
588 1282 625 1318 μὴ
643 1282 698 1316 γὰρ
715 1281 813 1313 οὕτως,
845 1281 896 1307 οὐκ

105 1332 139 1359 ἂν
156 1331 253 1366 ἔφερον
264 1331 289 1356 οἱ
304 1330 432 1364 φέροντες
445 1330 479 1356 τὰ
493 1329 615 1364 παρόντα
628 1328 762 1363 γενναίως
772 1335 779 1342 ·
801 1327 851 1354 οὐκ
862 1326 896 1353 ἂν

106 1377 155 1404 καὶ
169 1378 295 1411 γυναῖκες
311 1375 466 1411 ήιιδρίζοντο
478 1375 549 1402 κατὰ
572 1374 622 1406 τὰς
638 1374 722 1400 πάλαι
732 1373 812 1408 ἁγίας
827 1381 833 1387 ·
846 1372 897 1398 οὐκ

106 1424 140 1450 ἂν
160 1423 208 1449 καὶ
222 1422 312 1448 λαῖκοὶ
329 1422 375 1448 καὶ
390 1421 566 1456 συγκλητικοὶ
581 1420 730 1447 ἁπεδύοντο
743 1419 811 1455 πρὸς
833 1419 897 1450 τοὺς

105 1468 216 1503 ἀγῶνας
232 1475 238 1482 ·
254 1468 305 1494 οὐκ
320 1467 353 1494 ἂν
369 1468 415 1494 καὶ
429 1467 509 1502 κόραι
529 1466 714 1501 κατεφρόνουν
727 1465 818 1500 ὅψεως
844 1465 896 1500 ἁῤ-

107 1515 195 1550 ρένων
211 1513 381 1541 ἀσεϐούντων
392 1521 399 1528 ³
416 1513 466 1540 οὐκ
476 1513 509 1539 ἂν
523 1512 677 1539 ἐδείκνυντο
692 1511 832 1546 πανταχοῦ
851 1510 897 1546 δη-

107 1561 201 1598 μόσιοι
216 1560 347 1595 φυλακαὶ,
371 1560 417 1585 καὶ
435 1558 603 1594 ἐπληροῦντο
617 1557 726 1593 ἔρημοι,
740 1557 790 1592 ῠρη
803 1565 833 1582 τε
850 1556 897 1583 καὶ

105 1607 194 1635 νάπαι
212 1608 258 1632 καὶ
279 1605 411 1640 σπήλαια,
427 1605 481 1632 τῶν
508 1604 552 1631 διὰ
571 1603 674 1638 Κύριον
692 1603 899 1637 πεφυγαδευμέ-

105 1662 161 1680 νων
171 1662 178 1668 ·
192 1653 243 1679 οὐκ
254 1652 288 1679 ἂν
300 1652 466 1679 ἐκωδωνεῖτο
478 1652 495 1686 ἡ
508 1651 554 1678 ὑπ’
567 1650 696 1688 οὐρανὸν,
711 1650 788 1681 τέλος
801 1650 899 1676 εἰπεῖν.

107 1700 193 1726 Ὥστε
209 1699 383 1725 πιστεύονται
397 1697 521 1733 ἐναργῶς
534 1697 576 1724 ὅτι
589 1696 709 1731 Χριστὸς
733 1696 878 1723 δεδίωκται
892 1703 899 1710 ·

106 1747 179 1774 ὥστε
189 1745 329 1772 ἐλπιστέον
345 1744 413 1779 ὁμοῦ
426 1745 473 1770 καὶ
486 1743 688 1779 προθυμητέον,
703 1743 744 1769 ὅτι
756 1742 837 1770 οἵσειε
848 1742 902 1774 πᾶς

107 1800 151 1823 τις
170 1793 200 1818 ὲν
213 1790 331 1825 ἀληθείᾳ.
346 1790 483 1816 πιστεύων
500 1791 555 1816 πᾶν
571 1790 662 1816 ὁτιοῦν
681 1789 844 1816 κολαστικὸν
859 1797 904 1823 με-

106 1839 142 1865 τὰ
150 1836 268 1873 Χριστοῦ
280 1837 326 1863 καὶ
342 1836 390 1863 σὺν
408 1835 529 1870 Χριστῷ.
537 1834 656 1862 Τοιαῦτα
668 1835 702 1862 τὰ
723 1836 848 1871 ἡμέτερα
860 1835 901 1861 δι-

107 1885 251 1919 ηγήματα.
262 1881 497 1909 Ἀκουσιὶτωσαν
511 1881 616 1915 πραεῖς
631 1881 682 1908 καὶ
698 1880 904 1915 εὐφρανθήτω-

107 1938 183 1958 σαν.
208 1929 344 1955 Ἀκουέτω
369 1928 499 1963 Ἀνατολὴ
524 1928 571 1954 καὶ
591 1926 673 1959 Δύσις
692 1926 727 1953 τὰ
749 1928 778 1953 ὲν
796 1927 903 1958 Βυζαν-

107 1977 172 2012 τίῳ,
188 1976 235 2002 καὶ
246 1975 366 2001 αἰνείτω.
383 1975 477 2001 Ὅπου
503 1974 694 2001 ἐπλεόνασεν
723 1973 743 2007 ἡ
762 1973 901 2007 ἁμαρτία,

108 2022 412 2056 ὑπερεπερίσσευσεν
425 2022 444 2056 ἠ
460 2021 558 2056 χάρις.
573 2018 637 2047 ’Ὧδε
653 2020 779 2052 ἔνστασις
793 2020 904 2055 ἀθλητι-

109 2069 146 2099 κή
158 2064 223 2094 ’ὧδε
232 2064 303 2102 αἷμα
317 2068 358 2102 ῥεῖ
374 2067 453 2101 ἄρδον
461 2067 511 2102 τὴν
527 2065 818 2102 ἘκκλησίανΧριστοῦ
833 2065 904 2099 ὑπὲρ

110 2114 157 2140 τὴν
169 2113 304 2148 ποτισμδν
319 2112 364 2139 τοῦ
383 2113 412 2138 ὲν
435 2112 515 2147 Ἑδὲμ
527 2112 702 2148 παραδείσου.
716 2111 762 2138 Ζῶ
773 2111 841 2146 ἐγὼ,
856 2111 905 2138 λέ-

111 2168 157 2195 γει
175 2161 294 2192 Κύριος,
313 2159 381 2186 ἀλλ’
401 2160 419 2192 ἡ
435 2159 505 2192 τοὺς
520 2158 701 2191 δοξάζοντάς
710 2167 749 2193 με
763 2158 883 2191 δοξάσω
896 2166 902 2173 ’

111 2205 163 2232 καὶ
179 2206 195 2232 ό
212 2204 381 2236 ἑξουθενὼν
403 2213 442 2239 με
468 2204 715 2238 ἀτιμασθήσεται.
741 2204 902 2239 ’Λπόγραφε

112 2251 162 2278 καὶ
177 2252 210 2277 σὺ
225 2250 298 2282 ὅστις
310 2250 342 2277 ἂν
358 2250 417 2285 εἴης
431 2250 519 2285 ζηλῶν
535 2250 574 2285 τῷ
603 2250 709 2285 Κυρίῳ,
724 2250 759 2277 τὰ
778 2251 894 2286 νεουργὰ

962 2253 1059 2285 minus,
1074 2253 1198 2288 quoniam
1212 2252 1391 2288 gloriﬁcantes
1407 2261 1447 2280 me
1462 2253 1616 2288 gloriﬁcabo

114 2295 221 2332 μᾶλλον
236 2296 264 2322 δὲ
279 2297 408 2331 θεουργὰ,
426 2297 567 2332 μαρτύρια
582 2304 589 2310 ·
605 2296 643 2327 ὡς
663 2297 697 2323 ἂν
707 2296 803 2323 εἰδεῖεν
817 2297 842 2322 οἱ
858 2305 905 2331 με-

111 2343 320 2377 ταγενέστεροι,
335 2343 376 2368 ὅτι
391 2344 404 2368 ὁ
418 2343 482 2373 Θεὸς
498 2342 583 2374 ὄντως
612 2343 641 2368 ἐν
670 2343 737 2377 ἡμῖν
756 2343 813 2369 ἐστι
829 2351 836 2357 '
861 2343 906 2369 καὶ

112 2389 147 2424 ζῇ
168 2389 198 2414 τὸ
224 2389 334 2424 σπέρμα
353 2388 408 2414 τῶν
433 2388 545 2415 δικαίων
559 2396 565 2402 ·
595 2389 642 2415 καὶ
663 2389 846 2423 Χριστοφορεῖ
875 2389 906 2414 τὸ

113 2434 236 2469 χρυσοῦν
249 2435 328 2468 γένος
343 2435 396 2460 τῶν
411 2433 559 2470 μαρτύρων
573 2443 579 2448 ·
596 2432 632 2462 οὗ
648 2435 741 2461 πύλαι
769 2434 842 2467 ᾅδου
869 2435 905 2462 οὐ

113 2480 295 2514 κατίσχυσαν,
309 2479 371 2507 οὗτε
378 2480 598 2515 κατισχύσειαν
608 2489 615 2495 ·
629 2480 690 2516 ώςή
702 2481 849 2515 ὑπόσχεσις
858 2481 905 2508 τοῦ

113 2525 263 2561 ἀψευδοῦς.
279 2526 417 2559 Σκληρόν
427 2535 487 2558 σοι,
504 2527 581 2562 φησὶ,
591 2528 667 2561 πρὸς
682 2526 789 2561 κέντρα
799 2529 905 2554 λακτί-

112 2570 250 2603 ζειγ,καὶ
264 2571 379 2602 ἀλλοίως
414 2573 463 2598 οὐκ
498 2572 581 2598 ἐστιν.
617 2572 688 2606 Ἐγὼ
716 2573 766 2607 μὲν
783 2574 797 2599 ὁ
821 2573 906 2604 τάλας

113 2617 202 2645 ταῦτα
219 2617 382 2653 προσφωνῶ.
403 2619 439 2645 Σὺ
453 2618 491 2649 δὲ,
506 2617 528 2644 ὦ
541 2618 591 2644 παῖ
617 2619 685 2653 ἱερὲ,
712 2618 842 2645 ἁντιδίδου
859 2628 905 2653 μοι

111 2665 164 2696 τὰς
176 2664 271 2699 εὐχάς.
291 2664 432 2691 ’Ᾱσπασαι
449 2666 511 2695 τοὺς
529 2664 752 2700 συνομολογητάς
782 2674 828 2691 σου
846 2667 905 2692 κατ’

113 2711 202 2746 ὄνομα
216 2711 264 2737 καὶ
280 2711 463 2746 συμμαθητάς
476 2719 482 2725 ·
503 2712 550 2740 καὶ
565 2711 595 2737 οὐ
614 2711 695 2745 μόνον
715 2711 820 2744 τούσδε,
847 2713 905 2738 ἀλλ’

113 2759 140 2784 sl.
157 2757 276 2793 φθάζεις
291 2758 337 2784 καὶ
350 2758 413 2788 τοὺς
426 2757 524 2789 ἄλλους
544 2757 668 2789 ἅπαντας
680 2759 743 2789 τοὺς
760 2758 904 2790 ἐκλεκτοὺς

114 2805 162 2832 τοῦ
182 2803 252 2831 θεοῦ
265 2812 272 2819 ·
288 2805 350 2837 τοὺς
359 2805 599 2840 ὲκλελογισμὲνους
612 2805 666 2831 ἀπὸ
674 2805 812 2840 μυριάδων
824 2813 830 2819 ·
846 2806 908 2837 τοὺς

151 2872 175 2887 ⁹⁴⁵
198 2871 278 2898 Ιιοιιι.
297 2879 334 2900 Ix.
348 2872 393 2898 22.
432 2872 456 2888 "
469 2872 562 2900 .Vlallh.
581 2881 606 2904 ι’,
624 2873 664 2899 l0.
702 2873 724 2888 "
743 2871 813 2899 l‘sal.
836 2880 931 2907 X\Mll,
948 2873 972 2900 ὅ.

118 2908 161 2936 IS.
200 2909 207 2922 ‘
225 2909 285 2935 Act.
300 2915 374 2942 nu,
389 2907 433 2933 il.

938 266 1045 301 plexum
1062 267 1156 295 fuisse.
1173 266 1294 302 Utraque
1309 267 1392 302 igitur
1405 275 1439 294 ex
1451 275 1534 294 causa
1554 266 1725 294 distulimus.

938 313 1091 342 llumilibus
1109 318 1200 341 tamen
1219 314 1298 341 nobis
1315 321 1478 341 concessum
1497 317 1549 345 est,
1568 318 1597 340 ut
1613 313 1728 340 auribus

919 394 925 398 _
938 362 993 388 tuis
1010 369 1061 388 vox
1079 367 1175 388 nostra
1195 361 1432 393 rursuminsonet,
1445 360 1602 395 significans
1612 360 1660 387 tibi
1679 367 1730 387 nos

938 414 1053 441 corpore
1072 405 1162 433 valere
1175 413 1183 437 ;
1196 405 1287 433 dicere
1301 409 1392 432 autem
1410 404 1500 438 liceat,
1518 405 1601 432 etiam
1618 404 1729 439 spiritu,

938 452 1042 480 sanctis
1055 452 1183 487 precibus
1197 452 1298 480 vestris
1315 459 1377 480 curn
1389 451 1469 480 beato
1482 459 1545 479 meo
1559 451 1651 480 Patre.

975 542 1015 570 Ad
1033 549 1065 570 ea
1083 550 1148 570 vero
1162 550 1224 578 quae
1248 542 1387 575 indicasti,
1404 543 1471 578 quid
1485 543 1586 575 dicam,
1606 547 1654 570 aut
1666 543 1731 577 quill

939 589 1051 623 loquar,
1080 589 1134 616 nisi
1164 589 1238 623 quod
1264 589 1401 616 haereseos
1437 588 1574 616 atrocitati
1600 592 1734 623 congruat

940 635 1075 662 acerbitas
1101 635 1326 669 persecutionis?
1348 634 1419 668 Quid
1446 634 1519 662 enim
1544 634 1638 661 videre
1654 634 1734 663 Velis.

940 681 1048 715 quando
1061 680 1188 708 Christus
1202 686 1317 716 negatur
1342 688 1392 716 per
1416 685 1519 708 sancta:
1532 680 1662 716 imaginis
1678 688 1736 708 suae

941 727 1156 754 Contumeliam?
1183 726 1281 754 Annon
1306 727 1435 754 fluentem
1466 727 1642 761 sanguinem,
1670 734 1735 755 car—

942 780 1044 807 nesque
1056 773 1204 800 concisas?
1217 780 1270 800 non
1285 772 1446 800 alllietiones
1458 777 1485 800 et
1497 773 1639 808 angustias
1652 773 1664 800 ?
1680 781 1734 800 non

942 821 1051 847 vincula
1074 825 1102 848 et
1126 828 1262 852 carceres,
1287 825 1314 848 et
1334 821 1403 848 alias
1419 821 1510 848 omnis
1528 821 1637 856 generis
1650 829 1736 848 vexa-

945 866 1054 893 tiones?
1069 874 1122 893 non
1141 875 1204 893 vasa
1222 867 1269 894 irw
1283 873 1436 901 prreparata
1459 867 1486 894 in
1504 868 1640 894 interitum
1653 867 1688 900 9‘,
1703 875 1738 894 ex

946 913 1048 947 quibus
1071 921 1142 940 unus
1163 919 1204 940 est
1227 921 1308 948 quem
1329 913 1489 940 dixisti?Et
1510 913 1625 944 videbis.
1642 913 1736 945 frater,

946 959 1029 985 etiam
1048 959 1185 994 graviora,
1202 960 1225 986 si
1239 960 1344 987 diutius
1365 960 1445 987 duret
1456 960 1579 987 haeresis.
1600 959 1652 986 Sed
1668 959 1738 986 beali

946 1006 991 1040 qui
1021 1006 1162 1037 sustinent,
1177 1006 1303 1040 quoniam
1329 1007 1445 1041 ipsorum
1473 1011 1512 1033 est
1536 1013 1644 1040 regnum
1660 1005 1740 1032 civ/o-

947 1051 1048 1078 rum".
1077 1050 1137 1078 Jam
1166 1052 1243 1078 chori
1259 1051 1463 1084 confessorum,
1480 1056 1631 1086 martyrum
1645 1051 1740 1078 exsul-

949 1102 1018 1132 tant,
1052 1099 1190 1131 laetantur,
1215 1098 1284 1126 alios
1300 1099 1410 1133 quidem
1433 1106 1483 1133 per
1499 1098 1647 1133 legitimam
1665 1105 1740 1124 tuor-

949 1148 1002 1169 tem
1027 1143 1220 1178 suscipientes,
1240 1144 1310 1171 alios
1328 1143 1503 1171 invisibiliter
1519 1143 1697 1170 consolantes
1712 1148 1741 1170 et

948 1189 1152 1217 confirmantes.
1185 1190 1219 1217 Et
1247 1189 1312 1225 quid
1339 1194 1474 1225 martyres
1500 1189 1585 1216 dico?
1614 1188 1741 1216 Christus

949 1235 1018 1269 ipse,
1030 1243 1111 1270 quem
1135 1240 1272 1271 martyres
1297 1236 1475 1268 confitentur,
1498 1235 1620 1270 gaudens
1643 1241 1671 1262 et.
1687 1243 1742 1262 una

949 1286 1057 1308 certans
1083 1281 1160 1309 adest
1187 1282 1334 1318 unicuique
1366 1282 1565 1310 conﬁtentium.
1588 1282 1645 1309 Nisi
1669 1281 1742 1310 enim

950 1326 986 1353 ita
1000 1334 1043 1354 res
1055 1331 1137 1359 esset,
1153 1327 1364 1362 haudquaquam
1376 1327 1529 1362 perferrent
1539 1327 1585 1362 qui
1598 1327 1743 1361 prasentia

950 1377 1060 1401 strenue
1072 1373 1213 1408 perferunt
1227 1384 1234 1402 :
1251 1375 1466 1409 haudquaquam
1487 1375 1617 1401 mulieres
1632 1373 1740 1400 virilem

950 1418 1070 1446 animum
1087 1425 1212 1454 gererent
1223 1420 1256 1447 ad
1271 1419 1426 1454 exemplum
1442 1420 1619 1454 antiquarum
1635 1423 1745 1446 sancta-

950 1473 1011 1492 rum
1027 1474 1034 1492 :
1056 1466 1270 1501 haudquaquam
1299 1471 1326 1494 et
1344 1466 1407 1494 laici
1427 1472 1455 1494 et
1472 1471 1614 1494 senatores
1627 1466 1660 1494 ad
1677 1473 1744 1500 ago-

952 1520 999 1539 nes
1013 1512 1171 1547 prosilirent
1187 1521 1195 1539 :
1221 1513 1434 1548 haudquaquam
1450 1513 1548 1548 puella:
1566 1513 1633 1548 ipsa;
1647 1513 1746 1547 impio-

924 1565 1011 1598 ;rum
1037 1558 1155 1585 marium
1181 1564 1323 1594 aspectum
1348 1563 1578 1587 contemnerent:
1604 1558 1745 1593 haudqua-

951 1611 1032 1638 quam
1056 1605 1265 1632 ostenderentur
1280 1605 1380 1639 ubique
1395 1605 1510 1640 publica:
1528 1605 1678 1637 custodite;
1696 1611 1747 1632 nec

952 1649 1058 1676 referta:
1082 1654 1176 1677 essent
1204 1651 1366 1678 solitudines
1393 1656 1421 1678 et
1450 1655 1560 1678 montes
1584 1655 1612 1678 et
1626 1650 1702 1677 silva:
1719 1654 1748 1677 et

952 1696 1090 1730 speluncae
1103 1696 1138 1724 iis
1151 1696 1197 1731 qui
1213 1702 1323 1731 propter
1335 1696 1480 1724 Dominum
1494 1697 1573 1731 ejecti
1591 1701 1655 1724 sunt
1672 1706 1679 1724 :
1692 1704 1747 1724 non

952 1741 1080 1776 denique,
1094 1747 1125 1769 ut
1138 1743 1311 1775 concludam,
1321 1743 1449 1770 universa
1457 1747 1651 1770 concuteretur
1663 1748 1748 1772 terra.

954 1788 1045 1820 Quare
1068 1789 1215 1816 manifesto
1230 1789 1346 1816 credunt
1364 1790 1583 1824 persecutionem
1599 1791 1654 1825 pati
1666 1789 1748 1818 Chri-

956 1840 1029 1862 stum
1043 1844 1050 1869 ;
1067 1835 1290 1871 sperandumque
1306 1836 1391 1864 simul
1405 1842 1433 1864 et
1447 1837 1602 1864 audendum
1618 1847 1624 1864 :
1640 1843 1670 1864 ut
1684 1845 1749 1872 sups

955 1881 1036 1916 plicia
1051 1882 1155 1916 qumvis
1169 1882 1196 1909 in
1218 1882 1333 1910 veritate
1348 1883 1475 1916 credens,
1497 1891 1559 1910 cuin
1577 1883 1699 1915 Christo,
1721 1888 1748 1911 et

954 1927 1099 1962 adiuvante
1129 1927 1252 1961 Christo,
1280 1929 1395 1964 quisque
1420 1930 1565 1957 sustineat.
1596 1929 1660 1957 Haec
1683 1935 1749 1957 sunt

954 1982 1015 2008 quae
1044 1982 1200 2002 narramus.
1229 1975 1348 2002 Audiam
1376 1977 1508 2003 nmusueti
1536 1981 1561 2003 et
1580 1976 1748 2005 Izatentur“.

955 2019 1055 2047 Audiat
1077 2019 1174 2047 Oriens
1187 2025 1214 2048 et
1228 2020 1363 2048 Occidens
1375 2028 1405 2048 ea
1427 2029 1488 2056 quae
1501 2022 1573 2056 apud
1586 2022 1749 2058 Byzantium

956 2066 1034 2099 fiunt,
1058 2070 1085 2093 et
1112 2067 1220 2094 laudem
1252 2068 1335 2094 dicat.
1371 2067 1424 2094 Ubi
1443 2069 1590 2096 abundavit
1611 2069 1748 2101 delictum,

955 2113 1180 2149 superabundavit
1192 2114 1322 2149 gratia".
1344 2114 1394 2142 Hic
1405 2115 1527 2149 pugilum
1541 2120 1690 2147 certamen,
1706 2116 1751 2142 hic

956 2161 1069 2196 sanguis
1080 2160 1139 2187 ﬂuit
1152 2161 1303 2188 Ecclesiam
1317 2161 1419 2188 Christi
1432 2162 1526 2195 rigans
1539 2161 1651 2190 uberius
1665 2170 1749 2197 quam

958 2207 1103 2241 paradisus
1119 2206 1203 2234 Edem
1222 2207 1398 2242 irrigabatur.
1448 2206 1510 2234 Vivo
1524 2216 1581 2241 ego,
1610 2207 1676 2235 dicit
1696 2207 1749 2234 Da»

1637 2261 1646 2280 :
1667 2258 1692 2280 et
1704 2254 1751 2288 qui

958 2307 998 2325 nte
1025 2299 1135 2332 spernit,
1149 2299 1200 2325 erit
1224 2299 1354 2333 inglorius
1364 2299 1398 2326 π.
1426 2299 1555 2326 Describe
1569 2303 1597 2326 et
1613 2304 1653 2332 tu,
1672 2301 1752 2334 quis-

959 2343 1022 2378 quis
1048 2351 1078 2371 es
1094 2344 1183 2370 zelum
1202 2343 1309 2371 Domini
1334 2344 1450 2377 habens,
1473 2352 1556 2376 nova,
1584 2352 1634 2372 seu
1659 2345 1751 2379 potius

960 2389 1053 2417 divina
1069 2389 1199 2425 martyria
1215 2399 1221 2416 :
1242 2395 1271 2417 ut
1288 2390 1377 2417 sciant
1391 2390 1505 2425 posteri,
1517 2391 1582 2426 quia
1599 2390 1673 2419 lleus
1686 2399 1752 2419 vere

959 2435 986 2462 in
1000 2434 1079 2462 nobis
1093 2441 1145 2467 est,
1163 2434 1284 2470 vivitque
1299 2443 1391 2462 semen
1401 2437 1550 2470 justorum,
1566 2441 1594 2463 et
1609 2436 1751 2464 Clu-istum

958 2481 1026 2516 gerit
1041 2489 1156 2508 aureum
1172 2489 1259 2517 genus
1275 2487 1436 2517 martyrum,
1458 2482 1590 2510 adversus
1601 2483 1750 2517 quodrpor-

960 2533 994 2554 tre
1021 2527 1101 2562 inleri
1124 2535 1175 2555 non
1204 2528 1452 2563 praevaluerunt”:
1480 2536 1530 2555 nec
1558 2529 1751 2563 praeualebunt,

958 2574 1188 2609 quemadmodum
1210 2575 1336 2609 promisit
1349 2575 1396 2610 qui
1413 2582 1495 2601 verax
1510 2579 1561 2602 est.
1578 2574 1682 2602 Durum
1697 2581 1750 2607 est,

958 2621 1058 2654 inquit,
1076 2620 1123 2647 tibi
1147 2625 1251 2647 contra.
1265 2620 1404 2647 stimulum
1430 2620 1572 2647 calcitrarc
1585 2622 1606 2652 ¹,
1622 2625 1649 2648 et
1672 2621 1752 2647 aliter

959 2674 1021 2694 esse
1034 2667 1139 2701 nequit.
1161 2666 1217 2702 Ego
1229 2667 1340 2701 quidem
1357 2667 1449 2694 infelix
1468 2667 1525 2694 haec
1538 2667 1611 2695 dico.
1624 2667 1666 2695 Tu
1675 2676 1750 2699 vero.

962 2719 1040 2739 sacer
1074 2712 1120 2743 ﬁli,
1147 2712 1264 2747 repende
1291 2712 1357 2739 mihi
1384 2717 1445 2740 tuas
1464 2720 1570 2747 preces.
1587 2713 1681 2740 Saluta
1699 2722 1751 2741 no-

962 2758 1086 2786 minatim
1113 2757 1285 2786 confessores
1307 2760 1353 2793 qui
1374 2765 1462 2786 tecum
1486 2763 1560 2791 sunt,
1576 2764 1601 2787 et
1616 2759 1752 2787 condisci-

965 2805 1064 2841 pulos;
1094 2812 1182 2839 neque
1202 2805 1250 2831 hos
1277 2809 1392 2839 tantum,
1411 2805 1458 2833 sed
1475 2805 1499 2833 si
1516 2807 1618 2841 possis,
1641 2812 1668 2834 et
1682 2807 1750 2834 alios

1014 2873 1032 2887 ν’
1053 2872 1134 2899 ltom.
1154 2879 1176 2902 ι’,
1191 2871 1233 2898 ΞΟ.
1273 2870 1295 2886 ³⁸
1312 2869 1322 2897 Ι
1342 2871 1405 2906 lli-,1.
1420 2879 1451 2905 tt,
1468 2873 1501 2899 50
1550 2872 1572 2888 ¹¹⁹
1584 2872 1677 2900 Matth.
1695 2881 1751 2904 xu,
