1923 3078
184 184 255 219 1303

182 250 279 270 omnes
309 241 411 270 electos
439 241 497 274 Dei,
525 241 628 269 electos
652 248 686 268 ex
714 240 846 273 millibus,
874 240 1015 273 lulninaA

182 289 288 320 mundi.
316 297 381 316 vasa
397 287 605 320 misericordize,
624 288 677 314 Deo
697 286 789 319 utiles,
805 286 979 314 desideratos

182 336 331 364 Trinitati:
355 343 475 371 quorum
504 334 631 369 precibus
654 333 793 361 salvemur
812 338 839 360 et
867 339 918 360 nos
939 332 981 358 in-

181 382 266 418 digni.
294 382 333 410 Te
353 390 415 410 cum
455 381 585 409 omnibus
608 380 709 407 salutat
737 379 783 414 qui
802 387 907 407 mecum
927 382 980 406 est.

362 437 470 466 LXXII.
485 453 521 459 —
535 437 649 465 Nicolao
662 437 720 472 ﬁlia
731 437 775 471 (').

183 509 222 534 De
240 508 332 532 sanctis
348 506 506 537 imaginibus.
523 507 636 536 Quatuor
648 512 743 536 genera
755 506 1019 537 argumentorumrpro

781 184 811 214 S.
831 182 1028 213 THEODORI
1048 182 1223 213 STUDIT/E

1751 183 1820 216 13οί

1030 241 1058 266 ἐν
1075 240 1171 275 κόσμῳ
1185 239 1344 275 φωστῆρας,
1357 239 1392 266 τὰ
1407 239 1493 275 σκεύη
1505 239 1552 267 τοῦ
1565 239 1667 272 ἐλέους,
1676 241 1741 272 τοὺς
1754 250 1819 277 χρη-

1031 286 1127 321 σίμους
1146 286 1216 322 Θεῷ,
1232 287 1295 318 τοὺς
1309 287 1422 321 ὲφετοὺς
1447 288 1481 322 τῇ
1511 287 1626 322 Τριάδιν
1657 284 1695 314 ὧν
1724 288 1821 322 εὐχαῖς

1031 332 1184 368 σωθείημεν
1194 333 1242 360 καὶ
1257 334 1338 368 ἡμεῖς
1354 334 1379 360 ot
1390 332 1506 367 ἀνάξιοι.
1524 333 1558 360 Σὲ
1579 335 1628 360 σὺν
1648 335 1715 361 πᾶσι
1732 335 1780 361 καὶ
1807 335 1823 360 ό

1031 379 1081 406 σὺν
1095 379 1158 413 ἐμοὶ
1173 378 1337 410 ἀσπάζεται.

1191 437 1250 464 ΟΒ’.
1261 452 1294 457 -
1303 436 1441 470 Νικολάῳ
1450 436 1554 470 τέκνῳ.
1566 435 1660 473 [υπε¹.]

1029 505 1149 530 catholica
1172 506 1203 530 de
1225 504 1374 536 imaginibus
1387 505 1497 531 doctrina
1511 515 1516 530 :
1528 505 1619 530 Natura
1632 506 1744 537 corporis
1757 514 1763 531 :
1777 507 1823 532 Hi-

373 535 451 562 storia
465 545 470 562 :
487 535 576 562 Patres
590 545 596 561 :
610 535 714 568 δμωαί,
733 535 833 561 Frustra
845 535 1000 560 adversarios
1011 540 1157 567 argumenta
1171 535 1315 561 eorumdem
1339 543 1462 568 generum
1480 537 1628 561 obtendere.

216 591 444 625 Quandoquidem
461 599 545 618 nosse
570 598 647 620 aves.
676 589 788 616 Nicolae
806 588 900 619 frater,
917 588 980 623 qui-

182 637 235 665 bus
254 641 373 672 quatuor
395 637 563 672 argumentis
578 637 651 663 circa
671 634 853 662 venerandam
873 634 979 662 Christi

183 683 329 718 imaginem
347 683 447 711 veritas
462 684 641 710 conﬁrmetur
657 692 664 710 :
680 682 720 709 sic
733 682 842 714 habeto,
862 681 977 716 physico

182 730 320 764 dogmate.
349 733 440 756 vetere
465 728 592 760 historia,
616 732 773 756 sanctorum
790 726 914 759 vocibus,
931 734 978 762 sy-

182 775 280 803 nodica
297 774 505 802 acclamatione.

218 821 362 854 Quomodo
390 820 504 855 physico
525 819 674 854 dogmate?
692 818 828 852 Quoniam
854 823 911 846 tunc
931 826 978 845 na-
994 825 1015 852 Β

182 871 244 897 tura
265 872 307 894 est
329 866 457 900 corporis
471 870 501 892 ut.
519 869 623 892 tactqu
644 869 671 892 et.
686 865 807 892 colorem
821 863 950 890 admittat
971 871 978 890 :

182 912 256 947 quod
285 919 349 939 vero
380 915 483 937 tactum
507 915 535 937 et
553 911 674 937 colorem
688 909 819 941 admittit.
837 909 908 936 idem
925 908 981 935 cir-

182 956 344 988 cumscribi,
364 955 416 982 hoc
431 959 482 988 est,
498 955 524 982 in
544 955 632 990 elligie
645 955 776 982 delineari
792 958 893 989 potest.
916 953 982 980 Tale

183 1009 274 1033 autem
299 1011 400 1038 corpus
425 1006 466 1030 est
491 1002 603 1032 Christi.
630 1001 861 1036 quemadmodum
886 1005 913 1027 et
932 1008 982 1027 no-

183 1055 283 1082 strum,
310 1048 506 1077 contrectabile
529 1054 556 1075 et
584 1048 749 1075 coloratum.
773 1047 812 1074 Ac
830 1054 896 1074 sane
916 1046 984 1073 scri-

183 1101 260 1132 ptum
276 1100 317 1124 est
334 1105 340 1123 :
362 1095 396 1122 Et
413 1096 562 1131 quicunque
575 1094 719 1129 tetigerunt
739 1100 813 1126 eum,
835 1093 903 1119 salui
917 1092 983 1127 facti

183 1144 277 1170 suut’.
305 1142 336 1169 Et
352 1142 418 1169 alibi
439 1150 445 1168 :
464 1140 499 1167 Et
527 1141 601 1174 facta
627 1144 666 1167 eu
694 1139 794 1173 species
815 1138 904 1165 vultus
925 1137 982 1172 ejus

184 1189 300 1218 σίων-α’.
325 1188 421 1222 Itaque
436 1186 596 1222 depingitur
614 1185 765 1213 secundum
788 1184 913 1219 corporis
927 1184 984 1210 for-

184 1243 258 1262 mam
275 1244 281 1262 :
306 1234 390 1261 illaesa
406 1233 516 1260 interim
532 1232 639 1259 ratione
659 1230 904 1265 incircumscﬂpti.
921 1237 984 1265 quae

183 1279 309 1314 ejusdem
321 1277 458 1305 divinitati
470 1277 600 1311 competit
617 1285 624 1303 :
651 1275 875 1310 quandoquidem
893 1281 985 1309 neque

184 1332 254 1359 ego.
282 1323 344 1350 licet
369 1329 486 1356 corpore
513 1321 755 1354 circumscriptus.
779 1317 937 1346 necessario
957 1322 985 1344 ct

185 1367 338 1397 secundum
365 1368 500 1399 animum,
528 1366 577 1401 qui
603 1366 680 1393 cerni
701 1364 788 1392 oeulis
806 1364 911 1399 nequit,
926 1363 982 1390 cir-

185 1414 372 1450 cumscriptus
395 1421 457 1441 sum
479 1421 489 1441 :
512 1419 621 1448 neque,
650 1411 784 1446 quoniam
807 1417 907 1444 corpus
923 1408 986 1443 qui-

185 1463 246 1492 dem
264 1469 354 1489 meum
368 1460 610 1494 circumscriptum
631 1464 674 1486 est
687 1477 695 1490 ,
711 1457 820 1484 animus
839 1459 929 1482 autem
944 1454 982 1481 in-

185 1510 434 1544 circumscriptus:
464 1514 537 1534 unus
565 1506 595 1533 in
627 1505 697 1533 duos
721 1504 828 1532 divisus
854 1507 906 1530 est.
937 1496 1018 1528 εἰαο

186 1557 273 1584 multo
289 1555 377 1590 magis
391 1561 442 1581 nec
453 1553 582 1582 Christus
598 1551 772 1587 partitionem
785 1549 983 1577 divisionemve

191 1606 306 1642 patitur,
321 1612 355 1632 co
371 1603 443 1639 quod
460 1601 599 1637 corporali
613 1601 701 1628 forma
715 1598 881 1634 depingitur.

221 1651 365 1686 Quomodo
383 1650 418 1678 ab
436 1648 552 1676 historia
566 1646 679 1675 vetere?
693 1645 829 1678 Quoniam
845 1643 990 1671 universus

186 1699 261 1726 orbis
282 1698 317 1725 ab
340 1698 400 1732 ipso
421 1695 525 1724 Christi
545 1701 662 1722 ascensu
686 1692 870 1721 venerandam
901 1689 990 1725 ipsius

187 1745 335 1780 imaginem
351 1744 378 1770 in
394 1742 481 1770 sacris
497 1741 605 1776 templis
626 1740 764 1774 depictam
791 1737 912 1765 exhibet.
931 1735 991 1768 Quo

188 1791 251 1825 quid
267 1797 328 1817 esse
338 1789 426 1824 possit
447 1788 480 1816 ad
495 1786 735 1814 demonstrandam
764 1784 904 1811 veritatem
928 1782 991 1808 illu—

189 1836 295 1864 strius?
315 1834 451 1869 siquidem
463 1837 506 1860 est
515 1832 625 1866 resipsa
635 1831 720 1858 multo
737 1838 819 1865 quam
833 1829 921 1857 oratio
932 1836 991 1855 cer-

190 1882 243 1911 tior
255 1902 263 1915 ,
284 1880 501 1914 locupletiorque
515 1878 592 1905 testis
601 1877 676 1904 visus
692 1881 735 1904 est
754 1884 837 1911 quam
869 1875 989 1902 auditus.

225 1926 370 1960 Quomodo
386 1933 401 1952 a
415 1930 575 1952 sanctorum
590 1923 722 1950 vocibus?
736 1921 873 1955 Quoniam
887 1920 989 1948 alicubi

190 1981 256 2002 sane
272 1972 434 2007 coryphzeus
450 1969 639 2005 apostolorum
663 1967 763 1994 Petrus
779 1966 817 1994 ait
833 1976 840 1994 :
861 1976 870 1992 ι
895 1964 990 1992 Profer

191 2019 341 2054 imaginem
360 2017 469 2045 Domini
490 2015 577 2043 nostri
596 2014 661 2042 Iesu
682 2013 798 2046 Christi,
818 2017 846 2040 et
862 2012 988 2039 eamdem

192 2064 314 2099 insculpe
346 2064 373 2091 in
398 2063 528 2091 turricula
543 2071 550 2089 :
566 2065 596 2089 ut
618 2060 770 2095 intelligant.
787 2059 880 2094 pupilli
896 2065 981 2093 quam

191 2111 239 2138 Dei
255 2110 340 2138 Filius
366 2109 485 2138 formam
514 2107 726 2142 assumpserit‘.
749 2115 758 2132 ι
794 2105 902 2132 Alicubi
920 2111 985 2131 vero

191 2165 308 2192 magnus
336 2156 455 2184 Basilius
474 2155 561 2183 dicit:
587 2163 596 2180 ι
617 2154 787 2189 Depingatur
811 2153 838 2178 in
855 2151 946 2178 tabula
962 2154 989 2177 et.

192 2203 376 2230 certaminum
400 2209 501 2236 praeses
517 2200 673 2228 Christus‘.
694 2209 703 2225 ι
729 2199 835 2232 Quibus
864 2197 989 2224 videlicet

192 2257 286 2277 omnes
303 2248 400 2276 'sancti
419 2247 606 2275 consentiunt.

227 2295 372 2330 Quomodo
395 2301 411 2321 a
439 2293 566 2329 synodica
600 2291 818 2319 acclamatione?
853 2290 987 2323 Quoniam

192 2349 254 2377 quae
265 2345 328 2376 post
341 2344 446 2367 sextam
459 2338 657 2367 cecumenicam
679 2337 811 2372 synodum
826 2339 988 2369 congregata

193 2393 246 2420 est,
263 2388 321 2415 hazc
339 2386 421 2413 habet
437 2394 444 2412 :
463 2395 473 2410 ι
491 2384 622 2412 anemus
630 2384 771 2417 deinceps,
788 2382 848 2409 loco
862 2381 925 2415 agni
942 2388 988 2408 ve-

195 2435 272 2466 teris,
299 2433 367 2467 erigi
394 2432 542 2468 imaginem
566 2430 719 2458 Duminiac
736 2428 890 2456 Servatoris
902 2427 989 2454 nostri

194 2481 257 2509 Jesu
275 2479 378 2507 Christi
387 2479 409 2506 '.

248 2527 278 2554 Si
295 2534 359 2554 vero
381 2525 502 2553 dixerint
517 2529 545 2552 et
563 2522 746 2554 Iconomachi,
763 2521 860 2549 iisdem
872 2525 990 2555 quatuor

194 2572 361 2608 argumentis
373 2578 454 2598 suum
477 2570 598 2604 ipsorum
623 2568 721 2602 dogma
749 2566 879 2599 stabiliri;
898 2569 991 2592 osten-

195 2621 271 2652 dant,
303 2617 422 2651 exempli
465 2616 563 2651 gratia,
590 2615 616 2641 iu
649 2614 738 2649 primo
764 2619 856 2640 causae
877 2611 964 2646 capite
981 2631 989 2644 ,

1005 2266 1027 2293 Ι)

149 2669 152 2672 ’
195 2664 426 2700 quemadmodum
443 2663 469 2689 id
485 2670 580 2689 verum
605 2661 650 2688 sit.
682 2661 723 2687 An
748 2667 849 2694 corpus
874 2659 928 2686 tale
944 2658 989 2684 di-

195 2717 262 2740 cunt
276 2711 356 2746 quale
376 2710 479 2738 veritas
493 2708 627 2740 exhibuit,
655 2706 767 2734 annon?
787 2706 816 2733 Si
845 2706 985 2733 enimvero

196 2758 266 2790 tale;
284 2757 325 2784 vel
339 2756 417 2784 inviti
432 2754 636 2782 conﬁtebuntur
648 2751 756 2787 depiugi
780 2751 931 2779 Christum.
955 2749 985 2776 Si

232 2847 351 2874 ’Matth.
368 2853 424 2877 xlv,
439 2845 485 2872 36.
535 2844 545 2860 ³
565 2843 632 2870 Luc.
663 2850 701 2871 Ix.
723 2821 799 2877 29...¹
828 2839 838 2854 ’⁸
854 2838 881 2865 In
893 2837 966 2877 lita
992 2837 1021 2866 S.

197 2895 207 2911 I
219 2873 295 2912 Orat.
310 2886 337 2908 in
353 2881 382 2908 S.
394 2873 533 2908 Bormam.
573 2880 583 2894 δ
603 2877 706 2914 Synod.
721 2874 806 2904 Tt‘ull.
819 2882 879 2902 cun.
892 2873 936 2902 82.

253 2930 286 2964 t')
301 2928 472 2964 Dogmatica.

1072 589 1184 625 Ἐπειδὴ
1215 590 1407 625 φιλοπευστεῖς
1429 591 1537 626 μαθεῖν,
1566 589 1663 624 ἀδελφὲ
1690 590 1822 618 Νικόλαεν

1031 636 1085 663 ἀπὸ
1100 636 1184 662 ποίων
1201 636 1346 672 ⁴τεσσάρων
1357 637 1512 662 ὑποθέσεων
1527 637 1544 671 ἡ
1562 637 1626 672 περὶ
1653 637 1701 671 τὴν
1720 637 1825 671 σεπτὴυ

1031 683 1122 710 εἰκόνα.
1137 682 1258 718 Χριστοῦ
1287 682 1402 718 ἀλήθεια
1431 683 1616 718 κρατύνεται·
1645 683 1744 714 ἰστέον,
1769 684 1826 710 ἀπὸ

1031 729 1148 764 φυσικοῦ
1159 729 1294 764 δόγματος
1307 737 1314 744 ·
1332 730 1384 756 ἀπὸ
1399 729 1515 764 ἀρχαίας
1529 730 1650 765 ἱστορίας
1665 738 1672 745 ·
1689 731 1743 757 ἀπὺ
1767 740 1825 765 φω-

1031 775 1083 801 νῶν
1102 775 1205 809 ἁγίωνθ
1221 775 1276 801 ἀπὸ
1292 775 1437 810 συνοδικῆς
1454 776 1635 810 ὲκφωνήσεως

1066 820 1128 852 Πῶς
1144 821 1198 848 ἀπὸ
1212 820 1328 856 φυσικοῦ
1363 821 1518 856 δόγματοςς
1550 822 1611 848 Ὀτι
1642 820 1711 857 αὕτη
1742 822 1827 857 φύσις

1033 866 1159 902 σώματος
1183 867 1239 902 ἀφῇ
1259 866 1306 894 καὶ
1329 867 1408 902 χροιᾷ
1423 866 1588 894 ὑποπίπτει·
1608 867 1637 894 τὸ
1655 868 1677 894 δ’
1693 868 1749 904 ἁφῇ
1776 870 1827 896 καί

1033 913 1112 949 χροιᾷ
1126 913 1291 947 ὑποπίπτων,
1309 914 1500 949 περιγραπτόν
1514 922 1521 929 ·
1545 914 1630 950 ἤγουν
1660 914 1827 947 ὲξεικονιςό-

1035 968 1125 995 μενον.
1142 959 1270 986 Τοιοῦτον
1285 959 1314 986 δὲ
1327 960 1358 985 τὺ
1371 960 1452 995 σῶμα
1468 959 1515 986 τοῦ
1532 961 1664 996 Χριστοῦ,
1696 961 1827 997 καθάπερ

1033 1006 1082 1033 καὶ
1096 1005 1126 1032 τὸ
1141 1006 1287 1042 ἡμέτερον,
1303 1005 1390 1032 ἁπτὸν
1422 1006 1468 1032 καὶ
1489 1006 1644 1042 ὑπόχροιον.
1680 1007 1736 1033 Καὶ
1759 1007 1827 1042 γοῦν

1033 1052 1198 1087 γέγραπται·
1214 1051 1267 1079 Καὶ
1283 1051 1351 1078 ὅσοι
1366 1052 1404 1078 ἃν
1418 1051 1550 1086 ἥπτοντο
1563 1051 1827 1085 αὑτοῦ,ὲσώζοντο.

1035 1097 1090 1123 Καὶ
1105 1096 1218 1132 ἑτέρωθι
1229 1096 1300 1124 ’Καὶ
1312 1097 1431 1132 ἐγένετο
1448 1097 1480 1123 τὸ
1498 1095 1578 1130 εἶδος
1592 1098 1646 1125 τοῦ
1661 1100 1828 1132 προσώπου

1034 1143 1128 1169 αὐτοῦ
1139 1143 1252 1176 ἕτερον,
1284 1142 1390 1169 Οὐκοῦν
1421 1143 1590 1178 ἐγγράφεται
1615 1144 1686 1170 κατὰ
1717 1145 1828 1171 τὸντοῦ

1036 1188 1162 1222 σώματος
1177 1189 1341 1224 χαρακτῆρα
1354 1197 1361 1204 ·
1377 1189 1462 1224 μηδὲν
1481 1189 1624 1222 πεπονθὼς
1641 1191 1682 1222 εἰς
1697 1190 1727 1216 τὸ
1759 1191 1830 1217 ἀπε-

1037 1235 1187 1270 ρίγραπτον
1202 1233 1287 1260 αὐτοῦ
1307 1234 1358 1269 τῆς
1378 1234 1506 1269 θεότητος
1522 1243 1529 1249 ”
1542 1235 1583 1261 ὃτι
1602 1235 1672 1270 μηδὲ
1692 1235 1747 1269 ἐγὼ
1773 1237 1830 1262 σώ-

1037 1289 1103 1315 ματι
1119 1281 1374 1316 περιγραφόμενος,
1400 1279 1430 1313 ἐξ
1456 1280 1580 1315 ἀνάγκης
1613 1281 1660 1308 καὶ
1687 1282 1759 1308 κατὰ
1777 1282 1830 1317 τὴν

1035 1326 1149 1353 ἀθέατον
1191 1325 1280 1361 ψυχὴν
1311 1327 1616 1362 συμπεριγέγραμμαι·
1648 1327 1717 1360 οὐδὲ,
1735 1329 1831 1365 ἐπειδὴ

1035 1373 1066 1400 τδ
1095 1372 1144 1408 μὲν
1184 1372 1264 1408 σῶμά
1315 1381 1366 1408 μου
1401 1373 1590 1409 περιγραπτὺν
1608 1394 1616 1407 ,
1641 1375 1657 1409 ἡ
1699 1374 1727 1400 δὲ
1755 1374 1831 1410 ψυχὴ

1035 1419 1253 1454 ἁπερίγραπτοςο
1271 1419 1285 1445 ὁ
1301 1416 1341 1451 εἷς
1372 1419 1413 1450 είς
1434 1419 1481 1445 δύο
1493 1420 1638 1454 τέτμηται.
1649 1419 1728 1447 Οὕτω
1740 1420 1833 1456 πολλῷ

1039 1464 1138 1499 μᾶλλον
1154 1464 1215 1490 οὐδὲ
1231 1465 1349 1500 Χριστὸς
1361 1465 1448 1501 τομὴν
1459 1465 1476 1501 ἢ
1487 1465 1620 1501 διαίρεσιν
1629 1465 1776 1500 ὑφίσταται
1787 1466 1833 1494 διὰ

1035 1512 1065 1538 τὺ
1079 1511 1292 1544 ὲξεικονίζεσθαι
1309 1511 1392 1539 αὐτὸν
1420 1511 1570 1547 σωματικῷ
1598 1513 1765 1548 χαρακτῆρι.

1077 1645 1140 1677 Πῶς
1151 1645 1205 1672 ἀπὸ
1222 1646 1340 1681 ἀρχαίας
1355 1646 1495 1681 ῖστορίας;
1514 1646 1577 1672 Ὀτι
1606 1646 1623 1681 ἡ
1649 1646 1695 1673 ὑπ’
1716 1647 1833 1682 οὗρανδν

1041 1691 1088 1717 ἀπ’
1101 1691 1187 1726 αὐτῆς
1200 1690 1362 1725 ἀναλήψεως
1378 1690 1510 1725 Χριστοῦ,
1538 1689 1588 1725 τὴν
1617 1691 1720 1726 σεπτὴν
1746 1692 1831 1719 αὐτοῦ

1041 1736 1134 1763 εἰκόνα
1151 1737 1180 1762 ἐν
1192 1737 1249 1768 τοῖς
1262 1737 1347 1772 ἱεροῖς
1362 1738 1438 1767 ναοῖς
1467 1737 1700 1771 ἐγγεγραμμένην
1723 1737 1834 1763 ὑποδεί-

1042 1791 1145 1811 κνυσιν.
1159 1780 1196 1810 Οὔ
1210 1783 1237 1809 τί
1249 1783 1282 1810 ἂν
1298 1783 1403 1818 γένοιτο
1411 1783 1450 1814 εἰς
1463 1783 1600 1815 ἀπόδειξιν
1612 1783 1741 1818 ἀληθείας
1752 1784 1833 1819 ἐναρ-

1040 1829 1190 1864 γέστερον;
1209 1828 1290 1865 εἴπερ
1302 1829 1383 1865 ἔργον
1395 1829 1475 1863 λόγου
1494 1827 1685 1863 βεσαιότερον,
1707 1829 1754 1856 καὶ
1780 1830 1833 1865 ὀφ-

1041 1876 1144 1911 θαλμὸς
1159 1877 1264 1912 μάρτυς
1276 1876 1361 1911 ἀκοῆς
1375 1875 1612 1910 ἀξιοπιστότερος.

1079 1923 1139 1955 Πῶς
1156 1923 1210 1950 ἀπὸ
1224 1923 1321 1957 φωνῶν
1333 1922 1418 1956 ἁγίων
1431 1921 1512 1955 ;”Οτι
1524 1921 1576 1948 ποῦ
1593 1921 1643 1957 μὲν
1656 1921 1670 1947 ὁ
1683 1923 1834 1956 κορυφαῖος

1040 1969 1094 1995 τῶν
1115 1968 1273 1996 ἀποστόλων
1304 1968 1408 2002 Πέτρος
1433 1966 1527 2000 λέγει·
1561 1976 1570 1992 ι
1594 1965 1754 2000 Ἐξένεγχον
1782 1967 1834 2000 τὴν

1040 2016 1134 2042 εἰκόνα
1150 2014 1197 2041 τοῦ
1213 2014 1316 2050 Κυρίου
1334 2013 1414 2050 ήμῶν
1435 2012 1521 2047 Ἰησοῦ
1538 2011 1667 2047 Χριστοῦ,
1689 2013 1735 2038 καὶ
1757 2012 1834 2039 ἐντύ-

1040 2070 1132 2088 πωσσν
1145 2060 1230 2095 αὐτὴν
1248 2060 1277 2085 ὲν
1288 2059 1327 2094 τῷ
1356 2058 1505 2095 πυργίσκῳ
1517 2066 1524 2072 ·
1541 2058 1585 2084 ῖνα
1601 2057 1692 2084 ἴδωσιν
1719 2058 1744 2084 οῖ
1773 2057 1834 2084 λαοὶ

1039 2107 1099 2133 οἷαν
1115 2106 1224 2142 μορφὴν
1236 2105 1367 2132 ἀνέλαϐεν
1382 2106 1396 2130 ὁ
1408 2104 1472 2135 Υἱὸς
1484 2103 1532 2130 τοῦ
1550 2103 1630 2129 Θεοῦ⁸
1649 2113 1660 2128 ›
1685 2103 1738 2130 ποῦ
1765 2103 1793 2130 δὲ
1819 2105 1834 2130 ὁ

1041 2153 1128 2188 μέγας
1146 2151 1286 2182 Βασίλειος
1298 2151 1397 2184 φάσκει
1415 2158 1421 2164 ·
1437 2159 1446 2175 ι
1472 2148 1669 2184 Ὲγγραυὲσοω
1683 2148 1722 2183 τῷ
1736 2149 1833 2176 πίνακι

1040 2199 1087 2227 καὶ
1102 2199 1116 2224 ὸ
1129 2196 1184 2224 τῶν
1200 2196 1400 2230 παλαισμάτων
1413 2193 1587 2228 ἀγωνοῢέτης
1600 2193 1728 2227 Χριστός.
1750 2202 1759 2218 ι
1786 2191 1835 2225 Οἷς

1041 2242 1273 2278 συνομοφρονοῦσι
1283 2241 1383 2277 δηλαδὴ
1391 2241 1490 2272 πάντες
1503 2241 1527 2266 οἱ
1539 2239 1622 2273 ἅγιοι.

1077 2288 1138 2320 Πῶς
1152 2288 1206 2315 ἀπὸ
1223 2287 1365 2321 συνοδικῆς
1380 2286 1562 2320 ὲκφωνήσεως
1573 2293 1581 2316 ;
1591 2285 1652 2310 Ὅτι
1667 2285 1684 2319 ὴ
1701 2284 1772 2319 μετὰ
1786 2284 1837 2319 τὴν

1041 2335 1124 2370 ἕκτην
1145 2333 1340 2368 οἰκουμενικὴν
1374 2331 1484 2358 σύνοδον
1507 2330 1746 2365 συναθροισθεῖσα.
1772 2331 1835 2356 τάδε

1041 2382 1137 2417 φησίνο
1159 2390 1168 2406 ί
1193 2380 1336 2416 Ὀρίςομεν
1347 2379 1435 2405 τοίνυν
1448 2377 1503 2404 ἀπὸ
1514 2376 1560 2403 τοῦ
1574 2377 1633 2407 νῦν,
1646 2376 1707 2402 ἀντὶ
1722 2377 1770 2402 τοῦ
1783 2386 1837 2403 πα-

1040 2427 1118 2454 λαιοῦ
1130 2427 1230 2462 ἀμνοῦ,
1247 2424 1467 2460 ὰναστηλοῦσῦαι
1481 2423 1530 2458 τὴν
1560 2422 1654 2449 εἰκόνα
1666 2422 1714 2449 τοῦ
1729 2423 1835 2459 Κυρίου

1042 2473 1089 2500 καὶ
1115 2472 1244 2507 Σωτῆρος
1260 2470 1340 2506 ἡμῶν
1359 2468 1447 2504 Ἰησοῦ
1462 2467 1594 2503 Χριστοῦ.

1078 2519 1110 2545 Εἰ
1124 2518 1153 2544 δὲ
1169 2517 1275 2552 λέγοιεν
1288 2517 1335 2543 καὶ
1353 2516 1377 2542 οἱ
1390 2514 1569 2549 Εἱκονομάχοι
1589 2514 1649 2545 ταῖς
1662 2513 1758 2545 αὑταῖς
1773 2514 1837 2540 τέσ-

1043 2573 1140 2599 σαρσιν
1155 2563 1301 2590 ὑποθέσεσι
1322 2561 1353 2588 τὸ
1376 2561 1480 2588 ἑαυτῶν
1500 2560 1645 2596 κρατύνειν
1661 2560 1760 2596 δόγμα·
1780 2560 1838 2586 6s:-

1042 2611 1166 2643 ξάτωσαν
1176 2606 1232 2635 οἷον
1247 2609 1294 2635 ἐπὶ
1306 2607 1352 2634 τοῦ
1369 2607 1478 2643 πρώτου
1489 2606 1647 2641 κεφαλαίου,
1661 2607 1736 2637 ὅπως
1746 2605 1836 2633 τοῦτο.

1043 2657 1161 2691 Πότερον
1190 2654 1272 2689 σῶμα
1285 2654 1407 2681 τοιοῦτον
1423 2653 1548 2688 λέγουσιν
1573 2650 1630 2679 οἷον
1654 2651 1795 2685 ὑπέδειξεν
1818 2653 1837 2688 ἡ

1042 2702 1167 2738 ἀλήθεια,
1189 2700 1250 2736 ἢοῠ
1261 2708 1269 2733 ;
1280 2700 1312 2728 Εἰ
1330 2700 1380 2735 μὲν
1394 2699 1526 2732 τοιοῦτον,
1543 2699 1591 2726 καὶ
1608 2698 1647 2733 μὴ
1665 2697 1838 2732 βουλόμενοι,

1040 2747 1303 2782 συνομολογήσουσιν
1330 2744 1542 2779 ὲξεικονίζεσθαι
1562 2742 1692 2779 Χριστόν.
1712 2742 1745 2768 Et
1760 2742 1789 2769 δὲ
1806 2743 1840 2770 οὐ

1051 2836 1200 2870 Pancratii,
1218 2835 1290 2872 apud
1321 2833 1493 2867 Bollandum.
1518 2840 1613 2862 mense
1637 2831 1734 2868 Aprili,
1752 2831 1797 2859 die
1810 2831 1839 2859 5.
