1923 3078
244 184 313 217 1307
842 191 872 220 S.
888 189 1085 220 TIIEODORI
1105 189 1277 220 STUDIT/E
1808 185 1877 218 1308

242 243 390 277 Oportebat
432 252 512 273 noctu
541 247 715 275 tenebrarum
739 247 824 274 filium
844 248 1001 274 orcumbert

1119 245 1162 277 ξαι
1177 245 1225 281 τὴν
1244 245 1328 281 ζωήν.
1343 246 1416 273 Ἔδει
1431 247 1460 273 ὲν
1469 246 1546 273 νυκτὶ
1561 245 1607 273 τὸν
1625 244 1674 272 τοῦ
1690 245 1807 276 σκότους
1817 246 1876 273 υἱὸν

242 291 385 324 oportebat
401 299 482 325 eum,
498 294 547 329 qui
571 294 663 321 divina
679 295 779 329 templa
819 295 984 327 devastarat,

1118 292 1296 318 τικαταλαΰείν
1312 292 1428 319 θάνατον
1442 301 1449 308 '
1462 293 1515 319 ἔδει
1539 293 1585 320 τὸν
1602 293 1668 324 τοὺς
1690 292 1783 323 θείους
1795 292 1877 323 ναοὺς

244 334 350 362 Domini
383 338 486 372 templo
516 339 632 369 nudatos
660 340 687 367 in
711 348 740 368 se
769 340 873 376 gladios
896 349 1003 368 cernere

1118 337 1284 372 ημώσαντα,
1302 339 1331 365 ἐν
1354 338 1411 374 ναῷ
1437 339 1540 374 Κυρίου
1566 339 1630 365 ἰδεῖν
1655 338 1690 365 τὰ
1711 339 1773 365 κατ’
1793 337 1875 364 αὑτοῦ

242 381 384 414 oportebat
415 383 450 409 ad
478 383 603 411 divinum
631 385 717 413 altare
748 386 949 422 e0nfngientem
977 395 1001 414 nt

1117 391 1148 416 ρη
1163 382 1349 417 γυμνούμενα·
1367 383 1421 409 ἔδει
1437 384 1630 418 προσφυγόντα
1642 383 1686 418 τῷ
1697 383 1763 418 Θείῳ
1780 382 1876 408 θυσια-

243 426 344 453 salvari
360 448 368 460 ,
384 428 430 462 qui
462 429 548 457 altare
568 431 657 465 ipsum
690 432 889 462 destruxerat:
912 434 939 461 in
971 443 1001 461 ea

1119 429 1189 463 ηρίῳ
1205 429 1241 464 μὴ
1259 429 1378 463 σωθῆναι
1391 429 1437 455 τὸν
1454 429 1532 456 τοῦτο
1547 430 1726 463 ἀφανίσαντα·
1744 428 1817 454 κατά
1828 429 1877 462 τῆς

243 480 354 499 manum
368 493 374 505 ,
391 482 452 508 qua:
470 480 582 503 extensa
600 477 626 503 in
648 482 741 505 sancta
759 478 865 511 fuerat,
884 480 1002 507 sectione

1117 484 1126 506 ;
1151 475 1186 501 τὰ
1204 474 1269 509 ἀγια
1296 475 1458 511 ὲκταθείσης
1483 476 1577 510 χειρὸς
1600 475 1687 511 τομὴν
1709 475 1876 509 ἑπαχθῆναιι

244 518 337 546 inferri
355 529 361 546 :
386 519 412 546 in
428 521 522 548 fauces
539 530 599 557 quae
615 524 698 558 impia
714 529 880 557 eructarant,
912 525 1002 559 gladio

1118 521 1156 547 ιτὰ
1169 521 1215 547 τοῦ
1227 521 1362 557 λάρυγγος
1378 521 1424 548 τοῦ
1440 521 1622 557 ὲρευξαμένου
1636 522 1713 553 ἄθεα,
1737 521 1877 556 μάχαιραν

243 565 395 601 distringi:
426 567 452 594 in
476 568 620 596 humerum
653 570 712 604 ejus
739 572 786 605 qui
829 572 1002 599 contmnelio

1119 567 1207 594 ελὰσαι
1219 575 1225 582 ·
1242 567 1312 594 κατὰ
1325 568 1372 594 τοῦ
1391 567 1468 602 ὤμου
1485 568 1532 595 τοῦ
1547 568 1718 602 παλλομένου
1739 567 1782 601 ἐφ’
1799 566 1878 601 ὕϐρει

243 611 352 639 Christo
367 613 524 646 insultabat,
540 621 723 650 opportunum
738 618 837 645 vulnus
866 618 950 653 infligi
965 628 971 646 :
984 627 999 653 p

1116 611 1220 647 ριστοῦ,
1235 613 1345 646 καιρίαν
1357 612 1463 648 πληγὴν
1485 612 1615 640 ὑποδῦναι
1629 621 1636 627 ·
1648 613 1718 647 ὑπὲρ
1735 612 1875 647 ὲκχύσεως

241 658 306 692 justi
316 659 456 694 sanguinis
471 661 614 695 eﬂ'usione,
631 663 762 697 injustum
778 665 936 700 sanguinem
954 673 1000 700 spa

1120 658 1210 692 μάτων
1227 658 1340 684 δικαίων
1361 655 1432 693 αἷμα
1456 658 1548 686 ἄδικον
1561 659 1675 694 χεθῆναι
1687 666 1695 673 ’
1712 659 1774 684 ἀντὶ
1789 658 1879 693 κοπῆς

244 704 269 738 gi
287 714 294 731 ε
315 712 364 739 pro
396 707 516 734 sectione
537 713 564 735 et
583 709 760 737 dilaniatione
780 712 964 740 membrorum
991 720 1003 739 τι

1117 703 1133 729 ιὶ
1152 703 1261 738 ξεσμῶν
1283 703 1371 738 μελῶν
1387 704 1433 730 καὶ
1461 704 1565 736 νώτων,
1589 704 1658 740 μέλη
1681 706 1801 739 κοπῆναι
1819 705 1876 731 θεο-

244 757 298 784 que
320 754 470 786 tergorum,
493 752 579 781 invisa
600 754 656 782 Deo
680 756 800 784 membra
827 759 958 786 concidi:
985 768 1001 794 p

1122 749 1173 783 υγῆ
1183 757 1190 764 ⁸
1208 749 1268 776 ἀντὶ
1283 749 1399 776 Θανάτου
1414 746 1499 781 ὁσίου,
1514 750 1622 776 ἀνόσιον
1639 750 1755 777 θάνατον
1771 750 1881 777 ἀποδει-

243 801 331 822 morte
348 803 440 823 saneta
455 798 564 832 impiam
582 805 697 828 mortem
708 803 847 829 exhiberi:
869 808 897 830 et
909 811 959 839 pro
973 793 1000 839 pi

1122 794 1202 829 ἦναι,
1221 794 1269 821 καὶ
1291 795 1351 822 ἀντὶ
1367 795 1534 830 πορφυρίδος
1562 795 1647 831 ῥάκος
1671 795 1837 822 ἐνδύσασθαι
1850 796 1879 822 τὸ

244 846 312 874 pura
344 843 507 871 centonibus
531 845 605 872 indui
626 854 719 874 semen
738 848 894 884 inglorium.
910 850 965 878 Nec
990 860 1003 878 v

1123 849 1185 874 ιμον
1205 841 1325 876 σπέρμα.
1343 841 1398 867 Καὶ
1410 842 1460 868 οὐκ
1473 841 1684 876 ὲπιχαιρόμενος
1697 841 1737 876 τῷ
1750 841 1879 876 πτώματι

243 893 276 912 ro
292 885 325 913 de
344 895 409 914 casu
429 889 505 924 impii
523 891 656 926 gaudens,
683 894 747 928 quin
758 903 867 930 gemens
883 900 908 923 et
927 897 1002 932 lugen

1120 886 1135 911 6
1150 886 1265 918 ἀσεῦοὗς
1275 907 1282 919 ,
1295 887 1357 913 ἐπεὶ
1379 888 1426 914 καὶ
1441 889 1543 914 στένων
1558 887 1606 914 καὶ
1622 886 1736 921 κλαίων,
1753 887 1879 923 κωμῳὸὦ

244 935 342 962 mortis
364 943 448 969 genus
460 937 558 972 sugillo
575 947 581 964 :
599 938 646 965 sed
674 939 738 974 quia
762 941 849 968 malus
873 943 943 970 male
972 951 1003 978 pe

1120 941 1130 958 ν
1142 932 1242 968 τρόπον
1252 932 1299 959 τοῦ
1314 933 1429 960 θανάτου
1443 942 1450 948 ·
1466 933 1522 959 ἀλλ’
1550 934 1591 960 ὃτι
1610 933 1696 965 κακὸς
1709 933 1805 965 κακῶς
1828 935 1879 960 ἀπ-

244 980 303 1012 ὶιήι,
313 985 341 1008 ιη
353 981 458 1009 νει-θείς
470 987 512 1009 εει
533 984 666 1011 εεηιρηιί³
685 985 706 1001 ιι
721 994 728 1011 ε
741 990 768 1012 ει
778 987 868 1014 omnis
885 988 932 1022 qui
944 995 1037 1016 comm
1088 979 1200 1012 ολεῖται,
1215 979 1252 1011 ὡς
1274 980 1290 1014 ή
1311 978 1358 1006 τοῦ
1372 979 1506 1014 ἀψευδοῦς
1517 980 1670 1014 ἀπόφασις·
1688 980 1737 1007 καὶ
1750 981 1805 1011 πᾶς
1817 989 1880 1006 νεα-

245 1026 330 1055 Deum
370 1034 496 1063 proterve
524 1029 651 1066 insurgit,
680 1032 813 1068 condigna
841 1033 921 1062 factis
951 1042 1001 1070 cap

1121 1024 1243 1060 ευόμενος
1257 1026 1328 1053 κατὰ
1344 1025 1411 1052 Θεοῦ
1428 1026 1565 1061 ἐφάμιλλα
1587 1024 1625 1052 ὧν
1649 1026 1761 1061 ἔδρασεν
1778 1026 1880 1061 ἀπολὴ-

244 1074 326 1101 etiam
344 1075 398 1102 hic.
418 1075 537 1103 Necdum
552 1077 696 1105 enimdico
715 1078 836 1107 futurum
849 1085 876 1108 et
885 1086 1003 1110 extremu

1120 1079 1167 1097 ηται
1182 1070 1331 1098 κάνταῦθα.
1353 1071 1436 1098 Οὔπω
1450 1072 1505 1107 γὰρ
1521 1072 1592 1106 λέγω
1607 1072 1637 1098 τὸ
1660 1072 1757 1107 μέλλον
1772 1072 1820 1099 καὶ
1835 1080 1879 1098 τε-

245 1121 346 1156 ignem,
359 1130 414 1156 quo
422 1124 679 1152 exterminabuntur
693 1125 768 1161 impii
779 1134 875 1155 omnes
891 1133 918 1156 et
931 1129 1003 1164 injus

1121 1118 1210 1143 υταῖον
1238 1116 1294 1152 πῦρ
1307 1138 1314 1149 ,
1354 1114 1376 1151 ᾧ
1388 1118 1623 1153 δοκιμασθήσεται
1642 1118 1696 1149 πᾶς
1709 1118 1812 1153 ἀσεϐὴς
1832 1118 1880 1144 καὶ

245 1168 315 1201 Quid
331 1176 394 1196 vero
411 1174 472 1203 post
491 1170 568 1197 haec?
596 1170 672 1199 Novo
690 1160 766 1200 Josia
779 1181 849 1209 opus
863 1179 925 1208 est,
946 1160 1000 1210 vel,

1120 1164 1257 1197 ιράνομος.
1273 1163 1306 1190 Τί
1323 1160 1369 1190 οὖν
1382 1163 1452 1199 πρὸς
1462 1163 1562 1195 ταῦτα;
1577 1164 1650 1190 Νέου
1671 1164 1774 1191 Ἰωσίου
1787 1164 1879 1200 χρεία·

245 1214 297 1247 vis,
321 1214 435 1242 Joviano
453 1218 592 1251 quopiam,
606 1218 648 1246 vel
675 1220 730 1246 alio
753 1228 786 1247 ex
811 1221 946 1250 similibus
962 1242 970 1255 ,
989 1231 1004 1258 q

1125 1207 1153 1234 δὲ
1166 1207 1268 1243 βούλει,
1290 1208 1420 1235 Ἰοὸιανοῦ
1432 1217 1515 1241 τινος,
1534 1209 1550 1245 ἢ
1567 1209 1649 1236 ἄλλου
1667 1210 1722 1236 τῶν
1735 1211 1877 1236 τοιούτων·

246 1258 353 1287 Domini
384 1261 441 1288 zelo
465 1262 563 1290 ardens
580 1283 588 1295 ,
610 1264 713 1297 deiecta
730 1267 834 1302 erigere
855 1254 1005 1302 studeat,d

1136 1254 1225 1290 ζηλῶν
1239 1254 1279 1290 τῷ
1302 1255 1408 1291 Κυρίῳ,
1430 1256 1574 1282 σπεύσειεν
1591 1256 1745 1292 ἀνορθῶσαι
1758 1257 1794 1283 τὰ
1812 1265 1881 1282 κατ-

245 1306 323 1332 vulsa
343 1311 481 1340 eoaptare,
498 1306 553 1335 Deo
566 1309 678 1338 reddere
693 1319 754 1346 quae
773 1299 826 1340 hei
853 1319 918 1341 sunt
935 1315 956 1330 "

1122 1299 1265 1333 ῥαγμένα,
1287 1299 1406 1334 συνάψαι
1422 1300 1456 1327 τὰ
1480 1300 1615 1328 διεστῶτα
1628 1321 1635 1333 ,
1652 1301 1800 1328 ἀποδοῦναι
1816 1301 1880 1336 Θεῷ

246 1351 357 1384 dicitur,
379 1353 525 1382 restituere
545 1356 690 1392 imaginem
702 1343 812 1386 —Christi
826 1363 853 1387 et
869 1343 992 1396 Deipara:

1135 1343 1183 1370 τοῦ
1199 1344 1278 1377 Θεοῦ,
1291 1345 1322 1371 τὸ
1336 1345 1369 1381 δὴ
1380 1345 1537 1381 λεγόμενον,
1553 1347 1706 1382 ἀναστῆσαι
1719 1347 1770 1383 τὴν
1784 1347 1880 1374 εἰκόνα

247 1399 335 1426 sancti
377 1401 533 1436 cujusque:
555 1389 612 1430 non
634 1404 706 1438 quod
735 1406 886 1435 conciderit
914 1389 1006 1443 unqua

1120 1390 1216 1422 οιστοῦ,
1236 1391 1285 1426 τῆς
1298 1399 1328 1417 τε
1341 1391 1486 1422 Θεοτόκου.
1503 1393 1551 1418 καὶ
1565 1393 1681 1420 ἑκάστου
1703 1393 1758 1420 τῶν
1779 1394 1879 1427 ἁγίων·

246 1445 348 1473 Christi
364 1434 473 1482 imago;
482 1448 553 1476 absit
571 1450 578 1477 Ι
601 1434 650 1478 sed
669 1456 699 1478 ut
711 1459 762 1479 nos
778 1453 824 1488 qui
838 1434 886 1488 per
909 1434 1005 1490 impiet

1123 1444 1136 1470 χ
1148 1435 1190 1462 ὅτι
1205 1435 1333 1463 πέπτωκὲ
1350 1445 1414 1463 ποτε
1426 1437 1443 1472 ἡ
1458 1437 1577 1473 Χριστοῦ
1593 1438 1686 1470 εἰκὼν,
1702 1439 1804 1472 ἄπαγε·
1822 1439 1882 1465 ἀλλ’

247 1495 301 1519 tem
319 1493 484 1527 cecidimus,
509 1496 684 1524 suscitemur.
711 1497 781 1525 Eum
800 1507 849 1527 nos
876 1505 1006 1534 peccator

1121 1500 1131 1518 ι
1145 1494 1170 1519 οἰ
1186 1492 1315 1525 πεσόντες
1329 1494 1421 1529 ἡμεῖς,
1438 1495 1472 1530 τῇ
1497 1494 1610 1530 ἀσεϐείᾳ
1622 1515 1630 1528 ,
1645 1495 1880 1530 ἁνασταθείημεν.

246 1542 374 1572 optamus
391 1539 583 1576 imperatorem
600 1542 647 1577 qui
666 1542 790 1571 videatur
804 1549 830 1572 et
846 1545 882 1573 sit
895 1546 1000 1581 piissim

1123 1538 1213 1566 κιοῦτον
1225 1539 1397 1575 ὲπευχόμεθα
1412 1541 1436 1566 ot
1453 1541 1612 1576 ἁμαρτωλοὶ
1627 1542 1674 1568 καὶ
1693 1542 1811 1576 φανῆναι
1831 1543 1882 1568 καὶ

246 1590 272 1612 et
286 1593 300 1612 a
317 1585 371 1613 Deo
386 1593 539 1622 promotus.
556 1587 625 1616 Etsi
642 1590 755 1624 quidem
769 1591 805 1618 ita
827 1593 883 1626 sit,
900 1594 1004 1628 optimu

1122 1585 1196 1612 εσθαι
1210 1585 1256 1612 τὸν
1270 1585 1465 1612 εὐσεϐέστατον
1476 1586 1591 1621 βασιλέα
1604 1587 1652 1613 καὶ
1665 1587 1881 1622 θεοπρόὸλητον.

246 1636 273 1658 et
292 1636 394 1660 aeterno
411 1635 548 1667 przeconio
574 1635 777 1664 celebrandum.
804 1636 852 1664 Sin
868 1639 904 1666 ob
924 1647 1005 1674 pecca

1123 1632 1142 1658 t‘t
1157 1632 1182 1658 εἰ
1200 1632 1249 1667 μὲν
1263 1631 1366 1664 οὕτως,
1383 1632 1495 1666 ἄριστον
1521 1633 1569 1659 καὶ
1590 1633 1631 1664 είς
1651 1632 1754 1664 αἰῶνας
1777 1633 1882 1667 ὑμνού-

246 1679 307 1705 mea
327 1686 380 1705 non
403 1679 439 1706 ita
454 1699 461 1712 ,
478 1684 598 1707 attamen
609 1689 659 1708 nos
675 1681 712 1709 ita
730 1682 756 1709 in
770 1682 872 1710 Christi
887 1684 1005 1713 confessi

1122 1686 1180 1717 νον.
1199 1678 1231 1704 Εἰ
1253 1677 1282 1704 δὲ
1301 1678 1374 1704 κατά
1389 1678 1439 1709 τὰς
1461 1677 1601 1713 ἁμαρτίας
1616 1685 1668 1712 μου
1681 1697 1690 1711 ,
1710 1677 1762 1712 οὐχ
1780 1678 1881 1709 οὕτως,

248 1733 280 1752 ne
297 1734 303 1752 ἒ
322 1733 375 1752 non
402 1731 562 1760 spernentes
590 1735 701 1755 sacrum
727 1728 787 1764 ejus
808 1737 957 1764 carcerem,
986 1739 1007 1758 nt

1123 1723 1155 1750 λά
1171 1731 1203 1758 γε
1229 1724 1310 1759 ἡμεῖς
1325 1723 1412 1756 οὕτως
1428 1725 1456 1750 ὲν
1473 1725 1506 1759 τῇ
1523 1723 1654 1760 ὁμολογίᾳ
1675 1724 1812 1759 Χριστοῦ,
1841 1726 1882 1760 μὴ

247 1771 436 1804 formidantes,
451 1777 498 1800 aut
518 1774 670 1808 quidquam
694 1782 749 1809 prae
779 1775 835 1803 Deo
861 1781 1006 1804 metuente:

1123 1769 1282 1805 ιγωροῦντες
1305 1770 1357 1805 τῆς
1379 1770 1460 1804 ἁγίας
1485 1770 1568 1797 αὑτοῦ
1585 1771 1729 1806 φυλακῆς·
1757 1772 1826 1806 μηδέ
1852 1781 1882 1798 τι

246 1823 276 1845 ιιι
292 1817 431 1852 Deusipse
459 1819 593 1847 hortatur.
614 1819 676 1847 Haec
690 1822 802 1849 ostende
826 1823 1005 1850 confessoribl

1123 1817 1321 1852 εοπτήσσοντεςο
1340 1816 1408 1852 μηδὲ
1423 1817 1588 1852 φοϐούμενοι
1603 1817 1667 1843 ἄλλο
1683 1826 1708 1843 τι
1726 1818 1780 1852 πρὸ
1795 1818 1882 1844 Θεοῦ·

246 1863 330 1891 sociis
346 1864 418 1891 tuis:
435 1869 540 1899 quoset.
551 1873 584 1892 ex
602 1866 680 1893 nobis
697 1867 802 1901 saluta;
815 1867 912 1896 deinde
924 1873 951 1896 et
964 1876 1005 1897 am

1137 1864 1219 1896 αὐτὸς
1234 1864 1299 1896 Θεὸς
1315 1865 1457 1899 ἐγγυᾶται.
1474 1864 1568 1891 Ταῦτα
1589 1864 1729 1897 ὑπόδειξον
1741 1866 1799 1896 τοῖς
1817 1874 1883 1891 συν-

246 1915 295 1935 COS
308 1912 334 1935 et
350 1909 408 1943 pios
428 1910 476 1944 qui
489 1910 536 1937 tibi
558 1911 663 1945 probati
681 1913 794 1940 fuerint.
815 1912 925 1941 Utinam
958 1915 1004 1951 dig

1125 1912 1268 1947 ολογηταῖς
1281 1919 1339 1938 σουο
1352 1910 1399 1943 οὒς
1414 1911 1461 1938 καὶ
1472 1911 1537 1946 παρ’
1550 1910 1630 1946 ἡμῶν
1644 1911 1882 1946 προσαγόρευσον·

246 1962 370 1982 essemus
389 1956 490 1990 quibus
508 1964 599 1983 coram
626 1957 754 1993 congredi
781 1958 886 1987 liceret.
906 1959 985 1993 Quod

1124 1957 1149 1983 εὶ
1166 1958 1213 1983 καὶ
1228 1956 1321 1991 φίλους
1333 1956 1382 1983 καὶ
1395 1955 1517 1986 εὐσεϐεῖς
1532 1954 1578 1986 οὓς
1590 1953 1758 1989 δοκιμάζηις.
1783 1954 1883 1986 ’Δξιω-

247 2009 301 2030 non
317 2007 357 2029 est
374 2002 421 2030 Dei
438 2003 576 2035 voluntas,
591 2008 677 2036 utere,
696 2004 782 2032 frater
798 2005 846 2038 mi,
869 2007 986 2042 epistola
1004 2016 1006 2030 ι

1123 2003 1202 2038 ίημεν
1220 2003 1268 2029 καὶ
1283 2002 1329 2028 ἐπὶ
1343 2002 1394 2037 τῆς
1406 2002 1467 2029 κατ’
1482 2001 1638 2036 ὀφθαλμοὺς
1655 2000 1766 2035 ὀμ.λίας
1781 2000 1882 2027 ἐλθεῖν.

248 2050 312 2077 hinc
329 2051 420 2078 videas
437 2056 464 2079 et
493 2052 623 2080 videaris.
647 2052 744 2081 Frater
760 2058 824 2082 tuus
838 2053 970 2084 Nieolaus
983 2056 1007 2084 in

1135 2049 1163 2076 δὲ
1179 2049 1210 2076 οὺ
1223 2048 1334 2084 θελητὸν
1347 2047 1419 2081 Θεῷ,
1436 2047 1505 2083 χρῶ,
1527 2046 1625 2078 ἀδελφέ
1648 2055 1709 2082 μου,
1725 2046 1767 2079 τῷ
1786 2046 1882 2081 τράμ-

247 2105 330 2133 pense
352 2099 462 2126 salutat.

1125 2104 1165 2122 ,τι-
1183 2094 1294 2130 Θεωρῶν
1306 2094 1431 2122 ἐντεῦθεν
1445 2094 1493 2121 καὶ
1504 2093 1704 2129 Θεωρούμενος.
1729 2094 1756 2120 ’0
1764 2093 1884 2127 ἀδελφός

1088 2150 1136 2169 σου
1148 2142 1282 2174 Νικόλαος
1299 2141 1409 2178 θερμῶς
1420 2141 1630 2177 προσαγορεύει.

336 2195 452 2225 LXXIV.
467 2212 501 2217 —-—
515 2197 640 2226 Hic/meti
655 2199 807 2234 imperatori
821 2199 946 2235 principi.

1123 2201 1183 2228 ΟΔ’.
1200 2215 1235 2221 --
1248 2200 1371 2236 Μιχαὴλ
1385 2199 1581 2235 αὐτοκράτορι
1600 2199 1738 2232 βασιλεῖ.
1777 2197 1882 2235 [υἰ-ῥΠ]

405 2255 500 2280 Novum
515 2257 690 2287 imperatorem
704 2260 800 2290 magnis
813 2259 946 2291 praeconiis
962 2260 1072 2291 extollit,
1084 2261 1249 2285 orthodoxum
1263 2264 1341 2286 ratus.
1355 2261 1454 2293 (Barou.
1469 2267 1508 2285 an.
1521 2260 1577 2290 82l,
1588 2267 1615 2284 ιι.
1629 2259 1682 2290 2i.)

282 2307 404 2343 Equum
428 2312 471 2335 est
484 2315 566 2342 quam
588 2310 708 2338 maxime
735 2311 788 2338 hoc
803 2316 926 2347 tempore
942 2320 975 2340 ex
989 2319 1036 2340 ore

1124 2313 1231 2339 Δίκαιόν
1248 2313 1324 2339 ἐστιν
1348 2313 1390 2339 ὅτι
1412 2312 1529 2347 μάλιστα
1551 2313 1580 2338 ὲν
1597 2312 1636 2347 τῷ
1656 2313 1772 2348 παρόντι
1790 2314 1883 2349 καιρῷ

246 2357 379 2387 ninnium.
406 2355 453 2391 qui
485 2357 704 2390 persecutionem
732 2356 804 2392 passi
833 2362 916 2390 sunt,
942 2365 1005 2392 para

1140 2359 1274 2393 στόματος
1290 2359 1417 2385 ἀπάντων
1434 2359 1488 2385 τῶν
1506 2358 1694 2393 δεδιωγμένων
1713 2359 1882 2393 καταρτίζε-

247 2401 366 2433 laudem,
400 2402 518 2436 primum
549 2402 658 2436 quidem
694 2402 804 2430 Christo
842 2403 1004 2431 universoru

1123 2414 1152 2432 αι
1169 2404 1253 2436 αἶνον,
1271 2405 1488 2441 προηγουμένως
1509 2405 1558 2440 μὲν
1575 2404 1687 2440 Χριστῷ
1707 2404 1747 2439 τῷ
1768 2405 1879 2439 παμῆα.

246 2449 304 2483 regi
320 2457 327 2476 :
351 2448 448 2475 deinde
463 2452 565 2480 vestro,
589 2448 721 2476 divinitus
739 2450 888 2477 constituto
908 2451 1004 2485 imperi

1122 2453 1173 2484 λεῐ,
1190 2451 1286 2478 ἔπειτα
1299 2451 1338 2485 τῷ
1355 2451 1482 2486 ὑμετέρῳ
1499 2450 1693 2486 θεοπροῦλήτῳ
1709 2450 1808 2485 κράτει
1819 2471 1828 2483 ,
1845 2451 1881 2477 δι’

246 2502 295 2530 per
313 2495 384 2530 quod
403 2495 491 2530 adepti
506 2503 602 2522 sumus
615 2495 809 2523 relaxationem
825 2497 920 2529 vincti,
936 2498 1002 2524 dimi

1132 2497 1288 2532 ἐσχήκαμεν
1304 2497 1354 2531 τὴν
1373 2496 1562 2531 ἀπολύτρωσιν
1578 2496 1604 2521 οἱ
1618 2495 1816 2530 πεπεδημένοι,
1831 2496 1881 2530 τὴν

246 2542 351 2569 sionem
364 2542 508 2573 carcer-ali,
531 2542 748 2569 consolationem
768 2542 870 2575 afflicti,
888 2543 1005 2571 sanitate

1120 2551 1184 2569 ιεσιν
1198 2543 1222 2569 οὶ
1244 2542 1479 2577 πεφυλαχισμένοι
1492 2562 1500 2574 ,
1517 2542 1567 2576 τὴν
1587 2541 1763 2576 παράκλησιν
1785 2543 1809 2568 οἱ
1833 2550 1879 2567 τε-

245 2589 394 2621 vnlnerati,
409 2589 562 2616 libertatem
578 2588 766 2621 condemnati,
780 2590 898 2617 reditum
912 2591 1004 2618 exsule

1122 2589 1269 2624 υχωμένοι,
1287 2590 1337 2624 τὴν
1353 2589 1459 2623 ὑγίειαν
1477 2588 1502 2614 οι
1526 2587 1808 2623 τετραυματισμένοι,
1829 2588 1880 2623 τὴν

246 2636 279 2663 Et
289 2636 398 2671 quidem
411 2641 482 2663 recte
490 2636 584 2663 videor
593 2636 748 2663 existimare
757 2635 937 2664 imitationem
952 2637 1005 2664 Chr

1121 2635 1247 2670 ιρρησίαν
1274 2635 1298 2661 oi
1321 2633 1644 2670 κατακεκριμένοιμίεθ.
1673 2634 1732 2661 cod.
1759 2642 1880 2661 κατακε-

246 2684 282 2712 sti
306 2683 449 2718 imperium
478 2688 598 2710 vestrum
626 2682 770 2710 futurum:
790 2687 820 2710 ut
839 2683 929 2710 simile
949 2683 1005 2711 sim‘

1118 2681 1270 2718 mppévoz],
1299 2682 1348 2717 τὴν
1374 2681 1548 2717 ὑποστροφὴν
1572 2682 1597 2707 οἱ
1627 2680 1877 2716 πεφυγαδευμένοι.

245 2729 373 2763 reddens,
389 2728 462 2756 dicat
476 2737 548 2756 nunc
569 2734 597 2757 et
616 2729 717 2765 ipsum,
730 2737 792 2756 cum
804 2728 915 2757 Christo
930 2734 957 2757 et
971 2737 1004 2764 po

1119 2728 1142 2754 ιὶ
1161 2736 1190 2762 γε
1205 2727 1307 2764 νομίζω
1321 2727 1410 2760 καλῶς
1423 2727 1639 2762 ὑπολαμωινειν,
1649 2726 1687 2757 ὠς
1700 2725 1878 2752 ὑποτύπωσιν

244 2776 397 2808 Christum,
418 2776 457 2802 his
482 2777 528 2810 qui
542 2775 691 2802 vinctisunt
707 2782 716 2802 :
736 2774 831 2806 Exite;
846 2780 873 2802 et
887 2774 927 2801 his
941 2775 986 2809 qui

1119 2775 1206 2801 οιστοῦ
1221 2775 1252 2800 τὸ
1264 2775 1314 2810 τῆς
1329 2774 1464 2810 ὑμετέρας
1478 2772 1617 2809 βασιλείας
1633 2772 1720 2804 πάθος
1733 2773 1878 2807 προῦπάρ-

245 2821 358 2849 tenebris
375 2829 384 2848 :
403 2821 615 2853 Reuelamini".
636 2826 663 2849 et
682 2830 688 2848 :
719 2820 876 2848 Benedictus
903 2821 1004 2848 Domim

1122 2829 1139 2848 '.'
1154 2821 1194 2859 ti);
1210 2821 1243 2849 ἂν
1259 2821 1297 2857 τῷ
1312 2821 1397 2857 ὁμοίῳ
1411 2821 1441 2848 τὸ
1454 2821 1550 2856 ὅμοιον
1570 2819 1711 2859 δράσασα,
1735 2819 1809 2845 εἴποι
1830 2817 1878 2844 νῦν

283 2916 409 2945 "Matth.
422 2926 476 2949 ut,
494 2918 536 2945 ιι.
567 2918 588 2933 ¹²
601 2917 696 2945 Matth.
708 2925 775 2951 nn,
792 2917 837 2944 ‘21.
871 2917 890 2932 ”
907 2915 957 2944 lsa.
970 2923 1042 2948 xm,
1057 2915 1083 2942 9.
