1923 3078
82 194 156 229 1339

676 197 943 228 EPISTOLARUM
970 199 1043 229 LIB.
1065 199 1107 230 ΙΙ.

1639 195 1709 229 1310

80 257 130 282 καὶ
153 254 222 289 αὐτὴ
248 255 297 281 σὺν
312 254 423 290 Χριστῷ
445 255 490 281 καὶ
513 257 583 289 μετά
599 255 730 290 Χριστοῦ,
746 255 809 288 τοῖς
833 255 868 282 ἐν

921 254 989 282 Deus
1002 256 1101 288 Israel,
1132 257 1256 292 quoniam
1271 256 1354 283 erexit
1365 263 1447 282 cornu
1468 254 1564 282 salutis
1588 253 1709 287 nobis",

79 301 218 335 ὃεσμόῑς,
236 300 398 332 Ἓξέλϐετε·
415 300 464 326 καὶ
476 300 538 334 τοῖς
557 301 592 327 ἐν
604 300 644 334 τῷ
656 302 758 329 σκότει
768 301 868 333 ,Ἀνα-

80 350 285 375 καλύπτεσθε.
305 347 369 379 Καὶ,
387 348 560 382 Εὐλογητὸς
574 349 679 383 Κύριος
697 351 713 376 ὀ
728 349 800 383 Θεὸς
813 349 868 376 τοῦ

87 392 225 427 Ἰσραὴλ,
247 393 291 420 ὅτι
317 393 417 427 ἤγειρε
437 394 526 427 κέρας
546 395 695 428 σωτηρίας
714 395 795 430 ἡμῖν,
822 395 868 422 τὸν

80 440 144 466 νέον
158 439 248 471 Δαυῒδ,
266 440 312 466 τὸν
327 439 452 474 δεύτερον
477 440 593 472 Ἰωσίαν,
607 441 654 467 τὸν
675 443 726 476 τῆς
741 442 869 477 είρηναρ-

81 484 148 519 χίας
163 483 284 518 βασιλέα·
307 484 336 516 ὃς
357 485 443 511 ποιῶν
458 486 567 521 ποιήσει
580 486 614 514 τὰ
631 486 734 522 ἀρεστὰ
748 486 808 521 Θεῷ
818 494 825 501 ·
840 486 870 517 ὃς

80 532 118 557 τὰ
144 530 306 557 ππτωκότα
332 531 494 566 ἀναστήσειε
508 540 516 547 ·
535 533 569 558 τὰ
592 532 777 568 διατμηθέντα
806 541 870 559 συνο

82 577 176 610 ἀψειε·
197 577 313 612 μοτώσει
329 578 376 604 καὶ
391 578 498 612 ὑγιάσει
512 587 520 594 ·
538 580 584 606 καὶ
607 581 640 615 τῇ
660 579 738 615 τρίτῃ
763 579 869 615 ἡμέρᾳ,

81 623 262 658 προφητικῶς
280 625 377 653 εἰπεῖν,
393 625 578 659 ἀναστήσειεν.
603 625 712 660 Ἐπειδὴ
726 626 771 654 δὲ,
792 625 870 660 βασι-

80 669 131 695 λεῦ
146 669 363 704 Χριστομίμητε,
379 671 404 696 οἱ
429 669 580 704 φθάσαντες
594 671 622 696 ὲν
640 672 673 705 τῇ
694 671 801 705 αἱρέσει
824 679 869 697 τε-

81 716 212 750 λευτῆσαι
223 717 251 741 ὲν
267 716 355 750 μερίδι
369 715 508 747 ἀπωλείας
527 715 639 751 ᾣχοντο,
656 716 772 751 Χριστὸν
785 717 872 751 ἠρνη-

83 762 162 796 μένοι
179 763 210 796 τῇ
228 761 279 796 τῆς
297 761 402 793 εἰκόνος
425 761 508 788 αὑτοῦ
524 762 654 797 ἀρνήσει,
668 761 721 788 κᾶν
737 762 870 796 Χριστια-

80 808 125 834 νοὶ
147 807 342 842 ὀνομάζωνται.
367 808 404 834 Th
417 808 471 843 γάρ
486 816 526 834 τοι
542 808 679 834 πιστεύειν
696 809 737 840 είς
754 809 871 844 Χριστὸν

81 854 160 880 οὶδὲν
175 853 268 888 ἕτερόν
282 854 368 886 ἐστιν,
389 853 405 888 ἢ
431 854 472 880 ὅτι
487 854 501 880 ὁ
519 853 582 886 Υἱὸς
600 854 647 880 τοῦ
661 853 730 880 Θεοῦ
751 855 799 881 καὶ
819 855 873 881 Πα-

81 900 157 936 τρὸς.
173 899 314 935 ἄνθρωπος
327 899 446 933 γεγονὼς
461 899 563 931 τέλειος
575 919 583 931 ,
598 899 791 931 ὲξεικονίζεται
806 900 868 927 καθ’

81 934 328 979 ὁμοίωσιννὴμῶν·
350 944 392 970 ἵνα
414 944 450 980 μὴ
477 944 542 971 ἄλλο
566 954 592 971 τι
619 945 661 978 εῐη
686 945 752 980 παρ’
775 946 866 980 ἡμᾶς’
884 934 905 962 Β

83 991 175 1026 μένων
201 992 215 1017 ὁ
243 991 324 1022 αὐτὸς
348 990 555 1025 ἀπερίγραπτος
584 991 633 1017 σὺν
659 991 747 1027 Πατρί
769 1000 798 1018 τε
820 991 868 1018 καὶ

81 1037 235 1072 Πνεῦματι,
249 1036 317 1062 καοό
329 1037 386 1062 ἐστι
400 1036 465 1067 Θεὸς
476 1036 612 1072 ἀληθινός.
625 1036 717 1067 Οὕτως
729 1034 775 1064 οὖν
785 1038 869 1064 νοοῖτο

84 1084 199 1118 μεσίτης
213 1083 280 1109 Θεοῦ
300 1083 347 1109 καὶ
373 1081 534 1117 ἀνθρώπων·
550 1082 588 1114 ὡς
603 1083 766 1118 ἀμφοτέρων
782 1083 869 1117 ἀμφός

81 1138 150 1163 τερα
171 1129 251 1162 ἔχων,
273 1129 320 1155 καὶ
334 1129 363 1155 ὲν
387 1128 508 1163 ἑκατέρῳ
522 1129 577 1155 οὐδ’
591 1129 681 1155 ὁτιοῦν
698 1128 867 1164 λειπόμενος·

81 1175 176 1206 καθὼς
193 1175 265 1206 ἄπας
280 1175 294 1201 ό
306 1175 362 1201 τῶν
377 1175 515 1210 θεοφόρων
528 1175 610 1210 χορὸς
628 1175 687 1211 βοᾷ.
703 1176 758 1203 Καὶ
775 1175 868 1211 ὥσπερ

82 1223 131 1248 ἐπὶ
145 1221 193 1248 τοῦ
209 1221 342 1256 ὑμετέρου
356 1222 474 1257 κράτους
484 1222 501 1257 ἡ
517 1222 657 1257 παραδοχὴ
672 1224 721 1257 τῆς
733 1224 870 1257 τυπουμέ-

81 1277 133 1303 νης
157 1268 270 1299 εἰκόνος,
295 1268 424 1302 ὁμολογία
449 1269 508 1294 ἐστὶ
529 1269 577 1295 τοῦ
603 1269 755 1303 βασιλεύειν
779 1270 868 1304 ὑμᾶς,

82 1314 210 1348 καθάπερ
224 1313 272 1339 καὶ
291 1313 321 1339 τὺ
334 1313 461 1348 ἓμπαλιν’
481 1313 553 1340 οὕτω
565 1314 613 1340 καὶ
628 1315 674 1340 ἐπὶ
692 1314 810 1350 Χριστοῦ
822 1315 869 1342 τοῦ

83 1359 216 1394 βασιλέως
234 1359 324 1394 πάσης
339 1359 390 1394 τῆς
408 1359 477 1394 γῆς,
496 1359 526 1385 τὺ
541 1359 606 1386 αὐτὸ
627 1359 685 1386 ἐστι
705 1361 806 1394 λαϐεῖν,
822 1362 869 1388 καὶ

82 1404 175 1438 πολλῷ
190 1405 297 1439 μᾶλλον,
310 1405 352 1431 ὅτι
375 1404 429 1439 τῆς
439 1405 601 1438 βασιλείας
611 1405 704 1433 αὑτοῦ
715 1407 771 1433 οὐκ
784 1407 869 1434 ἔσται

82 1449 182 1483 τέλος.
199 1451 229 1476 Εἰ
243 1448 290 1476 οὖν
306 1450 335 1476 ἐν
358 1451 391 1485 τῇ
406 1450 519 1485 ἀρνήσει
540 1451 590 1486 τῆς
611 1451 714 1482 εἰκόνος
739 1452 868 1488 Χριστοῦ,

83 1495 167 1523 αὑτὸν
180 1495 314 1530 ὴρνῆσθαι
327 1496 444 1530 Χριστὸν
456 1496 643 1524 ἀποδέδεικται
656 1498 731 1534 πάσῃ
744 1499 868 1535 ἀληθείᾳ·

82 1540 206 1575 δηλονότι
230 1542 276 1567 καὶ
296 1541 325 1567 ὲν
348 1542 380 1576 τῇ
412 1541 540 1576 ἀθετήσει
566 1543 616 1576 τῆς
657 1545 869 1580 προσκυνήσεως

82 1586 181 1620 αὐτῆς,
196 1586 276 1618 αὐτὸς
291 1586 408 1621 Χριστὸς
425 1586 555 1621 ἡθέτηται
573 1589 794 1623 προσκυνεῖσθαι.
816 1591 871 1617 Καὶ

82 1632 127 1659 διὰ
142 1631 221 1659 τοῦτο
237 1633 253 1667 ή
269 1633 314 1659 ὑπ’
333 1632 447 1667 οὐρανὸν
463 1633 511 1660 ἀπ’
527 1634 610 1660 αὐτοῦ
626 1635 673 1661 τοῦ
689 1636 867 1664 ἀποστολικοῦ

83 1678 272 1712 κηρύγματος·
286 1678 324 1710 ὡς
340 1680 473 1714 μαρτυρεῖ
493 1680 540 1705 καὶ
559 1681 575 1714 ἡ
590 1679 651 1714 ὄψις
673 1681 706 1707 δι’
728 1682 848 1717 ἱστορίας
859 1703 867 1715 ,

84 1725 134 1751 καὶ
156 1724 172 1758 ἡ
191 1724 259 1757 ἀκοὴ
275 1723 318 1750 διὰ
334 1724 528 1758 λογογραφίας·
543 1725 592 1760 τὴν
606 1726 686 1760 ἁγίαν
701 1727 792 1755 εἰκόνα
806 1729 870 1761 Χρις

85 1768 162 1799 στοῦ,
178 1769 228 1802 τῆς
242 1768 390 1800 Θεοτόκου,
410 1769 465 1796 τῶν
482 1770 616 1803 ἀγγέλων-
634 1771 726 1808 ἐπειδὴ
744 1781 869 1808 σωματο-

84 1814 255 1850 γραφοῦνται
272 1814 319 1840 καὶ
347 1811 420 1841 οὗτοι
446 1814 658 1849 θεοκελεύστω;,
676 1817 777 1853 καίπερ
793 1818 869 1851 ὄντες

84 1860 237 1894 ἀσώματοι.
251 1860 306 1886 τῶν
320 1861 390 1887 κατὰ
405 1860 500 1896 καιρὸν
518 1861 613 1895 ἁγίων,
633 1862 662 1888 ἐν
674 1871 704 1889 τε
716 1865 773 1896 τοῖς
787 1858 869 1897 θείοις

84 1906 173 1937 ναοῖς,
190 1905 236 1932 καὶ
254 1906 337 1940 ίεροῐς
351 1905 461 1932 σκεύεσι
478 1907 597 1940 φέρουσά
612 1908 670 1934 ἐστι
687 1910 734 1935 καὶ
751 1919 871 1944 προσκυ-

84 1951 181 1977 νοῦσα.
202 1951 260 1977 Κᾶν
285 1950 348 1985 ἄρτι
366 1952 383 1984 ἡ
406 1951 467 1978 καθ’
489 1952 563 1987 ἡμᾶς
590 1953 738 1988 Ἐκκλησία
759 1955 871 1991 διαρρα-

84 1998 167 2030 γεῖσα
177 1997 231 2022 τῶν
246 1998 388 2032 τεσσάρων
397 1998 586 2033 πατριαρχῶν,
600 1999 721 2034 ἠνόμησε
732 2000 869 2036 διακενῆς.

90 2043 173 2073 Ἀλλὰ
202 2043 259 2070 νῦν
279 2043 381 2077 καιρὸς
401 2044 640 2078 εὐπρόσδεκτος,
655 2045 774 2073 δέσποτα
795 2047 871 2081 φιλο-

83 2088 261 2124 χριστὸτατε·
282 2090 342 2116 νῦν
363 2089 458 2124 ἡμέρα
480 2090 647 2124 σωτηρίας,
670 2091 873 2128 καταλλαγῆναι

83 2135 160 2170 ἡμᾶς
176 2134 302 2170 Χριστῷ,
320 2136 351 2170 τῇ
373 2135 499 2170 μεσιτείᾳ
521 2137 569 2162 καὶ
588 2136 699 2172 εὐδοκία
714 2137 762 2172 τῆς
779 2139 872 2173 είρην-

84 2180 170 2214 ἀρχου
196 2188 243 2206 σου
270 2179 427 2214 βασιλείας·
452 2180 587 2214 ἑνωθῆναι
610 2182 686 2216 ἡμᾶς
710 2183 742 2218 τῇ
761 2186 869 2220 κορυφῇ

83 2224 141 2250 τῶν
161 2224 329 2259 Ἐκκλησιῶν
341 2224 386 2250 τοῦ
398 2224 466 2250 Θεοῦ
486 2224 591 2260 Ῥώμῃ·
609 2226 656 2252 καὶ
669 2226 704 2252 δι’
717 2227 802 2262 αὐτῆς
816 2229 873 2258 τοῖς

918 311 1017 330 novum
1027 303 1119 334 David,
1128 303 1240 330 alterum
1246 302 1358 333 Josiam,
1368 301 1473 336 pacillci
1483 300 1589 335 imperii
1601 307 1707 334 regem:

918 349 965 385 qui
988 350 1089 377 faciens
1103 350 1184 376 faciet
1197 356 1256 384 quae
1269 348 1367 383 placita
1392 352 1455 375 sunt
1468 346 1522 374 Deo
1537 355 1544 374 :
1561 346 1608 380 qui
1633 346 1709 380 lapsa

919 395 1055 426 restituet.
1074 395 1192 422 dissecta
1211 394 1369 428 conjunget,
1392 393 1527 428 percutiet
1541 395 1568 418 et
1585 391 1707 422 sanabit,

919 446 946 468 et
963 441 1041 468 tertia
1057 441 1110 473 die,
1127 446 1157 468 ut
1177 440 1334 476 prophetice
1360 440 1456 474 loquar
1470 439 1503 471 ¹⁶,
1520 438 1706 465 resuscitabit.

920 488 1055 521 Quoniam
1072 493 1175 518 autem.
1191 487 1294 514 Christi
1311 486 1408 512 armule
1421 486 1579 519 imperator,
1596 491 1666 518 quos
1680 483 1708 510 in

921 533 1016 561 haeresi
1046 540 1120 560 mors
1142 533 1294 568 occupavit,
1323 533 1340 559 ii
1365 533 1393 559 in
1420 531 1581 566 perditionis
1605 535 1709 565 partem

921 580 1058 611 abierunt,
1078 579 1217 606 Christum
1248 582 1377 612 negantes
1396 577 1460 605 dum
1481 577 1541 611 ejus
1562 577 1710 611 imaginem

921 630 1071 661 negarunt,
1094 625 1219 660 quamvis
1232 624 1381 651 Christiani
1408 623 1620 658 appellarentur.
1647 622 1711 649 Cre-

921 671 986 699 dere
998 671 1070 698 enim
1090 671 1117 698 in
1133 671 1271 698 Christum
1294 670 1362 697 nihil
1378 669 1452 697 aliud
1466 675 1520 700 est,
1537 677 1618 704 quam
1635 669 1709 704 quod

921 717 1007 745 Filius
1027 717 1073 745 Dei
1093 722 1120 745 et
1133 717 1234 750 Patris,
1254 716 1391 752 perfectus
1421 717 1503 743 homo
1520 715 1619 747 factus,
1641 716 1710 742 ima-

922 763 984 798 gine
994 763 1157 797 exprimitur
1169 762 1320 790 secundum
1341 762 1549 790 similitudinem
1563 767 1685 789 nostram
1701 769 1708 788 :

922 813 953 836 ut
967 816 1020 836 non
1034 809 1071 836 sit
1085 808 1158 835 aliud
1183 808 1322 843 quidpiam
1350 815 1432 842 quam
1448 815 1543 834 sumus
1563 815 1612 834 nos
1628 816 1634 834 :
1655 814 1710 834 ma-

922 863 991 882 nens
1003 855 1074 882 idem
1099 854 1351 888 incircumscriptus
1363 862 1427 881 cum
1447 853 1526 880 Patre
1542 857 1570 881 et
1593 853 1708 887 Spiritu,

923 906 1058 937 quatenus
1078 905 1120 928 est
1149 908 1230 928 verus
1252 901 1331 928 Deus.
1357 900 1402 927 Sic
1422 901 1514 935 itaque
1538 901 1707 935 intelligatur

922 946 1054 973 mediator
1067 945 1112 973 Dei
1124 949 1152 973 et
1170 945 1321 977 hominum,
1338 950 1466 980 tanquam
1481 945 1623 979 utriusque
1637 950 1711 972 utra-

921 999 974 1027 que
999 991 1110 1023 habens,
1129 996 1156 1019 ct
1181 992 1208 1018 in
1221 992 1324 1019 utrovis
1346 992 1419 1018 nulla
1442 997 1519 1025 parte
1533 991 1680 1018 destitutus
1700 1001 1707 1019 :

921 1037 994 1064 sicut
1010 1037 1098 1064 omnis
1111 1041 1267 1064 sanctorum
1285 1036 1394 1063 Patrum
1412 1036 1513 1063 chorus
1530 1035 1708 1064 vociferatur.

921 1083 955 1110 Et
980 1082 1051 1110 sicut
1079 1083 1106 1109 in
1135 1083 1249 1116 imperio
1272 1088 1390 1114 -vestro,
1417 1089 1554 1116 expressae
1581 1081 1706 1116 imaginis

922 1128 1069 1162 susceptio,
1086 1127 1224 1155 confessio
1240 1132 1282 1155 est
1296 1128 1400 1162 imperii
1415 1127 1497 1155 vestri
1513 1135 1520 1158 ;
1538 1132 1565 1155 et
1583 1133 1678 1154 contra
1699 1133 1708 1153 :

922 1175 958 1201 ita
973 1179 1000 1202 et
1015 1174 1043 1200 in
1058 1173 1167 1201 Christo
1184 1181 1246 1208 rege
1260 1174 1395 1201 universae
1418 1177 1498 1200 terra:
1516 1173 1585 1199 idem
1601 1180 1709 1200 sumere

922 1219 995 1252 licet,
1003 1227 1035 1247 ac
1049 1220 1135 1247 multo
1145 1219 1240 1254 magis,
1251 1219 1315 1254 quia
1331 1219 1405 1254 regni
1414 1219 1471 1253 ejus
1483 1227 1534 1245 non
1549 1219 1598 1246 erit
1609 1219 1707 1253 ﬁnis”.

923 1265 951 1294 Si
965 1273 1031 1300 ergo
1045 1265 1070 1292 iu
1087 1265 1231 1300 negatione
1245 1264 1373 1299 imaginis
1389 1264 1501 1296 Christi,
1515 1265 1606 1299 negari
1624 1264 1705 1290 Chri-

922 1315 994 1338 stum
1012 1311 1112 1346 ipsum,
1128 1311 1202 1338 omni
1220 1311 1334 1347 veritate
1350 1310 1565 1338 demonstratum
1579 1314 1635 1342 est;
1650 1317 1711 1344 per—

922 1359 1046 1393 spicuum
1071 1363 1113 1386 est
1126 1358 1197 1386 etin
1212 1357 1381 1385 adorationis
1409 1357 1468 1392 ejus
1495 1357 1708 1392 improbationc,
1748 1361 1752 1368 '

923 1403 1025 1431 Christi
1045 1410 1154 1438 quoque
1169 1402 1256 1436 ipsius
1267 1402 1455 1429 aderationem
1469 1401 1606 1437 abrogari.
1621 1403 1710 1436 Atque

923 1449 984 1476 ideo
997 1449 1125 1475 universa
1141 1455 1202 1482 qua!
1213 1448 1264 1475 sub
1277 1448 1348 1474 caelo
1362 1451 1413 1480 est,
1432 1448 1466 1474 ab
1480 1448 1537 1482 ipsa
1554 1447 1705 1481 apostolica

923 1494 1124 1529 praedicatione,
1143 1499 1172 1522 ut
1189 1497 1303 1521 testatur
1315 1498 1342 1521 et
1356 1498 1484 1528 aspectus
1501 1501 1548 1528 per
1560 1493 1706 1528 picturam,

923 1545 950 1567 et
968 1541 1077 1567 auditus
1096 1547 1145 1574 per
1169 1539 1268 1574 scripta
1287 1544 1475 1571 monumenta.
1496 1543 1618 1566 sanctam
1639 1539 1708 1566 ima-

923 1586 1012 1621 ginem
1044 1585 1155 1618 Christi,
1185 1585 1316 1620 Deiparze,
1344 1585 1504 1620 angelorum
1521 1584 1707 1620 (quandoqui-

922 1632 983 1660 dem
998 1637 1026 1659 et
1041 1633 1084 1659 isti
1104 1640 1166 1659 cum
1189 1639 1306 1666 corpore
1332 1631 1481 1666 pinguntur
1508 1631 1602 1657 divino
1630 1638 1709 1657 man-

921 1679 996 1710 dato,
1024 1678 1086 1705 licet
1106 1677 1161 1705 sint
1183 1678 1360 1711 incorporei),
1380 1681 1407 1704 et
1429 1681 1588 1704 sanctorum
1605 1676 1651 1711 qui
1666 1676 1710 1703 di-

920 1724 1007 1752 versis
1030 1724 1198 1759 temporibus
1226 1723 1346 1755 fuerunt,
1371 1722 1398 1749 in
1425 1722 1526 1749 divinis
1540 1721 1649 1756 templis
1665 1727 1709 1747 sa-

921 1771 1030 1805 crisque
1052 1770 1124 1796 vasis
1145 1769 1215 1804 gerit
1238 1774 1264 1796 et
1278 1769 1385 1796 adorat.
1409 1768 1542 1801 Quamvis
1556 1774 1642 1802 nuper
1655 1767 1710 1793 Ec-

921 1816 1002 1844 clesia
1035 1820 1126 1843 nostra
1155 1823 1170 1842 a
1197 1820 1314 1849 quatuor
1337 1813 1500 1849 patriarchis
1522 1813 1638 1845 divulsa,
1661 1819 1711 1840 ne—

922 1854 1072 1898 quidquani
1096 1862 1272 1897 praevaricata
1289 1865 1340 1888 est.
1359 1860 1412 1888 Sed
1429 1868 1498 1886 nunc
1517 1863 1616 1894 tempus
1634 1867 1710 1885 acce-

922 1908 1029 1942 ptabile,
1063 1908 1177 1935 Domine
1203 1907 1306 1934 Christi
1334 1906 1533 1938 amantissime,
1559 1913 1626 1932 nunc
1652 1905 1710 1931 dies

923 1954 1018 1981 salutis
1030 1954 1052 1970 ¹⁸
1070 1964 1076 1981 :
1096 1959 1126 1981 ut
1152 1954 1360 1981 reconciliemur
1376 1961 1425 1980 nos
1443 1952 1564 1985 Christo,
1594 1951 1708 1986 auspice

923 2004 951 2027 et
967 2000 1142 2028 conciliatore
1165 2006 1259 2035 pacato
1275 1999 1390 2034 imperio
1406 2003 1453 2025 tuo
1470 2007 1477 2025 :
1507 2002 1538 2027 ut
1578 1998 1711 2024 uniamnr

924 2054 976 2073 nos
1000 2046 1095 2073 vertici
1114 2045 1296 2072 Ecclesiarum
1326 2045 1372 2072 Dei
1399 2044 1503 2075 Romae,
1524 2048 1551 2071 et
1577 2050 1624 2077 per
1647 2048 1708 2068 eam

923 2092 1010 2119 tribus
1041 2090 1204 2126 patriarchis
1217 2099 1223 2117 :
1243 2095 1273 2117 ut
1290 2090 1457 2117 unanimiter
1472 2097 1527 2116 uno
1542 2096 1590 2116 ore
1605 2087 1710 2122 glorili-

923 2145 1017 2165 cemus
1033 2136 1117 2165 Deum
1135 2141 1162 2165 et
1184 2136 1292 2164 Patrem
1316 2136 1423 2164 Domini
1439 2136 1524 2163 nostri
1548 2134 1612 2162 Jesu
1630 2133 1711 2161 Chri-

922 2183 968 2214 sti,
997 2190 1060 2211 cum
1088 2181 1160 2210 Filio
1176 2188 1203 2210 et
1225 2182 1328 2217 Spiritu
1359 2185 1464 2212 sancto,
1488 2181 1656 2208 Celebrantcs
1682 2182 1712 2206 et

922 2234 1043 2257 vestrum
1060 2229 1214 2264 piissimum
1230 2234 1257 2256 et
1275 2229 1353 2256 valde
1377 2228 1497 2262 optabile
1517 2227 1674 2261 imperium.

83 2271 159 2306 τρισὶ
174 2271 377 2306 πατριάρχαις·
394 2271 436 2297 ἵνα
458 2271 631 2306 ὁμοθυμαδὸν
653 2273 682 2298 ὲν
701 2274 752 2302 ἐνὶ.
771 2275 886 2309 στόματι
903 2275 1060 2312 δοξάζωμεν
1076 2277 1123 2303 τὸν
1138 2275 1206 2303 Θεὸν
1228 2276 1276 2302 καὶ
1303 2275 1412 2310 Πατέρα
1436 2274 1484 2301 τοῦ
1506 2273 1608 2309 Κυρίου
1630 2272 1711 2308 ἡμῶν

91 2317 181 2352 Ἰησοῦ
205 2317 340 2352 Χριστοῦ,
362 2317 412 2343 σὺν
449 2316 489 2352 τῷ
505 2317 562 2352 Υίῷ
578 2318 625 2345 καὶ
649 2319 789 2351 Πνεύματι
826 2321 906 2357 ἀγιῳ·
925 2323 1123 2358 μεγαλύνοντες
1141 2322 1190 2349 καὶ
1207 2321 1257 2357 τὴν
1278 2322 1415 2357 ὑμετέραν
1437 2319 1638 2354 εὐσεϐεστάτην
1663 2319 1710 2346 καὶ

84 2366 251 2393 πολύευκτον
265 2365 416 2400 βασιλείαν.

189 2433 250 2459 οΕ¹.
261 2446 296 2452 -
306 2431 446 2466 Στεφάνῳ
466 2431 656 2466 Ἀσηκρῆτις.
671 2431 764 2470 [uid-9.]

1084 2432 1189 2461 LXXV.
1202 2447 1237 2453 —
1254 2431 1386 2467 Stephano
1399 2440 1415 2458 a
1430 2431 1540 2459 Socratis

81 2490 121 2516 De
139 2489 230 2514 Leonis
249 2490 349 2514 Διαιεηί
370 2496 441 2515 nece.
459 2490 574 2520 Quaedam
588 2490 680 2525 deinde
700 2497 744 2521 pro
765 2492 911 2525 defensione
922 2494 1056 2525 imaginum
1069 2499 1075 2516 :
1089 2495 1168 2523 utque
1196 2492 1337 2522 Stephanus
1357 2490 1405 2516 iste
1421 2490 1612 2517 othodoxorum
1631 2496 1711 2516 causa

656 2522 734 2546 faveat
750 2524 813 2553 apud
827 2530 918 2549 novum
930 2522 1116 2555 imperatorem.

117 2574 155 2600 Σὺ
181 2574 241 2607 μὲν,
256 2582 278 2599 ω
293 2573 421 2608 φιλότης,
443 2574 671 2609 προσηγόρευσας
690 2575 766 2609 ἡμᾶς
786 2575 869 2601 πάλαι

958 2577 998 2603 Tu
1030 2575 1153 2611 quidem,
1176 2574 1274 2606 amice,
1303 2573 1407 2600 salvere
1434 2579 1484 2599 nos
1511 2571 1575 2598 olim
1597 2570 1705 2605 jnssisti

81 2621 127 2649 διὰ
152 2620 245 2655 φωνῆς
261 2620 308 2647 τοῦ
332 2620 516 2656 φρουροῦντος
539 2621 624 2655 ἡμᾶς’
648 2617 679 2647 οὗ
704 2621 870 2657 ρνσθείημεν

81 2667 234 2702 ἀμφότεροι
248 2667 296 2700 τῆς
310 2666 419 2700 μανίας.
440 2666 571 2700 Ἐπείπερ
586 2666 660 2693 ἐστὶν
685 2666 870 2702 ὑπερϐαλλόν-

82 2722 138 2744 τως
166 2712 257 2739 πνέων
276 2712 391 2747 ἀπειλῆς
415 2713 463 2739 καὶ
485 2711 572 2747 θυμοῦ
592 2714 633 2744 είς
649 2713 713 2744 τοὺς
735 2713 868 2745 εὐσεϐεῖς·

82 2758 194 2793 δεσμῶν
208 2766 237 2784 τε
262 2759 309 2785 καὶ
330 2758 466 2793 φρουρῶν,
483 2758 598 2790 αἰκίζων
625 2767 654 2784 τε
686 2759 734 2785 καὶ
760 2758 870 2793 πορθῶν

83 2808 133 2838 τὰς
150 2807 300 2842 ἐκκλησίας
322 2807 368 2833 τοῦ
386 2806 453 2833 Θεοῦ
481 2807 530 2834 σὺν
550 2807 626 2844 πασῃ
641 2806 801 2842 βλασφημίᾳ
823 2806 870 2832 καὶ

84 2853 230 2888 παροινίᾳ·
247 2853 284 2884 ὡς
307 2853 358 2879 οὐκ
380 2850 428 2879 οἷδ’
445 2852 470 2880 εί
489 2861 532 2884 τις
545 2852 622 2884 ἄλλος
639 2852 693 2878 τῶν
710 2852 739 2878 ὲν
757 2851 870 2886 ἀσεϐείᾳ.

121 2911 145 2927 ⁸³
161 2910 228 2938 Luc.
260 2919 278 2943 I,
296 2911 330 2939 68
360 2911 404 2939 69.
444 2912 465 2927 ”
479 2910 593 2944 Osc.v|,
612 2911 639 2945 “2,
658 2912 684 2939 ὖ.

924 2622 998 2649 illius
1019 2628 1067 2648 ore
1089 2628 1104 2647 a
1124 2627 1180 2654 quo
1194 2619 1293 2654 captivi
1318 2623 1466 2645 tenemur:
1487 2624 1502 2643 a
1517 2616 1598 2651 cujus
1617 2617 1709 2643 furore

924 2668 1028 2694 utinam
1041 2667 1121 2694 ambo
1133 2666 1290 2693 liberemur.
1315 2664 1421 2699 Quippe
1446 2663 1534 2690 minas
1549 2670 1630 2697 supra
1647 2670 1708 2689 mo-

924 2713 989 2740 dum
1016 2713 1139 2747 iramque
1165 2712 1252 2747 spirat
1267 2711 1294 2738 in
1314 2718 1363 2738 eos
1378 2709 1424 2744 qui
1446 2710 1573 2744 pietatem
1589 2708 1681 2735 colunt
1700 2717 1707 2735 :

923 2757 951 2785 in
969 2758 1078 2784 vincula
1093 2758 1287 2791 custodiasque
1303 2755 1464 2790 conjicicus,
1480 2754 1599 2786 medens,
1627 2757 1710 2787 atque

922 2804 1059 2832 Ecclesias
1082 2803 1128 2831 Dei
1153 2808 1274 2835 vastans,
1299 2811 1361 2830 cum
1390 2802 1465 2830 omni
1486 2800 1664 2836 blasphemia
1681 2803 1710 2827 et

922 2851 1095 2879 contumelia
1117 2857 1239 2886 genere:
1259 2850 1397 2886 quomodo
1421 2848 1493 2877 haud
1513 2849 1570 2877 scio
1588 2856 1622 2875 an
1639 2847 1710 2874 alius

725 2911 745 2927 ¹⁷
761 2910 826 2939 Luc.
844 2910 921 2943 1,55.
962 2909 982 2925 ⁸⁸
1000 2907 1020 2937 ιι
1037 2907 1098 2936 Cor.
1117 2915 1154 2939 vr,
1167 2907 1196 2934 ‘2.
