1923 3078
203 158 270 191 1311

782 161 813 192 S.
833 160 1032 192 THEODORI
1067 159 1241 190 STUDIT/E

1763 157 1834 190 1312

201 213 290 248 egerit
302 221 397 241 eorum
414 213 461 249 qui
489 213 628 250 impietate
645 214 743 242 famosi
768 215 908 242 exstitere.
933 215 989 250 Ego

1047 213 1286 248 κατεγνωσμένων.
1307 212 1379 247 Ἐγὼ
1390 211 1426 239 ’δέ
1444 220 1491 239 σου
1507 211 1612 238 ἐπαινῶ
1627 211 1658 238 τὸ
1668 210 1828 246 φιλόσοφον·

200 268 265 288 vero
281 261 401 288 animum
429 265 506 288 tuum
529 262 748 297 pltilosophicum
778 261 870 294 laudo,
887 266 915 288 et
927 261 989 296 qui-

200 307 262 333 dem
277 307 338 341 jure
349 306 463 340 optimo.
480 307 547 334 Nam
562 308 717 342 philosophi
737 307 799 341 fuit,
815 315 888 341 eam,
905 315 989 342 quam

199 352 265 384 scis,
284 352 355 387 apud
372 353 566 388 imperatorem
583 354 702 382 edidisse
718 361 824 388 vocem,
841 354 949 389 aliaque
961 357 990 381 et

199 398 313 431 dixisse,
330 403 356 426 et
374 399 499 426 molitum
518 408 577 427 esse
593 407 642 434 pro
664 400 839 428 restitutione
855 400 988 427 Ecclesiae

201 449 302 471 nostra:
315 445 452 480 collapsre.
465 445 497 472 Et
510 453 576 473 sane
589 446 711 480 oportuit
726 447 876 481 sapientem
888 447 988 479 virum,

198 491 278 525 cujus
295 491 381 525 pietas
399 497 540 526 perspecta
554 497 636 525 esset,
651 493 677 520 id
692 498 822 528 prtestare
843 493 915 527 quod
932 497 989 520 tum

199 545 215 565 e
234 545 263 565 re
287 545 336 564 sua
366 543 435 570 crat,
454 544 511 565 tum
538 546 554 566 e
578 546 607 567 re
633 540 716 566 totius
734 540 860 574 corporis
876 540 988 572 Christi,

200 585 272 618 quod
295 585 378 612 draco
399 585 443 612 ille
469 594 585 620 magnus
606 586 776 620 dilaceravit,
795 587 841 613 ille
855 591 990 621 apostata,

201 631 246 657 illc
260 635 400 658 tortuosus
416 632 524 666 anguis,
542 633 586 660 ille
604 633 766 660 Antichristi
782 641 946 668 prtecursor,
959 641 991 661 os

201 676 338 711 impurum
359 681 386 704 et
417 679 573 710 scelestum,
600 678 644 705 ille
666 678 712 713 qui
738 686 821 713 supra
845 686 926 706 omne
942 678 991 706 Dei

202 723 331 756 templum
345 723 530 756 extollitur",
559 732 636 751 ntcns
662 724 707 751 illa
720 725 843 760 Assyria,
867 724 992 751 barbari-

202 769 310 795 cusille
325 769 450 801 abortus,
478 777 576 796 ntanus
609 770 655 796 illa
670 769 758 804 qualis
785 769 903 804 Rapsaci
928 769 990 803 fuit,

202 813 270 840 illud
285 821 332 841 cor
351 814 404 841 Deo
427 820 610 848 exsecratum,
636 815 681 842 ille
717 820 792 843 totus
813 821 933 850 quantus
950 820 993 843 est

204 858 312 886 Satanze
325 860 468 894 minister;
494 869 553 894 nec,
572 861 673 897 quibus
689 862 779 890 verbis
800 867 904 897 pestent
923 862 993 890 hanc

203 905 242 932 uti
256 912 376 934 meretur
389 907 553 940 describam,
572 908 639 934 satis
659 908 716 936 scio
732 917 739 935 :
759 916 821 935 cum
837 908 932 936 multis
945 917 993 943 ap-

201 952 298 986 pellari
313 953 471 981 nominibus
492 954 580 989 possit
600 954 699 981 nefarii
718 954 839 982 hominis
854 955 991 990 impietas.

203 997 255 1026 Sed
274 999 387 1027 alterius
404 1001 537 1035 temporis
564 1000 649 1028 fuerit
677 1001 728 1029 ista
751 1009 892 1028 enarrare.
914 1001 994 1029 Nunc

201 1049 293 1072 autem
311 1046 377 1072 mihi
396 1046 468 1073 istud
482 1046 565 1079 refer,
580 1054 597 1074 ο
609 1047 854 1080 desideratissime,
874 1055 992 1082 quomo-

201 1091 248 1122 do,
266 1095 403 1119 transacta
430 1092 520 1119 hieme
535 1113 543 1125 ,
569 1092 720 1124 perfectum
745 1101 792 1121 ver
808 1102 862 1121 non
876 1099 928 1127 est,
945 1093 993 1122 sed

202 1141 308 1164 tantum
333 1138 424 1165 brevis
439 1138 563 1172 quaedam
583 1139 729 1172 serenitas,
745 1148 778 1167 ac
794 1149 932 1176 prospera
946 1151 994 1170 na-

202 1183 348 1217 vigationis
362 1191 425 1218 spes
438 1184 581 1219 aﬂ‘nlgens.
596 1185 668 1220 Ignis
682 1187 837 1215 exsunctus
851 1192 912 1215 est:
928 1189 993 1223 quid

204 1229 294 1254 adhuc
311 1227 379 1255 fumi
396 1229 531 1264 reliquum
544 1230 610 1257 est?
626 1229 747 1258 Rursum
771 1238 898 1267 exsurge,
921 1233 996 1261 desi-

204 1274 308 1301 derium
324 1282 427 1308 meum,
454 1275 552 1304 fortius
571 1276 683 1309 dimica,
699 1277 803 1305 Christi
826 1280 993 1308 membrum.

203 1321 262 1348 Non
278 1322 375 1349 videtis
391 1322 515 1357 impium,
532 1327 562 1349 ut
574 1315 635 1358 igne
647 1328 778 1356 torretur,
794 1326 935 1359 quomodo
950 1334 995 1353 ce-

204 1369 300 1395 ciderit
314 1374 396 1404 caput
408 1375 435 1396 et
449 1369 525 1396 dictu
543 1374 570 1397 et
581 1370 676 1398 auditu
695 1372 920 1399 exsecrandum?
937 1371 996 1400 Nisi

204 1423 255 1443 nos
270 1415 351 1450 hujus
373 1416 487 1443 exitium
513 1417 694 1451 sapientiores
720 1418 825 1450 reddat,
851 1419 942 1454 inquit
965 1427 996 1447 os

205 1462 272 1489 illud
284 1470 410 1494 aureum,
427 1462 488 1497 quis
503 1463 591 1490 nostri
605 1463 702 1491 deinde
718 1464 914 1492 miserebitur?
935 1464 995 1493 Non

204 1509 396 1543 evigiiabimus
407 1509 418 1535 ?
431 1517 484 1536 non
498 1509 694 1544 intelligemus,
711 1511 763 1538 nisi
776 1511 905 1539 Christus
916 1519 993 1546 spre-

206 1562 232 1582 ta
250 1556 336 1589 ipsius
349 1561 444 1583 sancta
468 1556 587 1592 imagine
611 1562 768 1592 negaretur,
796 1566 937 1593 nunquam
954 1558 996 1586 l'u-
1009 1568 1032 1596 (ι

207 1605 297 1627 turutn
313 1600 396 1628 fuisse
410 1606 438 1628 ut
455 1602 582 1636 imaginis
605 1607 822 1638 contemptorem
839 1605 880 1631 sic
898 1605 996 1638 perde-

205 1647 263 1674 ret?
280 1648 375 1674 Audite
404 1649 469 1681 Iuec,
487 1657 574 1675 omnes
595 1655 682 1684 gentes
696 1657 706 1676 :
726 1650 836 1677 auribus
856 1651 992 1685 percipite,

1039 261 1086 288 καὶ
1101 261 1174 296 μάλα
1196 259 1319 291 εἰκότως.
1331 260 1479 294 Φιλόσοφον
1494 260 1549 294 γὰρ
1562 260 1593 286 τὸ
1609 259 1689 296 ῥῆξαί
1707 268 1738 286 σε
1768 267 1827 294 φω-

1039 307 1087 341 νὴν
1107 307 1153 333 ἐπὶ
1168 306 1215 333 τοῦ
1230 306 1347 341 κράτους
1359 306 1392 341 ἢν
1418 303 1502 338 οἶδας·
1518 307 1554 333 τά
1575 314 1606 332 τε
1623 305 1705 332 λοιπά
1718 314 1766 332 σου
1781 305 1831 332 λα·

1039 352 1148 387 λήματιὶ
1179 360 1208 378 τε
1238 352 1286 378 καὶ
1320 352 1518 387 σπουδάσματα
1553 352 1624 387 ὑπὲρ
1654 351 1831 387 ἀνακλήσεως

1039 399 1088 433 τῆς
1104 397 1280 428 πεπτωκυίας
1298 397 1359 425 καθ’
1377 398 1451 433 ἡμᾶς
1464 397 1641 433 Ἐκκλησίας.
1668 398 1724 424 Καὶ
1748 398 1832 429 ὅντως

1040 444 1094 470 ἔδει
1110 444 1155 471 τὸν
1172 444 1251 477 σοφὸν
1266 444 1359 479 ἄνδρα,
1375 444 1423 470 καὶ
1437 444 1638 478 διεγνωσμένον
1653 444 1683 470 ὲν
1694 443 1832 479 εὐσεϐείᾳ,

1039 490 1119 517 τοῦτο
1141 490 1216 526 δρᾷν·
1236 490 1305 525 πρός
1319 499 1350 516 τε
1365 490 1395 517 τὸ
1416 491 1515 517 οἰκεῖον
1537 490 1691 524 συμφέρον,
1714 490 1764 516 καὶ
1786 489 1833 516 τοῦ

1041 537 1102 563 ὅλου
1117 537 1243 571 σώματος
1254 537 1385 572 Χριστοῦ·
1397 537 1411 564 ὃ
1424 537 1547 572 διέτεμεν
1559 537 1574 563 ὁ
1587 537 1696 572 δράκων
1707 538 1721 563 ὁ
1735 537 1833 571 μέγας,

1041 582 1055 608 ὁ
1076 583 1241 615 ἀποστάτης,
1265 583 1279 608 ό
1307 582 1413 614 σκολιὸς
1436 583 1517 617 ὄφις,
1537 583 1569 610 τὺ
1588 582 1758 618 προεισόδιον
1788 581 1834 608 τοῦ

1043 628 1249 664 ’Λντιχρίστου,
1270 629 1286 664 ἡ
1310 630 1396 664 μιαρὰ
1421 630 1468 655 καὶ
1490 629 1654 664 βλάσφημος
1670 628 1798 662 γλῶσσα,
1821 628 1836 654 6

1043 674 1262 710 ὑπεραιρόμενος
1280 675 1327 701 ἐπὶ
1345 675 1434 701 πάντα
1450 676 1513 701 ναὸν
1528 674 1597 702 Θεοῦ
1608 695 1615 707 ,
1629 675 1643 701 ὁ
1658 674 1720 705 νοῦς
1734 675 1749 700 ὁ
1772 675 1836 700 Ἀσ-

1044 720 1156 755 σύριος,
1180 720 1211 746 τὸ
1232 721 1400 756 βαρϐαρικὸν
1422 720 1568 756 ἕκτρωμα,
1597 721 1614 755 ἡ
1639 719 1836 754 Ῥαψακοειδὴς

1042 768 1103 803 χεὶρ
1116 789 1122 800 ,
1140 769 1156 803 ἡ
1174 767 1375 804 θεοκατάρατος
1399 767 1516 802 καρδία,
1531 768 1545 793 ὁ
1564 767 1702 802 ὀλόσωμος
1716 766 1764 792 τοῦ
1783 766 1836 792 Σα-

1042 815 1111 841 τανᾶ
1126 815 1274 849 ὑπηρέτης·
1292 815 1338 841 καὶ
1353 815 1403 841 οὐκ
1420 811 1466 840 οἶδ’
1476 815 1489 840 ὃ
1501 822 1526 840 τι
1542 814 1639 849 φράσω
1660 813 1773 845 ἐπάξιον
1787 811 1835 838 τοῦ

1044 856 1185 896 ἀλιτηρίου
1202 860 1363 896 κωμῴδημα
1374 870 1380 876 '
1396 860 1441 887 διὰ
1462 860 1513 896 τὴν
1529 860 1706 894 πολυώνυμον
1720 858 1768 885 τοῦ
1791 858 1838 890 ἑξ-

1045 905 1157 937 αγίστου
1176 906 1316 932 ἀσέϐειαν.
1331 905 1405 940 Πλὴν
1418 904 1498 932 ἄλλου
1519 905 1620 940 χρόνου
1633 905 1664 930 τὸ
1676 903 1765 931 ταῦτα
1776 904 1838 930 δια-

1047 952 1173 986 στείχειν.
1190 952 1246 978 Νῦν
1260 951 1287 978 δέ
1304 961 1348 986 μοι
1360 952 1439 978 τοῦτο
1454 951 1541 984 λέξον,
1556 948 1579 977 ὦ
1595 950 1745 985 τριπόθητε
1756 971 1764 982 ,
1779 949 1838 982 πῶς

1045 998 1093 1024 τοῦ
1118 998 1251 1033 χειμῶνος
1277 998 1458 1033 παρελθόντος
1480 999 1511 1024 οὺ
1537 998 1632 1024 τέλεον
1647 998 1714 1031 ἔαρ,
1737 996 1797 1022 ἀλλ’
1819 995 1837 1032 ἢ

1047 1044 1129 1079 μόνον
1149 1044 1299 1079 καλλιωρία
1319 1053 1371 1076 τις,
1387 1045 1435 1070 καὶ
1450 1043 1633 1078 ἀπαυγασμὺς
1650 1042 1838 1077 εὐπλοήσεως.

1047 1091 1084 1117 Τὸ
1108 1091 1164 1126 πῦρ
1180 1090 1325 1117 ἔσϐεσται·
1342 1091 1369 1117 τί
1394 1090 1433 1117 ἔτι
1457 1090 1598 1121 καπνῶδες
1623 1089 1838 1122 ύπολέλειπται;

1047 1135 1182 1171 Κινήθητι
1195 1136 1251 1167 ἑτι,
1267 1135 1378 1170 πόοημα
1390 1136 1466 1170 ἐμόν·
1481 1135 1641 1169 διαγώνισαι
1659 1134 1771 1169 μᾶλλον,
1789 1134 1838 1169 μὲ-

1046 1181 1091 1213 λος
1106 1181 1236 1216 Χριστοῦ.
1253 1181 1309 1216 οὐχ
1324 1181 1406 1215 ὁρᾶτε
1425 1181 1470 1208 τὸν
1482 1181 1701 1215 ἁσεϐοκαύστην,
1716 1178 1773 1206 οἷον
1790 1179 1840 1206 πέ-

1047 1236 1167 1260 πτωκεν,
1179 1228 1310 1259 ἐξαίσιον,
1327 1228 1373 1255 καὶ
1389 1227 1564 1262 λαλούμενον,
1584 1228 1630 1254 καὶ
1650 1227 1839 1261 ἀκουόμενονς

1054 1273 1117 1299 Ἐὰν
1133 1274 1146 1299 ὁ
1162 1273 1239 1299 τοῦδε
1260 1271 1370 1308 ὄλεθρος
1384 1273 1415 1300 οὐ
1439 1273 1594 1309 σωφρονισῃ
1616 1273 1688 1307 ἡμᾶς
1699 1293 1706 1302 ,
1726 1272 1811 1308 φησὶν
1825 1272 1841 1298 ὁ

1047 1319 1266 1354 Χρυσορρήμων,
1288 1319 1329 1351 τίς
1346 1320 1439 1347 λοιπὸν
1460 1320 1566 1353 ἐλεήσει
1588 1320 1677 1355 ἡμᾶςῖ
1698 1320 1756 1346 Οὐκ
1771 1320 1840 1346 ἁνα-

1047 1364 1189 1400 νήψομεν;
1210 1366 1260 1392 οὐκ
1276 1366 1440 1401 ὲννοήσομεν
1454 1367 1495 1393 ὅτι
1509 1368 1533 1393 ει
1552 1365 1589 1401 μὴ
1603 1365 1721 1402 Χριστὸς
1736 1366 1841 1400 ἧρνητο

1047 1411 1233 1447 ἁθετουμένης
1256 1411 1339 1438 αὑτοῦ
1357 1413 1407 1447 τῆς
1431 1412 1513 1446 ἁγίας
1528 1412 1649 1445 εἰκόνος,
1670 1412 1721 1438 οὐκ
1739 1411 1773 1438 ἂν
1795 1411 1843 1438 τὸν

1047 1457 1148 1492 ταύτης
1180 1457 1312 1493 ὑϐριστὴν
1342 1457 1430 1489 οὕτως
1457 1458 1643 1493 ὠλεθρίωσεν;
1674 1457 1844 1484 Ἀκούσατε

1048 1504 1151 1535 ταῦτα,
1158 1504 1255 1531 πάντα
1266 1506 1301 1532 τὰ
1312 1505 1396 1538 ἔθνη·
1404 1505 1598 1535 ἐνωτίσασθε,
1608 1503 1720 1536 πάντες
1730 1504 1758 1530 ol
1773 1511 1844 1530 κειτ-

1048 1550 1204 1584 οικοῦντες
1226 1551 1284 1585 τὴν
1301 1550 1495 1586 οἰκουμένην,
1512 1550 1540 1577 τι
1561 1550 1673 1585 γέγονεν
1698 1551 1727 1576 ὲν
1757 1550 1844 1585 Γραι-

1048 1598 1117 1628 κοῐς.
1132 1597 1189 1632 Πρὸ
1207 1597 1253 1624 τοῦ
1274 1598 1458 1633 ’Δντιχρίστου
1489 1597 1684 1632 Ἀντίχριστος·
1708 1595 1782 1631 ἤρθη
1794 1595 1843 1629 ἀφ’

1049 1642 1129 1678 ἡμῶν
1143 1644 1174 1669 τὸ
1190 1644 1303 1678 σημεῖον
1319 1644 1368 1679 τῆς
1383 1643 1523 1679 βασιλείας
1539 1643 1585 1670 τοῦ
1601 1642 1734 1678 Χριστοῦ.

206 1700 293 1720 euntes
308 1693 353 1728 qui
367 1694 495 1721 habitatis
515 1694 645 1726 orbem",
661 1694 727 1729 quid
738 1694 811 1730 apud
843 1695 952 1724 Graecos
980 1697 1119 1725 acciderit.
1152 1698 1223 1726 Ante
1251 1698 1451 1726 Antichristum
1475 1698 1689 1726 Antichristus:
1718 1702 1845 1732 ereptum

207 1740 287 1767 nobis
303 1739 379 1774 regni
392 1739 495 1767 Christi
512 1740 633 1775 signum.

241 1786 309 1813 Nam
340 1786 363 1813 si
379 1786 450 1814 istud
468 1786 541 1820 quod
562 1790 604 1813 est
628 1786 715 1820 ipsius
742 1785 838 1814 format
860 1795 999 1822 corporeae

208 1832 396 1864 simulacrum,
426 1832 497 1866 apud
518 1839 568 1858 nos
588 1839 642 1858 non
659 1837 772 1867 apparet
790 1833 881 1861 crucis
905 1838 999 1869 typum

208 1878 296 1912 capite
314 1885 429 1912 gerens;
445 1878 492 1905 sed
513 1886 597 1904 unum
612 1877 747 1912 rejicitur,
767 1879 882 1906 alterunt
901 1880 1001 1907 admit-

209 1923 291 1956 titur;
315 1923 420 1950 divisus
439 1927 481 1950 est
502 1923 627 1950 Christus
643 1933 649 1951 :
675 1924 718 1951 vel
737 1924 830 1959 potius
849 1924 1001 1960 despicitur

209 1977 254 1996 rex
289 1970 335 2004 qui
361 1969 500 1996 diabolum
528 1970 688 2004 interemit;
720 1970 828 1998 hastam
852 1979 917 1998 vero
946 1979 1001 2006 qua

210 2016 316 2042 hostem
329 2015 460 2048 confodit,
479 2023 540 2050 qua:
555 2020 597 2043 est
621 2015 710 2050 ipsius
728 2017 864 2050 potentia,
879 2017 1002 2052 alligavit

211 2062 284 2097 regia
313 2066 449 2097 potestas;
475 2069 537 2089 eum
563 2061 610 2096 qui
636 2061 781 2094 interemit,
809 2062 867 2097 pari
888 2062 1002 2091 victoria

212 2116 273 2134 rum
288 2115 321 2134 eo
339 2108 384 2142 qui
405 2113 561 2142 peremptus
572 2112 625 2140 est,
644 2112 774 2142 tanquam
791 2109 898 2136 hostem
913 2110 1002 2145 subji-

211 2154 286 2181 ciens
300 2163 306 2180 :
319 2154 399 2185 Audi,
413 2154 516 2186 caelum,
528 2158 552 2180 et
563 2155 671 2180 auribus
679 2155 794 2189 percipe,
807 2160 879 2182 terra
887 2156 921 2183 ³¹.
934 2155 1002 2189 Quis

212 2201 264 2228 iste
296 2206 390 2234 stupor
415 2201 462 2235 qui
489 2201 536 2228 Dei
561 2201 691 2234 populum
706 2201 893 2228 demetttavit?
915 2202 997 2234 Audi,

212 2246 309 2274 Oriens
321 2252 348 2274 et
364 2246 507 2278 Occidens,
534 2247 671 2281 quomodo
687 2252 820 2274 excaecata
836 2252 879 2275 est
898 2247 1004 2283 Byzan-

215 2296 271 2320 tina
295 2294 389 2328 regio;
417 2294 555 2328 quontodo
571 2293 727 2326 obsurduit,
746 2302 836 2329 neque
854 2295 1003 2329 reprehen-

213 2340 298 2368 sionis
318 2345 416 2368 vestra:
432 2348 525 2367 vocent
558 2340 643 2372 audit,
672 2348 721 2368 nec
749 2341 899 2368 testimonii
919 2341 1004 2368 vestri

213 2387 367 2422 exemplum
382 2387 502 2422 inspicit,
522 2388 569 2414 sed
582 2387 696 2413 Jannent
712 2391 739 2414 ct
755 2385 906 2418 Jambrem,
922 2387 1003 2414 Chri-

1086 1789 1118 1815 El
1135 1788 1188 1824 γὰρ
1205 1788 1242 1824 μὴ
1254 1787 1343 1819 τοῦτο,
1355 1789 1423 1824 ὅπερ
1440 1789 1499 1815 ἐστὶ
1509 1788 1540 1815 τὺ
1555 1788 1671 1823 ῖνδαλμα.
1686 1788 1734 1815 τοῦ
1747 1797 1844 1823 σωμα-

1050 1834 1127 1862 τικοῦ
1141 1834 1222 1862 αὑτοῦ
1239 1835 1413 1870 χαρακτῆρος
1425 1843 1431 1850 '
1444 1834 1623 1869 ὲμφανίζοιτο
1635 1835 1663 1860 ὲν
1674 1835 1742 1869 ἡμῖν
1756 1843 1846 1870 καρη-

1052 1880 1153 1916 φοροῦν
1166 1881 1212 1907 τὸν
1233 1881 1318 1907 τύπον
1333 1880 1380 1907 τοῦ
1404 1880 1522 1915 σταυροῦ
1533 1888 1540 1895 ·
1562 1880 1629 1907 ἀλλὰ
1650 1880 1682 1906 τὸ
1699 1879 1750 1914 μὲν
1764 1880 1846 1915 ἐκρί-

1052 1936 1162 1959 πτοιτο,
1178 1927 1208 1954 τὸ
1222 1927 1251 1953 δὲ
1260 1927 1478 1963 προσείληπταιθ
1501 1926 1666 1962 μεμέρισται
1678 1926 1809 1960 Χριστός·
1825 1925 1845 1961 ἢ

1054 1973 1153 2009 μᾶλλον
1164 1975 1178 2000 ὁ
1188 1973 1314 2009 βασιλεὺς
1323 1973 1496 2000 ἁπέπτυσται
1507 1973 1521 1999 ὁ
1534 1972 1642 2003 κτείνας
1653 1972 1698 1998 τὸν
1707 1971 1845 1999 διάϐολον

1052 2019 1083 2046 τὸ
1097 2019 1161 2054 δόρυ
1175 2019 1203 2045 δὲ
1219 2019 1252 2045 δι’
1262 2016 1292 2046 οὗ
1301 2019 1345 2046 τὸν
1361 2018 1458 2054 ἐχθρὸν
1468 2017 1578 2053 ἔσφαξε,
1590 2018 1621 2044 τὸ
1632 2017 1727 2043 τούτου
1740 2018 1845 2052 κράτος

1054 2066 1203 2100 ἀνεδήσατο
1217 2065 1346 2100 διάδημα*
1359 2066 1402 2092 ἐπ’
1413 2064 1458 2101 ἴσῃ
1472 2065 1536 2100 νίκῃ
1544 2064 1592 2090 τοῦ
1608 2063 1760 2098 σφαγέντος
1775 2063 1846 2090 ὑπο-

1052 2111 1146 2144 τάξαν,
1167 2112 1205 2144 ὡς
1221 2111 1329 2147 ἐχθρὶν.
1354 2111 1401 2138 τὸν
1417 2111 1639 2146 κατασφάξαντα,
1661 2111 1777 2143 Ἄκουε,
1791 2111 1846 2137 οὺ-

1048 2158 1140 2193 ρανὲ,
1163 2158 1213 2185 καὶ
1230 2157 1379 2189 ἐνωτίζου,
1393 2157 1442 2193 γῆ.
1466 2158 1515 2190 Τίς
1532 2158 1548 2193 ἡ
1566 2157 1695 2188 ἔκστασις
1721 2157 1792 2192 αὕτη
1811 2157 1847 2192 ἢν

1052 2204 1147 2239 ἐξέστη
1162 2204 1176 2230 ὁ
1190 2203 1253 2235 λαὸς
1266 2203 1313 2230 τοῦ
1326 2203 1393 2230 Θεοῦ
1406 2212 1414 2237 ;
1428 2203 1538 2237 Ἄκουε,
1549 2203 1676 2237 ’Δνατυλὴ
1691 2203 1739 2229 καὶ
1752 2203 1846 2235 Διεσις,

1054 2251 1128 2282 ὅπως
1154 2249 1326 2285 ἐξετύφλὼοη
1351 2251 1367 2284 ἡ
1393 2249 1542 2281 Βυζαντίς·
1560 2249 1634 2280 ὅπως
1660 2247 1846 2282 κεκώφωται,

1055 2296 1148 2331 φωνῆς
1163 2296 1241 2331 ὑμῶν
1261 2296 1424 2331 ἐλεγκτικῆς
1442 2295 1492 2322 οὐκ
1514 2295 1670 2322 ἀκούσασα·
1690 2295 1848 2321 ὺποδεικτι-

1055 2344 1106 2378 κῆς
1122 2342 1199 2378 ὑμῶν
1213 2342 1368 2378 μαρτυρίας
1383 2342 1435 2368 οὐκ
1452 2341 1646 2376 ἐμϐλέπουσα·
1664 2341 1722 2368 ἀλλ’
1744 2340 1847 2367 Ίαννοῦ

1056 2388 1103 2415 καὶ
1121 2388 1250 2423 Ἰαμϐροῦ
1262 2388 1317 2414 τῶν
1330 2387 1498 2415 ἀντιστατῶν
1514 2387 1645 2423 Χριστοῦ,
1656 2387 1706 2422 τῆς
1720 2386 1847 2422 ὀλεθρίου

214 2433 250 2460 sti
270 2434 388 2460 hostium
402 2440 450 2468 par
465 2433 613 2465 exitiabile,
632 2434 705 2467 quod
726 2432 856 2465 Trinitas,
873 2437 915 2460 sat
927 2433 995 2464 scio,

1055 2435 1149 2466 δυάδος
1158 2455 1165 2467 ,
1180 2436 1213 2470 ἣν
1228 2432 1256 2461 εὖ
1272 2433 1318 2460 οἷδ’
1331 2435 1372 2461 ὃτι
1386 2435 1403 2470 ἠ
1414 2434 1501 2470 Τριας
1516 2435 1544 2460 ὲν
1558 2434 1636 2468 τάχει
1649 2432 1829 2460 καταλύσειεν
1840 2441 1848 2448 ·

214 2479 289 2506 brevi
311 2479 441 2507 dissolvet
463 2487 471 2506 :
501 2484 530 2506 ut
544 2487 606 2506 cum
629 2479 737 2506 duobus
762 2479 853 2514 impiis
879 2480 925 2515 qui
947 2480 993 2514 jan

1053 2480 1090 2511 ὡς
1117 2479 1149 2506 ἂν
1173 2480 1220 2506 σὺν
1247 2480 1305 2510 τοῖς
1331 2478 1522 2514 προολεσθεῖσι
1544 2479 1620 2505 δυσὶν
1645 2478 1775 2505 ἀσεϐέσιν
1791 2478 1848 2504 ἀπ-

215 2526 368 2561 pericrunt,
397 2526 509 2553 tollatur
538 2527 572 2554 de
599 2526 687 2553 medio
714 2526 787 2553 istud
815 2534 925 2561 quoque
945 2534 993 2561 par

1053 2527 1160 2562 αχθεῐεν
1190 2527 1237 2553 καὶ
1268 2525 1338 2561 αὕτη
1370 2527 1386 2561 ἡ
1414 2526 1498 2558 δυὰς,
1518 2525 1549 2551 τὸ
1573 2524 1778 2560 τετρακέφαλον
1798 2523 1846 2550 τοῦ

216 2571 397 2607 quadrijugus
410 2572 455 2599 ille
470 2572 573 2599 diaboli
591 2579 701 2599 currus.
717 2571 775 2599 lluc
788 2580 864 2604 vero,
880 2572 934 2598 ltuc
949 2571 995 2598 fra-

1053 2573 1177 2600 διαϐόλου
1192 2573 1277 2608 ἂρμα.
1289 2572 1373 2608 Δεῦρο
1389 2572 1433 2607 δὴ,
1449 2571 1540 2607 δεῦρο,
1555 2571 1653 2604 ἀδελφέ
1663 2577 1670 2584 ·
1682 2569 1841 2597 καταὸαλοῦ

216 2624 278 2645 ter:
300 2619 397 2646 iterum
422 2619 572 2646 certamina
592 2626 730 2646 consere:
756 2617 890 2646 Dominus
915 2618 993 2652 jubet

1055 2620 1096 2647 ἐτι
1110 2620 1217 2654 ἀγῶνας
1229 2629 1235 2634 ·
1250 2619 1351 2655 Κύριος
1365 2618 1485 2647 κελεύει.
1500 2618 1624 2653 Λὰλησον
1639 2616 1731 2650 ἀγαθὰ
1747 2617 1786 2647 εις
1799 2616 1850 2648 τὰς

215 2663 291 2692 Bona
309 2666 393 2693 verba
405 2665 569 2693 venerandis
582 2665 696 2692 auribus
718 2664 811 2700 ingere
826 2664 863 2699 pii
884 2663 995 2698 impera:

1058 2666 1152 2701 τιμίας
1172 2665 1257 2697 ἀκοὰς
1271 2665 1318 2692 τοῦ
1338 2664 1469 2696 εὑσεῦοὖς
1489 2663 1623 2700 βασιλέως
1639 2662 1727 2698 ἡμῶν.
1750 2663 1850 2697 Μιμη-

218 2711 286 2739 toris
300 2712 397 2739 nostri.
413 2712 536 2740 imitetur
555 2712 724 2739 celebratunt
742 2711 819 2738 illum
835 2709 949 2737 Josiam.
965 2709 993 2737 Si

1061 2712 1152 2739 σάσθω
1178 2712 1284 2738 Ἰωσίαν
1309 2711 1354 2738 τὸν
1372 2711 1505 2746 ἀοίδιμον.
1530 2710 1634 2737 Γίνοιτο
1659 2709 1720 2741 νέος
1748 2708 1850 2741 Δαυῖδ,

217 2764 305 2784 novus
322 2757 416 2792 David,
432 2759 490 2786 sive
507 2762 538 2785 ut
552 2758 676 2790 Saulem,
701 2757 761 2785 sive
782 2758 992 2791 utAmnwnem

1060 2758 1115 2784 εῐτε
1139 2758 1178 2790 ὡς
1193 2757 1296 2790 Σαοὺλ,
1315 2758 1370 2784 εἴτε
1390 2757 1428 2789 ὼς
1451 2757 1559 2792 Ἀμὼν,
1583 2757 1618 2784 τὲ
1638 2756 1685 2782 τοῦ
1703 2754 1850 2788 ἐξαγίστου

217 2803 319 2833 Leonis
345 2805 506 2834 exsecrandi
530 2810 591 2834 acta
618 2804 788 2838 reseindens,
820 2803 913 2832 ethoc
926 2804 995 2831 modi

1061 2803 1173 2836 Λέοντος
1203 2803 1380 2832 καταπτύων·
1412 2802 1560 2830 κάντεῦθεν
1583 2802 1650 2829 Θεὸν
1673 2799 1849 2837 ἑξευμενιξόο

259 2897 313 2927 ιιιι
325 2897 420 2927 Thess.
442 2907 473 2933 ll,
494 2898 520 2926 4.

571 2899 594 2915 ¹⁰
607 2898 681 2927 Psal.
697 2905 791 2931 sunt,
807 2897 835 2924 ‘2.
873 2898 893 2912 “
920 2895 972 2924 lsa.
990 2902 1010 2928 ι,
1026 2893 1055 2923 2.
