1923 3078
79 94 149 129 1313

670 96 937 127 EPISTOLARUM
966 95 1040 126 LIB.
1063 95 1106 126 ῐΙ.

1631 69 1735 132 131i"

76 164 174 190 μενος,
190 155 238 182 καὶ
252 153 292 189 τῷ
305 153 354 189 τῆς
373 153 550 190 εἰρηναρχῐας
564 153 656 188 στέφει
671 153 702 179 τὺ
713 154 762 188 τῆς
781 153 858 188 βασι-

919 153 995 180 )eum
1016 153 1140 187 placans,
1166 156 1248 186 atque
1271 150 1520 178 administrationis
1544 149 1702 184 tranquilla

74 200 150 232 λείας
164 198 246 227 αὐτοῦ
261 199 362 232 κράτος
378 199 504 234 ἀνίκητον
515 197 753 233 περιποιούμενος.

183 256 252 288 OG'.
268 269 303 274 —
319 252 461 287 Στεφάνῳ
472 254 636 287 μαγιστρῳ.
650 251 752 289 [υἱ-ις’]

911 206 1010 226 corona
1026 199 1110 225 robur
1125 198 1231 233 imperii
1243 197 1286 224 sui
1302 197 1418 224 reddens
1434 195 1633 230 insuperabile.

1066 254 1183 282 LXXVI.
1198 269 1232 274 --
1245 253 1379 288 Stephano
1405 253 1542 288 magistro.

283 323 383 348 Solatur
400 328 426 346 ιιι
442 321 530 346 uxoris
546 320 615 346 obitu
630 328 635 344 :
650 324 701 345 lum
713 324 740 345 ut
754 327 798 351 pro
811 320 961 352 imaginibus
972 322 1036 352 apud
1053 328 1141 346 novum
1152 320 1289 352 principem
1306 323 1370 351 agat,
1382 320 1501 344 hortatur.

113 372 197 406 Οἶδα,
220 374 351 407 δέσποτα,
374 376 435 406 ταῖς
463 374 610 409 ὑπεροχαῖς
636 373 861 405 ὑποστέλλεσθαι,

77 421 125 447 καὶ
151 420 267 455 μάλιστα
286 420 318 454 τῇ
342 420 374 454 σῇ
404 419 613 455 ἀνυπερϐλήτῳ.
645 419 715 446 Ἀλλ’
739 419 814 454 ὅμως
832 420 863 445 τὸ

945 372 1026 405 Novi,
1042 374 1162 406 domine,
1187 373 1335 408 dignitates
1350 372 1477 404 revereri,
1499 371 1616 398 maxime
1633 378 1700 398 vero

911 420 1055 448 sublimem
1079 420 1153 447 illam
1169 424 1255 447 tuam.
1278 419 1337 446 Tua
1360 422 1450 445 tamen
1474 418 1589 444 comitas
1602 417 1704 444 animi-

77 465 238 500 εὐπρόσιτόν
255 473 301 490 σου
317 465 364 491 καὶ
380 464 488 500 μέτριον
503 465 549 490 τοῦ
563 465 745 500 φρονήματος,
762 464 861 490 ἔδωκεν

919 475 963 501 lue
977 467 1108 493 modestia
1137 465 1264 500 loquendi
1283 469 1446 500 potestatem
1479 463 1557 490 nobis
1580 462 1654 495 fecit,
1675 467 1704 490 et

75 513 145 547 ἡμῖν
160 510 326 546 παρρησίαν,
355 510 401 537 καὶ
427 510 511 536 πάλαι
530 511 595 537 ποτὲ
620 511 788 542 ἐπιστεῖλαι,
815 511 861 536 καὶ

919 513 1074 546 iampridem
1095 512 1129 538 ad
1149 516 1174 538 te
1189 511 1368 543 scribendi,et
1386 517 1459 537 nunc
1474 509 1545 536 idem
1562 508 1678 535 faciendi
1694 517 1702 535 ι

76 558 140 591 ἄρτι
160 557 191 582 τὸ
215 556 280 582 αὐτὸ
301 556 429 590 ποιῆσαι,
455 555 599 587 καλοῦντος
623 555 671 581 τοῦ
700 556 796 590 χρόνον
815 556 862 581 καὶ

77 602 221 636 ἀξεμένων
235 601 314 636 ἡμῶν
325 601 378 627 τῶν
390 601 561 636 ἁμαρτωλῶν
572 601 624 636 τῆς
634 601 678 628 διὰ
694 601 796 636 Κύριον
814 609 864 635 φυ-

76 648 165 682 λακῆς
177 669 185 678 ,
201 648 270 674 κατὰ
287 647 335 682 τὴν
350 647 397 673 τοῦ
410 647 553 678 διώκοντος
569 647 674 673 παῦλαν
686 655 692 661 “
707 647 768 682 ἥτις
783 647 864 673 ἀκου-

79 693 172 720 σθεῖσα
187 694 272 728 ἤχησε
291 693 390 724 παντὸς
413 692 559 726 ἀνθρώπου
583 693 725 728 ἀμφότερα
740 693 774 719 τὰ
787 689 861 719 ὦτα·

913 559 1041 592 quoniam
1059 558 1085 584 id
1105 562 1212 592 tempus
1229 557 1328 591 poscit,
1347 563 1452 590 nosque
1468 558 1626 589 peccatores
1641 561 1704 580 car-

913 611 976 630 cere
1002 608 1112 638 propter
1135 602 1282 630 Dominum
1305 602 1420 629 tolerato
1443 601 1525 628 soluti
1546 607 1641 627 sumus
1656 607 1706 633 per

913 649 1054 676 interitum
1070 649 1261 684 persequentis
1277 657 1283 674 :
1301 648 1380 682 cujus
1394 652 1422 674 ut
1437 646 1507 674 fama
1520 646 1704 681 percrebruit,

913 696 1001 721 amba:
1027 694 1150 721 omnium
1179 694 1321 725 hominum
1349 701 1430 721 aures
1460 690 1704 719 tinhierunt:non

77 740 128 774 οὐχ
140 741 181 766 ὃτι
201 739 294 771 ἁπλῶς
311 739 400 775 ἧρθη·
417 738 474 765 ἀλλ’
487 739 528 765 ὅτι
546 739 770 772 τοιουτοτρόποις.
787 738 861 774 Αὕτη

919 741 984 776 ιιιοά
999 740 1160 775 simpliciter
1175 741 1298 767 sublatus
1318 740 1351 766 de
1368 739 1468 770 medio,
1491 737 1538 765 sed
1562 738 1634 772 quod
1656 737 1704 764 tali

79 783 218 820 μὲνοῦνὴ
246 787 382 820 πρόφασις
407 787 456 820 τῆς
483 785 637 820 ἐπιστολῆς.
657 786 727 820 Ἐγὼ
753 786 781 812 δὲ
812 786 865 822 πρὸ

79 833 128 865 τῆς
141 831 308 866 ὀρμηθείσης
323 840 367 866 μοι
385 831 540 863 ὑποθέσεως
551 833 590 863 εις
601 832 631 858 τὸ
647 832 762 866 γράψαι,
777 833 865 858 ἐκεῖνο

79 877 221 912 ὑποδηλῶ·
243 878 283 904 ὅτι
298 877 348 904 οὐκ
371 878 546 909 ἀστενάκτως
565 877 612 904 καὶ
629 877 742 909 ἀπαθῶς
761 878 865 912 ἠνεγκα

76 923 128 959 τὴν
141 924 225 958 ἀκοὴν
242 923 289 949 τοῦ
307 922 424 949 θανάτου
441 923 490 958 τῆς
509 923 615 958 ἀγαθῆς
637 923 684 950 καὶ
700 923 865 958 ἀειμνήστου

77 969 214 1003 ὁμοζύγου
230 978 276 995 σου
286 977 292 984 ·
312 969 514 1004 ἐνθυμούμενος
537 969 635 1004 ἡλίκην
648 969 753 1004 πληγὴν
769 969 865 996 ἐλαϐεν

77 1015 96 1051 ἡ
109 1015 188 1050 τιμία
201 1024 248 1041 σου
259 1015 332 1050 ψυχὴ
343 1017 375 1051 τῇ
390 1015 540 1048 διαζεύξει·
553 1015 615 1042 ἐπεὶ
625 1014 660 1051 ἦν
673 1016 796 1052 μακαρία
811 1015 865 1042 τῶν

77 1061 163 1092 ὅντως
174 1062 323 1088 ἐπαινετῶν
335 1062 488 1096 γυναικῶν·
501 1063 563 1088 ὅσον
578 1063 631 1089 ἀπὸ
643 1063 691 1097 τῆς
705 1062 757 1096 ἔξω
768 1063 864 1097 ἀκοῆς,

77 1105 113 1142 ἧς
130 1108 228 1142 πεῖραν
248 1107 325 1141 κάγὼ
350 1108 453 1143 μικρὰν
467 1108 481 1134 ό
508 1108 646 1141 ταπεινὸς,
664 1108 744 1135 πλέον
757 1108 786 1134 δὲ
799 1109 867 1141 μᾶλ-

78 1152 124 1179 λον
139 1152 153 1178 ὸ
180 1152 314 1186 μακάριός
344 1161 395 1188 μου
418 1153 509 1187 πατὴρ
532 1152 644 1186 εἴληφε·
668 1152 703 1178 τὰ
721 1151 750 1178 δὲ
775 1152 866 1179 πάντα

79 1197 152 1224 κατὰ
174 1198 262 1224 πάντα
285 1198 365 1229 αὐτὸς
384 1195 422 1230 εἴ,
441 1198 520 1233 κύριε
539 1206 605 1232 μου,
631 1197 718 1229 εἰδώς.
742 1197 866 1232 Ἐκείνης

78 1244 131 1276 μὲν
143 1244 186 1278 εἴη
203 1243 234 1269 τὸ
255 1243 426 1279 μνημόσυνον
446 1244 515 1279 μετὰ
533 1244 656 1270 δικαίων.
673 1243 866 1278 Τεκμαίρομαι

78 1288 135 1322 γὰρ
159 1289 200 1314 ὃτι
226 1288 272 1314 καὶ
297 1287 440 1323 ὀρθύφρων
457 1285 492 1322 ἦν
517 1287 577 1314 λίαν
607 1287 677 1323 μετὰ
703 1287 753 1322 τῆς
783 1287 867 1322 ἄλλης

77 1335 191 1368 ἀρετῆς-

115 1468 154 1499 Οὗ
168 1473 196 1499 δὲ
211 1472 293 1508 χάριν
308 1473 338 1500 τὸ
351 1473 480 1508 γράμμα,
502 1473 635 1509 πρόδηλον
652 1475 685 1509 τῇ
702 1473 869 1508 μεγαλοφυεί

79 1526 129 1545 σου
145 1519 264 1555 ἐξουσίᾳ.
285 1519 426 1554 Ἑπιζητεῖ
438 1528 465 1545 σε
479 1520 493 1546 ὁ
508 1522 587 1554 χορὸς
598 1519 652 1546 τῶν
667 1519 850 1554 διδιωγμένων
860 1528 867 1535 ·

78 1565 251 1591 ἐπικαλεῖταὲ
264 1573 294 1592 σε
312 1566 325 1592 ό
337 1565 415 1599 λόγος
429 1565 477 1599 τῆς
492 1564 634 1597 ἀληθείας·
647 1564 661 1590 ὁ
683 1565 732 1598 μὲν
747 1565 785 1596 ὡς
806 1565 868 1599 φιλο

78 1610 182 1644 ευσεὸἦ
206 1610 253 1637 καὶ
279 1611 461 1646 φιλομὸναχον
483 1619 492 1627 σ
508 1612 522 1637 ὸ
544 1610 572 1636 δὲ
586 1610 625 1642 ὡς
646 1610 764 1646 ἐραστὴν
785 1611 870 1646 αὐτῆς

78 1657 330 1692 εὺπαρῤησίαστον.
361 1658 416 1692 Οὐχ
445 1657 486 1684 ὅτι
512 1658 562 1684 οὑκ
587 1657 719 1693 ὲκινὴθης
753 1658 805 1689 ἕως
822 1657 869 1684 τοῦ

78 1702 128 1728 νῦν
147 1703 299 1737 προμαχῶν
312 1704 490 1738 ἀμφοτέρων
517 1703 633 1738 ἐπείπερ
648 1703 805 1738 ¹ῐιικούσιιμεν
826 1700 870 1730 οἷα

80 1747 246 1781 θεοκινήτως
263 1747 310 1774 καὶ
336 1748 482 1782 πέπρακας
509 1748 555 1773 καὶ
571 1748 699 1783 λέλεχας’
716 1748 774 1775 ἀλλ’
797 1748 869 1780 ὅπως

79 1792 129 1819 καὶ
142 1792 211 1827 πρὸς
224 1792 255 1819 τὸ
269 1792 344 1828 ἑξῆς.
367 1792 448 1828 Ὁρᾷς
459 1814 466 1824 .
481 1793 601 1820 δέσποτα
621 1801 683 1828 μου,
700 1791 757 1820 οἶον
776 1794 806 1819 τὸ
821 1802 870 1820 κα-

80 1838 129 1864 κὸν
155 1839 205 1872 τῆς
231 1839 381 1873 αἱρέσεωςς
411 1839 478 1865 Οὐδὲ
506 1840 560 1874 γὰρ
584 1841 608 1865 el
635 1839 672 1875 μὴ
689 1840 867 1876 τηλικοῦτον,

78 1883 204 1910 τοσοῦτοι
227 1885 252 1910 οι
276 1885 441 1920 πάσχοντες,
457 1885 505 1912 καὶ
519 1886 639 1912 τοσαῦτα
659 1886 694 1913 τὰ
719 1886 871 1921 αἰκίσματα

79 1930 130 1956 καὶ
147 1930 313 1966 θλιπτήρια,
337 1931 355 1958 ἃ.
378 1933 474 1967 μέχρις
496 1932 619 1967 ἐσχάτων
643 1932 695 1966 τῆς
709 1934 871 1969 οἰκουμένης

79 1977 220 2012 διέδραμε.
244 1977 356 2009 Βλέπεις
373 1979 479 2005 καὶτὸν
503 1979 549 2005 τοῦ
570 1978 716 2011 διώξαντος
743 1979 870 2006 θάνατον.

80 2022 289 2058 Παρακλήθητι,
301 2024 539 2059 ὁεῦπαράκλητος.
551 2025 743 2060 Συγκινήθητι,
753 2027 767 2052 ὁ
783 2025 872 2052 050x5-

80 2076 172 2103 νητος.
200 2069 313 2104 Ὀρεξον
333 2071 410 2106 χεῖρα
434 2071 521 2105 χαμαὶ
540 2071 652 2106 κειμένῃ
669 2071 703 2106 τῇ
720 2070 781 2097 καθ’
793 2071 869 2106 ἡμᾶς

86 2115 238 2150 Ἐκκλησία
257 2116 319 2142 ὅσον
343 2116 480 2151 ἐνδέχεται
492 2124 499 2131 ⁸
516 2117 558 2151 ἐφ’
583 2117 644 2143 ὅσον
662 2118 738 2152 ἰσχὺς
751 2117 867 2152 λάλησον
884 2110 906 2138 Ῐ)

81 2162 122 2193 εἰς
137 2162 172 2188 τὰ
190 2158 248 2187 ὦτα
260 2161 307 2188 τοῦ
330 2162 458 2193 εὐσεὸοὖς
472 2162 551 2197 ἡμῶν
564 2162 696 2197 βασιλέως
711 2161 750 2189 ἑτι
766 2163 864 2196 ἀγαθά.

87 2207 174 2242 Ὑπὲρ
185 2206 303 2242 Χριστοῦ
317 2215 357 2233 σοι
367 2207 398 2233 τὸ
410 2207 566 2242 ἀγώνισμα,
580 2208 650 2242 ὑπὲρ
661 2208 710 2242 τῆς
723 2207 867 2239 Θεοτόκου,

82 2251 155 2286 ὑπὲρ
171 2251 280 2278 πάντων
304 2251 358 2278 τῶν
382 2251 477 2285 ἁγίων.
506 2252 573 2278 Οὐδὲ
590 2252 644 2287 γὰρ
663 2253 688 2278 εί
702 2260 743 2284 τις
759 2254 808 2287 τῆς
821 2252 868 2279 τοῦ

82 2296 216 2330 βασιλέως
229 2295 333 2327 εἰκόνος
351 2296 530 2331 ἀντεχόμενος
549 2296 624 2331 λέγει
641 2305 668 2323 τι
692 2297 709 2332 ἢ
732 2298 867 2333 πράσσει,

80 2339 155 2374 ἄλλῳ
170 2339 225 2366 τινὶ
248 2339 264 2375 ἢ
285 2339 323 2375 τῷ
342 2340 446 2375 βασιλεῖ
471 2341 612 2377 χαρίζεται
636 2342 682 2369 τὸν
696 2343 785 2377 λόγον.
815 2344 870 2371 Καὶ

82 2385 148 2421 περὶ
167 2386 227 2418 ἑνὸς
242 2386 320 2420 ἁγίου
339 2387 364 2413 εἰ
381 2385 415 2422 ἦν
429 2387 460 2414 τὺ
481 2387 646 2423 λεγόμενον*
673 2389 802 2424 μέγιστόν
827 2398 869 2416 σοι

82 2432 113 2458 τὺ
127 2430 220 2459 ἆθλον.
238 2433 324 2460 Ὅπου
339 2433 368 2459 δὲ
398 2433 525 2470 Χριστὸν,
552 2435 599 2461 καὶ
616 2435 687 2470 ὑπὲρ
710 2436 827 2470 Χριστοῦ
852 2437 869 2471 ἡ

82 2477 245 2513 διὰπραξις·
270 2477 325 2515 ἆρα
346 2480 406 2515 οὐχὶ
429 2481 501 2516 χαρά
519 2489 576 2512 σοι,
592 2481 655 2514 δόξα
669 2490 699 2508 τε
723 2482 770 2508 καὶ
783 2483 870 2516 ἀγαλ-

84 2524 186 2556 λίασις,
200 2525 248 2551 σὺν
259 2526 343 2562 πολλῇ
359 2526 498 2563 προθυμίᾳ
512 2528 571 2554 ὃλον
585 2528 698 2555 σεαυτὸν
710 2529 869 2562 ὲπιδοῦναι;

83 2569 156 2602 Ναὶ,
173 2569 252 2604 κύριέ
271 2579 320 2605 μου
345 2572 505 2608 ἀειπόθητε,
529 2573 678 2600 ἑκδυσωπῶ
692 2573 770 2608 κάγὼ
785 2575 800 2601 ὁ
823 2575 871 2602 τά-

84 2615 144 2646 ὶας.
164 2616 220 2642 Καὶ
239 2616 326 2648 ἄλλως
341 2617 383 2644 ὅτι
403 2618 469 2654 ἡμῖν
495 2618 587 2651 αὐτοῖς
604 2613 804 2656 εὖεργετοῦμεν
823 2621 870 2648 τοῦ

85 2660 178 2686 κοινοῦ
195 2661 398 2695 φροντίζοντες”
418 2663 534 2700 ἐπείπερ
550 2665 732 2701 συννοσοῦμεν
744 2674 750 2681 ·
776 2667 827 2694 κᾶν
840 2668 870 2694 οὐ

87 2706 246 2740 φρονήματι
266 2707 404 2744 στρεωῲ,
430 2710 505 2745 ὅμως
528 2711 550 2738 δ’
578 2710 624 2739 οὖν
644 2714 819 2749 χραινόμενοι
837 2716 869 2750 τῇ

88 2750 213 2788 αἱρετικῇ
245 2754 381 2783 κοινωνία,
410 2756 483 2792 Αὕτη
507 2757 580 2785 ἐστὶν
603 2759 620 2793 ὴ
651 2760 765 2796 ταπεινὴ
793 2761 871 2796 ἡμων

916 787 1008 814 modo.
1035 787 1098 814 Haec
1124 794 1204 820 porro
1225 786 1306 820 hujus
1334 785 1456 820 epistola:
1483 784 1605 819 prwl'atio
1629 788 1700 811 esto.

915 833 993 860 Nunc
1004 840 1068 860 vero
1085 837 1232 866 antequam
1246 831 1280 858 ad
1297 831 1466 865 propositum
1483 830 1548 856 mibi
1565 830 1704 857 scribendi

915 884 1105 913 argumentum
1121 878 1275 913 aggrediar,
1295 877 1366 904 istud
1381 877 1468 903 obiter
1488 876 1630 911 signitico;
1649 883 1705 902 non

917 925 976 953 sine
992 925 1066 951 luctu
1086 924 1237 958 intimoque
1254 930 1335 950 sensu
1362 922 1465 949 doloris
1491 923 1631 956 accepisse
1660 928 1705 948 me

917 970 1042 997 nuntium
1064 970 1096 996 de
1112 969 1187 996 obitu
1201 969 1312 1003 optimae
1326 972 1483 1002 aeternaque
1507 967 1640 994 memoria
1662 967 1706 993 di-

917 1024 976 1052 gna:
992 1015 1117 1050 conjugis
1133 1020 1186 1042 tua:
1201 1024 1207 1041 :
1234 1022 1296 1041 cum
1317 1013 1388 1048 apud
1410 1021 1452 1040 me
1477 1019 1600 1045 rcputem
1617 1020 1706 1047 quan-

916 1067 974 1090 tum
988 1063 1039 1090 hac
1063 1061 1248 1096 disjunctione
1266 1060 1418 1087 veneranda
1438 1059 1529 1086 anima
1546 1063 1592 1086 tua
1605 1058 1707 1085 vulnus

916 1109 1054 1143 acceperit
1069 1117 1076 1135 :
1091 1106 1312 1142 quandoquidem
1335 1106 1399 1133 felix
1423 1106 1468 1132 illa
1489 1113 1553 1132 vere
1579 1105 1649 1131 inter
1666 1103 1706 1131 fe-

916 1154 1005 1181 minas
1037 1153 1188 1180 laudabiles
1215 1152 1329 1186 exstitit,
1345 1156 1477 1187 quantum
1498 1152 1608 1186 quidem
1632 1151 1706 1178 fauilla

915 1200 1054 1235 popularis
1084 1199 1187 1231 retulit,
1217 1199 1297 1233 cujus
1323 1199 1382 1226 leve
1411 1199 1633 1233 experimentqu
1655 1203 1709 1232 ego

917 1246 1040 1278 humilis,
1057 1246 1141 1272 multo
1155 1253 1222 1272 vero
1233 1245 1322 1278 majus
1335 1245 1433 1272 beatus
1450 1249 1528 1279 pater
1553 1252 1631 1271 meus
1656 1251 1704 1269 ac-

916 1293 987 1327 cepit
1001 1301 1008 1319 :
1026 1291 1119 1319 omnia
1133 1299 1197 1319 vero
1209 1292 1322 1318 omnino
1341 1292 1409 1326 ipse,
1426 1290 1540 1317 Domine
1553 1290 1603 1321 mi,
1621 1290 1705 1324 probe

916 1337 998 1366 nosti.
1012 1336 1054 1364 Sit
1066 1342 1157 1364 autem
1171 1337 1244 1365 illius
1256 1337 1385 1364 memeria
1398 1336 1561 1371 cumjustis.
1575 1336 1620 1363 Sic
1633 1336 1707 1362 enim

917 1382 1034 1417 conjicio
1050 1391 1057 1409 :
1071 1382 1202 1417 quoniam
1220 1386 1318 1417 praeter
1337 1386 1449 1410 czeteras
1471 1382 1584 1408 virtutes
1610 1386 1702 1408 erecto

919 1428 1081 1462 excelsaque
1093 1427 1185 1454 animo
1202 1426 1263 1454 fuit.

955 1473 1021 1508 Quae
1034 1474 1070 1501 sit
1087 1478 1177 1501 autem
1193 1472 1335 1500 scribendi
1353 1478 1436 1499 causa
1447 1492 1454 1504 ,
1479 1471 1630 1506 magniﬁca:
1653 1475 1710 1498 tua!

919 1519 1046 1556 potestati
1059 1519 1155 1554 liquet.
1171 1517 1257 1545 Tuam
1271 1517 1398 1552 implorat
1409 1525 1488 1553 opem
1505 1521 1594 1544 coetus
1608 1524 1704 1543 eorum

919 1567 966 1602 qui
987 1565 1202 1601 persecutionem
1232 1564 1398 1599 patiuntur:
1430 1564 1539 1590 invocat
1565 1568 1591 1590 te
1615 1569 1708 1590 sermo

919 1612 1063 1640 veritatis:
1076 1611 1121 1638 ille
1141 1611 1262 1646 quidem.
1286 1615 1316 1636 ut
1333 1610 1441 1644 pictatis
1466 1613 1651 1644 peramantem
1674 1615 1707 1636 ac

921 1658 1116 1686 monachorum
1133 1666 1140 1684 :
1156 1657 1217 1688 iste,
1232 1661 1263 1683 ut
1284 1655 1326 1683 sui
1347 1659 1510 1688 amatorem,
1529 1654 1555 1681 in
1569 1654 1707 1688 loquendo

921 1704 1047 1731 liberum.
1062 1702 1120 1729 Non
1136 1702 1208 1737 quod
1228 1710 1282 1728 non
1303 1701 1367 1728 olim
1389 1708 1477 1735 usque
1495 1700 1522 1727 in
1545 1700 1618 1727 hunc
1633 1699 1706 1726 diem

921 1757 970 1785 pro
986 1749 1110 1783 utrisque
1122 1748 1219 1775 acriter
1227 1747 1385 1780 dimicaris;
1399 1746 1556 1773 audivimus
1568 1746 1707 1773 enimvero

921 1795 1011 1832 qualia
1046 1794 1092 1821 Dei
1129 1793 1246 1828 impulsu
1271 1793 1358 1828 egeris
1381 1792 1530 1825 dixerisve;
1565 1792 1612 1819 sed
1636 1795 1707 1819 utet

921 1843 1059 1877 deinceps.
1077 1841 1168 1872 Vides.
1190 1840 1299 1867 domine
1317 1839 1366 1871 mi,
1384 1843 1485 1874 quanta
1505 1838 1640 1866 haereseos
1656 1838 1708 1864 im-

921 1890 1043 1925 probitas
1077 1888 1131 1916 sit?
1157 1886 1250 1922 Neque
1272 1886 1357 1918 enim,
1386 1885 1439 1912 nisi
1472 1889 1545 1912 tanta
1572 1885 1653 1915 foret.
1669 1888 1708 1911 tot

921 1940 1012 1964 essent
1024 1935 1069 1970 qui
1085 1939 1252 1968 paterentur:
1269 1939 1319 1959 nec
1333 1937 1371 1959 tot
1385 1931 1558 1959 contumelia:
1568 1935 1592 1958 et
1605 1938 1707 1957 zerum-

922 1990 974 2013 nm.
995 1989 1056 2016 qua:
1069 1980 1101 2006 ad
1119 1980 1230 2007 ultimos
1254 1978 1328 2005 orbis
1343 1982 1480 2005 terrarum
1497 1977 1600 2004 limites
1615 1984 1708 2011 perve-

922 2035 996 2054 nere.
1010 2026 1105 2054 Cernis
1117 2031 1144 2053 ct
1156 2025 1344 2060 persoquentis
1357 2024 1473 2051 obitum.
1484 2024 1616 2050 Solatium
1630 2031 1706 2058 cape,

920 2074 965 2110 qui
983 2073 1060 2100 facile
1079 2072 1145 2099 illud
1171 2071 1304 2098 admittis.
1332 2070 1539 2101 Cou'uuoveare.
1559 2070 1633 2104 quia
1652 2070 1707 2096 lico

920 2119 1048 2147 moveris.
1076 2117 1184 2144 Manum
1220 2117 1329 2152 porrige
1356 2115 1432 2142 humi
1450 2116 1551 2150 jacenti
1580 2115 1708 2143 Ecclesiae

920 2170 1029 2196 nostrae,
1045 2168 1176 2198 quantum
1190 2169 1233 2190 res
1246 2163 1348 2197 patitur
1362 2171 1368 2188 :
1397 2166 1531 2196 quantum
1554 2165 1642 2195 potes.
1659 2161 1708 2187 ad-

919 2211 974 2238 huc
988 2211 1013 2237 in
1032 2217 1124 2237 aurem
1142 2209 1178 2244 pii
1194 2208 1279 2236 nostri
1304 2208 1476 2243 imperatoris
1497 2208 1541 2234 dic
1557 2209 1635 2235 bona.
1656 2207 1708 2234 Pro

920 2257 1030 2284 Christo
1058 2256 1106 2283 tibi
1139 2260 1287 2287 certamen,
1315 2261 1366 2289 pro
1398 2253 1524 2288 Deipara,
1541 2261 1589 2288 pro
1603 2253 1707 2280 sanctis

920 2301 1057 2329 omnibus.
1083 2299 1176 2335 Neque
1197 2299 1267 2326 enim
1298 2299 1320 2326 si
1358 2299 1420 2333 quis
1450 2298 1621 2333 imperatoris
1650 2305 1709 2323 am-

921 2347 1019 2382 plexus
1043 2346 1200 2380 imaginem,
1217 2344 1321 2379 aliquid
1336 2344 1402 2371 dicit
1417 2348 1463 2370 aut
1485 2343 1561 2375 facit,
1591 2343 1707 2370 alterum

920 2393 1073 2428 quempiam
1093 2399 1175 2426 quam
1197 2391 1387 2425 imperatorem
1408 2398 1536 2418 sermone
1551 2390 1706 2424 compellat.

920 2439 969 2471 Ac,
983 2439 1004 2465 si
1020 2446 1104 2465 unum
1125 2445 1140 2465 e
1152 2438 1255 2464 sanctis
1272 2437 1329 2464 haec
1349 2444 1431 2464 causa
1447 2441 1595 2471 spectaret.
1611 2437 1708 2471 ingens

920 2488 1045 2511 maneret
1063 2489 1089 2511 te
1105 2483 1259 2519 praemium.
1289 2483 1338 2511 Ubi
1370 2490 1436 2510 vero
1456 2483 1593 2515 Christus,
1614 2488 1640 2509 et
1657 2490 1707 2517 pro

920 2530 1029 2558 Christo
1055 2530 1192 2566 negotium
1211 2534 1274 2561 est;
1294 2537 1348 2556 non
1368 2529 1415 2556 tibi
1439 2528 1542 2559 lzelitia,
1561 2528 1656 2562 gloria,
1680 2533 1708 2555 et

920 2576 1065 2604 exsultatio
1077 2580 1128 2608 cst,
1151 2583 1212 2602 cum
1235 2575 1336 2609 ingenti
1361 2573 1501 2602 alacritate
1524 2574 1640 2607 teipsum
1665 2578 1707 2600 to-

921 2627 977 2650 tum
995 2622 1169 2657 impendere?
1184 2620 1293 2656 Utique,
1326 2621 1441 2648 Domine
1462 2619 1498 2647 mi
1527 2620 1705 2647 desideratis-

921 2669 999 2701 sime,
1024 2668 1136 2696 obsecro
1151 2672 1177 2694 et
1191 2674 1242 2702 ego
1267 2667 1359 2694 miser.
1380 2666 1543 2701 Quanquam
1561 2670 1587 2693 et
1607 2670 1708 2693 nomne

921 2716 1040 2750 ipsorum
1057 2713 1165 2740 utilitati
1180 2713 1325 2746 servimus,
1339 2721 1402 2740 cum
1416 2713 1529 2747 publica
1545 2713 1581 2739 rei
1600 2713 1706 2746 prospi-

921 2761 1031 2790 cimus:
1058 2759 1279 2795 quandoquidem
1307 2760 1365 2795 pari
1401 2761 1494 2788 morbo
1523 2760 1705 2787 laboramus:
