1923 3078
242 88 310 121 1315

832 95 862 126 S.
880 95 1079 126 THEODORI
1097 95 1272 126 STUDlT/E

1799 89 1865 122 miti

237 152 292 172 non
304 146 376 180 quod
395 153 522 180 perverse
537 146 697 181 sentiamus,
722 149 769 177 sed
784 151 858 184 quod
880 151 1022 178 haeretico-

1076 150 1213 185 ἐξαίτησις
1227 170 1234 181 ,
1259 149 1338 176 τοῦτο
1365 149 1396 175 τὸ
1413 148 1577 184 ὑπόμνημαο
1602 147 1650 174 καὶ
1673 147 1715 180 ἦτι
1733 148 1780 174 καὶ
1798 148 1865 178 ὑπὲρ

236 198 298 218 rum
318 193 566 221 communicatione
580 194 765 228 inquinamur.
782 195 881 223 Nostra
897 197 955 224 haec
970 197 1023 223 hu-

237 237 311 264 milis
327 239 472 272 postulatio
482 244 535 271 est,
554 239 599 267 hic
620 245 714 268 uoster
737 241 866 270 libellus:
895 248 922 270 et
950 244 1023 278 quod

236 283 279 309 Vel
297 291 346 317 pro
360 284 431 311 bono
445 285 578 312 dumtaxat
601 293 727 313 scrmone
745 295 800 314 non
823 289 1024 316 contemnenda

237 326 284 353 tibi
308 335 412 355 merces
441 330 558 363 reposita
578 330 635 362 sit;
662 331 748 357 multo
763 333 850 366 magis
879 340 928 367 pro
948 337 1024 360 tanto

236 371 337 405 labore,
366 379 498 409 quantum
524 380 549 402 te
582 375 653 403 ultro
679 377 836 410 suscepisse
858 377 1024 412 accepimus.

1078 197 1158 231 λόγου
1183 195 1276 227 ἁπλῶς
1300 194 1404 230 ἀγαθοῦ
1431 195 1482 221 οὐκ
1509 194 1744 229 εὐκαταφρόνητοι
1777 193 1866 228 μισθοξ

1080 251 1122 269 σοι
1136 243 1312 268 ἀπόκεινται·
1342 240 1380 276 μὴ
1397 241 1438 267 ὅτι
1462 249 1494 274 γε
1521 239 1640 274 τοσούτῳ
1658 239 1750 274 μόχοῳ
1772 238 1867 264 ἑαυτὴν

1078 287 1254 319 ὲπιδώσαντι,
1271 286 1341 313 καθὰ
1364 286 1533 321 ἠκούσαμεν.
1559 285 1643 317 Σώζοι
1668 294 1697 311 σε
1711 286 1728 320 ή
1749 284 1866 319 κραταιὰ

1079 333 1140 368 χεὶρ
1154 332 1202 359 τοῦ
1219 332 1298 363 Θεοῦ,
1315 332 1361 358 τὸν
1378 331 1416 363 ὡς
1434 330 1544 367 ἀληθῶς
1557 331 1732 365 ἅξιάγαστον,
1755 331 1804 356 καὶ
1819 330 1866 365 τῆς

1081 379 1233 414 συγκλήτου
1247 377 1452 413 πρωτόσαορον.

236 421 333 449 Servet
347 426 372 448 te
395 422 558 450 incolumem
572 430 725 460 praepotens
741 424 788 451 Dei
811 433 918 458 manus,
934 426 1021 453 virum
1056 427 1179 462 profecto
1211 428 1324 464 dignum
1351 426 1541 458 admiratione,
1563 425 1747 460 eamdemque
1763 424 1865 459 princi-

235 475 296 502 pem
309 473 430 495 senatus.

269 524 400 553 LXXVII.
431 541 466 546 —-
491 526 597 554 Sanctis
630 528 825 561 confessoribux
861 528 988 556 Pluribus

533 561 724 597 patribusque.

1073 528 1132 556 OZ'.
1158 543 1192 550 ——
1209 528 1273 561 Τοῖς
1295 527 1392 562 ἁγίοις
1418 526 1617 563 ἅλινολογητξςιῖς
1653 524 1788 563 Πατρᾴσι
1817 523 1863 549 καὶ

1335 562 1486 596 ἀδελφοῖς.
1505 560 1600 597 [υιιζθ

568 629 605 653 De
616 629 778 660 imperatoris
788 629 941 655 Iconomachi
953 631 1030 661 obitu,
1042 631 1123 662 deque
1137 629 1318 662 persecutionis
1329 631 1376 654 line
1390 629 1536 660 gratulatur.

268 682 346 708 Nunc
359 686 466 716 tempus
481 682 653 710 erclamandi
669 692 732 711 cum
754 683 866 717 Davide,
881 692 913 712 ac
929 685 1024 712 dicen-

231 727 260 755 di
274 737 280 754 :
295 727 445 761 Exsultate,
453 729 534 763 justi,
549 730 575 755 in
589 729 700 756 Domino
719 738 728 756 :
739 736 822 757 rectos
835 731 906 757 decet
925 731 1027 757 colluu-

232 774 306 800 dutio
317 775 351 801 ²¹.
371 774 481 801 Caritate
493 775 528 806 ei,
546 779 570 802 et
583 775 689 810 psallite
703 776 756 803 ei"
771 784 780 802 :
795 778 924 811 quoniam
940 785 1026 804 exalt-

233 821 299 847 divit
319 821 460 852 Dominus,
480 829 542 848 cunt
559 823 687 850 omnibus
714 823 761 857 qui
783 827 848 850 sunt
865 823 923 858 pari
939 823 1023 858 gloria

1109 684 1167 711 Νῦν
1181 684 1275 718 καιρὸς
1285 683 1417 718 ὲκὸοῆσαι
1439 682 1510 716 μετὰ
1527 682 1573 708 τοῦ
1587 676 1678 712 Δαυῒδ,
1695 682 1744 708 καὶ
1760 680 1864 708 εἰπεῖν-

1081 729 1289 766 Ἀγαλλιᾶσθε,
1300 730 1418 761 δίκαιοι,
1435 729 1470 755 ἐν
1483 730 1509 754 Κ
1511 729 1590 762 trp/qr
1607 728 1669 761 τοῖς
1680 729 1781 755 εὐθέσι
1797 729 1866 762 πιέ-

1075 784 1124 803 πει
1141 777 1268 809 alveo/gn
1288 777 1394 811 ᾊσιιτε
1409 774 1499 807 αὐτῷ,
1513 774 1562 801 καὶ
1579 774 1698 808 Ψάλατε
1715 775 1809 807 αὐτῷ·
1826 776 1864 802 ὅτι

1075 824 1214 858 ὲπακήκοε
1236 822 1347 858 Κύριος,
1362 822 1410 848 σὺν
1432 821 1518 849 ἅπασι
1534 822 1589 852 τοῖς
1607 821 1766 852 ῐσοκλεέσιν,
1784 822 1860 855 ὑμῶν

232 867 349 900 praediti,
377 871 482 894 vestras
506 867 633 895 assiduas
649 876 756 903 preces.
774 857 878 904 Ecquid
899 857 964 903 ergo
983 869 1022 896 fa-

1076 868 1125 902 τῆς
1141 857 1269 899 ἐκτενοῦς
1281 857 1284 858 ν
1296 866 1447 902 ἱκετηρίας.
1476 866 1530 892 Καὶ
1545 866 1571 892 τί
1596 866 1721 898 γέγονενς
1743 866 1838 892 Ὠλετο
1852 868 1865 893 6

231 918 306 939 ctum
333 913 392 939 est?
419 912 502 940 Periit
524 914 634 948 impius,
665 914 802 942 contritus
826 918 868 942 est
898 915 944 949 qui
974 923 1023 942 nos

232 955 377 984 cauit-bat:
409 957 514 984 vicistis
550 957 635 984 filiuni
669 957 854 992 iniquitatis:
884 958 1021 985 furentem

232 1002 348 1029 belluam
367 1003 564 1037 prostravistis,
585 1007 703 1030 mentem
723 1011 890 1038 perversam.
913 1000 935 1030 0
950 1005 1023 1029 desi-

231 1047 407 1081 tleratissitni,
422 1056 503 1082 quam
515 1053 612 1083 potens
633 1052 675 1076 est
688 1049 800 1084 sanguis
817 1049 924 1076 vester!
947 1048 1024 1076 Hanc

231 1091 277 1120 ille
298 1098 412 1127 pestem,
435 1093 509 1120 hunc
531 1093 689 1121 carnilicem
709 1094 864 1122 exstinxit:
882 1095 927 1121 ille
942 1094 1023 1122 dete-

231 1139 358 1166 stamlum
382 1139 526 1167 homicida:
553 1141 715 1175 sanguinem
755 1140 853 1167 fudit:
886 1140 1023 1175 siquidem

231 1185 367 1220 pollicitus
391 1191 431 1212 est
462 1186 506 1213 ille
527 1186 574 1220 qui
595 1193 677 1213 verax
701 1191 752 1218 est,
778 1185 836 1213 fore
853 1191 882 1213 ut.
905 1187 1024 1221 praebeat

231 1239 312 1258 aures
328 1232 361 1259 iis
380 1232 426 1266 qui
441 1231 560 1259 clamant
571 1232 605 1259 ad
624 1240 654 1259 se
668 1237 749 1259 nocte
766 1240 798 1259 ac
815 1233 869 1264 die,
889 1237 918 1259 ut
935 1239 1022 1260 sacra:

230 1278 336 1312 pagina:
351 1278 510 1312 loquuntur.
522 1276 611 1309 Disce,
624 1277 727 1305 Christi
741 1282 923 1312 contemptor,
936 1286 1022 1312 quan-

231 1328 288 1350 tuni
301 1323 372 1350 illius
394 1330 447 1350 vox
463 1323 562 1355 valeat,
574 1323 654 1357 cujus
672 1331 769 1351 carnes
786 1325 922 1352 lacerasti.
943 1324 1019 1357 Vide,

231 1369 389 1404 perduellis.
406 1373 539 1404 quantum
555 1369 688 1397 adversus
702 1369 843 1397 Christum
859 1368 1019 1405 profeceris.

230 1415 365 1448 Quoniam
390 1415 522 1443 adversus
547 1416 689 1443 stimulum
712 1416 877 1449 calcitrasti,
897 1416 1020 1451 dejectns

229 1470 260 1489 es
276 1461 303 1488 in
317 1469 437 1496 pratceps
451 1469 512 1488 cutn
537 1463 667 1497 strepitu:
691 1470 747 1489 non
769 1463 876 1490 viscera
903 1463 1017 1498 quidem

230 1513 287 1541 tua,
312 1509 358 1553 sed
378 1510 529 1538 sceleratus
561 1518 643 1538 cruor
666 1511 770 1538 effusus
792 1511 944 1546 tergemino
966 1511 1057 1562 vul~c

176 1551 179 1553 ’
230 1563 306 1588 nere,
321 1551 422 1591 quippe
445 1556 493 1590 qui
515 1555 675 1584 Trinitatem
694 1557 841 1584 oﬂ‘enderis
856 1565 903 1592 per
919 1563 1019 1585 contu-

229 1602 338 1629 meliam
363 1607 464 1630 sanctae
486 1602 599 1637 imagini
618 1602 722 1630 Christi
742 1603 857 1631 illatam.
879 1604 930 1631 Abi
958 1612 1021 1631 cum

229 1647 309 1679 Juda.
332 1649 432 1684 quippe
457 1649 504 1684 qui
524 1650 562 1677 sis
585 1649 663 1677 Iuda:
677 1655 768 1677 mente
780 1650 889 1678 similis.
905 1649 1021 1678 Obviam

230 1695 267 1722 ito
280 1695 353 1722 Patri
365 1700 412 1723 tuo
426 1694 588 1731 Uralyphio,
603 1697 647 1723 cui
662 1703 676 1723 a
690 1696 803 1724 Caballo
822 1704 933 1724 nomen.
957 1697 1022 1724 Bibe

229 1741 282 1769 hoc
297 1742 425 1776 primum,
439 1742 514 1769 utait
525 1743 706 1777 propheta“:
721 1747 750 1770 et
764 1742 790 1770 id
807 1743 879 1777 quod
895 1743 1023 1770 acerbius

229 1786 256 1814 in
275 1788 440 1815 novissimis.

264 1832 348 1863 Proh.
380 1833 427 1868 qui
450 1833 521 1861 illius
552 1833 602 1860 fuit
623 1833 648 1860 in
676 1834 815 1861 Christum
844 1833 940 1861 furori
963 1842 1024 1869 qum

229 1883 319 1905 vestra
346 1878 508 1906 confessio!
537 1878 591 1906 Vos
627 1880 677 1906 viri
709 1879 848 1907 Christum
874 1884 1022 1914 gestantes,

231 1923 336 1950 alumni
353 1924 473 1958 pietatis,
490 1925 702 1953 immortalitatis
714 1931 861 1960 unguenta,
872 1926 1023 1960 triumpha-

231 1974 304 1998 tores
327 1970 442 1997 inimici.
474 1969 530 1998 Vos
554 1970 681 1999 Ecclesia).
709 1972 795 2003 nervi,
821 1971 1022 1999 ﬁrmamentum

230 2015 304 2047 ﬁdei,
325 2016 399 2043 orbis
419 2016 540 2043 universi
564 2017 659 2044 decus.
684 2016 912 2052 Auspicatissima
940 2018 1023 2044 vestri

230 2061 362 2087 memoria
375 2065 427 2092 est,
446 2069 528 2096 quam
542 2066 570 2088 et
585 2061 675 2089 futura
688 2066 754 2089 mtas
774 2062 899 2096 excipiet.
916 2061 1022 2090 Corona

228 2111 319 2132 vestra
351 2106 480 2138 caelestis,
514 2107 667 2134 divinarum
698 2108 806 2134 laudum
839 2108 950 2135 ﬂoribus
973 2108 1024 2136 rite

229 2156 366 2178 contexta.
392 2151 462 2185 Quid
487 2153 584 2180 deinde
611 2153 746 2187 reliquum
771 2157 822 2186 est,
843 2153 895 2181 nisi
915 2159 944 2180 ut
967 2153 1023 2180 Deo

1074 913 1186 948 ἀσεϐὴς,
1203 913 1347 948 συνετρίϐη
1363 913 1376 938 6
1392 912 1501 938 κάπτων
1520 912 1604 946 ἡμᾶς.
1631 911 1803 946 Νενικὴκατε
1821 912 1864 938 τὶν

1073 959 1122 992 τῆς
1137 959 1269 992 πονηρίας
1283 957 1341 984 υἱόν
1351 966 1358 973 ο
1375 957 1540 984 κατεϐάλετε
1554 956 1585 982 τὸ
1598 956 1693 992 θηρίον
1707 957 1757 990 τῆς
1769 957 1863 992 ὀργῆς,

1073 1005 1118 1031 τον
1139 1004 1337 1038 σκολιόγνωμον
1351 1004 1421 1030 νοῦν.
1437 1002 1473 1029 Ὦ
1488 1024 1495 1035 ,
1509 1001 1532 1030 ὦ
1558 1003 1718 1038 τριπόθητοι
1735 1012 1743 1019 ·
1771 1000 1815 1029 οἵα
1832 1004 1864 1029 τὰ

1074 1048 1179 1085 αἵματα
1201 1050 1276 1084 ὑμῶν
1290 1050 1391 1076 δυνατὰ
1409 1050 1416 1077 i
1435 1049 1505 1076 Τάδε
1522 1049 1640 1085 ἔρῤαξαν
1664 1049 1710 1075 τὸν
1726 1048 1864 1084 ἀλάστορα

1074 1096 1226 1130 κολαστήν⁸
1242 1096 1328 1122 ταῦτα
1343 1096 1481 1122 ὲκένωσαν
1497 1095 1528 1122 τὸ
1549 1095 1646 1129 ἐναγὲς
1668 1093 1738 1128 αἷμα
1753 1095 1800 1120 τοῦ
1820 1104 1866 1129 qo-

1073 1141 1167 1168 νευτοῦ
1178 1149 1185 1156 ’
1200 1142 1279 1176 εἴπερ
1291 1141 1439 1168 ὑπακούειν
1451 1142 1465 1167 6
1480 1141 1600 1175 ἀψευδὴς
1614 1135 1797 1175 ἐπηγγείλατο
1812 1142 1866 1166 τιῗιν

1075 1187 1200 1222 βοώντων
1217 1188 1286 1222 πρὸς
1302 1187 1383 1213 αὑτὸν
1399 1187 1498 1218 νυκτὸς
1514 1187 1561 1213 καὶ
1578 1187 1696 1222 ἡμέρας,
1710 1186 1783 1213 καοά
1798 1195 1866 1220 φησι

1072 1234 1106 1260 τὰ
1121 1233 1216 1267 Λόγια.
1238 1233 1315 1260 Μὰθε
1330 1253 1337 1264 ,
1353 1233 1522 1268 Χρίστυσρι,
1535 1233 1596 1259 ὅσον
1618 1232 1727 1267 ἴσχυσεν
1742 1233 1759 1266 ἡ
1782 1233 1829 1267 βοὴ
1845 1230 1866 1266 ᾧ

1073 1278 1220 1315 [Reg.cud.
1244 1275 1459 1315 ὦν1κατέξανας
1481 1279 1530 1308 τὰς
1553 1279 1667 1313 σάρκας.
1695 1278 1777 1309 Ἰσθι,
1798 1288 1867 1313 μυσ-

1074 1325 1165 1360 ἀρχα,
1189 1324 1281 1360 ἡλίκον
1311 1333 1353 1351 σοι
1376 1325 1406 1351 τὸ
1435 1324 1506 1351 κατὰ
1532 1324 1651 1359 Χριστοῦ
1671 1325 1865 1358 ἀποτέλεσμαο

1072 1371 1166 1406 ἐπειδὴ
1182 1371 1250 1406 πρὸς
1267 1371 1370 1406 κέντρα
1387 1370 1522 1402 λακτίζων
1535 1368 1579 1405 ἧς,
1592 1370 1731 1405 ἑλάκησας
1745 1369 1864 1405 πρηνής·

1072 1417 1186 1452 ἐξεχύθη
1206 1418 1296 1449 σου,εἰ
1316 1418 1362 1443 καὶ
1375 1417 1405 1443 οὐ
1418 1417 1453 1443 τὰ
1471 1417 1623 1452 σπλάγχνα,
1640 1417 1707 1443 ἀλλὰ
1723 1417 1754 1443 τὸ
1768 1417 1866 1450 ἐναγὲς

1073 1462 1153 1498 αἷμα,
1169 1464 1296 1498 ἐντομαῖς
1320 1463 1420 1498 τρισὶν,
1443 1463 1480 1494 ὡς
1495 1465 1527 1498 τῇ
1544 1463 1639 1498 Τριάδι
1654 1463 1865 1498 προσκρούσαν-

1072 1518 1134 1541 τος,
1157 1509 1201 1536 διὰ
1225 1509 1275 1543 τῆς
1297 1509 1402 1544 ῠΰρεως
1424 1510 1475 1544 τῆς
1498 1509 1579 1543 ἁγίας
1600 1509 1704 1540 εἰκόνος
1732 1510 1865 1544 Χριστοῦ.

1076 1555 1169 1582 Ἄπιθι
1199 1556 1269 1590 μετὰ
1293 1555 1339 1583 τοῦ
1361 1555 1456 1588 Ἰούδα,
1470 1555 1664 1591 Ὶουδαῐοφρον.
1686 1556 1804 1590 Σύντυχε
1825 1556 1865 1590 τῷ

1075 1602 1159 1636 πατρί
1182 1610 1229 1627 σου
1255 1601 1420 1636 Οὺραλυφίῳ
1445 1601 1674 1636 Καὸαλλωνύμῳ.
1709 1602 1758 1628 llis.
1785 1601 1866 1627 τοῦτο

1075 1647 1192 1682 πρῶτον,
1205 1646 1242 1678 ὦς
1254 1656 1336 1682 φησιν
1349 1647 1362 1673 6
1375 1647 1533 1684 προφήτης.
1547 1647 1593 1674 καὶ
1604 1647 1634 1673 το
1645 1647 1808 1682 δριμύτερον
1820 1647 1864 1673 ἐπ’

1074 1694 1207 1728 ἐσχάτων.

1110 1835 1142 1860 Ὢ
1155 1835 1203 1868 τῆς
1222 1833 1327 1860 ἐκείνου
1346 1833 1566 1867 Χριστομανὶας,
1586 1831 1634 1858 καὶ
1654 1832 1704 1866 τῆς
1727 1831 1866 1866 ὑμετέρας

1074 1880 1234 1914 ὁμολογίαςε
1258 1879 1351 1914 Ὑμεῖς
1377 1878 1472 1913 ἄνδρες
1492 1878 1691 1913 Χριστοφόροι,
1717 1877 1866 1913 Θρέμματα

1074 1925 1226 1957 εὐσεὸείας,
1246 1925 1407 1960 μυρίσματα
1420 1924 1580 1956 ἀθανασίας,
1598 1923 1804 1958 στηλιτεύματα
1818 1923 1866 1949 τοῦ

1075 1972 1184 2008 ἐχθροῦ.
1219 1971 1314 2006 Ὑμεῖς
1343 1971 1426 2006 νεῦρα
1448 1972 1498 2004 τῆς
1527 1969 1707 2005 Ἐκκλησιας,
1724 1969 1869 2004 ἑδραίωμα

1075 2018 1207 2050 πίστεως,
1226 2018 1304 2049 κλέος
1324 2019 1356 2053 τῇ
1373 2017 1418 2052 ὑφ’
1432 2017 1510 2052 ἡλίῳ.
1533 2016 1627 2051 Ὑμῶν
1643 2015 1674 2041 τὸ
1691 2016 1867 2050 μνημόσυνον

1075 2064 1173 2095 αἶσιον,
1199 2063 1213 2090 ὅ
1234 2064 1282 2090 καῖ⁵
1297 2065 1311 2091 6
1337 2064 1440 2099 μέλλων
1465 2062 1621 2095 ὺποδέξοιτο
1643 2061 1752 2097 χρόνος.
1770 2061 1868 2095 ’Υμιῖνι

1074 2110 1104 2136 τὸ
1131 2110 1297 2144 στεφάνωμα
1321 2110 1459 2144 οὐράνιον,
1485 2110 1542 2139 τοῖς
1567 2108 1730 2143 ᾀσματικοῖς
1755 2107 1867 2133 ἄνθεσιν

1075 2155 1223 2190 ἀξιοχρέως
1250 2153 1485 2189 συμπλεκόμενον.
1510 2153 1543 2178 Τί
1558 2152 1588 2178 τὺ
1602 2151 1712 2183 λοιπόνς
1743 2151 1867 2177 αἰνετέον

229 2196 336 2229 laudes,
351 2198 395 2233 pio
417 2198 532 2233 principi
549 2204 640 2234 grates
656 2204 782 2234 agantur,
795 2200 867 2234 quod
879 2207 1020 2227 carcerum

1076 2200 1150 2233 Θεὸν,
1166 2201 1341 2235 εὐχαριστέον
1358 2199 1397 2235 τῷ
1415 2198 1522 2225 εὐσεϐεῖ
1541 2198 1655 2233 βασιλεῖ,
1675 2198 1716 2224 ὅτι
1740 2197 1796 2222 τῶν
1814 2206 1868 2230 φυ-

229 2251 262 2270 ac
292 2243 416 2271 dolorum
440 2245 520 2272 linem
551 2245 669 2280 denique
701 2245 819 2273 fecerit?
849 2245 1020 2280 Sperandum

229 2288 288 2316 fore
303 2294 333 2317 ut
347 2290 393 2325 qui
411 2298 540 2325 prospera
557 2291 631 2318 dedit
659 2291 736 2318 initia
757 2291 838 2324 Deus,
866 2291 977 2326 adjiciat
992 2297 1021 2319 ut

229 2336 410 2370 respondeant
440 2342 561 2365 extrema
589 2338 695 2373 primis,
713 2342 740 2365 et
759 2342 831 2365 recta
865 2337 932 2365 ﬁdes
957 2346 1020 2365 cum

229 2390 295 2417 pace
323 2384 469 2418 conjuncta
493 2389 576 2420 caput
606 2389 708 2412 exerat.
742 2385 859 2412 Tantum
893 2385 1019 2416 obsecro,

230 2434 396 2456 mementote
413 2430 465 2457 mei
482 2431 508 2457 in
533 2431 704 2457 orationibus
718 2430 877 2465 impensius,
896 2438 928 2457 ac
943 2430 1020 2457 vobis

230 2474 296 2508 ipsis
307 2482 414 2510 semper
428 2476 570 2503 attendite.
582 2476 708 2509 Quandiu
723 2477 795 2503 enim
811 2475 935 2510 spiritum
948 2476 1022 2503 hunc

230 2521 339 2549 vitalem
365 2522 503 2555 ducimus,
538 2528 656 2550 tentator
684 2523 777 2550 instat.
805 2518 901 2550 Frater
931 2527 1021 2550 vester

229 2565 358 2595 Nicolaus
375 2576 423 2602 pro
440 2576 517 2596 more
536 2569 651 2596 salutem
668 2568 745 2595 dicit.

372 2625 540 2653 LXXXVIII.
553 2641 587 2646 —-
603 2625 704 2653 Nicetw
725 2626 877 2660 prwpasito.

1071 2246 1161 2272 λακῶν
1181 2246 1229 2272 καὶ
1247 2245 1347 2272 ὀδυνῶν
1362 2245 1438 2271 εἴασε
1459 2244 1547 2276 τέως”
1570 2243 1618 2270 καὶ
1637 2242 1784 2269 ἐλπιστὲον
1792 2242 1833 2268 ὃτι
1854 2243 1868 2267 6

1071 2293 1132 2324 δοὺς
1151 2292 1217 2323 Θεὸς
1241 2292 1290 2327 τὴν
1311 2292 1438 2327 ἀπαρχὴν
1448 2291 1549 2324 δεξιὰν,
1565 2290 1725 2317 συναποίσει
1741 2291 1774 2324 τῇ
1791 2290 1865 2323 ἀρχῇ

1071 2338 1159 2365 καὶτὸ
1171 2338 1248 2369 τέλος
1260 2347 1266 2352 ·
1278 2338 1327 2372 τῆς
1335 2337 1512 2373 εἰρηνοχύτου
1524 2336 1679 2372 ὀρθοόοξίας
1692 2335 1866 2367 ἐξανατείλαι

1071 2383 1101 2410 τὸ
1127 2384 1220 2418 κέρας.
1250 2384 1338 2410 Μόνον
1367 2383 1520 2419 παρακαλῶ
1555 2381 1736 2418 μνημονεύειν
1761 2389 1813 2415 μου
1839 2381 1867 2405 ἐν

1071 2431 1237 2465 προσευχαῖς
1257 2429 1434 2465 θερμότερον.
1451 2430 1499 2456 καὶ
1515 2429 1661 2464 προσέχειν
1672 2428 1782 2458 ἑαυτοῖς
1800 2427 1868 2453 πὰν-

1071 2485 1143 2502 τοτε.
1159 2476 1219 2502 ’Ὁτι
1235 2475 1287 2507 ἕως
1297 2475 1329 2502 ἂν
1345 2476 1519 2511 ὲμπνέωμεν,
1537 2476 1551 2502 6
1567 2473 1707 2510 πειράζων
1719 2474 1864 2508 πάρεστιν.

1077 2521 1107 2548 '0
1139 2521 1252 2555 ἀδελφὸς
1279 2521 1356 2556 ὑμῶν
1389 2520 1526 2553 Νικόλαος
1554 2520 1710 2552 ἀσπάζεται
1739 2520 1812 2546 κατὰ
1837 2518 1866 2544 τὸ

1078 2566 1202 2602 σύνηθες.

1210 2624 1274 2650 OH'.
1291 2635 1326 2642 ι·-
1339 2623 1455 2657 Νικήτᾳ
1470 2621 1636 2658 ἡγουμένῳ.
1652 2620 1729 2656 [φδ’.Ι

705 2683 743 2707 De
762 2683 930 2714 persecutoris
942 2680 1058 2710 interitu,
1071 2683 1098 2705 et
1111 2682 1195 2704 contra
1208 2679 1390 2704 leonomachos.

268 2735 340 2763 Misit
355 2735 388 2762 ad
405 2735 584 2762 humilitatem
602 2742 702 2767 meam,
715 2740 745 2762 ut
769 2735 871 2768 accepi,
888 2734 1019 2761 sanctitas

268 2813 290 2828 ¹¹
308 2813 377 2840 l‘sal.
401 2821 486 2846 xxxn,
505 2814 530 2840 Ι.
569 2814 591 2829 ’⁵
606 2812 677 2841 Psal.
696 2821 750 2847 cn‘,
763 2814 789 2840 2.

1113 2731 1299 2766 Ἐπέστειλεν,
1331 2732 1370 2765 ὡς
1393 2731 1504 2768 ἔμαθον,
1532 2732 1549 2768 ἡ
1575 2732 1712 2767 ἁγιωσὶνη
1729 2739 1776 2757 σου
1795 2730 1861 2766 πρός

838 2814 859 2828 ’⁸
876 2813 927 2841 lsa.
942 2820 978 2846 lx,
1003 2813 1028 2845 l,
1045 2820 1099 2840 sec.
1121 2810 1201 2839 LXX.
