1923 3078
38 102 112 134 1317

638 105 909 137 EPISTOLARUM
936 106 1012 137 LIB.
1033 106 1076 137 II.

1604 105 1674 138 1318

35 162 90 196 τὴν
104 159 273 187 ταπείνωσίν
297 168 366 196 μου⁸
393 161 451 188 ἀλλ’
475 161 526 189 οὒκ
553 162 690 199 ἐδεξάμην
705 164 750 192 διά
772 173 832 191 τινα

892 171 930 191 ,ιιο
952 164 1076 191 litteras.
1102 163 1150 191 sed
1169 170 1222 190 non
1237 167 1302 191 sunt
1314 162 1348 190 ad
1368 170 1412 190 me
1429 163 1521 191 nescio
1537 171 1592 199 quo
1609 171 1674 192 casu

37 206 232 240 περιπέτειαν.
257 205 329 240 Ἐγὼ
352 206 379 232 δὲ
393 206 431 238 ὡς
453 207 620 242 δεξάμενος,
644 209 776 244 χαράσσω
791 218 833 236 σοι

36 252 100 278 τόδε
117 252 148 278 τὺ
162 251 272 283 εὐτελές
288 261 338 286 μου
353 254 546 287 γραμμάτιον·
569 255 757 290 προσηγορίαν
783 264 832 282 κο-

35 297 122 330 μίζον
143 296 191 322 καὶ
207 297 249 327 τὸ.
261 298 357 332 Χαῖρε,
369 297 566 334 φθεγγόμενον.
583 300 633 327 Διὰ
653 301 694 333 τί;
715 302 755 328 ὅτι
772 310 834 328 συν-

37 343 156 377 ετρίϐη,
180 343 279 378 μᾶλλον
305 344 333 371 δὲ
359 345 498 380 κατεκόπη
518 346 532 372 ό
560 347 669 373 κόπτων
684 348 758 382 ἡμᾶς
771 356 777 363 ·
792 349 833 374 ὅτι

36 389 144 423 δέδειχε
167 389 270 424 Κύριος
283 390 312 416 ἐν
327 389 476 426 ὀφθαλμοῖς
489 392 626 423 ἁπάντων.
649 394 770 429 ἀρνητὴν
783 395 833 420 αὑ-

36 435 87 460 τοῦ
115 433 187 461 εἶναι
212 435 258 461 τὸν
281 436 331 469 τῆς
357 437 437 470 ἁγίας
458 438 541 464 αὐτοῦ
561 439 665 470 εἰκόνος
687 440 831 475 ἀθετητήν,

43 480 90 511 Ὠς
109 480 164 515 γὰρ
182 480 212 506 οὐ
234 480 382 515 χωρίζεται
397 482 476 513 ἀκτὶς
489 482 543 508 ἀπὺ
557 482 634 518 ἡλίου
645 491 651 497 “
667 482 752 513 οὕτως
771 483 833 509 οὐδὲ

38 526 125 553 εἰκὼν
138 527 184 554 τοῦ
202 528 393 562 πρωτοτύπου,
406 528 422 562 ἦ
438 528 521 561 μόνον
542 529 612 556 κατὰ
631 528 661 555 τὸ
676 531 725 564 τῆς
740 529 833 561 οὐσίας

38 573 182 608 διάφορον.
211 574 272 600 Ἐπὶ
289 574 342 600 τῶν
366 575 506 610 τεχνητῶν
524 575 556 610 δὴ
572 574 655 608 λέγω.
678 575 747 601 Ἀλλ’
759 575 833 609 ὅμως

38 619 87 645 καὶ
111 618 198 650 οὕτως
225 619 407 655 ἀστραψάσης
430 621 481 655 τῆς
505 620 654 656 ἀληθείας,
683 621 733 648 οὐκ
761 621 834 648 ἔστιν

39 665 175 700 ἄθρησις,
198 666 318 701 οὐδαμοῦ
339 667 484 702 ἀνάνηψις.
513 668 568 694 Καὶ
584 668 627 698 τίς
644 668 675 694 οὐ
694 668 832 701 στενάξοις

39 712 89 738 καὶ
106 712 149 743 τίς
165 712 216 738 οὑκ
234 713 448 745 ἀποκλαὺσοιτο;
472 713 502 739 οὐ
518 714 581 745 τοὺς
600 713 833 748 ἀθλοφοροῦ·ιτας”

41 757 143 792 μήτιγέ
173 766 214 789 τις
248 757 326 784 τοῦτο
344 758 490 785 ὑπολάεοι·
509 759 566 790 πῶς
585 760 640 795 γὰρ
660 761 684 786 οἱ
700 759 836 795 θεομακά-

43 814 133 840 ριστοι
158 805 370 840 ὲπικλαὺσιμοις
394 807 462 833 ἀλλὰ
482 807 545 837 τοὺς
567 807 770 838 ἀϐλεπτοῦντας
788 807 834 833 καὶ

886 210 1006 244 perlatae.
1026 208 1104 236 Nunc
1121 216 1196 241 vero,
1217 214 1348 243 tanquam
1361 209 1540 244 accepissem,
1557 210 1608 236 hoc
1625 210 1675 236 tibi

886 260 967 282 tenue
981 255 1136 290 epistolium
1154 261 1248 287 exaro,
1266 254 1339 289 quod
1355 254 1403 281 tibi
1428 254 1619 282 salutationem
1635 254 1676 281 fe-

886 305 939 334 rat,
950 305 975 328 et
991 300 1110 335 gaudere
1127 300 1230 335 iubeat.
1253 300 1390 332 Quorsum
1403 299 1415 326 ‘l
1429 301 1556 334 quoniam
1572 300 1676 328 contri-

887 349 931 373 tus
943 350 994 379 est,
1009 346 1050 373 vel
1078 346 1169 380 potius
1191 345 1318 372 concisus
1333 349 1375 372 est
1395 346 1440 380 qui
1459 353 1510 372 nos
1532 345 1674 374 caedebat:

886 391 1015 425 quoniam
1031 390 1120 425 palam
1142 390 1206 417 fecit
1227 390 1358 417 Dominus
1385 393 1412 417 in
1438 395 1584 425 conspectu
1615 399 1676 417 om-

887 437 974 468 nium,
990 441 1147 472 negatorem
1160 437 1218 471 ejus
1233 443 1304 468 esse,
1330 441 1431 464 sanctae
1446 436 1533 471 ipsius
1550 437 1676 471 imaginis

887 487 1113 517 contemptorem.
1137 481 1373 515 Quemadmodum
1398 482 1470 509 enim
1500 490 1553 509 non
1572 482 1677 516 disiun-

886 528 961 564 gitur
984 536 1000 556 a
1019 529 1076 556 sole
1096 529 1199 561 radius,
1223 529 1263 556 sic
1278 536 1366 563 neque
1388 529 1479 563 imago
1493 537 1508 555 a
1525 533 1675 563 prototypo,

887 574 940 602 nisi
959 574 1018 602 sola
1033 575 1193 602 substantia:
1208 575 1360 602 diﬂ‘erentia
1376 584 1382 602 :
1398 574 1432 602 de
1451 580 1509 602 arte
1535 574 1613 602 factis
1628 575 1679 602 uti-

887 627 939 654 que
956 620 1066 654 loquor.
1083 620 1118 646 At
1134 619 1324 650 nihilominus,
1337 627 1399 646 cum
1421 624 1562 654 tantopere
1576 620 1677 647 veritas

887 665 999 700 fulgeat,
1021 672 1102 693 nemo
1113 671 1155 693 est
1169 674 1216 700 qut
1238 666 1375 700 respiciat,
1391 673 1471 693 nemo
1492 666 1537 700 qui
1553 667 1678 700 expergi-

887 717 991 740 scatur.
1005 712 1037 739 Et
1048 712 1110 746 quis
1121 720 1202 747 porro
1220 721 1273 739 non
1292 713 1476 748 ingemiscat?
1501 718 1528 739 et
1547 713 1609 746 quis
1624 721 1678 740 non

888 758 1008 786 defleat?
1027 766 1143 786 noneos
1170 759 1217 793 qui
1234 758 1339 786 fortiter
1354 764 1459 786 certant
1474 767 1481 791 ;
1510 767 1598 794 neque
1615 767 1678 786 vero

888 807 951 839 quis
972 804 999 831 id
1033 809 1188 838 suspicetur
1207 813 1213 830 :
1231 812 1293 831 nam
1322 805 1459 839 quomodo
1490 805 1597 840 lugendi
1626 805 1681 832 sint

40 851 82 886 τῷ
97 852 173 884 αὐτῷ
188 851 262 887 ζόφῳ
279 853 329 887 τῆς
349 852 477 884 ἀσεϐείας
501 853 736 888 ὲπερειδομένους,
763 853 834 886 Ἐγὼ

892 858 956 886 {uos
984 850 1055 878 Deus
1082 851 1255 878 Deavit?sed
1273 859 1320 878 eos
1334 851 1381 886 qui
1405 851 1563 883 crecutiunt,
1597 857 1679 886 atque

44 899 96 933 μὲν
117 896 164 924 οὖν
188 899 202 925 ό
222 899 308 930 τάλας
328 898 399 925 οὕτω
415 899 462 925 καὶ
490 898 669 934 διανοοῦμαι,
691 899 762 925 οῦτω
787 899 836 926 καὶ

41 945 241 980 ἀποκλαὶομαι.
267 946 302 972 Σὺ
325 945 363 977 δὲ,
378 942 400 971 ὦ
423 944 484 980 ἱερὰ
496 946 601 981 κεφαλὴ
612 965 619 976 .
637 946 684 972 καὶ
700 945 750 980 τῆς
766 945 835 980 ἐμῆς

41 991 222 1026 οὕθενότητος
234 992 309 1026 φίλη,
324 992 360 1027 μὴ
373 991 538 1027 ἁπολήξειας
552 991 759 1027 προσευχομένη
771 1000 835 1017 κατ-

42 1037 166 1072 αλλαγὴν
184 1037 287 1070 φθάσαι
300 1037 404 1064 ἄνωθεν
416 1037 455 1073 τῷ
471 1037 528 1072 λαῷ
543 1038 589 1064 τοῦ
613 1037 691 1065 Θεοῦ.
720 1037 836 1064 Ἔπειτα

41 1084 90 1110 τοῦ
103 1084 152 1110 καὶ
167 1085 241 1118 ἡμᾶς
259 1083 441 1115 διασώζεσθαι
463 1083 527 1115 τοὺς
549 1083 695 1117 ἀναξίους,
721 1083 837 1110 κατόπιν

43 1129 123 1164 ὑμῶν
142 1129 197 1156 τῶν
209 1130 296 1162 ἁγίων
314 1129 415 1161 ἰόντας,
434 1129 464 1156 '0
481 1130 530 1156 σὺν
547 1130 609 1164 ἐμοὶ
621 1129 735 1164 ἁδελφὸς
750 1137 837 1164 προσ-

41 1176 183 1211 αγορεύει.
210 1176 280 1207 Τοὺς
298 1176 367 1211 μετά
386 1177 436 1212 τῆς
458 1177 614 1211 ἁγιωσύνης
638 1185 686 1202 σου
703 1176 837 1211 ἀδελφούς

43 1232 97 1258 μου
118 1223 296 1258 ἀσπάζομαι·
319 1223 399 1258 καίγε
429 1224 548 1259 μάλιστα
570 1224 616 1250 τὸν
644 1223 718 1259 ἱερὸν
736 1223 839 1260 Ἀρσέ-

43 1277 112 1296 νιον.

43 1325 104 1352 ΟΘ.
117 1341 151 1345 -
162 1315 322 1360 [νικηφόρῳ
335 1325 375 1358 τῷ
389 1325 539 1360 ἁγιωτάτῳ
559 1325 739 1360 πατριάρχῃ.
758 1325 844 1363 [φς’.]

887 896 915 922 in
939 895 997 929 ipsa
1018 895 1167 930 impietatis
1197 895 1313 930 caligine
1334 896 1496 930 gloriantur.
1528 896 1583 931 Ego
1614 905 1680 924 sane

887 942 971 969 miser
997 941 1037 969 sic
1057 949 1163 968 tnecutn
1190 941 1282 968 animo
1298 947 1404 975 reputo,
1431 943 1471 969 sic
1485 946 1512 968 et
1531 943 1618 977 lugeo.
1638 942 1679 969 Τιι

887 995 962 1020 vero,
979 995 1088 1016 sacrum
1106 993 1198 1022 caput,
1217 995 1248 1014 ac
1270 987 1411 1015 tenuitatis
1436 993 1535 1014 nostra:
1549 989 1679 1020 anticum,

887 1041 924 1061 ne
942 1034 1046 1068 precari
1061 1034 1166 1067 desine,
1180 1034 1217 1060 uti
1233 1034 1332 1068 populo
1350 1033 1396 1061 Dei
1417 1035 1525 1061 coalitus
1546 1042 1594 1068 pax
1612 1042 1679 1061 con-

890 1080 975 1115 tingat
996 1088 1003 1107 :
1020 1080 1118 1107 deinde
1135 1085 1163 1107 ut
1180 1084 1208 1107 et
1223 1088 1274 1107 nos
1287 1080 1354 1107 salvi
1369 1081 1468 1114 simus,
1484 1081 1586 1115 indigni
1607 1081 1680 1114 licet,

889 1126 1001 1161 vestigia
1015 1131 1104 1154 vestra
1117 1127 1164 1162 qui
1179 1127 1266 1154 sancti
1282 1127 1348 1154 estis
1360 1127 1571 1162 subsequentes.
1585 1127 1681 1154 Frater

889 1175 935 1207 qui
963 1180 1070 1199 ntecum
1092 1177 1145 1205 est,
1161 1172 1211 1199 tibi
1236 1173 1351 1199 salutem
1370 1173 1445 1199 dicit.
1464 1173 1573 1200 Fratres
1593 1181 1679 1206 meos,

889 1219 935 1253 qui
964 1226 1026 1246 cum
1046 1218 1190 1245 sanctitate
1216 1222 1261 1245 tua
1279 1218 1390 1253 degunt,
1412 1219 1502 1246 saluto
1520 1228 1526 1246 :
1547 1219 1681 1254 imprimis

888 1273 954 1293 vero
965 1271 1073 1292 sacrum
1083 1264 1240 1291 Arsenium.

918 1320 1040 1348 LXXIX.
1067 1335 1103 1340 -——
1128 1319 1278 1355 Nicephoro
1303 1321 1475 1347 sanctissimo
1491 1321 1662 1355 patriarchae.

42 1382 179 1407 Dolentem
194 1382 259 1412 quod
273 1382 389 1407 Ecclesia:
399 1389 450 1408 suae
461 1389 506 1413 pax
519 1381 610 1407 Leonis
621 1382 725 1408 Aruleni
735 1380 1052 1442 mortesgtfnduznzrienitus
1067 1379 1162 1404 reddita
1172 1382 1249 1408 esset.
1261 1385 1306 1410 spe
1316 1378 1448 1403 meliorum
1462 1381 1565 1404 solatur.
1580 1380 1680 1410 (Baron.

759 1421 798 1438 an.
860 1432 867 1442 ,
878 1419 903 1436 n.
951 1430 956 1435 .

759 1421 798 1438 an.
811 1419 867 1442 ut,
878 1419 903 1436 n.
917 1419 956 1435 az.

85 1455 248 1481 Ἐπέστειλα
275 1455 361 1482 πάλαι
383 1456 398 1482 ὁ
425 1457 527 1490 τάλας,
545 1457 576 1484 οὺ
606 1457 674 1492 πρὸς
701 1457 837 1484 ἀντίδοσιν

43 1502 221 1535 γραμμάτων
247 1501 427 1528 ἀποσκοπῶν·
460 1502 502 1528 ὄτι
532 1502 600 1537 μηδὲ
628 1503 733 1534 δούλοις
762 1503 838 1537 παρὰ

927 1453 1031 1489 Scripsi
1048 1453 1113 1481 olim
1135 1453 1230 1486 miser,
1247 1461 1300 1480 non
1320 1457 1349 1480 ut
1377 1453 1443 1480 mihi
1461 1453 1582 1481 vicissim
1612 1453 1682 1481 scri-

889 1500 970 1528 beres
986 1509 992 1527 :
1011 1507 1062 1527 nec
1076 1499 1148 1527 enim
1161 1499 1248 1526 servis
1265 1499 1369 1526 domini
1382 1499 1500 1532 debent;
1525 1500 1572 1526 sed
1590 1507 1682 1527 meum

43 1545 185 1570 δεσποτῶν
200 1545 295 1580 όφειλή
306 1553 313 1560 ·
329 1545 398 1572 ἀλλὰ
410 1547 460 1581 τὴν
476 1547 597 1582 ἐμαυτοῦ
613 1547 734 1574 διάθεσιν
747 1548 839 1583 γλιχό-

892 1547 978 1582 ipsius
997 1545 1122 1574 aﬂ'ectum
1155 1545 1295 1573 declarare
1315 1547 1440 1581 cupiens,
1469 1554 1562 1573 amore
1579 1551 1604 1574 el
1632 1554 1682 1581 op-

46 1598 128 1623 μενος
144 1590 319 1624 ὑπεκφάναι·
341 1590 413 1618 οὕτω
435 1592 482 1619 τοῦ
503 1593 586 1619 πόθου
609 1593 656 1620 καὶ
671 1593 718 1620 τοῦ
743 1593 840 1628 διαιροῦ

46 1633 227 1669 βιαζομένων,
251 1636 300 1662 οὐκ
327 1637 490 1670 ἀπεικότως.
515 1638 602 1671 Αὐτὸς
618 1639 658 1671 δὲ,
674 1636 697 1666 ὦ
715 1639 775 1666 θεία
793 1640 840 1666 καὶ

46 1681 186 1715 κορυεραία
205 1681 261 1708 τῶν
292 1682 372 1718 ἱερῶν
395 1684 522 1718 κεφαλῶν
545 1684 688 1720 ἀκρότης,
705 1685 735 1712 οὐ
760 1685 841 1721 μόνον

47 1727 253 1754 ἀντεπιστεῖλαι
267 1728 389 1762 ὴξίωσας
412 1729 450 1764 τῷ
465 1730 578 1765 ἀναξίῳ,
603 1730 779 1767 Θεομιμήτως
791 1731 840 1768 δη-

46 1773 134 1799 λονότι
147 1774 298 1808 φερόμενος
308 1782 315 1789 ⁶
332 1774 400 1802 ἀλλὰ
413 1776 468 1810 γὰρ
482 1776 529 1802 καὶ
541 1775 590 1802 ἀπ’
606 1776 692 1812 αὐτῆς
705 1777 756 1812 τῆς
771 1786 839 1814 προ-

47 1819 156 1853 γραφῆς
173 1819 300 1845 τοσοῦτον
320 1820 386 1854 ἡμῖν
404 1820 430 1846 τὸ
447 1820 497 1855 τῆς
520 1821 773 1858 ταπεινοφροσύνης
792 1831 840 1849 σου

48 1866 122 1892 θεῖον
148 1865 215 1900 ὕψος
237 1865 396 1898 ὑπέδειξας,
416 1866 454 1898 ὡς
471 1867 682 1903 καταπλαγῆναι
697 1868 778 1904 ἡμῶν
791 1869 841 1904 τὴν

47 1913 162 1948 οἰκτρὰν
182 1912 313 1939 διάνοιαν,
330 1913 362 1939 Ὢ
383 1912 430 1939 τοῦ
449 1912 606 1947 θαύματοςί
624 1914 656 1940 El
682 1915 696 1941 ό
716 1915 841 1948 τοσοῦτος

48 1960 96 1985 καὶ
120 1958 280 1993 τηλικοῦτος
306 1959 356 1994 τὴν
383 1959 472 1993 ἀξίαν,
485 1959 533 1986 καὶ
557 1960 621 1996 τῇδε
644 1961 840 1996 συνισουμένην

49 2006 117 2041 ἔχων
143 2005 193 2041 τὴν
212 2005 314 2041 ἀρετὴν
340 2006 603 2041 ἁναστράπτουσαν,
620 2006 658 2039 ὠς
681 2006 750 2033 αὐτὰ
769 2016 840 2042 μαρ-

49 2053 128 2087 τυρεί
153 2052 188 2078 τὰ
204 2051 372 2086 πράγματα,
387 2051 443 2078 υἱὸν
461 2052 558 2078 ἑαυτὸν
571 2051 619 2079 τοῦ
635 2051 765 2084 ἀσθενοῦς
785 2053 840 2079 ἀπ-

49 2099 181 2125 εκάλεσεν
192 2107 199 2113 ·
221 2097 235 2123 ό
255 2098 369 2131 οὐθενὴς
392 2099 440 2124 καὶ
454 2098 560 2133 ἀφανὴς
576 2098 602 2125 τί
617 2098 714 2126 ἑαυτὸν
739 2099 840 2134 ὀνομά-

52 2154 124 2178 σειε;
137 2145 192 2171 Καὶ
207 2145 231 2170 εί
246 2145 260 2171 ό
276 2144 326 2180 τῆς
356 2145 512 2180 ἁγιωσύνης
532 2145 663 2180 λαμπτὴρ
679 2146 841 2180 ἁμαρτωλὸν

51 2191 148 2218 ἑαυτὸν
171 2191 360 2227 ὑπογράφοιεν
370 2199 376 2206 ·
395 2191 409 2218 ὀ
426 2191 588 2227 ἁμαρτωλὸς
603 2192 652 2219 καὶ
667 2193 841 2228 ἠπορημένος

50 2239 76 2265 τί
85 2239 106 2265 δ’
120 2239 154 2265 ἂν
165 2239 213 2265 καὶ
223 2238 456 2273 ἁποκριθὴσεταις
472 2238 543 2274 Ἆρα
557 2239 581 2265 εἰ
593 2239 640 2266 καὶ
653 2239 738 2274 μηδὲν
749 2239 842 2275 ἕτερον

52 2285 210 2319 ἐγέγραπτο
226 2285 259 2319 τῇ
275 2283 404 2320 ἐπιστολῇ
415 2305 423 2316 ,
447 2284 527 2320 ἢρκει
542 2284 622 2312 τοῦτο
649 2285 729 2320 μόνον
745 2286 791 2312 τοῦ
812 2295 842 2313 τε

51 2329 201 2365 δεχομένου
213 2329 260 2355 τδν
271 2329 333 2355 νοῦν
344 2329 528 2364 ἐκθαμσῆσαι,
547 2330 594 2356 καὶ
609 2329 654 2356 τοῦ
667 2330 844 2366 πεπομφότος

53 2375 82 2401 τὺ
93 2374 304 2410 ἀνυπέρϐλητον
319 2375 348 2400 ὲν
358 2375 444 2410 ἁρετῇ
454 2375 647 2410 θριαμϐεῦσαι.
665 2375 742 2402 Ἐπεὶ
754 2376 782 2402 δὲ
796 2376 844 2403 καὶ

53 2422 83 2447 τὸ
99 2422 161 2448 ὅλον
175 2420 242 2454 ὕφος
253 2420 301 2447 τοῦ
312 2421 386 2456 ἱεροῦ
396 2420 499 2456 βιϐλίου
514 2421 665 2456 διέγνωμεν
674 2422 699 2448 οἱ
709 2422 844 2455 ταπεινοὶ,

53 2468 114 2494 τότε
136 2467 186 2494 καὶ
203 2466 303 2500 μᾶλλον
315 2467 450 2502 ἥσθημεν,
466 2468 498 2502 τῇ
514 2467 637 2501 κεφαλίδι
653 2468 683 2494 τὸ
692 2467 752 2494 ὅλον
766 2468 845 2502 σῶμα

55 2514 104 2548 τῆς
119 2513 266 2546 διαλέξεως
281 2513 457 2548 καταλλήλως
467 2513 615 2549 εὑρηκότες
629 2514 844 2549 ἀπηρτισμένον.

58 2559 148 2593 Οἶδας,
164 2561 178 2587 ό
200 2559 277 2594 ἆγιος
285 2561 332 2586 τοῦ
350 2560 430 2592 Θεοῦ,
457 2557 501 2587 οἷα
523 2559 645 2595 ἐφθέγξω
661 2569 846 2595 πνευματοκι-

58 2607 162 2641 νήτως·
188 2606 226 2637 ὡς
247 2607 408 2642 ὲπέῤῥωσας
429 2606 509 2642 ἡμῶν
525 2606 576 2641 τὴν
599 2606 701 2641 ἀσθενῆ
726 2607 846 2634 διάνοιαν

60 2652 181 2679 ἐπαίνων
203 2652 456 2687 φαρμακεύμαπιν·
484 2651 523 2684 ὡς
548 2653 752 2689 συνερριζωσας
774 2653 848 2689 ἡμᾶς

62 2697 289 2733 ὺπομονητικῶς,
313 2699 351 2733 μὴ
378 2699 508 2725 ὲκκακεῖν
531 2699 560 2725 ὲν
575 2700 636 2730 ταῖς
653 2698 775 2734 θλίψεσι,
803 2699 851 2725 καὶ

63 2743 109 2770 ὃσα
120 2744 190 2770 ἄλλα
205 2743 402 2777 ὑπεσημήνατο
417 2743 546 2777 θεοσοφία
561 2743 759 2778 καλλυνόμενα.
779 2742 850 2770 Ἀλλ’

64 2789 208 2825 εὐλογητὸς
222 2791 236 2816 ὀ
249 2789 330 2820 Θεὸς.
345 2789 376 2820 ὃς
397 2790 425 2816 ὲν
441 2789 556 2825 τοιούτῳ
576 2789 682 2825 σεισμῷ
704 2789 850 2822 ἀσεϐείας,

65 2836 225 2871 τηλικοῦτον
251 2834 412 2871 ὑπέρμαχον
441 2835 509 2871 ὁμοῦ
537 2834 585 2863 καὶ
616 2835 787 2872 κυϐερνήτην
817 2836 850 2872 τῇ

891 1593 1105 1628 portunitateita
1121 1593 1291 1627 cogentibus,
1312 1600 1365 1619 non
1379 1593 1535 1626 incongrue.
1550 1592 1590 1620 Tu
1606 1601 1682 1627 vero,

892 1646 909 1666 ο
923 1638 1015 1665 divine
1027 1643 1054 1665 et
1066 1645 1193 1673 supreme
1212 1645 1353 1664 sacrorum
1366 1638 1486 1672 capitum
1505 1643 1609 1670 vertex,
1627 1647 1682 1666 non

891 1684 981 1712 solum
997 1685 1162 1719 respondere
1174 1684 1284 1718 indigno
1297 1683 1423 1717 dignatus
1438 1692 1479 1716 es,
1494 1684 1540 1710 Dei
1558 1685 1683 1712 videlicet

891 1732 1015 1767 exemplo
1029 1732 1137 1764 ductus,
1149 1731 1195 1759 sed
1212 1737 1239 1758 et
1253 1732 1285 1758 ab
1297 1731 1355 1766 ipso
1371 1731 1556 1766 inscriptionis
1570 1732 1683 1759 exordio

891 1783 996 1806 tantum
1011 1778 1091 1805 nobis
1101 1783 1152 1804 tua:
1162 1777 1324 1804 humilitatis
1333 1777 1455 1804 divinum
1469 1778 1577 1804 culmen
1591 1782 1684 1804 osten—

891 1825 967 1855 disti,
981 1830 1010 1851 ut
1027 1829 1165 1858 stuporem
1183 1822 1285 1850 infelici
1309 1823 1394 1850 menti
1418 1827 1518 1850 nostrae
1544 1823 1680 1858 inieceris.

891 1870 912 1896 0
927 1878 983 1897 rem
1008 1869 1217 1896 admirandam!
1247 1868 1275 1895 Si
1296 1873 1388 1895 tantus
1404 1877 1437 1896 ac
1457 1869 1519 1896 talis
1537 1869 1682 1904 dignitate,

890 1921 918 1943 et
932 1916 996 1943 huic
1008 1916 1117 1951 quidem
1135 1923 1229 1950 parem
1242 1922 1339 1949 gerens
1355 1915 1518 1942 cmicantem
1538 1915 1680 1947 virtutem,

891 1966 921 1989 ut
937 1961 1006 1988 facta
1020 1962 1076 1996 ipsa
1090 1966 1235 1993 testantur,
1250 1961 1335 1988 lilium
1347 1969 1376 1988 se
1389 1960 1581 1988 homuncionis
1593 1960 1684 1995 appel-

891 2008 956 2036 lavit
971 2017 978 2041 ;
992 2008 1053 2035 vilis
1070 2008 1152 2034 homo
1169 2015 1201 2034 ac
1215 2007 1316 2034 nullius
1330 2007 1410 2042 pretii
1426 2006 1499 2041 quod
1513 2007 1566 2034 sibi
1584 2014 1684 2034 nomen

892 2054 1036 2089 imponet?
1056 2053 1098 2085 Et,
1122 2054 1145 2081 si
1171 2053 1361 2080 sanctimonia:
1381 2054 1497 2088 lampas,
1513 2057 1683 2088 peccatorem

891 2101 1010 2136 seipsum
1025 2101 1173 2128 subscribit
1188 2109 1196 2134 ;
1218 2104 1345 2134 peccator
1356 2104 1383 2126 et
1393 2100 1473 2135 inops
1485 2101 1551 2135 quid
1567 2108 1684 2135 respon-

891 2147 990 2174 debit?
1009 2145 1091 2181 Igitur
1106 2147 1128 2174 si
1146 2146 1220 2173 aliud
1247 2146 1315 2173 nihil
1332 2146 1465 2180 scriptum
1491 2145 1598 2179 fuisset,
1617 2147 1685 2174 satis

894 2193 945 2220 hoc
959 2200 1044 2219 unum
1060 2196 1119 2220 erat
1132 2197 1159 2219 et
1182 2192 1216 2219 ad
1241 2192 1401 2226 accipientis
1417 2192 1539 2219 animum
1552 2193 1684 2227 obstupe-

895 2238 1061 2268 faciendum.
1075 2241 1102 2265 et
1114 2238 1147 2264 ad
1164 2237 1307 2264 Scrihentis
1325 2237 1538 2271 insuperabilem
1554 2238 1683 2265 virtutem

892 2284 1084 2312 extollendam.
1108 2283 1256 2318 Postquam
1284 2288 1375 2310 autem
1403 2287 1489 2310 totum
1505 2284 1576 2310 sacri
1601 2283 1684 2310 libelli

894 2334 1052 2357 contextum
1075 2329 1195 2356 humiles
1219 2328 1384 2364 perlegimus
1400 2337 1408 2361 ;
1424 2334 1481 2355 tum
1496 2329 1580 2355 multo
1597 2330 1684 2362 magis

895 2375 980 2410 gavisi
1007 2382 1115 2406 sumus,
1147 2379 1231 2401 totum
1258 2375 1392 2402 orationis
1414 2382 1513 2409 corpus
1535 2382 1586 2402 suo
1603 2375 1684 2410 capiti

896 2424 957 2454 apte
971 2420 1135 2454 respondere
1149 2419 1409 2448 animadvertentes.
1425 2419 1496 2452 Scis,
1514 2425 1608 2448 sancte
1624 2420 1684 2453 Dei,

896 2465 987 2500 qualia
1006 2464 1109 2500 Spiritu
1125 2471 1251 2493 movente
1269 2465 1378 2493 locutus
1395 2466 1433 2493 sis
1450 2475 1458 2493 :
1486 2467 1624 2501 quomodo
1641 2467 1685 2493 in-

897 2511 1004 2538 ﬁrmam
1032 2516 1150 2538 mentem
1185 2515 1308 2538 nostram
1332 2511 1445 2538 laudum
1478 2512 1686 2540 medicamentis

897 2557 1102 2585 conﬁrmaveris
1117 2567 1124 2584 :
1140 2557 1278 2592 quomodo
1294 2557 1328 2585 ad
1347 2557 1505 2593 patientiam
1517 2565 1565 2584 nos
1590 2565 1686 2584 carro-

899 2603 1047 2636 boraveris,
1064 2611 1098 2631 ne
1126 2604 1153 2630 in
1177 2604 1369 2631 afﬂictionibus
1394 2603 1637 2637 despondeamus;
1659 2607 1686 2630 ct

901 2657 1068 2684 quaecunque
1083 2649 1134 2676 alia
1149 2649 1239 2676 divina
1253 2649 1386 2684 sapientia
1409 2649 1521 2684 pulchre
1538 2648 1686 2683 suggessit.

901 2693 953 2722 Sed
970 2694 1129 2722 benedictus
1143 2694 1226 2727 Deus,
1242 2695 1289 2730 qui
1306 2695 1332 2721 in
1353 2699 1428 2722 tanto
1445 2694 1594 2728 impietatis
1608 2700 1686 2721 motu

899 2747 927 2769 et
937 2741 1127 2774 concussione,
1145 2741 1224 2768 talem
1242 2747 1469 2776 propugnatorem
1494 2742 1576 2769 simul
1591 2750 1621 2768 ac
1637 2749 1687 2775 gu-

900 2787 1072 2815 bernatorem
1085 2787 1211 2815 Ecclesiae
1223 2788 1402 2822 suaefargitus
1416 2792 1468 2818 est.
1479 2788 1686 2820 inconcussum,

901 2833 1079 2868 immobilem,
1094 2834 1175 2862 verba
1188 2833 1249 2862 \ila:
1275 2834 1431 2867 habentem,
1445 2834 1627 2863 confessionis
1646 2835 1688 2862 lu-
