1923 3078
240 110 311 145 1319

835 110 866 141 S.
886 109 1083 140 THEODORI
1104 107 1278 138 STUDIT/E

1808 101 1875 133 1320

238 176 301 195 men
320 174 449 195 universo
465 167 528 195 orbi
557 167 761 195 accendentem.
784 166 861 200 Quod
886 167 909 194 si
942 166 1029 193 hiems

1085 164 1178 191 ἑαυτοῦ
1200 162 1350 198 Ἐκκλησία
1361 161 1527 197 ἐδωρήσατο,
1540 159 1678 190 ἄσειστον,
1690 158 1873 194 ἀκράδαντον,

238 215 357 242 nondum
387 214 527 249 prateriit,
553 214 616 241 licet
637 218 720 248 parva
745 213 867 248 qua'dam
893 213 1028 240 serenitas

238 261 391 289 affulserit:
416 268 471 288 non
497 260 708 295 desperandum,
732 265 804 287 oter
830 259 918 286 beate.
936 259 1029 286 Potest

237 308 310 336 enim
325 308 371 342 qui
391 307 497 334 brevem
514 308 589 342 pacis
609 307 754 334 scintillam
777 305 912 333 concessit
936 304 1029 332 Domi-

238 361 301 386 nus,
315 353 398 380 Deum
410 353 582 381 ﬂectentibus
593 353 720 387 precibus
737 352 790 379 tuis
802 351 929 382 inﬂexus,
944 350 1028 378 etiam

240 406 325 427 totum
343 400 503 427 orthodoxae
519 399 579 426 iidei
598 407 645 425 ver
659 399 777 433 pandere
794 406 802 425 ι
825 402 852 425 et
867 403 931 424 tunc
946 397 1029 424 ninti~

239 454 312 477 rum.
341 446 450 480 quando
484 446 530 472 irae
553 446 640 472 nubes
671 444 785 471 omnino
814 444 974 478 mutabitur,
1003 447 1031 470 et

239 495 347 527 piorum
364 501 395 519 ac
420 492 502 519 Deum
521 491 670 518 amantium
687 499 765 518 amor
783 491 914 526 probatus
927 490 1028 517 clarius

239 539 332 565 fuerit.
361 537 423 564 ihec
453 546 536 565 ausus
562 545 622 565 sutn
658 538 685 564 in
719 538 862 572 prtesentia
899 541 1028 571 tanquam

238 583 346 610 catulus
361 583 496 617 quispiam
516 583 615 609 mutire
629 583 733 617 optimo
756 590 816 609 meo
832 589 924 609 revera
939 583 1031 609 archi-

238 629 341 664 pastori
357 629 416 662 :qui
427 634 453 655 et
464 629 649 655 venerandum
661 628 843 655 encbiridium
853 636 916 655 curti
929 628 1030 661 ingenti

239 675 422 701 exsultatione
437 675 558 708 suscepi.

399 816 505 844 LXXX.
523 832 557 838 --
578 816 679 844 Joamti
705 816 867 852 Logolhelw.

1080 211 1160 244 λόγον
1184 210 1258 244 ζωῆς
1287 209 1436 243 ἐπέχοντα·
1461 207 1518 242 φῶς
1539 205 1687 241 ὁμολογίας
1713 205 1746 239 τῇ
1767 205 1873 239 ὑςρηλίῳ

1079 256 1263 292 πυρσεὺοντα.
1289 255 1322 282 Ei
1334 255 1363 280 δὲ
1386 254 1428 281 ὅτι
1442 254 1456 279 ὁ
1468 252 1574 288 χειμὼν
1587 252 1699 278 οὺτίπου
1718 251 1872 286 παρῆλθεν,

1079 303 1104 329 εί
1126 301 1174 328 καί
1192 309 1235 332 τις
1260 299 1346 334 μικρὰ
1369 298 1463 334 αἰθρία
1485 297 1679 333 ὑπήστραψεψ
1696 297 1748 322 οὐκ
1766 296 1874 331 ἀθυμη-

1079 349 1152 380 τέον,
1179 345 1202 374 ὦ
1234 347 1464 383 τρισμακάριστε.
1495 346 1613 376 Δυνατὸς
1639 345 1693 380 γὰρ
1723 345 1737 370 6
1758 345 1821 375 δοὺς
1845 345 1873 370 τὸ

1081 393 1168 429 βραχὺ
1178 394 1229 429 τῆς
1241 394 1352 427 είρήνης
1372 391 1540 426 ὲμπύρευμα
1558 390 1672 425 Κύριος,
1691 390 1753 420 ταῖς
1769 389 1874 415 85011:-

1080 441 1139 467 νὲσι
1158 448 1204 466 σου
1222 439 1417 474 καμπτόμενος
1439 437 1605 472 προσευχαῖς
1616 457 1623 468 ,
1638 437 1685 462 καὶ
1703 437 1734 462 το
1750 436 1813 462 ὅλον
1827 437 1874 470 τῆς

1080 486 1235 522 ὀρθοδοξίας
1262 485 1432 512 ἀναπετάσαι
1463 483 1532 518 Ezp'
1561 483 1610 509 καὶ
1638 483 1700 509 τότε
1734 482 1873 517 δηλονότι,

1080 534 1162 560 ert/ﬁs
1179 533 1227 559 καὶ
1253 532 1284 558 τὸ
1306 532 1356 566 τῆς
1369 530 1456 566 ὀργῆς
1482 530 1563 564 νέφος
1588 529 1736 563 ἀμειφθείη
1762 529 1874 559 τέλεον,

1081 579 1128 606 καὶ
1151 580 1165 605 ό
1187 577 1268 609 πόθος
1295 577 1350 604 τῶν
1377 575 1509 610 θεοφιλῶν
1533 574 1713 609 δοκιμασθείη
1747 574 1876 608 λαμπρό-

1081 633 1170 660 τερον.
1185 624 1279 650 Ταῦτά
1293 632 1338 659 μοι
1356 622 1403 649 νῦν
1416 622 1582 656 τετόλμηται
1601 620 1696 655 ῶσπερ
1713 629 1740 646 τι
1756 620 1877 646 κυνίδιον

1080 670 1181 706 γρύξαι
1203 670 1240 705 τῷ
1256 668 1368 705 χρηστῷ
1394 677 1446 703 μου
1479 668 1516 699 ὼς
1541 667 1652 702 ἀληθῶς
1678 666 1876 701 ἀρχιποίμενι,

1081 716 1203 752 εἰληφότι
1247 717 1295 743 καὶ
1329 716 1360 742 τὸ
1393 715 1585 750 προσκυνητὸν
1618 714 1782 749 ἐγχειρίδιον
1817 712 1877 747 μεθ’

1081 763 1305 798 ὑπερῆαλλούσης
1322 762 1524 795 ἀγαλλιάσεως.

1223 819 1263 845 [ι’.
1283 833 1317 838 ——
1340 818 1463 850 Ἰωάννῃ
1482 815 1641 850 Λογοθὲτῃ.
1654 814 1738 851 [φξᾍ]

500 873 538 897 De
557 871 648 898 Leonis
657 873 758 898 Armeni
769 878 850 899 morte
860 874 938 906 ipsius
951 875 1089 900 sceleribus
1104 879 1269 907 congruente.
1288 875 1388 907 (Baron.
1403 881 1443 898 an.
1454 873 1510 903 821,
1527 881 1552 898 η.
1563 873 1617 904 94.)

274 924 415 952 Reseravit
431 930 538 959 tempus
549 926 661 960 januam
677 927 821 960 libertatis,
836 934 864 956 ut
881 928 1026 964 loquamur
1041 933 1062 961 Β

238 979 290 999 nos
305 979 366 998 cum
384 972 463 999 bonis
478 971 546 999 viris
563 973 644 1000 simul
659 977 686 999 et
704 972 810 1000 amicis.
827 974 857 1000 in
882 974 924 1002 his
937 980 1028 1002 autem

239 1018 302 1052 quis
327 1018 460 1052 potiorem
486 1018 610 1045 obtineat
634 1019 724 1046 locum
745 1027 826 1053 quant
848 1020 936 1055 pietas
961 1021 1030 1048 tua?

240 1064 286 1099 qui
314 1065 349 1090 ob
377 1064 450 1091 hunc
469 1064 557 1099 ipsum
581 1065 689 1099 pietatis
717 1065 821 1092 cultum
844 1074 898 1093 non
918 1067 1030 1102 exiguas

239 1118 386 1146 perpessus
409 1118 438 1137 es
463 1111 604 1137 molestias
625 1119 817 1146 arrumnasque
840 1112 874 1139 ab
894 1120 927 1140 eo
944 1113 1032 1147 quiet

239 1157 323 1184 Deum
345 1156 466 1188 oﬂ'endit,
491 1160 518 1183 et
536 1156 669 1183 mundum
698 1157 837 1192 impietate
860 1159 989 1193 perdidit,
1004 1164 1032 1188 et

239 1210 333 1238 parem
349 1203 495 1237 apostasia:
508 1202 589 1229 vitam
603 1203 736 1230 violenter
750 1203 846 1236 ﬁnivit,
860 1212 913 1232 non
930 1205 957 1232 in
971 1205 1031 1233 loco

240 1253 347 1280 sancto,
358 1248 420 1274 licet
430 1247 455 1274 id
467 1247 597 1276 horribile
609 1249 682 1275 dictu
699 1249 735 1276 sit
753 1257 760 1275 :
778 1249 842 1284 quia
857 1258 1031 1285 nequaquam

240 1294 370 1329 templum
388 1293 434 1320 Dei
448 1299 582 1326 sanctum,
610 1295 683 1329 quod
698 1295 732 1322 ab
750 1295 885 1324 litereticis
900 1297 1030 1331 profana-

241 1343 298 1366 tum
316 1343 358 1366 est
370 1359 377 1371 ,
396 1338 442 1366 sed
454 1339 551 1366 domus
568 1340 681 1374 profana
698 1345 749 1373 est,
765 1342 838 1368 sicut
852 1341 891 1369 ait
910 1350 1027 1377 magnus

241 1384 360 1412 Basilius
379 1395 385 1412 :
403 1385 517 1420 pra-side
533 1385 606 1412 illius
621 1386 718 1420 angelo
730 1405 738 1417 ,
752 1391 782 1413 ut
795 1391 893 1421 praeest
904 1387 1032 1416 Ecclesia:

241 1432 399 1466 unicuique,
416 1432 578 1459 abscedente
589 1439 699 1467 propter
713 1433 890 1468 impietatem.
905 1434 1031 1470 Quapro-

243 1482 302 1512 pter
318 1485 368 1504 nec
385 1477 440 1504 Deo
455 1482 565 1512 accepta
586 1482 628 1504 est
642 1485 703 1512 qua:
723 1478 750 1505 in
763 1486 797 1506 eo
810 1479 967 1507 immolatur
983 1481 1032 1508 ho—

241 1523 304 1550 stia.
319 1522 349 1548 Et
368 1522 431 1549 audi
448 1522 535 1556 ipsum
557 1523 692 1550 dicentem
709 1532 717 1550 :
737 1522 859 1559 Iniquus,
877 1525 922 1560 qui
935 1526 1031 1552 immo-

241 1569 280 1595 lat
291 1569 356 1595 mihi
369 1569 491 1602 vitulum,
507 1569 584 1604 quasi
602 1569 647 1604 qui
658 1569 786 1604 interﬁcit
802 1579 893 1597 canent
907 1571 940 1598 ’⁸.
953 1571 1031 1605 Quod

242 1615 264 1642 si
282 1619 412 1650 tanquam
427 1615 453 1642 in
469 1615 566 1650 templo
594 1620 734 1642 mortuum
754 1623 814 1644 esse
836 1617 951 1652 impium
966 1625 1033 1645 con-

242 1662 359 1694 tendas;
383 1661 407 1688 id
427 1662 463 1688 ita
493 1662 639 1689 commode
667 1662 860 1697 explicabitur.
886 1662 1035 1698 Oportebat

243 1707 326 1738 enim.
344 1708 490 1742 oportebat
504 1715 578 1740 eum,
594 1708 640 1743 qui
657 1709 703 1735 Dei
719 1709 827 1744 templis
844 1709 944 1736 bellum
963 1710 1035 1737 indi-

243 1759 331 1787 xerat,
354 1754 382 1780 in
407 1754 508 1789 templo
541 1754 651 1782 strictos
683 1754 709 1781 in
726 1763 756 1782 se
780 1755 886 1790 gladios
916 1756 1032 1783 videre:

243 1801 387 1836 oportebat
397 1808 470 1832 eum,
486 1800 531 1835 qui
542 1801 664 1828 divinum
677 1800 763 1829 altare
776 1803 959 1836 destruxerat,
973 1808 1036 1831 ante

243 1847 328 1873 ahare
349 1854 362 1872 a
391 1846 481 1873 medio
498 1846 556 1873 tolli
575 1855 581 1873 :
598 1854 658 1873 eam
672 1841 875 1883 manuquna:
903 1849 992 1876 fuerat
1008 1850 1035 1877 in

243 1893 345 1919 Christi
360 1893 490 1927 probrum
503 1892 585 1923 elata,
607 1893 672 1920 caadi
687 1899 714 1920 et
728 1895 861 1929 amputari
878 1903 885 1921 :
901 1895 928 1922 in
943 1901 1034 1930 caput,

244 1939 317 1973 quod
327 1939 358 1965 ad
368 1939 513 1973 perniciem
525 1939 639 1966 aliorum
650 1941 916 1971 movebatur,ensem
925 1942 1036 1970 distrin-

245 1984 287 2019 gi:
305 1983 480 2018 humero,qui
491 1983 523 2010 ad
531 1983 638 2018 piorum
655 1984 747 2018 plagas
758 1985 923 2020 erigebatur,
938 1986 1036 2013 lethale

244 2031 342 2057 vulnus
364 2030 447 2066 iniligi
464 2039 471 2063 ;
489 2030 564 2065 regio
590 2038 606 2058 e
622 2031 724 2066 palatio
738 2039 800 2059 cum
826 2032 957 2059 dedecore
973 2033 1036 2066 pelli

244 2085 318 2108 eum,
331 2077 376 2112 qui
387 2077 501 2108 Christi,
517 2077 563 2112 qui
580 2077 712 2112 Dciparm,
731 2078 777 2112 qui
790 2078 878 2105 sancti
891 2078 1037 2113 cujuslibet

245 2128 367 2150 sanctam
381 2123 525 2158 imaginem
536 2123 636 2158 probro
645 2123 780 2151 all‘ecerat.
794 2124 931 2157 Quorsum
943 2130 1035 2152 autem

245 2167 306 2199 tibi,
329 2168 442 2194 Domine
457 2168 503 2200 mi,
521 2168 645 2195 scelerati
662 2173 777 2195 mortem
791 2169 818 2196 in
835 2170 907 2196 hunc
923 2171 1035 2197 modum

244 2213 346 2248 tragice
357 2213 487 2247 descripsi
500 2213 512 2239 ἲ
527 2213 596 2246 Quia
614 2220 726 2241 necesse
736 2219 778 2241 est
800 2214 864 2241 hinc
883 2223 938 2242 non
955 2215 1036 2242 modo

245 2260 320 2294 pium
343 2259 548 2294 imperatorem,
565 2265 760 2294 congruentem
779 2260 911 2295 impietati
931 2262 1035 2289 exitum

245 2305 321 2341 impii
338 2313 498 2340 agnoscere,
512 2305 559 2333 sed
587 2307 669 2332 etiam
691 2306 830 2333 hominem
851 2315 1034 2342 unumquem-

245 2358 309 2385 que.
328 2352 366 2378 Ac
383 2351 468 2378 miror
487 2351 613 2386 equidem
634 2352 810 2379 vehementer
823 2353 961 2387 quomodo
978 2354 1035 2381 haec

245 2397 398 2432 intelligens
426 2398 546 2432 optimus
573 2397 702 2425 Dominus
725 2403 828 2430 noster,
858 2398 891 2426 de
924 2399 1034 2427 nefandi

245 2443 431 2477 persecutoris
456 2443 596 2478 impietate
623 2444 793 2478 triumphum
820 2452 874 2472 non
896 2450 1034 2480 agat,nec

246 2489 298 2515 sibi
327 2497 358 2516 ae
374 2489 492 2516 subditis
516 2490 664 2517 orhodoxae
690 2490 752 2517 ﬁdei
781 2491 1032 2518 reconciliationem

247 2535 394 2569 impertiat,
418 2541 547 2571 tanquam
575 2537 700 2572 princeps
723 2537 810 2572 pacis,
830 2538 864 2565 ad
880 2538 1038 2573 exemplum

246 2583 360 2610 Christi.
387 2584 532 2618 Pi-Opterea
549 2588 621 2618 peto,
652 2584 763 2611 humilis
791 2584 924 2616 obtestor,
943 2591 973 2612 ut
998 2592 1038 2617 tu,

247 2629 294 2662 qui
318 2630 416 2656 eximie
438 2631 499 2664 pius
513 2637 553 2661 es,
572 2637 655 2664 porro
681 2637 790 2665 pergas,
806 2630 1038 2665 quemadmodum

247 2673 340 2708 accepi
368 2677 394 2700 te
418 2679 516 2708 sponte
542 2682 713 2710 aggressum.
737 2680 767 2703 ut
789 2680 874 2702 totum
896 2680 921 2703 te
947 2676 1038 2704 tradas

249 2718 423 2746 restituendae
434 2719 504 2751 iidei,
520 2719 547 2746 in
564 2727 618 2754 qua
630 2726 673 2748 est
683 2720 757 2750 salus
768 2725 795 2749 et
805 2721 912 2757 imperii
928 2726 955 2750 et
969 2723 1035 2750 sub-

249 2763 380 2791 (litorum.

285 2842 308 2857 "
333 2841 384 2869 lsa.
403 2850 476 2876 vat,
493 2844 519 2878 5,
533 2851 589 2872 sec.
603 2843 685 2873 LXX.

1047 1606 1069 1635 C

1051 2287 1074 2316 Ι)

1113 929 1237 961 Ἢνοιξεν
1259 929 1379 963 ὀκαιρξς
1397 928 1482 964 θύραν
1504 926 1662 962 παρρησίας
1674 946 1682 958 ,
1707 925 1878 960 φθέγξασθαι

1080 976 1154 1011 ἡμᾶς
1170 975 1284 1010 ἀγαθοῖς
1299 973 1518 1009 ἁνδράσιν,όμοῦ
1537 982 1567 1000 τε
1588 974 1637 999 καὶ
1659 972 1759 1006 φίλοις.
1777 973 1839 998 Τῶν
1850 972 1877 999 δὲ

1080 1022 1208 1048 τοιούτων
1230 1021 1270 1053 τίς
1290 1022 1322 1048 ἂν
1341 1020 1384 1056 εἴη
1401 1019 1502 1055 μείζων
1531 1020 1580 1054 τῆς
1599 1019 1649 1053 σῆς
1670 1019 1832 1049 εὐσεϐείαςι
1849 1019 1878 1050 ὃς

1080 1076 1112 1102 γε
1128 1067 1161 1093 δι’
1178 1067 1244 1094 αὐτὸ
1259 1067 1338 1093 τοῦτο
1353 1067 1384 1093 τδ
1396 1065 1521 1092 εὐσεϐεῖν
1534 1074 1577 1096 σε.
1593 1066 1643 1092 οὐκ
1654 1065 1748 1098 ὀλίγας
1763 1066 1878 1099 ἀνέτλης

1081 1113 1185 1148 θλίᾷεις
1202 1122 1232 1140 τε
1256 1113 1305 1140 καὶ
1327 1112 1466 1144 κακώσεις
1481 1112 1558 1147 παρᾶ
1577 1111 1625 1138 τοῦ
1643 1111 1692 1138 καὶ
1707 1112 1768 1146 θεῷ
1791 1120 1877 1146 προσ-

1081 1160 1249 1196 κρούσαντος
1260 1180 1267 1191 ,
1286 1159 1333 1186 καὶ
1347 1160 1450 1194 κόσμον
1464 1159 1609 1190 ὀλέσαντος
1635 1159 1664 1185 ἐν
1680 1158 1807 1192 ἀσεϐείᾳ,
1830 1158 1878 1184 καὶ

1082 1205 1230 1241 ἰσόρροπον
1247 1206 1296 1240 τῆς
1311 1204 1483 1234 ἀποστασίας
1498 1203 1547 1239 τὴν
1568 1204 1641 1238 ζωὴν
1657 1202 1876 1238 ἀπορρήξαντος,

1082 1251 1132 1277 οὐκ
1146 1251 1175 1277 ὲν
1196 1250 1267 1285 ἁγίῳ
1284 1251 1376 1284 τόπῳ,
1405 1249 1456 1276 κᾶν
1473 1249 1650 1284 μορμολύττῃ
1665 1249 1696 1274 τὸ
1712 1248 1876 1282 λεγόμενον·

1081 1297 1149 1324 διότι
1165 1297 1195 1323 οὐ
1217 1297 1280 1328 ναὸς
1298 1295 1366 1322 Θεοῦ
1386 1295 1465 1329 ἅγιος
1485 1296 1499 1322 ὁ
1518 1295 1562 1330 ὑφ’
1579 1294 1728 1330 αἱρετικῶν
1743 1294 1878 1328 {5561:195-

1083 1352 1180 1378 μενος,
1198 1342 1256 1369 ἀλλ’
1280 1340 1354 1374 οἶκος
1377 1341 1478 1374 κοινὸς,
1500 1340 1538 1372 ὣς
1554 1349 1636 1375 φησιν
1655 1341 1670 1367 ὁ
1687 1340 1774 1374 μέγας
1795 1340 1878 1366 Βασί-

1081 1389 1172 1420 λειος·
1202 1388 1249 1415 τοῦ
1278 1387 1433 1423 ἐφεστῶτος
1457 1386 1575 1421 ἀγγέλου
1601 1387 1630 1413 ἐν
1655 1387 1741 1421 αὐτῷ,
1768 1386 1807 1417 ὠς
1837 1387 1879 1419 ἐφ’

1083 1435 1202 1469 ἑκάστης
1224 1433 1401 1468 Ἐκκλησίας,
1418 1433 1608 1464 ὑπεκστάντος
1616 1433 1660 1459 διὰ
1674 1431 1724 1468 τὴν
1738 1432 1877 1458 ἀσέϐειαν.

1082 1480 1183 1514 Διόπερ
1205 1479 1260 1506 οὐδ’
1276 1480 1292 1514 ὴ
1311 1479 1459 1514 τελουμένη
1477 1480 1506 1504 ἐν
1525 1477 1601 1513 αὐτῷ
1623 1477 1721 1509 θυσία,
1746 1477 1807 1512 Θεῷ
1833 1478 1878 1503 εὖ·

1083 1525 1259 1561 πρόσδεκτος.
1272 1524 1327 1552 Καὶ
1337 1525 1454 1552 ἄκουσον
1467 1523 1550 1551 αὑτοῦ
1562 1523 1690 1557 λέγοντος
1700 1531 1722 1548 σε
1735 1523 1765 1550 ’0
1777 1524 1879 1558 ἁσεεὴς

1084 1571 1098 1598 ὁ
1118 1570 1189 1598 θύων
1211 1579 1256 1606 μοι
1277 1571 1387 1605 μόσχον,
1406 1570 1444 1601 ὡς
1461 1570 1475 1596 ὁ
1491 1569 1660 1596 ἀποκτείνων
1676 1568 1756 1596 κύνα.
1776 1578 1786 1595 ι
1804 1570 1834 1595 Εἰ
1852 1569 1878 1595 δὲ

1088 1618 1136 1644 καὶ
1156 1617 1193 1648 ὡς
1208 1616 1256 1643 ἐπὶ
1277 1616 1342 1643 ναοῦ
1356 1615 1451 1648 λάϐοις
1465 1616 1594 1642 τεθνᾶναι
1606 1616 1652 1641 τὸν
1667 1615 1765 1650 ἀσεϐῆ,
1791 1615 1877 1650 ἁρμό-

1089 1671 1145 1689 σειε
1165 1663 1213 1689 καὶ
1228 1660 1304 1694 οὗτος
1317 1663 1331 1688 ὁ
1358 1662 1469 1698 τρόπος.
1488 1661 1562 1688 Ἔδει
1585 1662 1650 1696 γὰρ,
1671 1661 1726 1687 ἔδει
1747 1661 1794 1687 τὴν
1809 1662 1879 1687 κατὰ

1087 1708 1143 1735 τῶν
1158 1707 1230 1734 ναῶν
1245 1707 1292 1734 τοῦ
1308 1706 1377 1733 Θεοῦ
1393 1710 1550 1741 γενόμενον,
1565 1707 1595 1733 ὲν
1608 1706 1665 1740 ναῷ
1684 1706 1750 1732 ἰδεῖν
1767 1706 1800 1732 τὰ
1819 1706 1879 1732 κατ’

1089 1755 1171 1782 αὐτοῦ
1192 1754 1368 1789 γυμνούμενα
1393 1752 1474 1788 ξίφη·
1497 1752 1551 1779 ἔδει
1569 1752 1615 1778 τὸν
1641 1752 1671 1778 τὸ
1688 1752 1760 1778 θεῖον
1785 1752 1879 1778 θυσια-

1090 1802 1203 1835 στήριον
1226 1801 1416 1834 ἀφανίσαντα,
1448 1801 1477 1826 ἐν
1494 1799 1681 1834 θυσιαστηρίῳ
1701 1800 1881 1834 ὲξαφανισθῆσ

1089 1854 1148 1872 ναι·
1166 1845 1237 1872 κατά
1251 1846 1301 1880 τῆς
1315 1845 1479 1880 ἐκταθείσης
1495 1847 1537 1879 ἐφ’
1555 1845 1633 1881 ὕϐρει
1645 1845 1764 1880 Χριστοῦ
1779 1846 1880 1880 χειρὸς,

1089 1891 1176 1927 τομὴν
1201 1891 1370 1926 ὲπαχθῆναιυ
1401 1892 1473 1918 κατὰ
1494 1891 1543 1926 τῆς
1571 1891 1728 1926 κινηθείσης
1759 1892 1881 1925 κεςαὶυὴς

1089 1937 1230 1973 ὀλεθρίως,
1248 1937 1326 1971 ξίφος
1341 1937 1481 1964 διελάσαι’
1508 1937 1578 1963 κατά
1598 1936 1644 1962 τοῦ
1670 1936 1747 1971 ὤμου
1772 1937 1821 1962 τοῦ
1838 1936 1882 1962 ἐπ’

1090 1985 1212 2020 αἰκισμῷ
1235 1985 1290 2012 τῶν
1305 1984 1426 2011 εὐσεδῷν
1450 1984 1634 2020 ἐπαρθέντος,
1661 1983 1773 2019 καιρίαν
1795 1984 1883 2010 ἐλθεῖν

1090 2032 1218 2067 πληγήν·
1237 2032 1335 2065 ἄτιμον
1355 2031 1571 2065 ἀποπεμφθῆναι
1591 2029 1646 2056 τῶν
1667 2030 1817 2065 βασιλικῶν
1835 2030 1883 2056 αὑ-

1090 2079 1144 2106 λῶν
1160 2078 1205 2105 τὸν
1219 2078 1392 2113 ἀτιμάσαντα
1411 2078 1461 2112 τὴν
1481 2076 1562 2110 ἁγίαν
1577 2075 1696 2111 Χριστοῦ
1711 2075 1816 2108 εἰκόνα,
1833 2077 1883 2110 τῆς

1090 2125 1244 2158 Θεοτόκου,
1275 2126 1323 2152 καὶ
1348 2123 1504 2151 οὑτινοσοῦν
1532 2123 1588 2149 τῶν
1611 2122 1708 2156 ἁγίων.
1722 2121 1756 2148 Τί
1781 2122 1881 2157 δήποτε

1090 2171 1162 2197 οὕτω
1178 2179 1236 2203 σοι,
1259 2169 1348 2205 Κύριέ
1364 2178 1427 2204 μου,
1448 2167 1657 2204 ὲξετραγῲδησα
1673 2167 1720 2194 τοῦ
1736 2167 1882 2201 ἐξαγίστου

1090 2217 1137 2243 τὸν
1154 2216 1287 2249 advnto»);
1304 2217 1345 2242 ὅτι
1359 2215 1507 2249 ἀναγκαῖόν
1522 2216 1596 2240 ἐστιν
1610 2212 1737 2239 ἐντεῦθεν
1755 2213 1786 2239 οὐ
1804 2215 1884 2248 μόνον

1089 2261 1136 2287 τὸν
1160 2261 1259 2296 εὐσεϐῆ
1285 2261 1398 2295 βασιλέα
1422 2260 1572 2294 ἐπιγνῶναι
1595 2259 1626 2286 το
1655 2259 1825 2293 κατάλληλον
1849 2261 1882 2294 τῇ

1087 2306 1201 2342 ἀσεϐείᾳ.
1216 2307 1263 2334 τοῦ
1284 2307 1400 2338 ἀσεϐοῦς
1421 2306 1616 2341 ἀποτέλεσμα,
1635 2305 1703 2332 ἀλλὰ
1728 2306 1777 2332 καὶ
1795 2306 1883 2332 πάντα

1087 2352 1241 2388 ἄνθρωπον.
1269 2353 1325 2379 Καὶ
1346 2352 1453 2387 ἄγαμαι
1476 2352 1538 2379 λίαν
1561 2353 1619 2383 πῶς
1640 2352 1654 2378 ὁ
1675 2352 1776 2386 ἀγαθὸς
1805 2352 1883 2386 ἡμῶν

1087 2399 1229 2434 Δεσπότης
1250 2399 1331 2432 γνοὺς
1352 2398 1449 2429 τοῦτο,
1465 2398 1495 2423 οὐ
1518 2397 1680 2433 θριαμϐεύει
1702 2397 1752 2432 τὴν
1766 2396 1814 2422 τοῦ
1832 2405 1882 2423 πι-

1087 2444 1220 2479 λαμναίου
1238 2443 1416 2470 δυσσέϐειανο
1443 2443 1492 2469 καὶ
1519 2443 1662 2478 χαρίζεται
1678 2442 1769 2477 ἐαυτῷ
1786 2451 1814 2468 τε
1836 2443 1882 2468 καὶ

1087 2490 1126 2525 τῷ
1142 2490 1256 2526 ὑπηκόῳ
1282 2490 1313 2516 τὸ
1336 2491 1386 2525 τῆς
1403 2490 1560 2525 ὀρθοδοξίας
1583 2489 1734 2523 ἐξίλασμα,
1752 2489 1790 2520 ὡς
1809 2489 1882 2523 βασι»

1091 2537 1155 2569 λεὺς
1175 2537 1353 2572 είρηναρχίας
1365 2537 1610 2572 Χριστομιμήτως.
1625 2536 1675 2562 Διὰ
1700 2535 1782 2561 τοῦτο
1795 2535 1862 2561 αίτῶ
1873 2554 1881 2566 ,

1088 2583 1221 2610 ἀντιϐολῶ
1238 2585 1252 2610 ὁ
1271 2583 1418 2615 ταπεινὸς,
1433 2582 1596 2617 ἐπειχθῆναί
1611 2591 1640 2608 σε
1656 2582 1703 2608 τὸν
1719 2581 1882 2607 εὐσεϐέστα-

1088 2639 1144 2664 τον,
1160 2630 1286 2666 καθάπερ
1298 2630 1344 2656 καὶ
1358 2629 1491 2665 ἦκουσταί
1503 2637 1550 2664 μοι
1569 2629 1610 2655 ὅτι
1626 2627 1756 2662 ἐκινήθης
1767 2647 1774 2659 ,
1791 2628 1881 2654 δοῦναι

1090 2676 1188 2703 ἑαυτὸν
1213 2676 1314 2707 ὑλικῶς
1339 2677 1379 2707 εἰς
1396 2675 1547 2710 ἀνόρθωσιν
1573 2676 1624 2708 τῆς
1651 2674 1788 2704 πίστεως·
1808 2676 1836 2700 εν

1090 2723 1148 2749 ἐστι
1172 2722 1202 2749 τὸ
1224 2723 1358 2759 σωτήριον
1372 2724 1418 2750 τοῦ
1441 2732 1471 2750 τε
1492 2723 1611 2759 κράτους
1627 2722 1674 2748 καὶ
1696 2721 1744 2748 τοῦ
1761 2720 1881 2756 ὑπηκόου

1092 2769 1203 2800 παντός.
