1923 3078
77 145 144 178 ιὲι

165 203 228 230 ΠΝ.
247 217 283 223 -—-
302 203 504 231 Πανταλέοντι
518 204 679 239 Acraeam.
692 204 772 240 [φηκ]

671 150 941 181 EPISTULARUM
966 150 1041 180 LIB.
1071 150 1111 180 [Ι.

1633 150 1703 184 1322

1051 203 1169 233 LXXXI.
1186 219 1219 225 —
1236 204 1404 234 Puntoleonti
1418 206 1580 243 Luget/leta.

224 257 272 282 Pro
283 257 332 282 llde
348 258 429 283 libere
445 258 554 283 locutum
570 259 670 284 laudat:
685 260 847 290 hortaturque
864 261 893 284 ut
903 258 998 285 cultum
1009 258 1143 292 imaginum
1159 267 1222 285 novo
1243 260 1386 292 imperatori
1398 264 1555 294 persuadeat.

112 311 217 338 Ἀλλων
237 311 286 346 μὲν
302 312 319 347 ὴ
334 311 419 347 ἀρετὴ
437 312 466 344 ἐξ
491 312 576 347 ἀκοῆς
594 314 661 347 ἡμῖν
686 313 859 346 διέγνωσται·

951 313 1077 340 Aliorum
1104 313 1215 348 quidem
1243 313 1333 341 virtus
1360 315 1440 343 nobis
1461 321 1503 343 est
1517 316 1657 344 auditione
1674 325 1706 344 ac

75 359 125 386 σοῦ
149 359 178 385 δὲ
205 358 252 385 τοῦ
277 359 429 394 ὑπερτίμου
450 359 582 386 δεσπότου
595 368 658 394 μου,
677 360 808 395 πρότερον
830 358 863 386 δι’

72 406 174 440 ὅψεως,
196 405 244 431 νῦν
265 405 294 432 δὲ
317 406 346 438 ἐξ
373 406 459 440 ἀκοῆς
485 406 567 441 μέχρι
590 406 641 441 τῆς
656 407 786 442 ἐσχατιᾶ;
803 402 864 443 ὲνῇ

71 452 158 487 ἐσμεν
184 451 338 486 φθασάσης.
367 451 417 482 Τίς
441 451 470 478 δὲ
487 451 502 477 ὁ
520 451 614 485 λόγος;
633 451 674 478 ὅτι
692 452 864 487 ὲπαρῤησιά-

74 498 142 524 σατό
158 505 205 524 σου
218 498 250 523 τὸ
265 497 517 532 πνευματοκίνητον
528 497 616 533 στόμα
633 497 751 533 λαλῆσαι
768 499 865 532 σοφίαν

72 543 153 576 Θεοῦ,
165 543 259 577 λόγους
268 543 459 579 ἀληθείας,ὲπ“
474 543 594 579 ὠφελείᾳ
612 545 659 570 καὶ
675 544 798 580 σωτηρίᾳ
815 544 866 579 τῆς

71 598 103 616 τε
122 590 228 620 οίιιείας
246 590 337 625 ψυχῆς
360 590 408 617 καὶ
434 590 525 625 πάσης
544 589 595 625 τῆς
620 590 682 616 καθ’
703 590 779 625 ἡμᾶς
803 590 865 617 Ἐκ-

72 634 200 669 κλητίας.
228 635 284 661 Καὶ
314 634 448 670 μακάριος
477 632 519 667 εἴ,
548 635 595 661 καὶ
623 634 805 669 εὑλογημένον
833 634 864 661 τὸ

71 680 160 715 ὕνομά
176 688 238 706 σου·
256 680 305 707 καὶ
321 680 351 707 σὲ
366 681 524 707 αἰνέσαισαν
540 681 641 712 πάντες
656 680 680 707 οί
697 680 864 713 ἀκούσαντες

71 726 207 757 εὐσεϐεῖς.
227 726 282 753 Καὶ
295 725 427 760 στέφανος
446 726 567 762 χαρίτων
581 727 629 753 ἐπὶ
640 726 689 762 τὴν
704 727 801 762 τιμίαν
814 735 861 754 σου

70 772 176 807 κόραν·
199 772 244 798 καὶ
259 771 350 803 κλοιὸς
369 772 482 807 χρύσεος
509 772 556 798 ἐπὶ
572 772 618 798 τὸν
641 772 713 808 ἱερόν
730 781 778 799 σου
794 773 863 809 τρά-

70 818 166 853 χηλον,
183 818 224 844 υἱὲ
245 818 386 853 ὑπακοῆς,
410 817 505 844 τέκνον
524 819 629 852 φωτὸς,
646 819 758 854 θρέμμα
783 819 863 845 εὐσε-

72 865 159 895 ϐείας.
172 864 240 890 Τάδε
254 864 329 897 λέγει
342 863 444 898 Κύριος
454 872 460 879 ·
478 864 620 896 Ἀνοιξον
632 864 666 891 τὸ
679 866 778 900 στόμα
790 873 861 898 σου,

71 909 124 936 και
156 908 307 942 κληρώσω
328 909 419 936 αὑτό·
441 909 500 936 ἀνθ’
525 906 563 936 ὧν
591 910 750 945 ὑπήκουσας
771 911 863 946 φωνῆς

73 963 136 990 μου.
160 954 270 990 Ἐντολὴ
287 955 342 990 γὰρ
363 955 466 990 Κυρίου
488 955 525 990 μὴ
540 956 646 991 σιωπᾷν
657 956 686 982 ὲν
698 956 788 991 καιρῷ
801 965 860 983 κιν-

917 358 990 387 fama
1014 365 1178 395 perspecta:
1206 366 1251 388 tna
1277 368 1355 391 vero,
1381 360 1494 388 Domine
1507 362 1544 389 mi
1568 362 1706 397 imprimis

915 406 1039 438 colende,
1051 406 1112 433 visu
1138 406 1268 440 primum,
1286 414 1359 433 nunc
1380 414 1446 434 vero
1458 406 1529 434 fama
1545 408 1578 435 ad
1593 409 1706 437 ultimas

917 453 1050 477 terrarum
1061 457 1123 477 oras
1134 450 1233 482 delata.
1249 449 1275 477 in
1287 451 1387 485 quibus
1398 451 1533 486 degimus.
1544 451 1611 485 Quis
1622 461 1705 488 porro

915 494 950 522 de
966 499 993 523 te
1005 503 1096 523 sermo
1110 495 1210 528 ‘lQuod
1227 495 1334 523 alllatus
1350 496 1464 531 Spiritu,
1481 496 1528 524 Dei
1542 497 1705 532 sapientiam

916 541 1047 568 audacter
1061 549 1093 568 ac
1106 542 1190 569 libere
1209 542 1247 569 sis
1269 541 1388 575 locutus,
1404 550 1545 570 sermones
1571 543 1704 576 veritatis,

916 587 950 614 ad
964 587 1111 614 utilitatem
1130 595 1162 614 ac
1176 587 1292 615 salutem
1307 592 1364 614 tum
1384 588 1482 616 animae
1502 588 1629 623 propriae,
1646 595 1704 617 tum

915 638 1016 660 nostrae
1031 633 1113 660 totius
1127 632 1263 660 Ecclesiae.
1276 632 1310 661 Et
1327 633 1421 661 beatus
1435 641 1476 665 es,
1488 639 1515 660 et
1530 634 1704 662 benedictum

914 685 1013 705 nomen
1031 683 1106 705 tuum
1123 687 1131 705 :
1146 682 1174 705 et
1192 678 1303 706 laudent
1324 683 1350 705 te
1374 685 1469 706 omnes
1487 678 1535 713 pii.
1547 679 1593 713 qui
1607 680 1704 707 audico

914 723 983 755 rint,
1002 728 1031 750 et
1048 731 1150 750 corona
1162 724 1311 758 gratiarum
1323 731 1406 758 super
1422 724 1606 752 venerandum
1621 729 1705 759 caput

913 771 990 795 tuum
1002 777 1009 795 ;
1022 769 1122 795 monile
1131 775 1245 794 aureum
1259 768 1330 794 collo
1342 775 1422 795 sacro
1434 773 1481 796 tuo
1491 768 1702 802 circumdatum,

914 814 950 840 ﬁli
975 813 1147 846 obedientite,
1177 813 1247 840 lucis
1261 815 1363 848 proles,
1377 814 1488 841 alumne
1504 815 1623 849 pietatis.
1641 813 1704 843 Haec

912 859 979 887 dicit
992 858 1124 886 Dominus
1139 867 1147 886 :
1173 859 1254 894 Aperi
1271 867 1299 886 οι
1313 863 1398 891 tuum,
1416 864 1441 886 et
1455 859 1566 894 implebo
1580 859 1648 887 illud
1657 861 1680 876 ¹⁶
1693 869 1703 894 ;

913 905 1041 940 quoniam
1055 904 1155 932 audisti
1171 912 1266 933 vocem
1292 912 1392 932 meam.
1411 904 1503 933 Jussio
1519 906 1591 933 enim
1609 906 1704 934 Domh

913 950 941 978 ni
963 955 1015 983 est,
1031 955 1090 978 tum
1114 951 1226 977 minime
1247 950 1341 981 silere.
1355 958 1417 978 cum
1438 951 1608 986 periclitatur
1624 952 1702 981 ﬁdes.

70 989 237 1034 δυνευούσης
259 989 388 1032 πίστεως.
408 989 506 1027 γΛάλει
524 1001 591 1035 γὰρ,
619 989 707 1035 ignei,
740 989 788 1028 καὶ
823 1002 859 1038 μή

912 995 1036 1031 Loquere
1055 996 1140 1029 enim,
1160 997 1259 1031 inquit.
1279 999 1303 1024 el
1318 1005 1371 1024 non
1396 997 1456 1024 sile.
1473 998 1526 1024 Et:
1543 998 1574 1025 Si
1593 999 1702 1026 subtra-

71 1045 174 1073 σιώπα.
198 1046 270 1078 Καὶ,
294 1046 365 1073 Ἐὰν
377 1046 616 1080 ὑποστέλληται,
630 1047 687 1074 οὐκ
708 1047 828 1074 εὐδοκεῖ
843 1047 860 1081 ἠ

69 1091 157 1126 ψυχή
185 1100 245 1126 μου
265 1091 300 1118 ἐν
324 1091 416 1123 αὐτῷ.
446 1092 514 1119 Καί”
547 1093 619 1120 Ἐὰν
641 1091 725 1120 οὗτοι
748 1094 863 1129 σιωπή-

69 1144 182 1169 σωσιν,
203 1138 231 1164 at
247 1138 325 1164 λίθοι
345 1137 554 1171 κεκράξονται.
573 1138 655 1165 Ὥστε
678 1139 722 1165 ὅτε
737 1139 804 1175 περὶ
818 1139 862 1166 πί-

70 1191 159 1215 στεως
180 1182 195 1209 ὁ
221 1182 316 1216 λόγος,
336 1183 389 1209 οὐκ
413 1183 488 1209 ἐστιν
513 1184 611 1216 εἰπεῖν,
635 1183 706 1217 Ἐγὼ
727 1184 769 1216 τίς
784 1185 859 1220 εἰμι;

76 1226 197 1263 Ἵερεύςς
221 1228 280 1255 ἀλλ’
300 1228 430 1264 οὐδαμοῦ.
458 1230 585 1265 ”Αρχων;
612 1229 661 1257 καὶ
685 1229 742 1257 οὐδ’
762 1229 860 1262 οὕτως.

70 1273 263 1310 Στρατιώτηςς
275 1275 322 1301 καὶ
332 1275 401 1308 ποῦς
415 1276 555 1310 Γεωργόςς
568 1276 616 1303 καὶ
627 1275 683 1303 οὐδ’
694 1276 760 1303 αὐτὸ
771 1277 859 1304 τοῦτο.

70 1319 179 1355 Πένης,
204 1321 286 1356 μόνον
309 1321 360 1356 τὴν
383 1321 523 1357 ἐφήμερον
549 1322 652 1357 τροφὴν
669 1323 860 1358 ποριζόμενος.

68 1364 168 1397 οὐδείς
184 1374 229 1401 μοι
243 1366 323 1400 λόγος
335 1366 382 1393 καὶ
398 1367 509 1402 φροντὶς
524 1368 589 1402 περὶ
603 1367 650 1394 τοῦ
667 1370 860 1404 προκειμένου.

68 1411 139 1443 υὺὰ,
152 1412 176 1438 οἱ
187 1412 256 1439 λίθοι
269 1413 401 1448 κράξουσι
412 1433 421 1444 ,
436 1414 484 1440 καὶ
498 1414 529 1440 σὺ
545 1414 683 1450 σιωπηλὸς
699 1415 747 1442 καὶ
762 1415 862 1451 ἄφρον.

67 1464 131 1489 ne;
147 1459 163 1491 ἡ
180 1458 345 1492 ἀναίσθητος
361 1458 443 1493 φύσις
459 1459 529 1486 Θεοῦ
542 1461 681 1496 ὲπακήκοε
693 1481 700 1492 ,
718 1461 765 1488 καὶ
779 1461 861 1493 αὐτὸς

68 1501 270 1539 λαιλαπιστήςς
298 1504 312 1531 δ
342 1504 380 1540 μὴ
410 1504 564 1540 ἑψύχωται,
584 1506 652 1542 μηδὲ
677 1507 706 1533 ὲν
725 1507 860 1543 κριτηρίῳ

67 1547 278 1583 λιλογοθὲτηται
288 1569 296 1580 ,
312 1549 430 1582 δεδοικδς
443 1551 527 1578 οἱονεὶ
546 1551 578 1578 τὸ
594 1552 761 1587 πρόσταγμα
775 1561 861 1587 φωνο-

67 1593 162 1620 6ολεῑ·
190 1595 238 1621 καὶ
263 1596 296 1622 σὺ
316 1597 331 1622 ὸ
356 1596 461 1630 μέλλων
487 1596 646 1625 εὐθύνεσθαι
663 1597 715 1624 ὑπὸ
738 1598 806 1626 Θεοῦ
830 1599 860 1627 ἐν

69 1641 363 1686 ιαιρῷᾼὶτάσεωςλαὶ
376 1642 442 1680 περὶ
457 1643 544 1679 ἀργοῦ
562 1645 694 1680 ῥήματος,
710 1645 763 1672 κᾶν
779 1645 858 1673 ἑπαί-
872 1655 895 1686 c

71 1695 122 1721 της
145 1683 183 1720 εἴ,
193 1687 296 1715 διδόναι
320 1689 417 1722 λόγον’
446 1689 537 1724 λέγεις
560 1690 685 1724 ἁλογῶν·
703 1691 751 1724 Τίς
769 1700 813 1726 μοι
829 1692 859 1718 ἐν

67 1731 157 1768 τοῦτῳ
179 1733 304 1768 φροντίςς
333 1734 438 1766 Ταῦτα,
455 1732 478 1762 ὦ
500 1735 632 1768 δέσποτα,
650 1737 733 1771 φησὶν
753 1738 768 1763 ό
786 1737 860 1765 Παῦ-

67 1776 125 1808 λος.
141 1778 387 1813 μετεσχημάτισα
399 1781 443 1813 εἰς
457 1780 589 1814 ἐμαυτὸν
600 1781 650 1808 καὶ
671 1782 808 1809 Ἀπολλὼ
820 1783 859 1810 δι’

67 1823 164 1858 ὑμᾶς·
196 1824 247 1851 ἵνα
276 1824 310 1851 ἐν
323 1825 397 1860 ἡμῖν
422 1825 537 1860 μάθητε
556 1827 646 1862 τὸμὴ
672 1827 748 1862 ὑπὲρ
772 1828 788 1855 ὃ
813 1829 860 1864 γέ-

68 1877 198 1904 γραπται
220 1871 353 1904 φρονεῖν.
377 1872 458 1898 Ὥστε
474 1873 521 1899 καὶ
533 1872 614 1904 αὐτὸς
629 1874 644 1900 ό
667 1874 753 1910 πένης
766 1876 858 1910 πάσης

65 1915 220 1950 ἀπολογίας
240 1917 386 1952 ἐστέρηται
405 1919 435 1944 ἐν
451 1918 544 1954 ἡμέρᾳ
567 1919 696 1954 κρίσεως,
723 1920 760 1957 μή
774 1921 858 1948 τανῦν

66 1961 158 1988 λαλῶν
169 1962 207 1994 ὡς
221 1962 419 1998 κριθησόμενος
432 1964 480 1991 καὶ
499 1964 544 1991 διὰ
557 1965 638 1992 τοῦτο
655 1967 751 2002 μόνον’
767 1967 804 2003 μὴ
817 1968 858 1995 ὅτι

66 2007 100 2041 γι
112 2015 156 2039 τις
165 2007 220 2034 τῶν
236 2009 336 2045 ιφεξῆς
348 2010 409 2037 καθ’
426 2010 575 2047 ὑπεροχὴν,
593 2012 691 2047 μέχρις
704 2013 789 2040 αὐτοῦ
809 2014 857 2041 τοῦ

65 2053 98 2080 τὸ
117 2053 237 2089 διάδημα
260 2056 457 2091 περικειμινου
470 2064 478 2071 ·
497 2053 520 2090 ᾧ
540 2057 588 2084 καὶ
603 2057 811 2095 ἀνυπέρὸλητον
827 2060 858 2087 τδ

66 2100 155 2134 κρῖμα
166 2107 174 2115 θ
184 2102 310 2128 Δυνατοὶ
322 2101 377 2136 γὰρ
385 2101 520 2135 δυνατῶς
529 2102 763 2138 ἐτασθήσονται.
775 2106 855 2141 φησί.

66 2144 138 2171 Καὶ·
157 2146 262 2179 Κρίσις
273 2147 424 2181 ἀπότομος
434 2147 469 2174 ἐν
485 2148 548 2182 τοῖς
558 2149 753 2184 ὑπερέχουσι.
771 2151 856 2179 Λάλει

67 2188 128 2223 οὖν,
143 2191 224 2227 κύριέ
237 2201 289 2228 μου
300 2212 308 2226 ,
328 2192 414 2221 λάλει.
431 2194 481 2221 Διὰ
501 2193 582 2222 τοῦτο
597 2195 675 2230 κάγὼ
688 2196 704 2223 6
714 2196 800 2229 τάλας
812 2198 857 2225 δε-

63 2236 164 2269 δοικὼς
174 2238 205 2264 τὸ
215 2239 357 2274 κριτήριον
371 2239 454 2266 λαλῶ.
469 2240 586 2274 ῡθέγξαι
597 2241 651 2273 ἓως
663 2241 718 2269 τῶν
736 2242 857 2279 θιοηχῶν

65 2281 146 2309 ὤτων
164 2282 206 2319 [ί.
233 2283 330 2320 ὼτῶν]
352 2284 400 2311 τοῦ
429 2285 559 2318 εὐσεϐοῦς
595 2287 675 2322 ήμῶν
702 2287 855 2323 βασιλέω;⁶

65 2327 185 2363 ἐπείπερ
199 2325 225 2354 εῐ
238 2328 292 2355 τῶν
306 2329 505 2365 ὑπερεχόντων.

101 2372 222 2408 οὐδεμία
234 2373 339 2409 αἵρεσις
354 2374 408 2400 τῶν
427 2375 481 2402 ἀπὸ
513 2376 563 2411 τῆς
599 2377 764 2413 Ἐκκλησίας
793 2379 859 2405 ἀνα-

65 2416 233 2452 ϐρασάντων
246 2438 254 2450 ,
274 2418 325 2454 τῆς
343 2420 557 2457 είκονομαχικῆς
584 2421 688 2458 ταύτης
724 2423 858 2458 αίρὲσεως

64 2462 215 2499 δεινοτέρα.
244 2464 362 2499 Χριστόν
391 2465 509 2501 ἤρνηται
525 2485 532 2497 .
569 2467 611 2500 είς
654 2468 802 2502 πρόσωπον
811 2470 857 2497 δέ-

66 2516 120 2544 ριι,
154 2508 356 2544 πραγματικῶς
383 2510 432 2537 καὶ
446 2510 564 2545 λογικῶς
592 2512 727 2541 λυττῶσα.
754 2515 792 2542 Τδ
807 2515 858 2550 μὲν

65 2554 213 2589 φληναφετ.
229 2555 347 2591 Χριστὸν
363 2555 400 2590 μὴ
418 2557 638 2592 περιγράφεσθαι
654 2559 727 2587 κατὰ
750 2560 797 2587 τὸν
806 2560 855 2588 τοῦ

66 2599 392 2636 ιιώμιιτος-χαρακτῆρα⁸
416 2602 485 2637 ὅπερ
512 2603 588 2630 ἔστὶν
613 2604 788 2640 ἀναιρετικὸν
808 2606 856 2634 τοῦ

66 2645 158 2680 σάρκα
169 2644 299 2679 γενέσθαι
310 2646 358 2673 τὸν
373 2647 469 2681 Δόγον.
501 2648 532 2675 El
558 2649 615 2684 γὰρ
640 2650 719 2686 σὰρξ.
746 2651 857 2684 πάντως

65 2691 112 2717 καὶ
123 2691 327 2726 περιγράφοιτο
339 2701 346 2708 ·
367 2694 430 2720 ἐπεὶ
447 2695 594 2730 φάντασμα
602 2696 632 2723 τὸ
645 2697 857 2734 κὺαγγιλιζόμε-

65 2744 109 2762 νον
123 2737 291 2773 Μινιχαῖκῷ
308 2739 475 2774 φρονήματι.
491 2740 529 2768 Τὸ
548 2740 577 2767 δὲ
591 2742 633 2768 ὃτι
646 2742 710 2776 Eiet,
725 2743 788 2779 κλᾷ,
805 2753 856 2771 κα-

64 2785 229 2817 τασκάπτω,
246 2787 426 2821 πυρικαυστετ
448 2786 537 2814 πάντα
554 2787 625 2815 θεῖον
638 2789 712 2821 ναὸν,
740 2790 795 2816 πᾶν
819 2790 857 2816 ἱε-

102 2863 209 2894 "Psal.
228 2873 309 2898 Lxxx.
327 2867 369 2895 il.
408 2868 430 2884 "
444 2867 526 2897 chr.
544 2877 570 2902 ιι,
587 2869 631 2898 38.
670 2870 692 2887 ”
705 2870 771 2900 Luc.
785 2879 840 2906 tux,
856 2871 900 2900 ιο.

233 2915 368 2946 l’a'rnoc.
385 2916 442 2947 fin.
459 2917 561 2947 XCIX.

910 1042 978 1068 xerit
998 1050 1034 1072 se,
1060 1051 1113 1069 non
1128 1042 1213 1077 placet
1230 1043 1327 1069 anima:
1347 1051 1411 1069 mea:
1424 1043 1451 1069 in
1463 1051 1493 1070 eo
1504 1044 1537 1072 ".
1553 1043 1587 1071 Et
1604 1053 1611 1072 :
1626 1044 1655 1071 Si
1675 1045 1704 1072 lii

912 1087 1053 1119 tacuerint,
1062 1087 1165 1121 lapides
1177 1086 1330 1114 clamabunt
1342 1087 1374 1114 ’⁸.
1391 1088 1575 1120 Quamobrem
1588 1090 1700 1124 quando

911 1132 945 1159 de
960 1132 1012 1159 ﬁde
1034 1140 1124 1160 Sermo
1148 1137 1200 1166 est,
1216 1140 1270 1159 non
1290 1138 1332 1160 est
1356 1133 1429 1168 quod
1444 1134 1507 1169 quis
1523 1134 1616 1162 dicat:
1633 1134 1702 1168 Quis

910 1185 961 1214 ego
975 1186 1034 1205 sum
1057 1178 1069 1204 ?
1087 1177 1221 1206 Sacerdos
1235 1179 1246 1205 ?
1265 1179 1388 1207 minime.
1409 1179 1561 1215 Princeps?
1578 1188 1612 1208 ne
1626 1181 1699 1209 ismd

910 1224 1032 1260 quidem.
1050 1224 1126 1252 Miles
1142 1225 1153 1251 Ῥ
1171 1225 1216 1252 ubi
1240 1233 1322 1260 porro
1336 1225 1484 1261 ?Agricola
1498 1226 1510 1253 ?
1522 1234 1610 1262 neque
1628 1227 1701 1255 istud

911 1270 1011 1305 ipsum.
1039 1270 1158 1305 Egerius,
1187 1271 1377 1306 quotidianum
1410 1273 1490 1299 modo
1507 1273 1611 1310 victum
1627 1281 1702 1308 qua-

910 1316 1007 1343 ritans.
1025 1316 1097 1343 Nihil
1111 1316 1136 1343 id
1149 1317 1221 1351 quod
1235 1317 1331 1344 incidit
1343 1317 1370 1344 in
1384 1317 1610 1353 disputationem,
1624 1327 1700 1348 cura:

911 1361 978 1389 mihi
993 1366 1040 1389 aut
1056 1361 1234 1389 sollicitudini
1247 1367 1300 1389 est.
1318 1361 1387 1395 Vah,
1406 1363 1514 1398 lapides
1528 1364 1699 1398 clamabunt,

910 1414 939 1436 et
960 1408 1056 1436 silebis
1078 1408 1218 1436 securus?
1240 1408 1345 1437 Sensus
1373 1417 1468 1444 expers
1487 1415 1585 1438 natura
1613 1410 1699 1440 Deum

910 1455 1031 1483 exaudiit
1048 1463 1056 1482 :
1073 1460 1099 1483 et
1110 1461 1138 1483 tu
1156 1463 1239 1483 sensu
1260 1455 1387 1484 audiendi
1407 1465 1485 1485 cares
1496 1457 1508 1484 ‘l
1519 1457 1597 1492 Quod
1613 1466 1701 1494 neque

909 1507 951 1530 est
972 1502 1134 1535 animatum,
1151 1510 1166 1530 a
1182 1510 1237 1538 quo
1253 1510 1341 1537 neque
1364 1503 1390 1530 in
1406 1503 1512 1538 judicio
1525 1505 1595 1532 ratio
1611 1505 1701 1540 posci-

910 1552 967 1580 tur,
983 1548 1056 1576 velut
1075 1548 1109 1576 ad
1126 1549 1284 1576 mandatum
1309 1557 1494 1584 expavescens
1506 1557 1600 1578 vocem
1619 1551 1676 1578 edit
1691 1559 1700 1578 :

911 1599 940 1621 ot
954 1599 982 1621 tu
1000 1595 1047 1629 qui
1064 1602 1128 1623 rcus
1148 1602 1241 1622 coram
1256 1595 1311 1622 Deo
1334 1596 1506 1630 peragendus
1533 1603 1563 1624 es
1586 1596 1702 1631 inquisi-

911 1641 993 1668 tionis
1007 1645 1137 1675 tempore,
1152 1648 1184 1668 ac
1199 1641 1233 1668 de
1248 1641 1331 1669 verbo
1354 1642 1443 1669 otioso
1459 1642 1594 1670 rationem
1610 1643 1701 1670 reddi-

910 1691 1000 1719 turus,
1025 1687 1067 1714 νει
1086 1687 1109 1714 si
1135 1686 1278 1715 mendicus
1300 1687 1397 1719 lueris,
1420 1688 1503 1716 stulte
1519 1688 1589 1716 dicis
1607 1697 1614 1715 :
1630 1688 1700 1722 Quid

909 1733 975 1760 mihi
1005 1734 1075 1761 istud
1092 1741 1165 1761 cura;
1189 1734 1252 1761 est?
1280 1733 1357 1765 Hec.
1379 1734 1493 1762 Domine
1507 1755 1515 1768 ,
1535 1735 1573 1762 ait
1588 1735 1700 1770 l‘aulus,

909 1779 1097 1814 transﬁgurari
1129 1780 1157 1806 in
1179 1787 1219 1806 me
1235 1785 1260 1807 et
1276 1779 1370 1814 Apollo
1396 1786 1502 1815 propter
1518 1790 1561 1808 υοι
1577 1790 1587 1809 :
1615 1786 1645 1808 nt
1671 1782 1701 1809 in

908 1824 982 1852 nobis
997 1825 1106 1851 discuti:
1117 1833 1149 1852 ne
1158 1833 1239 1859 supra
1249 1833 1327 1860 quam
1341 1826 1470 1862 scriptum
1484 1833 1521 1854 est
1537 1827 1649 1862 sapiatil
1664 1830 1697 1856 ".

909 1868 1091 1903 Quamobrem
1118 1874 1146 1898 et
1167 1871 1311 1898 mendicus
1341 1871 1400 1907 ipse
1424 1873 1499 1899 omni
1521 1874 1701 1902 excusatione

907 1921 983 1944 caret
1000 1916 1027 1944 in
1041 1916 1086 1944 die
1094 1916 1202 1952 judicii,
1217 1917 1272 1944 nisi
1285 1917 1312 1945 in
1324 1919 1451 1953 praesenti
1465 1919 1548 1946 veluti
1564 1920 1699 1954 judicium

908 1961 1052 1990 subiturus
1067 1962 1204 1996 loquatur.
1220 1963 1263 1990 vel
1287 1963 1323 1991 ob
1342 1964 1368 1991 id
1389 1972 1494 1993 unum:
1512 1966 1597 1993 multo
1613 1967 1700 2002 magis

907 2006 1044 2042 quispiam
1072 2015 1167 2035 eorum
1190 2009 1238 2043 qui
1268 2009 1400 2044 dignitate
1430 2011 1546 2046 pollent,
1565 2013 1699 2047 usquead

907 2059 970 2080 eum
984 2053 1029 2088 qui
1041 2053 1188 2088 insignitus
1202 2054 1356 2083 diademate
1374 2061 1425 2089 est,
1439 2057 1486 2084 cui
1498 2057 1699 2086 intolerandum

905 2098 1036 2134 judicium
1054 2100 1114 2126 erit.
1140 2100 1264 2128 Potentes
1281 2102 1361 2135 enim,
1384 2102 1484 2138 inquit,
1509 2109 1628 2139 potenter
1642 2110 1699 2132 tor-

907 2150 996 2172 menta
1020 2146 1156 2180 patientur
1167 2147 1199 2174 ³⁸.
1229 2147 1271 2180 Et,
1291 2147 1428 2176 Iudicium
1456 2149 1633 2178 durissimum
1657 2153 1699 2178 his

905 2193 952 2228 qui
967 2197 1084 2227 pratum
1097 2192 1131 2221 ".
1144 2192 1268 2229 Loquere
1282 2195 1374 2229 igitur,
1390 2194 1506 2224 Domine
1518 2197 1566 2230 mi,
1576 2197 1698 2232 loquere.

906 2238 1010 2267 Idcirco
1019 2243 1047 2266 et
1055 2247 1107 2274 ego
1115 2239 1219 2270 infelix.
1227 2239 1361 2274 judicium
1374 2242 1477 2270 veritus
1488 2243 1593 2279 loquor.
1604 2243 1699 2280 thue

907 2283 934 2310 in
947 2283 1054 2311 divinas
1066 2284 1182 2319 religiosi
1193 2285 1324 2320 principis
1335 2288 1421 2314 nostri
1438 2295 1520 2316 aures
1531 2296 1624 2316 vocem
1634 2290 1698 2317 mit-

871 2325 895 2355 Β
908 2334 933 2357 te
945 2338 952 2356 :
965 2330 1184 2365 quandoquidem
1193 2339 1225 2358 ex
1234 2339 1327 2359 eorum
1341 2341 1456 2360 numero
1470 2341 1500 2361 es
1508 2335 1554 2369 qui
1566 2340 1698 2369 praesunt.

941 2374 1021 2404 Nulla
1036 2377 1148 2404 heresis
1161 2385 1195 2405 ex
1211 2377 1245 2405 iis
1261 2386 1322 2413 qua!
1334 2379 1369 2406 ab
1381 2378 1505 2407 Ecclesia
1516 2380 1697 2414 ebullierunt,

906 2421 957 2450 bac
972 2421 1180 2451 leonomachica
1200 2424 1299 2452 haeresi
1323 2425 1451 2453 acerbior
1469 2426 1531 2454 fuit.
1556 2426 1697 2456 Christum

905 2468 1024 2504 negavit,
1046 2469 1074 2496 in
1090 2468 1189 2497 faciem
1211 2470 1302 2503 caedit,
1323 2480 1405 2508 opere
1420 2481 1454 2502 ac
1476 2482 1603 2503 sermone
1619 2475 1697 2504 furit.

905 2514 973 2543 Pars
993 2515 1104 2550 quidem
1126 2516 1196 2544 adeo
1212 2516 1312 2552 desipit
1335 2523 1365 2546 ut
1384 2519 1526 2548 Christum
1547 2526 1626 2557 met
1641 2523 1698 2550 cir-

905 2562 1055 2590 cumscribi
1080 2563 1229 2591 secundum
1250 2565 1376 2599 corporis
1395 2565 1513 2594 formam
1535 2568 1633 2603 :quod
1655 2574 1698 2596 cst

905 2607 985 2643 plane
1015 2616 1114 2644 negare
1146 2607 1265 2636 Verbum
1293 2617 1406 2638 carnem
1433 2611 1550 2641 factum.
1575 2612 1644 2642 Nam
1672 2617 1696 2641 st

905 2660 981 2685 caro,
996 2653 1109 2680 omnino
1131 2657 1159 2680 et
1170 2653 1410 2683 circumscribitur
1425 2664 1432 2682 :
1450 2657 1614 2692 phantasma
1623 2658 1696 2686 enim

905 2705 978 2730 esse,
998 2697 1209 2726 Manichaorum
1237 2699 1375 2736 Evangelii
1394 2702 1532 2731 sententia
1554 2708 1607 2731 est.
1630 2702 1697 2731 Pars

908 2751 974 2772 vero
990 2744 1070 2776 radit,
1087 2743 1196 2780 frangit,
1212 2745 1308 2778 diruit,
1324 2746 1445 2775 incendit
1457 2755 1567 2776 omnem
1588 2755 1696 2776 sacram

908 2789 1005 2823 aedem,
1026 2797 1136 2817 sacrum
1155 2798 1236 2818 omne
1251 2792 1396 2820 donarium
1421 2793 1448 2820 in
1466 2801 1522 2829 quo
1539 2794 1576 2822 sit
1591 2794 1697 2823 Christi

957 2872 980 2889 "
994 2871 1004 2900 l
1016 2871 1079 2900 Cor.
1097 2880 1134 2906 iV,
1148 2872 1174 2900 6.
1213 2873 1235 2889 ³⁸
1251 2873 1315 2908 Szip.
1332 2882 1368 2907 γι,
1384 2873 1410 2900 7.
1447 2875 1470 2890 ³⁸
1490 2874 1551 2902 ibid’
1575 2873 1592 2900 6

1436 2921 1474 2951 ΕΞ
