1923 3078
227 115 295 146 1323

818 106 847 143 s.
868 111 1063 143 THEODORI
1083 112 1257 143 STUDITA‘.

1781 108 1847 140 132i

224 171 336 208 eﬂlgies,
353 171 484 206 Deiparar.
505 176 552 198 aut
566 170 714 205 cujuslibet
729 170 829 199 sancti.
847 169 945 197 Actum
964 174 1006 196 est

1070 168 1104 195 ιον
1121 168 1258 203 ἀνάθημα,
1274 164 1348 203 ὲφ“ᾧ
1362 168 1376 194 ὁ
1395 167 1513 203 Χριστοῦ
1529 166 1681 202 χαρακτὴρ,
1695 165 1744 200 τῆς
1755 165 1850 193 Θεοτό-

223 221 258 248 de
271 219 351 246 nobis
366 218 542 246 Christianis.
560 217 777 251 Prwaccupemus
794 216 889 250 faciem
908 214 1013 241 Christi

224 267 251 293 in
274 265 435 300 confessione
448 264 505 280 "'5'
522 273 528 290 :
544 263 684 290 Christum
713 262 918 297 amplectamur,
931 268 1011 296 quem

224 320 272 348 per
288 311 374 346 ipsius
392 314 495 338 sanctae
512 309 640 344 imaginis
661 311 846 342 contemptum
866 313 1009 342 negamus.

286 413 419 441 LXXXII.
434 428 469 434 -
482 410 639 438 Demochari
653 409 803 444 Logotluzta:
820 408 946 443 generali.

1068 224 1128 248 κου,
1143 214 1290 241 είτινοσοῦν
1304 214 1357 241 τῶν
1374 213 1468 247 ἁγίων.
1485 211 1645 248 Χριστιανοὶ
1661 211 1849 247 ἀπολλύμεθα.

1070 251 1293 294 Προφθάσῶμεν
1307 259 1342 286 τὸ
1357 260 1519 292 πρόσωπον
1537 257 1656 292 Χριστοῦ
1669 258 1704 285 ἐν
1715 258 1852 293 ἐξομολο-

1065 306 1151 340 γήσει
1169 314 1176 321 ·
1190 305 1379 339 ἀσπασώμεθα
1391 305 1519 340 Χριστὸν,
1533 304 1563 330 ὃν
1583 304 1617 330 δι’
1635 304 1790 338 ἀθετήσεως
1805 305 1852 339 τῆς

1064 352 1147 379 αὐτοῦ
1164 352 1244 386 ἁγίας
1262 352 1365 383 εἰκόνος
1380 351 1546 386 ἀρνούμεθα.

1119 407 1182 436 IlB'.
1197 425 1232 430 —
1246 409 1396 444 Δημόχαρι
1412 408 1561 443 Λογοθέτῃ
1576 408 1693 444 τενικῷ.
1775 408 1852 445 [φθξ]

255 479 348 502 Laudat
358 478 424 509 quod
434 478 537 508 impium
547 477 665 502 Joannem
679 482 723 507 pro
733 474 832 500 meritis
843 475 1004 507 cocrguerit:
1018 476 1073 499 tum
1084 477 1113 500 ut
1123 483 1167 507 pro
1178 476 1227 501 ﬁde
1242 476 1307 507 apud
1325 476 1502 506 imperatorem
1511 480 1587 506 agere
1602 477 1692 506 pergat
1700 475 1823 501 hortatur.

261 527 388 555 Virorum
423 527 572 562 proborum
606 525 751 552 affabilitas
787 524 821 552 ad
850 531 899 552 eos
928 524 1013 552 libere

226 574 342 601 adeundi
376 572 418 600 vel
448 572 541 607 ignoto
586 571 685 606 cuique
718 574 883 606 potestatem
915 569 1012 598 facit:

230 620 316 646 multo
338 619 426 654 magis
451 618 485 646 iis
508 618 553 652 qui
575 624 603 646 et
629 618 686 645 noti
711 619 829 648 sunt,‘et
852 617 1012 644 eorumdem

226 665 362 693 comitatis
385 665 602 700 experimentum
622 671 727 698 cepere.
744 663 779 690 Ea
803 671 832 690 re
847 663 943 690 conﬁsi
963 670 1014 690 nos

228 712 357 746 humiles,
374 711 408 738 ad
439 710 568 738 eximiam
585 715 612 737 ct
628 709 863 744 religiosissimam
886 709 1014 744 magniﬁ-

227 759 345 785 centiam
363 762 437 784 tuam
455 757 559 784 litteras
578 756 736 788 scribimus,
752 755 918 790 gratulantes
932 756 968 788 ei,
984 761 1014 783 ut

227 812 275 838 par
296 809 348 836 est,
363 803 438 838 quod
454 803 492 830 sis
518 802 620 836 optima
641 797 741 829 radicis
763 801 878 836 egregia:
893 801 1012 834 soboles,

225 849 298 884 quod
312 849 421 884 sagacis
436 847 590 883 prudentiae
607 847 728 874 divinum
743 853 823 881 opus,
835 847 907 881 quod
923 847 1015 873 multi-

227 895 303 929 plicis
330 894 515 921 institutionis
540 892 624 920 decus
652 892 838 927 expetendum
863 892 959 919 :unde
987 896 1014 918 et

227 939 338 974 regibus
359 942 488 972 acceptus
513 944 553 968 es,
576 942 603 963 et
620 937 743 963 omnium
766 943 814 963 ore
835 944 868 962 ac
888 944 1014 964 sermone

225 984 372 1011 celebrat-is
392 989 529 1018 :eamque
554 982 590 1009 ob
609 989 721 1009 oausam
747 981 924 1016 magistratus
946 982 1015 1010 alios

226 1038 260 1057 ex
283 1030 344 1057 aliis
371 1036 481 1064 geretis,
505 1028 538 1054 ad
562 1035 719 1062 supremum
746 1027 865 1062 denique
890 1027 1015 1055 celeriter

225 1076 387 1110 pervenisti.
407 1075 511 1107 Gaude,
534 1079 560 1102 et
574 1074 636 1109 jure
659 1075 769 1109 quidem
794 1075 906 1109 optimo.
922 1074 1015 1107 Quan-

226 1131 306 1158 quam
321 1127 413 1150 autem
428 1121 501 1156 quod
517 1121 552 1147 ob
564 1121 686 1147 eamdem
707 1121 777 1148 hanc
792 1120 918 1148 virtutem
934 1119 1014 1148 nobis

227 1168 356 1196 tenuibus
379 1167 547 1194 desiderium
568 1168 607 1194 tui
630 1167 708 1200 facis,
723 1167 795 1193 haud
811 1171 885 1193 tanta
902 1167 1012 1201 dignum

227 1214 409 1242 admiratione
426 1219 477 1247 est,
491 1220 554 1240 cum
574 1213 676 1240 nullius
697 1213 776 1248 pretii
794 1213 882 1240 simus
898 1222 905 1240 :
922 1219 1013 1240 tamen

225 1260 297 1287 ratio
316 1259 446 1293 temporis
460 1259 598 1290 admonet,
620 1263 648 1285 ut
669 1262 697 1285 et
712 1265 728 1285 a
743 1258 870 1285 tenuibus
884 1258 952 1286 viris
963 1259 1012 1285 tibi

226 1306 435 1342 supplicationis
456 1305 563 1332 libellus
589 1304 718 1332 olYeratnr
733 1313 739 1332 :
756 1309 787 1331 ut
812 1309 912 1332 nostra:
930 1304 1013 1332 nimi-

225 1361 286 1380 rum
307 1352 450 1384 Ecclesiaa,
471 1351 620 1386 impietatis
639 1351 721 1378 ruina
743 1351 872 1386 collapsze
899 1359 1012 1378 manum

1107 526 1139 552 Ἦ
1149 526 1203 553 τῶν
1216 526 1328 560 ἀγαθῶν
1344 526 1450 562 ἀνδρῶν
1463 526 1583 560 ἔντευξις
1596 526 1752 563 παρρησίαν
1762 528 1852 555 δίδωσι

1066 572 1114 599 καὶ
1129 573 1193 604 τοὺς
1203 573 1329 607 ἀγνῶτας
1358 573 1427 608 πρὸς
1443 573 1541 605 αὐτοὺς
1558 574 1646 600 mea:
1658 581 1665 589 '
1686 575 1724 609 μὴ
1739 574 1854 606 ὅτις-οὒς

1066 619 1230 654 γνωρίμους,
1252 619 1298 646 καὶ
1317 620 1366 655 τῆς
1379 618 1470 646 αὐτῶν
1487 619 1679 655 εὐθημοσύνης
1691 617 1791 655 πεῖραν
1815 622 1855 647 εἰ·

1066 663 1196 700 ληφότας.
1213 665 1264 691 Διὰ
1278 664 1357 691 τοῦτο
1380 664 1582 700 τεθαρρηκότες
1599 665 1626 691 οἱ
1642 666 1776 698 ταπεινοὶ,
1793 666 1855 693 ἐπι-

1068 709 1215 745 στέλλομεν
1241 710 1274 745 τῇ
1289 710 1425 745 ὑπερφυεῖ
1442 710 1489 737 καὶ
1499 710 1684 746 εὐσεϐεστάτη
1701 720 1749 738 σου
1767 720 1854 747 μεγα-

1066 755 1185 792 λωσύνῃ,
1202 756 1390 791 εὐφημοῦντες
1401 756 1488 791 αὐτὴν
1504 756 1574 783 κατὰ
1585 755 1618 782 τὸ
1634 757 1717 790 εἰκὸς,
1741 757 1785 784 δτι
1815 758 1855 793 ρε-

1066 800 1116 835 ζης
1131 801 1248 835 εὐφυοῦς
1262 801 1365 835 ἀγαθὸν
1389 801 1551 837 βλάστημα·
1568 802 1609 829 ὅτι
1636 803 1795 838 φρονήσεως
1814 803 1855 829 δε-

1066 846 1126 879 ξιᾶς
1143 847 1216 883 ίερὸν
1230 847 1404 882 ἀποτέλεσμα
1420 856 1426 863 ·
1456 848 1497 875 δτι
1526 847 1694 881 παιδεύσεως
1726 849 1854 884 ποικίλης

1065 893 1206 928 ἀγλάϊσμα
1234 893 1488 928 περισπούδαστον·
1518 894 1594 921 ἔνθεν
1621 895 1668 921 καὶ
1697 895 1854 930 βασιλεῦσιν

1065 939 1202 975 ἁσπαστὴ,
1221 941 1268 966 καὶ
1287 942 1355 968 πᾶσι
1381 941 1542 976 διαλαλητή.
1558 941 1622 968 Κᾱκ
1638 941 1735 968 τούτου
1762 942 1852 977 ἀρχὰς

1065 984 1096 1016 ἐξ
1111 985 1206 1020 ἀρχῶν
1220 986 1382 1020 ἀμείϐουσα,
1399 988 1440 1019 εές
1451 987 1501 1022 τὴν
1514 987 1732 1023 κορυφαιοτάτην
1756 987 1812 1013 τῶν
1826 989 1855 1013 ἐν

1064 1031 1137 1057 τέλει
1160 1031 1323 1067 ἀνέδραμεν.
1341 1032 1422 1065 Εὖγε,
1439 1032 1487 1059 καὶ
1502 1033 1575 1059 πάνυ
1590 1031 1712 1064 εικότως.
1725 1033 1756 1059 El
1767 1033 1797 1059 δὲ
1808 1035 1855 1060 καὶ

1065 1078 1106 1104 ὅτι
1121 1079 1188 1113 ἡμῖν
1199 1079 1256 1109 τοῖς
1284 1078 1407 1105 εὐτελέσι
1422 1079 1457 1105 δι’
1486 1078 1584 1115 αὐτὴν¹
1601 1079 1649 1114 τὴν
1677 1079 1779 1114 ἀρετὴν
1804 1087 1855 1105 πο-

1065 1123 1146 1159 θητὴ,
1160 1124 1190 1150 οὐ
1205 1124 1275 1150 πάνυ
1289 1132 1316 1150 τι
1343 1124 1398 1151 τῶν
1417 1124 1554 1157 ἁγαστῶν,
1572 1123 1617 1150 διὰ
1634 1123 1664 1150 τὸ
1691 1124 1854 1158 οὐδαμινόν·

1064 1169 1134 1204 πλὴν
1164 1169 1205 1196 ὅτι
1234 1169 1405 1196 ὑποϐάλλοιὸ
1431 1170 1523 1205 καιρδς
1557 1171 1603 1197 καὶ
1630 1170 1661 1203 ἐξ
1678 1170 1796 1197 εὐτελῶν
1806 1179 1857 1197 πα-

1066 1214 1199 1250 ράκλησίν
1230 1223 1272 1242 σοι
1302 1216 1502 1251 προσάγεσθαι.
1536 1216 1568 1243 Ἦ
1598 1216 1627 1243 δέ
1652 1217 1726 1243 ἐστιν
1761 1217 1856 1252 ὀρέξαι

1066 1269 1095 1286 σε
1134 1262 1212 1295 χεῖρα
1237 1262 1269 1297 τῇ
1307 1262 1502 1299 καταπεσούσῃ
1545 1262 1605 1289 καθ’
1633 1263 1708 1298 ἡμᾶς
1738 1263 1856 1298 Ἐκκλη-

1065 1306 1111 1341 σίᾳ
1123 1305 1250 1341 πτώματι
1272 1306 1410 1339 ἀσεϐείας.
1427 1308 1514 1334 Τοῦτο
1526 1307 1558 1344 δὴ
1572 1308 1620 1335 καὶ
1643 1309 1775 1344 ἧκουσται
1789 1310 1857 1344 ἡμῖν

1065 1352 1273 1387 ὲνεργήσαντα·
1311 1353 1359 1379 καὶ
1384 1353 1523 1388 εὐξάμεθά
1553 1361 1595 1380 σοι
1625 1354 1661 1385 ὡς
1685 1354 1856 1390 ἁμαρτωλοὶ.

226 1398 360 1434 porrigas.
385 1398 413 1425 in
433 1398 484 1425 hoc
503 1402 595 1425 autem
615 1402 640 1424 te
657 1397 714 1432 jam
732 1397 890 1425 elaborasse
906 1399 938 1424 ad
963 1406 1013 1425 nos

1070 1398 1113 1424 καὶ
1131 1398 1321 1433 εὐλογήσαμέν
1341 1407 1371 1426 σε
1387 1399 1441 1426 ἀπὺ
1453 1399 1566 1435 καρδίας
1593 1401 1799 1435 πεπονημένης,
1815 1401 1858 1427 ὅτι

227 1445 297 1472 fama
317 1444 414 1472 detulit
429 1453 436 1471 :
454 1449 480 1471 et
494 1443 521 1470 id
542 1448 572 1471 ut
587 1451 696 1478 operam
710 1443 802 1474 dares,
824 1451 874 1470 nos
889 1449 1016 1478 peccato-

226 1497 269 1518 res
287 1490 391 1525 precati
411 1497 507 1518 sumus
524 1499 530 1516 :
548 1497 580 1516 ac
595 1489 711 1516 summis
726 1492 752 1516 te
771 1489 899 1516 laudibus
914 1490 1015 1516 extuli-

226 1544 287 1564 mus
299 1537 407 1563 sincero
417 1536 501 1562 animi
515 1535 624 1567 affectu,
636 1534 708 1570 quod
719 1535 792 1569 justa
802 1535 1015 1570 reprehensione

225 1581 357 1609 Joannem
373 1581 522 1616 coarguisti
546 1580 693 1616 impietatis
715 1580 877 1615 principem,
895 1587 926 1607 ea
943 1580 1015 1614 obji-

226 1629 302 1654 ciens
330 1635 391 1663 qua:
417 1627 565 1655 scelestum
589 1627 727 1653 hominem
755 1626 849 1653 audire
873 1633 921 1660 par
936 1625 1010 1654 fuit:

226 1683 285 1708 qua:
311 1682 373 1701 cum
400 1673 490 1705 nobis,
515 1677 570 1700 tum
595 1672 724 1708 plurimis
748 1672 820 1704 aliis,
847 1676 877 1699 ut
902 1672 1010 1706 opinor,

1066 1444 1113 1470 καὶ
1121 1443 1230 1479 ἐλεγμῷ
1241 1444 1337 1479 δικαίῳ
1352 1445 1468 1480 ἤλεγξας
1480 1446 1524 1472 τὸν
1537 1446 1695 1482 ἀσεόάρχην
1712 1447 1857 1482 Ἰωάννην,

1065 1489 1184 1516 τοσαῦτα
1200 1491 1295 1522 εἰπὼν,
1311 1491 1360 1517 ὅσα
1382 1490 1417 1527 ἦν
1433 1492 1507 1524 ἄξιον
1520 1492 1636 1519 ἀκοῦσαι
1650 1494 1694 1520 τὴν
1710 1494 1834 1529 μυσαρόν
1849 1502 1856 1509 ·

1065 1535 1135 1561 ἄττα
1152 1535 1279 1571 καὶήμϊν,
1294 1535 1383 1571 οἶμαι,
1399 1538 1447 1564 καὶ
1457 1537 1565 1569 πολλοῖς
1573 1538 1664 1569 ἄλλοις
1681 1538 1856 1574 προδεδήλω-

1065 1588 1120 1607 ται.
1145 1581 1221 1607 Ἐπεὶ
1230 1583 1285 1608 οὐκ
1294 1582 1360 1609 ἔστι
1367 1583 1500 1617 κρυπτὸν
1510 1582 1568 1610 ὃού
1579 1583 1796 1617 γνωσθήσεται,
1806 1593 1859 1610 κα-

1066 1626 1101 1652 Θά
1113 1635 1180 1662 φησι
1196 1627 1230 1654 τὰ
1241 1627 1337 1662 Λόγια.
1352 1629 1406 1655 Καὶ
1419 1629 1507 1661 ἄλλως
1521 1629 1594 1656 ὃτιοὶ
1611 1629 1740 1661 ἀσεϐείας
1747 1630 1860 1666 ἔξαρχοι

1067 1673 1199 1700 τοιούτων
1208 1674 1337 1709 πράξεων
1347 1674 1435 1710 ἔνοχοι
1445 1675 1625 1708 δικαιοτάτως
1631 1677 1857 1712 πεφανέρωνται.

225 1725 365 1755 comperta
397 1719 515 1747 inerunt.
543 1718 678 1752 Quoniam
704 1717 770 1744 nihil
798 1722 837 1744 es!
864 1717 1015 1750 occultum,
1051 1718 1120 1754 quod
1143 1726 1194 1745 non
1219 1719 1317 1746 scietur
1347 1720 1381 1753 ",
1410 1725 1439 1747 ut
1470 1721 1546 1748 aiunt
1570 1729 1656 1748 sacrae
1680 1723 1796 1757 paginae.
1824 1722 1858 1748 Et

226 1767 328 1802 alioqui
346 1767 494 1802 impietatis
510 1766 595 1793 duccs
607 1766 701 1793 talium
718 1765 851 1792 scelerum
868 1765 906 1792 rei
923 1765 1068 1794 manifeste
1084 1766 1215 1802 comperti
1227 1767 1399 1802 convictique
1417 1772 1490 1795 sunt.

262 1811 321 1839 Noli
347 1811 442 1846 igitur,
466 1810 583 1837 Domine
602 1811 651 1842 mi,
672 1815 727 1837 tam
744 1810 877 1845 praeclaro
900 1810 946 1837 illo
970 1815 1013 1838 tuo

1101 1811 1147 1847 Μὴ
1155 1811 1256 1842 τοίνυν,
1273 1809 1296 1839 ὦ
1311 1813 1432 1839 δέσποτα
1447 1817 1508 1848 μου,
1525 1813 1691 1849 ἁπολήξειας
1712 1814 1760 1840 τοῦ
1771 1814 1857 1841 κα).οὗ

226 1858 376 1886 certamine
399 1856 616 1885 desisterezsed
642 1854 738 1883 confer
765 1855 871 1882 eximia:
890 1855 1013 1890 dignitati

1070 1866 1114 1884 σου
1130 1858 1236 1892 ἀγῶνος
1249 1866 1256 1874 ·
1271 1858 1341 1886 ἀλλὰ
1376 1860 1584 1894 συνεισένεγκον
1599 1862 1632 1896 τῇ
1661 1861 1780 1896 μεγίστῃ
1803 1870 1854 1888 σου

228 1910 281 1932 tua:
301 1904 372 1931 haud
396 1903 529 1937 imparem
557 1909 647 1936 opem.
672 1902 771 1936 quippe
795 1901 841 1936 qui
865 1902 903 1930 sis
928 1903 961 1929 ad
989 1902 1013 1930 id

1070 1903 1186 1940 ὑπεροχῇ
1218 1904 1361 1940 ίσόῤῥοπον
1375 1905 1425 1940 τὴν
1438 1906 1575 1940 βοήθειαν,
1592 1906 1629 1937 ὡς
1646 1907 1698 1932 ὑπὸ
1719 1906 1788 1933 Θεοῦ
1817 1908 1861 1938 εις

227 1959 242 1978 a
253 1950 307 1978 Deo
321 1954 433 1977 vocatus
449 1949 475 1975 in
491 1948 534 1976 his
548 1953 700 1982 temporum
713 1955 744 1974 ac
760 1955 851 1974 rerum
871 1948 1013 1982 angustiis.

1070 1949 1167 1984 ταύτην
1183 1950 1368 1985 προσκληθεὶς
1382 1951 1411 1984 ὲξ
1422 1951 1573 1985 ἀναγκαίου
1586 1951 1633 1978 τοῦ
1648 1953 1757 1986 χρόνον.
1778 1952 1861 1979 Οὕτω

227 1998 274 2024 Sic
287 1997 359 2024 enim
383 1996 515 2030 majorem
537 1994 651 2030 gloriam
673 2001 851 2029 consequere,
869 1999 924 2021 tum
942 1995 1013 2029 apud

1070 1995 1121 2030 γὰρ
1138 1995 1239 2030 μᾶλλον
1251 1996 1426 2033 εὐκλεηθήσῃ
1444 1998 1522 2032 παρά
1545 2005 1576 2023 τε
1602 1997 1662 2024 Θεῶ
1674 1997 1714 2034 τῷ
1741 1998 1860 2033 εὐδοκή-

229 2043 312 2070 Deum
337 2042 379 2070 cui
407 2049 450 2070 res
477 2049 509 2069 ea
543 2040 733 2076 acceptissima
763 2045 825 2073 est,
854 2044 912 2068 tum
942 2041 1013 2076 apud

1070 2049 1156 2074 σαντι,
1174 2042 1222 2068 καὶ
1240 2042 1348 2077 βασιλεῖ
1361 2042 1400 2077 τῷ
1430 2043 1616 2079 ἁπαρξαμένῳ
1643 2044 1778 2076 εὐσεόεἰν,
1810 2046 1862 2071 καὶ

228 2090 422 2123 imperatorem
440 2088 487 2122 qui
507 2087 564 2122 jam
591 2087 732 2122 religionis
754 2086 862 2121 signum
891 2087 1013 2120 sustulit,

1070 2087 1154 2115 ἅπασι
1164 2089 1221 2119 τοῖς
1234 2088 1279 2115 τὸν
1291 2088 1372 2124 ὀρθὸν
1384 2088 1464 2123 λόγον
1477 2089 1527 2124 τῆς
1540 2088 1669 2124 ἀληθείας
1684 2089 1859 2124 πρεσϐεύου-

228 2140 286 2162 tum
301 2135 372 2169 apud
384 2135 531 2161 universos
543 2134 591 2168 qui
603 2137 707 2160 rectum
721 2132 844 2160 veritatis
860 2140 1013 2160 sermonem

1070 2141 1120 2160 σιν.
1133 2133 1170 2159 Οὐ
1184 2117 1238 2169 μην
1261 2117 1329 2160 ἀλλα
1353 2134 1401 2161 καὶ
1415 2117 1525 2170 σεαυτῷ
1541 2117 1591 2169 τῆς
1613 2117 1684 2162 κατὰ
1702 2117 1752 2170 τὴν
1782 2137 1862 2171 αἰρε-

228 2180 392 2208 annuntiant
410 2189 417 2207 -,
434 2179 586 2214 quinetiam
609 2179 758 2206 amuletum
777 2178 910 2206 adversus
927 2178 1013 2205 labem

1070 2179 1147 2215 τικὴν
1162 2179 1305 2207 κοινωνίαν
1319 2180 1470 2216 χράνσεως,
1490 2181 1616 2208 ἐντεῦθεν
1641 2180 1742 2217 χαρίσῃ
1767 2181 1862 2214 ἀλεξι-

228 2235 290 2262 ιιιιιιε
305 2228 340 2254 ab
358 2227 486 2254 haeretica
503 2226 694 2253 communione
710 2225 798 2251 oritur
813 2224 870 2259 ipse
886 2224 933 2251 tihi
950 2232 1013 2251 cott-

1070 2226 1161 2261 τήριον
1176 2227 1333 2262 φάρμακον.

228 2274 313 2301 tlcics.

229 2330 372 2358 LXXXIII.
383 2345 418 2350 —
432 2328 537 2356 Sanctis
556 2326 680 2364 Patribus
692 2328 767 2359 meis,
782 2326 1013 2364 etrconfessaribus

1070 2327 1129 2364 H11.
1142 2341 1177 2346 —-
1191 2327 1363 2364 Τοῖς-,ἁγίοις
1375 2337 1436 2362 μου
1451 2329 1583 2362 Πατράσι
1597 2329 1645 2356 καὶ
1661 2330 1864 2364 ὁμο-ιογηταῖς

334 2366 448 2397 Christi,
461 2363 571 2395 Joanni,
596 2362 732 2394 Hic/meti,
753 2368 778 2388 et
794 2362 908 2389 Basilio.

1103 2363 1245 2396 Χριστοῦ,
1258 2363 1392 2397 Ἰωάννῃ,
1406 2364 1536 2398 Μιχαὴλ,
1551 2365 1600 2391 καὶ
1610 2362 1864 2402 Βασὶλείῳ’[φιε’.]

472 2434 578 2460 Caruere
588 2437 663 2463 atque
675 2433 766 2458 exsilio
777 2432 887 2457 solutum
899 2437 928 2457 se
945 2431 1052 2459 nuntiat,
1067 2435 1095 2454 ac
1110 2428 1189 2453 multa
1202 2435 1247 2460 pro
1257 2428 1354 2459 Christo
1367 2429 1443 2460 passis
1453 2431 1599 2462 gratulatur.

1105 2491 1159 2517 Καὶ
1174 2491 1221 2518 νῦν
1236 2492 1388 2518 ἐπιστεῖλαι
1400 2489 1431 2519 εὖ
1447 2492 1521 2527 ἔχειν
1546 2492 1697 2527 ὲδοκίμασα
1708 2492 1768 2524 τοῖς
1782 2493 1863 2528 ἐμοτς

1069 2537 1204 2573 Πατράσι,
1217 2538 1265 2564 καὶ
1275 2538 1428 2566 ἐπιστεῖλαι
1453 2538 1521 2574 ὁμοῦ
1538 2539 1576 2570 ὡς
1589 2539 1639 2571 τῆς
1651 2538 1736 2573 αὐτῆς
1758 2539 1863 2574 ἀρετῆς

229 2591 264 2618 tis
275 2597 307 2617 ac
318 2589 464 2617 sententiae
474 2588 655 2623 martyriiquc
669 2595 718 2622 pro
731 2587 844 2614 Christo
855 2585 1013 2621 participes.

1070 2585 1117 2611 καὶ
1139 2585 1276 2619 ὁμονοίας,
1294 2585 1394 2619 μᾶλλον
1419 2584 1447 2611 δὲ
1472 2585 1627 2621 μαρτυρίας
1641 2583 1762 2619 Χριστοῦ
1773 2585 1862 2618 ἠξιω-

228 2634 456 2668 Quandoquidem
481 2633 554 2660 enim
579 2631 634 2659 Deo
664 2637 759 2660 nostro
780 2632 884 2666 optimo
904 2630 1013 2665 placuit,

1071 2630 1171 2665 μένοις.
1191 2629 1267 2657 Ἐπεὶ
1285 2630 1339 2666 γὰρ
1358 2631 1506 2665 εὐδόκησεν
1524 2631 1540 2656 ὁ
1567 2629 1674 2663 ἀγαθὸς,
1697 2629 1767 2660 Θεὸς
1781 2629 1865 2664 ἡμῶν

231 2687 259 2707 ιιι
272 2685 300 2708 et
308 2687 358 2707 nos
368 2683 528 2715 peccatores
542 2678 744 2706 dimitteremur
755 2686 770 2705 c
781 2684 904 2709 carcere,
920 2674 1013 2710 optimi

1070 2674 1203 2710 ἀφεθῆναι
1223 2675 1270 2701 καὶ
1283 2675 1357 2710 ἡμᾶς
1373 2676 1437 2707 τοὺς
1458 2674 1637 2710 ἁμαρτωλοὺς
1654 2673 1704 2708 τῆς
1721 2674 1863 2708 φυλακῆς,

230 2726 361 2761 principis
391 2725 546 2752 interventu
569 2734 576 2752 :
602 2725 690 2752 instar
716 2723 860 2759 cujusdam
892 2722 1013 2749 muneris

1070 2723 1102 2757 τῇ
1118 2721 1304 2757 μεσιτείᾳ.τοῦ
1315 2714 1419 2755 ἀγαθοῦ
1449 2721 1582 2756 βασιλέως
1593 2729 1602 2737 ⁸
1619 2720 1715 2755 ὥσπερ
1728 2728 1754 2746 τι
1786 2720 1864 2746 ἕδνον

231 2775 308 2800 vobis
322 2773 466 2809 epistolam
486 2772 583 2804 oﬂ‘ero,
605 2771 739 2807 gaudens,
756 2769 953 2805 gratulatusque
970 2776 1013 2802 pa-

1073 2768 1220 2804 προσφέρω
1237 2768 1301 2803 ὑμῖν
1314 2768 1345 2795 τὸ
1359 2768 1486 2804 γράμμα,
1506 2769 1609 2804 χαίρων
1634 2768 1682 2794 καὶ
1705 2768 1866 2803 συγχαίρειν

264 2498 298 2525 Et
314 2504 387 2524 nunc
403 2496 436 2524 ad
455 2495 551 2524 Patres
564 2503 641 2524 meos
658 2496 779 2524 scribere
793 2501 900 2530 mquam
918 2493 1017 2521 existi-

229 2545 312 2575 mavi,
322 2549 355 2571 ret
371 2543 454 2571 simul
465 2543 586 2570 scribere
599 2548 729 2578 tanquam
746 2543 779 2569 ad
790 2541 912 2577 ejusdem
927 2540 1016 2567 virtu-

268 2842 326 2858 ”'“
341 2843 412 2870 Psal.
429 2849 498 2873 χειν,
512 2841 538 2868 2.
579 2841 600 2856 "
615 2839 709 2866 Matth.
725 2847 751 2871 κ,
766 2837 810 2864 9.5.
