1923 3078
117 133 183 163 1325

710 130 979 161 EPISTOLARUM
1005 131 1078 161 LIB.
1101 131 1142 161 Il.

1675 132 1746 166 T326

112 192 191 228 ὑμῶν
207 192 239 226 τῇ
253 190 431 226 πατρωσύνῃ,
449 191 496 218 καὶ
508 192 555 227 τῇ,
564 188 621 218 οἷον
632 191 730 222 ειπεῖν,
748 190 820 217 κατὰ
834 191 900 224 Χρι-

958 191 1078 217 nu-nitati
1101 195 1209 222 vestrae.
1230 197 1263 218 ac
1287 194 1441 225 reportata,
1465 195 1496 218 ut
1518 191 1556 218 ita
1577 191 1678 224 dicam,
1705 202 1746 219 te-

112 239 177 265 στῦν
203 238 276 273 νίκῃ.
298 237 354 263 Καὶ
384 237 439 271 γὰρ
457 237 620 272 νενικήκατε
640 235 685 263 τὸν
716 236 853 272 πονηρὸν,
880 233 903 262 ὦ

113 285 271 320 θαυμάσιοι,
295 283 343 311 καλ¹
358 283 431 310 ἔνδον
443 283 487 310 διὰ
500 284 551 318 τῆς
567 283 656 318 πάλης
680 283 735 309 τῶν
750 282 902 317 λογισμῶν,

113 331 162 357 καὶ
183 330 262 361 ἐκτὸς
276 329 321 356 διὰ
345 330 395 364 τῆς
407 328 499 355 ἐνθέου
514 328 655 364 ὑπομονῆς
666 337 674 344 ·
693 330 730 364 μὴ
745 329 904 364 κάμψαντες

112 377 178 410 γὸύυ
196 375 235 412 τῷ
252 375 436 412 ὑπηρετοῦντι
455 374 595 410 δράκοντι.
619 374 739 401 Ἐκείνου
756 375 811 411 γὰρ
841 376 903 411 ἀρι-

111 424 202 458 δήλως
236 423 374 459 ὑπουργὸς
389 423 478 456 Λέων,
491 422 506 448 ὁ
520 422 709 457 παγκάκιστος
726 422 833 449 ἐκείνου
859 422 904 449 Θε-

112 470 264 506 ραπευτὴς,
283 471 297 497 ὁ
312 470 362 504 τῆς
378 470 481 501 εἰκόνος
495 468 614 504 Χριστοῦ
638 468 779 504 ὑϐριστὴς,
796 468 904 495 καὶτῶν

109 516 196 548 ἁγίων
211 516 353 551 φονευτής.
376 515 525 551 Ἐκάτερος
542 516 667 551 ἑκατέρῳ
690 515 876 550 συμφωνήσας
892 523 901 532 ·

111 563 158 594 καὶ
183 562 320 598 συνθήκην
334 563 418 598 ἄμφω
429 562 611 597 ποιησάμενοι
627 561 763 597 περιελεῖν
776 561 807 588 τὸ
817 561 904 596 ὄνομα

113 608 245 644 Χριστοῦ,
259 608 293 635 δι’
318 608 490 643 ἀφαιρέσεως
503 607 549 634 τοῦ
575 608 649 634 Oeten
677 608 725 634 καὶ
743 616 903 644 προσκυνη-

109 651 157 679 τοῦ
175 649 257 679 aia-€06
282 653 467 688 χαρακτῆρος.
491 652 568 679 Ἐπεὶ
590 652 629 688 μὴ
647 652 788 687 πέφοακεν
806 653 820 679 ὁ
841 661 904 680 και-

111 698 160 734 pb;
184 699 233 733 τῆς
248 698 379 734 δευτέρας
401 698 477 730 Θείας
502 698 674 733 ἐπιφανείας,
701 699 743 725 ῐνα
766 699 904 734 δλοφανῶς

109 744 229 779 Χριστὸς
242 743 386 780 ἀρνηθείη.
411 744 481 770 Ἀλλ’
497 744 642 779 εὐλογητὸς
664 745 678 771 ὀ
702 745 779 777 Θεὸς,
807 744 838 776 ὃς
856 746 903 772 καὶ

109 789 156 816 τὸν
174 790 292 824 διώκτην
302 789 387 816 ὤλεσε
404 789 512 826 θανάτῳ
528 791 685 826 περιϐοήτῳ
700 791 748 816 καὶ
772 790 903 826 ἀξιολόγῳ

108 835 160 869 τῆς
175 835 364 867 ἀποστασίας·
380 835 434 862 ἔδει
448 835 503 872 γὰρ
522 836 568 862 τὸν
583 836 700 871 τεμόντα
712 836 742 862 to
764 836 902 871 κυριακὸν

110 879 203 915 σῶμα,
220 880 292 915 ξίφει
307 880 523 916 κατατμηθέντα
548 880 703 917 ἀπορρῆξαι
732 881 781 917 τὴν
808 882 881 918 ζωήν
894 890 902 898 ’
918 875 939 902 Β

110 927 160 952 καὶ
177 927 250 962 ὑμᾶς
273 927 437 961 στεφανίτας
459 927 613 960 ἀναδείξας,
644 927 723 960 κλέος
743 929 775 963 τῇ
804 928 901 956 ἐαυτοῦ

114 972 266 1008 Ἐκκλησία
281 975 508 1009 περιεποιήσατο,
522 975 624 1011 ἀρετῆς
650 975 780 1008 ἀλείπτας
791 984 798 990 ·
829 976 902 1012 ἐρεί-

112 1025 187 1052 ματα
202 1017 336 1050 πίστεως,
350 1019 524 1054 ἒδραιὼματα
554 1020 695 1056 ἀληθείας,
715 1021 904 1057 ὑποδείγματα

111 1062 271 1098 καρτερίας,
287 1063 325 1098 τῷ
337 1064 393 1091 ίἇντι
408 1065 579 1100 καθηγητὰς,
602 1066 640 1097 ὡς
674 1066 785 1101 ἀληθῶς
816 1075 903 1102 μονα-

109 1109 188 1142 στὰς,
211 1109 430 1145 ἀπεικονίσματα
439 1111 492 1137 τῶν
510 1111 652 1147 μακαρίων
663 1112 774 1139 ἐκείνων
788 1113 834 1140 καὶ
851 1113 904 1141 πά-

108 1156 155 1182 λαι
180 1156 265 1190 ἁγίων
281 1165 288 1172 ·
308 1158 333 1183 οἱ
349 1149 377 1183 ἐν
395 1159 451 1190 τοῖς
465 1158 570 1193 ὁμοίοις
594 1159 716 1194 ἀνδρικοὶ
746 1160 900 1194 γεγονότες,

108 1201 150 1237 τῷ
165 1202 316 1238 ἀμαράντῳ
342 1204 392 1238 τῆς
416 1203 591 1237 δικαιοσύνης
617 1205 742 1240 στεφάνῳ
787 1214 903 1233 κατεκο-

108 1247 271 1283 σμήθησαν,
298 1249 458 1284 χορεύοντες
475 1249 582 1277 αἰώνια.
606 1250 727 1277 Τοιοῦτοι
742 1252 831 1286 ὑμεῖς,
856 1251 903 1279 καὶ

109 1293 189 1327 ὑμῶν
202 1293 334 1325 ὸέπαινος
349 1294 500 1330 ὑπέρτερος
515 1295 565 1331 τῆς
579 1297 649 1332 ἐμῆς
658 1297 805 1332 οὖδαμινῆς
820 1297 905 1332 γλώτ-

109 1346 180 1373 της·
201 1338 329 1366 τοσοῦτον
351 1340 381 1367 δὲ
403 1341 483 1375 μόνον
502 1342 632 1377 ᾀδούσης,
659 1343 721 1369 ὅσον
731 1343 776 1370 τὸν
805 1344 903 1379 καιρὸν

109 1384 336 1418 ἀφοσιώσασθαι,
354 1386 402 1412 καὶ
419 1387 464 1413 τὸν
495 1387 578 1414 πόθον
599 1388 780 1424 Θεραπεῦσαι,
806 1390 854 1416 καὶ
873 1389 904 1416 τὸ

109 1431 222 1466 πνεῦμα
237 1431 466 1468 ἀναζωπυρῆσαι,
488 1434 526 1466 είς
542 1433 659 1469 ἄληκτον
671 1435 763 1470 δέησιν
781 1435 828 1462 τοῦ
842 1436 902 1462 ἐπι-

113 1477 251 1512 κληθῆναι
265 1478 344 1511 Θεον,
360 1478 452 1505 τέλεον
466 1480 531 1515 ἡμῖν
544 1480 573 1506 τὺ
586 1481 636 1515 τῆς
660 1482 772 1517 εἰρήνης
801 1481 903 1516 ἀγαθὸν

109 1522 292 1555 ἐξανατεῐλαι.
315 1524 413 1560 Ὁρᾶτε
431 1525 497 1562 γὰρ,
525 1521 547 1552 ὦ
573 1526 730 1562 σεϐάσμιοι,
765 1527 839 1559 ὅπως
862 1527 902 1554 ἐτι

109 1569 253 1604 κραδαίνει
265 1570 299 1597 τὰ
317 1571 480 1606 πράγματα.
499 1572 618 1603 Δυνατὸς
629 1572 656 1599 δέ
681 1573 740 1599 ἐστι
764 1574 796 1609 τῇ
826 1574 898 1609 ἀρχῇ

109 1615 159 1642 καὶ
184 1615 216 1642 τὸ
230 1616 307 1648 τέλος
319 1616 406 1651 δεξιὸν
422 1618 620 1652 συναναιράναι.
645 1617 780 1654 Εὖχεσθαι
809 1627 900 1654 παρα-

108 1660 229 1697 κλήθητε
257 1663 322 1698 περὶ
359 1663 409 1698 τῆς
447 1663 638 1695 ταπεινώσεως
678 1673 739 1699 μου,
778 1665 903 1691 ἁειοέϐα-

109 1715 182 1735 στοι.

231 1764 291 1790 ΠΔ’.
306 1780 339 1785 -—-
353 1765 490 1799 Θεοδώρῳ
503 1766 671 1801 μονάζοντι.
687 1766 783 1803 [φκο’.]

955 236 1075 264 cundum
1094 236 1232 264 Christum
1249 236 1383 264 victoriae.
1403 236 1559 264 Dzemonem
1580 238 1654 264 enim
1680 239 1747 265 vit-i-

954 282 1022 316 stis,
1052 289 1069 309 ο
1101 282 1152 309 viri
1184 281 1339 310 admirandi
1362 290 1370 310 :
1391 286 1449 309 tum
1471 283 1545 311 intus
1570 291 1618 318 per
1644 283 1745 311 luctata

955 327 1087 355 adversus
1112 327 1314 362 cogitationes:
1329 331 1388 355 tum
1411 327 1478 355 foris
1498 336 1548 363 per
1568 329 1745 356 tolerantiam

954 373 1035 408 plane
1049 372 1181 404 divinam,
1207 380 1262 400 non
1283 373 1425 401 ﬂectentes
1446 381 1517 409 genu
1540 382 1634 402 coram
1655 375 1729 403 admi

955 418 1044 445 nistro
1063 418 1150 453 ipsius
1163 418 1297 445 dracone.
1311 418 1375 446 Fuit
1389 419 1462 446 enim
1476 419 1549 447 haud
1562 420 1645 448 dubie
1664 421 1746 448 mini-

955 469 1010 492 ster
1034 465 1108 492 illius
1135 464 1202 496 Leo,
1230 464 1276 492 ille
1302 465 1441 500 pessimus
1469 465 1558 500 ipsius
1580 466 1676 498 cliens,
1699 467 1747 496 ille

954 509 1085 546 imaginis
1098 510 1201 538 Christi
1223 515 1404 546 contemptor,
1421 511 1468 539 ille
1484 516 1643 539 sanctorum
1660 513 1746 540 inter—

955 556 1051 583 fector.
1083 556 1316 591 Conspirantibus
1345 558 1419 585 enim
1454 558 1572 586 invicem
1600 560 1745 587 sententiis

955 602 1045 631 ftedns
1058 603 1138 631 ambo
1154 604 1249 635 iniere.
1268 609 1296 632 ut
1307 604 1410 632 Christi
1427 612 1528 632 nomen
1548 612 1564 632 e
1583 605 1675 632 medio
1692 607 1744 633 tol—

954 649 1052 682 lerent,
1081 650 1190 677 sublata
1215 651 1311 685 utique
1333 650 1426 678 divina
1449 655 1477 678 et
1494 651 1634 679 adoranda
1659 651 1746 687 ipsius

953 695 1051 731 efﬁgie.
1072 695 1315 724 Verumenimvero
1343 697 1464 724 nondum
1500 701 1610 732 tempus
1634 697 1745 724 advenit

954 741 1066 769 secundi
1083 741 1216 770 adventus
1232 741 1351 776 Domini,
1375 747 1405 770 ut
1426 742 1536 777 penitus
1547 742 1676 771 Christus
1697 751 1746 770 ne—

954 791 1045 822 getur.
1072 786 1124 814 Sed
1149 787 1308 815 benedictus
1329 788 1411 820 Deus,
1434 792 1492 815 tum
1517 788 1564 823 qui
1586 793 1743 816 vexatorem

955 834 1073 869 perdidit
1098 834 1260 869 turpissimo
1284 835 1360 862 necis
1381 842 1491 869 genere,
1510 842 1559 868 pro
1580 835 1744 863 defectionis

955 889 1012 909 suae
1025 881 1130 908 meritis
1144 881 1277 916 (oportuit
1292 881 1365 908 enim
1383 889 1446 909 eum
1459 882 1506 917 qui
1521 881 1631 909 Domini
1643 890 1744 917 corpus

954 927 1075 959 discidit,
1093 923 1359 962 gladio'iutercisum
1374 928 1459 955 vitam
1481 927 1667 962 abrumpere),
1686 933 1743 955 tttm

953 975 1001 1009 qui
1021 981 1071 1001 vos
1089 979 1116 1001 et
1130 973 1248 1001 victores
1269 973 1404 1006 exhibuit,
1431 978 1458 1001 et
1482 974 1508 1000 in
1531 973 1662 1001 Ecclesiae
1687 981 1744 1001 sua:

953 1018 1037 1046 decus
1053 1019 1182 1050 servavit,
1202 1018 1312 1045 virtutis
1327 1024 1555 1053 propugnatores,
1572 1018 1742 1045 firmamenta

954 1064 1027 1096 ﬁdei,
1045 1064 1227 1091 stabilimenta
1244 1064 1378 1096 veritatis,
1397 1064 1547 1099 specimina
1563 1063 1741 1095 fortitudinis,

953 1119 1018 1139 vere
1032 1111 1188 1146 magistros,
1203 1118 1266 1138 vere
1287 1111 1449 1142 monachus,
1474 1110 1616 1137 beatorum
1632 1110 1741 1138 illorum

954 1164 985 1184 ac
1005 1157 1106 1184 veteris
1134 1157 1183 1183 :cvi
1206 1161 1363 1183 sanctorum
1388 1155 1523 1191 imagines
1538 1165 1546 1183 :
1561 1156 1609 1191 qui
1629 1156 1656 1182 in
1684 1157 1741 1191 pari

954 1203 1104 1231 certamine
1130 1210 1193 1229 eum
1217 1207 1328 1230 strenue
1353 1209 1382 1230 se
1411 1203 1556 1237 gesserint,
1581 1203 1741 1237 incorrupta

923 1244 928 1247 ’
952 1248 1065 1285 iustitiae
1085 1256 1186 1276 corona
1204 1249 1329 1276 exornati
1351 1257 1492 1284 nunquam
1509 1249 1630 1276 desituro
1643 1250 1742 1284 gaudio

954 1295 1144 1330 perfruuntur.
1164 1294 1244 1322 Tales
1260 1303 1322 1322 cum
1343 1295 1414 1328 sitis,
1431 1299 1521 1323 vestra
1544 1295 1604 1323 laus
1619 1298 1741 1323 nostram

953 1343 1082 1378 exiguam
1099 1342 1125 1369 in
1138 1342 1266 1369 ‘dicendo
1288 1341 1446 1369 facultatem
1471 1346 1582 1376 superat
1601 1346 1743 1369 :tantum-

953 1395 1006 1423 quc
1029 1395 1228 1420 commemoro,
1257 1391 1392 1422 quantum
1417 1387 1484 1414 satis
1509 1392 1550 1414 est
1575 1391 1605 1413 ut
1628 1387 1742 1422 tempori

954 1434 1133 1466 satisfaciam,
1151 1438 1179 1460 et
1194 1433 1332 1460 desiderio
1345 1432 1530 1460 obsecundem
1545 1441 1552 1460 :
1567 1436 1598 1459 ut
1618 1432 1740 1459 studium

954 1478 1099 1506 incendam
1129 1477 1250 1505 assidua:
1276 1477 1466 1512 precationis,
1505 1477 1539 1504 ad
1570 1477 1742 1504 exorandum

955 1525 1052 1557 Deunt,
1066 1530 1096 1552 ut
1108 1524 1236 1560 perfecta:
1246 1524 1455 1558 tranquillitatis
1469 1524 1541 1551 bono
1558 1523 1741 1559 perfruamur.

956 1570 1063 1598 Videtis
1077 1570 1162 1602 enim,
1185 1576 1202 1597 ο
1219 1569 1381 1602 venerandi,
1403 1569 1636 1604 quemadmodum
1654 1569 1744 1597 adhuc

955 1624 1000 1644 res
1016 1616 1158 1644 ﬂuetuent.
1175 1615 1229 1643 Sed
1250 1621 1347 1651 potens
1368 1620 1410 1643 est
1431 1615 1504 1643 Deus
1519 1615 1644 1643 felicibus
1658 1616 1744 1644 initiis

956 1663 1124 1698 conjungere
1137 1670 1299 1697 prosperum
1318 1662 1412 1690 tinem.
1430 1662 1514 1689 Orare
1527 1669 1578 1696 pro
1590 1662 1744 1690 humilitate

958 1717 1018 1737 mea
1037 1718 1070 1737 ne
1084 1709 1246 1745 gravemini,
1262 1717 1279 1735 ο
1295 1716 1403 1743 semper
1416 1709 1574 1736 venerandi.

1091 1767 1234 1794 LXXXIV.
1250 1783 1283 1787 -
1300 1767 1435 1794 Theodoro
1446 1767 1572 1794 monacho
1582 1767 1625 1802 (‘).

587 1822 625 1848 De
639 1826 722 1848 sancta
736 1823 853 1855 imagine.
872 1825 956 1850 Basilii
966 1825 1059 1850 dictum
1076 1827 1266 1856 interpretatur.

153 1871 226 1906 Ἐγώ
242 1880 289 1899 σου
307 1872 357 1907 τὴν
382 1873 539 1901 θεοσέὖειαν
568 1877 753 1910 παρεκάλεσα,
771 1878 826 1904 τῶν
840 1879 900 1905 κατ’

107 1918 181 1954 ἐμοῦ
207 1918 354 1954 ἐγκωμίων
378 1919 532 1954 ὰςιέμενον,
563 1921 664 1956 μᾶλλον
689 1923 900 1958 προσεύχεσθαι,

110 1965 152 2000 μὴ
175 1964 264 1999 πάντη
284 1973 318 2000 με
342 1964 413 1991 Θεοῦ
427 1965 693 2000 ἁπομακρύνεσθαι’
722 1968 824 1999 καύτὸς
850 1968 900 1994 οὐκ

106 2009 159 2037 οἷδ’
173 2011 234 2037 ὅθεν
247 2010 409 2046 φερόμενος,
433 2011 473 2042 είς
487 2011 597 2046 μείζους
611 2012 731 2047 ἐξήφθης
744 2013 839 2047 λόγους
854 2015 898 2040 al-

106 2059 220 2090 νέσεως.
239 2059 286 2093 Μὴ
297 2058 377 2090 οὕτω,
392 2059 493 2094 Πάτερ,
515 2060 657 2095 μηδαμῶς.
684 2061 719 2087 Ἣ
741 2061 790 2088 οὐκ
820 2059 898 2088 οἶσθα

106 2105 150 2131 ὅτι
161 2103 314 2140 ἀνθρώπων
330 2104 458 2131 ἁπάντων
465 2106 521 2140 ἐγὼ
534 2106 636 2137 ὁτάλας
652 2106 896 2142 ἁμαρτωλότερος;

107 2151 164 2177 κᾶν
179 2151 230 2177 οὐκ
244 2148 293 2177 οἷδ’
314 2150 389 2182 ὅπως
416 2151 485 2178 ἐλέει
516 2151 585 2178 Θεοῦ
607 2153 647 2184 εἰς
673 2153 796 2188 φυλακὴν
813 2153 897 2181 αὑτοῦ

985 1879 1081 1906 Pietati
1100 1885 1152 1906 tua:
1174 1883 1270 1905 auctor
1287 1878 1392 1910 exstiti,
1410 1881 1440 1904 ut
1458 1876 1586 1904 laudibus
1607 1876 1676 1904 meis
1697 1885 1740 1904 su-

949 1924 1109 1957 persedens,
1137 1923 1265 1949 funderes
1289 1922 1380 1956 potius
1404 1929 1453 1957 pro
1475 1929 1519 1948 me
1536 1929 1643 1956 preces,
1669 1927 1702 1948 ne
1726 1931 1740 1948 ιι

951 1969 1007 1995 Deo
1026 1969 1114 2004 magis
1137 1974 1245 1995 avet-lar
1261 1977 1268 1994 :
1285 1974 1312 1995 tu
1331 1976 1396 1995 vero
1414 1968 1508 1995 nescio
1530 1975 1583 2002 qua
1605 1968 1741 2003 impulsus

950 2017 1056 2042 ratione
1081 2015 1107 2042 in
1131 2015 1276 2043 uberiores
1301 2015 1388 2042 inulto
1409 2014 1525 2049 erupisti
1541 2015 1645 2042 laudes.
1665 2014 1740 2042 Mitte

952 2062 1064 2089 omnino
1086 2062 1126 2089 sic
1149 2069 1241 2097 agere,
1259 2061 1348 2088 Pater.
1364 2060 1406 2087 Att
1433 2061 1523 2088 nescis
1544 2061 1676 2088 miserum
1696 2068 1740 2088 me

956 2108 1115 2135 mortalium
1149 2108 1273 2134 onmittm
1305 2107 1425 2133 maxime
1454 2114 1515 2134 esse
1542 2107 1664 2141 peccatis
1690 2107 1738 2134 ob-

950 2153 1084 2180 noxium?
1107 2152 1270 2187 Quanquam
1297 2151 1392 2180 nescio
1407 2160 1461 2186 qua
1481 2151 1528 2179 Dei
1551 2151 1738 2179 misericordia

106 2197 230 2232 ἠξίωμαι
247 2196 389 2223 διατελεῖν.
410 2197 456 2224 Διὸ
470 2197 518 2224 καὶ
533 2197 618 2230 δέδια,
633 2199 731 2234 μήπως
747 2199 897 2234 ἐπισκεψά-

953 2198 1003 2225 sub
1020 2198 1079 2232 cjus
1093 2199 1177 2225 tutela
1196 2197 1378 2233 praesidioque
1400 2205 1508 2232 semper
1524 2205 1585 2224 sum
1602 2202 1735 2224 versatus.

109 2251 191 2277 μενος
213 2243 243 2269 ἑν
257 2242 295 2277 τῷ
311 2242 466 2279 τελουμένῳ
482 2243 671 2281 ἁμολογητικῷ
685 2246 777 2280 γάμῳ,
792 2246 842 2272 ἴδοι
864 2254 898 2281 με

108 2289 161 2315 οὐκ
185 2288 363 2323 ἐνδεδυμένον
379 2288 483 2324 ἔνδυμα
505 2289 607 2324 γάμου,
621 2289 728 2317 είτ¹οὗν
747 2291 900 2327 καθαρότη-

109 2342 155 2365 τος
175 2342 183 2350 ·
200 2334 247 2360 καὶ
256 2334 328 2361 εῐποι
345 2335 401 2366 τοῖς
417 2335 572 2369 ὑπηρέταις
590 2336 731 2370 ἀγγέλοις·
746 2337 899 2371 Δήσαντες

107 2379 206 2406 αὐτοῦ
224 2379 325 2413 χεῖρας
348 2380 398 2406 καί
423 2380 530 2414 πόδας,
555 2381 695 2409 ἐκϐάλετε
719 2383 823 2417 αὑτὸν,
849 2383 899 2411 καί

112 2424 261 2459 {prﬁdias
283 2427 326 2458 είς
346 2425 378 2452 τὸ
401 2426 511 2459 σκότος
533 2427 565 2453 τὸ
587 2427 741 2462 ἐξώτερον·
758 2429 796 2460 ὼς
822 2438 896 2465 παρ-

109 2470 254 2506 ενείραντα
266 2470 362 2498 ἑαυτὸν
372 2471 489 2503 ἀναξίως
502 2473 557 2504 τοῖς
564 2473 741 2509 ὁμολογηταίς
750 2476 896 2510 μου.”Ωστε

108 2518 188 2544 τοῦτο
202 2517 292 2550 εἰδὼς,
310 2518 387 2545 κλαῖὲ
403 2527 436 2553 με
453 2519 564 2553 μᾶλλον,
589 2520 691 2556 Πάτερ,
709 2522 757 2548 καὶ
783 2522 899 2557 προσεύ-

108 2572 169 2599 χου,
194 2563 231 2599 μὴ
245 2563 325 2590 τοῦτό
341 2572 386 2599 μοι
400 2566 549 2601 συμϐῆναι.
577 2567 631 2593 Καὶ
664 2563 715 2593 ὦδε
736 2568 784 2603 μὲν
798 2568 895 2595 ταῦτα.

108 2611 179 2645 Περὶ
195 2610 224 2637 δέ
240 2610 287 2637 τοῦ
298 2611 350 2638 Διὰ
362 2611 408 2637 καὶ
425 2611 491 2638 Ἀνὰ
508 2613 558 2639 ὑπὸ
566 2613 611 2640 τοῦ
624 2614 742 2649 μεγάλου
755 2614 896 2642 Βασιλειου

107 2656 273 2692 εἰρημένων,
284 2656 406 2692 δηλονότι
422 2658 451 2684 ἐν
463 2659 496 2694 τῇ
508 2661 604 2695 χρήσει
619 2661 753 2696 κειμένων
767 2660 822 2688 τῶν
834 2670 900 2697 προ-

109 2702 211 2729 θέσεων
222 2701 274 2737 τῆς
290 2702 394 2734 είκόνος
406 2710 413 2718 ·
429 2704 478 2740 οὐχ
494 2705 546 2732 ὑπὸ
573 2705 621 2732 τοῦ
647 2707 727 2741 ἁγίου
757 2706 830 2734 δοκεί
854 2716 899 2742 μοι

108 2747 299 2782 ἐκφωνηθῆναι
313 2747 361 2774 καὶ
374 2747 459 2780 οὕτως
476 2750 522 2777 καὶ
536 2749 633 2783 οὕτως,
642 2751 699 2778 ἀλλ’
708 2751 739 2777 ὲκ
757 2759 893 2786 μεταγρα-

146 2808 168 2824 ³³
178 2806 276 2834 Matth.
290 2814 371 2838 “tu,
389 2807 432 2836 15.

164 2865 197 2897 ς)
215 2863 383 2898 Dogmatiea.

950 2245 1132 2278 Quamobrem
1151 2252 1249 2272 vereor
1260 2252 1306 2278 ne,
1317 2252 1380 2272 cum
1396 2244 1547 2272 vi5itaverit
1562 2244 1588 2271 in
1605 2251 1736 2271 consum-

950 2292 1031 2318 matis
1050 2290 1235 2318 confessionis
1260 2290 1375 2326 nuptiis.
1394 2291 1485 2317 videat
1507 2297 1549 2316 tne
1576 2297 1631 2316 non
1655 2289 1736 2316 induo

949 2341 1007 2365 tum
1024 2342 1098 2364 veste
1114 2338 1284 2372 nuptiarum,
1308 2336 1360 2363 hoc
1377 2340 1419 2363 est
1436 2335 1566 2370 puritatis
1589 2343 1597 2362 :
1615 2335 1735 2370 angelis-

948 2391 1002 2418 que
1015 2383 1186 2410 administris
1205 2383 1279 2409 dicat
1294 2391 1300 2409 :
1313 2381 1418 2417 Ligatis
1437 2382 1560 2409 manibus
1578 2386 1602 2408 et
1626 2382 1735 2415 pedibus

949 2428 1019 2463 ejus,
1031 2429 1128 2455 mittite
1138 2435 1199 2454 cum
1212 2433 1235 2454 et
1243 2428 1366 2463 projicite
1375 2429 1403 2454 in
1413 2428 1531 2455 tenebras
1543 2428 1685 2455 exteriores
1693 2428 1715 2442 ⁸³
1727 2438 1734 2461 ;

949 2475 1051 2510 quippe
1066 2474 1112 2510 qui
1129 2483 1158 2502 se
1179 2479 1282 2501 temere
1305 2473 1512 2501 confessoribus
1527 2473 1596 2501 meis
1610 2474 1736 2502 inserue-

950 2522 995 2548 rit.
1013 2521 1198 2555 Quamobrem
1222 2521 1274 2547 hoc
1295 2527 1357 2548 cum
1370 2520 1456 2555 probe
1480 2520 1565 2552 scias,
1585 2527 1629 2547 me
1646 2519 1736 2554 potius

950 2566 1030 2599 deﬂe,
1051 2566 1142 2599 Pater,
1162 2570 1189 2592 et
1211 2573 1245 2593 ne
1268 2565 1340 2592 istud
1360 2565 1427 2593 mihi
1440 2565 1560 2599 eveniat,
1576 2565 1734 2600 deprecare.

952 2611 1005 2640 Sed
1027 2612 1061 2640 de
1077 2612 1120 2639 his
1138 2615 1282 2639 hactenus.
1296 2611 1334 2639 De
1359 2610 1464 2639 voeulis
1479 2616 1570 2639 autem
1584 2611 1629 2638 διὰ
1641 2616 1668 2639 et
1682 2612 1736 2638 ἀνά

950 2661 1036 2694 (trans
1047 2663 1075 2686 et
1090 2658 1136 2693 ad)
1147 2665 1217 2692 quas
1230 2657 1348 2685 Basilius
1362 2657 1474 2693 Magnus
1490 2657 1644 2692 usurpavit,
1659 2657 1735 2684 vide-

948 2705 1014 2733 licet
1039 2705 1066 2732 in
1092 2704 1235 2739 proposito
1261 2704 1295 2732 de
1320 2704 1439 2739 imagine
1469 2707 1631 2739 argumento
1651 2711 1658 2730 :
1679 2710 1733 2730 non

951 2751 1017 2778 mihi
1043 2751 1171 2778 videntur
1186 2757 1200 2777 a
1214 2755 1311 2778 sancto
1324 2754 1351 2778 et
1371 2751 1427 2778 haec
1446 2756 1472 2778 et
1489 2751 1534 2778 illa
1550 2750 1671 2785 prolatae,
1687 2749 1733 2776 sed
