1923 3078
209 114 275 146 1327

800 119 831 149 S.
849 117 1045 149 THEODORI
1062 119 1236 152 STUDlTE

1760 126 1830 159 1323

207 169 388 198 "scribentis
411 177 532 199 erratum
559 173 632 201 istud
655 178 698 201 est
715 183 722 201 ι
738 181 894 209 quanquam
918 174 981 202 iden

1043 176 1096 211 φῆς
1102 175 1133 202 τὸ
1145 176 1256 212 σφάλμα
1266 185 1273 193 ⁸
1284 177 1354 213 πλὴν
1366 178 1405 210 εἰς
1415 179 1513 206 ταυτὸν
1522 179 1600 215 φέρει
1611 180 1657 208 τὸν
1663 181 1726 209 νοῦν
1740 183 1829 219 ἀμφό-

205 217 348 244 ambarum
368 221 410 244 est
425 217 589 246 intellectus.
607 219 729 255 Exempli
752 228 846 253 causa,
864 221 990 256 imaginis

205 263 294 291 honor
312 264 346 290 ad
362 268 537 299 prototypum
562 266 683 292 ascendit
699 275 706 293 :
721 266 802 301 idque
822 274 916 294 verum
938 271 989 299 est.

204 313 262 336 tum
281 309 308 336 in
325 309 443 344 imagine
464 310 595 340 naturali.
618 315 674 338 tum
692 312 719 338 in
736 320 767 339 ea
781 320 842 348 qua?
867 317 910 341 est
932 319 990 341 arte

203 355 273 382 facta
290 363 297 382 :
311 355 382 382 nihil
395 356 468 383 aliud
485 357 656 391 signiﬁcante
672 366 798 390 ascensu,
813 367 896 394 quam
910 367 989 387 eum-

201 400 264 429 dem
278 409 340 429 esse
353 402 381 429 in
400 407 458 430 arte
473 403 552 431 factis
570 404 712 438 honorem,
728 410 827 440 praeter
840 407 987 435 discrimen

202 447 365 476 substantiae
381 457 387 476 :
407 448 434 475 in
458 450 631 477 naturalibus
646 458 721 483 vero,
737 451 818 478 etiam
838 453 987 480 secundum

201 493 319 521 similem
350 495 494 522 amborum
525 497 720 524 substantiam.
752 497 898 526 Enimvero
930 499 988 534 ipsa

200 541 303 568 veritas
317 541 388 569 dixit
404 551 410 569 :
427 541 478 574 Qui
495 551 540 569 vos
562 544 672 578 spernit,
689 552 728 570 me
746 545 845 578 spernit
860 551 870 571 :
883 545 928 579 qui
943 553 989 572 au-

202 591 253 612 tem
276 594 316 613 me
332 588 442 622 spernit,
464 588 563 622 spernit
578 596 637 614 eam
651 589 696 622 qui
713 589 783 616 misit
800 597 840 615 me
850 589 884 615 ".
901 588 988 616 Natu-

201 632 267 660 ralis
289 633 385 669 utique
404 633 451 661 Dei
472 638 499 662 et
515 634 603 662 l'atris
629 634 718 669 imago
739 639 781 662 est
803 634 889 662 Filius
908 642 987 663 :arte

200 679 270 707 facta
291 687 356 706 vero
372 680 431 707 Filii
448 680 678 714 quemadmodum
704 687 731 708 et
749 681 847 714 Patris,
864 690 915 709 nos
939 690 986 710 su-

199 733 271 757 mus,
303 725 355 752 hoc
385 731 437 757 est,
469 725 696 753 factitia:lictor
726 727 799 754 enim
824 730 852 754 et
884 727 986 754 artifex

198 771 323 798 omnium
341 771 412 799 Deus
429 779 495 799 sane
512 772 675 806 appelletur.

233 818 370 845 intellexit
384 823 475 845 autem
491 823 604 846 sanctus
618 818 736 846 Basilius
750 824 809 846 arte
827 819 942 854 factum,
957 820 984 847 in

198 863 365 898 'maginibus
377 870 441 899 quae
452 870 517 892 sunt
535 864 563 892 in
579 865 681 892 tabulis
700 865 779 900 pictae
793 874 801 893 :
817 870 845 893 et
862 865 932 893 idem
952 866 985 893 de
1001 855 1024 883 Β

198 909 278 937 nobis
296 910 344 944 qui
359 910 392 937 ad
409 910 555 946 imaginem
570 910 618 938 Dei
638 911 742 938 conditi
761 919 868 943 sumus.
885 911 986 939 intelli-

196 964 260 991 gere
281 961 333 988 est,
353 961 381 984 et
396 964 456 984 eam
483 964 567 992 quam
591 964 643 984 nos
665 957 717 992 ipsi
742 958 769 984 in
794 958 886 986 tabula
906 959 985 986 tinxi-

197 1010 259 1030 mus
274 1002 422 1038 imaginem
437 1002 464 1030 in
482 1007 540 1030 arte
556 1003 634 1031 factis
650 1010 774 1031 censere.
788 1003 874 1039 Magis
891 1009 983 1032 autetn

195 1055 228 1075 ac
249 1048 341 1076 verius
357 1053 451 1075 nostra
473 1047 576 1083 elIigies
596 1055 680 1075 unum
699 1052 726 1076 et
741 1048 811 1075 idem
836 1053 878 1076 est
891 1049 985 1076 nobis-

194 1101 258 1121 cum
284 1093 311 1121 in
343 1093 524 1121 similitudine
553 1093 796 1129 (quemadmodum
828 1098 855 1121 et
883 1094 984 1129 clIigies

195 1140 298 1167 Christi
312 1147 374 1167 cum
390 1139 461 1174 ipso)
477 1148 558 1174 quam
575 1145 669 1167 nostra
684 1148 748 1168 cum
767 1140 821 1167 Deo
837 1150 844 1168 :
860 1141 984 1176 quando-

195 1186 306 1221 quidem
320 1186 393 1213 Deus
406 1191 432 1213 et
446 1186 570 1213 homines
585 1186 694 1214 inﬁnito
708 1187 812 1214 distant
827 1187 982 1215 intervallo.

196 1231 264 1259 Nam
280 1231 327 1259 ille
344 1232 494 1264 increatus,
511 1232 812 1267 incomprehensibilis,
833 1233 982 1261 incircum-

199 1277 330 1312 scriptus,
354 1281 382 1305 et
396 1285 458 1312 qua:
480 1282 545 1305 sunt
568 1278 691 1313 ejusdem
711 1279 819 1313 generis
835 1289 842 1307 :
859 1280 983 1307 homines

194 1332 260 1353 vero
285 1333 330 1352 res
355 1330 458 1358 creata,
485 1333 596 1360 corpus,
620 1325 853 1360 circumscriptio,
874 1330 901 1353 et
921 1333 983 1360 qua:

185 1375 260 1399 sunt
271 1372 377 1399 ordinis
388 1371 523 1406 ejusdem.
541 1372 628 1399 llomo
641 1377 732 1400 autem
747 1377 774 1400 et
789 1373 879 1408 imago
895 1371 982 1399 Immi-

193 1418 249 1451 nis,
266 1423 416 1453 utrumque
438 1422 561 1446 creatum
578 1426 586 1445 :
600 1426 758 1453 quanquam
774 1422 817 1446 est
838 1419 982 1454 utriusque

193 1464 232 1491 rei
245 1468 344 1491 create
358 1464 385 1490 in
396 1463 550 1491 substantia
563 1463 723 1491 discrimen.
738 1463 785 1491 Est
799 1464 893 1498 utique
909 1464 982 1499 quod

193 1510 227 1537 de
240 1510 379 1544 proposita
395 1517 410 1537 a
425 1515 451 1537 te
469 1510 620 1544 quastione
636 1509 782 1545 gaudeam.
801 1509 891 1538 Patuit
904 1511 980 1538 enim

192 1555 256 1584 inde
276 1555 356 1583 nobis
379 1564 413 1583 ex
438 1556 498 1591 ipso
523 1556 617 1584 divino
635 1556 759 1589 oraculo,
781 1560 872 1589 spreta
893 1557 981 1591 ipsius

191 1602 311 1638 imagine
324 1602 413 1637 ipsum
430 1602 523 1637 sperni
541 1611 548 1629 :
566 1607 658 1638 spreto
674 1607 765 1630 autem
786 1603 845 1637 ipso
856 1602 979 1636 Christo,

191 1649 286 1684 sperni
306 1648 415 1677 Patrem
430 1650 477 1684 qui
501 1649 577 1676 misit
592 1649 681 1684 ipsum
698 1658 705 1676 :
722 1656 760 1676 ac
769 1648 980 1683 deprehendun-

190 1699 236 1721 tur
251 1693 424 1722 Iconomachi
451 1702 504 1721 non
531 1699 674 1729 negatores
687 1694 790 1721 Christi
815 1695 907 1726 modo,
931 1695 979 1722 sed

190 1745 217 1767 et
233 1744 275 1768 ter
296 1745 450 1776 negatores.
479 1739 538 1767 Jam
565 1740 637 1775 quod
669 1740 702 1766 ad
729 1747 825 1767 vocem
845 1740 980 1767 διαὸαίνει

190 1786 313 1821 (transit)
328 1786 424 1813 eodem
440 1785 537 1813 recidit
548 1790 574 1812 et
587 1785 720 1813 transitus
736 1790 762 1813 et
777 1794 918 1814 ascensus.
935 1787 980 1814 Ait

190 1830 324 1858 Dominus
336 1840 343 1858 :
355 1830 475 1857 Ascendo
489 1829 524 1857 ad
539 1829 648 1856 Patrem
660 1838 745 1856 meum
754 1831 788 1858 ⁵³⁵.
805 1830 837 1857 Et
852 1830 976 1867 Moyses:

191 1875 334 1903 Transieiia
358 1875 447 1903 videbo
457 1876 493 1902 ⁸⁸.
513 1875 666 1903 Amborum
691 1876 790 1904 similis
811 1882 901 1904 motus
924 1882 976 1910 est,

190 1929 279 1957 neque
304 1921 373 1949 alter
398 1922 514 1949 alterum
542 1921 694 1950 orbiculata
716 1921 758 1948 vel
784 1922 868 1949 tortili
889 1922 976 1957 ﬁgura

191 1973 391 2004 repraesentat:
407 1969 453 1996 sed
470 1968 606 2004 quidquid
627 1972 670 1995 est
690 1967 871 1999 discriminis.
886 1969 977 2004 quoad

189 2014 274 2041 situm
298 2019 350 2046 est,
371 2022 426 2042 non
441 2015 530 2049 quoad
554 2014 754 2042 habitudinem.
772 2013 879 2048 Septem
902 2015 975 2042 enim

188 2060 267 2087 aiunt
292 2067 353 2087 esse
379 2065 480 2088 motus.
503 2061 645 2088 Ascensus
667 2063 773 2093 autem,
800 2065 829 2087 ut
845 2065 873 2087 et
889 2060 975 2096 ﬁgura

189 2112 246 2132 rem
281 2105 445 2137 exhibeam,
475 2105 515 2133 sic
539 2113 569 2133 se
598 2105 678 2132 habet
704 2105 710 2140 Ι
741 2106 896 2134 :transitus
923 2107 976 2134 hoc

187 2155 269 2185 pacto
282 2165 370 2171 —-—
386 2170 393 2177 .
408 2150 559 2178 Amborum
574 2150 666 2186 igitur,
689 2155 718 2178 ut
732 2151 834 2178 dictum
854 2156 906 2183 est,
927 2160 976 2187 par

1044 229 1120 257 τερα.
1136 219 1198 250 Οἴον
1213 232 1222 249 ι
1234 222 1265 250 Ἦ
1278 224 1327 259 τῆς
1340 224 1445 257 εἰκόνος
1459 226 1525 261 τιμὴ
1541 226 1588 254 ἐπὶ
1602 227 1634 254 τὺ
1652 228 1828 264 πρωτότυπον

1043 267 1185 295 ἀναὸαίνει
1195 276 1218 295 Ἱ
1228 269 1275 297 καὶ
1291 269 1390 306 ἀληθὲς
1404 271 1483 297 τοῦτο
1496 272 1544 299 καὶ
1560 272 1608 299 ἐπὶ
1623 275 1742 310 φυσικῆς
1757 276 1827 303 εἰκό-

1044 322 1098 345 νος,
1109 314 1188 341 τοῦτο
1200 315 1247 342 καὶ
1266 315 1312 342 ἐπὶ
1322 316 1456 352 τεχνητῆς
1472 325 1480 333 ·
1496 317 1546 352 τῆς
1568 319 1729 352 ἀναϐάσεως
1752 322 1828 348 οὐδὲν

1043 358 1107 385 ἄλλο
1125 359 1269 394 δηλούσης,
1287 360 1303 388 ἦ
1317 360 1358 388 ὅτι
1373 361 1389 395 ή
1405 362 1473 397 αὐτή
1487 362 1544 389 ἐστι
1558 362 1625 398 τιμὴ
1641 364 1717 399 παρὰ
1735 364 1766 391 τδ
1780 367 1828 400 τῆς

1042 405 1136 437 οὐσίας
1149 405 1277 441 διάφορον
1290 406 1337 433 ἐπὶ
1350 406 1405 433 τῶν
1423 407 1562 443 τεχνητῶν
1574 416 1580 424 ·
1598 409 1645 436 ἐπὶ
1659 410 1689 436 δὲ
1700 410 1755 437 τῶν
1781 420 1829 446 φυ-

1043 451 1136 484 σικῶν,
1152 452 1200 479 καὶ
1218 452 1289 479 κατὰ
1309 453 1339 479 τὸ
1354 453 1405 488 τῆς
1431 454 1526 486 οὐσίας
1539 455 1638 482 ταυτὸν
1650 456 1762 491 ἀμφοῖν.
1775 457 1829 484 Kal.

1042 497 1107 530 γοῦν
1118 496 1188 532 αὑτὴ
1201 497 1218 532 ἡ
1234 497 1350 534 ἀλήθεια
1376 499 1486 534 εἴρηκεν
1499 507 1506 514 ·
1539 499 1566 526 '0
1598 500 1712 527 ἀθετῶν
1737 501 1828 536 ὑμᾶς,

1040 542 1093 577 ἐμὲ
1107 542 1225 570 ἀθετεῖ·
1251 543 1302 571 καὶ
1319 545 1336 571 ὁ
1350 543 1402 578 ἐμὲ
1414 544 1536 578 ἀθετῶν,
1555 546 1656 573 ἀθετεῖ
1678 547 1732 574 τὸν
1756 547 1830 583 πέμ-

1041 589 1142 624 ψαντὰ
1152 598 1200 624 με.
1216 589 1320 626 Φυσικὴ
1331 588 1378 617 οὖν
1389 591 1435 617 τοῦ
1450 591 1519 618 Θεοῦ
1533 592 1581 619 καὶ
1611 593 1717 628 Πατρὸς
1746 594 1830 622 εἰκὼν

1041 637 1055 661 ὁ
1072 635 1137 667 Υἱός
1148 644 1155 651 ·
1168 635 1284 671 τεχνητὴ
1297 636 1326 663 δὲ
1333 636 1378 663 τοῦ
1388 636 1463 667 Υἱοῢ.
1473 637 1567 672 ὥσπερ
1584 639 1633 664 καὶ
1647 638 1695 665 τοῦ
1709 639 1827 676 [ἰατρὸς.

1040 682 1131 716 ἡμεῖς,
1146 681 1229 717 ἤγουν
1249 682 1396 717 ποιητικήη
1411 683 1458 709 καὶ
1474 683 1590 719 ποιητὴς
1602 683 1658 720 γὰρ
1678 684 1725 711 καὶ
1736 685 1828 720 τεχνί-

1039 735 1089 762 της
1104 727 1159 754 σῶν
1172 727 1300 754 ἁπάντων
1309 727 1417 762 λέγοιτο
1427 727 1507 761 Θεός⁴

1074 816 1210 853 Εῐληπται
1229 817 1257 845 δὲ
1267 817 1306 853 τῷ
1322 818 1394 854 ἁγίῳ
1406 818 1541 854 Βασιλεὶῳ
1555 817 1586 845 τδ
1610 818 1751 854 τεχνητὸν,
1779 818 1826 846 ἐπὶ

1037 864 1091 890 τῶν
1107 864 1136 891 ὲν
1149 864 1257 897 πίναξιν
1272 865 1384 891 εἰκόνων
1400 872 1407 879 ·
1430 865 1478 892 καὶ
1505 864 1604 891 ταυτὸν
1630 865 1704 900 ἡμᾶς
1730 864 1827 892 λαϐεῖν

1030 910 1099 941 τοὺς
1118 909 1179 936 κατ’
1194 909 1287 936 εἰκόνα
1299 909 1369 936 Θεοῦ
1384 910 1543 944 γεγονότας,
1559 910 1606 937 καὶ
1618 910 1668 945 τὴν
1684 911 1715 937 ὲν
1730 910 1826 938 πίνακι

1035 953 1080 988 ὑφ’
1091 955 1169 990 ἡμῶν
1182 955 1423 990 τεχνουργημένην
1447 955 1540 982 εἰκόνα
1562 955 1609 982 ἐπὶ
1619 955 1666 982 τοῦ
1679 956 1826 991 τεχνητοί

1035 1000 1090 1028 Καὶ
1105 1001 1205 1036 μᾶλλον
1219 1000 1316 1036 ἔγγυος
1337 1001 1486 1037 ταυτισμὺς
1497 1001 1544 1027 ἐπὶ
1559 1000 1604 1027 τοῦ
1617 1001 1678 1027 καθ’
1695 1001 1827 1037 ὁμοίωσιν

1035 1048 1048 1073 ό
1063 1047 1197 1082 ἡμέτερος
1211 1046 1354 1083 χαρακτὴρ
1368 1048 1435 1083 πρὸς
1457 1048 1540 1083 ἡμᾶς,
1558 1047 1653 1083 ὥσπερ
1669 1048 1718 1074 καὶ
1729 1049 1744 1074 ό
1756 1048 1826 1083 Χρι-

1035 1093 1100 1120 στοῦ
1116 1093 1183 1129 πρὸς
1199 1094 1292 1125 αὑτὸν,
1312 1094 1328 1130 ἢ
1343 1095 1357 1120 ὁ
1373 1094 1508 1129 ἡμέτερος
1526 1094 1595 1129 πρὸς
1617 1094 1702 1120 Θεόνο
1727 1093 1826 1130 ἐπειδὴ

1034 1139 1101 1166 Θεοῦ
1118 1139 1165 1165 καὶ
1175 1138 1327 1175 ἀνθρώπων
1338 1139 1369 1166 τὸ
1378 1140 1459 1175 μέσον
1469 1140 1591 1175 ἄπειρον
1604 1140 1667 1166 ὃτιὸ
1681 1139 1732 1173 μὲν
1746 1139 1827 1166 ἄκτι-

1035 1192 1107 1216 στος,
1122 1185 1318 1221 ἀπερίληπτος,
1332 1185 1548 1220 ἀπερίγραπτος,
1561 1185 1608 1212 καὶ
1635 1185 1686 1212 ὅσα
1706 1184 1757 1219 τῆς
1775 1185 1827 1212 αὐ-

1033 1231 1082 1266 τῆς
1098 1231 1268 1266 συστοιχείας
1280 1239 1287 1247 ·
1303 1231 1444 1267 ἄνθρωποι
1454 1231 1483 1258 δὲ
1496 1231 1611 1267 κτίσμα,
1638 1231 1729 1266 σῶμα,
1745 1240 1826 1267 περιο

1035 1277 1174 1312 γραμμὸς,
1190 1278 1238 1304 καὶ
1248 1277 1299 1304 ὅσα
1311 1277 1459 1313 ὁμόστοιχα
1476 1277 1589 1304 τούτων.
1607 1278 1770 1312 Ἄνθρωπος
1794 1278 1826 1305 δι

1033 1322 1081 1348 καὶ
1092 1321 1175 1349 εἰκὼν
1186 1322 1346 1358 ὰνϐρώπουζ
1365 1323 1485 1359 ἑκάτερτ
1499 1323 1603 1359 κτίσμα
1614 1331 1622 1339 ·
1647 1324 1700 1350 κᾶν
1729 1324 1826 1359 διαφο-

1035 1366 1115 1402 ρότης
1136 1368 1249 1397 κτίσεως
1261 1368 1330 1394 κατὰ
1345 1367 1460 1404 θάτερον
1471 1368 1514 1394 ἐπ’
1530 1368 1620 1405 οὐσίᾳ.
1639 1368 1695 1396 Kal
1711 1367 1777 1403 εὖγε
1792 1369 1826 1396 τὸ

1033 1411 1181 1447 πρόσλημά
1196 1420 1242 1439 σου
1260 1420 1268 1427 ’
1281 1413 1323 1439 ὅτι
1339 1413 1482 1446 ὑπέδειξεν
1509 1414 1577 1449 ἡμῖν
1607 1414 1636 1447 ἐξ
1665 1414 1750 1450 αὐτῆς
1772 1415 1825 1450 τῆς

1034 1457 1176 1485 θεολέκτου
1188 1458 1291 1493 φωνῆς,
1303 1460 1333 1485 ἰν
1351 1460 1384 1494 τῇ
1401 1459 1531 1495 ἁθετήσει
1545 1459 1596 1491 τῆς
1611 1461 1717 1491 εἰκόνος
1740 1461 1826 1488 αὑτὸν

1034 1503 1209 1531 ἀθετεῖσθαι·
1226 1505 1273 1531 καὶ
1287 1505 1316 1531 ὲν
1329 1506 1362 1540 τῇ
1382 1505 1467 1532 αὑτοῦ
1482 1506 1602 1542 Χριστοῦ
1617 1506 1745 1542 ἀθετήσει
1760 1507 1827 1534 ἀθε-

1032 1549 1137 1576 τεῖσθαι
1151 1550 1197 1577 τὸν
1221 1550 1332 1586 Πατέρα
1346 1551 1392 1578 τὸν
1409 1551 1557 1586 πέμψαντα
1570 1552 1654 1579 αὐτόν
1666 1560 1673 1567 ·
1698 1553 1748 1579 καὶ
1772 1553 1824 1579 εὑ-

1034 1595 1173 1631 ρίσκονται
1192 1597 1217 1622 οι
1230 1596 1412 1632 Εἰκονομάχοι
1430 1599 1480 1624 οὐκ
1505 1598 1712 1634 ἁρνησίχριστοι
1728 1599 1824 1634 μόνον,

1031 1642 1100 1669 ἀλλὰ
1114 1642 1168 1678 γὰρ
1182 1643 1230 1669 καὶ
1247 1643 1432 1678 τρισάρνητοι.
1450 1643 1487 1670 Τὸ
1504 1643 1534 1670 δὲ
1549 1644 1707 1676 Διασαίνει,
1721 1645 1763 1671 ὃτι
1780 1646 1823 1676 εις

1030 1688 1128 1715 ταυτὸν
1143 1689 1221 1724 φέρει
1237 1690 1253 1724 ἡ
1269 1689 1394 1720 διάόασις
1408 1691 1440 1724 τῇ
1456 1689 1600 1718 ἀναϐάσει.
1622 1688 1706 1718 Εἶπεν
1721 1691 1736 1717 6
1763 1690 1825 1718 Κύ-

1032 1742 1110 1768 ριος·
1133 1734 1296 1761 Ἀναϐαίνω
1316 1735 1391 1769 πρὸς
1403 1734 1458 1761 τὸν
1485 1735 1603 1770 Πατέρα
1626 1744 1696 1770 μου.
1724 1736 1782 1763 Καὶ
1807 1736 1825 1763 ὸ

1030 1779 1150 1815 Μωῦσῆς
1163 1788 1170 1795 ·
1186 1780 1291 1813 Διαϐὰς
1308 1780 1429 1816 ὄψομαι.
1447 1780 1560 1816 Ἀμφοῖν
1569 1782 1734 1818 ὀμοιοφανὴς
1748 1783 1765 1818 ὴ
1779 1783 1826 1809 κι-

1029 1834 1119 1860 νησις,
1132 1826 1180 1852 καὶ
1199 1825 1260 1853 οὔτε
1276 1826 1463 1862 κυκλοφορικὴ
1482 1826 1585 1863 θατέρα
1603 1828 1731 1863 Θατὲρας,
1758 1828 1824 1856 οὔτε

1029 1872 1180 1907 ἑλικοειδής
1196 1882 1204 1890 ο
1220 1873 1277 1899 ἀλλ’
1293 1874 1317 1899 εἰ
1331 1874 1378 1900 καὶ
1389 1873 1529 1909 διάφορος,
1543 1873 1615 1900 κατά
1623 1873 1710 1905 Θὲσιν,
1722 1875 1753 1901 οὗ
1768 1883 1824 1902 κα-

1028 1918 1063 1945 τὰ
1080 1918 1182 1954 σχέσιν.
1201 1919 1289 1946 Ἑπτὰ
1304 1919 1358 1954 γάρ
1376 1927 1460 1954 φησιν
1477 1917 1547 1946 εἶναι
1574 1919 1625 1950 τὰς
1645 1920 1768 1955 κινήσεις
1779 1929 1787 1935 ·
1805 1921 1823 1955 ἠ

1027 1965 1075 1992 οὖν
1090 1965 1233 1996 ἀνάϐασις.
1257 1965 1302 1992 ἵνα
1316 1966 1364 1992 καὶ
1382 1965 1554 2001 σχηματίσω,
1580 1966 1660 1992 τοῦτο
1684 1966 1689 2001 |
1708 1985 1716 1993 .
1733 1967 1788 1993 Καὶ
1804 1968 1823 2002 ἡ

1027 2011 1163 2044 διάὸασις,
1192 2011 1271 2038 τοῦτο
1285 2026 1320 2032 -
1334 2026 1348 2031 -
1360 2026 1404 2038 —.
1429 2012 1542 2046 Ἀμφοῖν
1559 2009 1617 2042 οὖν,
1636 2011 1674 2043 ὥς
1697 2012 1821 2046 εἴρηται,

1029 2058 1153 2094 ῑσοφανῆ.
1166 2057 1284 2094 Γραμμὴ
1298 2058 1353 2093 γὰρ
1368 2057 1550 2093 φιλοωφικῶς
1560 2057 1704 2093 «arma.
1715 2055 1823 2084 Ἠνοῦν

1027 2104 1084 2139 ἔχει
1098 2103 1191 2139 σχέσιν
1197 2103 1227 2129 τὸ
1233 2103 1288 2130 ἂνω
1297 2103 1364 2139 arpi);
1375 2103 1407 2130 τὸ
1423 2103 1508 2136 κάτω,
1516 2104 1565 2137 τὴν
1577 2103 1664 2138 αὐτὴν
1674 2103 1721 2129 καὶ
1734 2103 1764 2129 τδ
1775 2102 1821 2129 δε-

1028 2150 1083 2183 ξιὸν
1091 2150 1159 2186 πρὸς
1166 2149 1197 2176 τὺ
1207 2149 1360 2185 ἀριστερόν.
1372 2149 1453 2176 Ὥστε
1460 2149 1491 2176 τὸ
1502 2149 1711 2176 ἁναὸαίνεινκαὶ
1721 2148 1822 2176 τὸδια-

186 2195 268 2224 ratio.
288 2195 371 2224 Linea
393 2196 466 2223 enim
490 2196 682 2232 philosophico
698 2204 774 2224 more
789 2198 906 2232 exempli
931 2199 974 2225 in-

1035 2197 1133 2224 Ξαινειν
1156 2197 1197 2228 εις
1209 2196 1308 2223 ταυτὸν
1323 2195 1411 2232 φέρει.
1429 2197 1485 2223 Καὶ
1501 2197 1525 2223 εἰ
1555 2197 1604 2232 μὲν
1620 2195 1820 2230 ἐπιτετευγμέ-

186 2247 245 2270 star
261 2247 315 2271 est.
332 2242 419 2275 Quam
438 2242 521 2277 igitur
543 2242 732 2270 habitudinem
750 2242 817 2270 dicit
835 2251 973 2271 summum

185 2289 219 2316 ad
237 2289 332 2322 imum,
349 2289 474 2316 eamdem
488 2293 514 2316 et
527 2288 654 2316 dextrum
680 2289 751 2316 latus
767 2289 800 2316 ad
819 2289 973 2318 sinistrum.

1028 2252 1073 2275 νος
1089 2244 1104 2270 ό
1118 2243 1206 2277 λόγος,
1220 2242 1259 2278 τῷ
1284 2242 1344 2278 Θεῷ
1371 2242 1420 2269 καὶ
1432 2242 1510 2278 Δόγῳ
1539 2242 1641 2279 χάρις’
1664 2243 1689 2269 ει
1718 2242 1741 2269 δ’
1771 2240 1820 2269 οὖν

1029 2290 1061 2326 [1⁵.
1077 2289 1132 2324 ob],
1149 2289 1264 2322 δίδαξον,
1283 2288 1381 2324 λῷστε,
1396 2289 1442 2315 τὸν
1457 2289 1552 2325 ἀμαθῆ
1567 2289 1627 2324 ὲμέ.

184 2335 367 2368 Quamobrem
394 2334 542 2362 ascendere
566 2339 594 2361 et
625 2335 742 2362 transire
772 2335 868 2363 eodem
902 2337 1038 2364 recidunt.
1054 2337 1093 2364 Ac
1118 2336 1142 2363 si
1179 2336 1290 2370 quidem
1328 2340 1422 2363 nostra
1453 2343 1566 2371 scopum
1587 2335 1678 2363 oratio
1712 2334 1818 2370 attigit,

185 2384 300 2415 agantur
313 2379 368 2408 Deo
384 2388 416 2408 ac
432 2379 520 2408 Verbo
535 2380 629 2415 gratia:
644 2389 651 2407 :
667 2381 709 2408 sin
724 2381 825 2414 minus,
841 2381 909 2410 doce
930 2390 972 2410 me
996 2382 1166 2418 imperitum,
1182 2382 1225 2408 vir
1239 2382 1352 2416 optime.

353 2436 485 2466 LXXXV.
501 2453 536 2458 ——
551 2437 696 2465 Athanasio
711 2439 769 2473 ﬁlio
780 2439 824 2474 (').

1159 2439 1222 2466 llE'.
1238 2454 1274 2460 -—
1289 2439 1450 2471 Ἀσανασίῳ
1462 2438 1565 2472 τέκνῳ.
1584 2439 1685 2476 [φμβ’.]

517 2496 556 2522 De
565 2495 719 2521 sanctissima
728 2496 827 2523 Domini
834 2500 865 2523 et
874 2498 921 2524 Dei
931 2502 958 2523 et
969 2498 1104 2524 Salvatoris
1113 2498 1190 2523 nostri
1201 2497 1262 2522 Iesu
1270 2496 1361 2523 Christi
1372 2496 1490 2528 imagine.

218 2549 382 2584 Quomodo,
414 2549 530 2584 inquis,
558 2549 636 2576 latria
665 2557 720 2576 non
752 2549 853 2576 colitur
883 2549 973 2585 imago

182 2596 298 2628 Christi,
319 2594 367 2622 sed
388 2594 436 2629 qui
462 2594 490 2622 in
508 2593 568 2629 ipsa
589 2594 720 2621 adoratur
744 2593 894 2621 Christus:
910 2602 972 2622 cum

183 2650 236 2669 una
263 2642 290 2668 in
315 2641 451 2669 ambobus
474 2641 511 2668 sit
530 2639 676 2667 adoratio?
699 2639 834 2673 Quoniam
860 2639 887 2667 in
915 2641 973 2676 ipso

183 2689 294 2723 quidem
306 2687 417 2715 Christo
428 2686 515 2713 lati-ia:
526 2690 568 2714 est
583 2685 708 2713 adoratio
720 2686 793 2720 (nam
808 2693 870 2713 cum
883 2685 972 2721 ipsum

182 2735 279 2768 adoro,
297 2733 380 2761 simul
395 2733 481 2761 adoro
496 2732 604 2760 Patrem
624 2738 657 2759 ac
673 2732 806 2767 Spiritum
820 2737 947 2760 sanctum
966 2741 972 2759 :

217 2790 241 2805 "
254 2789 321 2818 Luc.
336 2798 365 2822 ι,
382 2789 426 2817 l6.
464 2787 580 2815 "Joan.
596 2796 642 2822 xx,
663 2787 708 2815 l7.
748 2788 771 2804 “
783 2788 865 2816 Deut.
879 2796 943 2822 xxv,
961 2789 989 2816 5.

239 2848 272 2882 Γ)
291 2846 448 2883 Dugmatica
461 2847 573 2875 omnino
590 2846 757 2874 necessaria.

1065 2549 1138 2581 Πῶς,
1155 2549 1219 2585 φὴς,
1235 2549 1265 2576 οὐ
1278 2549 1440 2585 λατρεύεται
1455 2551 1472 2585 ἠ
1485 2549 1568 2577 εἰκὼν
1592 2551 1724 2586 Χριστοῦ,
1757 2547 1815 2580 ἀλλ’

1026 2597 1041 2624 6
1058 2597 1087 2624 ὲν
1099 2597 1168 2632 αὐτῇ
1183 2596 1421 2632 προσκυνούμενος
1435 2596 1551 2632 Χριστός
1561 2605 1569 2613 ·
1587 2599 1651 2633 μιᾶς
1672 2597 1758 2634 οὓσης
1772 2599 1815 2626 ἐπ’

1027 2644 1128 2679 ἀμφοῖν
1161 2643 1373 2680 προσκυνήσεως
1385 2653 1394 2678 ;
1404 2644 1468 2672 Ὀτι
1491 2644 1537 2672 ἐπ’
1549 2644 1634 2672 αὐτοῦ
1649 2645 1682 2680 δὴ
1695 2646 1815 2682 Χριστοῦ

1024 2688 1190 2725 λατρευτικὴ
1205 2689 1223 2724 ή
1239 2689 1435 2728 προσκύνησις.
1456 2690 1625 2726 Προσκυνῶν
1639 2691 1694 2727 γὰρ
1721 2692 1813 2724 αὐτὸν,

1029 2734 1232 2771 συμπροσκυνῶ
1244 2734 1289 2762 τὸν
1302 2734 1413 2771 Πατέρα
1422 2735 1511 2763 καὶτὸ
1523 2735 1602 2771 ἅγιον
1608 2736 1721 2773 Πνεῦμα
1733 2738 1814 2773 ὁμοῦ·
