1923 3078
105 222 174 255 οπερ
185 217 282 253 ἐστὶνὴ
293 215 418 253 τριαδικὴ
429 215 509 252 ἡμῶν
515 214 753 250 προσκύνησιςκαὶ
766 216 879 251 λατρεία
889 224 896 232 ’
914 221 936 249 Α

105 266 155 292 ἐπὶ
170 264 200 291 δὲ
212 265 262 300 τῆς
275 263 389 295 εῑκόνος,
402 263 419 298 ἡ
438 262 508 298 αὑτὴ
528 263 577 298 μὲν
598 261 668 297 (πῶς
694 262 750 297 γὰρ
776 261 827 294 οὓς
855 259 894 288 ὧν

105 311 162 346 γὰρ
175 309 206 336 ἓν
222 309 254 336 τὸ
264 309 376 343 κράτος,
393 308 441 336 καὶ
455 308 473 343 ἡ
496 307 559 340 δόξα
577 307 636 342 μία,
663 306 766 334 τούτων
793 307 896 343 δηλαδὴ

105 356 135 383 ἓν
157 355 188 382 τὸ
209 354 304 388 σέϐας,
321 354 369 381 καὶ
394 353 444 389 μία
459 354 476 389 ἡ
493 352 692 389 προσκύνησις)
706 372 715 386 ,
732 352 845 388 σχετικὴ
867 353 896 379 δὲ

104 403 192 438 ὅμως,
203 401 287 437 ἡγουν
300 400 476 436 όμωνυμική.
496 399 659 435 Προσκυνῶν
682 399 737 435 γὰρ
756 398 852 435 αὐτὴν,
865 399 896 425 οὐ

106 446 369 484 συμπροσεκύνησα,
381 445 450 472 ἀλλὰ
463 445 658 482 προσεκύνησα
671 445 802 481 Χριστὸν,
813 445 843 472 οὐ
858 445 898 472 δι-

104 494 271 531 αιρούμενον
297 493 359 521 καθ’
383 492 544 525 ὑπόστασιν,
573 492 643 520 ἀλλὰ
684 493 899 529 διαφορούμενον

105 541 179 568 κατὰ
193 540 240 567 τὸν
251 539 302 575 τῆς
313 539 408 571 οὐσίας
420 539 498 573 λόγον
510 547 518 554 ·
531 539 600 574 ὅπερ
615 539 674 566 ἐστὶ
692 539 807 574 σχετικὴ
816 559 824 572 ,
839 538 898 566 ἀλλ’

105 588 137 615 οὐ
159 586 341 623 λατρευτική·
364 585 417 613 κᾶν
446 586 464 621 ἡ
488 585 569 620 αὐτὴ,
583 586 641 612 ικεῖ
666 585 716 620 μὲν
726 584 814 617 οὕτως
825 594 901 613 νοου-

108 634 178 670 μένη
208 634 256 660 καὶ
281 632 428 668 λεγομένη,
439 631 534 659 καθότι
544 631 774 667 τριαδικὴ.ἧγουν
785 632 898 667 φυσική·

106 679 228 708 ἐνταῦθα
239 679 269 706 δὲ
281 679 313 705 τὸ
325 678 455 714 ἔμπαλιν,
472 677 568 705 καθότι
590 677 716 714 σχετικὴ.
731 677 815 713 ἠγουν
832 677 900 704 ὐπο-

109 725 337 762 στατική.Εῑγὰρ
351 725 449 758 εἴποις,
463 723 787 760 λατρευτικὴ.ὲσήμανας
801 732 901 759 σεσαρ-

107 774 225 807 κῶσθαι,
241 773 280 806 ὡς
294 773 342 800 τὸν
355 772 431 805 Υῐδν,
446 771 492 799 τόν
504 780 534 798 τε
545 771 665 806 Πατέρα,
674 772 723 799 καὶ
735 771 766 798 τὸ
777 770 900 806 Πνεῦμα·

699 156 971 189 EPISTOLARUM
989 156 1064 188 LIB.
1100 156 1142 189 Il.

951 219 1034 251 atque
1049 214 1107 242 haec
1123 217 1216 241 nostra
1233 217 1274 241 est
1289 212 1433 241 Trinitatis
1454 213 1579 242 adoratio
1593 219 1621 242 et
1634 214 1738 251 latria),

949 265 977 289 In
990 261 1111 296 imagine
1127 267 1192 287 vero
1203 259 1298 287 eadem
1313 258 1424 294 quidem
1438 265 1480 288 est
1493 267 1501 287 :
1515 261 1654 296 quomodo
1664 261 1739 288 enim

950 315 1005 336 non
1018 307 1134 335 eadem?
1151 314 1214 334 nam
1228 313 1346 342 quorum
1363 306 1510 341 imperium
1526 310 1554 335 et
1569 307 1656 343 gloria
1672 314 1739 340 una.

951 354 1050 382 horum
1067 353 1159 388 utique
1175 357 1204 381 et
1220 352 1312 380 cultus
1326 361 1407 385 unus,
1421 357 1448 380 et
1463 361 1518 380 una
1532 353 1657 381 adoratio
1675 357 1718 381 est
1731 361 1738 380 :

951 404 979 427 at
1006 399 1121 428 relativa
1150 403 1261 431 tamen.
1288 398 1346 426 sive
1376 399 1581 435 homonymica.
1613 399 1741 427 Adorans

950 446 1025 474 enim
1043 446 1145 482 ipsam,
1162 446 1305 475 Christum
1315 454 1368 474 non
1385 445 1543 477 coadoravi.
1566 446 1613 473 sed
1627 446 1741 474 adoravi

952 500 1007 520 non
1023 492 1141 521 divisum
1155 493 1307 521 secundum
1322 493 1506 529 hypostasim,
1519 492 1567 520 sed
1580 492 1741 527 discrepan-

951 542 1006 566 tem
1018 539 1124 567 ratione
1137 539 1309 572 substantiis,
1326 539 1400 574 quod
1408 545 1451 567 est
1465 538 1590 567 adoratio
1610 538 1740 570 relativa.

953 584 1001 612 sed
1015 592 1070 612 non
1082 584 1241 619 latreutica;
1255 593 1414 621 quanquam
1427 585 1521 613 eadem
1533 593 1541 619 ;
1560 585 1616 613 illic
1630 585 1742 620 quidem

953 629 994 658 sic
1017 630 1155 659 intellecta
1177 632 1307 667 dictaque
1324 637 1462 667 quatenus
1481 631 1609 659 Triadica
1626 635 1668 659 est
1685 631 1745 660 sive

954 677 1109 706 naturalis:
1128 678 1173 706 hic
1190 686 1256 707 vero
1271 679 1333 706 vice
1356 686 1447 710 versa.
1469 683 1607 714 quatenus
1631 678 1745 705 relativa

953 727 997 750 est
1022 723 1080 751 sive
1095 723 1281 759 hypostatica‘.
1308 724 1375 752 Nam
1399 727 1423 752 si
1448 724 1535 752 latrize
1553 724 1745 751 adorationem

955 769 1070 801 dixeris.
1085 770 1215 798 indicasti
1230 778 1340 799 carnem
1360 771 1476 803 factum,
1494 771 1567 799 sicut
1579 769 1692 803 Filium,
1707 770 1745 799 ita

106 822 178 857 ὅπερ
192 821 266 847 ἐστὶν
286 819 411 847 ἔκτοπον.
424 818 576 854 Τοιγαροῦν
605 817 767 854 προσκυνῶν
788 818 838 854 τὴν
862 819 903 845 εἰ·

961 822 986 844 et
1002 817 1109 844 Patrem
1121 822 1150 844 et
1165 817 1298 852 Spiritum
1314 826 1321 845 :
1335 816 1408 853 quod
1423 822 1465 845 est
1479 816 1642 844 absurdum.
1653 815 1748 851 Itaque

107 866 177 894 κύνα
188 864 319 902 Χριστοῦ,
335 865 366 891 οὑ
380 865 430 899 τὴν
449 864 564 899 θεότητα
590 863 754 899 προσκυνῶ,
770 862 808 894 ὥς
831 863 904 895 τινές

961 871 1021 890 cum
1048 864 1193 899 imaginem
1225 864 1328 892 Christi
1358 864 1462 897 adoro,
1488 871 1543 891 non
1573 863 1746 891 divinitatem

109 920 196 949 φασι·
213 911 293 939 τοῦτο
310 910 366 946 γὰρ
380 910 431 946 τῆς
447 909 565 944 Τριάδος
593 909 762 944 σημαντικόν
773 917 781 926 ·
800 910 848 936 καὶ
875 910 904 936 οὺ

961 909 1053 942 adoro,
1068 913 1098 937 ut
1115 910 1226 945 quidam
1241 911 1319 938 aiunt
1335 919 1341 937 :
1356 918 1418 937 nam
1437 910 1464 938 id
1480 909 1644 937 Trinitatem
1659 909 1747 945 signi-

109 960 284 996 σεσάρκωται
300 958 317 993 ὴ
331 957 417 992 Τριάς
429 965 437 972 ·
453 956 557 990 ἄπαγε.
580 955 663 984 Ἀλλὰ
681 956 727 989 τις
742 955 824 983 αὑτὸν
834 956 903 991 Χρι-

961 955 1019 983 [icat
1036 966 1043 983 :
1060 963 1114 984 non
1138 960 1182 983 est
1203 961 1294 984 autem
1313 955 1436 984 Trinitas
1460 963 1526 984 caro
1546 956 1629 989 facta,
1650 955 1746 983 absit!

110 1005 176 1033 στὸν
191 1003 336 1040 exs-rustic.
352 1002 442 1034 Μόνος
465 1002 520 1038 γὰρ
535 1001 618 1034 αὐτὸς
629 1002 644 1028 ὸ
665 1001 818 1037 σαρκωθεὶς
837 1001 904 1034 Θεὸς

961 1001 1024 1035 Quid
1047 1003 1131 1038 ergo?
1155 1003 1245 1037 ipsum
1260 1002 1401 1031 Christum
1426 1003 1548 1031 relative.
1573 1002 1656 1030 Solus
1672 1001 1747 1029 enim

109 1051 208 1085 Λόγος.
244 1048 409 1084 Προσκυνῶν
433 1048 463 1075 δὲ
506 1047 588 1075 αὐτὸν
612 1046 742 1082 Χριστόν,
781 1047 905 1083 δηλόνοτι

961 1055 1012 1083 πρεθ
1026 1055 1091 1076 caro
1105 1047 1196 1077 factus
1209 1055 1251 1077 est
1268 1048 1341 1077 Deus
1354 1048 1486 1077 Verbum.
1501 1048 1571 1077 Cum
1586 1055 1652 1076 vero
1664 1047 1747 1076 Chri-

109 1094 363 1137 ςυμπροσεκύνησα
385 1093 431 1120 τὸν
446 1092 557 1128 Πατέρα
569 1091 640 1128 ὁμοῦ
659 1093 708 1119 καὶ
725 1091 756 1118 τὸ
779 1091 903 1127 Πνεῦμα.

961 1099 1028 1122 stum
1046 1095 1137 1130 ipsum
1151 1094 1249 1128 adoro,
1265 1095 1348 1124 simul
1363 1099 1391 1123 et
1403 1095 1512 1122 Patrem
1527 1095 1633 1123 scilicet
1645 1094 1748 1122 coado-

108 1136 193 1169 Ἷιστε
215 1140 263 1168 ἐπὶ
273 1139 321 1176 τῆς
334 1139 446 1170 εἰκόνως
457 1137 583 1175 [σχετικὴ
594 1136 804 1174 προσκύνησις],
814 1138 847 1165 ἂν
861 1146 906 1165 νο-

961 1141 1030 1174 ravi.
1043 1146 1071 1169 et
1086 1141 1230 1177 Spiritum.
1250 1142 1434 1176 Quamobrem
1451 1142 1477 1168 in
1493 1141 1612 1177 imagine
1628 1140 1747 1168 relativa

108 1191 167 1216 οξτο
184 1187 231 1216 καὶ
244 1187 351 1222 λέγοιτο
361 1194 368 1202 ·
385 1186 428 1212 ὲπ¹
443 1184 525 1212 αὑτοῦ
537 1184 566 1212 δὲ
582 1183 702 1218 Χριστοῦ
720 1183 884 1220 λατρευτική
897 1193 904 1200 -

108 1235 148 1265 ὡς
167 1232 408 1268 συνεπινοουμένου
424 1239 454 1258 τε
467 1230 516 1258 καὶ
538 1230 833 1266 συμπροσκυνουμένου
857 1230 906 1258 τοῦ

108 1290 141 1308 τε
171 1280 278 1316 Πατρδς
303 1279 351 1306 καὶ
375 1278 423 1306 τοῦ
435 1277 604 1313 Πνεύματος.

111 1328 185 1362 ιιςσ.
202 1341 239 1346 -—
259 1324 424 1362 Ἐπιστολῇ
453 1324 488 1362 {in
505 1322 679 1362 ngoqtimoo
690 1321 814 1362 ξιάτςτων
839 1322 903 1362 τῶν

165 1360 339 1397 ἡγουμένων
357 1357 433 1394 πρὸξ
451 1359 572 1393 Μιχαὴλ
583 1359 728 1391 βασιλέα.
745 1357 850 1395 [φμη’.]

959 1188 1082 1216 adoratio
1107 1193 1180 1216 recte
1208 1189 1372 1224 intelligatur
1394 1193 1422 1217 et
1443 1188 1567 1220 dicatur.
1586 1187 1613 1215 in
1639 1186 1750 1216 Christo

959 1238 1051 1260 autem
1067 1233 1128 1269 ipso
1141 1234 1228 1262 latria:
1242 1243 1250 1262 :
1267 1237 1399 1270 quoniam
1419 1239 1485 1262 tunc
1498 1234 1578 1262 simul
1596 1233 1749 1262 snbintelli-

960 1278 1034 1314 gitur
1046 1285 1130 1315 atque
1148 1280 1280 1308 adoratur
1292 1285 1320 1309 et
1334 1279 1416 1309 Pater
1434 1286 1461 1308 et
1477 1280 1606 1316 Spiritus.

992 1325 1137 1354 LXXXVI.
1152 1326 1314 1362 —Epiatola
1331 1336 1364 1355 ex
1381 1335 1493 1362 persona
1520 1328 1637 1355 omnium
1652 1336 1752 1363 pramo-

1057 1363 1170 1389 u'torum
1188 1364 1222 1389 ad
1239 1363 1395 1391 Hic/molem
1408 1364 1605 1398 imperatorem.

111 1419 228 1446 \‘incolis
239 1422 267 1444 et
278 1417 371 1444 exsilio
382 1417 482 1444 liberati
495 1418 586 1449 gratias
601 1420 688 1448 agunt.
702 1416 1112 1481 Orant(giigzumnalgqﬁqi'licfgt;
1126 1418 1186 1444 Cum
1197 1418 1323 1443 haereticis
1338 1425 1398 1443 vero
1414 1418 1524 1450 colloqui
1544 1417 1644 1443 minime
1661 1418 1750 1444 licere.

153 1503 253 1539 Ἡμεῖς
267 1502 292 1528 oi
309 1501 356 1529 ἐπὶ
367 1501 398 1528 τὸ
415 1501 482 1528 αὒτδ
496 1499 706 1537 συνεληλυθότες
728 1499 800 1527 κατὰ
813 1500 908 1528 κέλευ-
920 1505 942 1534 c

113 1559 157 1577 σιν
173 1549 321 1576 θεοσέπτου
338 1547 418 1583 ὑμῶν
440 1547 589 1582 βασιλείας,
602 1546 739 1582 ἐλάχιστοι
762 1546 907 1573 ἐπίσκοποι

111 1605 143 1624 τε
158 1597 207 1623 καὶ
215 1595 374 1631 ἡγούμενοι,
388 1593 501 1629 πρώτην
513 1593 605 1629 φωνὴν
615 1593 717 1629 ταύτην
730 1592 908 1628 φθεγγόμεθα

113 1641 163 1668 ἐπὶ
179 1640 227 1667 τοῦ
245 1639 448 1675 θεοπροὸλήτου
462 1639 539 1674 ὑμῶν
550 1638 680 1674 κράτους,
697 1638 908 1674 εὐχαριστήριόν

115 1696 148 1714 τε
164 1687 214 1713 καὶ
230 1686 396 1722 αῑνετήριον·
417 1685 460 1712 ὅτι
484 1684 674 1720 ἀνεκλήθημεν
690 1685 715 1711 οἱ
737 1684 908 1720 ἀπεωσμένοι,

116 1734 159 1760 ὅτι
170 1732 328 1768 ἠλεήθημεν
340 1732 364 1758 οἱ
375 1731 664 1767 τεταλαιπωρημένοι,
677 1731 718 1758 ὅτι
734 1730 910 1766 ἀνεψύξαμεν

115 1781 142 1806 οι
158 1779 347 1810 ἐκλελοιπότες
359 1786 366 1793 ·
382 1778 436 1805 ἀπὸ
455 1778 591 1814 χειμῶνος
603 1777 644 1810 εις
664 1776 715 1813 ἔαρ
727 1797 735 1810 ,
756 1777 811 1804 ἀπὸ
825 1776 911 1812 ζάλης

116 1827 157 1856 εις
177 1824 317 1860 γαλήνην.
333 1824 387 1851 ἀπὸ
402 1823 523 1859 ἀθυμίας
539 1824 580 1856 εις
604 1823 749 1860 εὐθυμίανο
765 1823 828 1856 ξένα
848 1823 912 1850 τινὰ

116 1872 167 1899 καὶ
196 1870 338 1906 παράδοξα
358 1870 522 1906 ἑωρακότες.
549 1869 669 1906 Τοιαύτη
696 1870 751 1907 γὰρ
776 1871 793 1907 ἡ
818 1869 911 1897 δικαία

117 1918 198 1954 ὑμῶν
208 1916 335 1951 βασιλεία
344 1916 527 1952 χαρμόσυνος,
539 1916 717 1952 εὖφρόσυνος,
733 1916 910 1949 πολύευκτος,

117 1964 282 2000 εἰρήναρχος
295 1983 303 1996 ,
321 1963 505 1999 φιλοδίκαιος,
521 1963 633 1996 πολλαῖς
652 1964 762 2000 ἑτέραις
776 1973 913 2000 προσηγο-
926 1992 943 2005 μ

118 2010 194 2047 ριαις
222 2009 392 2045 ἀξιὼνυμος·
423 2010 542 2046 μιμήσει
568 2010 688 2046 Χριστοῦ
709 2011 757 2038 τοῦ
782 2005 925 2046 ἀληθινοῦ

117 2057 188 2083 Θεοῦ
202 2056 294 2092 ἡμῶν,
309 2056 345 2083 τὰ
360 2056 494 2084 διεστῶτα
504 2057 689 2090 συνάπτουσα,
702 2057 738 2084 τὰ
747 2057 913 2093 νενοσηκότα

118 2103 288 2138 ῦγιάζουσα,
304 2102 339 2130 τὰ
357 2102 469 2138 λυπηρὰ
488 2102 693 2139 χαροποιοῢσα·
709 2102 850 2139 ἐξαίρετός
869 2112 912 2135 τις

118 2149 188 2176 οὖσα
204 2148 339 2184 βασιλεία,
355 2148 403 2176 καὶ
418 2148 473 2175 τῶν
490 2149 576 2176 πάλαι
594 2149 825 2185 μακαριζομένων
841 2149 913 2185 ισόρ-

119 2182 216 2232 ροποςν·
239 2194 275 2230 ἢν
289 2194 490 2230 ἁποσεμνύνειν
504 2196 562 2226 τοῖς
577 2182 796 2232 ἐγκωμίοις-οὒκ
819 2196 853 2223 ἂν
868 2182 912 2222 ei»
929 2182 950 2210 Β

119 2239 220 2276 μαρῶς
232 2239 345 2275 γλῶσσα
362 2240 509 2276 ἀνθρώπου
524 2240 710 2277 ἐξαρκέσειεν.
733 2241 805 2268 Ἀλλ’
818 2240 913 2278 ἐπειδὴ
937 2264 947 2274 _,

117 2286 208 2313 ταῦτα
228 2286 336 2319 οὕτως,
362 2286 578 2323 παρακαλοῦμεν
605 2288 652 2314 καὶ
669 2286 865 2323 ἀντιϐολοῦμεν
889 2288 914 2315 οἱ

119 2331 237 2365 ἀνάξιοι,
252 2332 300 2360 καὶ
316 2333 401 2368 αὐτῆς
419 2334 470 2368 τῆς
486 2334 562 2370 ἱερᾶς
576 2334 654 2369 ὑμῶν
671 2334 737 2367 θέας
753 2334 912 2370 ἀξιωθῆναι,

119 2377 168 2404 καὶ
182 2379 273 2413 φωνῆς
288 2377 399 2413 ἡδίστης
411 2378 528 2406 ἀκοῦσαι
548 2379 595 2406 τοῦ
608 2379 744 2415 παντίμου
758 2380 805 2407 καὶ
819 2380 913 2407 θεοσό-

122 2432 175 2458 φου
204 2423 341 2458 στόματος
366 2424 453 2459 ὑμῶν·
474 2424 512 2456 ὡς
528 2424 562 2452 ἂν
588 2424 662 2460 ἅπερ
678 2425 746 2452 ὠσὶν
766 2424 914 2460 ἀκούομεν,

120 2469 211 2496 ταῦτα
225 2470 286 2496 κατ’
299 2469 455 2504 ὀφθαλμοὺς
470 2470 636 2506 θεασάμενοι
655 2471 854 2507 σκιρτήσοιμεν
875 2472 915 2508 τῷ

121 2516 271 2552 πνεύματι·
287 2515 382 2552 ὥσπερ
396 2524 423 2543 τι
441 2516 543 2552 ἔνδυμα
554 2517 684 2544 πενθικὺν
695 2517 746 2552 τὴν
760 2519 915 2553 κατήφειαν

123 2561 395 2598 μετενδιδυσκόμενοι
406 2562 576 2597 εὐφροσύνης
589 2562 785 2599 ἀγαλλιάματι.
804 2563 915 2600 Ἐπειδὴ

120 2609 149 2635 δὲ
163 2610 177 2635 ὁ
191 2608 317 2644 δεύτερος
331 2607 410 2642 λόγος
421 2608 485 2644 περὶ
496 2609 545 2643 τῆς
559 2608 723 2644 εἰλικρινοῦς
735 2617 766 2636 τε
779 2610 827 2637 καὶ
839 2610 916 2646 ἁμω-

123 2655 210 2689 μήτου
228 2652 307 2688 ἡμῶν
326 2652 381 2679 τῶν
396 2653 570 2687 Χριστιανων
589 2654 648 2680 ἐστι
666 2653 802 2686 πίστεως·
827 2655 916 2682 ἐκεῖνο

123 2699 195 2734 μετὰ
211 2698 301 2730 αἰδοῦς
316 2698 461 2734 τολμῶμεν
477 2699 634 2733 ἀνενέγκαι,
650 2699 688 2731 ὡς
702 2700 727 2727 ει
742 2700 792 2736 μὲν
811 2700 918 2735 ἀνθρώ-

122 2747 202 2773 πινόν
215 2754 243 2772 τι
257 2743 292 2780 ἦν
303 2745 334 2772 τι
348 2745 507 2780 λεγόμενον,
524 2746 573 2772 καὶ
586 2745 602 2781 ἢ
621 2745 690 2781 πρὸς
702 2745 751 2773 τοῦ
762 2747 916 2781 ἁγιωτάτου

122 2792 203 2828 ἡμῶν
227 2792 378 2828 ἀρχιερέως
390 2811 398 2824 ,
413 2793 430 2827 ἢ
446 2792 511 2828 παρ’
527 2791 606 2827 ἡμῶν
630 2792 686 2819 τῶν
701 2792 820 2825 ἀναξίων
839 2792 917 2825 ἐξου-

123 2839 298 2874 σιαζόμινον*
309 2838 368 2866 οὒτε
377 2847 429 2866 nou
440 2838 473 2865 τὸ
491 2837 601 2874 μικρὸν,
611 2838 680 2866 ἀλλὰ
690 2839 745 2875 γὰρ
756 2839 804 2866 καὶ
814 2839 846 2866 τὸ
861 2839 916 2866 πᾶν

124 2886 302 2920 παραγωρεῖν
327 2885 396 2912 ἔδει·
420 2885 493 2912 οὓτω
519 2884 569 2920 τῆς
595 2885 706 2920 ἐντολῆς
733 2885 909 2920 κελευούσης.

993 1501 1049 1530 Nos
1078 1501 1125 1538 qui
1146 1502 1230 1530 vestri
1257 1509 1274 1530 a
1304 1501 1360 1529 Deo
1392 1503 1518 1530 coronati
1540 1501 1648 1537 imperii
1670 1501 1750 1536 jussu

958 1545 986 1573 in
998 1553 1084 1574 unum
1094 1546 1286 1578 convenimus,
1301 1546 1406 1573 minimi
1425 1546 1546 1582 episcopi
1562 1550 1589 1573 et
1602 1546 1751 1582 praepositi,

958 1592 1075 1627 primam
1092 1591 1163 1620 hanc
1191 1599 1284 1620 vocem
1313 1592 1364 1620 sub
1381 1592 1512 1620 divinitus
1529 1593 1680 1620 constituto
1706 1600 1752 1620 re-

960 1646 1014 1674 gno
1035 1642 1126 1666 vestro
1144 1638 1261 1672 edimus,
1280 1638 1398 1666 actionis
1412 1639 1561 1674 gratiarum
1587 1644 1614 1666 et
1633 1639 1724 1667 laudis
1744 1649 1750 1667 :

960 1685 1033 1720 quod
1051 1686 1170 1713 revocati
1193 1685 1291 1717 simus.
1307 1686 1354 1721 qui
1382 1685 1524 1714 fueramus
1554 1685 1632 1721 ejecti
1651 1695 1659 1720 ;
1679 1686 1752 1722 quod

960 1731 1176 1759 misericordiam
1185 1732 1300 1767 experti,
1317 1733 1364 1768 qui
1382 1732 1513 1760 aerumnis
1541 1733 1629 1768 pressi
1644 1741 1652 1766 ;
1681 1732 1753 1768 quod

962 1777 1107 1806 rel'ocillati
1130 1777 1276 1809 fuerimus.
1301 1778 1348 1814 qui
1376 1778 1598 1811 deﬁciebamus;
1619 1779 1653 1806 ab
1667 1779 1756 1806 hieme

961 1824 996 1852 ad
1011 1830 1068 1858 ver,
1082 1828 1266 1859 atempestate
1281 1825 1315 1852 ad
1337 1825 1576 1860 tranquillitatem.
1600 1832 1616 1852 a
1638 1832 1756 1853 maerore

962 1871 996 1898 ad
1009 1871 1143 1903 laetitiam,
1158 1878 1227 1898 nova
1246 1871 1372 1907 quaedam
1397 1876 1425 1899 et
1450 1871 1620 1899 incredibilia
1640 1878 1756 1899 cernen-

962 1921 1013 1945 tes.
1029 1915 1095 1944 Tale
1109 1917 1183 1945 enim
1202 1922 1244 1945 est
1266 1917 1371 1953 justum
1389 1917 1535 1952 imperium
1552 1923 1686 1951 vestrum;
1706 1917 1756 1944 ia:-

963 1968 1033 1998 tum,
1056 1963 1223 1999 jucundum.
1255 1963 1336 1991 valde
1365 1963 1495 1999 optabile,
1514 1968 1653 1999 pacatum,
1684 1963 1756 1999 aequi

963 2017 1070 2044 amans,
1087 2010 1181 2038 multis
1207 2010 1269 2038 aliis
1286 2010 1514 2046 appellationibus
1527 2010 1640 2046 dignum
1655 2019 1663 2038 :
1683 2010 1758 2045 quod

965 2057 999 2084 ad
1017 2056 1119 2084 Christi
1138 2057 1194 2084 veri
1224 2055 1271 2083 Dei
1296 2056 1381 2083 nostri
1400 2057 1569 2092 exemplum,
1597 2056 1758 2096 dissidentia

963 2106 1084 2137 coaptat,
1100 2110 1171 2137 aegra
1192 2107 1290 2135 sanat,
1317 2102 1406 2130 tristia
1438 2103 1587 2132 exhilarat.
1617 2102 1760 2131 Eximium

964 2148 1101 2184 quoddam
1119 2155 1212 2176 revera
1238 2148 1395 2183 imperium,
1419 2152 1447 2176 et
1465 2149 1498 2177 iis
1511 2157 1572 2184 qua:
1583 2149 1759 2183 beataquon-

964 2195 1026 2222 dam
1038 2194 1184 2230 praedicata
1196 2192 1318 2226 fuerunt.
1338 2202 1407 2228 par:
1434 2195 1508 2230 quod
1525 2195 1654 2222 laudibus
1675 2202 1758 2223 exor-

965 2247 1032 2268 nare
1050 2240 1169 2268 hominis
1189 2240 1280 2275 lingua
1295 2241 1367 2268 haud
1385 2239 1466 2268 facile
1479 2241 1576 2276 possit.
1602 2241 1655 2268 Sed
1671 2248 1759 2275 quan-
1805 2263 1811 2267 .

965 2284 1110 2320 doquidem
1128 2285 1186 2313 haec
1200 2285 1237 2312 ita
1251 2292 1280 2312 se
1295 2285 1406 2317 habent,
1422 2292 1534 2312 oramus
1543 2289 1570 2312 et
1585 2284 1758 2312 obtestamur

966 2330 1083 2366 indigni,
1101 2335 1132 2358 ut
1153 2338 1233 2358 sacro
1248 2331 1308 2366 ipso
1321 2334 1471 2366 conspectu
1484 2334 1578 2358 vestro
1608 2330 1661 2357 l‘rui
1676 2330 1757 2358 nobis

966 2376 1058 2410 liceat,
1075 2381 1103 2405 et
1117 2377 1310 2405 suavissimam
1340 2384 1436 2405 vocem
1451 2377 1547 2405 audire
1567 2377 1716 2404 venerandi
1725 2384 1758 2404 ac

966 2426 1164 2462 sapientissimi
1184 2427 1241 2454 oris
1257 2426 1340 2454 vestri
1355 2433 1363 2454 :
1376 2430 1407 2454 ut
1420 2434 1482 2462 quae
1512 2426 1626 2454 auribus
1648 2425 1758 2461 accepi-

966 2479 1038 2503 mus.
1050 2471 1138 2500 oculis
1151 2472 1288 2500 intuentes
1305 2471 1604 2505 animo‘exsultemus,
1624 2470 1703 2506 quasi
1714 2471 1757 2498 lu-

966 2519 1078 2553 gubrem
1095 2519 1241 2554 quamdam
1261 2523 1363 2546 vestem
1374 2526 1517 2546 maerorem
1539 2522 1662 2545 nostrum
1686 2517 1758 2545 hila-

966 2567 1047 2593 ritate
1060 2570 1257 2601 permutanles.
1272 2564 1305 2592 Et
1319 2565 1449 2601 quoniam
1476 2564 1593 2591 alterum
1608 2563 1688 2591 nobis
1714 2563 1757 2591 Io-

966 2610 1067 2646 quendi
1081 2615 1272 2646 argumentum
1292 2609 1327 2637 de
1356 2609 1462 2636 sincera
1482 2612 1510 2635 et
1523 2607 1654 2634 inviolata
1674 2607 1757 2635 Chri-

966 2657 1119 2683 stianorum
1132 2656 1186 2683 lide
1200 2661 1292 2683 nostra
1305 2659 1364 2688 est;
1380 2654 1446 2682 illud
1462 2662 1524 2681 cum
1543 2653 1696 2681 reverentia
1713 2661 1758 2681 re-

967 2702 1037 2728 l'erre
1050 2703 1192 2733 audemus,
1213 2702 1296 2736 quod,
1310 2702 1333 2728 si
1356 2701 1506 2728 humanum
1534 2700 1674 2735 quidpiam
1686 2705 1759 2728 esset

967 2748 1000 2775 de
1016 2755 1072 2783 quo
1084 2756 1175 2776 sermo
1197 2752 1249 2780 est.
1262 2752 1290 2776 et
1309 2748 1351 2775 vel
1364 2748 1391 2775 in
1406 2747 1573 2775 sanctissimi
1596 2747 1758 2782 patriarcha:

967 2794 1053 2821 nostri
1073 2798 1207 2829 potestate
1218 2794 1313 2828 situm,
1341 2794 1384 2822 vel
1396 2794 1424 2821 in
1457 2798 1568 2826 nostra;
1592 2801 1648 2821 non
1668 2793 1758 2821 solum

967 2846 1063 2874 parum
1080 2839 1194 2875 aliquid.
1218 2840 1265 2868 sed
1281 2845 1366 2867 totum
1387 2840 1477 2875 ipsum
1492 2839 1588 2868 cedere
1600 2844 1761 2875 oporteret,

965 2885 1002 2913 ita
1027 2885 1139 2921 iubente
1162 2887 1300 2914 mandato.
1330 2886 1399 2915 Cum
1421 2892 1511 2915 autem
1527 2887 1560 2915 dc
1588 2887 1644 2915 ilco
1667 2894 1764 2915 serrae
