1912 3080
180 135 247 168 1331

778 136 809 166 S.
830 136 1027 167 THEODOBI
1047 137 1222 167 STUDITIE

1746 133 1808 166 1332

179 193 225 224 sit,
240 190 304 218 etin
321 189 406 218 Deum
422 190 468 219 cui
485 191 609 219 serviunt
620 191 712 219 omnia
729 201 735 218 :
755 199 808 219 non
832 192 915 219 modo
929 192 971 220 hie

1031 193 1109 219 Ἐπεὶ
1123 192 1151 219 δὲ
1166 193 1231 228 περὶ
1251 191 1319 219 Θεοῦ
1335 192 1382 219 καὶ
1397 194 1436 223 εἰς
1455 191 1522 218 Θεὸν
1536 192 1551 218 ὁ
1570 191 1666 226 Λόγος,
1680 187 1713 218 οὗ
1733 191 1808 218 δοῦλα

178 242 225 263 aut
239 235 295 268 ille,
320 235 368 263 sed
394 242 483 270 neque
492 236 515 263 si
534 235 635 264 Petrus
647 241 675 264 et
691 235 810 268 Paulus.
837 244 926 271 neque
949 236 974 265 si

177 282 336 317 angelorum
363 282 501 317 quispiam
542 282 623 315 foret,
651 282 795 310 demutare
828 283 973 318 quidpiam

177 329 219 356 vel
233 329 379 356 minimum
396 329 520 359 auderet.
535 333 666 365 tanquam
682 337 780 357 everso
807 337 839 358 ea
867 330 975 357 ratione

177 373 324 410 iivangeiio
337 375 476 403 universo.
491 374 551 403 Jam
566 383 632 403 vero
642 383 808 408 sermonem,
832 376 974 404 refellendi

176 430 269 455 causa,
285 429 348 449 cum
366 421 540 450 heterodoxis
550 422 676 450 conferre
689 423 841 457 apOslolico
859 422 974 450 manda-

177 475 204 495 to
222 473 356 503 repugnat
371 468 394 485 ⁸⁷
415 478 422 495 :
445 469 615 504 minimeque
642 469 772 497 convenit
794 469 848 497 nisi
864 469 898 496 ad
912 477 974 497 cor-

177 515 328 550 rrptionem
344 516 543 544 tantummodo.
577 515 725 551 Propterea
740 516 843 551 indigni
871 523 922 544 nos
935 516 974 551 pii

176 561 284 596 imperii
300 561 382 588 vestri
405 561 501 589 famuli
525 569 561 589 ne
577 562 685 590 hiscere
703 562 813 598 quidem
829 563 974 590 audemus.

177 607 255 641 Quod
268 608 291 635 si
303 609 368 642 quid
380 613 422 635 est
433 608 569 644 ejusmodi
584 608 618 635 de
631 616 687 643 quo
700 609 819 644 ambigat
841 613 889 636 aut
904 608 974 636 diﬂi-

177 654 224 680 ttat
243 653 336 680 divina
363 653 566 689 magnificentia
580 659 671 682 vestra
702 654 746 689 pie
773 662 789 681 a
817 654 973 689 patriarcha

176 700 288 727 dissolvi
304 708 404 735 posse;
430 701 526 736 jubeat
543 709 643 736 magna
657 701 744 737 ipsius
759 706 786 729 et
801 709 816 729 a
831 702 887 729 Deo
905 708 973 729 con—

178 747 285 773 firmata
319 754 430 778 manus,
462 747 537 775 velut
564 747 723 775 divinorum
756 747 912 775 mmulatrix
939 747 974 775 ad

177 799 351 820 communem
364 792 518 825 utilitatem,
533 801 547 821 a
559 798 650 821 vetere
665 793 752 821 Roma
766 794 869 829 suscipi
882 794 974 822 decla-

179 837 323 871 rationem,
338 843 419 873 prout
431 839 497 866 olim
513 844 541 867 et
553 840 587 866 ab
604 840 682 867 initio
698 845 810 875 paterna
825 841 973 868 traditione

1024 240 1058 267 τὰ
1070 240 1234 275 σύμπαντα·
1249 240 1297 274 οὐχ
1313 240 1328 266 ὸ
1343 239 1416 266 τίσδε
1438 239 1455 274 ἢ
1472 238 1545 265 τίσὸε
1555 246 1562 253 ⁸
1580 238 1637 265 ἀλλ’
1651 237 1705 265 οὐδ’
1719 239 1743 265 ει
1759 238 1808 265 Πέ-

1024 295 1088 323 τρος
1103 287 1151 313 καὶ
1167 285 1284 318 Παῦλος,
1298 285 1351 312 οὐδ’
1363 286 1396 313 ἄν
1410 293 1452 316 τις
1465 284 1519 311 τῶν
1531 284 1657 318 ἀγγέλων
1682 283 1737 319 εἴη,
1751 283 1807 311 τολ-

1039 334 1139 368 μήσιεν
1151 331 1185 359 ἂν
1201 331 1253 359 κᾶν
1270 331 1300 358 τὸ
1315 331 1486 367 βραχύτατον
1507 330 1707 366 παρακινῆσαι·
1721 331 1758 362 ὡς
1768 330 1810 357 διὰ

1023 379 1119 407 τούτου
1134 379 1183 406 τοῦ
1195 379 1296 411 παντὸς
1306 379 1478 414 Εὐαγγελίου
1494 378 1729 414 ἀνατρεπομένου.
1742 379 1808 414 Πρός

1024 436 1053 454 τε
1070 427 1101 454 τὸ
1117 418 1232 462 συνὲραι
1243 426 1322 461 λόγον
1332 426 1525 462 ἀπιρῤητικδν
1544 425 1615 461 μετὰ
1625 425 1679 452 τῶν
1691 426 1809 461 ἑτεροδό-

1025 473 1079 506 ξων
1094 473 1313 508 ἐναντιούμενον,
1335 473 1367 508 τῇ
1382 473 1549 508 ἀποστολικῇ
1574 472 1750 508 παραγγελία
1781 473 1808 498 οὐ

1024 518 1157 554 καθῆκον·
1176 519 1201 545 εἰ
1223 518 1261 554 μή
1286 527 1313 544 τι
1330 518 1398 553 πρὸς
1422 517 1564 544 νουθεσίαν
1587 517 1678 552 μόνον.
1699 517 1754 543 Καὶ
1770 517 1810 543 διὰ

1023 563 1105 591 τοῦτο
1120 564 1145 590 οί
1162 564 1268 598 ἀνάξιοι
1281 563 1370 590 δοῦλοι
1380 563 1428 590 τοῦ
1445 562 1574 595 εὐσεϐοῦς
1592 563 1670 597 ὑμῶν
1684 564 1810 598 κράτους,

1024 610 1073 637 καὶ
1089 610 1187 646 γρύξαι
1201 611 1282 645 μόνον
1298 611 1329 637 οὐ
1345 609 1575 644 κατατολμῶμεν.
1590 609 1622 636 Εἰ
1639 609 1669 635 δέ
1680 617 1707 635 τι
1726 609 1809 644 ἀμφι-

1025 657 1190 693 ϐαλλόμενον
1209 657 1226 692 ἢ
1243 655 1443 691 ἀπιστούμενον
1457 657 1490 691 τῇ
1511 655 1572 691 θείᾳ
1595 655 1673 690 ὑμῶν
1695 655 1810 690 μεγαλο-

1024 703 1085 739 νοίᾳ
1111 702 1269 730 διαλύεσθαι
1298 702 1351 729 ὑπὸ
1379 701 1426 729 τοῦ
1455 701 1607 738 ἀρχιερέως
1635 700 1765 732 εὐσεϐῶς·
1793 702 1808 736 ἡ

1026 749 1131 784 μεγάλη
1157 749 1205 776 καὶ
1227 749 1421 784 θεοστήρικτος
1443 748 1529 783 αὐτῆς
1549 748 1621 783 χεὶρ,
1638 746 1676 779 ὡς
1699 746 1811 782 ζηλοτυ-

1024 796 1114 823 ποῦσα
1128 795 1163 822 τὰ
1182 795 1242 822 θεῖα
1265 795 1310 821 ἐπ’
1326 794 1446 830 ὠφελείᾳ
1463 793 1510 820 τοῦ
1526 793 1641 825 παντὸς,
1658 793 1812 825 κελευσάτω

1024 841 1101 877 παρὰ
1112 842 1162 877 τῆς
1178 841 1369 877 πρεσῦυτέρας
1393 840 1503 876 Ῥώμης
1513 839 1642 872 δέξασθαι
1653 839 1702 874 τὴν
1720 839 1811 866 διεισὰ-

179 886 360 914 transmissus
379 894 441 915 mos
459 887 521 914 fuit.
550 887 614 915 llaec
641 889 725 920 enim,
745 889 848 916 Christi
877 889 971 917 aemula

1027 896 1122 923 φησιν,
1139 887 1177 919 ὡς
1191 887 1297 914 ἄνωθέν
1309 895 1339 914 τε
1353 888 1400 914 καὶ
1419 886 1449 917 EE
1461 885 1549 921 ἀρχῆς
1565 885 1813 920 πατροπαραδότως

177 932 336 966 imperator,
352 941 481 968 suprema
498 939 540 962 est
555 935 741 962 Ecclesiarutn
772 935 831 967 Dei,
862 935 890 962 in
919 943 973 970 qua

177 977 275 1005 l'ctrus
292 979 384 1006 sedem
398 980 502 1014 primus
512 981 612 1012 tonuit,
625 981 658 1008 ad
680 989 761 1016 quem
776 981 909 1009 Dominus
930 981 973 1008 di-

177 1024 215 1049 xit
229 1029 239 1049 :
252 1023 288 1050 Tu
304 1032 330 1050 es
344 1024 439 1051 Petrus
448 1030 473 1052 et
483 1032 562 1059 super
576 1025 643 1052 hanc
657 1031 761 1059 petram
773 1025 913 1060 atdiﬁcabo
924 1025 974 1052 Ec—

177 1069 285 1096 clesium
297 1078 394 1103 nteant,
402 1075 427 1098 at
439 1077 523 1106 parte:
535 1072 616 1106 inferi
624 1079 677 1098 non
685 1071 864 1106 pra-valebunt
878 1075 973 1098 adver-

175 1123 221 1142 sus
250 1124 310 1142 eam
327 1116 360 1144 ⁸⁸.
385 1115 449 1144 Haec
459 1122 501 1145 est
518 1118 694 1153 indignorum
717 1117 884 1145 famulorum
912 1123 974 1145 tuo-

177 1168 237 1188 rum
268 1162 445 1196 postulatio:
467 1163 526 1190 hmc
558 1169 653 1191 nostra
683 1164 796 1192 humilis
822 1163 972 1192 secundum

177 1209 263 1233 neum
274 1207 442 1235 exhortatio.
461 1206 556 1235 Valida
572 1216 624 1244 ego
642 1209 689 1237 Dei
714 1217 813 1236 manus
832 1215 923 1237 servet
948 1214 974 1236 te

177 1251 280 1279 mundo
296 1252 516 1287 desiderabilem,
533 1254 665 1290 piumque
681 1255 904 1283 Christianorum
919 1254 973 1282 im-

176 1301 342 1332 peratorem,
374 1299 407 1326 ad
437 1299 537 1327 multos
568 1308 656 1330 annos
673 1302 859 1336 superstitem,
889 1306 915 1328 et
939 1300 972 1328 ad

178 1351 298 1378 filiorum
324 1349 396 1377 filios
412 1348 558 1384 imperium
577 1349 809 1376 transmittentem
827 1354 890 1374 cum
907 1354 972 1382 pro-

177 1396 267 1430 speris
282 1396 471 1427 successibus,
489 1395 666 1430 hostiumque
687 1398 716 1422 et
731 1394 906 1421 inimicorum
933 1393 973 1420 vis

178 1442 284 1470 ctoriis.
297 1441 369 1475 Fiat,
383 1442 445 1469 fiat!

214 1492 409 1525 LXXXVII.—
428 1497 566 1559 Episclo‘ﬁis
584 1503 691 1559 prpter
725 1496 866 1523 Dominum
894 1506 972 1524 usu-

518 1542 525 1559 ι
547 1542 595 1559 ιιδι
624 1538 639 1559 l.

518 1538 575 1559 ibus
590 1538 639 1568 tl).

1024 933 1149 968 ἐξεδόθη.
1168 933 1242 969 Δῠτη
1261 932 1327 968 γὰρ,
1344 932 1547 968 χριστομίμητε
1563 930 1687 966 βασιλεῦ,
1703 931 1721 966 ἡ
1733 939 1813 967 κορυ-

1025 978 1158 1014 φαιοτάτη
1171 978 1225 1004 τῶν
1239 978 1410 1014 Ἐκκλησιῶν
1419 977 1466 1004 τοῦ
1478 977 1557 1010 Θεοῦ,
1573 975 1607 1013 ἧς
1621 977 1725 1013 Πέτρος
1740 986 1813 1013 πρω-

1024 1025 1160 1063 τόθρονος,
1173 1026 1242 1062 πρὸς
1254 1026 1284 1052 ὃν
1300 1027 1313 1052 ὁ
1327 1025 1431 1060 Κύριός
1441 1033 1517 1061 φησι·
1534 1025 1577 1052 Σὺ
1592 1024 1621 1052 εἷ
1632 1025 1754 1059 Πέτρος,
1767 1024 1814 1052 καὶ

1023 1072 1073 1099 ἐπὶ
1087 1072 1181 1106 ταύτῃ
1193 1071 1231 1106 τῇ
1244 1071 1337 1106 πέτρᾳ
1348 1071 1536 1107 οἰκοδομήσω
1546 1080 1604 1102 μου
1616 1071 1674 1105 τὴν
1689 1071 1814 1104 Ἐκκλη-

1023 1117 1110 1144 alar
1127 1117 1177 1144 καί
1191 1117 1285 1144 πύλαι
1299 1116 1374 1151 ᾅδου
1397 1118 1433 1144 οὐ
1449 1117 1697 1151 κατισχύσουσιν
1708 1115 1812 1150 αὐτῆς.

1023 1163 1110 1190 Τοῦτο
1132 1163 1212 1199 ἡμῶν
1228 1164 1258 1190 τὺ
1277 1163 1384 1198 αἴτημα
1408 1163 1463 1190 τῶν
1483 1163 1602 1195 ἀναξίων
1623 1161 1725 1189 δούλων
1747 1170 1793 1189 σου
1805 1171 1813 1178 ·

1024 1210 1093 1246 αῦτη
1110 1210 1159 1237 σὺν
1174 1209 1234 1245 Θεῷ
1248 1211 1265 1245 ἡ
1291 1209 1467 1245 παράκλησις
1484 1208 1539 1235 τῶν
1559 1208 1813 1243 τεταπεινωμένων.

1030 1256 1063 1283 Ἡ
1075 1256 1194 1292 κραταιὰ
1208 1253 1255 1282 οὖν
1267 1255 1328 1291 χεὶρ
1343 1255 1390 1282 τοῦ
1406 1254 1475 1282 Θεοῦ
1491 1254 1574 1286 σώζοι
1589 1263 1630 1285 σε,
1651 1254 1698 1281 τὸν
1715 1263 1816 1289 κοσμο-

1024 1303 1142 1337 πόθητον
1160 1303 1208 1328 καὶ
1223 1301 1338 1337 θεοφιλῆ
1357 1301 1414 1334 τὸν,
1434 1301 1547 1336 βασιλέα
1557 1301 1612 1328 τῶν
1631 1300 1813 1336 Χριστιανῶν,

1024 1349 1054 1374 ὲν
1083 1348 1192 1380 πολλοῖς
1209 1348 1318 1383 χρόνοις
1339 1347 1560 1382 διατεινόμενον,
1585 1347 1633 1374 καὶ
1654 1347 1695 1378 εἰς
1715 1346 1814 1377 παῖδας

1023 1394 1128 1421 παίδων
1142 1394 1174 1420 τὸ
1189 1395 1291 1429 κράτος
1310 1393 1462 1429 ἀμείϐοντα
1487 1394 1516 1420 ὲν
1539 1393 1700 1429 εὐημερίαις
1721 1402 1751 1420 τε
1768 1393 1816 1419 καὶ

1023 1440 1113 1472 νίκαις
1128 1439 1235 1476 ὲχθρῶν
1248 1449 1279 1466 τε
1295 1440 1342 1466 καὶ
1353 1439 1503 1474 πολεμίων.
1522 1439 1641 1470 Γένοιτο.
1656 1439 1778 1474 γένοιτοῖ

1024 1495 1061 1529 (⁸)
1078 1494 1174 1522 ΠΖ’.-
1190 1494 1383 1526 Ἐπισκόποις
1405 1493 1454 1566 ὃῗὰ
1461 1495 1577 1566 ἔίὐῖισν
1591 1494 1818 1530 πεφυγαδευμέ-

1333 1538 1409 1563 νοις.
1441 1539 1458 1564 φ
1478 1534 1512 1565 η’.

1333 1538 1409 1563 νοις.
1429 1534 1512 1565 [φξη’.

500 1591 618 1616 Adoralio
629 1591 720 1617 Christi
733 1590 845 1622 imaginis
857 1591 980 1622 quomodo
992 1589 1167 1621 intelligenda.
1179 1590 1279 1621 (Barou.
1294 1595 1333 1614 an.
1347 1589 1403 1620 816,
1416 1596 1441 1614 n.
1455 1588 1506 1620 47.)

212 1645 281 1672 Cum
300 1645 334 1672 de
345 1643 523 1671 beatitudinis
538 1649 634 1672 vestrae
645 1645 727 1672 rebus
742 1653 829 1680 nuper
845 1651 894 1680 ego
922 1643 975 1671 hu-
988 1646 1010 1676 α

177 1691 251 1718 milis
278 1690 456 1722 audivissem,
485 1689 579 1717 Patres
607 1689 845 1723 desideratissimi,
864 1689 974 1724 gavisus

177 1745 238 1765 sum
252 1745 429 1772 magnopere,
447 1742 474 1765 et
496 1737 630 1772 optimum
657 1736 742 1764 Deum
762 1741 885 1764 nostrum
916 1735 973 1763 col-

179 1783 306 1811 laudavi:
331 1783 405 1818 quod
421 1791 476 1810 non
502 1783 584 1809 etiam
607 1783 699 1809 videre
728 1790 788 1816 vos,
816 1790 866 1810 nec
880 1782 975 1818 gratius

178 1830 258 1857 tionis
270 1837 332 1864 qua:
346 1830 372 1856 in
388 1829 466 1857 vobis
481 1834 547 1856 sunt
560 1829 613 1856 frui
627 1829 715 1861 licuit,
730 1829 892 1864 permoleste
912 1829 972 1856 tuli.

179 1875 296 1903 Visurus
310 1875 447 1910 siquidem
461 1883 535 1902 eram
553 1875 679 1903 homines
694 1874 752 1906 Dei,
767 1874 909 1909 episcopos
920 1874 974 1901 Do-

178 1921 257 1954 tniui,
274 1921 370 1948 beatos
384 1921 470 1952 viros,
486 1921 579 1948 nntndi
591 1921 705 1954 lumina,
719 1921 779 1948 fidei
792 1921 972 1954 firmamenta,

177 1971 206 1995 et
217 1967 240 1995 si
261 1967 327 2002 quid
352 1967 425 1995 aliud
451 1967 560 1995 honesti
584 1973 637 2000 est,
661 1975 718 1995 rem
744 1967 803 2002 ejus
815 1975 847 1993 ac
874 1975 973 1994 nomen

177 2013 344 2041 obtinentes.
366 2012 389 2040 0
400 2013 536 2048 jacturam
550 2014 556 2040 !
573 2021 591 2040 ο
613 2013 794 2040 calamitatem
812 2014 818 2039 !
836 2012 889 2040 Sed
904 2013 974 2040 mul-

179 2065 204 2087 ta
229 2060 362 2087 nimirum
403 2063 517 2094 peccata
544 2064 639 2088 nostra
676 2060 760 2095 hujus
785 2068 866 2088 casus
894 2060 974 2087 nobis

178 2113 261 2133 causa
275 2105 398 2133 fuerunt.
412 2105 467 2133 Nee
481 2105 539 2141 jam
564 2106 700 2133 miramur
713 2105 910 2139 infortunium,
926 2106 974 2133 sed

178 2152 324 2179 offerimus
348 2152 589 2187 supplicationem.
605 2152 675 2186 Quid
692 2152 764 2180 istud
791 2157 881 2180 autem
900 2153 912 2179 ?
938 2152 974 2180 Ut

177 2198 250 2233 quod
267 2198 366 2231 defuit,
377 2198 476 2226 litteris
502 2199 696 2234 compensetis,
716 2199 894 2231 instruentes,
911 2199 972 2225 illu-

179 2245 326 2278 minantes,
356 2244 563 2278 eonfirmantes,
591 2245 769 2273 ostendentes
799 2253 973 2281 quaecunque

179 2296 241 2316 vera
257 2293 333 2322 sunt,
351 2296 414 2324 qua:
442 2288 568 2322 honesta,
597 2297 659 2325 quae
672 2289 758 2324 justa,
774 2298 836 2326 qua:
860 2291 893 2318 ad
910 2290 971 2318 lidei

1064 1645 1144 1680 ’Δρ-ει
1160 1643 1335 1675 ἀκουτισθεὶς
1348 1644 1363 1670 ὀ
1378 1643 1506 1675 ταπεινὸς
1516 1643 1558 1678 {ﬁt
1573 1644 1637 1679 περὶ
1655 1644 1706 1679 τῆς
1725 1653 1818 1679 μακα-

1027 1690 1150 1725 ριότητος
1168 1689 1256 1725 ὑμῶν,
1274 1687 1297 1716 ὦ
1313 1689 1472 1725 τριπόθητοι
1489 1690 1621 1726 Πατὲρες,
1638 1690 1700 1717 λίαν
1717 1691 1818 1726 ἥσθην,

1025 1737 1072 1762 καὶ
1087 1735 1201 1768 ἐδόξασα
1215 1736 1262 1762 τὸν
1275 1735 1377 1770 ἀγαθὸν
1393 1736 1409 1771 ή
1415 1736 1472 1771 μῶν
1489 1736 1565 1764 Θεὸν.
1587 1736 1648 1763 Ὀτι
1663 1736 1725 1763 οὐδὲ
1735 1737 1820 1772 ἠξιώ-

1025 1780 1075 1816 θην
1090 1781 1156 1808 ίδεῖν
1170 1782 1254 1816 ὑμᾶς,
1267 1782 1313 1808 καὶ
1324 1781 1479 1808 ἀπολαῦσαι
1492 1781 1547 1808 τῶν
1561 1783 1590 1808 ὲν
1604 1783 1669 1817 ὑμῖν
1679 1783 1819 1818 χαρισμά-

1024 1835 1091 1860 των,
1109 1827 1157 1854 καὶ
1173 1828 1243 1854 πάνυ
1262 1827 1386 1862 ἠνιάθην.
1408 1827 1542 1862 Ἐμελλον
1558 1828 1612 1863 γὰρ
1627 1829 1694 1864 όρᾷν
1708 1828 1820 1864 ἀνθρώ*

1026 1882 1094 1905 πους
1117 1873 1196 1905 Θεοῦ,
1222 1874 1355 1909 ίεράρχας
1380 1873 1495 1909 Κυρίου,
1527 1873 1680 1909 μακαρίους
1702 1873 1818 1909 ἄνδρας,

1025 1922 1174 1957 φωστῆρας
1197 1920 1318 1956 κόσμου,
1346 1920 1500 1956 ἐρείσματα
1519 1921 1639 1952 πίστεως
1658 1920 1687 1947 εἴ
1707 1930 1734 1947 τι
1751 1918 1829 1948 ἄλλο’

1024 1966 1080 1993 τῶν
1101 1966 1203 1998 καλῶν,
1224 1967 1272 1993 καὶ
1289 1966 1369 1997 ὄντας
1384 1967 1431 1993 καὶ
1456 1967 1686 2002 ὀνομαζομένους.
1711 1969 1744 1994 Ὦ
1764 1968 1819 2001 τῆς

1025 2011 1145 2047 ζημίαςῑ
1170 2011 1193 2038 ὦ
1208 2011 1259 2044 τῆς
1282 2011 1441 2046 συμφορᾶςι
1462 2011 1536 2048 Πλὴν
1559 2013 1587 2038 αἱ
1614 2012 1712 2039 πολλαὶ
1735 2013 1820 2048 ἡμῶν

1025 2058 1158 2094 ἁμαρτίαι
1173 2058 1259 2085 αἴτιον
1268 2057 1317 2084 τοῦ
1330 2066 1362 2084 συ
1367 2057 1545 2093 μὸεὸηκότος.
1562 2058 1618 2084 Καὶ
1632 2058 1661 2084 οὐ
1673 2058 1818 2093 θαυμάζο-

1026 2112 1076 2139 μεν
1088 2103 1138 2139 τὴν
1154 2103 1284 2139 ἀτυχίαν·
1305 2103 1375 2130 ἀλλὰ
1389 2103 1579 2139 προϐάλλομεν
1594 2104 1644 2139 τὴν
1659 2104 1817 2139 ἱκετηρίαν.

1024 2149 1057 2176 Τί
1079 2149 1176 2182 τοῦτο;
1195 2150 1239 2176 ἵνα
1255 2149 1401 2185 γράμμασι
1417 2149 1657 2188 παραμυθήσησθε
1678 2150 1730 2186 τὴν
1744 2151 1818 2177 ἁπό-

1023 2195 1122 2230 λειψιν,
1136 2195 1336 2228 νουθετοῦντες,
1352 2195 1527 2230 φωτιοῦντες,
1543 2196 1730 2232 στηρίξαντες,
1747 2197 1819 2224 ὐπο-

1024 2245 1164 2278 φαίνοντες
1178 2244 1229 2270 ὅσα
1243 2243 1319 2270 ἐστὶν
1339 2243 1439 2279 ἀληθῆ,
1451 2244 1502 2271 ὅσα
1521 2244 1618 2279 σεμνὰ,
1636 2244 1687 2271 ὅσα
1709 2245 1818 2277 δίκαια,

1023 2291 1074 2317 ὃσα
1088 2290 1246 2321 ἐνστατικὰ,
1261 2290 1312 2317 ὃσα
1327 2289 1435 2316 ἕναθλα.
1453 2289 1487 2316 Εἴ
1498 2298 1540 2322 τις
1558 2290 1654 2326 ἀρετὴ,
1671 2291 1720 2317 καὶ¹
1733 2291 1762 2317 εῐ
1772 2300 1818 2323 τις

177 2335 366 2363 defensionem
407 2343 440 2363 ac
455 2339 594 2364 certamen
609 2336 718 2364 idonea.
734 2337 764 2364 Si
786 2344 839 2371 qua
858 2337 946 2364 virtus
962 2357 969 2369 ,

1026 2336 1133 2368 ἔπαινος
1143 2335 1300 2371 ὁμολογίας,
1318 2335 1406 2363 ταῦτα.
1421 2336 1554 2371 γράφοιτε
1565 2345 1572 2352 ⁸
1589 2337 1637 2364 καὶ
1654 2336 1713 2369 πῶς
1725 2346 1818 2373 προσ-

177 2383 201 2409 si
216 2389 270 2416 qua
285 2382 347 2409 laus
362 2381 556 2415 confessionis,
573 2383 645 2410 hanc.
663 2383 840 2418 praeseribite,
856 2388 881 2410 et
906 2390 975 2418 quo-

179 2426 261 2455 modo
285 2427 444 2455 adorandus
460 2429 496 2455 sit
520 2428 640 2464 imagine
659 2436 808 2463 expressus
822 2428 948 2456 Christus
966 2448 974 2461 ,

177 2474 344 2509 homonyma
364 2481 399 2501 an
414 2482 567 2511 synonyme
584 2484 590 2502 :
613 2476 744 2511 quoniam
765 2476 883 2503 alterum
913 2476 975 2510 qui-

176 2521 240 2548 «lem
259 2521 433 2555 orthodoxae,
461 2522 579 2550 alterum
598 2530 663 2550 vero
688 2522 833 2550 contrariae
854 2527 896 2550 est
912 2530 975 2550 sen-

177 2567 268 2595 tentiae
280 2568 304 2584 ⁸⁵
327 2577 335 2595 :
353 2572 381 2596 et
399 2569 541 2604 quomodo
559 2569 727 2605 intelligatur
753 2569 877 2597 adoratio
908 2577 973 2604 erga

177 2614 320 2642 Christum
360 2614 477 2650 ejusque
508 2616 683 2651 imaginem:
711 2623 802 2644 unane
823 2623 857 2643 an
886 2615 970 2648 duae;

175 2661 307 2694 quoniam
319 2661 436 2689 alterum
450 2662 561 2698 quidem
582 2668 705 2691 nostrum
716 2667 769 2697 est,
779 2662 894 2690 alterum
907 2669 972 2690 vero

1023 2382 1156 2417 κυνητέον
1186 2381 1305 2416 Χριστὸν
1340 2381 1587 2417 ἐγγεγραμμένον,
1613 2382 1772 2417 ὁμωνύμως
1798 2384 1817 2419 ἢ

1024 2429 1201 2464 συνωνύμως,
1222 2427 1316 2463 ἐπειδὴ
1344 2427 1376 2454 τὸ
1394 2428 1444 2463 μὲν
1463 2427 1629 2463 ὀρθοδοξίας,
1643 2428 1674 2455 τὸ
1687 2429 1717 2456 δὲ
1737 2431 1818 2456 ἀντι-

1022 2474 1130 2507 δοξίας·
1147 2475 1194 2501 καὶ
1220 2473 1279 2505 πῶς
1300 2473 1351 2508 τῆς
1375 2475 1588 2509 προσκυνήσεως
1605 2475 1759 2510 νοουμένης
1774 2477 1821 2508 εἱς

1023 2520 1140 2556 Χριστόν
1157 2529 1187 2547 τε
1206 2520 1255 2547 καὶ
1274 2520 1324 2555 τὴν
1345 2519 1428 2547 αὑτοῦ
1455 2520 1565 2551 εἰκόνα,
1594 2521 1661 2556 μιᾶς
1685 2521 1702 2556 ἢ
1722 2521 1819 2548 δυεῖν·

1023 2567 1117 2603 ἐπειδὴ
1127 2567 1158 2594 τὸ
1177 2567 1237 2602 μὲν,
1252 2567 1405 2602 ἡμέτερονι
1425 2566 1456 2592 τὸ
1470 2566 1510 2599 δὲ,
1525 2566 1580 2593 τῶν
1600 2567 1819 2604 Εἱκονομάχων;

1024 2613 1064 2643 ὧν
1077 2615 1129 2650 γὰρ
1145 2614 1194 2650 μία
1205 2615 1223 2650 ἡ
1238 2613 1409 2649 ὑποστατικὴ
1422 2613 1552 2649 ὁμοίωσις
1563 2634 1570 2646 ,
1583 2614 1686 2641 τούτων
1703 2615 1755 2650 μία
1769 2617 1819 2642 καὶ

1026 2662 1043 2697 ἠ
1055 2661 1126 2696 αὐτὴ
1139 2659 1334 2696 προσκύνησις·
1350 2659 1427 2695 παρὰ
1441 2660 1471 2685 τὸ
1482 2658 1532 2695 τὴν
1543 2658 1640 2686 οὐσίαν
1649 2659 1699 2694 τῆς
1708 2661 1820 2692 εἰκόνος

211 2719 234 2735 ⁸⁷
246 2719 300 2746 Tit.
315 2727 356 2748 ιιι,
373 2719 416 2747 to.
454 2719 477 2735 ""
489 2719 585 2748 Matth.
608 2729 664 2753 xw,
688 2721 732 2748 18.
769 2721 792 2737 ⁸³
814 2719 893 2748 Eade
904 2727 934 2747 re
949 2718 1088 2747 Petavius.
1118 2719 1165 2747 lib.
1191 2727 1205 2745 ν
1223 2718 1261 2745 De
1288 2718 1420 2745 incarnat.
1442 2726 1502 2753 cap.
1535 2719 1562 2751 8,
1585 2728 1612 2746 ιι.
1636 2719 1693 2751 l0;
1721 2725 1751 2748 et
1766 2721 1820 2749 lib.

177 2763 221 2787 xv,
240 2763 300 2789 cap.
326 2755 367 2787 15,
386 2764 412 2781 ιι.
434 2755 461 2781 5.

939 2820 1055 2848 ΝΟΤΑΞ.

213 2884 251 2919 (ι)
270 2884 360 2911 \‘ideri
376 2888 466 2910 tamen
485 2883 570 2918 possit
591 2882 691 2916 scripta
709 2886 769 2916 post
788 2885 902 2908 mortem
920 2879 971 2908 Lec

1026 2899 1031 2907 .
1054 2882 1086 2916 (')
1105 2881 1171 2910 Cod.
1191 2880 1246 2917 lies
1275 2882 1359 2918 Ἀρχὴ
1373 2882 1475 2917 βιϐλίου
1484 2883 1519 2918 γ’,
1534 2884 1637 2912 initium
1654 2885 1821 2916 libritertzt.
