1912 3080
102 147 173 180 me

703 156 973 187 EPISTULARUM
1013 157 1085 187 LIB.
1102 157 1142 187 II.

1671 159 1738 191 1334

104 203 227 238 μήτιπου
242 206 465 240 προσκυνεῖσθαι.
484 204 569 241 Οὗτος
581 210 595 236 6
607 209 706 245 μικρὸς
722 210 801 245 ἡμῶν
818 209 896 245 λόγος

951 211 1221 238 lcouoma'chorum?
1246 211 1368 245 Quorum
1391 213 1463 241 enim
1491 222 1545 241 una
1568 220 1610 242 est
1634 220 1661 242 et
1686 216 1737 252 hy—

99 251 347 286 ὑπομνηματικὸς,
367 253 425 280 ἀλλ’
451 254 481 280 οὑ
505 254 678 287 διδακτικός·
707 256 786 291 ὑμῶν
809 256 838 283 δὲ
859 256 895 283 τὰ

97 295 252 331 τελεώτερα
262 298 371 329 πάντως
379 298 517 331 τοσοῦτον,
526 299 588 326 ὅσον
605 300 653 326 καὶ
660 300 691 326 τὸ
705 299 894 336 καθυπερέχον

99 341 149 368 τοῦ
164 342 326 378 χρίσματος⁸
345 345 388 379 ἐφ’
406 341 428 378 ᾦ
441 339 562 380 τελοίητε
575 345 621 373 τὸν
635 346 818 382 προκείμενον
831 346 894 381 6ρό-

103 396 156 423 μον
175 389 334 424 ὁσιώτατα,
359 391 552 428 ἀνδρειότατα·
569 392 607 425 ὡς
626 392 831 429 ἀποληψόμενοι
849 393 895 420 τὸν

100 436 154 471 τῆς
174 435 348 473 δικαιοσύνης
364 438 510 472 στέφανον.

945 257 1078 291 postatica
1095 257 1255 290 similitudo,
1272 258 1370 286 horum
1395 267 1447 286 una
1470 265 1493 287 et
1513 261 1608 287 cadent
1620 261 1738 288 estade-

946 301 1016 328 ratio
1033 310 1040 327 :
1058 306 1239 337 praeterquam
1260 304 1334 338 quod
1361 304 1488 340 imaginis
1519 305 1671 334 substantia
1689 315 1739 334 ue-

947 355 1086 382 quaquam
1107 348 1250 377 aduratur.
1278 349 1328 378 Hic
1345 351 1435 378 tenuis
1464 355 1506 379 est
1525 359 1615 380 sermo
1645 358 1740 380 noster

946 395 1189 428 commonitorius,
1219 404 1274 423 non
1304 397 1336 424 ad
1359 398 1512 426 docendum
1535 405 1711 434 comparatus
1731 408 1737 426 :

946 445 1036 468 vestra
1052 448 1144 470 autem
1172 447 1248 471 tanto
1275 451 1388 479 prorsus
1423 444 1601 480 perfectiora,
1636 450 1739 481 quanto

100 483 287 516 supereminet
300 482 420 518 dignitas
445 485 603 514 unctionis:
619 486 647 513 in
662 493 716 521 qua
732 489 894 520 praesentem
914 493 1028 514 cursum
1043 486 1158 516 viriliter
1184 490 1316 525 peragite,
1339 491 1517 524 sanctissimi,
1539 496 1669 526 tanquam
1694 491 1740 526 ju-

98 528 184 556 stitiae
200 536 329 557 corOnam
345 531 511 566 percepturi.

243 597 310 625 IIH'.
334 612 369 618 —
395 598 523 634 Ἄμμοῦν
540 598 646 631 τέκνῳ.
668 599 763 636 [φξθ¹.]

1127 600 1333 629 LXXXVIll.-—
1350 604 1473 631 Ammoni
1495 605 1563 639 ﬁlio.

397 667 542 692 Monachum
553 670 700 699 apostatam,
713 669 788 693 etiam
800 669 916 700 conjuglo
927 670 1088 702 implicatum,
1098 670 1128 695 ad
1143 670 1313 702 pwnitentiam
1325 671 1428 698 excitat.

136 734 218 766 Οῐμοι
239 732 269 767 ἐξ
283 734 370 769 αὐτῆς
391 733 518 768 βαλὸίδος
537 735 589 771 τῆς
610 736 758 771 ἐπιστολῆς
774 737 823 763 καὶ
838 744 899 762 στε-

98 779 205 814 ναγμὸν
221 779 377 818 ἀναπέμπω
393 781 425 806 ὲκ
447 780 547 815 βάθους
568 782 684 818 καρδίας
695 803 703 814 ,
720 783 767 810 καὶ
781 776 907 819 δάκρυον¹

98 825 272 860 ἁναμίγνυμι
289 825 328 861 τῷ
345 826 442 861 μέλανι
457 827 500 861 ἐφ’
523 824 563 859 οἷς
576 828 742 864 ἡκουτίσθην
760 830 826 864 περὶ
840 830 898 862 σοῦ,

98 872 211 906 ἀδελφέ.
226 873 295 898 Φασὶ
315 872 369 908 γὰρ
385 873 594 909 ἀπορῥίψασθαί
609 883 638 901 σε
657 876 688 902 τὸ
704 875 782 909 ἅγιον
796 875 899 911 ἔνδυμα

97 917 147 944 τοῦ
172 917 302 954 μοναχοῦ,
325 920 372 945 καὶ
395 919 482 946 τελεῖν
507 921 536 946 ἐν
562 921 677 953 λαϊκοῖς,
707 922 755 948 καὶ
780 924 897 956 γυναῖκα

99 964 256 999 περιάγειν.
271 964 303 991 Ὢ
317 964 365 991 τοῦ
382 965 500 992 ἐλεεινοῦ
517 965 708 1001 ἀκούσματοςι
727 966 750 993 ὦ
765 968 813 1003 τῆς
825 968 897 1003 ἐμῆς

100 1011 265 1045 συμφορᾶςῖ
291 1009 359 1046 Ἐμη
376 1010 431 1047 γὰρ
442 1012 459 1045 ἡ
481 1011 527 1047 σὴ,
541 1012 648 1044 τέκνον,
665 1012 799 1048 ἁμαρτία,
826 1014 897 1040 κατὰ

46 1061 49 1065 ‘
99 1056 146 1082 τὸν
162 1056 213 1090 τῆς
230 1057 367 1092 πατρικῆς
390 1057 565 1092 συμπαθείας
583 1058 694 1093 τρόπον.
720 1058 775 1085 Ποῦ
795 1059 825 1085 τὸ
839 1059 897 1093 φῶς

99 1102 285 1137 τῆςδιανοίας
295 1111 302 1134 ;
314 1102 366 1129 ποῦ
378 1104 427 1139 τῆς
441 1103 549 1136 ἐλπίδος
559 1104 589 1130 τὸ
601 1104 699 1140 πτερόν
711 1113 717 1137 ;
735 1104 788 1130 ποῦ
804 1106 817 1131 ὁ
828 1105 898 1141 ἔρως

98 1150 113 1176 6
126 1149 194 1182 πρὸς
205 1149 252 1176 τὸν
264 1149 346 1183 Θεόν;
362 1150 415 1176 ποῦ
429 1150 480 1185 τῆς
495 1150 616 1183 πίστεως
627 1152 642 1178 6
658 1151 771 1186 θυρεός;
786 1151 837 1178 ποῦ
849 1150 897 1178 τοῦ

98 1196 257 1230 λογιστικοῦ
288 1197 319 1223 τὸ
346 1197 489 1232 κριτικόν;
517 1196 570 1223 ποῦ
597 1198 612 1224 6
639 1197 766 1224 ἐντεῦθεν
792 1198 897 1233 κόσμου

97 1241 235 1276 δρασμός;
254 1241 305 1268 ποῦ
320 1242 336 1276 ὴ
352 1241 549 1276 ὲγχατάλειψις
562 1242 692 1268 ἁπάντων
705 1241 760 1268 τῶν
771 1243 818 1268 ἐπὶ
830 1242 897 1277 γῆςς

100 1289 154 1316 ποῦ
177 1290 193 1325 ή
219 1289 368 1316 ἐπιστασία
385 1290 434 1324 τῆς
458 1289 564 1325 μονῆςς
589 1289 641 1316 ποῦ
657 1290 674 1325 ἡ
696 1290 899 1322 εὐκατάνυκτος

99 1336 244 1372 παραδοχὴ
271 1338 321 1372 τῆς
351 1337 496 1372 εἰσδοχῆς;
526 1337 578 1363 ποῦ
601 1338 618 1372 ή
647 1338 818 1373 στοιχείωσις
846 1338 898 1374 τῆς

100 1382 274 1418 κοινςόιακῆς
291 1383 379 1418 ζωῆς;
401 1382 453 1409 ποῦ
481 1384 496 1418 ἡ
519 1383 672 1418 φωτιστικὴ
697 1383 894 1420 ὲξαγόρευσις;

100 1428 153 1454 ποῦ
174 1437 220 1454 σου
239 1428 273 1454 τὰ
293 1428 365 1455 καλὰ
379 1429 505 1464 δάκρυα;
526 1428 577 1455 ποῦ
592 1430 608 1463 ἠ
626 1429 800 1465 εὑλασοειδὴς
823 1429 896 1463 gite;

100 1473 154 1501 ποῦ
169 1474 186 1509 ὴ
204 1475 236 1500 ὲκ
253 1474 299 1501 τοῦ
316 1474 501 1510 πληρώματος
518 1475 568 1509 τῆς
585 1474 767 1510 ἀδελφότητος
790 1484 897 1511 μαρτυ-

101 1519 164 1555 ρία;
181 1519 234 1546 ποῦ
260 1521 276 1555 ἠ
296 1521 343 1546 ἐπὶ
366 1520 414 1547 τοῦ
441 1521 514 1556 ἱεροῦ
534 1520 656 1557 βήματος
671 1521 819 1556 ὁμολογίας
845 1521 896 1548 ποῦ

101 1566 222 1601 μάρτυρι
239 1565 299 1601 Θεῷ
316 1575 346 1592 τε
360 1567 408 1594 καὶ
435 1567 565 1601 ἀγγέλοις
595 1567 779 1603 ὑποσχέσεις;
795 1567 848 1594 ποῦ
879 1568 896 1603 ἡ

100 1611 255 1647 ὑποφαεινὴ
284 1612 431 1648 φαιδρότης
442 1612 490 1640 τοῦ
508 1614 665 1649 σχήματος;
684 1613 735 1640 ποῦ
749 1614 763 1640 ό
773 1622 898 1650 πνευμα-
911 1609 932 1638 C

99 1660 186 1688 τικὼς
196 1657 340 1692 νοούμενος
350 1659 439 1694 γάμος
451 1668 458 1692 ;
476 1659 527 1686 ποῦ
541 1660 556 1685 ὁ
568 1659 638 1695 ὑπὲρ
650 1658 698 1685 σοῦ
707 1659 798 1691 τυθεὶς
809 1659 895 1695 ἀμνὸς

99 1703 148 1731 τοῦ
173 1704 259 1737 Θεοῦ;
278 1704 331 1731 ποῦ
356 1705 387 1732 τὸ
415 1705 596 1741 εὐαγγελικόν
622 1714 653 1732 τε
681 1705 728 1732 καὶ
753 1706 897 1741 ἀδελφικὸν

99 1752 279 1787 ἀγαλλιαμας
298 1752 352 1779 ποῦ
373 1753 388 1779 6
407 1753 485 1787 παρὰ
510 1753 620 1780 πάντων
644 1752 791 1788 ἱερώτατος
808 1754 898 1780 ἀσπα-

100 1797 187 1832 σμός
206 1797 258 1824 ποῦ
272 1799 289 1833 ἡ
306 1798 335 1824 ὲν
353 1798 393 1833 τῷ
407 1797 471 1832 θείῳ
484 1797 673 1833 θυσιαστηρίῳ
700 1797 874 1833 παράστασις
887 1806 896 1831 ;

99 1843 153 1870 ποῦ
166 1845 183 1879 ἡ
196 1843 244 1870 τοῦ
259 1843 387 1878 σώματός
401 1852 431 1870 τε
447 1844 494 1871 καὶ
508 1843 626 1879 αἵματος
641 1843 688 1870 τοῦ
704 1843 824 1879 Χριστοῦ
837 1843 896 1870 θεία

101 1890 274 1926 μετάληψις;
287 1890 340 1917 ποῦ
354 1892 370 1925 ἡ
384 1891 432 1926 ὅλη
445 1890 549 1926 φαιδρὰ
560 1892 608 1918 καὶ
621 1890 897 1926 ἁγγελοχαρμόσυνος

98 1937 196 1973 τελετή
210 1937 280 1969 nam}
293 1938 310 1972 ή
326 1937 397 1972 φανὴ
413 1937 526 1972 λαμπάς
539 1946 546 1970 ;
563 1937 615 1963 ποῦ
628 1937 644 1972 ἡ
663 1937 786 1972 ἄμπελος
798 1938 814 1972 ἡ
830 1937 897 1972 ἀλη-

99 1984 181 2019 θινής
205 1984 258 2011 ποῦ
284 1985 301 2019 ἡ
322 1984 499 2020 καρποφόρος
524 1985 623 2019 φυτεία
648 1983 696 2010 τοῦ
721 1983 896 2018 Πνεύματοςς

99 2030 152 2057 ποῦ
165 2030 235 2065 ἐμοῦ
255 2039 288 2065 γε
303 2030 349 2057 τοῦ
363 2031 457 2057 ἀθλίου
476 2031 491 2057 6
505 2030 562 2061 uio;
573 2051 579 2062 ,
596 2031 611 2057 6
625 2029 775 2065 προαχθεὶς
791 2030 832 2056 ἔτι
849 2030 898 2056 καὶ

99 2077 141 2103 ἔτι
157 2078 187 2104 ὲν
200 2076 286 2112 καλῷ,
301 2077 348 2103 καὶ
362 2078 498 2112 χρήσιμος
512 2076 605 2111 ὀφθεὶς
619 2077 653 2112 τῇ
667 2076 832 2111 ἀδελφότητι
844 2095 852 2108 ,
866 2075 897 2102 τὸ

98 2123 198 2149 τέκνον
215 2122 264 2148 τοῦ
278 2122 356 2154 Θεοῦ,
372 2124 386 2149 6
402 2123 451 2149 τοῦ
465 2122 554 2158 φωτὸς
568 2122 712 2158 χορευτὴς,
725 2122 740 2148 ὁ
755 2122 805 2157 τῆς
821 2121 898 2156 βασι-

100 2169 179 2201 λείας
189 2169 246 2196 τῶν
256 2169 380 2204 οὐρανῶν
398 2168 522 2203 πολίτης,
538 2168 570 2195 τὸ
589 2168 687 2200 σκεῦος
699 2167 731 2195 τὸ
747 2167 895 2200 ἐκλεκτόν;

100 2215 166 2246 Πῶς
191 2214 316 2249 ἐστράφη
340 2215 380 2245 εἰς
399 2213 433 2240 τὰ
457 2213 563 2246 ὀπίσω;
595 2213 656 2245 πῶς
673 2212 858 2240 ἀπελάκτισεν
883 2213 897 2239 6

99 2260 299 2295 ἡγαπημένοςς
318 2260 376 2291 πῶς
394 2258 542 2294 ἐσκοτίσθη
559 2259 574 2285 6
588 2259 817 2294 πεφωτισμένος;
836 2258 896 2290 πῶς

984 749 1034 777 Hei
1048 750 1113 777 mihi
1130 751 1243 778 Estatim
1260 751 1294 779 ab
1312 752 1369 787 ipso
1384 752 1505 787 epistola:
1524 754 1639 781 exordio
1662 755 1740 783 mitto

947 802 980 822 ex
996 795 1092 822 intimo
1109 798 1192 823 corde
1207 797 1370 832 suspirium,
1386 803 1413 826 et
1439 798 1576 835 lacrymal
1586 805 1741 829 atramento

947 842 1125 875 commisceo,
1146 843 1181 870 ob
1192 850 1223 870 ea
1237 851 1299 878 quae
1322 844 1356 871 de
1370 849 1397 871 te
1413 846 1517 880 accepi,
1537 845 1630 874 frater.
1656 847 1741 876 Aiunt

948 889 1021 916 enim
1044 894 1070 916 te
1081 895 1207 917 sanctum
1223 890 1357 924 abiecisse
1381 893 1509 920 monachi
1539 892 1674 925 habitum,
1701 899 1742 922 at-

915 941 936 969 Β
950 944 1003 970 que
1019 937 1089 965 inter
1108 937 1194 964 laicus
1209 937 1319 973 degere,
1342 942 1370 966 et
1394 947 1505 966 uxorem
1524 941 1740 968 circumducere.

949 983 972 1010 0
983 982 1088 1010 tristem
1098 984 1223 1011 nttntium
1239 985 1245 1011 !
1260 992 1275 1011 ο
1291 985 1426 1021 ingentem
1436 987 1620 1014 calamitatem
1633 989 1738 1015 meam!

949 1028 1038 1056 Tuum
1060 1030 1133 1057 enim
1159 1030 1231 1058 istud
1259 1031 1368 1063 scelus,
1397 1032 1451 1064 fili,
1488 1040 1578 1060 meum
1610 1038 1653 1061 est
1677 1042 1741 1069 pro-

948 1080 1008 1109 pter
1023 1081 1141 1111 paternae
1163 1079 1412 1107 commiscrationis
1422 1079 1560 1109 allectum.
1581 1080 1631 1108 Ubi
1643 1081 1741 1109 trientis

948 1123 1060 1151 lumen?
1078 1123 1122 1151 ubi
1146 1125 1202 1159 spei
1220 1126 1269 1153 aia:
1283 1126 1294 1153 ?
1309 1127 1353 1154 ubi
1368 1126 1413 1154 Dei
1431 1128 1530 1155 amor?
1543 1128 1589 1156 ubi
1604 1128 1664 1156 fidei
1686 1128 1742 1164 cly-

948 1170 1040 1204 peus?
1055 1170 1100 1197 ubi
1116 1178 1199 1206 sagax
1210 1173 1382 1200 consultandi
1393 1175 1455 1202 vis?
1470 1175 1514 1202 ubi
1531 1175 1647 1210 hujusce
1660 1183 1741 1203 mttu-

948 1219 975 1246 di
990 1217 1051 1253 fuga
1063 1218 1077 1247 ’ί
1100 1219 1145 1246 ubi
1162 1226 1331 1249 terrenarum
1344 1229 1436 1249 rerum
1453 1223 1569 1257 ahjectio
1580 1224 1593 1249 ?
1608 1224 1653 1251 ubi
1681 1231 1740 1251 mo-

949 1268 1062 1295 nastcrii
1077 1267 1263 1303 gubernatio?
1294 1268 1340 1295 ubi
1367 1273 1442 1303 gesta
1476 1277 1529 1296 non
1546 1269 1606 1297 sine
1633 1270 1741 1305 pietatis

948 1320 1032 1341 sensu
1051 1321 1116 1341 cura
1131 1314 1325 1349 hospitalitatis
1339 1315 1352 1342 ?
1371 1315 1416 1343 uhi
1432 1316 1603 1344 cmucbitica
1619 1317 1680 1344 vita:
1695 1317 1740 1345 di-

948 1359 1062 1395 sciplina
1077 1360 1090 1387 ?
1102 1360 1149 1387 ubi
1169 1359 1308 1388 confessio
1331 1360 1419 1388 luccm
1440 1362 1551 1396 pariens
1571 1361 1584 1388 ?
1601 1361 1646 1389 ubi
1663 1370 1742 1398 egre-

947 1407 998 1441 gia:
1013 1410 1066 1434 tuae
1078 1407 1225 1441 lacrymze?
1256 1408 1302 1434 ubi
1326 1407 1407 1442 plena
1432 1408 1592 1436 reverentia:
1614 1409 1742 1443 species?

949 1453 994 1481 ubi
1005 1461 1039 1481 ex
1055 1454 1139 1481 totius
1155 1454 1335 1482 fraternitatis
1351 1461 1423 1483 metu
1447 1456 1635 1483 testimonium
1650 1456 1662 1482 ?
1695 1456 1741 1483 ubi

947 1501 1080 1528 emissum
1097 1500 1130 1528 ad
1147 1508 1255 1528 sacrant
1272 1509 1347 1529 aram
1363 1503 1481 1529 votum?
1500 1503 1546 1530 ubi
1563 1503 1615 1530 sub
1634 1503 1688 1531 Deo
1703 1508 1743 1530 te.

949 1550 990 1574 ste
1006 1551 1033 1575 et
1051 1546 1156 1582 angelis
1174 1547 1250 1575 facta!
1263 1549 1485 1583 promissiones?
1507 1549 1552 1576 ubi
1572 1549 1679 1584 fulgens
1695 1549 1743 1577 ha-

949 1593 1024 1621 bitus
1039 1594 1191 1629 splendor?
1207 1595 1252 1622 ubi
1279 1595 1417 1630 splritales
1435 1603 1496 1630 quae
1522 1602 1613 1624 mente
1640 1596 1742 1623 intelli-

948 1644 1052 1675 guntur
1065 1640 1168 1675 nuptiae
1183 1641 1194 1668 ?
1208 1641 1254 1668 ubi
1271 1641 1380 1669 oblatus
1394 1646 1505 1677 propter
1522 1647 1548 1670 te
1565 1643 1659 1677 Agnus
1676 1643 1721 1670 Dei
1733 1645 1759 1669 1"

950 1689 995 1716 ubi
1011 1689 1126 1717 fratrum
1142 1697 1175 1717 ex
1205 1690 1344 1725 Evangelii
1373 1691 1533 1726 praescripto
1564 1691 1679 1719 laetitia?
1697 1692 1742 1719 ubi

949 1736 1140 1764 sanctissimus
1154 1738 1276 1763 omnium
1294 1737 1470 1771 complexus?
1485 1738 1530 1765 ubi
1557 1739 1590 1765 ad
1619 1739 1742 1766 divinum

949 1782 1033 1810 altare
1048 1790 1178 1811 accessus
1195 1783 1207 1810 ?
1234 1783 1278 1810 ubi
1293 1784 1417 1818 corporis
1430 1789 1457 1811 et
1472 1785 1614 1819 sanguinis
1639 1785 1742 1812 Christi

949 1829 1040 1857 divina
1058 1829 1220 1864 perceptio?
1236 1829 1281 1857 ubi
1298 1835 1354 1857 tuta
1373 1829 1473 1857 laetitia1
1488 1831 1569 1865 plena
1595 1835 1623 1858 et
1638 1831 1742 1866 angeli-

949 1883 981 1902 cn
998 1883 1046 1910 par
1063 1876 1162 1910 gaudio
1180 1875 1341 1903 caeremonia
1360 1876 1372 1903 ’ἶ
1399 1876 1445 1903 ubi
1470 1876 1581 1903 lucerna
1614 1876 1719 1911 fulgens
1734 1878 1744 1904 ?

950 1921 995 1948 ubi
1010 1921 1072 1949 vitis
1097 1929 1160 1948 vera
1181 1921 1192 1948 ?
1210 1921 1253 1948 ubi
1284 1921 1417 1957 frugifera
1441 1922 1577 1957 plantatio
1599 1921 1751 1957 Spiritus?

950 1967 996 1994 ubi
1013 1967 1084 1994 filius
1099 1975 1188 1999 meus,
1205 1968 1335 1995 miserum
1356 1976 1410 2000 me,
1422 1968 1470 2004 qui
1486 1969 1610 2003 quotidie
1626 1969 1744 2004 majores

949 2014 977 2041 in
995 2015 1098 2041 virtute
1112 2021 1274 2049 progressus
1303 2015 1432 2047 habebat,
1462 2015 1589 2050 idemque
1607 2016 1684 2044 visus
1703 2022 1745 2043 est

948 2059 1113 2088 fraternitati
1124 2060 1261 2094 perutilis,
1283 2060 1330 2088 Dei
1347 2061 1449 2096 proles,
1474 2061 1545 2088 lucis
1570 2061 1742 2094 administer,

948 2106 1027 2142 regni
1051 2106 1183 2134 caelorum
1213 2107 1291 2140 civis,
1328 2115 1375 2135 ras
1403 2107 1565 2136 electionis?
1600 2107 1743 2141 Quomodo

949 2160 1101 2181 conversus
1115 2158 1157 2180 est
1183 2158 1335 2180 retrorsum
1354 2153 1366 2180 ?
1389 2154 1530 2189 quomodo
1562 2154 1744 2182 recalcitravit

949 2199 1088 2228 dilectus?
1101 2200 1240 2235 quomodo
1258 2199 1379 2228 tenebris
1395 2201 1515 2235 obsitus,
1541 2201 1589 2237 qui
1610 2202 1671 2230 luce
1686 2202 1742 2238 ple-

949 2255 1001 2274 nus
1011 2247 1023 2274 ?
1033 2247 1172 2282 quomodo
1187 2247 1358 2274 castimoniae
1370 2254 1448 2275 arma
1475 2248 1590 2284 posuit?
1603 2248 1742 2283 quomodo

97 2292 265 2334 αττεσείσατο
282 2306 316 2333 τὰ
334 2306 385 2340 τῆς
402 2305 515 2339 ἁγνείας
530 2292 702 2337 οπλαςγπῶς
719 2292 827 2337 ἐγένετο
850 2304 896 2340 θή-

951 2294 1040 2321 factus
1059 2297 1102 2321 est
1116 2293 1216 2321 diaboli
1234 2293 1336 2328 praeda,
1351 2294 1386 2322 ab
1402 2294 1464 2329 ipso
1479 2299 1586 2330 captus,
1604 2295 1742 2329 ejusdem-

99 2362 177 2390 ραμα
187 2352 326 2385 διαϐόλου,
338 2352 533 2387 ἐζωγρημένος
546 2351 592 2378 ὑπ’
605 2351 689 2378 αὑτοῦ
699 2351 738 2383 εἰς
747 2351 779 2378 τὸ
790 2351 896 2378 ἐκείνου

98 2400 227 2435 Θέλημα,
243 2399 293 2425 καὶ
308 2398 388 2433 dups't;
409 2398 456 2424 τὸν
478 2397 563 2424 καλὸν
581 2397 710 2432 Νυμφίον
731 2397 778 2424 τὸν
793 2396 896 2432 Κύριον

97 2447 149 2483 τῆς
162 2445 254 2481 δόξης..
270 2444 317 2472 τὸν
330 2444 511 2479 ἐξουσιασιτὴν
525 2443 581 2470 τῶν
596 2443 745 2476 ἁπάντων;
761 2443 794 2469 Ὢ
807 2442 850 2475 τίς
864 2443 895 2470 οὐ

98 2489 228 2521 στενάξει
244 2490 276 2515 ἐκ
301 2488 417 2523 βάθουςς
434 2488 476 2520 τίς
491 2488 541 2514 οὐκ
557 2488 681 2523 ἐλεήσειε
695 2487 742 2514 τὸν
757 2488 897 2523 ἐξηπατη-

101 2535 205 2570 μένονς
219 2534 342 2569 Οὐρανὲ,
360 2533 474 2568 ἐκστηοι
494 2533 541 2560 ἐπὶ
560 2532 665 2568 τούτῳ·
678 2532 727 2567 γῆ,
752 2532 851 2568 βόησον
863 2533 894 2559 τὸ

97 2579 199 2611 πάθος.
221 2578 254 2605 Τί
271 2579 395 2613 γέγονεν,
419 2578 535 2613 ἀδελφέ;
557 2579 608 2605 οὐκ
630 2577 746 2614 ᾐδέσθης
767 2578 818 2605 κᾶν
831 2578 894 2610 τοὺς

97 2628 223 2664 ὁρῶντας
234 2636 242 2660 ;
254 2628 304 2654 οὐκ
315 2626 486 2663 ἠρυθρίασας
499 2627 546 2654 ἀπ’
562 2625 645 2653 αὑτοῦ
660 2625 707 2652 τοῦ
723 2625 825 2660 ἀέρος;
841 2624 892 2651 οὐκ

98 2673 284 2709 ἐδυσχέρανας
298 2673 348 2708 τὴν
359 2673 493 2700 δυσωδίαν
507 2672 557 2708 τῆς
574 2671 790 2707 παγκαταράτου
805 2671 894 2705 ἁμαρ-

98 2721 182 2753 τίαςς
203 2719 276 2754 ἔχεις
293 2719 373 2751 νοῦν;
393 2718 445 2754 ζῇς
460 2718 531 2754 ipa;
558 2717 652 2753 ἀθρεῖς
672 2717 765 2752 ἦλιον;
784 2716 893 2751 βλέπεις

101 2767 240 2802 σελήνην;
258 2765 324 2799 ὁρᾷς
338 2763 476 2799 ἁστέρας;
494 2764 544 2790 οὐκ
558 2763 644 2795 ἐστιν,
659 2763 710 2790 οὐκ
725 2763 797 2788 ἔστιν
809 2761 897 2788 εἰπεῖν

98 2812 162 2838 ὅσον
183 2811 215 2836 τὸ
230 2810 399 2845 ἁμάρτημα,
416 2809 479 2840 ὅσος
501 2809 516 2834 ὸ
533 2809 646 2840 σκότος,
671 2808 721 2843 ὅση
744 2808 761 2843 ή
786 2805 894 2839 ἀλογία.

100 2858 156 2884 Καὶ
171 2855 227 2882 ιῐθε
239 2855 321 2890 μέχρι
332 2857 438 2882 τούτων
455 2855 470 2881 6
479 2854 558 2889 λόγος
568 2861 576 2869 ⁸
593 2851 714 2889 εἶχε,γὰρ
725 2853 758 2880 ἂν
767 2853 784 2888 ἡ
801 2851 894 2879 ἀθλιό-

101 2911 152 2938 της
167 2901 352 2937 συμμετρίαν.
372 2901 444 2929 Ἀλλ’
454 2901 493 2928 ὅτι
509 2902 606 2936 κρῖμα,
620 2899 728 2934 “Elge,
743 2898 895 2935 ἀπαραίτη-

945 2348 1000 2375 que
1013 2339 1147 2367 voluntati
1163 2340 1346 2375 mancipatus,
1363 2340 1490 2368 abdicato
1507 2341 1616 2376 egregio
1634 2340 1743 2376 Sponsa

946 2386 1064 2414 Domino
1081 2386 1185 2423 gloriae,
1200 2394 1282 2420 penes
1291 2394 1373 2422 quem
1386 2395 1478 2414 rerum
1503 2388 1628 2415 omnium
1655 2389 1742 2424 impc-

945 2433 1016 2460 rium
1031 2438 1071 2460 est
1085 2433 1097 2460 ?
1111 2432 1179 2466 Quis
1188 2441 1241 2461 non
1255 2441 1318 2460 cum
1333 2433 1433 2461 intimo
1460 2441 1543 2462 sensu
1573 2434 1677 2462 doloris
1700 2435 1743 2462 in—

946 2480 1093 2517 gemiscat?
1111 2481 1173 2515 quis
1194 2480 1319 2508 delusum
1339 2488 1394 2508 non
1419 2481 1660 2509 commiseratione
1677 2489 1743 2517 pro-

948 2525 1100 2561 sequatur?
1114 2524 1294 2560 Obstnpesce,
1317 2525 1429 2556 coelum,
1449 2532 1533 2559 super
1553 2525 1606 2553 hoc
1623 2534 1630 2552 :
1648 2530 1719 2553 terra
1735 2547 1741 2556 .

948 2571 1134 2598 calamitatem
1167 2571 1294 2598 inclama.
1314 2569 1386 2604 Quid
1419 2570 1522 2597 factum
1550 2575 1604 2604 est,
1636 2571 1744 2599 frater?

947 2616 1007 2644 Non
1025 2617 1129 2644 veritus
1143 2625 1173 2644 es
1191 2617 1287 2645 saltem
1319 2617 1476 2644 intuentes?
1493 2624 1547 2643 non
1565 2617 1637 2645 hunc
1653 2618 1743 2653 ipsum

945 2671 1035 2690 aerem
1045 2663 1202 2690 erubuisti?
1221 2672 1275 2692 non
1287 2664 1371 2692 tulisti
1388 2664 1506 2699 graviter
1521 2664 1672 2693 detestandi
1685 2672 1744 2692 sce-

947 2710 1012 2738 leris
1036 2709 1175 2738 felorem?
1189 2709 1267 2738 Tunc
1280 2711 1379 2739 mentis
1390 2719 1503 2746 compos
1515 2711 1526 2738 ?
1541 2711 1666 2739 vivisne?
1677 2720 1742 2738 num

947 2756 1033 2783 solem
1048 2755 1188 2783 intueris?
1203 2763 1236 2782 an
1253 2756 1346 2783 lunam
1362 2757 1475 2784 cernis?
1491 2765 1526 2785 an
1555 2758 1646 2786 sidera
1666 2758 1742 2792 aspi-

947 2801 1009 2830 cis?
1024 2800 1083 2829 Dici
1109 2801 1232 2834 omnino,
1257 2802 1310 2830 dici
1327 2810 1380 2831 non
1400 2808 1499 2838 potest,
1516 2809 1649 2839 quantum
1668 2803 1742 2831 istud

949 2848 1093 2884 ﬂagitium,
1106 2853 1214 2883 quant-te
1230 2849 1359 2882 tenebrae.
1380 2856 1482 2885 quanta
1497 2852 1617 2879 amentia
1630 2851 1674 2878 sit.
1695 2851 1744 2878 At-

948 2902 1002 2930 que
1014 2895 1118 2923 utinam
1135 2895 1188 2922 huc
1220 2903 1305 2930 usque
1332 2900 1437 2924 tantum
1471 2898 1597 2932 progredi
1631 2897 1743 2925 thhcrct
