1912 3080
170 129 241 163 1335

773 129 804 159 S.
823 126 1020 158 THEODORI
1037 127 1214 159 STUDITE

1741 127 1811 160 1336

168 179 277 213 ιιι-λιιίοἰ
294 181 406 210 haberet
422 181 495 209 eni
513 182 660 210 calamitas
675 181 799 209 modum.
815 180 869 209 Sed
895 179 968 216 judi-

1046 190 1076 214 IV,
1103 181 1159 218 πῦρ
1183 181 1312 215 αἰώνιον,
1333 181 1430 214 σκότος
1445 180 1578 218 ἐξώτερον
1599 181 1648 209 καὶ
1667 182 1812 218 ἀλαμπὲς-

168 239 253 263 cium.
270 230 365 262 frater,
380 228 562 261 inexorabile,
581 228 652 264 ignis
675 228 870 264 sempiternus,
889 231 967 254 tene-

169 278 226 305 brae
241 276 392 304 exteriores
407 283 439 303 ac
456 275 614 308 teterrimae,
630 275 733 303 stridor
746 274 871 302 dentium
887 295 895 307 ,
912 281 967 301 caa-

171 329 227 350 tera
248 321 396 357 supplicia,
411 321 513 357 quibus
541 320 658 356 improbi
676 320 840 353 multantur,
867 323 895 346 et
924 319 970 346 illa

172 371 284 406 quidem
309 369 488 397 interminata
519 368 740 404 inperpetuum.
764 366 868 395 Omitto
885 367 972 394 bono-

173 424 232 444 rum
248 417 396 450 jacturam,
410 423 493 450 quam
511 415 569 450 ipse
584 414 634 441 tibi
650 413 833 442 accersivisti.
846 413 913 446 Quae
926 412 972 439 illa

172 470 256 497 porro
271 462 283 488 ’ί
297 460 367 489 Cum
383 459 439 488 Deo
453 468 524 492 esse,
542 459 674 495 gaudium
691 458 895 493 inexplicabile,
918 457 973 484 vita

173 506 455 537 nntnortalieretitia
485 507 665 541 sempiterna,
697 505 819 540 paradisi
838 503 943 531 deliciae
959 521 968 534 ,

172 559 276 581 sanctae
289 552 435 581 Trinitatis
452 552 595 588 splendor,
611 551 715 586 qurevis
733 550 798 583 alia,
819 555 845 577 et
859 557 920 585 qua:
931 549 975 576 di-

173 601 245 627 citur
257 604 284 627 et
299 607 360 635 qua:
394 598 556 633 intelligitur
580 597 712 625 felicitas:
739 596 798 624 Huc
814 597 888 629 ades,
906 595 971 627 huc,

174 648 288 682 inquam
300 667 308 678 ,
330 646 366 673 lili
385 655 392 673 :
409 646 602 680 expergiscere
615 665 623 676 ,
641 648 794 676 revertere,
818 649 950 670 renovare
967 650 974 669 :

174 697 274 720 excute
289 692 390 726 injecta
409 691 457 717 ιίιιὶ
472 691 507 717 ab
520 690 600 717 hoste
614 689 721 716 vincula
732 688 835 724 peccati
850 697 856 715 ε
874 688 907 715 ab
921 687 977 715 Eva

175 738 322 766 divellere:
335 738 369 764 ad
382 738 572 764 immemorem
586 736 751 770 iniuriarum
772 734 978 770 plenissimum-

176 790 230 818 que
247 781 427 809 humanitatis
454 780 549 808 Iesum
582 780 693 808 accede.
711 779 751 807 Ex
781 781 897 807 adverso
919 779 977 806 cla-

177 834 250 856 mat:
268 827 368 860 Vem‘lc,
385 835 472 854 omnes
489 827 534 862 qui
555 827 684 853 laboratis
697 830 722 854 et
738 826 841 853 onerati
870 826 934 852 estis
955 825 978 842 '°

1020 228 1143 265 βρυγμὸς
1157 228 1284 260 ὀδόντων.
1307 228 1419 255 ἅπαντα
1442 228 1477 255 τά
1495 227 1565 254 ἄλλα
1584 229 1767 265 κολαστήρια,
1785 230 1816 257 ἐν

1020 273 1060 307 οἷς
1076 276 1094 310 ή
1113 274 1226 311 εὐθύνη,
1243 275 1291 302 καὶ
1311 274 1382 310 αὕτη
1397 275 1552 311 ἀπέραντος
1565 276 1606 307 εις
1627 275 1741 308 αιῶνας.
1759 276 1818 303 Καὶ

1021 322 1097 350 olim
1108 322 1182 357 λέγω
1196 322 1251 350 τῶν
1270 322 1381 357 ἀγαθῶν
1401 321 1450 358 τὴν
1469 323 1643 355 ἀπόπτωσιν,
1660 323 1695 358 ἢν
1708 322 1818 358 σεαυτῷ

1023 369 1219 405 προεεένησας.
1234 369 1281 401 Τις
1295 368 1386 404 aiam;
1406 369 1477 404 μετὰ
1491 369 1560 396 Θεοῦ
1579 369 1709 404 γενέσθαι
1721 390 1728 401 ,
1743 369 1820 405 χαρὰ

1024 415 1218 451 ἀνεκλάλητος.
1249 414 1307 451 ζωὴ
1331 416 1481 450 ἀκήρατος,
1507 415 1662 451 εὐφροσύνη
1687 415 1818 448 αἰώνιος,

1024 462 1114 497 τρυφὴ
1123 461 1301 497 παραδείσου,
1311 461 1450 498 τῆςάγίας
1461 462 1482 488 Τ
1486 461 1577 497 ριάδος
1583 462 1731 497 ἐλλαμψις,
1741 463 1819 490 πᾶσα

1025 507 1093 541 ἄλλη
1109 508 1155 535 καὶ
1167 508 1302 544 λεγομένη
1320 509 1368 535 καὶ
1381 508 1513 544 νοουμένη
1530 508 1711 544 μακαριότης.
1733 507 1822 545 Δεῦρο

1026 554 1058 589 δὴ
1072 553 1135 587 οὖν,
1150 553 1242 590 δεῦρο,
1256 553 1363 586 τέκνον,
1386 554 1535 590 ἀνάνηψον,
1555 554 1738 590 ἀνακλήθητι,
1753 556 1821 582 ἀνα-

1027 597 1194 632 καινίσθητι,
1208 597 1287 633 ρίψον
1296 597 1331 625 τὰ
1341 598 1538 634 συμπλακέντα
1556 608 1598 626 σοι
1605 599 1658 626 ὑπὸ
1664 599 1711 627 τοῦ
1720 600 1823 636 ἐχθροῦ

1029 643 1137 678 σχοινία
1151 644 1202 679 τῆς
1215 644 1364 679 ἁμαρτίας·
1381 644 1548 680 διατμήθητι
1560 646 1609 681 τῆς
1629 644 1702 677 Εὔας
1712 654 1720 661 ·
1735 646 1824 681 πρόσ-

1028 689 1091 716 ελθε
1113 690 1152 725 τῷ
1166 691 1351 726 ἀμνησικάκῳ
1372 691 1421 718 καὶ
1437 691 1692 728 φιλανθρωποτάτῳ
1719 693 1824 727 Ἰησοῦ.

1031 736 1179 772 Ἀντικρυς
1204 737 1264 773 βοᾷ·
1283 737 1373 765 Δεῦτε
1394 737 1507 771 πάντες
1530 739 1558 765 οι
1583 738 1748 772 κοπιῶντες
1772 739 1826 766 καὶ

1030 784 1263 817 πεφορτισμένοι
1278 785 1341 816 ταῖς
1357 784 1517 821 ἀμαρτίαις.
1539 785 1674 821 ’Υπαντᾷ,
1691 786 1827 821 περιπλέ-

1031 837 1119 860 κεται.
1131 829 1320 862 είσοικίζεται.
1332 818 1383 858 οὐκ
1395 831 1508 866 ἐγκαλεῖ
1519 841 1552 858 πε
1557 832 1584 867 pi.
1596 831 1652 859 τῶν
1666 832 1824 868 προτέρων·

178 867 308 910 peccatis.
325 874 440 901 Obviam
458 873 582 908 procedit
611 873 680 908 ipse,
696 872 752 899 ruit
768 872 794 899 in
812 872 972 907 amplexum

1046 877 1093 909 ὶγει
1109 877 1156 903 καὶ
1172 876 1253 903 πάλιν
1268 877 1377 912 ἑορτὴν,
1395 877 1477 910 σώζει
1493 878 1539 904 τὸν
1555 879 1757 907 ἀσωτευθέντα.
1770 879 1827 906 Ναὶ

177 922 291 948 domum
309 921 424 953 inducit,
443 927 495 947 nec
523 920 615 954 priora
656 918 812 952 exprobrat,
841 918 913 946 diem
939 917 978 945 fe«

179 973 252 996 stum
264 975 377 994 rursum
396 966 462 1001 agit,
490 966 636 1001 prodigum
667 970 769 993 servat.
802 963 902 999 Utique
928 971 979 991 oro

180 1019 217 1046 te,
233 1013 366 1047 lili,audi.
382 1013 542 1044 exardesce,
562 1012 662 1040 vulnus
673 1012 744 1038 infer
757 1011 783 1039 ei
805 1011 853 1046 qui
870 1010 917 1038 tibi
935 1010 978 1038 in-

179 1059 253 1088 tulit.
274 1059 340 1087 Veni
355 1060 456 1095 itaque.
486 1058 549 1086 veni
574 1057 721 1086 confestim
739 1059 772 1085 ad
789 1065 838 1086 nos
853 1062 981 1092 peccato-

179 1113 236 1133 res.
253 1104 310 1141 Ego
339 1105 460 1132 animant
482 1111 572 1131 meam
590 1111 663 1139 pono
675 1111 725 1138 pro
737 1107 782 1131 te:
806 1111 856 1139 ego
872 1111 922 1138 pro
934 1111 981 1131 sa-

182 1152 239 1179 lute
255 1156 304 1179 tua
317 1159 437 1187 sponsor
457 1159 464 1178 :
481 1159 532 1186 ego
549 1155 575 1178 te
587 1150 697 1178 lenibus
713 1149 920 1178 medicamentis
934 1157 981 1177 sa-

182 1198 254 1225 tiabo
271 1207 278 1224 ε
294 1205 346 1232 ego
359 1197 444 1224 miser
461 1205 524 1224 cum
542 1197 597 1224 Dco
608 1197 748 1224 amantius
766 1201 792 1225 te
807 1203 891 1231 quam
906 1195 973 1223 olim

183 1245 344 1280 amplectar.
363 1244 487 1272 Tantum
500 1244 597 1272 advola
609 1264 617 1278 ,
630 1248 737 1272 tantum
757 1251 792 1271 ne
809 1248 914 1278 perstes
929 1242 981 1271 ad-

183 1293 239 1319 huc
258 1301 265 1319 :
285 1292 334 1320 sed
351 1291 435 1319 Evam
466 1291 578 1326 quidem
601 1292 724 1325 dimitte,
748 1299 814 1320 suos
829 1297 859 1319 ut
883 1291 984 1319 habeat

183 1339 237 1367 sibi
254 1339 347 1367 ludos.
366 1337 394 1366 Si
423 1343 514 1366 autem
531 1338 590 1366 voci
615 1338 716 1366 divinat
741 1338 925 1373 obtemperat,
954 1338 982 1365 in

184 1385 386 1412 monasterium
408 1385 488 1412 trude
505 1393 512 1412 :
537 1384 656 1420 teipsum
675 1391 740 1411 vero
760 1384 815 1411 Deo
839 1383 984 1410 exhibebis

185 1436 214 1458 rt
239 1430 328 1458 nobis.
346 1431 474 1458 olm-sior
489 1431 573 1465 igitur
585 1438 678 1458 coram
696 1429 752 1458 Deo
770 1435 798 1458 et
820 1430 915 1458 electis
933 1438 985 1458 an-

186 1475 265 1511 gelis,
284 1480 314 1503 ut
329 1475 386 1503 haec
405 1475 520 1502 audiens
533 1482 624 1502 mores
645 1480 749 1507 mutes,
769 1479 796 1502 et
819 1474 854 1501 ad
870 1481 922 1501 nos
937 1481 985 1501 ac-

186 1523 300 1553 celeres.
317 1527 465 1557 antequam
479 1521 542 1549 ﬂuis
554 1521 693 1553 adveniat,
709 1525 860 1556 antequam
888 1524 984 1548 contra

189 1575 215 1596 te
231 1569 318 1597 venia:
329 1569 403 1595 fores
417 1568 546 1595 occludet
561 1567 733 1595 inexorabile
741 1573 915 1602 responsum.

331 1624 475 1653 LXXXIX.
490 1639 526 1645 —-
541 1624 686 1660 Theophila
704 1624 861 1660 prwpost'to.

1029 922 1126 955 δέομαί
1142 931 1207 955 σου,
1228 924 1336 955 τέκνον,
1353 923 1482 956 ἄκουσον,
1497 924 1762 960 ἐξάφθητι,τρῶσον
1779 926 1828 952 τδν

1029 968 1175 1003 τρώσαντα
1195 978 1236 997 σε.
1254 966 1325 996 Ἦκε
1348 968 1408 1002 οὖν,
1426 969 1478 1008 ἧκε
1495 971 1573 1006 τάχει
1588 971 1657 1006 πρὸς
1672 972 1748 1006 ἡμᾶς
1760 973 1828 1005 τοὺς

1029 1015 1223 1051 ἁμαρτωλούς.
1247 1016 1318 1051 Ἐγὼ
1335 1017 1385 1054 τὴν
1399 1018 1490 1054 ψυχήν
1506 1027 1557 1053 μου
1572 1017 1669 1052 τίθημι
1681 1018 1752 1054 ὑπὲρ
1766 1017 1826 1045 σοῦ·

1031 1061 1087 1094 ἐγὼ
1102 1062 1240 1097 ἐγγυητὴς
1256 1062 1308 1097 τῆς
1326 1063 1464 1098 σωτηρίας
1482 1071 1544 1090 σου·
1562 1063 1618 1098 ἐγώ
1635 1072 1665 1090 σε
1689 1064 1828 1099 ίατρεύσω

1033 1107 1147 1138 ἁπαλοῖς
1162 1108 1328 1143 φαρμάκοις-
1342 1108 1398 1142 ἐγὼ
1413 1109 1461 1136 σὺν
1473 1108 1533 1144 Θεῷ
1543 1109 1558 1135 ὁ
1568 1109 1652 1141 τάλας
1663 1109 1828 1144 ἁσπάσομαί

1034 1161 1063 1179 σε
1079 1153 1150 1189 ὑπὲρ
1163 1153 1193 1180 τὸ
1210 1155 1355 1191 πρότερον.
1370 1155 1461 1182 Μόνον
1479 1155 1643 1191 πρόσδραμε
1656 1176 1663 1186 ,
1688 1156 1770 1191 μόνον
1789 1156 1830 1193 μὴ

1034 1199 1099 1233 στῇς
1111 1198 1162 1229 ἔτι,
1174 1199 1242 1226 ἀλλὰ
1253 1199 1302 1234 τὴν
1319 1199 1369 1234 μὲν
1381 1197 1453 1227 Εὕαν
1464 1200 1532 1235 ἄφες
1544 1201 1583 1232 εἰς
1595 1200 1696 1236 ἑαυτὴν
1707 1200 1818 1233 παίζειν

1034 1243 1065 1270 Et
1087 1244 1110 1270 δ’
1127 1243 1175 1270 οὖν
1194 1245 1290 1272 ἀκούει
1311 1244 1402 1279 θείως,
1420 1245 1538 1281 ἔμϐαλον
1552 1247 1591 1278 εἰς
1608 1248 1745 1281 σεμνεῖον·
1761 1255 1831 1274 σαυ-

1033 1291 1080 1317 τὸν
1100 1290 1128 1317 δέ
1143 1291 1273 1326 παρέξεις
1291 1291 1328 1326 τῷ
1350 1292 1410 1327 Θεῴ
1435 1293 1483 1320 καὶ
1503 1294 1580 1328 ἡμῖν.
1598 1293 1831 1329 Διαμαρτύρομαι

1034 1336 1082 1363 οὖν
1102 1336 1221 1364 ἐνώπιον
1234 1337 1281 1364 τοῦ
1297 1337 1365 1364 Θεοῦ
1382 1338 1430 1364 καὶ
1454 1338 1508 1365 τῶν
1532 1339 1669 1366 ἐκλεκτῶν
1685 1339 1831 1373 ἀγγέλων,

1037 1382 1080 1409 ἵνα
1107 1382 1210 1409 τούτων
1234 1383 1354 1416 ἀκούων,
1374 1384 1494 1422 ἀλλάξῃς
1519 1386 1627 1417 ἐαυτὸν,
1654 1386 1833 1420 κατεπείγων

1036 1430 1105 1465 πρὸς
1118 1431 1194 1466 qua;
1206 1430 1272 1466 πρὶν
1283 1431 1300 1466 ἢ
1313 1430 1410 1466 φθάσει
1421 1431 1451 1458 τὸ
1462 1431 1548 1464 τέλος·
1561 1433 1626 1468 πρὶν
1640 1432 1657 1469 ἥ
1669 1433 1833 1460 ἀποκλείσει

1036 1478 1107 1504 κατὰ
1122 1476 1169 1504 σοῦ
1185 1479 1202 1514 ή
1218 1477 1407 1514 ἀπαραίτητος
1419 1477 1568 1513 ἀπόφασις.

1160 1625 1223 1652 ΠΘ’.
1235 1640 1272 1646 -
1284 1625 1417 1665 Θεοφίλῳ
1430 1625 1593 1661 ἡγουμένῳ.
1609 1625 1704 1663 [φοθζῖ

249 1683 364 1715 Increpat
376 1684 442 1716 quod
452 1684 640 1716 persecutionis
652 1686 766 1714 tempore
779 1688 834 1707 cum
848 1680 1018 1706 Iconomachis
1027 1682 1244 1709 communicasset.
1256 1683 1376 1708 Herutur
1391 1685 1420 1707 ut
1429 1682 1525 1714 culpam
1537 1682 1684 1714 poenitentia
1705 1683 1784 1708 cluat.

228 1738 288 1766 Non
307 1745 396 1773 pauca
410 1738 444 1765 ad
457 1745 502 1765 me
525 1737 614 1764 delata
632 1741 699 1764 sunt
714 1737 748 1763 de
763 1740 809 1763 tua
823 1736 989 1768 reverentia,

191 1786 227 1814 ob
243 1793 304 1821 qua:
322 1792 376 1811 non
395 1784 526 1811 mediocri
557 1790 632 1810 eram
666 1782 761 1810 dolore
778 1782 893 1810 allectus
911 1791 918 1810 :
943 1782 991 1809 sed

193 1835 252 1860 haec
260 1831 394 1859 discnssit
409 1829 566 1857 veneranda
581 1833 627 1855 tua
638 1827 764 1863 epistola.
773 1827 892 1855 Admisit
905 1827 989 1860 enim,

192 1878 281 1906 audeo
309 1877 417 1909 dicere,
444 1875 634 1912 ptenitentiant
667 1877 744 1901 tuam
775 1873 929 1906 Dominus,
958 1881 992 1901 ac

193 1922 413 1952 satisfactionem
429 1929 480 1957 pro
494 1921 655 1949 reversione
670 1920 697 1948 in
712 1920 910 1948 monasterium
927 1929 934 1947 ε
951 1924 992 1947 et-

193 1970 216 1996 si
245 1973 312 1997 tunc
322 1968 400 2004 justa
428 1975 484 1995 non
517 1966 581 2000 fuit,
598 1974 660 1994 cum
681 1967 897 2002 persecutionem
911 1965 992 1994 Chri-

194 2023 253 2044 stus
267 2019 418 2051 pateretur.
444 2014 523 2042 Nunc
534 2021 600 2041 vero
617 2020 680 2041 cum
695 2013 850 2048 persecutio
861 2013 988 2044 cessavit,

194 2062 364 2099 qnidl‘ugam
387 2061 540 2094 tneditaris,
568 2068 601 2088 ac
618 2068 672 2088 non
709 2065 848 2088 certamen
876 2060 992 2095 potius?

198 2109 238 2136 Ea:
251 2117 292 2137 me
304 2129 312 2142 ,
330 2108 438 2144 inquit,
454 2107 576 2135 videbitis
588 2128 596 2141 ,
614 2111 693 2142 atque
718 2107 757 2133 ila
782 2107 863 2142 facite
878 2107 912 2135 ⁹¹.
933 2106 992 2134 Hoc

197 2162 223 2184 te
242 2155 362 2191 oportuit
380 2154 522 2190 discipulis
547 2153 658 2186 dicere,
683 2160 746 2180 cum
777 2153 992 2181 sollicitarentur

196 2203 309 2230 domum
326 2206 355 2229 ut
375 2201 506 2234 redirent,
522 2207 578 2227 non
595 2200 794 2235 obtemperare.
811 2204 838 2227 ct
862 2207 992 2226 succum-

198 2248 280 2276 beudi
292 2247 448 2282 exemplum
462 2246 518 2274 fieri
532 2255 539 2273 :
557 2251 585 2274 et
601 2246 660 2274 haec
679 2246 789 2281 quidem
805 2251 864 2280 post
874 2245 990 2280 lapsum.

198 2295 238 2322 An
257 2293 348 2322 nescis
369 2293 504 2328 abnegato
521 2292 633 2320 Christo
650 2292 735 2320 fuisse
757 2292 806 2319 tibi
819 2292 992 2319 communio-

198 2348 260 2368 nctn
276 2347 338 2367 cum
354 2339 389 2367 iis
398 2339 445 2374 qui
462 2339 546 2375 impio
562 2346 655 2367 errore
677 2338 787 2367 abducti
800 2337 993 2366 suntlDeinde

197 2392 342 2421 postquam
373 2372 563 2421 paenitentiam
599 2384 707 2413 subiisti
723 2393 772 2420 per
804 2384 990 2412 secessionem
1008 2372 1030 2400 θ

197 2433 262 2467 (hoc
277 2431 352 2460 enim
378 2431 548 2466 paenitentia!
573 2435 658 2467 caput
673 2431 734 2463 fuit,
757 2431 817 2459 sine
849 2438 905 2466 quo
917 2431 992 2458 nulla

197 2479 299 2507 delicto
313 2480 393 2508 venia
412 2478 504 2514 foret),
529 2479 595 2515 quid
613 2486 724 2507 rursum
739 2479 773 2506 ad
796 2478 893 2506 vitium
909 2477 992 2505 deﬂe-

198 2527 282 2554 xistil
295 2525 420 2562 Ignosce,
434 2525 514 2554 Pater
534 2535 541 2554 :
560 2533 623 2554 cum
646 2526 794 2554 tradideris
814 2525 930 2561 teipsum
948 2525 992 2552 ul-

200 2579 243 2601 tro
257 2574 406 2602 humilitati
427 2581 505 2605 mete,
523 2580 610 2608 cogor
630 2577 761 2608 tanquam
779 2580 811 2600 ex
826 2571 935 2600 Domini
947 2579 994 2599 ore

199 2619 248 2647 tibi
263 2620 454 2648 convenientia
470 2619 555 2655 loqui.
583 2619 655 2652 Quin
685 2619 839 2650 universos.
864 2622 895 2646 ut
918 2617 996 2645 simi-

202 2666 261 2693 liter
275 2666 445 2694 vexationem
474 2670 565 2693 tecum
594 2665 754 2697 tolerarent,
773 2663 969 2692 commonuisti
986 2664 997 2691 ?

201 2717 248 2740 aut
258 2711 281 2739 si
300 2712 411 2744 nollent,
429 2709 496 2747 quin
508 2710 650 2744 dimisisti,
667 2716 698 2738 ut
714 2719 811 2739 osores
830 2710 945 2743 Christi,
967 2713 997 2737 ut

202 2758 293 2785 rarnis
322 2762 472 2788 amatores,
491 2761 522 2784 ut
540 2756 769 2790 inobsequentes,
787 2763 842 2782 non
856 2760 948 2782 autem
964 2754 997 2781 li-

203 2804 277 2831 lius?
303 2803 373 2836 Quin
388 2804 430 2831 vel
456 2803 590 2830 minorem
609 2802 722 2829 effecisti
755 2802 874 2834 cladem,
890 2807 916 2829 et
927 2800 993 2828 sul)-

251 2873 272 2888 "
292 2871 385 2899 Matth.
407 2879 446 2904 xI,
468 2872 514 2903 28.
553 2870 680 2899 ".‘udic.
706 2872 755 2904 vn,
776 2871 820 2898 Π.

1078 1737 1135 1764 Οὐκ
1149 1737 1227 1771 ὀλίγα
1241 1737 1278 1764 τὰ
1288 1736 1456 1764 ἀκουσθέντα
1471 1745 1516 1771 μοι
1533 1737 1660 1772 περὶτῆς
1671 1738 1835 1774 τιμιότητός

1043 1791 1102 1814 σου,
1119 1783 1136 1810 ἃ
1151 1784 1199 1810 καὶ
1211 1783 1306 1810 ἐλύπει
1318 1791 1351 1818 με
1365 1783 1397 1809 οὐ
1412 1782 1541 1817 μετρίως·
1553 1782 1631 1817 ὅμως
1640 1785 1681 1810 ὅτι
1693 1785 1836 1812 ἀπεσκευ-

1042 1829 1167 1864 άσθησαν
1180 1829 1225 1856 διὰ
1242 1829 1291 1855 τοῦ
1304 1828 1397 1864 τιμίου
1410 1836 1457 1855 σου
1476 1829 1653 1864 γράμματος.
1665 1829 1720 1856 Καί
1739 1838 1772 1864 γε
1791 1830 1837 1858 δι-

1041 1875 1135 1902 δτκταί
1149 1883 1208 1907 σου,
1227 1874 1320 1910 τολμῶ
1335 1874 1435 1909 λέγειν,
1452 1875 1467 1902 ὁ
1485 1874 1587 1910 Κύριος
1602 1875 1652 1910 τὴν
1675 1877 1836 1911 μετάνοιαν,

1042 1922 1089 1948 καὶ
1099 1921 1149 1957 τήν
1161 1921 1311 1955 ἀπολογίαν
1320 1922 1368 1956 τῆς
1379 1922 1408 1948 ἐν
1416 1921 1456 1955 τῷ
1466 1922 1642 1957 μοναστηρίῳ
1651 1922 1839 1958 meumst-pe-

1042 1968 1106 2004 φῆς”
1128 1969 1153 1994 εί
1168 1969 1216 1994 καὶ
1238 1967 1289 1994 οὐκ
1303 1968 1400 1994 ἀστεία
1416 1967 1568 2003 τηνικαῦτα
1587 1965 1632 2003 ἦν,
1653 1969 1698 1995 ὅτε
1715 1969 1837 2005 Χριστὸς

1041 2013 1180 2041 ἐδιώκετο.
1200 2014 1280 2048 ’Ἄρτι
1300 2013 1329 2040 δὲ
1349 2013 1420 2040 ἐπὰν
1442 2012 1584 2048 ἐλώφησεν
1606 2014 1621 2040 ό
1639 2014 1772 2050 διωγμὸς,
1791 2015 1838 2047 τίς

1041 2061 1122 2096 λόγος
1138 2060 1322 2096 ὑποστροφῆς,
1338 2060 1387 2087 καὶ
1397 2060 1459 2096 οὐχὶ
1477 2060 1579 2095 μᾶλλον
1593 2060 1754 2096 ἀθλήσεωςς
1775 2061 1836 2089 ‘Az'

1041 2107 1126 2143 ἐμοῦ,
1142 2109 1234 2143 φησιν,
1249 2108 1373 2142 ὄψεσθε,
1390 2107 1441 2135 καί
1461 2107 1557 2141 οὕτως
1573 2107 1733 2141 ποιήσατε.
1749 2108 1838 2136 Τοῦτό

1042 2163 1073 2181 σε
1097 2154 1151 2181 ἔδει
1172 2153 1342 2189 φθέγξασθαι
1369 2155 1426 2186 τοῖς
1452 2155 1594 2189 φοιτηταῖς
1621 2155 1838 2191 ἐπικαλουμένοις

1041 2202 1112 2228 οἴκοι
1133 2201 1338 2236 ἐπαναδραμεῐν
1350 2209 1356 2215 ·
1372 2200 1424 2236 οὐχ
1448 2200 1623 2233 ὑπακοῦσαι,
1641 2200 1690 2227 καὶ
1708 2201 1838 2236 γενέσθαι

1043 2247 1219 2275 ὑποτύπωσιν
1236 2246 1333 2281 ἥττης·
1355 2245 1402 2273 καὶ
1416 2245 1503 2273 ταῦτα
1521 2246 1591 2282 μετά
1605 2245 1655 2281 τὴν
1674 2247 1799 2274 πτῶσιν·
1819 2248 1838 2284 ἢ

1042 2295 1094 2322 οὐκ
1110 2292 1191 2321 οἶσθα
1208 2294 1250 2321 ὅτι
1267 2293 1311 2320 ἐπ’
1336 2293 1459 2329 ἀρνήσει
1472 2291 1593 2328 Χριστοῦ
1611 2290 1646 2328 ἦν
1667 2294 1684 2329 ἡ
1708 2294 1841 2321 κοινωνία

1045 2339 1086 2366 σοι
1103 2347 1133 2366 τε
1152 2339 1271 2370 καὶτοῖς
1287 2338 1501 2373 συναπαχθεϊσιν
1520 2337 1629 2370 ἀθέωςς
1648 2335 1718 2365 Εῐτα
1742 2338 1840 2376 ἐπειδὴ

1044 2386 1116 2413 εἵλου
1131 2385 1275 2421 μετάνοιαν
1285 2383 1332 2411 διὰ
1343 2384 1394 2419 τῆς
1403 2384 1619 2419 ὑποχωρήσεως·
1638 2383 1720 2411 τοῦτο
1739 2384 1796 2421 γὰρ
1808 2385 1842 2412 τὸ

1044 2431 1193 2466 κεφάλαιον
1203 2431 1254 2466 τῆς
1267 2429 1425 2466 μετανοίας,
1441 2429 1489 2457 καὶ
1500 2426 1534 2465 ἧς
1547 2428 1613 2457 ἄνευ
1627 2430 1842 2466 ἀμεταμέλητος

1045 2478 1063 2512 ὴ
1079 2477 1194 2508 πτῶσις·
1213 2475 1240 2503 τί
1262 2475 1344 2503 πάλιν
1356 2475 1404 2502 ἐπὶ
1425 2475 1456 2502 τὸ
1471 2475 1634 2510 πλημμελὲς
1655 2475 1841 2512 ἀνέκαμψαςς

1046 2523 1199 2558 Σύγγνωθι.
1214 2523 1316 2559 Πάτιρ·
1334 2521 1529 2558 ἀναγκάζομαι
1541 2522 1681 2554 ἐπιδόντος
1697 2530 1746 2549 σου
1760 2531 1842 2550 σεαυ-

1045 2571 1092 2597 τὸν
1107 2571 1140 2605 τῇ
1154 2568 1319 2596 ταπεινώσει
1339 2577 1401 2604 μου,
1419 2568 1510 2602 λέγειν
1524 2576 1565 2594 σοι
1583 2568 1622 2600 ὡς
1633 2568 1688 2595 ἀπὸ
1703 2569 1841 2604 στόματος

1045 2616 1150 2650 Κυρίου
1168 2614 1204 2641 τὰ
1218 2614 1401 2650 προσήκοντα.
1418 2614 1451 2640 Τί
1470 2615 1500 2641 οὐ
1521 2614 1627 2646 πάντας
1643 2615 1660 2650 ἢ
1674 2615 1841 2651 ὁμοτρόπως

1046 2661 1241 2688 συνδιώκεσθαί
1259 2669 1301 2687 σοι
1324 2660 1540 2696 νενουθέτηκαςο
1560 2661 1576 2696 ἢ
1598 2661 1637 2698 μὴ
1658 2661 1842 2697 βουλομένους

1045 2708 1139 2739 εἴασας
1156 2707 1193 2739 ὡς
1210 2706 1403 2742 μισοχρίστους
1413 2727 1421 2738 ,
1435 2707 1473 2739 ὡς
1492 2707 1694 2742 φιλοσάρκονς,
1711 2708 1750 2739 ὡς
1762 2710 1844 2736 ἀπει-

1045 2754 1112 2786 θεῖς,
1127 2753 1184 2781 ἀλλ’
1197 2753 1246 2789 οὐχ
1265 2752 1357 2785 υίούςς
1375 2752 1434 2780 Κᾶν
1453 2753 1540 2789 τούτῳ
1555 2754 1603 2781 καὶ
1617 2754 1666 2790 τὴν
1688 2752 1776 2792 ἦτταν
1794 2756 1843 2782 ἀν-

1045 2799 1167 2826 εκαλὲσω
1187 2798 1290 2832 καλῶς,
1303 2798 1349 2825 καὶ
1360 2798 1418 2830 τοῖς
1431 2798 1484 2824 ὑπὸ
1496 2799 1575 2834 χεῖρα
1587 2799 1682 2833 ἐγένου
1696 2801 1843 2836 ὑπογραμρ
