1912 3080
77 145 137 178 i337

661 141 929 173 EPISTOLARUM
958 140 1036 172 LIB.
1054 139 1098 171 ῙῙ.

1626 136 1696 169 1338

76 203 122 235 μὶις
136 199 266 236 χρηστὸς,
280 198 328 226 καὶ
347 200 380 235 τῇ
402 198 551 235 Ἐκκλησία
572 198 692 235 Χριστοῦ
708 197 802 233 ὤφθης
816 198 855 224 οἰ-

917 196 971 223 litis
988 194 1077 223 factus
1093 202 1124 223 es
1141 194 1297 229 exemplum
1326 193 1471 229 optimum.
1490 197 1517 220 et
1545 191 1695 220 Ecclesiain
1740 183 1742 185 ’

75 247 181 283 κοδομὴ,
195 246 254 273 ἀντὶ
267 245 442 277 καταλύσεως
458 245 601 281 προτέρας.

108 334 198 366 οὕτως
213 333 361 369 εἰργάσατο
372 333 386 360 6
405 332 613 367 θεοφιλέστατος
632 332 747 366 ἀδελφὸς
763 332 855 368 ἡμῶν,

76 382 119 408 καὶ
131 380 278 415 ἡγούμενος
309 379 356 407 τοῦ
386 379 536 415 Μηδικίου·
564 378 652 411 οὕτως
672 379 686 405 ό
702 377 855 413 ἀγιώτατος

75 427 166 460 Πατὴρ
195 424 274 460 ἡμῶν
300 425 351 460 τῆς
370 425 548 457 Λαοδικείας·
579 426 642 452 ἐπεὶ
677 425 726 452 καὶ
752 426 854 461 ἕτεροι.

73 473 147 498 Δυοῖν
158 471 287 506 θάτερον·
302 471 327 497 εἰ
340 467 414 498 οὗτοι
429 471 551 506 ὲνόμως,
573 471 654 503 αὐτὸς
665 472 786 507 ἀνόμως,
810 472 856 499 καὶ

73 518 99 545 εί
117 517 156 550 τίς
179 526 220 544 σοι
241 517 342 552 ὁμοίως
359 517 500 552 δέδρακεν.
536 517 608 544 Ἀλλ’
632 518 687 545 είσί
709 527 795 552 τινες,
818 518 857 551 ὡς

75 563 213 598 μανθάνω,
229 563 278 598 τῆς
301 564 541 599 συμπτωματικῆς
566 564 741 599 συστοιχίας·
764 562 803 591 ὧν
823 565 857 592 τά

72 608 191 643 ὀνόματα
204 606 276 634 ἑκὼν
290 608 497 643 ὑπερϐήσομαι·
509 609 534 635 οἳ
545 609 671 640 λέγουσιν
687 610 758 646 ὑπὲρ
771 611 857 646 αὐτῆς

74 654 133 690 μηδ’
149 653 240 680 ὁτιοῦν
253 654 406 688 μετανοεῖν,
418 654 480 689 μηδ’
494 652 528 682 αὖ
543 654 572 681 ἓν
587 655 797 691 συγχωρητικδν
809 656 858 683 καὶ

73 701 151 736 μόνον
165 700 294 733 ἐξαιτεῖν,
309 701 356 727 καὶ
382 700 473 732 καλῶς
491 702 687 736 πεποιηκέναι·
704 702 733 735 ἐξ
757 699 789 729 οὗ
811 703 857 729 καὶ

71 746 226 781 οίὰδελφοὶ,
242 746 320 781 φασὶ,
344 747 488 778 σέσωνται.
509 749 556 774 καὶ
577 748 602 775 οἱ
626 748 686 775 ναοὶ
706 749 856 777 ἀσίναντοι.

73 793 104 818 Ὠ
129 792 180 826 τῆς
212 792 387 827 πωρώσεωςί
407 792 430 819 ὣ
461 792 511 828 τῆς
540 793 707 828 θεομαχίαςί
739 793 858 829 Χριστὸς

71 839 181 874 ἦρνητο.
202 838 388 873 ἀθετουμένης
408 839 457 873 τῆς
485 838 566 873 ἁγίας
587 839 670 866 αὐτοῦ
692 840 814 872 εἰκόνος·
839 841 856 876 ἡ

906 241 1006 269 Christi
1021 241 1156 268 aedificare
1184 241 1260 268 visus
1288 247 1318 268 es
1337 259 1345 274 ,
1360 239 1420 267 loco
1448 239 1534 266 ruinae
1555 242 1636 265 antea
1663 237 1696 264 il-

906 288 967 316 latae
978 287 990 314 f

942 332 988 360 Sic
1005 333 1060 368 egit
1078 333 1134 360 Deo
1155 332 1341 360 amicissimus
1356 331 1441 359 frater
1462 336 1567 364 noster,
1578 335 1607 359 et
1624 331 1697 359 idem

905 378 1012 406 Medicii
1030 379 1193 413 praepositus
1209 388 1217 405 :
1235 379 1277 407 sic
1299 379 1492 407 sanctissimus
1510 378 1590 406 Pater
1604 384 1698 406 noster

906 424 1084 453 Laodicensis
1099 434 1106 453 :
1124 425 1222 453 deinde
1235 430 1263 453 et
1276 425 1333 452 alii.
1349 424 1467 452 Necesse
1482 429 1525 453 est
1534 425 1697 453 alterutrum

906 471 941 499 sit
960 479 975 498 e
999 472 1106 500 duobus
1123 480 1130 499 :
1150 472 1175 499 bi
1195 471 1217 499 si
1238 479 1270 499 ex
1286 472 1354 506 legis
1372 471 1530 506 praescripto
1543 471 1649 504 fecere;
1668 477 1698 500 tu

907 521 1003 550 prmter
1020 517 1117 552 legem,
1134 521 1161 544 et
1181 517 1308 552 quisquis
1336 522 1426 544 tecum
1450 518 1527 553 paria
1553 517 1628 546 fecit.
1645 517 1698 546 Sed

907 562 1029 589 nonnulli
1050 567 1125 595 sunt,
1142 569 1172 590 ut
1186 563 1279 597 audio,
1296 570 1412 598 quorum
1440 563 1537 591 similis
1554 564 1648 598 lapsus
1659 568 1700 592 at—

907 615 962 643 que
976 608 1091 636 oﬁ‘ensio
1108 614 1161 641 est,
1173 617 1289 643 quorum
1312 610 1422 636 nomina
1437 610 1525 637 libens
1538 611 1700 644 praetermit-

909 659 976 688 tam,
995 655 1042 690 qui
1058 662 1108 690 pro
1123 663 1157 682 eo
1173 656 1249 691 lapsu
1264 663 1344 690 agere
1365 656 1554 690 pmnitentiam
1569 661 1698 688 renuunt,

907 706 954 729 aut
981 708 1063 736 porro
1086 701 1192 728 veniam
1219 702 1357 736 postulare
1374 709 1382 728 :
1400 709 1483 736 seque
1509 707 1582 729 recte
1610 703 1699 738 egisse

908 748 1026 775 dicunt:
1048 755 1081 774 ex
1098 755 1130 775 eo
1152 747 1224 774 enim
1240 747 1368 780 fratrum,
1387 747 1525 782 inquiunt,
1540 749 1620 776 saluti
1638 757 1701 784 pro-

907 797 1044 828 spectum,
1066 800 1099 820 ac
1120 792 1281 826 templorum
1310 792 1504 820 incolumitati.
1532 791 1554 819 Ο
1572 792 1699 819 duritiem

907 838 1018 866 cordis!
1036 846 1052 865 ο
1069 838 1115 865 Dei
1129 838 1237 865 odium!
1254 837 1374 873 Negatus
1402 842 1443 865 est
1468 837 1593 865 Christus
1611 841 1701 873 spreta

71 884 212 916 Θεοτόκος,
226 883 354 911 ὁστισοῦν
372 884 428 910 τῶν
450 885 550 919 ἁγίων·
574 886 608 913 δι’
634 883 672 913 ὧν
693 887 740 913 καὶ
760 887 855 922 ἀρχιε-

917 884 1081 911 tanctissinia
1110 883 1197 919 ipsius
1222 883 1340 919 imagine
1357 892 1365 911 :
1382 889 1477 918 negata
1501 883 1624 918 Deipara,
1641 887 1668 911 et
1686 891 1702 911 θ

73 932 135 966 ρείις
166 930 305 963 δεδίωκτο,
327 931 376 957 καὶ
407 931 555 959 ἐπίσκοποι
581 933 785 969 περιορίζοντο,
810 934 858 960 καὶ

71 976 219 1012 ἡγούμενοι
243 976 489 1010 ταυτοπαθοῦντες,
507 979 619 1014 μοναχοὶ
651 980 698 1006 καὶ
725 980 858 1015 μονάζου-

72 1032 128 1055 σαι,
163 1022 265 1054 λαῖκοὶ,
292 1022 448 1055 λατζουσαι·
471 1025 496 1051 oi.
522 1025 570 1061 μὲν
591 1026 767 1061 τυπτόμενοι,
786 1027 812 1053 οί
830 1026 859 1053 δὲ

70 1068 270 1105 φρουρούμενοι
287 1077 294 1084 ·
343 1069 418 1097 ἄλλοι
465 1071 707 1109 λιμοκτονούμενοι
726 1094 734 1107 ,
769 1074 859 1109 ἕτεροι

71 1114 205 1149 ξεόμενοι·
223 1113 299 1141 ἄλλοι
315 1113 553 1152 θαλαττευόμενοι,
578 1117 668 1154 ἕτεροι
689 1118 858 1154 θανατούμε-

70 1168 109 1186 νοι
123 1167 130 1174 -
157 1158 234 1186 ἄλλοι
262 1160 501 1195 κρυπταζόμενοι,
519 1162 611 1198 ἕτεροι
630 1164 857 1199 δραπετεύοντες.

71 1208 188 1244 "Mign;
204 1206 232 1233 αί
248 1206 365 1242 ὲρημίαι
386 1208 482 1235 καὶτὰ
496 1209 617 1245 σπήλαια
627 1217 634 1225 ·
653 1210 747 1246 πλήρη
764 1212 799 1237 τὰ
807 1211 858 1246 ὅρη

69 1255 118 1282 καὶ
137 1254 167 1281 at
176 1254 278 1281 νάπαι·
304 1255 406 1290 σάρκες
426 1256 606 1291 κοπτόμεναι,
624 1256 730 1292 αἵματα
751 1257 858 1293 ῥέοντα,

69 1300 87 1334 ἠ
103 1299 167 1326 καθ’
185 1301 260 1335 ἡμᾶς
274 1301 424 1336 οἰκουμένη
445 1301 653 1338 κωδωνιςομένη
667 1302 707 1338 τῷ
729 1302 857 1338 διωγμῷ·

70 1347 174 1381 πᾶσαή
190 1346 239 1373 ὑπ’
268 1346 385 1382 οὐρανὸν
406 1346 444 1378 ὡς
467 1347 554 1373 εἰπεῖν
580 1348 788 1382 στοναχίζουσα,
812 1348 860 1374 καὶ

909 930 1011 957 sanctis
1038 929 1177 965 quilibet:
1196 934 1308 964 propter
1335 938 1405 963 quos
1430 934 1457 957 et
1480 930 1702 965 archiepiscopus

908 979 1021 1001 vexatus
1037 980 1089 1006 est,
1101 978 1128 1001 et
1142 971 1228 1009 fugati
1248 976 1273 1000 in
1288 974 1415 1001 exsilium
1439 974 1570 1010 epiSt-opi,
1585 980 1612 1002 et
1631 983 1702 1010 pra:-

911 1019 991 1054 positi
1003 1019 1073 1046 idem
1091 1020 1225 1054 perpessi,
1242 1021 1371 1047 monachi
1386 1028 1418 1048 ac
1432 1022 1575 1055 moniales,
1594 1030 1610 1049 e
1624 1022 1702 1050 laicis

908 1064 960 1092 viri
982 1072 1014 1092 ac
1038 1064 1146 1092 feminae
1162 1074 1169 1092 :
1186 1065 1232 1093 alii
1257 1066 1404 1100 verberati,
1429 1068 1473 1094 alii
1495 1067 1522 1094 in
1550 1068 1701 1095 custodiam

909 1111 999 1144 missi,
1015 1111 1060 1138 alii
1079 1111 1150 1138 fame
1164 1112 1264 1144 enecti,
1281 1112 1327 1139 alii
1343 1112 1494 1147 dilacerali,
1510 1113 1555 1141 alii
1572 1114 1598 1140 in
1615 1121 1690 1141 mare

909 1156 999 1192 eiecti,
1014 1157 1059 1184 alii
1073 1161 1159 1184 tuorte
1176 1158 1293 1189 multati,
1309 1158 1503 1186 delitescentes
1514 1160 1570 1190 alii,
1589 1159 1634 1186 alii
1655 1167 1703 1187 ca-

909 1207 1050 1238 pessentes
1065 1203 1170 1238 fugam.
1198 1203 1288 1232 Plenm
1314 1210 1379 1232 sunt
1405 1206 1567 1233 solitudines
1582 1214 1614 1233 ac
1640 1214 1703 1242 spe-

910 1249 998 1277 lunca;
1013 1259 1020 1277 :
1037 1250 1107 1285 pleni
1138 1254 1244 1278 montes
1267 1258 1299 1278 ac
1323 1251 1410 1279 saltus
1428 1261 1435 1279 :
1454 1259 1551 1280 carnes
1583 1253 1704 1280 concisas

911 1301 986 1328 sunt,
1003 1297 1111 1331 proﬂuit
1141 1297 1264 1332 sanguis,
1284 1304 1378 1325 nastra
1397 1298 1471 1332 regio
1503 1299 1706 1332 perSecutionis

912 1342 1030 1379 tumultu
1057 1346 1195 1378 personat,
1224 1343 1301 1370 orbis
1332 1347 1468 1371 terrarum
1502 1345 1704 1379 propemodum

70 1391 292 1419 κατακλαίουσα·
312 1392 360 1419 καὶ
383 1393 431 1425 σὺ,
453 1389 476 1419 ὦ
506 1393 657 1428 τρισάθλιε,
677 1393 808 1426 ἑαλωκὼς
826 1395 856 1430 τῇ

917 1387 1055 1414 universus
1081 1387 1236 1423 ingemiscit
1258 1395 1290 1416 ac
1315 1388 1409 1424 luget:
1426 1393 1455 1416 et
1472 1392 1511 1421 tn.
1541 1390 1705 1424 miserrime,

69 1437 238 1473 ψυχοφθόρῳ
251 1438 391 1473 κοινωνίᾳ,
416 1438 464 1465 καὶ
479 1438 569 1474 μινων
582 1440 623 1470 εἰς
649 1439 679 1465 τὸ
696 1439 856 1475 ὀλετήριον·

917 1440 975 1460 cum
990 1437 1015 1460 te
1030 1433 1147 1460 exitialis
1176 1433 1335 1461 communio
1356 1439 1494 1469 captivum
1519 1440 1620 1468 teneat,
1648 1444 1708 1463 ma-

70 1484 116 1510 ἐπ’
132 1483 165 1510 ἂν
180 1483 281 1516 οὕτως·
297 1483 356 1511 ἀλλ’
371 1484 402 1510 οὗ
417 1486 536 1520 μοναστή
543 1492 610 1520 ριον·
626 1484 716 1519 λέγεις
728 1483 758 1512 εὖ
770 1485 856 1520 ἔχειν·

917 1486 1032 1514 measque
1044 1479 1070 1506 in
1086 1478 1215 1514 pestifero
1238 1479 1320 1514 loco;
1337 1488 1398 1507 nam
1415 1480 1455 1508 sic
1470 1485 1521 1514 cst,
1537 1489 1589 1508 non
1606 1482 1632 1509 in
1649 1489 1709 1508 mo-

71 1531 121 1558 καὶ
135 1530 252 1566 ὲγγελᾷς
269 1530 422 1562 Ἰουδαϊκῶς
443 1531 509 1562 τοὺς
527 1531 743 1567 Χριστοφὸρους,
761 1531 856 1567 μᾶλλον

917 1525 1033 1553 nasterio
1049 1533 1056 1558 ;
1077 1525 1117 1552 ais
1133 1529 1157 1552 le
1171 1530 1244 1552 recte
1255 1525 1356 1553 habere
1374 1534 1381 1552 :
1399 1533 1431 1553 ac
1444 1526 1600 1554 Judteorum
1621 1535 1708 1560 more,

70 1576 101 1603 δὲ
115 1575 200 1603 αὑτὸν
214 1575 342 1611 Χριστὺν.
358 1576 429 1611 ὑπὲρ
447 1572 479 1602 οὗ
490 1577 536 1602 καὶ
548 1576 579 1603 τὸ
591 1566 719 1612 πάσχειν.
736 1566 816 1604 Ποῖον
831 1577 856 1604 δὲ

917 1580 962 1601 eos
979 1574 1027 1607 qui
1042 1571 1181 1600 Christum
1195 1577 1304 1608 gestant
1317 1573 1426 1605 irrides,
1443 1574 1498 1601 imo
1510 1574 1649 1601 Christum
1668 1574 1709 1610 ip-

71 1625 120 1649 καὶ
135 1621 259 1649 διεσώσω
277 1623 353 1655 ναὸν,
373 1622 421 1649 τὸν
438 1622 501 1649 ναδν
511 1622 558 1649 τοῦ
573 1622 642 1649 Θεοῦ
658 1623 758 1657 μιάνας
779 1631 861 1650 σεαυο

70 1667 136 1699 τὸν;
166 1667 250 1699 Τίνας
271 1667 300 1694 δὲ
329 1668 376 1694 καὶ
396 1667 529 1702 ἀδελφοὺς
552 1667 698 1701 ἐφυλάξω·
721 1667 861 1704 διεφθορὸ-

71 1722 122 1745 τις
152 1714 187 1748 τῇ
209 1712 320 1748 61:99:;
339 1721 386 1739 σου
416 1713 554 1748 κοινωνίᾳ,
581 1712 633 1739 κᾶν
655 1714 685 1739 ὲν
715 1713 862 1749 βρώμασι;

72 1758 225 1785 σκάνδαλον
236 1759 285 1785 τοῦ
302 1758 419 1793 κόσμου.
447 1758 600 1794 ὑπόδειγμα
621 1759 776 1794 ἀρνήσεως,
793 1767 863 1794 προ-

71 1805 164 1840 τροπὴ
182 1804 332 1836 ἀπωλείας,
353 1804 432 1840 σὰρξ,
449 1804 507 1830 ἀλλ’
536 1805 566 1830 οὺ
596 1804 719 1839 πνεῦμα,
749 1804 863 1839 σκοτὴρ,

72 1851 133 1877 ἀλλ’
158 1850 190 1877 οὑ
207 1852 332 1885 φωστὴρ.
355 1849 449 1877 Ταῦτα
463 1850 533 1885 αὑτὴ
558 1851 574 1886 ὴ
590 1850 705 1886 ἀλήθεια.
732 1850 782 1886 βοᾷ
797 1851 866 1886 πρὸς

70 1899 140 1928 τοὺς
153 1895 242 1928 οὕτως
266 1896 432 1928 ἀσεϐοῦντας
445 1904 453 1912 ·
472 1896 518 1928 οὓς
543 1897 568 1923 εί
586 1896 623 1932 μὴ
652 1897 866 1932 μετανοήσουσιν

70 1943 214 1977 ἐπιλέγειν
228 1942 315 1974 οὕτως
331 1943 409 1974 ἄθεα,
421 1943 451 1970 οὒ
468 1943 651 1979 Χριστιανοὺς
666 1943 794 1979 ἡγητέον.

111 2032 257 2063 Ἤκουσας
281 2031 313 2058 τὸ
343 2033 442 2067 κρῖμα,
469 2031 581 2066 Πάτερ·
609 2031 775 2067 ἡμάρτηκας
800 2030 866 2057 ὁπο-

73 2079 200 2113 στρέψας
219 2079 267 2106 καὶ
282 2078 424 2113 ὴθετηκὼς
436 2078 487 2114 τὴν
501 2079 659 2113 ὑπόσχεσιν.
678 2078 752 2113 Πλὴν
766 2079 780 2104 ό
797 2078 867 2112 ἁγα-

73 2125 119 2156 θδ-;
135 2125 205 2157 Θεὸς
232 2125 406 2160 συγχωρήσει
427 2133 480 2152 σοι.
499 2125 599 2152 Μεῖνον
623 2122 671 2151 οὖν
685 2125 748 2160 ἄρτι
773 2124 802 2150 ὲν
827 2124 868 2160 τῷ

75 2170 269 2207 μοναστηρίῳ,
288 2171 332 2197 ἐπ’
346 2171 380 2198 ἂν
397 2170 531 2206 μετῆλθεν
549 2170 636 2202 ἄλλως
648 2171 683 2198 τὰ
694 2171 847 2207 πράγματα
859 2178 867 2188 ·

72 2218 209 2253 ἐχόμενος
222 2216 271 2244 τοῦ
279 2216 428 2251 ὁμολογοῦν
443 2217 525 2243 παντὶ
535 2216 672 2253 ἀνθρώπῳ
685 2217 717 2244 τὸ
729 2217 866 2253 ἥμαρτον·

72 2263 112 2296 ὡς
129 2263 165 2290 ἂν
180 2263 196 2289 ὁ
225 2262 293 2294 Θεδς
322 2262 508 2298 εὖμινισθείη,
528 2262 578 2290 καὶ¹
593 2263 720 2299 ἀναγάγῃ
735 2271 766 2289 σε
782 2264 821 2294 είς
838 2262 869 2289 τὸ

72 2310 216 2345 πρότερον
234 2309 308 2344 φῶς,
328 2310 374 2336 ὅτε
393 2309 475 2345 ηῦγει
491 2311 506 2336 ό
520 2309 618 2344 λύχνος
647 2309 699 2344 τῆς
726 2309 869 2342 πολιτείας

73 2363 124 2381 σου
134 2363 143 2370 ·
157 2354 203 2381 ὅτε
218 2351 253 2390 ἧς
269 2354 403 2386 σεδαστὺς
431 2355 478 2381 καὶ
494 2353 652 2389 βασιλεῦσιν
664 2362 672 2370 ·
688 2355 734 2381 ὅτε
759 2354 819 2381 οὐδὲ
838 2355 869 2381 τὸ

72 2400 159 2436 τυχὸν
176 2400 318 2436 παροφθὲν
330 2398 365 2435 ἦν
389 2408 431 2426 σοι
446 2399 685 2436 ἀκαταφρόνητον.
715 2399 772 2426 Καὶ
801 2399 871 2433 πρὸς

73 2447 105 2474 τὸ
119 2446 188 2481 ἑξῆς
200 2446 239 2479 ὠς
254 2446 430 2481 οίκονομήσει
444 2445 547 2482 Κύριος
564 2445 599 2473 τὰ
621 2445 674 2480 τῆς
692 2444 869 2480 Ἐκκλησίας,

72 2493 152 2521 οὕτω
171 2493 220 2520 καὶ
232 2493 389 2528 λαλήσομεν
403 2500 410 2508 ·
438 2492 510 2519 οὕτω
536 2491 585 2519 καὶ
608 2491 873 2527 συναποθανούμεθά

75 2548 116 2568 σοι
140 2540 188 2567 διὰ
203 2540 254 2575 τὴν
268 2540 380 2575 ἀγάπην
394 2540 424 2566 ὲν
439 2540 472 2574 τῇ
487 2539 595 2574 ἀγάπῃ.
626 2538 785 2574 Προσεύχου
807 2537 872 2574 περὶ

74 2587 159 2622 ἡμῶν
174 2586 230 2612 τῶν
247 2584 440 2621 ἁμαρτωλῶν·
456 2585 506 2611 καὶ
532 2584 570 2620 μὴ
596 2583 654 2611 οῐου
677 2583 873 2619 ὑπεροπτικῶς

74 2635 156 2669 ἡμᾶς
171 2633 278 2668 γράψαι
291 2641 298 2648 ·
317 2633 397 2666 ῐσμεν
411 2632 466 2668 γὰρ
484 2632 597 2662 ἑαυτοὺς
614 2631 754 2666 βδέλυγμα
781 2632 809 2657 ὲν
825 2631 872 2657 ἀν-

76 2681 177 2715 δράσιν
189 2679 292 2712 ὁσίοις·
308 2679 378 2706 ἀλλά
391 2679 435 2706 διὰ
452 2678 483 2705 τὸ
512 2677 613 2713 ἀληθὲς
639 2677 687 2704 καί
714 2686 762 2704 σου
787 2677 874 2712 σωτή-

79 2735 148 2761 ριον.
172 2726 204 2753 Εί
217 2726 247 2753 δὲ
261 2725 308 2753 καὶ
320 2725 420 2758 ἄλλων,
433 2725 448 2751 ὁ
463 2723 559 2751 παθὼν
573 2723 738 2759 ὀμολογήσοι
750 2721 810 2757 Θεῷ
823 2722 873 2757 τὴν

78 2774 171 2809 χάριν.

913 1626 975 1647 sum
992 1619 1094 1653 potius,
1111 1619 1191 1653 cujus
1205 1620 1293 1654 gratia
1305 1620 1342 1646 illi
1361 1621 1511 1655 patiuntur.
1527 1621 1613 1654 Quale
1627 1629 1710 1656 porro

912 1665 1042 1700 templum
1055 1665 1190 1699 servasti;
1211 1673 1273 1693 cum
1293 1667 1422 1702 templum
1450 1666 1496 1694 Dei
1519 1667 1635 1703 teipsum
1660 1667 1712 1696 fte-

913 1711 984 1739 dasti
992 1711 1004 1738 ?
1011 1712 1085 1744 Quos
1094 1719 1158 1738 vero
1169 1711 1265 1740 fratres
1272 1713 1505 1746 cumodiisti,cum
1515 1714 1623 1741 eosdem
1633 1715 1713 1748 pesti-

914 1757 970 1785 fera
997 1764 1044 1785 tua
1073 1758 1279 1791 communione,
1297 1759 1339 1786 vel
1365 1760 1424 1787 solo
1456 1760 1528 1792 cibo,
1555 1761 1712 1796 corruperis

915 1804 1012 1832 mundi
1039 1804 1211 1838 scandalum,
1230 1805 1392 1834 defectionis
1421 1806 1588 1841 exemplum.
1605 1807 1637 1834 ad
1652 1807 1711 1834 exi-

916 1850 985 1877 tium
1000 1851 1167 1878 adhortator
1185 1861 1192 1878 :
1209 1859 1285 1884 caro,
1303 1856 1331 1879 at
1349 1859 1403 1879 non
1421 1853 1555 1887 spiritus;
1576 1853 1711 1885 tenebrio,

916 1899 945 1922 at
961 1904 1014 1923 non
1031 1896 1088 1924 lux.
1103 1895 1166 1924 Haec
1182 1896 1282 1924 veritas
1297 1897 1353 1931 ipsa
1383 1897 1513 1924 inclamat
1537 1898 1571 1925 ad
1595 1906 1642 1925 eos
1664 1899 1711 1933 qui

918 1942 960 1970 sic
983 1943 1067 1977 impie
1092 1949 1176 1979 agunt
1192 1952 1199 1970 :
1218 1952 1288 1979 quos
1304 1943 1356 1971 nisi
1385 1944 1516 1978 paeniteat
1535 1950 1590 1972 tant
1609 1945 1712 1973 nefaria

918 1987 1005 2022 loqui,
1024 1995 1077 2015 non
1093 1993 1157 2016 sunt
1168 1990 1185 2016 ii
1196 1988 1347 2016 Christiani
1363 1990 1504 2017 censendi.

954 2032 1062 2060 Audisti
1083 2033 1227 2068 judicium,
1254 2033 1344 2061 Pater.
1371 2034 1503 2065 Peccasti.
1521 2043 1583 2063 cum
1613 2035 1712 2063 violata

919 2076 971 2103 fide
989 2082 1063 2111 terga
1079 2077 1196 2105 vertisti.
1224 2077 1277 2106 Sed
1299 2079 1405 2106 veniam
1431 2079 1479 2106 tibi
1504 2079 1576 2108 Deus
1591 2085 1712 2115 optimus

918 2123 1004 2151 dabit.
1023 2123 1101 2151 Mune
1118 2124 1211 2159 itaque
1226 2132 1298 2152 nunc
1315 2125 1341 2152 in
1356 2126 1533 2157 tuonasterio,
1551 2127 1642 2162 quoad
1658 2127 1711 2155 alio

920 2177 951 2197 se
970 2169 1079 2203 negotia
1095 2170 1226 2197 verterint
1244 2179 1251 2197 :
1272 2170 1381 2197 assidue
1394 2170 1464 2197 lianc
1489 2171 1636 2206 unicuique
1660 2172 1711 2198 ho-

921 2215 988 2242 mini
1015 2215 1197 2243 confessionis
1227 2223 1321 2243 vocem
1353 2216 1504 2247 inculcans.
1532 2216 1643 2244 Peccth
1660 2222 1711 2244 :ut

921 2265 1048 2288 exoretur
1068 2260 1149 2293 Deus,
1162 2266 1325 2296 revocetque
1341 2265 1366 2289 te
1380 2261 1414 2288 ad
1441 2262 1516 2289 illam
1536 2263 1653 2296 priorem
1669 2263 1711 2290 lu—

922 2314 993 2338 cem,
1019 2313 1082 2334 cum
1096 2307 1315 2335 conversationis
1335 2311 1387 2335 tuo:
1415 2308 1457 2334 fax
1483 2308 1633 2343 effulgeret,
1648 2316 1711 2335 cum

922 2360 998 2380 esses
1012 2353 1180 2387 principibus
1209 2353 1276 2388 ipsis
1305 2354 1488 2385 venerandus,
1503 2361 1621 2388 cumque
1645 2354 1711 2381 nihil

923 2406 978 2426 non
1009 2398 1147 2434 despectui
1175 2404 1265 2432 esset,
1282 2399 1326 2426 ubi
1350 2404 1438 2426 tecum
1468 2399 1648 2429 conferretur.
1675 2401 1713 2429 Ac

925 2445 1063 2479 deinceps,
1078 2449 1157 2480 prout
1173 2445 1300 2473 Ecclesiae
1316 2446 1421 2481 negotia
1434 2446 1562 2473 Dominus
1574 2447 1714 2481 dispensa-

926 2491 1023 2523 bit,sic
1030 2496 1057 2518 et
1070 2491 1225 2526 loquemur,
1237 2491 1276 2519 sic
1290 2495 1318 2519 et
1329 2492 1542 2519 commoriemur
1555 2492 1601 2518 tibi
1613 2497 1714 2519 mutua:

926 2535 1070 2564 charitatis
1086 2536 1193 2564 olliciis.
1216 2537 1267 2565 Pro
1284 2545 1326 2564 me
1342 2543 1483 2572 peccatore
1501 2545 1595 2572 preces
1609 2537 1712 2566 funde:

926 2589 978 2608 nec
1013 2589 1057 2609 me
1086 2582 1226 2610 existimes
1252 2588 1413 2617 arroganter
1445 2583 1584 2616 scribere;
1612 2584 1714 2612 scinus

926 2627 1000 2654 enim
1027 2628 1099 2655 inter
1125 2629 1200 2656 viros
1223 2635 1333 2656 sanctos
1353 2637 1414 2656 esse
1431 2637 1481 2657 nos
1503 2630 1715 2660 abominationis

926 2675 1014 2703 instar
1031 2684 1038 2708 ;
1057 2678 1103 2703 sed
1120 2677 1211 2704 studio
1236 2677 1369 2709 veritatis,
1386 2685 1418 2705 ac
1432 2682 1484 2706 tua:
1498 2678 1593 2706 salutis
1607 2679 1712 2705 deside-

927 2721 980 2749 rio.
1007 2721 1085 2755 Quod
1099 2723 1121 2750 si
1137 2723 1194 2750 haec
1215 2728 1242 2750 et
1256 2723 1318 2750 aliis
1344 2724 1470 2758 prosint;
1487 2725 1534 2761 qui
1551 2724 1713 2753 beneﬁcium

927 2768 1072 2803 acceperit,
1088 2768 1203 2804 gratiam
1222 2769 1246 2798 is
1263 2768 1319 2798 Deo
1333 2769 1443 2799 referat.

848 2850 952 2860 .___
