1912 3080
225 143 292 177 I339

814 150 845 181 S.
857 151 1058 182 THEODORI
1083 153 1256 184 STUDITAE

1786 153 1857 186 1350

223 198 374 244 XCV(').—
398 199 507 228 Dilectis
531 202 718 236 :piritualibu:
742 204 806 239 ﬁlii:
819 210 844 232 et
866 207 1007 242 fratribus,

1076 212 1098 241 ﬁ.
1114 224 1147 231 —
1167 208 1233 242 Τοῖς
1245 208 1448 244 ἠγαπημένοις
1460 208 1673 244 πνευματικοῖς
1688 209 1805 242 τέκνοις
1826 219 1858 236 τι

255 243 409 279 Laurentio.
432 247 560 280 Simeoni,
579 248 715 284 Dionysia,
731 249 864 284 Poemeni,
877 251 972 283 Litoio,
994 257 1020 280 et

257 291 363 326 reliquis
375 292 424 318 huc
450 298 474 319 et
495 294 558 320 illuc
574 294 710 329 dispersis,
725 295 873 324 Theodorus
895 302 1019 332 peccator

258 338 436 366 monac/iusin
453 339 564 366 Domino
579 341 700 368 salutem.

1101 255 1151 282 καὶ
1175 255 1327 290 ἀδελφοῖς,
1350 255 1530 290 Λαυρεντίῳ,
1547 255 1678 289 Συμεὼν,
1698 256 1856 288 Διονυσίῳ,

1098 300 1228 335 Ποιμένι,
1243 302 1363 334 Λιτωΐῳ,
1379 303 1427 328 καὶ
1455 301 1516 335 τοῖς
1531 302 1648 334 λοιποῖς
1659 300 1717 328 ὧδε
1734 302 1858 329 κάκεῖσε

1097 346 1342 381 διεσπαρμένοις,
1362 347 1510 381 Θεόδωρος
1529 347 1703 383 ἁμαρτωλὸς
1721 349 1858 383 μοναχὸς

1091 390 1126 416 ἐν
1140 392 1237 425 Κυρίῳ
1249 392 1371 426 χαίρειν.
1385 391 1486 428 [φπγ’.]

405 463 438 488 Ut
457 465 631 494 persecutione
651 465 757 496 liberati,
770 470 795 491 et
806 468 897 498 gratias
917 472 990 499 agant
1005 469 1020 494 I

879 499 977 530 (Barou.
989 507 1019 524 an

1078 478 1130 528 lne:
1139 473 1270 533 qqiqquam
1279 473 1311 497 de
1327 473 1424 498 virtutis
1433 473 1516 498 studio
1535 473 1669 499 remittant.

1092 521 1099 533 ,
1127 522 1132 527 .
1178 522 1183 527 .

971 518 977 524 .
989 508 1028 525 an.
1045 508 1099 533 δτι,
1109 510 1132 528 η.
1144 508 1183 527 4t.

261 558 386 586 Gaudere
413 567 520 594 semper
536 559 598 586 licet
618 559 651 586 iis
674 559 721 594 qui
748 561 897 588 secundum
934 561 1017 588 Deum

224 605 309 631 \itam
333 608 437 639 agunt:
454 606 536 632 etiam
553 605 576 631 si
591 605 618 632 in
639 605 728 632 tristia
751 610 778 633 et
795 606 894 634 laetitia;
908 612 1018 635 contra-

225 651 266 676 ria
282 651 462 677 devolvantur
476 659 483 677 :
497 650 561 685 quia
585 659 669 678 unum
687 659 757 678 verre
773 652 870 680 laetitia:
886 661 955 687 opus
974 658 1017 682 est

227 703 290 730 spes
304 696 330 722 in
357 695 453 728 Deum,
471 704 503 723 ac
533 704 580 731 pro
594 697 652 730 ipso
669 701 696 724 et
710 705 759 732 per
776 697 864 732 ipsum
881 699 972 726 vivere
990 704 1017 727 et

228 741 342 772 moveri,
364 745 392 768 et
415 741 487 767 aliud
514 741 621 776 quidvis
639 749 728 777 agere.
745 741 822 774 Quod
840 751 904 770 vero
921 743 957 771 ita
971 752 1019 772 vos

227 787 378 821 comparati
403 787 475 819 silis,
488 795 531 814 res
545 787 610 821 ipsa:
626 791 772 814 testantur.
797 787 857 821 Qua
875 789 947 816 enim
964 790 1017 818 alia

226 833 260 861 de
275 841 358 860 causa
370 833 506 867 dispersio
523 838 549 860 et
564 834 640 860 labor
654 839 681 860 et
699 835 806 861 vexatio
820 841 922 868 veSIra,
934 844 1016 870 quam

227 884 338 914 propter
371 879 459 914 ipsum
487 878 588 906 bonum
619 880 701 906 Deum
733 881 880 907 uestrum?
900 881 1018 909 Tametsi

229 933 312 955 nunc.
329 925 452 959 ejusdem
472 925 654 959 providentia,
671 933 718 960 per
733 926 829 960 optimi
844 926 1018 960 imperatoris

227 971 468 1002 renuntiationem,
502 972 620 998 cessavit
648 973 804 1006 persecutio
823 981 830 1000 :
847 977 874 1000 et
905 974 939 1001 iis
971 974 1018 1008 qui

1106 564 1221 600 Χαίρειν
1237 565 1295 592 ἐστι
1312 565 1430 593 πάντοτε
1443 568 1501 598 τοῖς
1521 567 1593 593 κατὰ
1610 566 1677 593 Θεὸν
1700 567 1769 599 ζῶσι
1780 577 1789 584 ι
1806 569 1860 595 κᾶν

1067 611 1125 642 τοῖς
1141 611 1191 646 τῆς
1222 612 1308 647 χαρᾶς
1335 612 1470 644 ἐναντίοις
1496 612 1661 640 ὐποπέσοιεν
1676 622 1684 630 ο
1711 614 1808 650 ἐπειδὴ
1826 616 1858 641 ἓν

1068 655 1240 692 εὐφροσύνης
1262 657 1394 692 ἀληθινῆς
1417 658 1531 693 ἐργονή
1556 659 1596 690 είς
1616 659 1685 685 Θεὸν
1704 659 1795 693 ἐλπὶς,
1811 665 1860 687 και

1068 701 1099 728 τὸ
1113 702 1184 737 ὑπλρ
1201 702 1284 729 αὐτοῦ
1300 703 1349 729 καὶ
1361 703 1395 730 δι’
1407 704 1490 730 αὑτὸν
1505 703 1565 738 ζῇν,
1582 704 1630 731 καὶ
1643 705 1789 736 κινεῖσθαι,
1810 706 1860 732 καὶ

1070 748 1125 774 πᾶν
1139 748 1229 774 ὁτιοῦν
1249 748 1313 775 ἄλλο
1339 749 1482 784 πράττειν.
1502 750 1563 777 ὀτι
1595 750 1624 777 δὲ
1652 750 1740 784 οὕτως
1766 752 1858 786 ὑμεῖς,

1070 795 1206 828 μαρτυρεῖ
1231 794 1349 821 αὐτὰτὰ
1365 795 1527 830 πράγματα.
1561 793 1674 828 Οὖτινος
1695 797 1752 833 γὰρ
1775 797 1858 824 ἄλλον

1069 838 1164 866 ῑνεκεν
1181 840 1196 865 ὁ
1209 841 1380 876 σκορπισμὸς
1395 842 1441 868 καὶ
1459 842 1544 874 κόπος
1555 843 1603 869 καὶ
1621 843 1716 875 κλόνος
1734 843 1825 879 ὑμῶν,
1841 844 1856 879 ἦ

1069 884 1104 911 δι’
1115 885 1198 912 αὑτὸν
1213 886 1259 912 τὸν
1275 886 1379 920 ἀγαθὸν
1394 886 1462 913 Θεὸν
1474 887 1554 922 ἡμῶν
1567 896 1574 920 ;
1591 888 1624 915 Et
1641 889 1689 915 καὶ
1706 889 1747 915 ὅτι
1762 889 1810 915 νῦν
1824 891 1857 924 τῇ

1070 930 1155 958 αὐτοῦ
1171 932 1332 968 προμηθείᾳ
1346 932 1490 968 ἐλώφησεν
1504 933 1518 959 ό
1531 933 1662 969 διωγμός.
1692 935 1812 970 Ἀναρῤή
1819 944 1859 961 σει

1071 975 1117 1002 τοῦ
1134 977 1254 1011 χρηστοῦ
1270 978 1404 1012 κράτους·
1420 978 1468 1004 καὶ
1484 979 1640 1014 παρρησίας
1651 979 1722 1014 θύρα
1733 980 1858 1016 ἀνεῴχθη

227 1026 286 1044 eam
307 1016 491 1051 patiebantur,
509 1017 642 1045 libertatis
658 1017 760 1045 ostium
778 1019 942 1052 patefactum
966 1024 1017 1051 est,

1076 1023 1125 1053 rei;
1139 1023 1342 1058 δεδιωγμένοις,
1359 1024 1529 1051 ἀπολαύουσι
1542 1025 1657 1060 μετρίας
1670 1027 1797 1059 ἀφέσεως
1812 1028 1860 1054 καὶ

230 1062 338 1089 modica
353 1061 409 1089 illis
429 1061 598 1088 relaxatione
611 1065 639 1088 et
656 1069 722 1096 pace
750 1069 881 1089 concessa
910 1069 957 1097 per
971 1069 1018 1089 ur-

229 1108 276 1136 bes
293 1108 413 1142 singulas
429 1112 510 1142 atque
541 1108 709 1142 provincias.
739 1107 798 1141 Quo
815 1109 926 1136 nomine
938 1116 1019 1144 agere

230 1152 344 1180 Domino
357 1154 460 1188 gratias
474 1153 615 1184 debemus.
634 1153 742 1187 Patres,
770 1158 797 1180 et
813 1154 916 1188 precari
942 1161 1018 1186 eum,

228 1203 285 1225 tum
301 1206 350 1233 pro
364 1198 556 1226 abundantiori
578 1206 656 1233 pace,
672 1203 730 1226 tum
746 1207 794 1233 pro
810 1200 1019 1227 confirmatione

229 1243 376 1269 electorum
394 1250 408 1268 a
431 1242 484 1268 Deo
501 1243 698 1277 imperatorum
715 1248 884 1270 nostrorum.
903 1243 952 1271 llic
969 1244 1020 1279 igi-

230 1292 274 1314 tur
289 1288 393 1322 primus
407 1295 498 1315 sermo
514 1292 616 1315 noster.
648 1288 803 1320 Proximus,
823 1293 851 1316 ut
873 1293 900 1316 et
927 1297 978 1317 nos
993 1294 1020 1317 et

231 1341 281 1360 vos
306 1333 504 1360 relaxationem
526 1333 604 1360 istam
622 1333 836 1368 missionemque
851 1335 883 1360 ad
908 1333 1020 1362 virtutis

230 1379 394 1405 solutionem
429 1378 541 1405 minime
567 1378 761 1413 accipiamus;
782 1378 828 1405 sed
862 1379 1020 1413 ubicunque

230 1422 331 1456 singuli
363 1422 468 1452 simus.
502 1421 619 1457 idipsum
653 1422 806 1449 sentiamus
827 1423 860 1454 ",
895 1423 1019 1450 eamdem

231 1476 356 1496 normam
375 1473 529 1499 teneamus,
547 1469 573 1495 in
588 1468 661 1494 nullo
677 1468 770 1495 dantes
796 1469 978 1502 offensionem,
991 1473 1021 1496 ut

231 1522 282 1541 non
297 1514 460 1548 vituperetur
475 1514 653 1541 ministerium
669 1522 678 1541 :
695 1514 739 1541 sed
766 1515 795 1540 in
810 1513 930 1541 omnibus
944 1514 1021 1541 exiti-

231 1562 339 1588 beamus
359 1561 544 1594 nosmetipsos,
557 1565 586 1587 ut
600 1561 730 1595 scriptum
746 1564 799 1593 est,
814 1561 883 1587 sicut
909 1560 956 1587 Dei
971 1561 1022 1587 mi-

231 1607 339 1638 nistros,
360 1607 388 1633 in
410 1607 551 1641 patientia,
576 1606 605 1633 in
630 1606 854 1640 tribulationibus,
886 1607 914 1633 in
939 1615 1022 1642 angu-

230 1653 289 1680 stiis
301 1653 334 1685 ";
352 1653 378 1679 in
389 1652 451 1680 aliis
466 1653 566 1688 quibus
589 1652 670 1687 hujus
691 1653 822 1687 temporis
836 1652 891 1679 vita
902 1653 1020 1680 obnoxia

230 1703 281 1726 ρει.
300 1698 336 1726 Ita
355 1699 428 1726 enim
453 1703 480 1725 et
503 1706 534 1726 ea
562 1706 623 1734 qum
638 1698 694 1733 jam
714 1703 821 1733 peracta
836 1703 901 1725 sunt
912 1698 1019 1725 stabilia
1035 1694 1056 1722 C

231 1744 467 1772 ceniirmabimus.
483 1748 510 1770 et
520 1751 551 1770 ea
570 1752 630 1777 qua:
655 1751 728 1770 nunc
755 1745 867 1774 instant.
898 1743 1022 1771 faciliora

233 1790 387 1822 reddemus,
396 1794 423 1816 et
432 1789 541 1822 futuris,
555 1795 580 1815 ut
594 1789 685 1824 pietati
694 1790 822 1816 convertit
833 1797 1019 1818 occurremus.

266 1835 321 1862 Nos
350 1836 394 1863 hic
420 1843 516 1862 sumus
553 1835 586 1862 ad
605 1835 699 1861 urbem
728 1835 891 1868 habitantes,
918 1836 1023 1864 sciente

233 1881 398 1916 imperatore
415 1891 421 1908 :
437 1881 561 1908 videmus
591 1881 693 1915 pariter
724 1885 750 1908 et
775 1881 900 1908 videmur
925 1882 959 1909 ab
973 1882 1022 1909 ad-

231 1927 408 1954 ventantibus
425 1925 557 1954 fratribus
577 1931 603 1953 et
618 1925 744 1954 Patribus
761 1927 860 1954 nostris
877 1931 924 1954 :et
940 1927 1022 1955 liber-

234 1977 276 2000 tas
291 1972 324 1999 ab
342 1972 386 2007 pio
409 1972 572 2006 imperatore
583 1971 730 1998 constituta
749 1976 801 1998 est.
816 1971 852 1999 De
867 1971 969 2006 futuro,
993 1976 1023 2000 ut

232 2018 330 2053 diriget
359 2018 500 2048 Dominus,
522 2016 669 2051 etjubebit
694 2016 854 2051 imperator,
886 2018 946 2045 sive
977 2018 1022 2046 hic

233 2072 354 2094 manere.
371 2064 428 2091 sive
444 2063 499 2090 alio
513 2061 650 2096 secedere,
670 2062 720 2090 iter
736 2062 878 2090 faciemus.
903 2064 1022 2091 Tantum

233 2118 281 2138 vos
296 2110 322 2137 in
341 2118 410 2145 opus
428 2115 547 2137 vestrum
558 2110 652 2136 intenti
668 2110 797 2143 insistite,
808 2114 835 2137 et
848 2118 896 2145 pro
911 2111 1024 2138 humili-

234 2162 289 2184 tate
303 2162 395 2184 nostra
423 2157 533 2184 assidue
558 2157 719 2192 precamini,
735 2161 765 2183 ut
783 2157 843 2184 sine
863 2156 1021 2185 oﬂensione

233 2202 321 2231 simus
336 2203 378 2230 his
389 2208 471 2238 atque
489 2203 541 2230 illis
556 2208 583 2229 et
609 2201 737 2229 Ecclesiae
754 2202 813 2230 Dei.
833 2201 958 2235 Fratres,
973 2203 1021 2238 qui

234 2248 349 2276 avulsia
369 2249 448 2276 nobis
475 2254 576 2276 temere
599 2247 708 2275 fuerunt
734 2248 817 2276 variis
847 2249 948 2282 modis,
974 2257 1024 2285 per

234 2295 361 2324 idoneum
384 2302 538 2323 sermonem
559 2294 640 2322 nobis
667 2293 740 2321 uniri
762 2294 866 2328 optimo
880 2294 936 2322 Deo
964 2295 1023 2330 pla-

234 2343 301 2369 cuit.
327 2341 360 2368 Et
375 2341 460 2377 gavisi
488 2347 584 2368 sumus
597 2340 700 2376 indigni
716 2340 816 2376 gaudio
831 2348 942 2376 magno,
956 2342 1020 2375 quia

235 2396 295 2424 quae
319 2396 372 2414 non
401 2387 589 2422 sperabamus,
614 2387 732 2414 vidimus
757 2386 844 2414 oculis
872 2387 985 2420 nostris,
996 2392 1024 2415 et

235 2434 389 2462 cicatricem
411 2433 583 2461 obduxerunt
605 2433 692 2461 divisa
719 2433 851 2466 membra,
870 2438 898 2460 et
923 2433 1023 2462 festum

236 2480 350 2508 Domino
363 2480 469 2514 agimus
487 2480 514 2507 in
533 2480 747 2514 uniuscujusque
762 2487 907 2514 concursu,
921 2484 1024 2508 etcon-

234 2528 344 2555 ﬁtentur
363 2527 478 2554 Domino
493 2532 518 2554 et
533 2527 635 2562 gratias
661 2527 768 2561 agimus
788 2527 999 2562 imperatoribus
1013 2535 1022 2560 ;

234 2575 364 2610 quoniam
385 2574 408 2601 si
425 2574 497 2601 aliud
524 2573 601 2606 nihil,
622 2573 699 2600 nobis
727 2578 801 2601 certe
831 2581 958 2609 maguum
981 2578 1024 2602 est

235 2619 396 2647 beneﬁcium
413 2628 421 2646 :
440 2619 537 2646 deinde
562 2619 626 2654 quia
657 2619 734 2646 nobis
763 2619 820 2646 haec
852 2627 1023 2655 nequaquam

234 2667 272 2695 ita
291 2672 352 2702 apte
368 2666 544 2698 cecidissent.
563 2666 614 2694 nisi
640 2673 655 2693 e
670 2666 828 2694 carceribus
853 2666 891 2694 ita
917 2667 1024 2695 dimissi

236 2713 394 2748 fuissemus,
405 2719 432 2741 et
441 2714 469 2741 in
485 2714 530 2741 tali
547 2713 607 2740 loco
622 2712 853 2740 consedissemus.
864 2712 962 2740 Omnia
973 2721 1024 2741 no-

236 2760 278 2788 bis
293 2760 361 2788 belle
386 2765 547 2794 evenerunt,
565 2764 592 2787 et
606 2759 741 2791 evenient,
755 2763 798 2786 sat
826 2758 896 2793 scio,
915 2759 1022 2789 sanctis

271 2818 294 2833 "
312 2817 428 2852 Philipp.
442 2825 472 2848 II,
487 2816 513 2843 Ξ.
553 2816 574 2832 "
592 2816 611 2843 ll
629 2816 692 2843 Cor.
708 2823 745 2848 vi,
762 2816 788 2843 3.

273 2863 303 2888 i"
316 2862 495 2892 Catechetica.

1069 1067 1182 1103 εἰρήνης
1211 1069 1282 1096 κατὰ
1306 1069 1398 1096 πᾶσαν
1425 1070 1503 1096 πόλιν
1531 1070 1578 1096 καὶ
1606 1071 1709 1106 χώραν.
1735 1072 1793 1106 Ἐφ’
1818 1071 1859 1104 οἷς

1069 1114 1210 1149 ὀφειλέται
1235 1115 1330 1149 ἐσμὲν,
1354 1112 1377 1142 ὧ
1407 1116 1539 1151 Πατέρες,
1570 1116 1748 1152 εὐχαριστίας
1772 1127 1860 1153 προσ-

1070 1160 1149 1194 άγειν
1162 1160 1268 1197 Κυρίῳ,
1286 1161 1335 1188 καὶ
1351 1162 1502 1197 πρεσϐείας
1518 1162 1588 1198 ὺπέρ
1607 1171 1637 1189 τε
1654 1163 1861 1200 πλουσιωτέρας

1070 1207 1192 1242 εἰρήνης,
1235 1207 1283 1233 καὶ
1322 1207 1525 1243 ἑπιστηρίξεως
1556 1208 1611 1234 τῶν
1648 1208 1860 1246 θεοπροδλήτων

1069 1252 1149 1287 ἡμῶν
1167 1251 1310 1287 βασιλέων.
1331 1249 1416 1284 Οὗτος
1430 1251 1477 1279 οὗν
1497 1254 1511 1280 ὁ
1526 1253 1635 1288 πρῶτος
1650 1254 1742 1288 λόγος.
1761 1255 1861 1282 Δεύτε-

1071 1306 1117 1334 ρον
1133 1298 1172 1331 δὲ,
1189 1298 1232 1326 ἵνα
1248 1299 1296 1326 καὶ
1311 1299 1391 1334 ἡμεῖς
1408 1300 1456 1326 καὶ
1473 1300 1552 1335 ὑμεῖς
1571 1301 1608 1337 μὴ
1632 1301 1682 1335 τὴν
1700 1301 1798 1335 ἄφεσιν
1821 1302 1863 1338 είς

1070 1344 1193 1372 διάλυσιν
1228 1345 1330 1381 ἀρετῆς
1354 1346 1516 1381 δεξοίμεθα·
1544 1346 1602 1373 ἀλλ’
1624 1347 1747 1382 ὅπουπερ
1777 1348 1864 1382 ἐσμὲν

1071 1389 1186 1422 ἕκαστος
1202 1391 1231 1417 τὺ
1249 1391 1315 1418 αὐτὸ
1331 1393 1451 1426 φρονεῖν,
1469 1391 1508 1427 τῷ
1530 1392 1606 1428 αὐτῷ
1620 1394 1738 1428 στοιχεῖν
1754 1393 1863 1426 κανόνι,

1070 1436 1106 1463 ἐν
1115 1437 1224 1471 μηδενὶ
1239 1437 1375 1471 διδόντες
1394 1439 1575 1473 προσκοπήν
1586 1447 1593 1454 ·
1606 1440 1656 1466 ἵνα
1679 1439 1722 1474 μὴ
1735 1440 1866 1475 μωμηθῇ

1071 1482 1092 1516 ἠ
1104 1482 1244 1509 διακονία
1253 1491 1259 1498 ·
1275 1483 1343 1510 ἀλλ’
1356 1483 1392 1510 ἐν
1409 1484 1499 1510 παντὶ
1517 1484 1710 1520 συνιστῶμεν
1721 1486 1863 1518 ἑαυτοὺς,

1071 1527 1143 1554 καθὰ
1157 1528 1325 1563 γέγραπται,
1342 1529 1383 1562 ὡς
1396 1530 1470 1557 Θεοῦ
1485 1529 1628 1563 διάκονοι,
1655 1531 1690 1557 ὲν
1703 1531 1858 1565 ὑπομονῇ,

1071 1573 1107 1600 ἐν
1116 1575 1270 1609 θλίψεσιν.
1284 1575 1319 1602 ἐν
1333 1577 1556 1610 στενοχωρίαις,
1573 1577 1601 1602 ὲν
1615 1577 1705 1608 ἄλλοις
1725 1575 1767 1609 οἷς
1778 1579 1792 1604 ὸ
1807 1578 1867 1612 βίος

1071 1619 1127 1645 τῶν
1142 1620 1287 1654 παρουσῶν
1311 1620 1426 1655 ἡμερῶν
1447 1621 1610 1648 ὑποπίπτει.
1635 1621 1715 1648 Οὕτω
1743 1622 1800 1658 γὰρ
1814 1624 1866 1649 καὶ

1071 1665 1106 1691 τὰ
1121 1667 1315 1702 προηνυσμένα
1338 1667 1521 1702 φυλάττοιμεν
1551 1668 1730 1704 ἀναφαίρετα,
1760 1670 1806 1695 καὶ
1829 1670 1867 1696 τὰ

1073 1711 1124 1746 ἢδη
1155 1712 1365 1746 προσπίπτοντα
1392 1713 1604 1748 εὖμαρίζοιμεν,
1620 1714 1668 1740 καὶ
1678 1715 1712 1741 τὰ
1732 1715 1866 1750 μέλλοντα

1073 1756 1234 1792 θεοπρεπῶς
1249 1758 1462 1794 ὑπαντήσοιμεν.

1107 1827 1171 1858 Ὧδε
1185 1832 1269 1867 ἐσμὲν
1285 1833 1338 1869 πρὸ
1355 1833 1403 1860 τοῦ
1422 1834 1526 1865 ἄστεως
1542 1835 1742 1869 παροικοῦντες
1757 1835 1868 1871 είδήσει

1073 1876 1125 1912 τῆς
1154 1877 1307 1913 βασιλείας,
1332 1879 1453 1914 ὁρῶντες
1482 1880 1528 1906 καὶ
1556 1881 1691 1916 ὁρώμενοι
1723 1881 1776 1908 ὑπὸ
1811 1882 1869 1908 τῶν

1075 1924 1235 1958 φοιτώντων
1263 1925 1388 1960 ἀδελφῶν
1426 1926 1474 1952 καὶ
1506 1926 1637 1961 Πατέρων
1663 1927 1758 1962 ήμῶνο
1776 1928 1823 1954 καὶ
1848 1930 1867 1963 ἡ

1074 1970 1218 2006 ἐλευθερία
1233 1971 1303 2005 πρὸς
1319 1971 1366 1998 τοῦ
1379 1971 1484 2006 ἀγαθοῦ
1497 1972 1632 2006 βασιλέως
1646 1973 1868 2008 ἐπιτεταγμένη.

1073 2016 1147 2052 Πρὸς
1175 2017 1206 2044 τὸ
1234 2017 1298 2052 ἑξῆς
1313 2017 1351 2049 ὠς
1373 2018 1407 2045 ἂν
1423 2017 1512 2044 εὐοδοῖ
1530 2018 1634 2054 Κύριος
1645 2026 1652 2034 ·
1669 2019 1685 2054 ἢ
1716 2019 1818 2056 κελεύῃ
1835 2022 1870 2046 τὸ

1073 2062 1174 2098 κράτος
1198 2063 1340 2099 ἐπιμένειν
1364 2064 1494 2096 ἐνταῦθα,
1519 2064 1656 2100 ἢάλλαχῆ
1681 2066 1869 2100 μεταπίπτειν

1073 2116 1103 2135 τε
1121 2108 1168 2135 καὶ
1188 2109 1352 2145 ὑποχωρεῖν,
1377 2109 1449 2136 οὕτω
1478 2110 1525 2136 καὶ
1542 2111 1757 2145 ὲνεχθησόμεθα.
1776 2112 1869 2138 Μόνον

1073 2155 1152 2182 αὐτοὶ
1161 2155 1207 2182 τοῦ
1217 2157 1298 2191 ἔργου
1312 2156 1389 2191 ὑμῶν
1400 2157 1537 2192 ἐχόμενοι,
1548 2156 1641 2192 ἔχεσθε
1652 2158 1700 2184 καὶ
1713 2157 1762 2184 τοῦ
1779 2166 1870 2193 προσ,

1073 2201 1202 2236 εὐχεσθαι
1232 2203 1298 2238 περὶ
1329 2203 1379 2238 τῆς
1407 2202 1600 2235 ταπεινώσεως
1633 2203 1730 2238 ἡμῶν·
1763 2203 1802 2236 ὡς
1832 2204 1870 2230 ἂν

1073 2247 1245 2282 ἀπρόσκοποι
1263 2245 1338 2283 ὦμεν
1354 2248 1444 2274 τοῖσδε
1457 2248 1610 2281 κάκείνοις,
1628 2249 1675 2275 καὶ
1688 2249 1722 2284 τῇ
1747 2249 1869 2283 Ἐκκλη-

1075 2293 1121 2325 σίᾳ
1137 2293 1184 2319 τοῦ
1211 2293 1290 2320 Θεοῦ.
1314 2293 1384 2325 Τοὺς
1410 2294 1476 2329 πρὶν
1503 2293 1713 2329 ἀπορῥαγέντας
1742 2293 1869 2326 ﬁctile»;

1075 2338 1208 2373 ἀδελφοὺς
1225 2338 1297 2365 κατὰ
1316 2338 1430 2370 πολλοὺς
1454 2338 1572 2374 τρόπους
1595 2339 1743 2374 εὐδόκησεν
1766 2340 1780 2366 ὁ
1801 2339 1869 2372 Θεὸς

1075 2386 1090 2412 ὁ
1106 2385 1293 2421 ὑπεράγαθος,
1307 2385 1440 2420 ἑνωθῆναι
1455 2385 1522 2420 ἡμῖν
1534 2385 1604 2420 μετὰ
1616 2385 1664 2410 τοῦ
1679 2385 1870 2420 προσήκοντος

1075 2431 1167 2466 λόγου.
1186 2432 1241 2457 Καὶ
1265 2430 1405 2466 ἐχάρημεν
1425 2431 1450 2456 oi
1474 2430 1581 2463 ἀνάξιοι
1608 2431 1696 2466 χαρὰν
1723 2432 1866 2467 μεγάλην·

1075 2481 1118 2508 ὅτι
1137 2479 1156 2508 ἃ
1177 2480 1229 2507 οὐκ
1243 2480 1397 2515 ἠλπίζομεν
1414 2480 1528 2514 οἴδαμεν
1546 2480 1575 2506 ὲν
1600 2479 1752 2514 ὀφθαλμοῖς
1776 2481 1866 2515 ἡμῶν,

1076 2527 1126 2554 καὶ
1140 2526 1297 2561 συνουλώθη
1314 2526 1349 2553 τὰ
1363 2525 1569 2554 διασπασθέντα
1585 2525 1664 2560 μέλη,
1678 2526 1725 2552 καὶ
1740 2527 1867 2560 ἑορτάζο-

1078 2581 1128 2609 μεν
1152 2573 1250 2609 ἑορτὴν
1264 2573 1360 2609 Κυρίῳ
1383 2573 1412 2599 ἐν
1440 2573 1475 2608 τῇ
1495 2572 1556 2603 ἑνὸς
1579 2572 1698 2598 ἑκάστου
1715 2572 1865 2607 ωνδρομῇ,

1075 2621 1122 2646 καὶ
1137 2619 1397 2654 ἁνθομολογούμεθα
1406 2618 1449 2653 τῷ
1462 2618 1567 2654 Κυρίῳ,
1580 2618 1628 2644 καὶ
1643 2617 1866 2652 ἁπευχαριιι--τεῖι⁸

1076 2674 1127 2702 μεν
1153 2666 1211 2697 τοῖς
1229 2665 1394 2702 κρατοῦσιν·
1420 2666 1462 2692 ὅτι
1487 2665 1512 2691 ει
1538 2664 1585 2691 καὶ
1604 2663 1688 2699 μηδὲν
1702 2664 1779 2696 ἄλλο,
1805 2665 1866 2691 ὅσον

1076 2712 1146 2748 πρὸς
1166 2712 1240 2747 ἡμᾶς
1260 2711 1331 2746 μέγα
1347 2711 1378 2738 τὺ
1405 2711 1538 2748 δώρημα·
1558 2710 1606 2737 καὶ
1627 2709 1722 2741 πάλιν,
1747 2710 1789 2736 ὅτι
1817 2711 1866 2736 οὐκ

1076 2758 1110 2788 ἂν
1123 2758 1212 2792 ἄλλως
1227 2758 1345 2791 εὐθέτως
1359 2757 1476 2794 ἔσχομεν
1488 2757 1537 2793 τὴν
1548 2756 1697 2792 σὺμὸασιν,
1711 2756 1770 2792 ῆτδ
1780 2756 1867 2788 οὔτως
