1912 3080
78 146 138 178 1341

666 151 935 183 EPISTOLARUM
965 153 1039 183 LIB.
1060 152 1105 184 II.

1631 149 1700 184 1342

73 205 207 239 epseﬁvat
236 205 311 240 ἡμᾶς
325 204 380 232 τῶν
408 205 538 240 φυλακῶν
548 214 556 222 ·
571 206 619 232 καὶ
643 206 812 242 καθεσθῆναι
827 207 857 234 ἐν

911 208 1036 243 precibus
1057 206 1163 236 vestris.
1180 206 1213 234 Et
1226 207 1358 242 quoniam
1383 206 1416 234 de
1440 206 1614 234 revocatione
1629 207 1699 235 inci-

73 251 222 286 καθίσματι
247 251 411 286 τηλικούτῳ.
430 251 522 278 Πάντα
546 252 587 284 εἰς
606 252 689 279 καλὸν
704 253 772 288 ἡμῖν
793 261 858 279 συν-

73 298 183 333 έδραμε,
207 297 254 324 ml.
279 297 459 333 συνδράμοιεν
481 295 510 324 εὗ
528 295 576 324 οἷδ’
601 299 642 325 ὄτι
662 299 757 334 εὐχαῖς
781 299 859 334 ὑμῶν

73 343 175 377 ἁγίαις.
202 343 313 379 Ἐπειδὴ
335 343 364 369 δὲ
385 345 398 370 ὁ
418 343 497 378 λόγος
513 345 578 379 περὶ
599 344 793 381 ἀνακλήσεως·
812 346 859 372 ἁν-

74 389 174 424 εκλήθη
192 390 238 416 καὶ
262 390 354 425 ήνώθη
370 390 436 425 ἡμῖν
451 391 500 417 σὺν
517 393 574 422 τοῖς
590 391 681 423 ἄλλοις
704 391 751 418 καὶ
777 391 859 418 πλέον

74 436 175 470 μᾶλλον
193 436 248 462 τῶν
274 436 362 462 ἄλλων
386 437 401 462 ὁ
422 437 669 472 γραμματηφόρος,
687 438 701 464 ό
717 437 860 472 ἀγαπητὸς

74 481 152 516 ἡμῶν
179 482 239 512 υἱὸς
270 481 382 517 Κλέμης
406 483 420 508 ὀ
467 483 664 514 εὐλαόἐστατος
695 483 856 518 ἡγούμενος,

72 528 162 553 πάντα
176 528 303 562 ἀσμένως
319 527 510 562 εἰσδεξάμενος
518 528 536 555 ἃ
547 528 600 555 ἔδει
611 528 687 564 αὐτῷ
695 529 856 564 λαληθῆναι,

72 574 119 599 καὶ
147 574 211 607 περὶ
233 574 342 600 πάντων
362 574 548 608 ποιησάμενος
581 575 630 610 τὴν
665 575 858 610 προσήκουσαν

72 617 233 651 ἀπολογίαν.
247 614 332 652 Ἐερ’ᾧ
345 619 392 645 καὶ
404 618 566 654 ὰρεσθέντες
578 620 765 654 ἠσπασάμεθα
778 619 859 647 αὐτὸν

72 665 320 699 ἐνστερνισμένως·
342 665 500 697 ἐλπίζοντες
525 667 572 692 καὶ
591 666 625 692 δι’
643 667 725 693 αὑτὸν
747 666 859 702 αὔχημα

71 710 145 745 ἔχειν
156 711 181 737 οἱ
198 711 357 746 ἁμαρτωλοὶ
373 713 506 748 σωτήριον
523 713 589 739 αὐτὸ
601 713 690 740 τοῦτο.
705 713 760 740 Καὶ
781 713 859 746 ὑμεῖς

71 757 250 792 προσήκασθε
265 759 421 794 παρακαλῶ
438 760 483 785 τὸν
506 759 620 793 ἀδελφὺν
635 760 673 791 ὡς
696 751 817 793 ἀδελ-σοὶ,
831 759 861 785 τὸ

910 254 950 282 dit
963 254 1074 286 mentio,
1092 256 1235 281 revocatus
1253 257 1296 280 est
1311 252 1442 287 nobisque
1459 261 1520 280 cum
1541 253 1603 280 aliis
1632 260 1700 280 con-

908 299 1030 334 iunctus,
1055 300 1112 327 imo
1140 299 1283 334 plusquam
1311 299 1368 331 alii,
1396 299 1554 326 tabellarius
1584 299 1700 327 dilectus

909 346 983 374 ﬁlius
999 351 1092 374 noster
1106 345 1245 378 Clemens,
1272 345 1497 380 religiosissimus
1526 346 1698 380 praepositus,

909 393 1000 420 omnia
1016 393 1132 420 libenter
1147 393 1296 427 accipiens,
1309 400 1369 427 quae
1391 392 1441 426 ipsi
1474 392 1526 419 dici
1557 400 1605 426 par
1630 398 1699 424 erat,

909 443 937 466 et
960 439 993 466 de
1017 439 1146 466 omnibus
1180 439 1312 466 rationem
1343 438 1469 464 idoneam
1497 438 1624 465 reddens.
1641 438 1700 470 Qua

907 484 1016 520 quidem
1033 492 1062 512 re
1078 493 1127 512 nos
1147 485 1272 515 recreati.
1291 488 1346 511 toto
1355 492 1417 511 eum
1437 483 1498 511 sinu
1519 483 1636 518 amplexi
1652 491 1700 510 su-

908 537 980 560 mus.
991 535 1132 564 sperantes
1143 538 1204 557 eum
1218 530 1298 556 etiam
1306 529 1419 556 salutari
1427 529 1505 557 nobis
1511 529 1702 564 peccatoribus

909 576 1003 610 gloriae
1028 576 1096 603 fore.
1115 575 1194 603 llunc
1213 576 1301 611 ipsum
1318 580 1346 602 et
1364 583 1422 607 vos,
1439 583 1544 610 quaeso,
1567 575 1702 602 admittite

910 621 1020 649 fratrem
1037 627 1066 649 ut
1082 622 1191 654 fratres,
1210 623 1364 649 membrum
1385 627 1411 649 ut
1428 622 1563 653 membra.
1582 629 1701 648 consert-

912 667 1024 694 tientem
1041 674 1072 695 ut
1086 669 1298 696 consentientes.
1328 668 1375 695 Sic
1402 669 1473 694 enim
1491 667 1566 694 illum
1582 667 1702 701 reperie-

913 713 948 740 tis
976 713 1076 741 Christi
1102 715 1188 748 gratia
1212 714 1240 741 in
1266 715 1395 742 omnibus
1413 718 1486 740 recte
1503 713 1658 744 habentem.
1676 717 1703 739 et

914 766 1080 794 quaerentem
1095 760 1188 788 Deum.

73 804 207 842 μέλοςὼς
232 804 311 839 μέλη,
331 804 376 831 τὸν
394 805 534 840 ὁμόφρονα
555 805 592 837 ὡς
625 805 787 840 ὁμόφρονες.
822 805 899 831 Οὕτω
918 804 972 840 γὰρ
998 805 1079 831 αὑτὸν
1107 805 1213 841 εὕροιτε
1240 805 1331 841 χάριτι
1362 804 1480 840 Χριστοῦ
1508 806 1536 831 ὲν
1563 805 1645 831 πᾶσιν
1671 803 1702 830 εὖ

71 855 167 889 ἔχοντα
178 854 226 879 καὶ
242 852 376 888 ζητοῦντα
389 852 465 880 Θεὸν.

179 899 218 925 A'.
245 899 406 933 ἩγουμέῪῃ
422 899 477 932 τῆς
493 900 626 932 Νικαίας.
644 897 741 935 [φπε’.]

1103 895 1169 923 XCI.
1184 911 1216 916 -—
1234 895 1385 922 Prwvosila:
1401 894 1511 923 Nictete.

558 958 699 982 Gratulalut‘
715 956 747 981 ob
757 956 918 981 constantiam
932 957 1045 987 tempore
1060 953 1252 986 persecutionis.

105 1009 162 1036 Καὶ
177 1009 310 1044 πρότερον
333 1010 361 1035 αι
379 1010 444 1045 περὶ
455 1011 503 1044 τῆς
516 1010 675 1045 τιμιότητος
691 1019 738 1037 σου
754 1010 856 1044 ἀγαθαὶ

943 1007 976 1034 Ει
992 1009 1067 1042 prius
1082 1007 1181 1042 optima
1193 1007 1227 1035 de
1240 1007 1392 1034 reverentia
1415 1011 1461 1034 tua
1493 1014 1554 1034 ama
1581 1015 1632 1035 nos
1649 1009 1702 1035 im-

69 1056 152 1082 ἀχοαὶ
163 1055 293 1081 εἵλκυσαν
313 1055 388 1090 ἡμᾶς
403 1055 556 1082 ἐπιστεῖλαί
573 1064 629 1082 σοι.
655 1057 711 1083 Καὶ
732 1055 780 1083 νῦν
799 1057 859 1088 ταῖς

70 1103 167 1133 αὑταῖς
182 1101 334 1136 εὐφημίαις
350 1101 558 1136 ὲπερειδὸμενοι
582 1102 630 1129 καὶ
650 1103 795 1138 γράφομεν
812 1101 859 1129 καὶ

71 1147 314 1183 προσαγορεύομεν
337 1147 386 1182 τὴν
409 1149 631 1183 σεμνοπρέπειαν
648 1157 710 1175 σου·
728 1149 860 1184 ἀποδεχό-

71 1203 149 1230 μενοι
165 1195 212 1220 καὶ
230 1194 443 1230 μακαρίζοντες,
459 1195 501 1221 ὄτι
519 1195 593 1221 εἵλου
604 1195 647 1222 διὰ
664 1195 766 1230 Κύριον
783 1195 860 1222 ὑπεῖ-

69 1249 115 1267 σαι
137 1241 244 1274 Θλίψεις
268 1242 316 1267 καὶ
337 1242 530 1277 στενοχωρίας,
555 1241 677 1276 διωγμὸν
690 1242 741 1276 τῆς
764 1242 859 1277 μονῆς,

67 1288 116 1314 καὶ
129 1287 237 1322 ἐξορίαν
249 1287 434 1322 μεταθέσεως,
448 1288 496 1314 καὶ
511 1287 572 1314 εἴτι
586 1288 651 1315 ἄλλο
667 1288 860 1323 περιστατικὸν

67 1334 116 1361 καὶ
143 1333 292 1368 ὁμολογίας
317 1333 518 1361 ὑποδεικτικόν.
546 1334 638 1361 Ταῦτα
657 1335 791 1366 αἰνέσεως
813 1335 860 1361 καὶ

67 1379 292 1415 ιξημολογήσεως
303 1387 310 1394 ·
326 1379 415 1406 ταῦτα
422 1379 540 1415 Νύμφης
556 1380 675 1415 Χριστοῦ
691 1381 799 1408 ἔπαθλα
813 1382 861 1408 καὶ

67 1425 260 1460 ἀγωνίσματα.
275 1426 323 1452 καὶ
338 1425 369 1452 τὸ
388 1425 428 1452 ἔτι
443 1426 683 1462 ἁξιαγαστότερον,
702 1428 719 1462 ή
734 1428 799 1463 περὶ
811 1427 861 1459 τὰς

67 1471 121 1498 ὑπὸ
135 1473 216 1506 χεῖρα
235 1471 354 1506 ἀδελφὰς
375 1472 484 1506 ὁσιότης
494 1481 501 1487 ·
513 1480 520 1487 ο
535 1472 576 1499 ὅτι
589 1473 642 1505 κάξ
655 1473 746 1500 αὐτῶν
758 1473 861 1500 εἵλοντο

68 1518 311 1544 συναποδύσασθαί
338 1527 381 1545 σοι
399 1520 447 1553 τῇ⁴
464 1519 606 1554 ὁμολογίᾳ,
621 1520 670 1546 καὶ
682 1520 859 1556 ἡνδρίσαντο,

67 1564 117 1590 καὶ
140 1563 372 1599 ὲμαστιγὼθησαν
390 1564 439 1591 καὶ
458 1564 693 1600 περιωρίσθησαν,
728 1566 776 1592 καὶ
805 1566 862 1592 €66-

67 1611 158 1644 ξασαν
177 1610 223 1637 τὸν
248 1610 314 1637 Θεὸν
340 1611 369 1637 ἐν
390 1610 429 1645 τῷ
450 1611 557 1646 σώματι
580 1612 681 1644 αὐτῶν,
704 1613 753 1639 καὶ
779 1614 808 1638 ἐν
823 1612 861 1647 τῷ

68 1657 222 1692 πνεύματι.
239 1658 271 1684 Ὠ
288 1658 342 1684 τῶν
356 1657 463 1684 deum
481 1658 533 1684 οὐὰ
547 1658 597 1692 τῆς
615 1658 703 1692 καλῆς
719 1658 860 1693 παιδαγω-

67 1704 133 1737 γίας
148 1705 154 1730 l
170 1701 227 1730 οἷον
243 1704 273 1730 τὸ
288 1703 383 1738 ἄρχον,
396 1704 518 1730 τοιοῦτον
529 1705 577 1731 καὶ
591 1704 621 1731 τδ
636 1705 788 1740 ἀρχόμενον
798 1714 804 1719 ·
817 1702 860 1731 οἷα

67 1752 86 1786 ἡ
98 1749 276 1781 διδάσκαλος,
289 1749 453 1784 τηλικαῦται
469 1750 515 1776 καὶ
535 1750 563 1776 αἱ
587 1751 746 1785 μαθήτριαι.
766 1751 812 1778 Σοὶ
831 1750 862 1777 εὖ

68 1798 127 1831 ἔχει
142 1796 235 1830 λέγειν
246 1804 253 1810 ·
276 1796 342 1822 Ἰδοὺ
365 1795 421 1829 ἐγὼ
441 1795 490 1822 καὶ
504 1796 537 1822 τὰ
551 1796 647 1822 παιδία.
668 1796 686 1823 ἆ
702 1805 746 1831 μοι
762 1797 861 1823 ἔδωκεν

67 1844 82 1868 ὁ
109 1843 189 1874 θεὸς,
215 1841 333 1874 εναθλοι,
355 1842 498 1877 ὰνδρικαὶ,
530 1842 699 1877 φιλόχριστοι
727 1842 860 1877 μᾶλλον-ἢ

69 1887 247 1923 φιλόσαρκοι,
264 1886 354 1913 πάντα
369 1887 492 1913 σκύὸαὶα
507 1887 670 1922 ἡγούμεναι,
684 1888 727 1914 ἵνα
744 1889 862 1924 Χριστὸν

68 1933 248 1968 κερδήσωσι·
265 1933 356 1959 πάντα
364 1933 400 1960 τὰ
416 1933 484 1968 μέλη
503 1933 615 1968 Χριστῷ
629 1934 860 1969 προσενέγκασαι,

69 1980 114 2007 ινα
140 1980 188 2006 τὸν
217 1980 336 2015 ἐραστὴν
362 1979 564 2015 θεραπεύσωσι.
587 1980 665 2006 Μετὰ
687 1980 862 2016 ὁμολογητῷν

68 2026 253 2061 συνετᾶγητε,
269 2025 338 2060 μετὰ
355 2025 503 2060 μαρτύρων
525 2024 736 2059 ἐστεφανόθητε,
751 2018 813 2051 ὅσον
830 2025 863 2050 ὲκ

66 2071 116 2098 τοῦ
132 2072 298 2106 φθάσαντος.
323 2071 393 2097 Ἀλλ’
408 2071 513 2106 ἐπειδὴ,
527 2068 549 2097 ὦ
564 2071 662 2106 μῆτερ,
678 2071 778 2104 οὐδεὶς
790 2079 862 2097 στε»

67 2118 231 2152 φανοῦται,
247 2118 301 2145 ἐὰν
320 2117 364 2152 μὴ
383 2117 514 2152 νομίμως
538 2117 671 2151 ἀθλήσῃ,
696 2117 814 2152 νόμιμον
832 2117 862 2143 δέ

67 2164 129 2190 ἐστι
146 2163 179 2190 τὸ
196 2163 278 2198 μέχρι
288 2162 384 2194 τέλους
398 2163 446 2190 καὶ
459 2163 550 2189 πίστει
559 2163 607 2189 καὶ
620 2163 670 2198 βίῳ
681 2163 860 2198 ἀριστεῦσαι·

67 2208 226 2243 παρακαλῶ
241 2209 289 2235 καὶ
317 2208 537 2244 ὑπομιμνήσκω-
549 2208 639 2241 ἁείως
661 2208 862 2242 περιπατῆσαι

67 2254 152 2288 ἡμᾶς
166 2253 223 2287 τῆς
248 2253 389 2287 κλήσεως
402 2250 441 2288 ἧς
459 2252 646 2287 ἑκλήθημεν¹
661 2252 737 2287 μετὰ
759 2253 862 2286 πάσης

66 2301 356 2334 ταπεινοφροσύνης
371 2299 420 2326 καὶ
437 2299 614 2333 πραότητος·
631 2299 698 2334 μετὰ
710 2299 861 2333 ἀσφαλείας

910 1055 980 1090 pulit
994 1059 1023 1081 ut
1042 1055 1076 1082 ad
1093 1059 1118 1082 te
1132 1054 1317 1081 scriberemus
1335 1061 1342 1080 :
1358 1057 1386 1080 et
1408 1061 1482 1081 nunc
1508 1055 1602 1081 eadem
1627 1062 1703 1082 com-

911 1102 1086 1130 mendatione
1112 1100 1191 1128 famte
1226 1100 1342 1134 permoti
1377 1105 1433 1127 tum
1462 1100 1620 1132 scribimus,
1645 1106 1702 1128 tum

910 1146 1069 1181 gravitatem
1096 1150 1170 1172 tuam
1195 1144 1359 1176 salutamus,
1390 1145 1535 1172 laudantes
1550 1153 1581 1172 ac
1596 1145 1701 1172 felicem

910 1191 1102 1225 praedicantes,
1117 1191 1189 1225 quod
1207 1194 1315 1224 propter
1329 1189 1475 1216 Dominum
1502 1190 1574 1216 ultro
1591 1191 1701 1225 pertuli-

911 1237 945 1264 sti
968 1244 1105 1264 terumnas
1130 1241 1212 1271 atque
1227 1236 1379 1271 angustias,
1402 1235 1574 1263 vexationem
1607 1244 1686 1263 mona

912 1283 987 1312 sterii
1014 1283 1263 1317 abductionemque
1288 1283 1314 1310 in
1338 1282 1476 1314 exsilium,
1498 1287 1525 1310 et
1538 1282 1561 1309 si
1577 1283 1640 1317 quid
1663 1287 1705 1310 est

911 1329 985 1356 aliud
996 1329 1202 1360 calamitosum,
1221 1337 1276 1363 quo
1293 1329 1432 1356 confessio
1447 1329 1615 1361 exploratur.
1632 1328 1704 1356 Lau-

910 1375 953 1402 dis
973 1374 1032 1402 bmc
1045 1380 1109 1402 sunt
1124 1379 1151 1401 et
1166 1375 1367 1409 praedicationis
1397 1375 1475 1409 plena
1492 1383 1499 1402 :
1515 1375 1571 1402 haec
1590 1375 1703 1410 Sponsa:

911 1421 1013 1449 Christi
1035 1422 1184 1448 certamina
1200 1426 1226 1448 et
1245 1422 1347 1454 przelia,
1378 1425 1415 1452 et.
1443 1421 1515 1456 quod
1541 1427 1583 1448 est
1606 1422 1701 1455 majori

912 1467 1094 1495 admiratione
1109 1467 1234 1501 dignum,
1250 1475 1377 1494 sororum
1406 1468 1577 1494 subditarum
1597 1469 1702 1495 sancti—

912 1515 1004 1542 monia
1023 1523 1030 1541 :
1048 1522 1111 1541 nam
1129 1518 1234 1541 et’sunt
1253 1522 1285 1540 ex
1302 1514 1370 1548 ipsis
1395 1522 1457 1549 quae
1471 1518 1581 1548 propter
1594 1513 1704 1542 confes-

912 1561 1018 1589 sionem
1040 1565 1129 1588 tecum
1149 1560 1229 1588 bonis
1251 1565 1339 1587 exutae
1372 1565 1447 1592 sunt,
1472 1566 1499 1588 et
1523 1561 1586 1588 forti
1611 1562 1704 1588 animo

913 1607 1032 1640 fuerunt,
1045 1612 1071 1634 et
1085 1607 1177 1642 plagas
1191 1612 1368 1642 exceperunt,
1388 1612 1415 1634 et
1429 1607 1522 1641 ejecta:
1533 1614 1597 1635 sunt
1615 1608 1641 1634 in
1655 1616 1704 1635 ex-

914 1654 1017 1684 silium,
1036 1657 1063 1680 et
1089 1653 1309 1688 gloriﬁcaverunt
1337 1653 1422 1680 Deum
1452 1658 1508 1680 tum
1535 1654 1562 1681 in
1590 1661 1704 1688 corpore

914 1707 975 1731 suo,
992 1704 1048 1726 tum
1065 1706 1130 1726 vero
1143 1705 1169 1726 et
1184 1699 1211 1725 in
1223 1698 1330 1732 spiritu.
1346 1697 1368 1726 0
1383 1699 1547 1726 certamina!
1569 1700 1621 1726 vah
1635 1708 1704 1734 pras-

913 1745 1014 1773 claram
1040 1745 1256 1772 institutionem!
1274 1745 1360 1778 Quale
1375 1746 1446 1780 quod
1463 1746 1591 1780 imperat.
1609 1746 1661 1773 tale
1676 1750 1704 1773 et

913 1791 985 1826 quod
1018 1791 1112 1819 subest
1127 1799 1133 1818 :
1149 1792 1238 1825 qualis
1267 1791 1408 1827 magistra,
1428 1792 1495 1818 tales
1509 1796 1537 1818 et
1550 1792 1703 1827 discipulae.

914 1837 952 1864 Te
979 1844 1029 1863 vox
1047 1838 1121 1864 decet
1137 1838 1189 1865 ista
1207 1846 1214 1864 :
1230 1836 1300 1864 Ecce
1319 1844 1370 1872 ego
1386 1842 1412 1864 et
1428 1837 1523 1872 puella:
1553 1846 1620 1865 mea;
1635 1846 1704 1873 quas

913 1884 986 1910 dedit
1004 1883 1071 1910 mihi
1089 1883 1161 1910 Deus
1174 1884 1209 1914 ",
1228 1887 1358 1915 strenuae,
1374 1883 1470 1915 fortes,
1498 1883 1599 1911 Christi
1618 1885 1703 1916 magis

912 1929 994 1965 quam
1011 1930 1101 1957 carnis
1133 1930 1289 1961 amatrices,
1306 1930 1398 1957 omnia
1427 1931 1564 1957 arbitratae
1587 1935 1617 1957 ut
1634 1935 1703 1958 ster-

913 1984 987 2008 cora,
1014 1980 1044 2003 ut
1059 1975 1199 2003 Christum
1224 1976 1418 2004 lucrifacerent
1432 1978 1455 1993 "
1471 1986 1477 2004 :
1495 1984 1555 2012 qua:
1581 1978 1703 2004 membra

912 2022 1004 2049 utimia
1024 2021 1134 2048 Christo
1157 2026 1369 2053 consecrarunt,
1388 2027 1416 2049 ut
1432 2027 1568 2049 amantem
1601 2031 1630 2051 se
1655 2024 1703 2050 de-

913 2073 1095 2095 mererentur.
1110 2067 1178 2094 Cum
1196 2067 1400 2096 confessorihus
1415 2073 1603 2096 annumerataa
1626 2069 1703 2100 estis.

913 2122 975 2142 cum
992 2114 1157 2149 martyribus
1169 2119 1317 2145 coronatae,
1336 2119 1468 2150 quantum
1494 2115 1526 2142 ad
1557 2115 1703 2149 praeterita.

914 2159 966 2187 Sed
984 2158 1217 2194 quandoquidem,
1233 2166 1249 2185 ο
1271 2165 1369 2190 mater,
1390 2167 1464 2186 nemo
1494 2164 1638 2186 coronatur
1653 2159 1704 2186 nisi

912 2206 1025 2241 legitime
1044 2206 1181 2234 certaverit
1195 2205 1218 2221 ’°
1237 2214 1244 2232 :
1261 2205 1410 2240 legitimum
1431 2210 1473 2233 est
1503 2210 1594 2233 autem
1617 2211 1702 2241 usque

913 2252 941 2278 in
957 2250 1037 2277 ﬁnem
1051 2251 1102 2276 ﬁde
1113 2257 1144 2277 ac
1163 2249 1285 2276 moribus
1301 2250 1435 2278 excellere
1453 2259 1460 2277 ε
1476 2250 1592 2278 obsecro
1606 2254 1633 2278 et
1655 2251 1704 2277 ad-

914 2304 1021 2328 moneo.
1039 2302 1068 2324 ut
1081 2297 1159 2332 digne
1188 2296 1352 2324 ambulemus
1382 2298 1518 2324 vocatione
1549 2306 1603 2333 qua
1616 2298 1703 2324 uocati

67 2346 141 2380 πρὸς
158 2345 188 2371 τὸ
203 2344 278 2378 ἑξῆς,
308 2344 376 2379 μήτε
401 2343 503 2370 ἁλῶναι
518 2345 550 2378 τῇ
578 2343 618 2370 ἔτι
646 2343 859 2378 κορυϐαντιώσει

915 2352 1018 2374 sumus.
1038 2351 1097 2370 cum
1122 2344 1193 2370 omni
1215 2343 1366 2371 humilitate
1380 2349 1404 2370 et
1430 2344 1629 2371 mansuetudine
1643 2344 1684 2374 "':

66 2391 180 2425 αἱρέσει
194 2390 399 2425 ἀρνησιχρίσῳυ
421 2391 488 2425 μήτε
502 2398 529 2415 τι
539 2389 610 2416 κατὰ
625 2389 670 2415 τὸν
686 2389 863 2424 ὀφειλόμενον

67 2436 266 2468 κανονίζεσθαι
290 2436 441 2470 ἀσκητικὸν
458 2436 514 2471 βίον
540 2436 780 2472 παρατρέπεσθαιθ
795 2436 863 2463 ἀλλὰ

67 2484 164 2510 πάντα
178 2484 265 2509 ποιεῖν
281 2484 321 2514 εἰς
344 2482 422 2515 δόξαν
438 2482 522 2509 Θεοῦ¹
542 2482 677 2514 παντοίως
698 2482 864 2517 διαλάμπειν

67 2528 107 2563 τῷ
124 2528 263 2563 φωτισμῷ
276 2528 329 2555 τῶν
355 2528 471 2555 ἐντολῶν
483 2536 490 2543 ·
510 2529 579 2563 ὅπερ
601 2527 723 2554 πιστεύω
741 2528 863 2563 ἐνεργεῖν

67 2575 145 2609 ὑμᾶς
160 2576 201 2606 εἰς
218 2574 330 2602 ἔπαινον
340 2574 418 2610 δόξης
429 2575 560 2610 Χριστοῦ,
576 2576 616 2604 εἰς
629 2573 742 2609 αΰχημα
753 2574 863 2601 αἰώνιον

67 2621 166 2655 ὑμῶν’
185 2620 228 2656 εἴη
252 2621 280 2647 δὲ
307 2622 396 2648 εἰπεῖν
412 2620 460 2647 καὶ
489 2620 568 2656 ήμῶν
597 2620 652 2647 τῶν
680 2620 860 2655 ἁμαρτωλῶν.

67 2668 125 2695 Καὶ
155 2668 211 2704 γὰρ
239 2669 263 2695 ει
293 2669 353 2699 ἑνὸς
373 2667 482 2703 Πατρός
508 2669 603 2702 ἔσμεν,
621 2667 732 2701 ἀδελφοὶ
761 2667 861 2698 πάντες

68 2714 197 2749 ἀλλήλων
223 2714 448 2750 χρηματίζομεψ
478 2713 526 2741 καὶ
550 2714 584 2741 τὰ
609 2714 719 2740 πάντων
745 2713 862 2740 σπουδά-

69 2767 176 2794 σματα,
190 2760 394 2796 ὲκκαυχήματα
408 2760 434 2787 οι
445 2760 545 2791 πάντες
554 2760 604 2786 οὐκ
610 2759 762 2791 ἀπεικότως
777 2757 860 2794 ήγού-

109 2886 134 2903 ⁸⁸
152 2886 236 2915 llebr.
251 2895 280 2920 ll,

321 2887 361 2914 15.
399 2889 421 2904 ⁷⁵
438 2887 554 2923 Philipp.
573 2895 614 2920 ut,
633 2889 658 2915 8.
692 2888 715 2904 "
733 2888 754 2915 ll
770 2887 841 2916 Tim.
859 2896 889 2921 tt,
903 2888 929 2915 5.

913 2395 1040 2416 caventes
1063 2389 1158 2415 sedulo
1177 2388 1203 2415 in
1235 2393 1372 2423 posterum
1393 2397 1425 2416 ne
1448 2389 1546 2417 irretiti
1562 2394 1704 2417 teneamur

912 2435 1066 2463 insaniente
1079 2435 1168 2463 adhuc
1187 2435 1284 2463 hzeresi
1299 2443 1361 2470 quae
1377 2435 1515 2463 Christum
1531 2441 1611 2471 negat
1627 2446 1633 2463 :
1652 2445 1702 2464 nec

913 2482 1069 2517 detorqueri
1093 2489 1142 2510 nos
1155 2483 1290 2517 patiamur
1303 2483 1340 2510 ab-
1352 2483 1455 2516 optima
1469 2488 1494 2510 et
1515 2484 1631 2518 regulari
1649 2485 1702 2511 vita

913 2528 1057 2556 monastici
1074 2529 1188 2556 instituti
1205 2538 1212 2556 :
1229 2529 1275 2556 sed
1291 2529 1384 2556 omnia
1399 2529 1531 2557 faciamus
1543 2530 1569 2556 in
1586 2530 1700 2564 gloriam

912 2574 971 2608 Dei,
979 2576 1051 2602 omni
1060 2583 1092 2602 ex
1100 2581 1175 2610 parte
1182 2575 1371 2603 mandatorum
1381 2576 1523 2610 splendore
1533 2574 1700 2611 fulgeamus;

913 2622 985 2656 quod
1016 2627 1043 2649 et
1072 2623 1199 2649 existimo
1219 2630 1266 2650 vos
1282 2627 1423 2657 praestare,
1441 2622 1469 2648 in
1482 2622 1590 2649 laudem
1607 2623 1702 2657 gloriae

911 2667 1026 2698 Christi.
1045 2667 1071 2695 in
1084 2667 1270 2702 gloriatiouem
1287 2673 1404 2696 vestram
1423 2668 1629 2702 sempiternam,
1648 2669 1703 2695 uti-

911 2718 975 2738 nam
999 2711 1040 2739 fas
1053 2712 1089 2740 sit
1105 2712 1213 2745 addere,
1230 2716 1257 2740 et
1282 2718 1401 2740 nostram
1417 2713 1463 2747 qui
1479 2717 1637 2747 peccatores
1652 2720 1702 2739 su-

911 2764 983 2785 mus.
997 2756 1065 2784 Nam
1080 2757 1104 2785 si
1119 2765 1151 2784 ex
1170 2766 1225 2785 uno
1248 2758 1327 2787 Patre
1351 2767 1457 2792 sumus,
1474 2766 1569 2787 omnes
1585 2759 1701 2786 invicem

969 2888 989 2903 ⁵⁷
1005 2887 1103 2924 Ephcs.
1125 2897 1161 2922 tv,
1180 2889 1205 2917 1.
