1912 3080
234 152 245 184 1
251 150 304 184 343

830 152 861 182 S.
877 150 1074 182 THEODORI
1090 150 1264 182 STUDITE

1791 152 1861 185 1344

231 212 331 234 tratrcs
347 206 516 241 appellamur
532 215 539 235 :
554 211 583 235 et
604 207 728 235 omnium
744 206 891 235 virtutibus
914 207 1025 242 gloriari

1084 207 1160 241 μεθα,
1180 205 1368 243 Προσεύχεσθε
1392 207 1457 243 περὶ
1473 206 1569 243 ἡμῶν·
1588 207 1603 234 δ
1617 208 1766 245 ἀσπασμὸς
1786 209 1865 245 ἡμῶν

231 254 356 288 singulos
371 254 442 281 haud
468 258 570 281 temere
585 261 666 289 posse
678 253 855 281 arbitramur.
873 253 955 281 Orate
971 260 1021 288 pro

231 299 321 327 nohis.
336 299 476 326 Salutatio
499 304 593 327 nostra
610 300 637 327 in
656 299 772 335 Spiritu.
793 299 927 327 Dominus
941 298 1022 326 Jesus

230 345 356 372 Christus
370 352 432 372 cum
457 345 554 380 spiritu
576 350 679 373 vestro.
694 345 794 373 Amen.
823 345 921 372 Audivi
937 345 1024 372 absti-

231 391 352 418 nentiam
370 396 396 418 te
412 392 573 427 protrahere
600 391 764 427 longiorem,
777 396 805 420 et
817 393 928 427 gavisus
943 399 1020 419 sum:

230 436 278 464 sed
292 443 381 464 tamen
397 439 526 472 quoniam
544 438 641 466 modus
656 439 682 465 in
695 438 778 466 rebus
792 437 922 465 omnibus
948 437 1022 472 opti-

231 490 292 510 mns
308 487 359 513 est.
371 491 532 511 commoneo
549 488 577 511 ut
592 484 634 512 vel
651 484 678 511 in
697 492 729 511 ea
745 492 774 512 re
792 484 903 512 modum
918 488 1023 515 teneas,

232 534 261 557 ut
274 534 303 556 et.
313 537 413 565 corpus
428 530 454 558 itt
484 532 640 559 servitutem
668 531 817 568 redigatur,
833 539 882 559 nec
895 531 930 558 sit
946 538 1024 557 man-

1074 254 1103 280 ὲν
1124 252 1274 287 Πνεὺματι.
1292 252 1322 279 ’0
1337 252 1441 288 Κύριος
1463 253 1569 289 Ἰησοῦς
1583 254 1703 290 Χριστος
1727 255 1797 291 μετὰ
1815 255 1865 282 τοῦ

1074 297 1236 333 Πνεῦματος
1255 297 1344 332 ὑμῶν.
1366 298 1464 334 Ἀμήν.
1490 299 1609 333 ’Δκήκοα
1634 299 1677 326 ὅτι
1701 300 1866 335 ἐγκράτειαν

1073 343 1165 375 ἕλκεις
1182 343 1295 379 πολλὴν,
1315 344 1363 371 καὶ
1381 344 1485 380 ἥσθην·
1503 344 1575 380 πλὴν
1591 345 1687 381 ἐπειδὴ
1705 346 1737 372 τδ
1755 346 1866 382 μέτριον

1073 390 1104 416 ὲν
1120 389 1205 416 πᾶσιν
1226 388 1349 425 ἄριστον,
1365 389 1579 426 ὑπομιμνῄσκω,
1599 391 1755 426 μετρίωσον
1767 391 1867 426 ἑαυτὴν

1075 436 1128 463 κάν
1140 435 1241 472 τούτῳ,
1260 435 1303 463 ἵνα
1314 435 1362 462 καὶ
1376 435 1584 472 δουλαγωγῆται
1599 437 1630 464 τδ
1643 436 1735 473 σῶμα,
1758 438 1806 464 καὶ
1830 439 1868 473 μὴ

1076 483 1160 519 ἀτονῇ
1178 483 1328 520 ὕπουργεῖν
1340 484 1401 515 ταῖς
1414 483 1545 516 ἐντολαῖς.

231 575 302 603 datis
317 577 500 611 exsequendis
516 578 615 612 impar.

249 620 330 648 XCII.
343 636 379 641 ——-
397 621 530 657 Episcopi:
543 628 650 659 propter
675 623 810 651 Christum
832 622 966 650 exsulibus
981 621 1008 648 in

1084 619 1140 653 ιβ’.
1156 632 1192 640 —-
1211 618 1406 659 Ἐπιᾳσεόποις
1422 618 1486 659 £07;-
1500 619 1548 659 διὰ
1562 620 1693 659 Χριστὸις
1718 620 1871 657 φυγαδευ-

559 654 702 687 ϐΙὶεηοιιε.

1274 654 1371 681 θεῖσιν
1379 654 1414 681 ὲν
1422 654 1565 688 Χερσῶνι.
1586 655 1690 692 [φπςη

233 703 328 728 Gratias
345 705 396 736 agit
411 705 478 735 quod
493 706 607 730 nuntium
628 705 661 730 de
676 705 731 730 suis
743 707 819 730 rebus
841 705 870 728 ad
887 705 967 736 ipsum
980 701 1099 736 miserint
1113 707 1119 724 :
1134 700 1298 736 laudatAgtlod
1320 700 1426 736 exsules
1444 701 1562 732 praeclara
1584 701 1677 733 ubique
1696 702 1754 727 fidei
1767 703 1872 735 pietatis

731 737 848 768 exempla
864 731 1026 767 praebuerint.
1045 731 1145 763 (Baron.
1157 738 1197 757 an.
1214 731 1270 762 821,
1282 738 1306 757 ιι.
1323 731 1375 762 δι.)

269 775 347 804 Verte
361 777 504 806 charitatis
518 785 588 813 Opus
602 783 656 811 est,
674 778 793 814 fideique
810 787 864 806 non
882 779 952 805 tlctae
979 777 1029 804 de-

1120 774 1266 810 Ἀληθινῆς
1289 774 1403 810 ἀγάπης
1423 774 1505 810 ἔργον
1521 775 1568 801 καὶ
1587 775 1707 808 πίστεως
1721 777 1873 813 ἀνυποκρί-

234 823 412 855 monstratio,
424 825 497 858 qttod
512 828 587 851 tanto
604 832 636 850 ex
651 824 774 851 locorum
789 824 932 851 intervallo
944 829 1028 849 unum

1084 829 1125 847 too
1136 821 1274 853 ἀπόδειξις
1284 821 1315 848 τὺ
1338 822 1371 848 ὲκ
1395 820 1527 848 τοσούτου
1553 821 1740 857 διαστήματος
1755 824 1872 851 τοπικοῦ

235 869 268 896 de
293 870 468 897 cnexsulibus
494 871 626 898 fratribus
656 871 731 898 misit
757 875 869 906 paterna
897 869 1029 898 sanctitas

1084 866 1236 893 ὶποστεῖλαι
1253 867 1303 902 τὴν
1320 866 1457 902 πατρικὴν
1483 867 1560 902 ὑμῶν
1573 867 1732 903 ἁγιωσύνην
1754 869 1805 896 ἕνα
1817 870 1873 897 τῶν

234 920 336 947 vestra,
353 915 503 951 Agapetnm
519 917 684 944 monachum
702 917 971 949 reverendissimum,
986 915 1028 943 vel

1084 912 1321 947 ῖυνδεδιωγμίνων
1341 912 1477 947 ἀδελφῶν,
1497 913 1654 948 Ἀγαπητδν
1669 914 1717 941 τὸν
1727 915 1874 952 αἰδεσιμὼ-

235 962 326 996 potius
353 961 554 995 beatissimum,
570 962 647 997 juxta
676 963 701 990 id
729 963 801 998 quod
818 970 832 989 a
848 962 963 989 Domino
983 961 1026 989 di-

1084 965 1158 984 τατον
1175 958 1328 993 μοναστήν·
1349 958 1451 993 μᾶλλον
1471 958 1500 984 δὲ
1520 959 1731 995 μακαριώτατον
1747 961 1823 988 κατά
1844 962 1873 989 τὺ

235 1012 309 1034 ctum
323 1012 365 1034 est
375 1008 408 1035 de
425 1008 458 1035 iis
473 1008 519 1042 qui
532 1009 741 1042 persecutionem
759 1009 901 1044 patiuntur
921 1012 1028 1043 propter

1084 1003 1133 1030 ῢπδ
1144 1004 1248 1039 Κυρίου
1264 1004 1396 1040 ᾀδόμενον
1408 1004 1443 1032 ἐν
1456 1004 1519 1038 τοῖς
1542 1005 1753 1041 δεδιωγμένοις
1768 1007 1875 1035 ἕνεκεν

232 1054 367 1088 justitiam
384 1054 407 1071 "
424 1064 431 1081 :
452 1055 485 1082 ad
518 1056 685 1083 visitandum
712 1055 831 1092 primum
851 1055 963 1091 quidem
986 1055 1029 1082 di-

1084 1049 1279 1084 Βικαιοσύνης
1291 1058 1298 1066 ·
1318 1051 1472 1087 ἐπισκοπὴν
1488 1052 1681 1087 ποιησόμενον.
1696 1055 1875 1090 προηγουμέ-

237 1100 328 1127 vinum
347 1108 381 1127 ac
394 1108 552 1136 supremum
565 1107 663 1137 caput;
679 1101 779 1130 deinde
789 1109 840 1130 nos
851 1109 960 1137 quoque
976 1102 1029 1129 mi-

1084 1103 1132 1127 νως
1147 1095 1198 1130 μὲν
1215 1097 1248 1130 τῇ
1276 1095 1337 1132 θείᾳ
1366 1097 1415 1123 καὶ
1443 1098 1648 1134 κορυφαιοτάτῃ
1664 1099 1748 1134 κάρᾳ,
1776 1100 1876 1127 ἔπειτα

236 1146 326 1173 nimos
337 1146 363 1174 in
387 1147 516 1176 fratribus
531 1152 558 1175 et
583 1148 646 1176 tiliis
662 1149 861 1184 spiritualihus.
881 1149 904 1176 0
919 1149 1029 1184 praecla-

1084 1141 1147 1177 ἡμῖν
1163 1142 1223 1172 τοῖς
1236 1142 1389 1177 ἐλαχίστοις
1405 1143 1434 1169 ἐν
1447 1143 1574 1178 ἀδελφοῖς
1592 1145 1640 1171 καὶ
1655 1146 1727 1172 υἱέσι
1749 1155 1875 1181 πνευμα-

236 1199 296 1218 rnm
329 1193 496 1221 consilium!
513 1194 677 1223 osineeram
703 1195 895 1223 dilectionem!
912 1201 939 1223 et
964 1203 1029 1230 quo-

1084 1185 1178 1215 τικοϊς.
1200 1185 1232 1212 Ὢ
1251 1186 1304 1220 τῆς
1327 1185 1414 1220 καλῆς
1429 1186 1591 1219 εὐϐουλίαςι
1611 1187 1697 1223 ὢτῆς
1709 1188 1877 1224 εἰλικρινοῦς

237 1244 366 1265 runmam
385 1239 516 1272 aliorum,
532 1247 615 1275 quam
636 1247 730 1268 eorum
760 1240 808 1276 qui
827 1246 938 1276 propter
950 1240 1029 1268 Chri-

1084 1231 1209 1265 ᾰγάπηςι
1224 1231 1272 1257 καὶ
1287 1231 1373 1258 τίνων
1385 1231 1485 1264 ἄλλων,
1502 1232 1519 1261 ἢ
1537 1232 1592 1259 τῶν
1608 1232 1653 1259 διὰ
1675 1233 1795 1268 Χριστὸν
1815 1233 1876 1260 ἐλο-

238 1288 309 1310 stnm
321 1284 453 1319 elegerint
464 1293 479 1313 a
489 1285 648 1314 domesticis
659 1287 795 1322 separari,
812 1291 841 1314 et
851 1287 1028 1323 longinquam

1084 1277 1173 1312 μένων
1193 1277 1242 1304 καὶ
1258 1277 1314 1304 τῶν
1332 1278 1442 1305 οἰκείων
1454 1279 1600 1314 ἐκστῆναι,
1614 1280 1662 1306 καὶ
1677 1281 1717 1312 εις
1728 1281 1780 1315 τὴν
1792 1281 1876 1308 ἀλλο-

239 1329 267 1357 in
290 1337 367 1358 eram
396 1332 524 1360 secedere
554 1338 630 1361 tanto
647 1334 732 1361 maris
747 1333 835 1368 spatio
851 1334 1029 1370 disjunctam.

237 1385 325 1412 eaque
342 1377 398 1404 illic
416 1377 471 1413 pati
503 1386 565 1414 quas
595 1379 646 1407 fert
669 1380 732 1408 talis
757 1380 845 1408 exsilii
876 1381 1019 1409 conditio?

238 1422 429 1453 Clarissimum
442 1425 494 1454 hoc
507 1430 603 1454 vestra!
615 1427 757 1455 charitatis
770 1433 962 1464 argumentum
977 1432 1029 1456 est.

238 1469 401 1499 Benedictus
417 1479 482 1506 ergo
497 1471 631 1501 Dominus
646 1473 718 1501 Deus
740 1474 788 1509 qui
803 1481 851 1502 vos
867 1481 930 1510 erga
945 1475 1031 1502 lenui-

239 1519 320 1543 tatem
342 1521 464 1545 nostram
491 1517 532 1545 sic
559 1518 698 1550 excitatit,
716 1523 743 1547 et
757 1520 831 1547 vires
857 1525 890 1547 a’c
915 1519 1030 1555 gratiam

237 1561 361 1597 delegato
383 1563 467 1596 dedit,
496 1567 526 1591 ut
551 1569 615 1591 nota
642 1564 720 1592 nobis
743 1565 843 1593 faceret
863 1566 953 1593 Omnia
971 1573 1031 1601 quae

238 1609 391 1643 peregistis,
421 1617 538 1644 qumque
571 1610 661 1638 adhuc
693 1611 846 1643 sustinetis,
877 1611 1028 1639 felicissimi

1080 1322 1171 1359 δαπὴν
1203 1324 1425 1358 ἐκπεφευγέναι·
1453 1325 1576 1361 τοσούτῳ
1618 1326 1703 1361 μήκει
1734 1326 1877 1361 Θαλάσσης

1080 1368 1274 1404 διειργομένην
1286 1379 1292 1386 ·
1308 1371 1358 1398 καὶ
1369 1371 1521 1406 τληπαθεϊν
1535 1372 1595 1399 ἐκεῖ
1608 1373 1659 1399 ὅσα
1671 1372 1745 1404 εἰκὸς
1757 1373 1879 1409 ἐπισυμ-

1081 1414 1196 1445 ϐαίνεινι
1221 1414 1307 1442 τοῦτο
1329 1417 1531 1451 ἐναργέστατον
1560 1418 1660 1452 δεῖγμα
1689 1418 1876 1454 καθέστηκεν.

1081 1461 1236 1497 Εὑλογητδς
1255 1460 1302 1489 οὖν
1327 1462 1430 1498 Κύριος
1445 1464 1460 1490 ὁ
1476 1463 1554 1496 Θεὸς,
1576 1464 1606 1496 δς
1628 1465 1779 1498 κατένυξεν
1804 1466 1878 1501 ὑμᾶς

1080 1507 1129 1534 ἐπὶ
1151 1508 1284 1535 τοσοῦτον
1307 1509 1376 1544 πρὸς
1399 1509 1449 1544 τὴν
1485 1509 1626 1538 εὐτέλειαν
1652 1511 1747 1546 ἡμῶν·
1767 1511 1818 1538 καὶ
1850 1511 1878 1543 ὃς

1081 1553 1183 1580 ἔδωκεν
1208 1554 1286 1589 ἰσχὺν
1311 1555 1357 1581 καὶ
1381 1556 1463 1590 χάριν
1489 1555 1528 1590 τῷ
1560 1556 1718 1592 Ἀποστὸλῳ
1742 1557 1878 1593 γνωρίσαι

1082 1600 1148 1635 ἡμῖν
1175 1600 1276 1632 πάντα,
1294 1600 1367 1636 ἅπερ
1394 1600 1441 1627 καὶ
1471 1601 1610 1636 ὴνύσατε’
1640 1603 1689 1629 καὶ
1714 1602 1756 1630 In
1776 1603 1878 1639 φέρετε

239 1653 345 1687 Patres,
371 1661 421 1689 pro
449 1654 559 1682 nomine
589 1655 697 1682 Domini
723 1656 808 1683 nostri
825 1654 889 1683 Jesu
914 1656 1029 1684 Christi.

1084 1646 1231 1682 τρισόλὸιοι
1246 1646 1388 1683 Πατέρες’
1404 1647 1476 1682 ὑπὲρ
1491 1647 1538 1674 τοῦ
1553 1649 1686 1683 ὀνόματος
1703 1648 1750 1676 τοῦ
1771 1650 1879 1685 Κυρίου

238 1700 305 1734 Quae
326 1701 436 1736 quidem
451 1701 595 1729 audientes
621 1701 708 1737 gavisi
724 1710 829 1735 sumus,
844 1703 1028 1737 laudavimus,

238 1747 341 1782 gratias
368 1747 485 1782 egimus,
499 1751 526 1774 et
541 1747 670 1779 diximus,
688 1755 751 1775 vere
767 1748 794 1775 in
810 1749 889 1776 vobis
908 1749 1031 1783 compla-

238 1794 322 1821 citum
339 1801 400 1822 esse
409 1793 475 1827 Deo,
489 1802 570 1829 quem
588 1794 680 1821 colitis
691 1794 864 1822 c0nfessione
880 1796 1013 1824 veritatis.

274 1872 331 1907 Ego
345 1880 410 1900 vero
433 1874 475 1901 sic
486 1874 624 1907 existimo,
642 1882 696 1902 non
718 1879 816 1903 vestrae
832 1879 936 1903 tantum
954 1876 1030 1904 inco-

240 1917 373 1946 lumitatis
385 1919 472 1952 gratia
486 1939 493 1952 ,
515 1920 562 1947 sed
583 1919 667 1947 etiam
682 1920 781 1948 salutis
798 1921 950 1948 incolarum
966 1942 974 1954 ,
996 1922 1031 1949 ab

240 1963 364 1990 omnium
397 1965 599 1992 conservatrice
640 1965 811 2000 providentia
851 1966 1030 1993 constitutum

240 2007 325 2036 fuisse
335 2013 453 2036 vestrum
464 2009 491 2036 in
501 2017 549 2037 cas
557 2017 621 2038 oras
630 2010 768 2038 exsilium.
776 2009 816 2038 Eo
825 2011 959 2046 siquidem
969 2019 1032 2046 pro-

240 2053 323 2087 fecti,
358 2062 421 2082 mox
443 2054 590 2083 luminaria
614 2055 640 2082 itt
660 2055 781 2082 tenebris
796 2055 913 2090 vitaeque
938 2063 1032 2084 errore

242 2101 414 2128 versantibus
426 2109 474 2129 vos
487 2101 653 2135 praebuistis,
664 2101 749 2129 duces
761 2109 908 2135 caecorum,
922 2101 1031 2130 virtutis

241 2147 408 2184 magistros.
434 2157 574 2184 praecones
606 2149 731 2184 pietatis,
770 2150 883 2177 nuntios
906 2149 1029 2177 omnium

241 2203 303 2230 qua:
327 2195 372 2223 hic
387 2200 482 2223 contra
504 2194 646 2223 Christum
666 2203 713 2230 per
733 2195 900 2222 horrendam
919 2196 1032 2224 temeri-

242 2245 324 2268 tatem
337 2245 412 2277 gesta
427 2245 502 2268 sunt.
521 2240 559 2268 Ita
574 2245 602 2268 et
615 2241 651 2268 ibi
676 2246 704 2268 et
719 2241 821 2276 ubique
837 2246 972 2269 terrarum
998 2250 1032 2271 ac

241 2289 345 2322 maris,
367 2288 449 2316 veluti
465 2288 539 2316 faces
553 2288 680 2316 accendit
701 2287 836 2316 Dominus
856 2288 1031 2317 confessores

242 2334 276 2361 ad
294 2334 481 2362 ostensionem
507 2333 648 2366 veritatis,
673 2333 843 2361 eversionem
871 2333 1031 2369 impietatis,

243 2380 475 2415 quemadmodum
490 2379 600 2407 saeculis
612 2379 812 2414 superioribus.
823 2378 857 2406 Et
872 2380 1033 2415 magnifica-

243 2431 301 2453 tum
330 2430 372 2453 est
406 2433 504 2452 nomen
533 2424 605 2460 ejus,
638 2429 666 2452 et
690 2425 821 2460 probatus
849 2430 891 2453 est
916 2425 1033 2461 populus

244 2470 346 2499 Christi
362 2470 481 2502 electus,
500 2475 527 2499 et
542 2470 643 2498 Christi
659 2478 723 2498 osor
737 2476 826 2499 coetus
846 2474 1007 2507 reprobatus
1023 2482 1030 2501 :

244 2517 362 2551 denique
377 2525 494 2552 magnus
506 2517 590 2544 draco
600 2537 608 2549 ,
629 2524 708 2544 mens
722 2517 833 2551 Assyria
846 2537 855 2548 .
877 2518 959 2546 llnem
974 2520 1036 2548 vitae

244 2564 358 2591 sortitus
371 2568 413 2591 est
426 2564 539 2598 dignum
556 2563 710 2591 temeritate
725 2571 793 2597 sua,
807 2572 891 2600 quam
908 2566 936 2593 in
949 2566 1036 2595 Deutn

245 2613 377 2640 rxercuit.
390 2611 534 2645 Quomodo
545 2615 636 2639 autem
650 2619 722 2640 nunc
736 2620 767 2640 se
783 2620 828 2641 res
846 2613 891 2640 hic
905 2614 1036 2649 habeant,

245 2665 481 2693 supervacaneum
498 2657 568 2686 foret
585 2657 697 2690 dicere,
712 2666 774 2686 cum
787 2659 915 2691 idoneus,
930 2660 1035 2689 Christi

246 2705 345 2739 gratia,
360 2705 396 2731 sit
412 2704 574 2732 tabellarius
589 2708 618 2732 ut
637 2704 729 2732 omnia
745 2704 843 2732 doceat
856 2710 953 2734 exacte
967 2714 974 2733 :
990 2708 1036 2736 cui

247 2758 298 2778 nos
307 2757 370 2778 cum
384 2750 498 2786 epistola
507 2750 727 2778 distributionem
737 2751 885 2786 quamdam
896 2752 1037 2781 commisi-

249 2804 320 2824 mus.
333 2804 415 2831 quam
430 2796 571 2831 suscipere
583 2796 745 2832 dignemini,
759 2797 931 2826 venerandae
943 2805 1038 2834 preces

249 2843 282 2870 ad
299 2842 419 2869 animum
436 2842 670 2870 enrroborandum
685 2842 764 2870 nobis
784 2843 935 2879 largiendo.

285 2898 308 2914 "
324 2897 417 2925 Matth.
431 2907 457 2929 ι’.
476 2899 515 2925 l0.

1081 1694 1162 1730 ἡμῶν
1182 1693 1275 1729 Ἰησοῦ
1287 1693 1419 1729 Χριστοῦ.
1444 1695 1504 1729 Ἐφ’
1520 1693 1561 1726 οἷς
1587 1695 1757 1727 ἀκούσαντες
1776 1697 1878 1733 ἐχάρη-

1084 1749 1144 1776 μεν,
1159 1740 1308 1776 ῂνέσαμεν,
1332 1740 1625 1777 ἀνθωμολογησὰμεθα
1638 1750 1646 1758 α
1668 1743 1794 1778 εἴπομεν,
1813 1745 1854 1770 ὅτι
1867 1745 1880 1769 ὁ

1081 1786 1150 1816 Θεὸς
1178 1785 1264 1818 ὄντως
1288 1786 1319 1812 ὲν
1346 1787 1412 1821 ὑμῖν
1451 1787 1546 1813 ἐστιν’
1573 1788 1811 1823 εὐαρεστούμενος
1836 1790 1879 1816 καὶ

1082 1831 1304 1867 θεραπευόμενος
1318 1833 1352 1868 τῇ
1365 1831 1439 1867 ὑπὲρ
1454 1832 1585 1868 ἀληθείας
1600 1833 1742 1869 ὁμολογίᾳ.

1124 1878 1203 1912 Ἐμοὶ
1217 1877 1246 1904 δὲ
1259 1877 1343 1908 δοκεῖ,
1359 1877 1409 1912 οὺχ
1424 1877 1519 1904 εἵνεκα
1531 1877 1609 1911 ὑμῶν
1626 1879 1754 1912 σώματος
1775 1880 1877 1913 μόνον·

1082 1923 1151 1951 ἀλλὰ
1164 1924 1218 1958 γὰρ
1231 1923 1280 1950 καὶ
1289 1924 1318 1949 ὲν
1332 1923 1389 1955 τοῖς
1400 1923 1496 1950 αὐτόθι
1511 1924 1650 1959 σωτηρίας
1664 1924 1712 1959 τὴν
1727 1926 1881 1958 φυγαδείαν

1082 1969 1313 2005 οίκονομηθῆναι,
1328 1968 1405 2005 παρὰ
1418 1969 1468 2004 τῆς
1489 1968 1524 1995 τὰ
1542 1970 1632 1996 πάντα
1648 1970 1790 2004 σωζούσης
1816 1980 1882 2005 προ-

1082 2009 1181 2046 νοίας.¹
1206 2014 1376 2050 Ἐπειδήπερ
1405 2015 1568 2047 ἐπιστάντες
1596 2015 1707 2050 ὤφθη-τε
1732 2018 1882 2052 φωστῆρες

1081 2062 1136 2088 τῶν
1162 2062 1191 2088 έν
1218 2061 1311 2088 σκότει
1341 2061 1390 2088 καὶ
1415 2061 1506 2098 πλάνῃ
1528 2061 1605 2096 βίου,
1627 2062 1722 2096 ὁδηγοὶ
1747 2063 1881 2096 τυφλῶν*

1082 2107 1227 2134 παιδευταὶ
1246 2106 1358 2142 ἀρετῆς,
1386 2107 1512 2142 κήρυκες
1536 2107 1697 2138 εὐσεϐείας·
1721 2107 1883 2135 διδάσκαλοι

1081 2153 1137 2181 τῶν
1160 2152 1278 2180 ἐνταῦθα
1300 2153 1481 2188 πραχθέντων
1504 2153 1576 2180 κατὰ
1600 2153 1721 2189 Χριστοῦ
1753 2155 1884 2189 φοὸερῶν

1081 2199 1278 2235 τολμημάτων.
1294 2199 1373 2226 οὕτω
1388 2199 1437 2227 καὶ
1448 2200 1478 2226 έν
1493 2201 1551 2231 τοῖς
1566 2200 1660 2226 αὐτόθι
1674 2199 1721 2226 καὶ
1737 2201 1883 2236 πανταχοῦ

1081 2250 1134 2284 γῆς
1148 2257 1178 2276 τε
1193 2248 1242 2275 καὶ
1258 2247 1400 2283 θαλάσσης
1418 2246 1525 2283 ηὗγασε
1547 2247 1652 2282 Κύριος
1665 2248 1730 2279 τοὺς
1745 2247 1885 2282 ὁμολογη-

1083 2296 1143 2327 τὰς.
1157 2296 1196 2327 είς
1208 2294 1322 2328 ἔνδειξιν
1335 2294 1476 2329 ἀληθείας,
1490 2295 1531 2326 εἰς
1551 2293 1713 2329 ἀποτροπὴν
1728 2293 1866 2326 tit-reﬁcis;
1875 2302 1882 2310 -

1087 2342 1214 2378 καθάπερ
1235 2341 1283 2368 ἐπὶ
1305 2341 1363 2368 τῶν
1371 2340 1476 2368 ἀνωθεν
1494 2341 1599 2376 χρόνων
1611 2348 1618 2356 ·
1640 2341 1688 2367 καὶ
1703 2340 1883 2376 ὲμεγαλύνθη

1086 2387 1117 2414 τὸ
1136 2387 1222 2422 ὖνομα
1241 2386 1342 2419 αὑτοῦ,
1365 2387 1414 2413 καὶ
1438 2385 1608 2421 ἐδοκιμάσθη
1627 2385 1641 2412 ό
1667 2385 1799 2417 ἑκλεκτὺς
1818 2385 1885 2417 λαὸς

1086 2433 1226 2468 Χριστοῦ,
1245 2433 1293 2460 καὶ
1311 2432 1523 2468 ἀπεδοκιμάσθη
1538 2433 1552 2459 ὸ
1569 2431 1745 2467 μισόχριστος
1767 2430 1883 2463 θίασος·

1085 2480 1135 2507 καὶ
1153 2479 1230 2511 τέλος
1254 2478 1351 2506 ἐλαϐεν
1372 2479 1436 2515 ὅρον
1452 2478 1537 2514 ζωῆς,
1556 2478 1668 2510 ἐπάξιον
1680 2479 1730 2512 τῆς
1748 2477 1856 2513 τόλμης
1870 2478 1884 2504 ό

1086 2526 1174 2561 μέγας
1196 2525 1315 2561 δράκων,
1332 2526 1346 2552 ὸ
1375 2525 1519 2561 ’Δσσῦριος
1538 2524 1611 2556 νοῦς,
1631 2522 1666 2560 ἧς
1688 2523 1789 2559 ἔδρασε
1809 2523 1884 2550 κατὰ

1084 2571 1153 2598 Θεοῦ
1163 2579 1171 2588 ο
1187 2571 1219 2598 τὸ
1236 2571 1264 2598 δὲ
1278 2571 1353 2603 ὅπως
1365 2571 1413 2598 νῦν
1428 2572 1485 2606 ἔχει
1502 2571 1537 2598 τὰ
1548 2570 1678 2602 ἐνταῦθα,
1695 2570 1838 2605 παρέλκον
1851 2569 1884 2596 ἂν

1084 2618 1128 2652 εἴη
1147 2617 1237 2652 λέγειν
1248 2626 1255 2633 ”
1270 2617 1315 2644 διὰ
1329 2618 1360 2645 τὸ
1373 2618 1420 2644 τὸν
1434 2617 1676 2654 γραμματηφόρον
1691 2617 1788 2644 ἱκανὸν
1809 2614 1885 2642 εἶναι

1085 2665 1177 2701 χάριτι
1192 2664 1330 2700 Χριστοῦ,
1346 2665 1450 2691 ἕκαστα
1467 2664 1606 2697 ἐκδιδάξαι
1622 2662 1771 2699 ἐμμελῶς·
1791 2658 1814 2696 ᾧ
1836 2662 1885 2689 καὶ

1087 2710 1266 2746 παρεθέμεθα
1281 2710 1351 2745 μετὰ
1365 2710 1415 2746 τῆς
1434 2709 1582 2743 ἐπιστολῆς
1602 2708 1650 2736 καί
1663 2716 1725 2735 τινα
1739 2706 1885 2742 διανομὴν,

1087 2757 1121 2793 ἡν
1140 2758 1189 2784 καὶ
1212 2756 1400 2791 καταξιώσατε
1420 2755 1604 2790 εἰσδέξασθαι,
1625 2754 1801 2792 χαριζόμενοι
1817 2753 1886 2789 ἡμῖν

1088 2803 1137 2835 τὰς
1148 2803 1243 2839 τιμίας
1256 2803 1413 2841 προσευχὰς
1426 2804 1467 2836 είς
1484 2802 1638 2840 στηριγμδν
1650 2800 1750 2838 ψυχῆς.
