1912 3080
44 127 115 162 1345

150 187 206 222 Af",
222 202 258 209 —~
275 188 317 224 Τῇ
327 189 481 226 ἡγουμένῃ
495 189 556 218 τῶν
573 192 713 227 Γόρδινα.
727 192 828 231 [obob]

639 135 914 169 EPISTOLARUM
931 136 1014 169 ΠΒ.
1044 139 1087 171 Ii.

1613 139 1683 174 1346

947 195 1040 229 XCIII,
1051 211 1087 218 -—
1102 195 1256 233 Pra‘positre
1269 197 1442 227 Continenti:
1460 200 1624 227 monauerii.

331 245 474 272 Monasterii
488 246 556 272 illius
572 248 684 274 alumnas
695 249 781 276 laudat
795 251 827 276 ob
837 257 954 278 constans
965 253 1023 279 fidei
1039 261 1068 280 ae
1090 254 1193 286 pietatis
1206 262 1272 281 vera:
1283 256 1402 281 studium.

83 297 243 346 ’Δτι-ῄτησεν
260 298 334 346 ἡμᾶς
349 299 363 326 ό
377 299 520 335 ἀγαπητὸς
543 301 623 336 ἡμῶν
641 302 758 336 ἀδελφὸς
779 304 837 331 Ἀν.

923 306 1000 336 Hanc
1016 309 1159 344 epistolam
1179 317 1195 338 a
1220 310 1299 338 nobis
1324 311 1438 346 expetiit
1461 311 1579 340 dilectus
1597 311 1684 340 frater

40 342 139 376 τώνιος
165 344 196 371 τὺ
223 345 310 381 παρὸν
334 348 544 381 γραμματεῖον,
573 347 660 383 λέγων
690 349 733 376 ὅτι
756 351 836 378 τοῦτο

41 389 205 426 ὑπεσχόμην
221 390 305 418 πάλαι
324 391 450 426 ποιῆσαι.
465 393 522 420 Καὶ
537 393 573 420 δι’
586 394 654 421 αὐτὸ
672 393 720 422 οῦν
735 395 816 422 τοῦτο
828 417 836 429 ,

41 435 91 462 καὶ
105 435 152 463 διὰ
171 436 222 469 τὰς
243 437 398 470 ἀποστολὰς
415 439 509 474 ὑμῶν,
531 440 587 467 ἰδοὺ
607 441 838 477 προσφθόγγομαι

41 482 91 508 καὶ
106 483 305 519 προσαγορεύω
318 484 406 519 ὑμᾶς,
420 484 458 517 ὡς
474 487 609 522 μητέρας.
625 486 663 519 ὡς
678 487 797 522 ἀδελφὰς
808 489 838 514 ὲν

42 527 160 563 Κυρίῳ·
187 529 363 565 μεμνημένος
384 530 437 566 τῆς
461 531 584 567 ὑπαντῆς
605 532 699 568 ὑμῶν,
719 533 767 560 καὶ
789 532 838 560 τοῦ

42 573 131 600 κόπου
146 574 196 610 τῆς
217 576 330 612 ἀγάπης
341 573 377 612 ἦς
399 577 571 610 ἐνεδείξασθε
586 580 626 610 είς
641 579 673 606 τδ
688 579 775 614 όνομα
789 580 841 607 αὗ-

41 620 92 647 ¹τοῦ
102 629 110 636 ·
123 621 306 656 διαφυγοῦσαι
321 622 371 658 τὴν
384 624 530 650 κοινωνίαν
545 624 600 651 τῶν
612 625 772 661 αἱρετικῶν,
792 626 840 654 καὶ

41 667 249 702 διατηρήσασαι
275 669 408 701 ἀσπίλους
437 670 538 702 ἑαυτὰς
565 671 620 698 ἀπὸ
643 671 691 698 τοῦ
720 671 838 707 κόσμου.

41 713 165 740 Βλέπετε
191 711 239 741 οὖν
274 715 323 742 καὶ
355 716 425 752 πρὸς
455 716 486 744 τὸ
506 717 591 752 ἑξῆς,
618 717 716 752 ἆγιαιι
742 717 837 754 ἐπειδὴ

40 759 184 787 ἐνίσταται
200 761 264 796 ἡ....

187 819 244 851 1.,Δ’.
264 833 300 839 -—
315 818 438 852 Εὐδοχῷ
456 821 695 855 παρθνωούσῃ.

887 358 982 382 noster
994 355 1130 383 Antonius
1145 376 1152 387 ,
1175 363 1327 392 suggerens
1347 357 1504 392 pollicitum
1520 366 1563 386 me
1578 358 1683 386 dudutn

888 399 929 426 sic
947 407 1008 427 esse
1023 399 1172 428 facturum.
1199 400 1233 428 Et
1246 402 1282 429 ob
1304 402 1374 430 hane
1400 403 1484 438 igitur
1501 412 1612 432 causam
1627 424 1634 436 ,
1657 412 1685 432 et

892 450 1002 481 propter
1017 446 1117 474 missas
1134 454 1148 474 a
1175 447 1252 475 vobis
1272 455 1394 479 sorores.
1417 457 1481 477 ecce
1497 458 1545 478 vos
1559 451 1686 486 alloquor

888 496 916 519 et
929 492 1020 520 saluto
1032 497 1161 528 tanquam
1177 498 1294 525 matres,
1311 499 1441 530 tanquam
1454 502 1566 524 sorores
1582 496 1609 523 in
1625 495 1682 523 Due

889 537 975 569 mino,
991 545 1096 566 memor
1112 538 1227 573 periculi
1244 540 1328 567 vestri
1346 544 1374 567 et
1393 540 1507 573 laboris,
1530 541 1556 568 in
1572 548 1627 576 quo
1642 546 1686 567 tn-

889 583 1002 611 lerando
1025 584 1155 612 eximiam
1179 585 1241 620 ejus
1256 586 1376 613 nominis
1392 586 1553 614 charitatem
1580 586 1686 621 signiti-

888 628 974 656 castis
987 649 995 660 .
1018 630 1243 657 communionem
1264 630 1457 658 haereticorum
1481 636 1635 665 aversata),
1653 639 1686 658 at.

895 679 1002 701 vosmet
1017 682 1032 702 a
1048 675 1152 703 mundo
1168 676 1266 704 illaesas
1280 681 1432 704 servantes.
1448 676 1544 704 Videte
1557 677 1642 713 igitur
1658 682 1686 704 ρι

890 719 918 746 in
934 725 1074 754 posterum
1088 740 1097 752 ,
1118 720 1228 749 femina:
1245 725 1361 755 sanctae;
1383 722 1606 758 quandoquidem
1632 722 1686 750 int-

892 771 989 793 minet.
1010 785 1017 793 .
1039 785 1048 794 ο
1069 786 1077 794 ο
1098 786 1107 794 ο
1129 786 1137 794 .

1083 822 1220 852 XCIV.-—
1232 823 1372 851 Eudncani
1387 825 1494 860 virgini.

340 876 436 902 Gratias
447 879 500 910 agit
510 879 542 903 de
553 878 682 911 obsequiis
692 879 739 905 sibi
760 879 786 905 in
798 885 900 905 carcere
913 880 1043 912 praestitis.
1062 882 1166 914 (Baron.
1177 890 1217 908 an.
1230 883 1286 914 8l8,
1298 889 1324 907 ιι.
1336 882 1387 913 14.)

310 929 535 966 ἐφυλακίσθημεν
549 933 577 958 ὲν
588 933 646 964 τοῖς
661 933 766 964 αὐτόθι,
784 932 840 967 ἐγώ
856 935 877 963 Β

40 981 74 999 τι
90 973 140 1000 καὶ
155 974 170 1000 ό
186 974 299 1009 ἁδελφὸς
312 975 457 1008 Νικόλαος,
470 976 552 1012 ήνίκα
569 978 623 1013 πρὸ
638 977 688 1013 τῆς
702 977 773 1013 ὀπῆς
789 978 839 1013 τῆς

43 1019 172 1055 φυλακῆς
187 1020 319 1055 φύλακες,
334 1021 372 1056 μὴ
390 1021 489 1054 ἐῶντες
509 1022 597 1057 θίγειν
609 1023 749 1050 ὁντιναοῦν
766 1023 839 1050 κατὰ

41 1066 93 1101 τὴν
101 1066 157 1093 τῶν
166 1066 272 1093 ἁσεὸῶν
287 1067 438 1103 πρόσταξιν
448 1068 488 1104 τῷ
498 1077 599 1105 φρουρε
604 1069 636 1104 ίῳ
645 1077 652 1084 ·
667 1070 740 1101 τότε,
750 1069 794 1097 ἵνα
805 1069 840 1096 τὰ

42 1111 169 1147 πρότερα
179 1112 252 1139 ἐάσω
264 1113 355 1147 λέγειν
364 1121 372 1129 ο
381 1113 485 1150 καίπερ
499 1114 565 1142 ὄντα
573 1115 656 1143 ἱκανά
665 1123 672 1130 ’
683 1117 840 1152 παρρησια-

43 1157 148 1194 ζομένῃ
154 1159 187 1193 τῇ
196 1159 268 1185 κατὰ
276 1158 342 1186 Θεδν
350 1159 524 1196 πεποιθήσει·
536 1160 671 1196 ἔπεμπες,
682 1162 811 1198 ὲγαλούχε
816 1171 839 1195 ις

41 1203 145 1235 οἱονεὶ,
163 1204 321 1240 διέτρεφες,
343 1206 482 1239 ἑπότιζες,
508 1208 692 1242 παρεκάλεις,
710 1207 839 1244 ἠλειφες,

43 1250 166 1286 σεαυτὴν
185 1251 322 1284 ἑπιδίδους
339 1252 535 1288 ῥιψοκινδύνως
556 1254 597 1286 είς
613 1249 729 1282 θάνατον
741 1263 749 1271 ο
772 1255 841 1291 ὅπερ

44 1296 151 1332 μικροῦ
167 1297 222 1325 δεῖν
234 1319 242 1331 ,
267 1299 292 1325 εί
312 1299 349 1335 μὴ
365 1300 381 1335 ἡ
398 1300 458 1336 χεὶρ
477 1299 526 1327 τοῦ
551 1300 621 1327 Θεοῦ
642 1301 770 1336 φθάσασα
784 1299 840 1328 εὓὲ

44 1352 77 1370 σε
90 1351 98 1358 ·
112 1345 162 1371 καὶ
176 1345 323 1377 ινέπιπτες
342 1347 382 1378 εἰς
397 1346 490 1382 ἔργον.
507 1345 589 1379 Οἴδας
604 1348 655 1379 τὰς
673 1348 841 1384 κατηγορίας

43 1391 102 1418 τῶν
114 1392 339 1426 γειτνιαζόντων,
355 1393 404 1424 τὰς
426 1393 585 1428 εἰσπράξεις
610 1393 665 1420 τῶν
684 1395 840 1430 ἀρχόντων·

43 1438 88 1463 δτι
103 1437 181 1473 δῶρα
198 1437 316 1473 είληφας
337 1439 413 1474 παρὰ
432 1439 480 1466 τοῦ
501 1439 667 1467 καταδίκου·
683 1441 723 1468 ὅτι
745 1440 842 1475 λόγους

44 1483 181 1518 διαταγῆς
203 1483 371 1516 ὑπακούεις’
391 1484 482 1518 τοῦτο,
509 1486 632 1513 κάκεῖνο.
665 1486 736 1513 Ἀλλ’
753 1487 841 1522 ὅμως,

44 1528 69 1556 ὣ
81 1529 133 1564 τῆς
150 1529 364 1564 μεταλοπιστίας
376 1530 383 1557 i
398 1530 458 1557 οὐδὲ
470 1530 542 1558 οὕτω
557 1531 659 1558 τούτων
671 1532 841 1567 τυρϐασθέν-

44 1583 102 1602 των
126 1575 237 1611 ὑφῆκας
258 1576 289 1603 τὸ
311 1576 435 1604 καθόλου.
460 1577 532 1603 Ἀλλ’
549 1576 587 1609 ὡς
611 1577 725 1612 μηδενὸς
747 1576 841 1606 καινοῦ

46 1621 199 1656 γεγονότος
211 1641 218 1652 ,
239 1620 302 1656 ἔχου
318 1621 400 1648 πάλιν
422 1621 473 1657 τῆς
497 1622 653 1654 διακονίας·
670 1622 768 1658 δώροις
779 1624 841 1655 τοὺς

48 1666 176 1702 φύλακας
187 1667 432 1702 ιξευμενιζομένη.
446 1667 493 1694 καὶ
506 1668 536 1694 τδ
548 1667 582 1702 δὴ
602 1668 758 1703 λεγόμενον,
776 1668 842 1695 Θεὸν

48 1713 82 1739 δι’
95 1713 178 1748 ἡμῶν
191 1713 246 1740 τῶν
258 1713 430 1748 ἁμαρτωλῶν
447 1713 640 1749 θεραπεύουσα
651 1722 659 1730 ο
675 1715 705 1748 ἐξ
719 1711 750 1741 οὗ
764 1717 811 1742 καὶ
824 1716 841 1751 ἡ

48 1760 166 1796 ἁρπαγὴ
185 1759 240 1787 τῶν
256 1760 402 1788 κινδύνων-
420 1762 468 1787 καὶ
484 1761 501 1796 ἡ
516 1760 582 1796 παρ’
598 1760 695 1788 ἐλπίδα
708 1761 841 1796 σωτηρία.

49 1807 83 1832 Τί
97 1805 181 1833 τοῦτο
198 1805 326 1842 δεύτερον
338 1807 506 1842 Πρισκίλλης
528 1808 575 1834 καὶ
589 1807 691 1842 Φοίϐης
712 1807 822 1842 ἐκείνης
833 1815 842 1823 ·

49 1853 66 1888 ἢ
81 1853 138 1879 τῶν
162 1853 277 1885 ταύταις
296 1853 470 1880 ὑποστασίων
483 1854 555 1880 κατὰ
573 1854 623 1889 τὴν
638 1853 688 1889 τῆς
703 1853 842 1886 διακονίας

49 1898 184 1934 θεωρίαν,
209 1896 284 1936 ὲφ“ᾖ
312 1899 512 1935 μακαρίζοντας.
538 1899 590 1926 ὑπὸ
602 1899 650 1926 τοῦ
664 1899 738 1926 θείου
760 1899 842 1926 Ἀπο-

50 1945 162 1978 στόλους
179 1945 305 1980 οὐδαμῶς
316 1945 353 1977 ὡς
370 1945 464 1981 ἔμοιγε
476 1946 560 1978 δοκεῖ,
573 1947 597 1972 εἰ
616 1946 653 1981 μὴ
668 1946 709 1973 ὃτι
721 1947 761 1977 εις
778 1947 844 1973 ἀνα-

51 1991 148 2024 ξίους·
174 1991 243 2019 ἀλλὰ
265 1992 313 2019 καὶ
335 1991 414 2019 τοῦτο
437 1992 539 2028 μᾶλλον
562 1992 761 2028 αἱνετώτερονο
784 1993 844 2020 ὲκεῐ

49 2039 105 2074 γὰρ
121 2038 154 2066 τὸ
171 2039 343 2074 μεγαλοφυὲς
355 2039 402 2066 τοῦ
421 2039 568 2074 προσώπου
583 2040 654 2075 τάχα
672 2039 706 2066 ἂν
721 2039 767 2066 καὶ
779 2040 843 2071 τοὺς

49 2086 235 2121 ἀναισθήτους
258 2085 348 2118 λίθους
367 2086 494 2121 ἐκίνησεν
522 2086 699 2122 εὐεργετεῖν
725 2085 843 2113 ἐνταῦθα

49 2130 270 2163 διτυὺναντίον,
291 2131 339 2158 καὶ
360 2131 424 2163 τοὺς
448 2131 628 2166 ὲναισθήτους
650 2131 713 2163 νόας
737 2132 844 2167 ναρκᾷν

50 2178 147 2205 ἔπεισε
169 2177 200 2204 τὺ
222 2177 395 2204 ἀπόπτυστον
411 2177 467 2204 τῶν
490 2178 693 2213 ὑποκειμένων.
716 2178 786 2205 ⁹Δλλ¹
801 2179 843 2205 ὄτι

49 2224 131 2252 τοῦτο
147 2224 246 2257 οὕτως,
263 2224 310 2252 καὶ
330 2223 568 2256 ἀντιπεπονθότως
589 2224 683 2260 ὤφθης
699 2224 842 2260 δράσασα,

1316 934 1343 962 in
1364 942 1476 963 carcere
1502 934 1558 962 illic
1577 934 1685 962 detinu-

890 979 990 1008 bamur
1003 987 1053 1015 ego
1069 980 1209 1016 fraterque
1223 979 1371 1013 Nicolaus,
1396 988 1458 1008 cum
1474 985 1537 1008 ante
1550 981 1686 1008 custodiae

890 1025 1014 1055 foramen
1038 1027 1120 1062 positi
1149 1026 1280 1054 custodes
1298 1026 1454 1057 neminem.
1480 1033 1512 1052 ex
1536 1025 1683 1060 impiorum

890 1073 1059 1106 interdicto,
1082 1073 1194 1109 propius
1216 1073 1378 1107 contingere
1401 1072 1549 1100 sinebant:
1565 1076 1622 1098 tum
1655 1078 1683 1099 tu

891 1120 934 1156 (ut
957 1121 1116 1156 superiora,
1134 1120 1263 1155 quamvis
1279 1119 1482 1150 memorabilia,
1511 1121 1684 1153 praeteream)

892 1165 989 1194 fiducia
1016 1165 1062 1193 Dei
1089 1165 1168 1197 freta.
1197 1165 1336 1196 mittebas,
1365 1163 1570 1198 quodammodo
1599 1163 1685 1191 |acta~

890 1211 951 1244 bas,
965 1212 1068 1243 aiebas,
1082 1217 1177 1247 potum
1195 1212 1291 1244 dabas,
1304 1210 1507 1241 consolabaris,
1518 1209 1684 1240 hortabaris.

892 1258 1007 1293 teipsam
1032 1258 1059 1285 in
1082 1263 1211 1293 apertum
1229 1257 1327 1284 mortis
1343 1256 1494 1292 periculum
1509 1255 1683 1290 conjiciens:

891 1311 974 1338 quam
987 1303 1097 1339 quidem
1108 1324 1115 1336 ,
1140 1303 1194 1331 nisi
1209 1308 1235 1330 te
1256 1302 1303 1330 Dei
1325 1310 1427 1330 manus
1444 1305 1612 1337 praevertens
1629 1301 1686 1328 eri-

892 1350 1008 1384 puisset.
1023 1357 1053 1377 re
1072 1350 1128 1385 ipsa
1143 1349 1322 1384 pertulisses.
1337 1348 1415 1377 Nosti
1430 1348 1585 1375 vicinorum
1602 1355 1686 1375 accu-

892 1396 1035 1427 sationes.
1062 1396 1220 1423 exactiones
1244 1395 1472 1430 magistratuum;
1502 1394 1566 1429 quia
1597 1401 1611 1420 a
1637 1399 1685 1420 reo

892 1450 1008 1470 munera
1025 1441 1174 1476 accepisti;
1192 1441 1256 1476 quia
1273 1448 1368 1468 aurem
1383 1440 1520 1467 mandatis
1533 1438 1684 1474 praebuisti,

893 1488 946 1516 hoc
958 1492 985 1515 et
1000 1487 1076 1514 illud.
1093 1486 1233 1519 Attamen,
1249 1494 1265 1513 ο
1282 1486 1343 1514 lidei
1366 1485 1583 1520 magnitudinem
1598 1484 1605 1511 !
1635 1491 1686 1511 nec

893 1534 933 1562 sic
948 1534 1057 1569 quidem
1068 1533 1215 1560 commotis
1232 1532 1296 1562 illis.
1313 1532 1368 1559 ullo
1385 1532 1464 1559 tnodo
1480 1530 1620 1558 destitisti.
1632 1529 1685 1557 Sed

893 1579 972 1615 quasi
988 1579 1050 1607 novi
1067 1578 1136 1606 nihil
1157 1578 1313 1610 accidisset,
1330 1577 1484 1605 ministerio
1506 1576 1605 1604 iterum
1621 1575 1686 1602 insi-

893 1626 1006 1658 stebas,
1024 1625 1152 1653 custodes
1177 1625 1338 1652 muneribus
1361 1623 1523 1655 concilians,
1548 1628 1586 1655 et.
1612 1621 1685 1658 quod

892 1673 946 1700 dici
962 1672 1042 1703 solet.
1071 1671 1128 1698 Deo
1149 1679 1197 1706 per
1211 1679 1263 1699 nos
1287 1676 1447 1706 peccatores
1477 1670 1647 1701 deserviens.
1671 1676 1686 1696 a

892 1727 947 1754 quo
959 1723 986 1746 et
999 1718 1183 1753 periculorum
1201 1718 1337 1749 liberatio.
1352 1721 1381 1744 et
1394 1722 1494 1752 prater
1508 1723 1584 1751 spem
1599 1715 1683 1743 salus.

893 1764 1017 1800 Quanam
1035 1765 1061 1792 in
1079 1773 1108 1792 re
1121 1765 1220 1792 cedunt
1235 1765 1286 1791 ista
1304 1763 1437 1791 Prisciilae
1456 1768 1484 1790 et
1503 1761 1613 1790 Phoebo:
1628 1761 1684 1793 illi,

893 1817 940 1839 aut
956 1819 1051 1839 earum
1069 1810 1221 1846 aequalibus
1249 1810 1276 1837 in
1303 1809 1458 1837 ministerio
1472 1829 1481 1843 ,
1505 1809 1584 1843 cujus
1602 1815 1686 1835 causa

893 1858 1067 1886 celebrantur
1092 1865 1108 1884 a
1125 1857 1218 1884 divino
1240 1855 1396 1891 Apostolo?
1422 1854 1503 1882 Nullo
1524 1854 1606 1882 modo
1627 1861 1686 1881 mea

893 1904 1003 1940 quidem
1027 1902 1175 1935 sententia,
1205 1902 1257 1930 nisi
1288 1901 1362 1937 quod
1385 1909 1449 1936 erga
1476 1901 1623 1935 indignos:
1640 1900 1686 1927 sed

894 1951 946 1978 hoc
961 1955 1038 1977 tanto
1064 1949 1239 1977 laudabilius.
1256 1948 1295 1975 lbi
1308 1948 1381 1976 enim
1400 1955 1522 1982 personat
1536 1946 1688 1982 amplitudo

892 1994 935 2022 vel
951 2002 1034 2022 sensu
1050 1993 1172 2021 carentia
1199 2001 1264 2021 sua
1285 1993 1319 2020 ad
1344 1992 1560 2020 beneficentiam
1579 1999 1688 2027 permo-

893 2041 994 2069 visset:
1013 2041 1057 2067 hic
1073 2044 1165 2067 autem
1177 2048 1192 2066 e
1205 2039 1344 2066 Contraria
1360 2039 1444 2066 etiam
1459 2046 1540 2066 sensu
1557 2038 1685 2073 praeditas

893 2092 998 2115 mentes
1030 2086 1159 2121 languere
1191 2090 1302 2121 cogeret
1342 2085 1433 2112 vilitas
1466 2092 1562 2111 eorum
1586 2084 1688 2120 quibus

893 2133 1108 2161 ministrabatur.
1141 2131 1209 2159 Cum
1235 2139 1300 2166 ergo
1323 2131 1381 2159 haec
1410 2131 1447 2158 ita
1474 2134 1584 2164 essent,
1607 2135 1634 2157 et
1658 2135 1687 2157 tu

894 2180 1074 2208 nihilominus
1100 2187 1180 2207 secus
1196 2185 1276 2214 agere
1299 2178 1358 2206 visa
1386 2177 1486 2211 fueris;
1516 2177 1578 2205 vide
1603 2185 1687 2212 quant

895 2227 1002 2254 laudem
1015 2226 1156 2254 merearis.
1170 2225 1350 2260 Suscepimus
1364 2228 1467 2259 itaque,
1483 2224 1589 2260 egregia
1599 2224 1687 2259 virgo,

51 2271 192 2306 σιώπησον
213 2271 245 2297 τὸ
264 2270 415 2306 ἐγκώμιον.
442 2270 596 2305 Ἀπέχομεν
612 2271 714 2303 τοίνυν⁹
738 2267 761 2297 ὦ
775 2270 843 2297 καλ-

899 2272 1127 2304 ntisericordiam,
1150 2275 1178 2298 et
1191 2271 1254 2306 jure
1273 2276 1298 2297 te
1314 2270 1470 2303 laudamus.
1491 2270 1687 2304 atnplectentz-s

49 2317 211 2353 λιπὰρθινε,
227 2317 259 2344 τὺ
272 2317 358 2349 ἔλεος,
371 2317 419 2344 καὶ
429 2316 559 2352 αίνοῦμέν
569 2325 600 2343 σε
615 2317 737 2348 είκότως,
756 2325 843 2352 προσ.

49 2362 251 2399 αποδιχόμενοι
273 2363 321 2389 καὶ
346 2363 585 2395 συνεπαινοῦντες,
606 2363 654 2390 καὶ
664 2364 698 2390 τὰ
712 2363 780 2390 ἄλλα
793 2372 840 2390 σου

50 2409 293 2445 σεμνολογήματα,
311 2409 361 2445 τὴν
375 2409 549 2444 ἐγκράτειαν,
564 2408 614 2444 τὴν
629 2409 777 2445 αὐχμηρὰν
794 2410 841 2436 κό-

52 2465 119 2493 μην,
132 2455 184 2492 τὴν
197 2455 376 2491 ἠμελημένην
388 2455 500 2490 ἐσθῆτα,
519 2457 569 2491 τὴν
581 2455 778 2491 ἐλεημοσύνην,
794 2458 843 2484 καὶ

50 2503 94 2530 ἃττ’
115 2501 208 2534 ἄλλοις
220 2501 271 2536 τὴν
289 2501 458 2536 φιλαγνείαν,
477 2501 525 2528 καὶ
538 2501 585 2529 ἐπὶ
598 2501 687 2538 τούτῳ
706 2503 841 2538 μηδαμῶς

53 2547 322 2584 μωμοσκοπηθεῖσαν
340 2547 409 2583 πρὸς
427 2546 551 2574 τινοσοῦν
568 2546 624 2575 τῶν
638 2547 807 2583 ἀνθρώπωνυ
821 2546 845 2574 ὦ

52 2596 101 2631 τῆς
112 2596 200 2631 καλῆς
212 2603 260 2622 σου
274 2594 405 2630 ἐργασίας
416 2601 424 2610 ·
440 2594 463 2621 ὣ
475 2594 524 2629 τῆς
537 2593 679 2629 θεοφιλοῦς
693 2594 741 2621 καὶ
755 2602 844 2630 γηρα-

52 2640 116 2673 λέος
135 2640 274 2676 κεφαλῆςῑ
290 2640 413 2677 meum;
423 2640 452 2667 ἰν
467 2639 544 2675 μέσῳ
554 2639 681 2667 ἀκανθῶν
692 2640 730 2672 ὡς
747 2640 843 2676 ῥόδον·

55 2687 207 2719 ιὸωδίασας
221 2688 251 2714 ὲν
266 2687 341 2722 μέσῳ
358 2687 455 2722 γενεᾶς
475 2686 586 2719 σκολιᾶς
598 2687 647 2714 καὶ
663 2687 845 2722 διεστραμμέ-

55 2741 121 2769 νιις,
137 2733 176 2765 ὡς
197 2732 331 2769 δρθοφυὶς
351 2733 456 2769 κρίνον.
474 2732 507 2760 Τί
525 2732 557 2760 τὸ
577 2732 690 2767 λοιπόν;
706 2733 845 2769 διαμένειν

58 2787 86 2806 σε
96 2780 145 2807 καὶ
160 2780 230 2814 πρὸς
243 2779 275 2806 τδ
286 2779 350 2815 ἑξῆς
363 2779 550 2815 ἀπρόσκοπον,
563 2780 750 2815 σεσωσμένην,
767 2779 845 2815 φιλο-

58 2825 204 2860 κρινοῦσαν
234 2826 326 2854 πᾶσαν
359 2825 444 2862 ἄλλην
473 2825 584 2862 ἐντολὴν
616 2824 721 2862 Κυρίου
734 2834 742 2842 ·
774 2825 846 2853 ὥστε

61 2873 126 2906 μήτε
140 2871 255 2907 ὀμνύειν
269 2872 299 2899 τὸ
306 2871 393 2908 δνομα
405 2873 511 2902 Κυοίου
524 2871 555 2899 τδ
569 2871 702 2900 παράπαν
712 2881 720 2888 ⁸
740 2872 806 2901 μήτε
819 2881 846 2900 τι

900 2319 982 2347 simul
997 2322 1024 2345 et
1036 2318 1226 2346 collaudantes
1243 2317 1298 2344 alia
1318 2321 1364 2344 tua
1379 2323 1541 2344 ornamenta
1554 2336 1562 2348 ,
1584 2320 1688 2350 tempe-

900 2366 1028 2397 rantiam,
1051 2364 1218 2399 incomptam
1243 2370 1369 2395 comam,
1399 2362 1548 2397 neglectam
1573 2365 1686 2391 vestem.

899 2411 927 2439 in
944 2411 1013 2439 alios
1036 2417 1147 2445 quoque
1163 2409 1390 2441 beneﬁcentiam,
1416 2415 1537 2434 antorem
1555 2406 1686 2434 castimo—

899 2459 962 2489 nite,
977 2462 1005 2484 et
1020 2455 1094 2490 quod
1105 2456 1138 2483 de
1157 2463 1189 2482 ea
1202 2462 1343 2489 nunquam
1361 2454 1527 2489 reprehensa
1550 2453 1636 2481 fueris
1653 2453 1688 2480 ab

899 2505 955 2531 ullo
968 2503 1136 2531 mortalium.
1162 2501 1184 2529 Ο
1199 2503 1345 2536 praeclaras
1361 2501 1484 2528 actiones
1502 2500 1579 2528 tuas!
1598 2506 1615 2526 ο
1632 2498 1688 2527 Deo

895 2551 1010 2577 charum
1024 2553 1051 2576 et
1067 2547 1154 2576 senile
1168 2552 1249 2582 caput
1262 2547 1270 2573 ‘.
1288 2545 1434 2573 Emoruisti
1453 2545 1480 2572 itt
1492 2545 1582 2573 medio
1592 2545 1685 2580 spina-

896 2603 967 2629 rum,
985 2594 1057 2623 sieut
1074 2602 1138 2622 rosa
1151 2602 1158 2621 :
1175 2594 1287 2621 odorem
1301 2592 1401 2620 dedisti
1417 2592 1446 2619 in
1460 2591 1551 2619 tnedio
1567 2591 1686 2619 nationis

897 2649 988 2678 pravae
1013 2646 1095 2676 atque
1116 2647 1267 2676 perversae,
1296 2643 1426 2674 tanquam
1456 2642 1562 2665 rectum
1587 2637 1685 2664 lilium.

897 2688 968 2723 Quid
986 2688 1123 2724 reliquum
1139 2686 1198 2714 est?
1217 2686 1253 2714 Ut
1277 2686 1351 2713 sativa
1378 2690 1541 2720 permaneas
1557 2682 1639 2711 etiam
1660 2682 1686 2710 in

899 2740 1039 2772 posterum
1071 2733 1175 2768 absque
1202 2731 1366 2763 offensione.
1393 2736 1561 2765 servatusque
1589 2733 1687 2756 extera

900 2781 992 2809 omnia
1012 2779 1119 2807 Domini
1134 2778 1261 2805 mandata
1276 2788 1282 2805 :
1297 2781 1327 2804 ut
1341 2784 1392 2804 nec
1408 2783 1521 2812 prorsus
1543 2774 1619 2810 jure:
1637 2774 1689 2801 Do-

900 2826 967 2855 mini
983 2833 1096 2857 uomen,
1117 2831 1166 2852 nec
1182 2824 1267 2850 ullum
1295 2822 1368 2850 aliud
1384 2826 1546 2850 contemnas
1563 2829 1596 2849 ex
1612 2828 1684 2848 man-

900 2871 981 2902 datis.
993 2870 1051 2901 Hoc
1064 2875 1156 2900 autem
1165 2869 1238 2901 dico.
1251 2875 1305 2898 non
1316 2867 1394 2903 quasi
1408 2872 1435 2897 te
1445 2866 1531 2901 culpa:
1540 2865 1688 2895 obnoxiam
