1912 3080
222 151 289 184 13H

823 149 852 178 S.
865 146 1061 178 THEODORI
1076 145 1250 176 STUDITI‘E

1778 120 1857 167 isis

219 215 281 236 esse
296 205 520 241 deprehenderim
535 226 543 239 ,
564 206 611 233 sed
626 206 698 241 quod
719 205 745 232 in
767 205 897 233 omnibus
923 202 1010 239 perfe-
1027 224 1029 232 .

1082 202 1125 229 λλο
1138 200 1330 238 παραθεωρεῖν
1339 199 1394 226 τῶν
1409 196 1610 232 ἐντεταλμένων
1621 203 1628 211 ·
1642 193 1721 221 τοῦτο
1733 193 1762 220 δὲ
1775 193 1854 226 λέγω

218 260 289 282 ctam
308 258 333 280 te
350 260 409 280 esse
424 252 541 286 cupiam,
555 256 582 279 et
596 251 731 287 promissa
743 251 806 278 inde
822 251 893 278 bona
907 257 1007 278 conse-

1082 249 1108 283 ix
1122 249 1160 279 ὠς
1177 243 1456 281 καταλαμϐανόμενός
1478 251 1507 269 σε
1526 240 1704 269 ῦπαιτιᾶσθαι
1716 248 1722 255 ·
1738 240 1798 267 ἀλλ’
1812 239 1856 269 ὡς

219 300 278 336 qui.
298 299 404 327 Salutat
424 303 450 326 te
469 297 554 325 frater
569 297 716 325 Nicolaus:
731 302 757 324 et
781 305 831 333 ego
857 297 1001 324 Dominum

220 353 253 374 ac
267 345 465 373 consobrinum
478 347 567 371 tuum.

412 486 494 515 XCV.
508 502 542 507 -——
559 486 660 513 Basilio
675 485 826 518 praeposito.

1060 295 1130 329 ἔχων
1149 294 1177 320 ὲν
1191 293 1283 326 ἐφέσει
1297 290 1345 318 τοῦ
1360 291 1388 317 ὲν
1409 290 1493 316 πᾶσιν
1511 287 1606 323 ἄρτιον
1623 285 1704 319 εἶναι,
1731 284 1853 313 κάντεῦ-

1061 339 1107 366 Οεν
1125 339 1264 373 ἐπιτυχεῖν
1279 337 1334 364 τῶν
1350 337 1379 363 ἐν
1395 335 1571 370 ἐπαγγελίαις
1592 332 1703 367 ἀγαθῶν
1713 339 1720 347 ⁸
1744 332 1758 357 ὁ
1772 331 1856 358 ἀδελ-

1063 385 1112 418 φὸς
1129 384 1262 416 Νικόλαος
1280 381 1494 418 προσαγορεύει·
1523 380 1601 415 κάγὼ
1614 379 1661 406 τδν
1677 377 1779 414 Κύριον
1803 378 1856 404 καὶ

1061 429 1220 464 ἀδελφιδοῦν
1236 438 1293 456 σου.

1182 486 1239 519 ιιει.
1266 500 1302 507 -
1324 484 1473 517 Βασιλείφ
1492 481 1658 517 ἡγουμένῳ.
1680 484 1741 518 [χ¹.ἰ

497 542 599 568 Doleuti
608 541 677 572 quod
698 538 869 565 lcunomachis
881 537 1050 567 consenserit.
1063 546 1093 564 ac
1104 541 1277 573 resipiscenti,
1294 542 1464 574 paenitentiam
1475 538 1572 564 indicit.

257 597 287 624 In
298 597 340 624 his
353 604 414 632 quae
430 596 540 631 scripsit
554 595 704 622 reverentia
718 599 776 627 tua,
792 593 889 627 frater,
910 594 937 620 in
950 600 1010 627 pm-

225 644 267 671 nis
289 644 361 670 ultro
376 643 537 675 subeundis,
554 641 730 676 acquiescere
745 647 774 668 se
793 639 968 674 signiﬁcavit,
986 642 1015 666 et

225 689 258 715 ad
275 689 388 715 meliora
405 695 486 722 porro
500 686 565 714 ferri
583 695 589 713 :
607 685 837 720 quemadmodum
854 692 909 712 non
929 684 1015 712 tabel-

226 735 311 761 larius
328 734 410 761 modo
431 733 552 763 edocuit,
569 733 616 760 sed
627 737 654 759 et
668 736 731 758 ante
744 731 833 766 ipsum
846 730 1016 758 reverendis-

227 780 313 806 simus
331 778 416 806 frater
436 784 529 806 noster
547 777 654 811 Petrus,
669 782 698 805 et
716 777 789 804 idem
806 777 913 804 amicus
929 780 991 803 tuus
1007 784 1014 803 :

1105 595 1150 622 Ἐν
1161 592 1200 627 οἷς
1212 596 1350 631 γέγραφεν
1367 595 1384 631 ή
1404 594 1529 630 τιμιότης
1543 601 1601 624 σου,
1619 591 1726 624 ἀδελφὲ.
1743 589 1856 616 ὑπέδει-

1066 643 1111 676 ξεν
1123 642 1223 677 ἑαυτὴν
1238 641 1402 668 εὐδοκοῦσαν
1418 641 1447 666 ὲν
1465 640 1521 670 τοῖς
1534 637 1694 672 ἐπιτιμίοις,
1709 637 1757 662 καὶ⁸
1777 636 1856 661 ἐπει-

1066 688 1186 724 γομένην
1211 687 1279 723 πρὸς
1300 687 1335 714 τὰ
1359 687 1518 722 κρείττονα·
1543 683 1616 711 καθὰ
1647 681 1798 715 ὲξεδίδαξεν
1822 681 1857 707 οὐ

1070 735 1149 770 μόνον
1166 736 1180 762 ὁ
1195 733 1434 769 γραμμαιιηφόρος
1447 739 1454 746 ·
1469 730 1537 758 ἀλλά
1556 729 1610 765 γὰρ
1634 729 1681 755 καλ¹
1702 727 1755 764 πρὸ
1772 726 1860 753 αὑτοῦ

1068 782 1083 808 ό
1095 781 1262 817 τιμιώτατος
1278 780 1392 814 ἀδελφὸς
1406 780 1423 814 ἡ
1428 778 1486 814 μῶν
1501 777 1605 812 Πέτρος
1620 776 1634 802 ὁ
1646 775 1693 802 καὶ
1706 775 1747 801 σοὶ
1763 772 1862 808 φιλού-

226 827 262 853 οἰ)
290 833 351 860 quae
375 825 486 860 gavisus
504 831 564 851 sum
586 831 637 859 ego
654 823 775 858 [humilis
793 828 820 850 et
838 822 941 857 gratias
964 822 1017 857 egi.

1082 835 1153 858 ιενος
1163 835 1170 842 ·
1188 826 1231 860 ἐφ’
1250 823 1292 856 οἷς
1309 825 1398 859 ἥσθην
1412 824 1427 850 ό
1440 821 1568 853 ταπεινὸς
1583 821 1630 847 καὶ
1651 819 1860 855 ηὑχαρίστησα.

227 872 320 907 Neque
328 872 400 899 enim
412 872 469 898 leve
480 875 521 898 est
532 875 578 898 aut
589 870 819 897 contemnendum
827 869 900 904 quod
909 868 1020 896 admisi-

228 926 300 951 mus,
319 918 359 945 vir
373 918 486 952 optime,
502 925 564 945 cum
581 916 762 952 negaturihus
776 915 905 951 imaginis
917 914 1020 942 Christi

228 964 471 996 communicando,
489 964 536 991 sed
554 964 649 998 ingens
663 962 813 998 piaculum,
828 966 856 989 et
869 961 1020 996 planecum

230 1011 293 1038 lidei
303 1011 448 1046 negatione
462 1010 640 1046 conjunctum
658 1019 665 1037 :
683 1009 815 1044 quoniam
829 1007 956 1042 imaginis
971 1013 1021 1034 ne-

229 1058 303 1093 gatio
319 1057 351 1084 ad
368 1062 541 1092 prototypum
563 1055 687 1084 ascendit
706 1064 713 1082 :
735 1059 762 1082 et
777 1054 841 1081 huic
863 1053 915 1088 ipsi
936 1060 1022 1087 nega-

230 1104 298 1131 tioni
322 1103 426 1131 Christi
442 1103 697 1133 communicarunt,
714 1104 850 1136 quotquot
869 1098 1022 1135 quomodo-

230 1158 340 1184 cunque
365 1149 618 1177 communicarunt.
645 1147 795 1182 Postquam
828 1153 895 1173 vero
922 1145 1022 1173 iterum

230 1196 376 1224 ccufessus
384 1205 424 1228 es,
441 1195 538 1223 sivisse
554 1198 589 1227 te,
605 1199 680 1221 metu
696 1192 895 1228 persequentis,
914 1196 943 1219 ut
955 1192 1024 1218 ima-

233 1243 311 1279 gines
325 1249 341 1269 e
365 1241 455 1269 medio
474 1241 647 1272 tollerentur,
663 1240 774 1275 gravius
795 1238 867 1266 istud
889 1237 1023 1272 ﬂagitium

231 1288 369 1322 esl.Quod
383 1293 471 1315 autem
480 1291 507 1315 et
520 1286 718 1321 subscripsisse
732 1290 758 1312 te
768 1285 820 1318 ais,
833 1288 1024 1312 consummata

235 1335 366 1370 iniquitas
383 1339 411 1362 et
430 1335 538 1370 negatio
553 1338 606 1362 est.
621 1332 691 1366 Quid
701 1332 837 1367 agendum
853 1331 948 1366 igitur,
960 1337 1024 1357 cum

235 1384 262 1406 et
278 1379 374 1406 salutis
396 1379 546 1407 remedium
562 1385 681 1414 quaaras,
695 1385 746 1404 nec
762 1376 834 1403 ferre
850 1380 877 1403 te
892 1383 973 1410 posse
985 1375 1025 1401 di-

235 1435 282 1453 cas
305 1427 433 1461 exiguum
451 1426 516 1453 illud
533 1425 607 1461 quod
624 1423 809 1459 adjiciendum
825 1430 913 1458 poma:
927 1426 1023 1454 restat,

236 1472 422 1500 valetudinem
442 1472 607 1502 obtendens,
624 1475 707 1505 atque
724 1470 778 1496 hoc
800 1474 827 1496 et
851 1468 917 1496 illud
937 1468 1025 1503 potius

240 1519 336 1546 subire
357 1517 531 1553 prmoptans?
556 1517 694 1551 Utrinque
710 1515 738 1542 in
760 1522 874 1549 magnas
887 1515 1028 1549 angustias

242 1566 385 1599 adducor;
399 1565 463 1592 hinc
479 1572 574 1592 amore
592 1563 695 1596 fratris,
714 1571 747 1591 ne
763 1570 788 1590 te
804 1562 929 1590 deseram
944 1571 950 1588 :
968 1561 1031 1589 inde

238 1613 372 1648 gravitate
390 1612 513 1644 sceleris,
530 1619 564 1639 ne
579 1611 809 1639 medicamentum
824 1609 959 1636 minuam.
980 1609 1030 1635 At-

240 1665 332 1687 tamen
360 1658 552 1686 vehementius
571 1658 704 1685 charitate
734 1656 868 1691 impulsus
885 1655 943 1682 lucc
969 1661 1030 1682 cum

241 1707 341 1734 timore
356 1714 387 1733 ac
401 1710 520 1732 tremore
535 1704 647 1732 definio.
670 1703 729 1731 Uno
741 1703 831 1730 adhuc
841 1709 923 1733 anno,
935 1700 1032 1733 frater,

241 1752 329 1779 sacris
357 1750 495 1786 mysteriis
523 1749 642 1782 abstine,
669 1748 705 1775 ob
729 1747 868 1783 geminum
892 1746 1032 1778 delictum,

242 1802 401 1825 sanctarum
412 1796 563 1830 imaginum
592 1794 762 1822 eversionem
777 1793 849 1826 dico,
867 1797 894 1819 et
912 1790 1035 1820 subscri-

243 1845 365 1879 ptionem
382 1843 505 1877 impiam.
516 1840 689 1876 Subscriptio
698 1839 772 1867 enim
789 1843 843 1870 est,
861 1838 904 1866 vel
920 1838 943 1866 si
954 1837 1035 1864 modo

247 1890 383 1917 adductus
411 1896 440 1915 rs
458 1893 487 1914 ut
514 1887 607 1914 crucis
625 1887 734 1921 signum
763 1886 901 1920 pingeres.
918 1884 1036 1912 Easdem

248 1936 358 1964 interim
375 1942 472 1968 preces
482 1941 597 1968 perages
608 1941 640 1960 ac
651 1932 866 1968 genuﬂexiones,
885 1931 952 1959 citra
964 1938 1037 1958 mor-

248 1983 325 2010 hum.
341 1980 477 2014 Quoniam
502 1985 593 2006 autem
620 1979 719 2014 exigua
734 1979 816 2014 plane
830 1986 911 2013 pmna
932 1977 1037 2012 reliqua

247 2033 300 2060 cst,
311 2034 432 2061 congrua
448 2026 475 2053 in
491 2033 627 2061 pauperes
638 2025 765 2060 pecunia:
775 2024 934 2060 erogatione
947 2031 1039 2059 aequa-

248 2075 300 2102 lem
316 2076 434 2109 repende
449 2073 714 2108 compensationem.
726 2072 861 2105 Quantam
873 2076 963 2100 autem
977 2078 1039 2100 esse

249 2120 323 2147 illam
339 2124 473 2155 oporteat,
490 2118 701 2146 declarabit.....

435 2174 526 2202 XCVI.
541 2189 577 2194 -—
593 2173 696 2201 Νἱοειω
706 2173 826 2200 curatori
843 2172 886 2208 (‘).

382 2236 594 2264 convenienter:
611 2239 694 2270 atque
709 2235 779 2261 adeo
795 2234 940 2261 dicendum
957 2235 1010 2262 erit
1030 2245 1037 2263 :
1056 2241 1077 2268 ι)

251 2285 311 2313 Νοιι
323 2289 365 2311 est
382 2282 572 2310 manifestatus
585 2281 656 2309 Deus
670 2281 697 2307 in
712 2288 795 2308 carne
810 2290 817 2307 :
833 2288 888 2315 quo
899 2280 965 2316 quid
979 2289 1041 2309 esse

252 2337 341 2367 potesu
352 2330 497 2357 Iudaicum
511 2327 621 2362 magis?
636 2327 700 2354 Haec
713 2335 761 2363 pro
775 2327 898 2362 epistolae
908 2328 1042 2355 brevitate

251 2378 327 2405 dicta
343 2378 409 2403 sint.
426 2375 504 2408 Quod
525 2375 547 2401 si
566 2373 639 2401 Deus
653 2374 757 2401 dederit
777 2381 826 2401 nos
847 2373 957 2401 tandem
974 2374 1044 2401 invi-

252 2431 312 2450 cem
327 2430 419 2449 coram
434 2422 546 2452 intueri,
563 2425 628 2447 tunc
643 2420 689 2447 tibi
706 2425 745 2447 tot
761 2419 935 2455 proferentur
946 2419 1043 2455 placita

255 2468 390 2500 veritatis,
411 2467 446 2494 de
459 2471 566 2502 pictura
588 2470 615 2493 et
628 2466 788 2494 adoratione
806 2471 961 2494 sanctarum
975 2466 1045 2492 ima-

255 2514 361 2550 ginum,
381 2517 448 2548 quot
462 2514 504 2540 vix
516 2520 596 2540 aures
616 2517 679 2545 tuas,
704 2512 747 2540 vir
767 2512 926 2545 reverende,
943 2519 1042 2547 capere

257 2567 374 2597 possmt.

383 2626 488 2655 XCVII.
500 2642 535 2647 ——
546 2625 650 2654 Basilio
669 2625 726 2660 ﬁlio
743 2623 889 2659 spirituali.

1070 874 1108 901 Οὐ
1123 873 1178 908 γάρ
1193 881 1219 899 τι
1240 871 1338 907 μικρόν
1351 879 1382 897 τε
1403 870 1450 897 καὶ
1460 867 1702 902 εὐκαταφρόνητον
1723 865 1737 891 ὃ
1757 866 1863 891 πεπόν-

1071 918 1168 955 θαμεν,
1188 915 1211 945 ὧ
1225 918 1292 951 τᾶν,
1306 917 1353 943 ἐπὶ
1368 917 1402 952 τῇ
1418 915 1534 951 ἀρνήσει
1551 914 1601 948 τῆς
1617 911 1736 947 Χριστοῦ
1753 910 1863 939 εἰκόνος

1071 964 1320 999 κεκοινωνηκότεςθ
1336 962 1405 990 ἀλλὰ
1425 962 1473 988 καὶ
1487 961 1548 987 λίαν
1573 959 1687 986 ἔκτοπον
1711 958 1758 984 καὶ
1774 957 1864 991 ἀρνη-

1071 1011 1147 1038 τικδν
1173 1010 1310 1046 ἀριδήλως
1328 1009 1378 1044 τῆς
1399 1007 1535 1039 πίστεως·
1559 1005 1627 1033 διότι
1648 1006 1666 1040 ἡ
1686 1004 1736 1038 τῆς
1755 1001 1864 1033 εἰκόνος

1071 1057 1186 1093 ἄρνησις
1198 1057 1244 1082 ἔπί
1259 1056 1289 1082 τὸ
1300 1053 1478 1090 πρωτότυπον
1493 1051 1636 1079 ἀναϐαίνει
1648 1058 1655 1065 ·
1669 1049 1716 1077 καὶ
1726 1048 1811 1084 ταύτῃ
1826 1048 1864 1083 τῇ

1072 1103 1185 1138 ἀρνήσει
1210 1100 1342 1137 Χριστοῦ,
1366 1100 1467 1130 πάντες
1495 1098 1520 1124 οἰ.
1545 1096 1670 1124 ὁπωσοῦν
1693 1102 1867 1129 κεκοινωνη-

1073 1148 1162 1180 κότες.
1174 1147 1415 1182 κεκοινωνήκασιν.
1436 1144 1514 1171 Ἐπεὶ
1527 1143 1556 1170 δὲ
1568 1142 1650 1168 πάλιν
1665 1140 1867 1175 ἑξηγόρευσας,

1073 1195 1120 1222 καὶ
1135 1193 1279 1229 ἐπιτρέψαι
1294 1192 1349 1218 δέει
1363 1191 1411 1218 τοῦ
1426 1190 1574 1220 διώκοντος
1589 1187 1720 1223 ἀφανίσαι
1732 1186 1846 1217 εἰκόνας
1858 1193 1867 1200 ·

1073 1239 1265 1276 χαλεπώτερον
1291 1238 1322 1264 τὸ
1345 1237 1493 1272 ἀνὸμημα·
1525 1235 1567 1261 ὅτι
1586 1234 1614 1260 δὲ
1635 1234 1683 1261 καὶ
1703 1230 1870 1276 ὑπογράψαι

1074 1275 1153 1322 ἔφης,
1174 1285 1312 1320 όλόσωμος
1336 1284 1354 1319 ἡ
1376 1282 1499 1319 ἁμαρτία
1521 1281 1568 1308 καὶ
1583 1281 1600 1316 ἡ
1625 1280 1750 1315 ἄρνησις.
1770 1277 1803 1304 Τί
1816 1275 1870 1304 οὖν

1073 1335 1115 1362 δεῖ
1129 1334 1228 1365 ποιεῖν,
1251 1332 1293 1358 ὅτι
1318 1331 1366 1358 καὶ
1388 1329 1547 1365 ὲπιζητοίης
1559 1328 1589 1355 τὺ
1605 1328 1653 1362 τῆς
1669 1326 1774 1360 ὑγιείας
1794 1324 1872 1360 φάρ-

1076 1389 1175 1416 μακον,
1188 1379 1235 1406 καὶ
1245 1378 1276 1405 οὐ
1291 1377 1385 1412 φέρειν
1398 1376 1480 1403 πάλιν
1493 1376 1546 1410 φὴς
1559 1374 1609 1410 τὴν
1624 1373 1685 1400 κατ’
1702 1371 1791 1406 ὀλίγον
1805 1370 1874 1396 ἐπί-

1076 1426 1151 1453 θεσιν
1162 1433 1169 1442 '
1187 1425 1329 1452 ἀσθένειαν
1350 1421 1579 1459 προϐαλλόμενος,
1594 1420 1642 1447 καὶ
1660 1418 1740 1445 τοῦτο
1755 1417 1874 1444 κάκεῖνο

1079 1472 1180 1508 μᾶλλον
1202 1470 1372 1503 εἰσδέξασθαι
1389 1467 1622 1504 προαιρούμενοςς
1638 1465 1722 1492 Στενά
1736 1473 1779 1500 μοι
1801 1464 1875 1490 ἐκα-

1079 1518 1206 1555 τέρωθεν,
1222 1517 1270 1545 καὶ
1299 1517 1379 1544 ἐῶντι
1403 1515 1449 1542 διὰ
1471 1514 1502 1541 τὸ
1527 1512 1710 1548 φιλάδελφον’
1731 1510 1779 1538 καὶ
1801 1519 1877 1545 σμι-

1080 1564 1205 1601 κρύνοντι
1219 1563 1249 1590 τὺ
1261 1563 1407 1597 φάρμακον
1419 1560 1464 1587 διὰ
1478 1560 1509 1586 τδ
1524 1559 1573 1594 τῆς
1589 1558 1725 1594 ἁμαρτίας
1741 1555 1874 1592 μέγεθος.

1081 1611 1177 1646 Ὅμως
1197 1607 1416 1644 συμπιεζόμενος
1435 1606 1535 1642 μᾶλλον
1547 1606 1581 1640 τῇ
1605 1603 1700 1639 ἀγάπῃ
1719 1602 1803 1638 ὁρίζω
1819 1602 1877 1628 σὺν

1083 1656 1158 1691 φόϐῳ
1185 1654 1232 1681 καὶ
1257 1654 1350 1689 τρόμῳ
1381 1652 1463 1679 τάδε·
1493 1650 1523 1677 ἓν
1556 1649 1616 1681 ἔτος
1642 1649 1707 1676 ἄλλο
1728 1647 1878 1683 ἀπόσχου,

1082 1701 1192 1737 ἀδελφὲ,
1215 1700 1270 1728 τῶν
1291 1699 1482 1734 ἀγιασμάτων,
1509 1696 1552 1732 ἐφ’
1576 1695 1715 1731 ἑκατέροις
1730 1694 1786 1725 τοῖς
1801 1701 1881 1728 συμ-

1084 1729 1224 1783 πτώιλασι,
1239 1747 1288 1781 τῆς
1306 1729 1361 1771 τῶν
1377 1729 1464 1778 ἀγίων
1475 1729 1589 1770 εἰκόνων
1603 1729 1770 1774 κατενέξεως
1786 1738 1880 1773 λέγω,
1895 1729 1905 1739 ’

1084 1796 1132 1822 καὶ
1154 1793 1269 1825 ἀσεϐοῦς
1297 1790 1475 1827 ὑπογραφῆς¹
1504 1787 1651 1824 ὑπογραφὴ
1673 1787 1727 1822 γὰρ
1753 1786 1804 1813 κᾶν
1833 1787 1881 1812 ὅτι

1087 1842 1166 1877 μόνον
1181 1841 1268 1872 ἑάλως
1289 1838 1405 1874 σταυρὸν
1420 1836 1554 1873 χαράξαι·
1570 1834 1656 1862 ποιῶν
1666 1834 1714 1861 καὶ
1723 1832 1772 1864 τὰς
1787 1841 1883 1868 προσ.

1087 1887 1169 1923 ευχὰς
1187 1886 1237 1918 τὰς
1261 1886 1346 1916 αὑτὰς
1374 1885 1422 1911 καὶ
1435 1882 1622 1918 γονυκλισίας,
1638 1880 1703 1908 ἄνευ
1718 1879 1882 1910 ἀσθενείας.

1093 1933 1203 1968 Ἐπειδὴ
1220 1932 1249 1959 δὲ
1265 1932 1354 1966 ὀλίγον
1371 1930 1431 1957 λίαν
1449 1930 1480 1956 τὺ
1493 1929 1648 1964 ἐπιτίμιον,
1663 1925 1782 1952 ἐπιδόσει
1798 1924 1884 1960 ἐλεη-

1089 1978 1208 2016 μοσύνης
1237 1978 1351 2013 ἰκανῆς,
1373 1975 1574 2011 ἁντισηκοῦσαν
1603 1972 1794 2004 συνεισένεγκε
1825 1970 1884 2005 τὴν

1088 2025 1311 2062 ἀντιστάθμησιν.
1335 2023 1452 2058 Ὀπόοης
1465 2022 1494 2049 δὲ
1508 2021 1622 2056 ταύτης,
1635 2018 1799 2055 δηλώσει....

1272 2171 1339 2205 ιιφ.
1356 2183 1392 2190 -
1405 2167 1520 2202 Νικήτᾳ
1538 2164 1710 2200 κουράτωρι.

1187 2233 1349 2269 ἀραρότως·
1385 2231 1433 2258 καὶ
1456 2229 1543 2260 οὕτως
1563 2228 1670 2260 ἀνάγκη
1694 2224 1805 2258 λέγειν·
1833 2223 1888 2250 οὐκ

1090 2279 1250 2316 ἐφανερώθη
1271 2278 1338 2309 Θεὸς
1350 2277 1380 2303 ὲν
1395 2275 1477 2311 σαρκί
1491 2283 1498 2290 ⁸
1517 2271 1547 2301 οὗ
1563 2273 1590 2299 τί
1607 2273 1640 2299 ἂν
1656 2271 1762 2306 γένοιτο
1777 2269 1887 2296 ἰουδαῑ-

1090 2327 1227 2362 κώτερον;
1248 2324 1335 2351 ταῦτα
1357 2324 1396 2354 ὡς
1415 2323 1444 2349 ὲν
1467 2319 1615 2353 ἐπιστολῆς
1630 2315 1887 2362 μέτρῳγλέλεκται.

1098 2361 1170 2399 mat
1179 2371 1208 2398 at
1219 2370 1256 2405 διῖι
1271 2370 1337 2400 Θεὸς
1348 2367 1398 2402 ὀψέ
1410 2374 1474 2393 ποτε
1489 2365 1553 2391 ἰδεῖν
1568 2363 1642 2399 ἡμᾶς
1655 2361 1804 2396 ἀλλήλους,
1820 2361 1887 2387 τότε

1092 2417 1211 2445 τοσαῦτά.
1227 2425 1269 2442 σοι
1282 2414 1465 2449 λαληθήσεται
1483 2410 1613 2446 ἀληθείας
1631 2408 1757 2443 δόγματα
1771 2407 1841 2442 περι
1858 2415 1887 2432 τε

1094 2464 1203 2500 γραφῆς
1220 2462 1268 2490 καὶ
1287 2460 1500 2497 προσκυνήσεως
1513 2457 1569 2484 τῶν
1583 2456 1670 2490 ἁγίων
1690 2454 1815 2486 εἰκόνων,
1834 2453 1888 2480 ὅσα

1094 2511 1155 2538 οὐδὲ
1171 2510 1201 2537 τὸ
1213 2509 1305 2544 τίμιόν
1319 2515 1366 2534 σου
1381 2504 1428 2537 οὖς
1442 2504 1569 2540 δυνηθείη
1585 2503 1711 2530 ἀκοῦσαι,

1198 2616 1255 2651 ι,Ζ’.
1273 2630 1309 2636 --
1327 2612 1475 2646 Buculeio)
1493 2611 1548 2645 υιῷ
1574 2607 1773 2644 πνευματικῷ.

808 2691 937 2723 Ρι-ωοὶροε
947 2691 976 2716 ad
987 2690 1087 2715 fratrum
1098 2694 1183 2713 curam
1192 2687 1314 2711 hortatur.

294 2749 461 2784 Optabamus
475 2757 535 2776 cum
550 2749 650 2775 domno
663 2747 794 2782 Gregorio
809 2753 836 2774 et
850 2752 876 2774 te
893 2746 1045 2774 illicintue-

1140 2741 1351 2778 Ἐπεθυμοῦμεν
1372 2740 1422 2767 σὺν
1439 2739 1478 2774 τῷ
1503 2737 1579 2773 κυρῷ
1607 2733 1768 2771 Γρηγορίῳ,
1791 2733 1842 2761 καί
1856 2741 1886 2759 σι

1006 2800 1121 2829 ΝΟΤΛΕ.

300 2866 333 2898 (⁸)
347 2866 534 2901 Dogmaticam
551 2865 622 2893 hanc
640 2865 727 2893 fuisse
736 2868 856 2899 apparet.
