1912 3080
80 131 148 165 1349

675 133 942 164 EPISTULARUM
961 135 1035 166 LIB.
1058 136 1098 167 II.

1642 133 1711 166 1350

78 188 197 218 ἐνταῦθα
217 189 373 226 θεωρῆσαι,
392 196 487 217 τεκνον
505 190 687 225 ἠγαπημένον
699 197 706 205 ’
728 190 785 217 ἀλλ’
808 190 871 216 ἐπεὶ

927 191 959 223 ri,
975 191 1011 218 liti
1027 191 1126 220 dilecte
1143 201 1149 219 ι
1171 192 1218 220 sed
1235 191 1346 226 quando
1370 191 1397 220 id
1414 191 1528 219 minime
1542 190 1644 219 factum
1658 197 1712 223 est,

78 237 158 264 τοῦτο
184 237 216 264 οὐ
235 237 346 272 γέγονε,
376 237 524 272 γράμμασι
550 236 791 272 παραμυθούμεθα
820 236 870 272 τὴν

80 284 224 319 ἀπόλειψιν
237 291 244 298 ·
269 282 451 319 γνωρίζοντες
469 292 510 310 σοι
525 283 567 310 ὅτι
589 282 689 320 ἔχομέν
703 291 734 309 σε
759 282 803 309 ἀεὶ
824 282 870 309 ἐπὶ

79 329 194 364 καρδίας
211 329 291 365 ἡμῶν
313 328 446 363 ταπεινῆς
459 336 465 344 ·
496 328 639 363 φιλοῦντες
659 328 709 365 τὴν
733 327 871 364 σωτηρίαν

42 378 45 385 ’
81 384 127 401 σου
143 383 173 401 τε
189 375 303 402 καὶτῶν
318 374 388 411 μετὰ
403 374 449 401 σοῦ
466 374 598 409 ἀδελφῶν,
619 374 667 401 καὶ
678 375 795 401 τέκνων.
816 374 871 401 Καὶ

80 422 133 456 γὰρ
150 422 236 457 πατρὶ
256 421 345 454 κλέος,
366 421 425 448 υἱοῦ
445 420 568 454 εὐδοξία·
589 421 636 447 καὶ
660 420 774 456 αὔχημα
788 420 870 456 ἱερὸν,

80 468 110 492 τὸ
129 467 206 494 ὖῖκὸν
228 468 433 503 σεμνολόγημα.
456 467 614 503 Παρακαλῶ
624 465 670 495 οὖν
688 476 718 494 σε
733 467 762 493 ὲν
776 466 872 502 Κυρίῳ

80 513 192 548 Ξχεσοαι
214 515 245 541 οὑ
267 515 349 549 μόνον
365 514 415 549 τῆς
427 514 531 546 οἰκείας
548 513 723 546 εὐσταθείας,
742 513 810 540 ἀλλὰ
824 513 872 540 καὶ

79 560 130 594 τῆς
148 559 204 586 τῶν
225 560 350 594 ἀδελφῶν
372 560 534 595 ἐπιμελείας
559 559 728 595 ποθούμενον
752 559 800 585 καὶ
822 566 871 584 πο-

80 604 199 632 θοῦντα·
225 606 408 641 στεργόμενον
436 608 484 633 καὶ
513 607 673 642 στέργοντα.
705 606 794 634 Ὅπου
817 607 872 642 γὰρ

79 653 174 686 ἀγάπη
199 653 391 688 πνευματικὴ,
414 653 474 680 ἐκεῖ
488 653 518 679 ἐν
541 653 616 688 μέσῳ
638 654 774 690 Χριστὸς,
801 654 872 682 καθὰ

81 699 277 735 ἐπηγγείλατο.
300 699 344 732 Ὠς
357 700 439 732 καλὸς
456 699 631 736 καθηγητὴς,
647 701 697 735 ἆγε
711 701 775 733 τοὺς
788 700 873 736 ἄρνας

80 746 200 781 Χριστοῦ
211 755 218 762 ·
231 747 384 782 συμπαθῶς
397 747 587 782 πεφεισμένως
597 748 770 783 ὀνειρόμενος
782 748 872 776 αὐτῶν

81 793 119 824 ὡς
134 793 245 819 οἰκείων
272 793 361 828 μελῶν
373 802 381 808 ·
397 792 470 825 οἶδας
483 793 525 825 τίς
541 792 582 826 εί,
605 795 647 821 ὅτι
670 790 871 830 ἀπροσπαθής·

79 840 121 866 ὅτι
135 839 408 875 συμπεριφερόμενος
417 848 424 854 ·
438 840 495 867 ἀλλ’
505 838 552 867 οὖν
565 841 605 868 ὅτι
617 841 664 868 καὶ
677 841 872 876 ἀκριϐολογού-

83 893 180 919 μενος,
199 886 263 921 περὶ
279 885 331 918 τὰς
350 886 461 918 ἐντολὰς
481 887 528 913 τοῦ
541 887 621 915 Θεοῦ.
639 885 701 914 Εἶεν
715 888 844 915 ἁπάντων
857 889 874 924 ἡ
890 877 911 906 Β

79 931 155 966 ψυχὴ
171 931 219 966 μία
236 932 282 958 διὰ
293 931 340 958 τοῦ
353 933 443 960 πάντα
455 930 525 959 εἶναι
541 934 628 960 κοινά.
644 932 706 960 Εἶεν
725 933 874 969 ἐξαγόρευ-

83 986 124 1009 at;
137 977 253 1014 ἐπείπερ
270 979 325 1005 πᾶν
342 979 372 1005 τὸ
386 979 591 1014 φανερούμενον
608 980 665 1014 φῶς
681 981 765 1012 ἐστιν,
778 980 816 1010 ὡς
827 980 875 1007 καὶ

79 1024 110 1051 τὸ
128 1024 267 1059 ἔμπαλιν·
296 1022 352 1051 εἷεν
371 1025 490 1061 ὑπακοὴ,
518 1026 563 1060 ὑφ’
625 1026 639 1052 ὁ
656 1026 758 1062 λῃστὴς
772 1027 874 1054 εἴσοδον

81 1070 223 1106 ἐξαπάτης
242 1071 292 1107 οὐχ
313 1072 436 1105 εὑρίσκει
447 1080 453 1087 ·
470 1070 525 1099 εἷεν
538 1073 720 1106 ταπείνωσις,
737 1075 769 1109 ἣν
783 1074 874 1108 ἀμπε-

80 1116 199 1151 χόμενος
219 1117 233 1143 ὁ
253 1116 320 1148 Θεὸς
347 1117 491 1153 ἄνθρωπος
515 1119 610 1152 γέγονε
623 1139 630 1151 ,
647 1118 725 1150 θεοὺς
749 1118 875 1145 ἐντεῦθεν

79 1162 146 1193 τοὺς
164 1162 326 1198 ἀνθρώπους
342 1163 527 1200 δημιουργῶν.
552 1165 580 1190 Ὼ
596 1164 662 1191 καλὲ
678 1164 812 1198 Basilus,
824 1164 874 1199 τὴν

80 1208 321 1245 παρακαταθήκην
335 1209 453 1244 φύλαξον
464 1219 472 1227 ’
487 1212 689 1246 ἐκτρεπόμενος
699 1211 734 1237 τὰ
746 1211 854 1246 πονηρά
865 1219 873 1227 ο

80 1256 304 1290 ἑγκολπούμενος
325 1257 360 1284 τὰ
374 1257 454 1285 θεῖκᾱ
466 1266 473 1273 ·
492 1257 577 1289 τύπος
602 1258 786 1294 ἀγαθοεργίας
799 1258 873 1294 πάσῃ

79 1304 267 1338 προκείμενος
281 1304 314 1338 τῇ
326 1303 488 1339 ἀδελφότητι
497 1312 503 1318 ·
518 1304 566 1330 καὶ
577 1304 663 1336 οὕτως
675 1304 690 1330 ὃ
706 1312 734 1330 σε
748 1304 853 1330 ἀθετῶν
864 1325 871 1337 ,

79 1349 176 1376 ἀθετεῖ
185 1349 252 1376 Θεόν
265 1357 271 1364 ·
290 1350 337 1376 καὶ
351 1351 365 1376 ὁ
379 1349 500 1377 ὑπείκων
516 1358 568 1383 σοι,
585 1350 692 1377 ὑπείκει
707 1350 778 1385 Θεῷ.
797 1351 874 1386 Μνη-

81 1395 182 1430 μόνευέ
199 1404 250 1431 μου
265 1396 315 1431 τῆς
328 1395 522 1428 ταπεινώσεως
539 1397 588 1423 σὺν
603 1397 659 1429 τοῖς
673 1397 808 1432 ἀδελφοῖς.

78 1471 144 1506 AH'.
164 1488 200 1494 ——
227 1475 291 1506 Τοῖς
313 1474 517 1509 ἠγαπημένοις
542 1474 684 1509 ἀδελφοῖς
708 1476 873 1510 Γρηγορίφ.

121 1519 282 1554 ’Ῑεζεχιὴλ,
320 1520 468 1554 Ἐράστῳ,
499 1520 658 1554 Θεοφάνει,
690 1521 804 1554 Ἀνίνᾳ,
824 1521 872 1548 καί

114 1565 179 1598 τοῖς
199 1565 315 1598 ,λοιποῖς
333 1566 369 1592 ἐν
388 1566 521 1593 Ἑλλάδι.

923 236 1020 264 litteris
1031 237 1199 265 desiderium
1211 237 1369 272 mitigamus
1385 245 1392 263 :
1410 241 1439 265 ut
1453 238 1589 272 intelligas
1603 246 1618 265 a
1633 239 1712 266 nobis

924 282 1074 312 humilibus
1098 285 1198 319 gestari
1217 289 1242 312 te
1262 291 1370 319 semper
1383 283 1411 312 in
1435 284 1517 317 sinu;
1540 290 1614 313 tuam
1637 286 1710 312 enim

924 329 1040 357 salutem
1058 335 1197 365 optamus,
1224 335 1251 357 et
1275 338 1370 357 eorum
1396 331 1442 365 qui
1466 335 1554 358 tecum
1577 331 1713 359 suntfra-

924 378 996 402 trum
1017 383 1050 402 ac
1078 376 1207 403 liliorum.
1234 375 1382 404 Enimvero
1403 376 1451 404 ﬁlii
1473 377 1569 412 gloria,
1588 377 1648 405 laus
1665 386 1713 412 pa-

924 420 975 448 tris
1003 426 1046 448 est
1069 430 1076 448 :
1098 424 1125 449 et
1151 421 1196 456 pie
1216 422 1372 449 exsultandi
1397 430 1489 454 causa,
1515 422 1567 450 vita
1594 423 1710 450 liliornm

925 465 1016 501 gravis
1034 470 1061 494 et
1075 467 1239 502 composita.
1257 466 1378 494 Obsecro
1400 472 1426 494 te
1439 468 1530 501 itaque
1541 468 1568 494 in
1583 468 1710 501 Domino,

925 516 955 539 ut
972 519 1024 539 non
1052 513 1167 547 propriae
1188 514 1269 540 modo
1293 513 1436 541 stabilitati
1459 514 1598 547 consulas,
1622 515 1668 542 sed
1685 521 1712 543 et

925 558 1039 586 fratrum
1067 567 1160 586 curam
1173 567 1253 595 geras
1271 567 1278 585 :
1295 564 1324 586 ut
1338 564 1366 586 ct
1381 560 1415 587 ab
1428 560 1462 588 iis
1479 560 1601 595 diligaris
1622 565 1650 588 et
1666 569 1713 589 eos

926 604 1047 632 vicissim
1064 605 1174 641 diligas,
1191 611 1221 633 ut
1237 607 1339 633 ameris
1351 611 1379 633 et
1392 614 1477 633 aures.
1494 607 1546 635 Ubi
1558 607 1632 634 enim
1647 608 1707 635 cha-

926 649 992 677 ritas
1003 651 1146 686 spiritalis,
1164 651 1199 679 ibi
1216 652 1343 679 Christus
1362 652 1390 678 in
1404 653 1507 685 medio,
1520 652 1593 680 sicut
1607 652 1714 687 pollici-

927 701 971 723 tus
987 701 1028 724 est
1051 697 1085 727 θ’.
1103 696 1244 732 Tanquam
1262 698 1388 733 egregius
1411 698 1519 730 ductor,
1531 698 1632 726 Christi
1648 706 1713 726 oves

926 743 1000 778 agito
1019 751 1025 770 :
1046 743 1288 771 commiseratione
1304 743 1422 778 quadam
1437 748 1520 778 atque
1542 744 1714 778 indulgentia

928 788 1004 824 ipsas
1027 796 1077 816 ceu
1093 789 1203 823 propria
1221 789 1344 816 membra
1365 789 1492 824 diligens.
1510 789 1586 817 Nosti
1600 791 1646 825 qui
1663 791 1713 822 sis.

926 842 1025 870 expers
1050 835 1154 862 scilicet
1169 843 1259 870 pravae
1284 836 1446 868 all'ectionis,
1466 835 1567 871 insigni
1583 836 1714 864 facilitate

924 886 952 909 et
967 881 1107 913 comitate,
1122 886 1217 909 exacta
1238 890 1346 908 tnorum
1360 882 1515 915 disciplina,
1535 887 1564 910 et
1584 883 1713 910 observa-

924 927 1000 955 tione
1017 927 1209 954 mandatorum
1224 927 1284 954 Dei.
1297 926 1425 954 Omnium
1442 928 1478 955 sit
1494 928 1586 955 anima
1603 937 1667 960 una,
1685 934 1713 956 ut

924 974 979 1002 sint
1004 975 1161 1002 communia
1187 974 1304 1001 omnia:
1330 974 1367 1001 sit
1401 974 1484 1001 animi
1516 974 1712 1008 tnanifestatio,

923 1020 1148 1055 quandoquidem
1170 1028 1251 1047 omne
1277 1020 1348 1054 quod
1363 1021 1388 1047 in
1408 1024 1503 1055 aperto
1522 1024 1573 1052 est,
1591 1021 1635 1048 lux
1651 1026 1711 1048 est:

923 1071 950 1094 et
969 1067 1029 1094 vice
1042 1074 1132 1094 versa.
1152 1065 1194 1093 Sit
1219 1066 1374 1093 obedienlia
1394 1074 1401 1092 ε
1417 1073 1478 1100 qua:
1502 1066 1523 1093 si
1539 1071 1590 1099 est,
1607 1067 1711 1094 nullum

924 1111 967 1139 fur
984 1111 1087 1139 invertit
1105 1111 1259 1146 decipiendi
1273 1111 1363 1138 locum
1382 1120 1388 1138 :
1406 1111 1440 1138 sit
1460 1112 1613 1144 humilitas,
1631 1120 1711 1146 quant

923 1157 996 1186 Deus
1005 1158 1149 1192 amplexus
1163 1159 1245 1184 homo
1261 1156 1350 1185 factus
1365 1162 1416 1188 est,
1434 1162 1463 1185 ut
1480 1157 1604 1185 homines
1621 1159 1661 1185 vel
1673 1159 1714 1186 sic

924 1205 989 1232 deos
1009 1204 1136 1232 efficeret.
1162 1203 1184 1231 Ο
1201 1204 1309 1238 egregie
1330 1203 1423 1236 Basili,
1450 1212 1529 1231 serva
1545 1205 1712 1240 depositum,

923 1258 1005 1285 prava
1018 1258 1163 1284 respuens,
1176 1249 1268 1276 dii-ina
1279 1249 1466 1284 complectens
1479 1257 1486 1275 :
1497 1254 1627 1285 tanquam
1639 1255 1715 1278 recte

924 1297 1019 1331 agendi
1042 1297 1128 1324 forma
1146 1296 1194 1323 toti
1211 1296 1376 1323 fraternitati
1392 1296 1561 1331 propositus.
1581 1297 1626 1323 Sic
1641 1297 1712 1324 enim

924 1343 971 1378 qui
986 1347 1011 1370 te
1028 1343 1171 1377 spreverit,
1186 1343 1271 1370 Deum
1297 1343 1418 1377 spernit:
1438 1348 1465 1370 ct
1479 1344 1526 1377 qui
1544 1344 1590 1370 tibi
1616 1352 1715 1379 parur:-

923 1388 971 1417 rit.
988 1387 1043 1415 Deo
1058 1393 1145 1422 paret.
1170 1388 1274 1415 Memor
1291 1393 1350 1416 esto
1369 1396 1422 1415 una
1438 1397 1500 1416 cum
1517 1389 1648 1417 fratribus
1666 1391 1716 1417 hu-

927 1434 1053 1461 militatis
1069 1442 1146 1461 utea}.

923 1480 1039 1508 XCVIII.
1058 1495 1093 1501 —
1111 1481 1219 1507 Dileclis
1249 1481 1378 1516 fratribus
1390 1501 1396 1512 ,
1410 1481 1546 1516 Gregorio,
1569 1481 1714 1517 Ezec/tieli,

961 1527 1067 1560 Eraslo,
1084 1526 1385 1561 TIteop/zant',Aninw,el
1401 1527 1507 1562 reliquis
1525 1529 1551 1554 in
1567 1528 1679 1557 (ἶνα-οἱα,

520 1611 661 1636 Monasticze
674 1611 731 1637 vita
745 1615 869 1644 prtecepta
880 1613 930 1643 dat,
942 1612 1068 1644 praecipue
1080 1613 1111 1637 de
1123 1616 1277 1644 paupertate.

115 1664 228 1699 Καιρὸς
251 1665 305 1692 τοῦ
328 1665 449 1698 λαλεῖν,
481 1666 530 1693 καὶ
560 1667 663 1700 καιρὸς
688 1666 742 1693 τοῦ
769 1667 870 1702 σιγᾷν.

84 1710 165 1736 Ἐπεὶ
187 1710 235 1737 οὖν
251 1711 298 1737 τοῦ
323 1711 450 1747 δευτέρου
465 1712 479 1738 ὁ
492 1712 571 1746 λόγος
595 1712 624 1738 ἐν
638 1714 697 1744 ταῖς
720 1713 872 1747 προλαϐοΰ-

79 1766 143 1788 σαις
167 1758 305 1792 ἡμέραις·
324 1758 393 1784 εῐπω
417 1758 444 1784 δὲ
469 1759 516 1785 καὶ
532 1759 562 1785 ὲν
585 1756 630 1791 αἷς
652 1759 683 1785 τὸ
705 1759 801 1795 παρόν.
823 1761 873 1787 Διὰ

78 1803 162 1829 τοῦτο
195 1804 271 1838 μόλις
300 1805 348 1830 καὶ
372 1803 434 1839 ἄρτι
467 1804 662 1839 ἐξεληλυθότες
686 1806 737 1841 τῆς
767 1805 872 1838 πόλεως

78 1850 192 1885 εὐδοκία
201 1849 280 1883 Θεοῦ,
292 1850 466 1885 φθεγγόμεθα
473 1850 548 1883 ὑμῖν,
558 1852 677 1886 πατέρες
689 1852 737 1878 καὶ
747 1851 854 1886 ἀδελφοί
863 1859 870 1867 ‘

80 1896 260 1930 φθεγγόμεθα
283 1896 311 1922 δὲ
336 1896 528 1927 ἀποστολικαῖς
554 1897 666 1931 φωναῖς·
689 1897 812 1930 Χαίρετε
838 1897 873 1924 ἐν

80 1942 181 1976 Κυρίῳ
187 1942 326 1975 πάντοτε,
334 1943 383 1969 καὶ
392 1943 485 1970 πάλιν
491 1942 558 1977 ἐρῶ,
566 1943 684 1977 χαίρετε
692 1950 698 1957 ·
705 1944 734 1968 οὺ
744 1944 814 1970 κατὰ
823 1944 872 1979 τὴν

79 1990 172 2023 χαρὰν
194 1988 242 2014 τοῦ
265 1989 328 2023 τῇδε
347 1989 465 2023 κόσμου’
483 1989 554 2023 πλὴν
571 1989 611 2015 ὅτι
627 1989 688 2015 οὐδὲ
703 1988 786 2024 χαρὰ.
804 1988 873 2016 ἀλλὰ

80 2036 154 2061 πάνυ
169 2034 271 2069 θλίψις.
289 2035 470 2066 ἀτακτοῦντος
493 2035 541 2062 τοῦ
556 2036 689 2070 ὑπηκόου.
722 2035 802 2061 Ἀλλὰ
814 2034 876 2070 χαί-

81 2090 144 2115 ρετε
160 2082 234 2107 κατά
250 2081 361 2116 Πνεῦμα
386 2080 560 2116 ἁγιωσύνης,
580 2081 621 2108 ὃτι
641 2080 814 2116 ἐλυτρώθητε
840 2082 872 2106 ἐκ

79 2128 131 2159 τῆς
147 2126 272 2158 δουλείας
292 2126 339 2152 τοῦ
363 2126 473 2161 ἐχθροῦ,
487 2127 520 2153 ὲκ
534 2126 584 2161 τῆς
600 2126 716 2161 ματαίας
736 2127 872 2161 ἀναστρο-

80 2173 156 2208 φῆς,
174 2174 229 2199 ἀπὸ
249 2173 350 2207 σαρκὸς
375 2173 422 2199 καὶ
449 2173 580 2207 αἵματος,
609 2173 783 2204 δουλεύοντες
814 2171 874 2208 Θεῷ

81 2218 165 2249 ζῶντι
185 2218 234 2244 καὶ
253 2217 390 2253 ἁληθινῴ-
408 2217 436 2250 ἐξ
457 2214 488 2243 οὗ
504 2218 552 2244 καὶ
567 2219 581 2244 ὁ
598 2217 731 2253 πρότερος
744 2216 815 2243 κατὰ
828 2217 873 2243 τὸν

80 2265 204 2300 διωγμὸν
226 2264 414 2299 μακαρισμὸς,
436 2265 484 2290 καὶ
506 2264 520 2290 6
540 2263 588 2290 νῦν
608 2263 751 2298 ξενισμός·
768 2259 820 2289 ὧδέ
844 2271 873 2289 τε

961 1667 1075 1701 Tempus
1096 1668 1232 1702 loquendi,
1257 1673 1282 1695 et
1298 1673 1399 1702 tempus
1422 1669 1527 1695 tacendi
1544 1669 1564 1695 ‘.
1587 1668 1717 1702 Quando-

924 1713 1038 1747 quidem
1061 1714 1145 1748 igitur
1164 1715 1299 1748 posterior
1314 1715 1458 1742 sententiae
1476 1722 1538 1748 pars
1562 1715 1652 1742 locum
1668 1716 1718 1742 ha-

923 1757 985 1784 buit
1003 1758 1196 1793 superioribus
1213 1758 1320 1791 diebus,
1346 1759 1436 1786 dicam
1452 1763 1479 1786 et
1498 1767 1571 1787 nunc
1587 1768 1648 1794 quae
1665 1759 1718 1788 fert

923 1811 1044 1838 praesens
1059 1804 1190 1831 conditio.
1211 1804 1314 1832 Idcirco
1331 1812 1402 1840 aegre
1418 1813 1492 1832 nunc
1510 1805 1619 1833 tandem
1647 1806 1716 1833 urbe

923 1849 1026 1884 egressi
1056 1848 1103 1877 Dei
1127 1849 1271 1881 beneﬁcio,
1306 1858 1354 1878 vos
1392 1851 1569 1886 alloquimur,
1621 1849 1717 1878 Patres

923 1893 1086 1930 fratresque.
1136 1895 1309 1929 Alloqnimur
1355 1900 1447 1924 autent
1501 1896 1594 1923 verbis
1637 1896 1717 1930 Apo—

924 1940 985 1967 stoli
1016 1940 1161 1968 :Gaudete
1195 1941 1222 1967 in
1257 1940 1370 1968 Domino
1419 1950 1531 1977 semper,
1565 1947 1590 1968 et
1616 1942 1714 1969 iterum

923 1985 1021 2019 dicam,
1037 1986 1170 2022 gaudete'
1183 1994 1190 2018 ;
1204 1992 1256 2013 non
1275 1986 1425 2014 secundum
1441 1987 1522 2021 hujus
1537 1987 1631 2014 mundi
1649 1995 1718 2022 gau-

923 2031 999 2058 dium
1026 2040 1032 2057 :
1052 2039 1141 2066 neque
1169 2032 1244 2059 enim
1259 2033 1402 2067 gaudium,
1426 2033 1472 2060 sed
1492 2033 1584 2067 gravis
1599 2033 1711 2059 alllictio

923 2081 976 2110 est,
991 2077 1037 2104 ubi
1053 2077 1181 2104 subditus
1194 2078 1332 2111 flagitiose
1359 2079 1436 2107 vivit.
1457 2079 1509 2106 Sed
1528 2080 1644 2117 gaudete
1671 2087 1716 2106 sc-

924 2123 1044 2151 cundnm
1066 2123 1200 2158 Spiritum
1224 2124 1388 2156 sanctitatis.
1421 2125 1551 2159 quoniam
1566 2125 1600 2152 ab
1621 2125 1717 2152 hostili

924 2169 1083 2204 captivitate
1098 2169 1231 2204 redempti
1250 2170 1330 2201 estis,
1347 2170 1381 2196 ab
1399 2170 1474 2197 inani
1490 2170 1715 2204 conversatione,

924 2225 939 2242 a
955 2223 1038 2243 carne
1054 2220 1081 2242 et
1098 2216 1246 2250 sanguine,
1263 2215 1415 2243 servientes
1435 2215 1490 2243 Deo
1507 2216 1569 2243 vivo
1584 2224 1616 2243 ac
1631 2224 1715 2244 vero:

925 2270 957 2289 ex
974 2269 1029 2296 quo
1055 2266 1112 2288 tum
1138 2261 1213 2296 prior
1238 2262 1284 2289 illa
1310 2270 1344 2289 ex
1368 2263 1560 2298 persecutione
1585 2263 1715 2295 felicitas,

79 2313 196 2338 κάκεῖσε
211 2311 419 2345 διεσπαρμένων
441 2310 518 2344 ὑμῶν
530 2329 537 2342 ,
552 2309 605 2341 ἕως
618 2306 649 2336 οὗ
668 2309 756 2336 ἐπίδοι
771 2309 872 2344 Κύριος

927 2312 981 2335 tum
995 2308 1065 2334 istud
1075 2308 1145 2341 quod
1163 2316 1235 2335 nunc
1250 2307 1375 2342 perfertis
1389 2308 1529 2341 exsilium,
1550 2308 1602 2335 huc
1634 2313 1717 2343 atque

80 2359 197 2394 εἰρήνην
213 2356 356 2392 βραϐεύων
370 2358 402 2392 τῇ
425 2356 575 2392 Ἐκκλησία
589 2355 682 2388 αὐτοῦ,
702 2356 749 2381 καὶ
768 2356 874 2382 ἀποκα-

81 2404 184 2430 θιπῶν
198 2404 272 2439 ἡμᾶς
285 2403 332 2429 ἐπὶ
345 2403 376 2429 τὺ
390 2403 467 2429 αὐτό.

116 2496 157 2522 Τὸ
168 2495 198 2522 δὲ
209 2495 257 2522 νῦν
267 2495 327 2530 ἔχον
341 2494 436 2529 δέομαι
449 2494 538 2529 ὑμῶν,
556 2494 673 2527 ἀδελφοὶ,
691 2493 782 2526 ἀξίως
793 2499 875 2527 περι‹

81 2541 219 2575 πατῆσαι
239 2540 295 2575 τῆς
310 2540 450 2573 κλήσεως
468 2538 506 2575 ἧς
522 2540 709 2573 ἐκλήθημενι
727 2539 799 2572 μετὰ
816 2538 874 2565 πά-

81 2596 143 2621 σης
158 2586 309 2621 ἀσφαλείας
325 2586 374 2613 καὶ
388 2585 525 2621 προσοχῆς
536 2594 542 2601 ·
563 2584 632 2619 μετὰ
651 2585 740 2619 πάσης
753 2592 877 2611 ταπεινο-

83 2633 224 2668 φροσύνης
243 2633 290 2659 καὶ
300 2632 422 2666 ὑπακοῆς
433 2632 481 2667 τῆς
493 2632 533 2662 εἰς
548 2631 680 2666 ἀλλήλους
691 2638 697 2645 ·
710 2630 817 2665 ἔχοντος
828 2629 875 2655 τοῦ

85 2678 296 2714 ⁸προηγουμένου
311 2678 358 2705 τὸν
367 2678 449 2704 τόπον
465 2677 514 2713 τῆς
529 2677 627 2712 ἀρχῆς,
644 2676 694 2703 οὐκ
706 2677 746 2707 εις
758 2675 874 2711 ἔπαρσιν

86 2724 256 2760 δαιμονικὴν,
280 2723 338 2751 ἀλλ’
357 2725 397 2756 είς
415 2723 500 2751 τύπον
520 2724 621 2759 ἀρετῆς
645 2722 699 2749 τῶν
722 2722 874 2756 ἑπομένων,

87 2772 132 2797 καὶ
151 2771 207 2797 τῶν
221 2770 249 2797 δὲ
265 2770 432 2797 ὑπεικόντων
446 2769 494 2797 καὶ
507 2769 687 2804 πειθομένων,
699 2767 738 2799 ὡς
755 2768 817 2802 ἐμοὶ
837 2766 876 2802 τῷ

89 2817 200 2852 ἀναξίῳ,
216 2816 315 2851 μᾶλλον
341 2816 370 2842 δδ
396 2815 515 2851 Χριστῷ,
539 2815 574 2842 δι’
592 2814 622 2841 ὃν
644 2814 693 2841 καὶ
714 2814 745 2840 τὸ
760 2815 814 2841 πᾶν
828 2813 875 2840 τοῦ

927 2354 992 2381 illuc
1027 2353 1157 2388 dispersi;
1183 2355 1270 2382 donec
1290 2355 1422 2390 respiciat
1449 2354 1594 2386 Dominus,
1621 2362 1715 2389 pacem

926 2399 1055 2427 Ecclesia:
1074 2407 1131 2427 sua:
1157 2401 1322 2433 concedens,
1346 2408 1453 2436 nosque
1475 2401 1502 2427 in
1519 2409 1604 2428 unutn
1623 2402 1718 2428 conci-

926 2446 1005 2473 Iians.

962 2491 990 2519 In
1004 2493 1130 2527 praesenti
1147 2498 1236 2520 autem
1249 2501 1340 2521 rerum
1353 2498 1438 2527 statu,
1458 2501 1507 2522 oro
1527 2502 1589 2528 vos,
1605 2494 1716 2525 fratres,

927 2543 957 2565 at
973 2538 1051 2574 digne
1073 2538 1214 2566 ambulem
1230 2540 1365 2566 vocatione
1379 2547 1432 2574 qua
1446 2540 1643 2570 vocalisumus.
1655 2548 1715 2566 cum

927 2584 999 2610 omni
1014 2583 1025 2598 ³
1041 2583 1183 2618 diligentia
1203 2589 1230 2611 et
1245 2585 1407 2616 attentione,
1426 2592 1487 2611 cum
1507 2585 1581 2612 omni
1603 2585 1715 2612 humili-

927 2633 981 2656 tate
1003 2634 1030 2656 et
1042 2629 1198 2656 obedientia
1215 2630 1332 2657 invicem
1351 2640 1357 2658 :
1379 2629 1547 2666 praefectura:
1561 2631 1651 2658 locum
1675 2636 1716 2658 te-

928 2681 1008 2702 nente
1025 2676 1182 2710 praeposito,
1198 2684 1252 2704 non
1268 2677 1302 2704 ad
1312 2677 1476 2705 diabolicam
1493 2677 1639 2704 elationem
1654 2677 1715 2704 ani-

928 2722 977 2755 mi,
995 2723 1042 2749 sed
1071 2723 1104 2750 ad
1121 2723 1230 2750 virtutis
1244 2724 1398 2759 exemplum
1414 2724 1544 2756 alumnis,
1564 2724 1653 2759 iisque
1668 2723 1714 2758 qui

929 2768 981 2803 ipsi
1005 2768 1196 2804 obtemperant
1209 2777 1240 2797 ac
1262 2777 1365 2797 rnorem
1379 2774 1476 2804 gerunt
1497 2775 1626 2805 tanquam
1647 2769 1714 2797 mihi

931 2815 1053 2851 indigno,
1072 2816 1114 2843 vcl
1133 2816 1244 2844 Christo
1265 2817 1368 2852 potius,
1389 2821 1499 2853 propter
1523 2821 1644 2852 quamet
1661 2816 1716 2843 vita

125 2877 146 2890 "
161 2874 257 2902 Matth.
271 2874 403 2907 xvrn,30.
443 2873 636 2907 'Ecclc.tn,8.
677 2874 686 2889 ¹
704 2873 802 2907 Philip.
822 2881 858 2905 I\',
875 2872 901 2901 4.
942 2874 1059 2908 'Ephes.
1079 2874 1152 2907 ΠΛ.
