1912 3080
209 133 276 168 1351

208 195 310 228 omnis,
326 200 352 223 et
372 196 527 225 voluntaria
545 206 620 226 mors
633 199 804 235 quotidiana,
817 209 834 228 ο
855 201 915 233 filii,
937 209 997 229 ma-
1011 205 1033 233 Α

208 248 291 276 gnum
304 241 401 268 salutis
416 242 577 278 mysterium
593 249 643 272 est.
664 245 756 272 Videte
766 246 998 277 quemadmodum

208 286 314 321 degatis
330 296 338 313 :
353 293 407 313 non
429 294 458 314 ut
474 288 548 316 vitiis
558 289 681 322 obnoxii,
696 290 743 317 sed
767 294 796 316 ut
811 296 938 325 expertes
958 291 999 318 vi-

213 330 334 357 tiorum:
354 339 406 358 non
425 337 453 358 ut
479 332 581 366 carnis,
597 334 644 361 sed
659 338 689 360 ut
713 332 761 361 Dei
789 340 938 362 amatores.
961 334 1000 362 Ne

209 376 306 403 oculos
320 377 346 403 in
357 376 523 405 feminarum
540 386 587 406 ora
606 379 734 414 conicite
751 389 758 407 :
771 380 818 407 sed
833 388 922 415 neque
936 388 1000 415 erga

211 429 261 449 vos
273 423 389 450 invicem
413 424 557 452 liberiores
575 425 603 451 in
624 426 730 460 agendo
746 431 846 453 cstote.
864 427 912 453 Est
926 427 1000 453 enim

211 468 334 501 licentia,
362 469 435 504 ignis
459 470 583 497 animum
608 479 752 505 perurens.
772 471 884 499 Mortem
908 472 1000 499 animo

212 520 320 548 semper
335 515 465 550 cogitate,
480 521 508 542 ut
519 516 582 543 sitis
592 517 625 544 ad
639 524 782 551 egressum
797 526 831 546 ex
849 519 903 546 vita
915 520 1000 554 parati

211 564 239 588 et
255 561 373 589 alacres.
393 561 571 590 Traditioues
591 569 698 591 servate
715 573 722 592 :
739 573 800 600 quae
814 571 879 593 sunt
895 567 1002 602 praesti-

213 611 270 634 tuta
289 607 421 642 periit-ite,
438 613 494 635 tum
516 617 576 644 quae
595 611 776 644 psalmodiam
792 612 922 644 attinent,
943 617 1000 639 tum

211 661 273 687 quae
285 655 437 681 orationem
451 659 477 680 et
493 656 602 690 quidvis
618 657 702 683 aliud.
732 657 821 685 Nolite
837 666 934 685 aurum
955 666 1003 686 vo-

211 699 256 726 bis
282 699 349 734 ipsis
364 700 503 735 colligere,
526 706 565 733 ut,
582 710 644 729 cuin
659 703 736 730 eritis
756 703 783 730 in
799 712 883 731 unum
901 705 1001 737 coacti,

212 746 375 780 propinquis
391 752 418 773 et
433 747 529 775 amicis
542 747 608 774 illud
625 748 753 776 tribuatis
773 758 780 777 :
796 751 926 784 quoniam
944 759 1003 777 Ino-

212 792 334 820 nasterio
353 801 418 820 cura
438 798 482 820 est
500 802 592 821 rerum
618 801 787 824 nostrarum.
814 795 872 823 Non
896 800 937 824 est
953 797 1003 824 hoc

213 837 333 865 Illiorum
350 839 406 871 Dei,
419 840 465 866 sed
481 847 576 867 eorum
592 840 638 874 qui
651 849 683 868 ea
697 849 758 876 qua;
773 842 865 869 carnis
880 846 945 869 sunt
958 851 1004 870 sa-

214 884 303 918 piunt.
332 884 477 917 Quomodo
493 886 599 920 igitur?
623 892 652 914 ut
672 887 698 914 in
724 894 895 914 communem
922 896 1001 914 usum
1018 883 1039 910 Β

213 930 375 958 conferatur
389 940 396 958 :
414 936 441 958 et
456 931 586 967 quidquid
601 933 756 968 contigerit,
773 933 935 960 fraternitati
951 934 1001 960 tri.

213 975 314 1004 buntur
340 981 395 1004 :ut
432 985 464 1004 ex
481 977 632 1005 multorum
661 980 784 1014 symbola
812 988 854 1007 res
883 979 1001 1006 ctenobii

215 1022 414 1049 constituatur.
431 1021 494 1050 Haec
507 1030 522 1050 a
539 1032 582 1050 me
598 1023 781 1052 idcircodicta
791 1029 865 1057 sunt,
881 1026 953 1060 qttod
969 1025 1003 1051 ad

214 1075 266 1095 nos
283 1067 355 1095 fatna
371 1069 467 1096 detulit
491 1077 553 1097 esse
567 1070 702 1104 quosdam
718 1072 766 1104 qui
792 1071 849 1106 jam
869 1079 941 1099 nunc
966 1072 1003 1098 ita

215 1117 355 1141 statuant:
368 1114 424 1142 Hoc
436 1122 532 1149 pecus,
548 1116 686 1151 inquiunt,
700 1121 727 1144 et
740 1117 793 1144 hoc
803 1117 1003 1150 indumentum,

215 1161 272 1188 sive
286 1161 425 1196 quidpiam
440 1163 523 1196 aliud,
539 1165 600 1190 volo
612 1164 660 1191 tali
683 1165 856 1199 relinquere!
878 1164 900 1192 0
918 1164 1004 1192 mise-

216 1206 284 1234 riam
295 1207 303 1233 ἰ
315 1214 332 1234 o
349 1207 513 1235 dementiam
532 1209 538 1236 !
557 1209 638 1244 Atqui
654 1218 708 1236 non
723 1215 766 1237 est
781 1218 795 1236 e
813 1210 935 1237 filiorum
952 1218 1005 1236 nu-

216 1259 291 1280 mero
305 1253 352 1288 qui
368 1254 501 1287 ejusmodi
512 1260 564 1287 est,
579 1263 629 1283 nec
646 1255 740 1288 frater,
756 1256 803 1283 sed
815 1256 934 1287 alienus.
951 1254 1000 1283 sed

215 1298 376 1333 sacrilegus,
391 1299 470 1334 cujus
484 1308 544 1327 sors
555 1309 617 1328 cum
632 1302 706 1329 Giezi
725 1301 831 1328 fure....

356 1355 452 1384 XCIX.
464 1372 500 1378 —-
511 1357 675 1385 Abrahamio
690 1359 878 1393 Itospt'talaria.

802 144 834 174 S.
853 142 1051 174 THEODORI
1067 145 1242 176 STUDsz‘E

1048 203 1108 238 βίου
1123 206 1171 230 καὶ
1184 205 1197 231 ὁ
1213 205 1273 231 καθ’
1287 204 1394 241 ἡμέραν
1410 207 1602 243 προαιρετικὸς
1615 207 1740 240 θάνατος.
1755 204 1778 235 ὧ
1791 210 1840 236 τέ-

1050 257 1111 282 uva,
1129 251 1198 285 μετὰ
1212 251 1243 277 τὸ
1255 251 1304 286 τῆς
1316 251 1452 287 σωτηρίας
1472 253 1633 287 μυστήριον.
1647 253 1764 281 Βλέπετε
1778 255 1841 287 πῶς

1049 296 1263 332 ἀναστρέφεσθε,
1278 297 1316 331 μὴ
1329 297 1366 329 ὡς
1378 298 1523 332 ἐμπαθεῖς,
1534 299 1592 326 ἀλλ’
1604 299 1643 332 ὡς
1655 299 1786 333 ἀπαθεῖςο
1799 303 1840 337 μὴ

1049 341 1086 373 ὼς
1098 341 1269 378 φιλόσαρκοι,
1300 342 1358 369 ἀλλ’
1370 342 1408 374 ὡς
1423 344 1552 378 φιλόθεοι.
1563 344 1608 381 Μὴ
1618 345 1788 373 ιπιὸἀλλοιτε
1803 348 1840 373 τὰ

1049 387 1161 422 δμματα
1183 387 1260 422 ὂψεσι
1283 389 1440 422 γυναικῶν,
1461 389 1530 416 ἀλλὰ
1557 390 1625 426 μηδὲ
1655 391 1696 423 εἰς
1723 393 1840 425 ἑαυτοὺς

1050 433 1124 468 εἴητε
1143 435 1383 470 παρῤησιαστικοί.
1400 436 1544 471 Παρρησία
1561 437 1615 472 γὰρ
1630 437 1686 473 πῦρ
1701 438 1838 472 καταφλέ-

1050 489 1098 515 γον
1115 481 1214 516 ψυχήν.
1231 482 1369 509 Μελετᾶτε
1390 483 1436 510 τὸν
1451 483 1565 510 θάνατον
1583 484 1636 515 ἀεὶ,
1653 485 1691 516 ὡς
1711 485 1744 512 ἂν
1763 485 1840 520 εἴητε

1051 528 1305 562 παρεσκευασμένοι
1331 528 1399 563 πρὸς
1427 528 1477 564 τὴν
1506 528 1596 561 ἔξοδον
1623 531 1653 557 ὲν
1678 531 1761 566 χαρᾷ.
1783 531 1843 563 Τὰς

1052 574 1216 608 παραδόσεις
1229 575 1356 609 κρατεῖτε
1366 582 1372 589 ·
1395 574 1429 601 τὰ
1448 575 1590 611 ὡρισμένα
1603 576 1715 609 τελεῖτε,
1727 577 1797 604 κατά
1811 585 1842 603 τε

1051 619 1211 655 ψαλμῳδίαν
1226 621 1273 647 καὶ
1286 621 1441 655 προσευχὴν
1461 622 1507 647 καὶ
1521 621 1548 647 εῐ
1564 630 1591 648 τι
1611 621 1716 657 ἕτερον.
1733 622 1778 657 Μὴ
1791 622 1842 657 Θη-

1054 666 1201 702 σαυρίζητε
1217 667 1322 698 ἑαυτοῖς
1342 666 1453 702 χρυσίον
1472 668 1512 699 εις
1528 667 1558 694 τὸ
1578 668 1607 694 ὲν
1623 667 1710 703 καιρῷ
1729 669 1842 694 ὲπισυν-

1053 715 1166 750 αγωγῆς
1187 715 1377 751 παρασχέσθαι
1389 716 1456 743 αὐτὸ
1477 716 1552 748 ιδίοις
1565 716 1613 743 καὶ
1625 716 1713 750 φίλοις
1722 722 1729 729 ’
1744 715 1782 748 ὡς
1795 715 1844 742 ὅτε

1052 760 1084 787 τὸ
1105 761 1286 796 μοναστὴριον
1302 761 1440 796 φροντίσει
1455 761 1489 788 τὰ
1508 761 1569 788 καθ’
1585 762 1669 796 ἡμᾶς.
1684 761 1722 787 Οὐ
1738 761 1845 787 τέκνων

1053 807 1121 833 Θεοῦ
1133 806 1221 840 τοῦτο,
1232 807 1301 834 ἀλλὰ
1312 808 1508 843 σσρκοφρόνων
1520 816 1526 822 ·
1545 808 1603 840 πῶς
1614 807 1641 834 δέ
1653 815 1660 840 ;
1675 807 1719 834 ἳνα
1730 807 1760 834 τδ
1772 807 1847 834 κατὰ

1055 853 1149 888 θρείαν
1162 854 1281 887 γένοιτο·
1299 855 1346 880 καὶ
1363 853 1393 880 τὸ
1413 853 1519 888 φθάσαν
1534 851 1604 881 εἶναι
1623 853 1791 888 προσενεχθῇ
1809 853 1846 889 τῇ

1053 898 1213 934 ἀδελφότητι
1226 907 1233 915 ⁸
1245 899 1289 926 ῐνα
1303 901 1335 927 ὲκ
1348 899 1453 926 πολλῶν
1470 899 1625 935 προσώπων
1640 900 1671 926 τδ
1683 899 1848 926 συστατικδν

1053 944 1098 980 εἴη
1109 945 1157 972 τοῦ
1172 945 1320 973 κοινοσίου.
1336 946 1428 972 Ταῦτα
1440 945 1468 972 δέ
1483 954 1528 981 μοι
1540 945 1647 981 εἴρηται
1659 944 1751 980 ἐπειδὴ
1761 945 1847 980 ἡκου-

1054 999 1115 1018 σται
1131 991 1227 1025 ὃτιπέρ
1247 1000 1319 1024 τινες
1341 991 1391 1027 ἤδη
1415 992 1580 1019 ἀπεντεῦθεν
1598 992 1745 1028 ὁρίζονται.
1766 991 1846 1024 Τόδε,

1055 1038 1133 1073 φησὶ,
1149 1038 1179 1064 τὸ
1194 1037 1274 1070 ζῶον,
1291 1038 1338 1064 καὶ
1354 1038 1414 1064 τόδε
1428 1038 1458 1064 τὸ
1475 1038 1592 1072 ίμὰτιον,
1606 1037 1654 1064 εἰτ’
1671 1035 1717 1065 οὖν
1739 1037 1846 1072 ἓτερον,

1056 1083 1186 1119 βούλομαι
1206 1083 1246 1119 τῷ
1263 1084 1328 1110 δεῖνι
1350 1085 1442 1111 ἐᾶσαι.
1459 1084 1490 1110 Ὢ
1504 1084 1555 1119 τῆς
1567 1084 1741 1119 ἀθλιότητοςι
1760 1082 1782 1109 ὦ
1794 1083 1849 1117 τῆς

1054 1131 1227 1166 ἀφροσύνηςὶ
1255 1130 1361 1157 Οὐκοῦν
1377 1130 1439 1158 οὗτε
1463 1131 1557 1157 τέκνον
1581 1131 1595 1157 ὁ
1617 1130 1752 1161 τοιοῦτος,
1782 1128 1850 1156 οὔτε

1055 1177 1170 1211 ἀδελφός
1181 1185 1188 1193 ⁸
1206 1177 1264 1204 ἀλλ’
1277 1177 1429 1213 ἀλλότριος,
1445 1177 1513 1205 ἀλλά
1529 1177 1677 1208 ἱερόσυλος,
1689 1173 1720 1204 οὖ
1734 1177 1750 1211 ἡ
1766 1175 1850 1211 μερὶς

1058 1223 1830 1260 μετὰΓιεζῆτοῦκλέπτου.............

1226 1356 1284 1391 ιιΘ¹.
1299 1372 1334 1377 -
1350 1357 1491 1391 Ἁϐραμίῳ
1508 1355 1669 1390 ξενοδόχφ.

784 1416 903 1441 Hortatur
913 1417 943 1442 ad
955 1417 1083 1441 lenitatem
1095 1422 1154 1447 erga
1165 1413 1287 1439 subditos.

334 1468 501 1495 obscuratur
521 1469 562 1496 sic
575 1467 694 1496 faciendi
711 1474 798 1496 metu.
815 1468 884 1496 Nam
903 1469 950 1496 Dei
966 1469 1000 1496 ti-

1087 1489 1095 1496 .
1119 1488 1128 1496 .
1149 1488 1156 1495 .
1178 1487 1186 1496 .
1209 1488 1216 1495 .
1239 1466 1418 1498 συσκιάζεται
1436 1465 1512 1500 φόσῳ
1534 1464 1607 1492 οὕτω
1621 1465 1851 1499 διαπράττεσῠαι.

216 1521 294 1542 more
309 1514 377 1542 nihil
391 1519 435 1542 est
452 1514 543 1550 majus
560 1524 568 1542 :
581 1519 609 1542 et
623 1515 690 1542 nihil
704 1516 789 1543 animi
810 1517 900 1543 salute
916 1515 1003 1550 magis

1054 1515 1136 1542 Φόϐου
1153 1514 1208 1550 γὰρ
1231 1512 1300 1540 Θεοῦ
1315 1512 1392 1539 οὐδὲν
1410 1511 1514 1547 μεῖζον,
1531 1513 1577 1538 καὶ
1600 1511 1738 1546 σωτηρίας
1758 1512 1850 1547 ψυχῆς

216 1561 415 1588 necessarium.
432 1561 504 1593 Quid
514 1561 584 1588 enim
597 1561 716 1595 proderit
737 1561 848 1591 homini.
864 1561 964 1596 inquit,
978 1561 1002 1587 si

1054 1561 1126 1588 οὐδὲν
1144 1558 1372 1594 ἀναγκαιότερον.
1394 1558 1424 1584 Tl
1445 1557 1500 1592 γὰρ
1512 1556 1664 1591 ὠφελήσει
1678 1556 1851 1591 ἄνθρωπον,

216 1607 333 1633 lucretur
348 1610 476 1633 mundum
489 1611 586 1639 totum,
597 1611 621 1633 et
633 1607 820 1634 detrimentum
837 1607 934 1634 animi:
949 1615 1004 1634 tua:

1054 1608 1146 1642 φησιν,
1161 1607 1216 1633 ἐὰν·
1231 1605 1308 1632 ὅλον
1325 1604 1380 1631 τὸν
1395 1604 1512 1637 κόσμον
1528 1603 1673 1637 κερδήσῃ,
1686 1603 1736 1630 καὶ
1746 1602 1854 1637 ζημιω-

215 1652 300 1687 faciat
315 1651 348 1678 δῖ
362 1651 390 1678 Et
405 1652 542 1679 medicum
559 1652 642 1687 quaeri
656 1659 706 1686 par
720 1656 762 1679 est
774 1653 800 1679 in
813 1652 927 1681 adversa
941 1660 1003 1680 cor-

1056 1652 1094 1687 θῇ
1110 1652 1168 1686 τὴν
1183 1651 1290 1686 ψυχὴν
1310 1649 1423 1681 autcf);
1442 1650 1497 1676 Καὶ
1511 1651 1525 1676 ό
1545 1650 1636 1684 ἰατρὸς
1651 1650 1680 1675 ὲν
1692 1650 1751 1680 ταῖς
1769 1657 1855 1685 περι-

1058 1699 1169 1726 στάσεσι
1184 1697 1314 1733 ζητητέος
1324 1703 1331 1711 ·
1346 1697 1393 1723 καὶ
1413 1697 1427 1723 ὁ
1442 1695 1615 1731 κυϐερνήτης
1631 1697 1659 1722 ὲν
1670 1695 1709 1730 τῷ
1722 1695 1853 1725 κλύδωνι.

1058 1746 1092 1772 Ἦ
1107 1745 1157 1780 οὐχ
1170 1745 1236 1780 ὁρᾷς
1247 1744 1289 1771 ὅτι
1303 1743 1407 1770 κλύδων
1424 1744 1511 1778 μέγας
1526 1743 1573 1769 καὶ
1588 1741 1725 1777 θεομηνὴς
1735 1742 1831 1777 πληγή
1846 1751 1855 1774 ;

1059 1790 1213 1825 ῐάτρευσον,
1242 1788 1372 1819 δέσποτα,
1400 1787 1581 1823 κυϐέρνησον,
1602 1787 1647 1814 ἵνα
1664 1787 1712 1813 καὶ
1738 1787 1856 1813 σεαυτὸν

1059 1835 1160 1871 σώσῃς,
1175 1835 1297 1866 καὶτοὺς
1310 1833 1454 1865 ὑπαιτίους
1471 1833 1578 1869 ἰξιάσῃ,
1597 1833 1644 1860 καὶ
1659 1833 1857 1868 ἁναστοιχειὼ-

1059 1889 1108 1918 σῃς
1120 1882 1161 1912 εις
1177 1880 1351 1912 εὐστάθειαν,
1366 1879 1531 1915 ἀνεχόμενος
1543 1879 1593 1915 τὴν
1609 1879 1734 1915 ἀπειλὴν,
1751 1879 1790 1911 ὠς
1803 1880 1858 1906 καὶ

215 1698 291 1732 poris
308 1697 473 1730 Valetudine,
489 1703 516 1725 et
544 1698 572 1725 in
597 1703 757 1733 tempestate
783 1699 1003 1734 gubernatorem.

215 1743 314 1770 Annon
332 1743 408 1770 vides
426 1751 552 1778 magnam
570 1752 631 1772 esse
650 1749 837 1780 tempestatem
852 1750 880 1772 et
899 1744 1005 1779 plagam

215 1788 349 1815 divinitus
365 1788 540 1816 immissatn?
565 1788 686 1822 Medere,
703 1789 826 1822 domine,
843 1797 916 1824 rege,
934 1794 965 1816 ut
979 1794 1007 1817 et

217 1835 334 1869 teipsum
358 1842 450 1862 serves
481 1835 661 1867 incolumem,
689 1839 717 1863 et
733 1843 781 1863 eos
800 1836 848 1870 qui
875 1836 914 1863 rei
942 1840 1007 1863 suttt

216 1887 308 1912 sanes,
327 1884 353 1907 et
367 1880 400 1907 ad
418 1881 596 1908 stabilitatem
612 1881 739 1912 reducas.
758 1881 846 1908 mittas
858 1881 1004 1914 cohibens,

216 1934 279 1954 cum
296 1933 323 1953 et
340 1927 435 1961 ipsein
451 1935 566 1962 corpore
582 1928 621 1955 sis
636 1932 663 1954 et
678 1928 767 1962 lapsui
787 1928 933 1955 obnoxius.
956 1928 1003 1955 Sic

217 1974 290 1999 enim
311 1978 338 1999 et
354 1973 472 2008 propitio
487 1973 573 2000 uteris
585 1972 651 2001 Deo.
674 1973 728 2000 Deo
744 1979 834 2000 autem
849 1977 1008 2008 protegente

216 2018 280 2053 quis
297 2018 403 2046 allicere
420 2020 492 2047 tualo
519 2020 626 2055 possit?
647 2020 799 2053 Memento,
816 2020 930 2047 domine
958 2020 1007 2053 mi,

217 2065 290 2100 quod
308 2070 335 2092 et
359 2066 418 2100 ipse
429 2073 494 2093 caro
508 2073 548 2098 es,
565 2071 592 2093 et
619 2071 648 2093 ut
663 2067 768 2101 lapsum
789 2066 902 2099 metuis,
926 2065 1010 2100 lapsis

218 2109 329 2144 ignosce
348 2118 354 2136 :
377 2109 478 2137 Eadem
493 2111 589 2146 quippe
612 2119 736 2138 mensura
754 2119 806 2146 qua
827 2110 910 2138 mensi
926 2110 1009 2144 [ueri-

218 2164 287 2188 mus,
312 2157 463 2183 rentetietur
489 2157 563 2184 nobis
576 2159 598 2184 ⁵.
621 2157 770 2189 Memento,
794 2156 878 2183 frater
897 2157 1010 2191 optime,

218 2204 291 2237 quod
302 2203 382 2230 hodie
394 2210 501 2235 sumus,
517 2210 566 2230 nec
581 2203 685 2230 scimus
695 2203 759 2237 quid
769 2207 956 2236 superuentura
964 2210 1013 2237 pa-

219 2249 269 2275 riat
286 2249 341 2275 dies
356 2249 367 2264 '
382 2258 388 2276 :
409 2253 483 2275 utne
499 2248 674 2275 inveniantur
689 2249 775 2275 notati
792 2255 854 2275 cum
873 2247 1012 2274 dedecore

218 2302 251 2321 ac
260 2294 407 2326 maledicti,
419 2299 475 2322 tum
488 2294 513 2321 in
527 2295 653 2329 praesenti
667 2294 777 2326 saeculo,
790 2299 847 2321 tum
863 2293 891 2320 in
903 2292 1009 2321 futuro.

1059 1927 1140 1959 αὐτὸς
1163 1926 1200 1954 ὢν
1224 1928 1253 1953 ὲν
1276 1926 1383 1962 σώματι
1405 1926 1453 1953 καὶ
1475 1926 1528 1953 ὑπὸ
1543 1926 1573 1952 τὺ
1591 1925 1731 1953 πταιστόν.
1756 1925 1859 1958 οὖτ‹-›ς

1059 1973 1114 2009 γὰρ
1127 1975 1172 2000 καὶ
1187 1972 1252 1999 Θεὸν
1269 1973 1357 2007 κτήσῃ
1374 1971 1449 1998 ἵλεω.
1464 1971 1532 1998 Θεοῦ
1549 1971 1577 1998 δὲ
1591 1971 1768 2007 περιέποντος
1782 1972 1827 2003 τίς
1843 1973 1859 1999 ὁ

1060 2018 1209 2050 κακώσων;
1223 2017 1377 2052 Μνήσοητι.
1395 2016 1481 2052 Κύριέ
1494 2025 1554 2051 μου.
1570 2016 1611 2042 ὃτι
1626 2016 1692 2051 σὰρξ
1704 2013 1729 2041 εἷ
1743 2016 1792 2042 καὶ
1807 2017 1861 2042 αὑ-

1060 2065 1105 2096 τός
1116 2072 1123 2078 ·
1141 2064 1186 2091 καὶ
1199 2063 1236 2096 ὡς
1255 2063 1323 2098 φοΰῇ
1340 2062 1389 2094 τὰς
1404 2062 1522 2097 πληγὰς,
1538 2062 1630 2097 φείδου
1649 2061 1703 2088 τῶν
1718 2060 1837 2096 πληγῶν
1850 2071 1856 2078 -

1068 2110 1205 2144 Ἔπειπερ
1224 2109 1276 2142 οἵῳ
1297 2109 1394 2143 μέτρῳ
1407 2107 1585 2143 μετροῦμεν.
1599 2107 1861 2142 ἀντιμετρηθήσε-

1061 2164 1109 2183 ται
1139 2155 1220 2190 ἡμῖν.
1247 2154 1401 2190 Μνήσθητι,
1427 2154 1526 2188 ἀδελφέ
1555 2153 1632 2186 καλὲ,
1659 2154 1699 2180 ὅτι
1729 2154 1861 2188 σήμερόν

1063 2203 1158 2237 ἐσμεν,
1175 2201 1224 2228 καὶ
1236 2201 1264 2228 τί
1278 2200 1394 2232 τέξεται
1410 2200 1429 2234 ἠ
1444 2199 1573 2227 ἐπιοῦσα
1585 2201 1640 2227 οὐκ
1657 2198 1796 2233 οἴδαμεν·
1815 2199 1861 2231 ὡς

1065 2247 1103 2283 μὴ
1126 2247 1271 2283 εὑρεθῆναι
1290 2247 1364 2282 ἡμᾶς
1381 2245 1615 2281 κωμῳδουμένους
1630 2245 1677 2272 καὶ
1692 2246 1862 2281 κατηραμέ-

1064 2302 1137 2324 νους,
1150 2293 1197 2320 καὶ
1209 2293 1238 2319 ὲν
1252 2292 1291 2327 τῷ
1306 2291 1354 2319 νῦν
1368 2292 1448 2318 αἰῶνι
1467 2292 1514 2320 καὶ
1528 2293 1557 2319 ὲν
1573 2292 1612 2327 τῷ
1626 2291 1760 2326 μέλλοντι.
1774 2291 1862 2326 Μνή-

218 2339 355 2367 Memento
369 2339 512 2367 horrendae
525 2339 602 2367 illitis
617 2339 853 2374 inexorabilisque
861 2339 1002 2367 sententia:

1066 2338 1145 2374 σθητι
1168 2339 1218 2374 τῆς
1248 2338 1413 2372 ἀποφάσεως
1444 2338 1552 2372 ἐκείνης
1579 2338 1627 2373 τῆς
1657 2337 1776 2372 φοϐερᾶς
1806 2340 1864 2365 καὶ

217 2392 271 2419 qua
280 2384 510 2412 immisericordes
517 2384 544 2411 in
552 2384 642 2420 ignem
651 2384 846 2412 inexstinctum
855 2384 1010 2411 mittentur.

218 2430 355 2458 Memento
368 2430 426 2457 fore
444 2434 474 2457 ut
495 2430 575 2457 nobis
592 2430 726 2458 sistantur
743 2431 778 2458 ob
793 2430 888 2458 oculus
903 2430 932 2462 ii,
953 2429 1001 2464 qui

219 2476 322 2505 fuerint
335 2484 351 2504 a
370 2476 451 2504 nobis
464 2481 512 2504 aut
529 2476 665 2505 beneficio
681 2477 774 2512 aliquo
787 2481 836 2504 aut
849 2476 951 2504 damno
968 2474 1009 2503 af-

220 2523 294 2551 fecti.
314 2523 417 2558 Ecquid
432 2516 490 2550 tum
505 2523 628 2558 proderit
646 2523 755 2559 egregia
769 2531 818 2558 per
834 2522 905 2550 hanc
920 2523 1005 2549 vitam

219 2567 291 2595 fama
310 2568 415 2596 fuisse?
427 2568 465 2596 Ne
480 2568 532 2600 sic,
548 2568 682 2600 obtestor,
698 2573 791 2595 nostro
805 2574 856 2594 nos
873 2566 924 2602 ipsi
946 2566 1004 2601 gla-

219 2614 265 2642 dio
275 2614 443 2649 jugulemus.
456 2614 520 2642 Haec
535 2614 575 2641 tui
588 2620 734 2649 peramans
745 2613 817 2645 dico,
834 2613 1007 2647 maximeque

219 2659 254 2687 de
268 2664 304 2693 te,
320 2659 441 2693 domine,
457 2659 602 2691 sollicitus,
625 2664 654 2687 ut
673 2659 754 2686 linem
772 2658 881 2686 dicendi
895 2657 1005 2686 faciam.

218 2705 309 2734 Laetos
323 2705 439 2740 posthac
455 2706 567 2733 nuntios
579 2705 689 2733 audiam
704 2705 737 2732 de
750 2705 883 2732 comitate
897 2704 925 2732 in
943 2712 1006 2732 eru-

219 2752 320 2780 diendo
335 2759 368 2780 ac
394 2751 524 2780 facilitate
548 2751 650 2779 domini
682 2750 757 2779 mei:
775 2755 805 2778 ut
835 2755 954 2784 cantem,
976 2755 1007 2778 ut

220 2798 369 2832 intelligam
383 2803 552 2834 quantopere
575 2797 643 2825 mihi
669 2796 798 2832 deinceps
809 2796 916 2824 amicus
932 2803 1009 2824 meus

254 2853 266 2870 ⁸
279 2853 363 2882 Marc.
380 2862 438 2888 vnt,
453 2853 500 2883 56.
553 2853 564 2869 ⁸
575 2852 642 2881 Luc.
655 2860 691 2886 νι,
708 2852 752 2881 38.
790 2854 800 2868 '
812 2852 892 2880 Prov.
906 2859 990 2885 xxvn,
1006 2851 1029 2878 l.

1062 2384 1296 2420 ἀπαραλογίστου,
1312 2383 1357 2418 ὑφ’
1371 2381 1404 2419 ἧς
1415 2384 1440 2410 οι
1456 2383 1635 2419 ἁνελεήμονες
1650 2384 1690 2414 εἰς
1702 2382 1758 2417 πῦρ
1772 2382 1865 2409 ἄσϐε-

1062 2439 1123 2457 στον
1142 2429 1395 2465 ὲκπεμφθήσονται.
1417 2429 1559 2464 Μνήσθητι
1574 2429 1615 2455 ὅτι
1629 2428 1863 2464 παραστήσονται

1059 2477 1126 2512 ἡμῖν
1147 2478 1182 2503 τὰ
1199 2473 1230 2502 εὖ
1248 2476 1405 2502 πεπονθότα
1421 2475 1565 2510 πρόσωπα,
1582 2474 1630 2501 καὶ
1642 2475 1677 2500 τὰ
1690 2474 1864 2509 δεινοπαθή-

1058 2531 1144 2550 σαντα
1165 2523 1210 2558 ὑφ’
1228 2523 1317 2558 ἡμῶν.
1341 2523 1396 2550 Καὶ
1413 2522 1440 2549 τί
1455 2522 1592 2557 ὠφελήσει
1611 2521 1671 2549 τότε
1689 2521 1719 2548 τδ
1735 2521 1865 2549 ἐνταῦθα

1059 2568 1175 2596 ἀκοῦσαι
1197 2569 1272 2603 ἡμᾶς
1296 2567 1424 2600 ἰκανούς;
1441 2568 1498 2603 Μὴ,
1523 2567 1684 2604 παρακαλῶ,
1704 2567 1741 2602 μὴ
1766 2566 1864 2602 οὕτως

1059 2615 1100 2646 εις
1120 2614 1235 2646 ἑαυτοὺς
1250 2613 1280 2640 τὸ
1294 2614 1372 2648 ξίφος
1387 2613 1513 2649 ὼθῶμεν.
1528 2613 1615 2640 Φίλων
1630 2612 1704 2647 λέγω
1718 2612 1765 2639 καὶ
1781 2613 1864 2647 μάλα

1059 2660 1218 2696 κηδόμενος,
1244 2659 1375 2692 δέσποτα,
1400 2659 1477 2692 τέλος
1501 2659 1549 2686 τοῦ
1573 2658 1666 2693 λόγου.
1686 2658 1862 2693 Ἀκούσαιμι

1058 2708 1113 2735 ἀπὸ
1126 2707 1174 2734 τοῦ
1187 2706 1234 2734 νῦν
1247 2706 1352 2741 ἀγαθὰς
1363 2706 1448 2738 ἀκοὰς
1459 2706 1506 2733 καὶ
1521 2705 1720 2742 φιλανθρώπως
1740 2705 1823 2732 παιδε
1837 2721 1864 2732 ι-

1059 2753 1138 2785 τικὰς
1153 2752 1217 2787 -ιτερλ⁵
1232 2751 1279 2778 τοῦ
1295 2751 1362 2787 ἐμοῦ
1376 2751 1480 2788 Κυρίου
1494 2759 1501 2767 ⁶
1527 2751 1571 2778 ἵνα
1591 2751 1661 2787 ᾇσω,
1682 2751 1726 2778 ἶνα
1740 2749 1798 2785 γνῶ
1817 2752 1862 2784 ὡς

1063 2798 1268 2834 ὺπακουόμενος
1279 2797 1378 2834 ἔσομαι
1390 2797 1438 2825 καὶ
1453 2797 1522 2834 πρὸς
1534 2797 1564 2824 τὸ
1578 2797 1643 2834 ἑξῆς
1657 2796 1710 2824 ὑπὸ
1721 2795 1769 2823 τοῦ
1784 2797 1860 2832 ἐμοῦ
