1912 3080
109 147 177 178 1353

693 140 968 172 EPISTOLARUM
999 140 1072 174 LIB,
1099 139 1142 169 Π.

1667 134 1735 168 1354

107 207 197 242 φίλου.
211 203 284 240 Ἥϐη
296 203 351 239 γὰρ
369 202 394 230 oi
407 200 608 237 γειτνιάζοντες
623 200 690 236 ἡμῖν
708 199 827 228 ενταῦθα
842 199 893 235 ,εμ-

947 198 1125 233 obsequetur.
1145 195 1205 225 lam
1228 195 1303 224 enim
1317 199 1344 224 et
1363 193 1410 228 qui
1423 193 1468 222 hic
1482 193 1509 221 in
1525 197 1617 222 nostra
1636 195 1734 223 vicinia

106 253 183 288 φοσοι
194 251 244 279 καὶ
256 248 384 285 ἑντρομοί
397 249 469 275 εἰσιν
483 247 513 281 ιε
526 243 565 274 ὧν
579 246 710 274 ἀκούουσι
720 255 727 263 ·
739 247 842 281 καίπερ
857 245 896 282 μὴ

106 297 265 329 ἐπταικότες
281 305 320 323 τι.
334 293 473 330 Τύραννός
485 295 560 321 ἐστιν
578 294 592 320 ὁ
606 293 753 328 ἐρχόμενος
765 299 774 308 ·
797 292 896 328 μάχαι-

107 352 157 379 ραν
176 342 355 377 ἐπιφέρεται·
371 339 479 375 πτωχὸς
498 339 547 374 οὐχ
561 339 670 366 tit-micet
691 338 825 373 ἀπειλήν
845 338 896 372 οὐχ

107 389 149 415 ἵνα
172 387 403 422 ἀνταγωνίσηται,
427 385 544 421 δέχεται,
563 384 614 411 κᾶν
641 384 678 419 μὴ
701 383 831 419 βούλοιτο,
849 383 896 410 ἐπὶ

105 433 191 468 τούτῳ
202 433 252 467 οὐχ
268 431 436 463 ὑπεύθυνος·
455 430 517 457 οὐδὲ
529 430 584 465 γὰρ
603 429 685 461 αὐτὸς
703 428 760 463 ἐγὼ
773 429 893 463 καταλη-

106 480 183 514 φθεὶς
202 478 302 509 οὕτως,
320 476 463 512 δυνηθείην
478 475 512 503 ἂν
532 475 634 510 ἑτέρως
656 475 764 510 δρᾶσαι.
786 474 849 501 Ἐὰν
865 473 894 501 δὲ

104 526 175 561 πέρα
193 524 281 560 τούτῳ
295 524 326 551 τὺ
341 523 439 556 αἴτιον,
457 522 551 554 καλῶς
560 530 568 537 ·
582 521 651 548 ἀλλὰ
665 522 712 548 καὶ
727 521 813 552 οὕτως
827 529 899 556 συμ-

104 570 198 601 παθῶς
210 569 248 601 ὡς
258 570 288 595 ἑν
297 568 448 603 ὀφθαλμοῖς
458 568 577 602 Κυρίου·
589 566 620 599 ἐξ
629 563 660 592 οὗ
674 565 722 592 καὶ
735 565 897 600 εὐσταθήσει

106 615 206 650 μᾶλλην
231 615 262 641 τὸ
287 615 418 649 ὑπήκοον,
438 612 618 648 δουλούμενον
639 611 733 648 εὐνοίᾳ
754 612 810 643 τοῖς
822 619 896 638 νικοσ

102 661 192 691 ποιοῖς
203 658 372 695 βασιλεῦσιν.

277 748 318 776 P'.
332 762 369 768 —
387 745 500 778 Ὑπάτφ
515 746 619 779 τέκνῳ.
636 744 725 781 [ma]

946 248 1023 276 sunt,
1040 246 1139 278 pavent
1155 249 1188 269 ac
1198 239 1419 269 contremiscunt
1432 239 1468 267 ob
1482 247 1514 266 ea
1534 247 1595 274 quae
1611 240 1644 267 ad
1659 240 1735 274 ipsos

944 289 1130 325 perferuntur,
1156 287 1209 315 etsi
1240 293 1376 321 nusquam
1394 285 1568 313 oﬂ‘enderiut.
1589 285 1735 321 Tyrannus

946 335 1082 366 imminet,
1098 333 1219 369 gladium
1248 333 1374 364 intentat,
1391 339 1446 359 non
1474 332 1621 359 sustinebit
1647 333 1736 360 minas

946 388 1061 416 pauper.
1077 380 1134 407 Non
1148 387 1203 414 quo
1222 379 1371 406 reluctetur
1389 385 1396 403 :
1410 377 1457 405 sed
1475 378 1595 412 excipiet
1607 378 1650 405 vel
1666 379 1736 405 iuvi-

950 425 1042 457 tus,iu
1053 426 1105 452 hac
1119 433 1148 452 re
1160 425 1272 452 minime
1286 423 1527 458 reprehendendus
1543 433 1550 450 :
1566 431 1652 457 neque
1661 424 1734 451 enim

950 479 1002 507 ego
1016 472 1040 498 si
1055 472 1096 498 sic
1110 470 1327 505 comprehensus
1339 471 1402 501 sim,
1420 470 1522 504 possim
1541 469 1621 497 aliter
1634 470 1734 497 facere.

949 509 978 545 Si
994 525 1058 545 vero
1072 518 1117 545 hic
1131 517 1260 552 deinceps
1276 518 1302 544 in
1315 517 1423 551 culpam
1440 516 1556 548 incidat,
1572 520 1647 543 recte
1661 525 1668 544 :
1687 518 1734 544 sed

946 567 974 590 et
991 566 1049 590 tum
1065 570 1127 590 cum
1143 563 1263 597 quadam
1283 561 1539 593 commiseratione,
1561 567 1689 596 tanquam
1708 561 1736 588 in

945 608 1034 636 oculis
1049 608 1157 635 Domini
1175 618 1181 635 :
1200 616 1233 635 ex
1249 615 1305 643 quo
1321 607 1448 635 subditus
1461 608 1551 638 magis
1560 607 1736 634 conﬁrmabi-

946 658 991 681 tur
1016 658 1045 680 ut
1074 661 1108 681 ex
1137 653 1326 681 benevolentia
1353 653 1504 680 victoribus
1526 651 1737 687 imperatoribus

946 697 1059 726 serviat.

1192 743 1225 771 C.
1236 758 1271 764 —
1288 743 1394 778 Hypata
1404 743 1472 777 ﬁlio.

264 804 382 829 Iacobum
392 803 546 833 monachum,
557 804 688 834 egregium
697 801 787 828 Christi
802 800 978 830 confessam,
988 801 1131 826 defunctum
1143 801 1233 826 laudat.
1246 800 1348 832 (Baron.
1363 808 1402 825 an.
1413 800 1467 830 818,
1483 807 1508 824 n.
1521 799 1573 832 25.)

136 858 195 885 Οὐκ
213 856 328 889 ἀπαθῶς
345 857 394 884 καὶ
408 857 491 892 ἡμεῖς
512 857 537 883 οί
552 855 678 883 ταπεινοὶ
693 854 854 890 ἐδεξάμεθα,
870 850 893 881 ὧ

981 855 1036 883 Nec
1051 862 1102 882 nos
1121 855 1239 883 humiles
1254 855 1314 882 sine
1330 855 1434 886 dolore,
1450 854 1498 886 fili,
1513 854 1673 888 accepimus
1689 861 1735 881 sa-

100 903 208 934 τέκνον,
224 902 274 938 τὴν
288 902 364 938 ἱερὰν
374 902 504 937 κοίμησιν
518 901 649 928 Ἰακώϐου
666 901 714 928 τοῦ
726 899 894 936 ὀμολογητοῦ

100 947 232 984 Χριστοῦ,
254 947 301 974 καὶ
321 947 399 982 ἡμῶν
422 946 538 982 ἀδελφοῦ
561 946 723 981 ἀξιεράστου
736 953 743 960 “
769 945 827 972 ἀλλ’
847 943 894 973 οὖν

100 991 163 1017 οὐδὲ
188 991 377 1026 ἀπεριχαρῶς.
408 990 445 1018 Τδ
466 991 575 1026 πρῶτον
596 991 640 1018 διὰ
665 991 696 1017 τὸ
710 991 895 1026 πνευματικὸν

100 1036 227 1072 φίλτρον·
240 1037 267 1063 τί
281 1036 336 1072 γὰρ
352 1036 369 1072 ἢ
384 1037 452 1068 υἱδς,
469 1037 517 1063 καὶ
530 1037 588 1068 υίὸς
602 1036 772 1072 τηλικοῦτος,
787 1035 818 1064 οῦ
837 1036 893 1071 ἐγὼ

100 1084 146 1110 διὰ
157 1085 207 1115 τᾲς
223 1083 361 1118 ἁμαρτίας
373 1083 434 1109 οὑδὶ
449 1084 514 1114 παῖς
532 1082 676 1109 καλεῖσθαι
694 1082 786 1117 ἄξιος;
808 1083 846 1109 Τὸ
866 1082 895 1109 δὲ

100 1128 147 1155 διὰ
162 1128 212 1163 τὴν
224 1128 332 1162 ἐλπίδα,
354 1128 456 1164 μᾶλλον
470 1128 500 1155 δὲ
513 1128 559 1155 διὰ
579 1128 610 1155 τὺ
622 1128 769 1161 λυσιτελὲς,
787 1129 834 1156 καὶ
847 1129 896 1164 οὐχ

101 1174 183 1209 ἡμῶν
203 1174 294 1209 μόνον,
309 1170 346 1201 ὧν
358 1173 396 1205 ὡς
410 1173 489 1208 μέλος
503 1173 605 1209 κόσμος
619 1173 692 1209 ἱερὸς
711 1173 895 1202 καθίστασθαι

101 1220 226 1253 πέφυκεν
235 1228 242 1234 ·
254 1219 322 1246 ἀλλὰ
335 1219 389 1255 γὰρ
402 1219 451 1246 καὶ
466 1219 557 1254 πάσης
570 1219 621 1253 τῆς
633 1219 681 1246 τοῦ
695 1219 762 1246 Θεοῦ
781 1219 896 1255 Ἐκκλη-

102 1265 174 1296 sing.
192 1263 225 1291 Τί
239 1265 296 1300 γὰρ
313 1265 365 1292 etet
388 1265 435 1292 τὸν
458 1265 561 1300 ἄνδρας
574 1265 633 1292 ἀλλ’
650 1264 894 1302 ὸῦχόμολογητήνς

99 1311 161 1337 ἀλλ’
184 1311 245 1345 οὐχὶ
274 1311 416 1346 μάρτυρα;
444 1311 502 1338 ἀλλ’
524 1311 573 1346 οὐχ
593 1311 682 1344 ὂσιον;
705 1311 754 1339 Ἐκ
772 1312 896 1346 νεότητος

100 1356 222 1392 ἡθλησεν
233 1356 403 1392 ἀσκητικῶς,
415 1356 563 1391 ὑποταγεὶς
577 1357 708 1392 ἐννόμως,
720 1357 792 1384 κατὰ
801 1357 896 1384 παθῶν

100 1402 312 1438 ἁνδρισάμενος,
335 1401 471 1438 παρθένον
493 1401 525 1429 τὸ
547 1402 626 1437 σῶμα
648 1402 780 1436 φυλάξας,
795 1402 829 1429 δι’
845 1403 897 1429 ὑπ-

97 1448 255 1483 ωπιασμῶν
272 1448 445 1484 ἑγκρατικῶν
460 1448 506 1475 καὶ¹
521 1448 730 1483 δουλαγωγιῶν·
755 1448 842 1480 οὕτως
857 1448 895 1480 ὡς

99 1494 199 1528 ἔτυχεν
210 1493 318 1526 ἐσθίων,
334 1493 420 1525 οὕτως
433 1493 580 1527 καθεύδων,
593 1493 633 1520 ἔτι
648 1493 789 1528 ὑγιαίνων,
803 1493 842 1525 ὡς
852 1493 894 1526 ξε-

99 1539 188 1571 νίζειν
203 1539 266 1571 τοὺς
279 1539 404 1574 ὁρῶντας
419 1539 626 1575 ὑποχωρητικδς
640 1539 679 1572 ὡς
695 1540 729 1567 τὰ
740 1539 836 1572 πολλὰ,
850 1539 894 1575 ἐφ’

98 1586 165 1612 ὅσον
177 1582 234 1611 οἷόν
245 1593 287 1616 τε,
299 1585 347 1611 καὶ
360 1585 400 1617 είς
414 1586 511 1612 ἑαυτὸν
523 1585 737 1622 ἐπαναγόμενος,
749 1585 898 1614 κάντεῦθεν

99 1630 213 1665 πτερῶν
227 1630 322 1657 ἑαυτὸν
338 1630 408 1666 πρὸς
422 1630 467 1657 τὸν
479 1631 607 1667 οὐράνιον
621 1631 722 1667 ἔρωτα.
739 1631 794 1659 Καὶ
806 1632 844 1668 μή
853 1641 896 1664 τις

98 1676 241 1712 νομίσειεν
254 1676 475 1704 ὑποπλάττεσθαί
493 1686 527 1712 με
541 1676 721 1712 ψυχαγωγίας
735 1677 829 1704 ἕνεκεν
841 1677 896 1705 τῶν

98 1722 258 1748 ἀκουόντων
269 1721 385 1756 λόγους·
399 1722 506 1758 μάρτυς
517 1722 584 1754 Θεὸς
600 1722 647 1749 καὶ
663 1723 678 1749 ὁ
694 1723 801 1750 ἐκείνου
816 1724 896 1750 παιδ-

99 1767 212 1801 αγωγὸς
230 1768 379 1799 Λουκιανὸς
393 1769 408 1795 ὁ
426 1769 509 1804 ἱερὸς,
521 1768 573 1795 κᾶν
592 1768 801 1804 δυσανέγερτος·
818 1769 849 1801 ἐξ
864 1765 896 1796 οὗ

101 1822 150 1848 μοι
161 1813 210 1840 καὶ
218 1814 235 1848 ἡ
246 1813 300 1840 τῶν
313 1814 503 1849 ἀγνοουμένων
514 1813 641 1849 δήλωσις.
654 1814 747 1841 Ταῦτα
756 1814 794 1847 ὡς
806 1815 894 1842 ῐνδαλ-

101 1859 142 1893 μά
157 1868 183 1886 τι
199 1859 303 1894 σχέδιον
315 1859 364 1894 τῆς
379 1859 533 1895 ἀσκήσεως.

946 909 1021 929 cram
1041 901 1236 928 dormitionem
1255 900 1349 928 Jacobi
1375 900 1546 928 confessoris
1570 900 1682 933 Christi,
1710 905 1738 927 et

946 947 1072 975 amabilis
1086 947 1178 974 fratris
1197 947 1294 979 nostri,
1307 955 1357 975 nec
1370 955 1453 982 porro
1469 948 1529 975 sine
1549 947 1652 974 laetitia.
1668 947 1736 974 Illud

945 995 1055 1029 quidem
1083 1001 1116 1021 ex
1146 993 1280 1028 spirituali
1314 993 1410 1020 allectu
1427 1002 1433 1019 :
1449 993 1514 1028 quid
1546 992 1618 1019 enim
1634 993 1679 1019 ille
1694 993 1736 1019 ni-

946 1040 970 1067 si
993 1039 1075 1071 Illius,
1091 1043 1119 1066 et
1141 1039 1203 1067 talis
1234 1039 1305 1066 filius
1330 1039 1410 1073 cujus
1425 1045 1478 1073 ego
1498 1043 1607 1073 propter
1624 1043 1736 1073 peccata

948 1093 1008 1113 mea
1025 1093 1058 1113 ne
1078 1085 1150 1112 illius
1171 1085 1281 1120 quidem
1295 1085 1349 1112 dici
1372 1084 1517 1112 merebar?
1535 1085 1587 1111 hoc
1601 1093 1664 1111 Vero
1679 1085 1736 1119 spei

947 1139 1029 1159 causa
1045 1131 1086 1158 vel
1108 1131 1239 1158 utilitatis
1255 1139 1261 1157 :
1279 1138 1329 1158 nec
1343 1134 1444 1157 nostra:
1459 1130 1602 1161 duntaxat,
1618 1137 1735 1165 quorum

948 1177 994 1205 ille
1017 1177 1090 1204 velut
1109 1176 1262 1204 membrum
1286 1184 1365 1203 sacer
1390 1181 1505 1203 ornatus
1520 1176 1631 1203 futurus
1654 1174 1737 1202 erat?

945 1231 1041 1251 verum
1056 1223 1138 1250 etiam
1157 1223 1242 1250 totius
1262 1221 1308 1249 Dei
1325 1221 1465 1249 Ecclesiae.
1481 1220 1552 1254 Quid
1566 1220 1655 1247 enim?
1668 1227 1737 1254 qua-

947 1269 999 1296 lem
1022 1269 1111 1296 virum
1146 1268 1264 1296 censes?
1293 1275 1384 1295 annon
1416 1266 1617 1295 confessorem?
1643 1272 1737 1292 annon

949 1315 1117 1350 martyrem?
1130 1322 1221 1342 annon
1240 1313 1391 1342 sanctum?
1406 1314 1430 1341 Α
1443 1313 1537 1348 primis
1551 1312 1631 1339 annis
1649 1312 1675 1338 in
1691 1319 1738 1338 as-

947 1361 1040 1388 ceticae
1053 1361 1116 1388 vita:
1132 1361 1273 1388 laboribus
1286 1360 1430 1388 desudavit
1452 1359 1573 1394 legitime
1595 1357 1734 1389 subditus,

949 1406 1093 1437 obediens.
1112 1407 1246 1434 adversus
1259 1406 1344 1433 anitni
1360 1410 1452 1433 motus
1469 1405 1585 1432 viriliter
1599 1410 1735 1438 pugnans,

948 1451 1143 1487 incorruptum
1163 1459 1267 1487 corpus
1281 1451 1476 1479 atllictionibus
1491 1450 1661 1481 cu-todieus,
1672 1449 1737 1483 qui-

948 1497 1000 1525 bus
1011 1498 1078 1525 illud
1099 1498 1266 1530 continebat.
1295 1502 1322 1525 et
1345 1498 1371 1525 in
1402 1498 1563 1525 servitutem
1581 1495 1734 1530 redigebat,

946 1544 1006 1572 sine
1019 1544 1126 1572 delectu
1146 1545 1295 1572 comedens
1310 1548 1337 1572 et
1357 1544 1497 1572 dormiens
1512 1551 1573 1571 cum
1587 1543 1677 1570 adhuc
1693 1550 1738 1569 sa-

945 1597 998 1618 nus
1012 1595 1097 1624 esset,
1110 1591 1147 1618 ita
1156 1595 1187 1618 ut
1200 1590 1226 1618 in
1236 1590 1446 1617 admirationem
1459 1594 1568 1624 raperet
1578 1589 1735 1616 intuentes:

948 1642 1086 1662 secessum
1104 1635 1199 1663 colens
1214 1639 1244 1662 ut
1257 1635 1406 1670 plurimum
1423 1638 1451 1661 et
1462 1633 1553 1669 quoad
1568 1637 1686 1668 poterat,
1710 1636 1737 1659 et

944 1681 1066 1716 seipsum
1080 1682 1227 1716 colligente,
1244 1685 1326 1716 atque
1341 1681 1373 1708 ad
1388 1681 1526 1708 cmlestcm
1541 1687 1662 1706 amorem
1672 1678 1736 1705 inde

945 1733 1107 1762 assurgens.
1128 1727 1168 1754 Ac
1182 1734 1216 1754 ue
1237 1727 1299 1762 quis
1327 1726 1385 1753 haec
1403 1734 1418 1753 a
1439 1733 1482 1753 me
1512 1725 1576 1760 tingi
1597 1724 1737 1752 existimet

945 1771 1031 1799 animi
1047 1772 1134 1807 gratia
1151 1777 1262 1807 propter
1286 1771 1348 1799 illos
1362 1768 1409 1806 qt'ti
1435 1771 1492 1798 haec
1509 1771 1639 1797 audit-nt:
1655 1769 1736 1796 testis

943 1821 986 1844 ett
998 1816 1081 1850 Deus,
1094 1822 1122 1844 et
1140 1818 1188 1853 qui
1202 1817 1262 1852 ejus
1277 1817 1442 1852 paedagogus
1471 1815 1522 1842 fuit
1541 1822 1619 1842 sacer
1635 1813 1736 1841 Lucia-

946 1870 1009 1896 nus,
1035 1863 1161 1898 quamvis
1184 1871 1257 1898 aegre
1284 1862 1398 1898 produci
1417 1862 1516 1897 possit,
1542 1868 1557 1888 a
1586 1868 1642 1895 quo
1667 1859 1735 1887 mihi

99 1914 200 1934 eorum
219 1915 280 1943 qua
294 1907 452 1936 nesciebam
469 1906 540 1935 facta
555 1907 714 1943 explicatio.
751 1907 842 1944 Atque
869 1908 930 1937 haec
947 1910 1024 1938 velut
1049 1911 1118 1939 rude
1151 1911 1289 1947 quoddam
1322 1910 1460 1946 specimen
1495 1908 1622 1936 ascetietr.
1654 1907 1737 1934 disci-

100 1953 194 1989 plina.

144 2000 210 2027 Ἐπὶ
223 1999 252 2027 δὲ
268 2000 318 2035 τῆς
331 1999 477 2035 ὁμολογίας
505 2000 588 2027 πόσον
610 2000 656 2028 καὶ
671 2000 764 2036 ἡλίκον
780 1999 893 2036 θέατρον

100 2046 221 2082 ἐγενήθη
234 2046 282 2072 καὶ
293 2045 420 2080 ἀγγέλοις
432 2044 480 2072 καὶ
490 2044 653 2080 ἀνθρώποις.
669 2046 701 2071 Ὢ
713 2045 762 2079 τῆς
772 2045 894 2080 εὐθύμου

101 2092 152 2118 καὶ
175 2091 319 2125 θεοφιλοῦς
340 2090 473 2126 καρδίαςι
494 2089 618 2125 εἰσῆλθεν
635 2091 676 2122 εἰς
689 2090 720 2117 τὸ
735 2091 842 2118 στάδιον
855 2090 894 2123 ὡς

101 2135 225 2173 Χριστοῦ
241 2136 422 2172 στρατιώτης,
433 2135 599 2170 ἁδείλαντος,
614 2136 753 2171 ἀτρέμας·
768 2136 893 2164 ἐντεῦθεν

101 2184 151 2210 καὶ
174 2182 301 2210 ὲντεῡθεν
319 2183 344 2209 οι
368 2182 503 2217 ὑπηρέται
528 2182 576 2209 τοῦ
604 2182 716 2214 σκότους
741 2182 893 2215 κατέξαναν

101 2231 164 2260 ταῖς
192 2229 311 2263 πληγαῖς
341 2227 424 2261 νῶτα,
451 2229 560 2263 στέρνα,
589 2228 754 2264 βραχίονας·
782 2228 893 2264 ἐξέχεαν

102 2275 220 2309 αἵματα,
234 2275 371 2309 ὑπέτεμον
389 2274 503 2308 σάρκας,
519 2274 614 2301 είασαν
634 2274 675 2306 εἰς
691 2275 743 2310 γῆν
757 2275 893 2311 ἐρριμμέ-

101 2329 148 2346 νον
163 2320 210 2346 τὴν
224 2320 312 2354 ἅγιον,
326 2320 364 2354 μὴ
379 2320 530 2355 προέμενον
543 2320 618 2355 ῥῆμα
630 2320 774 2356 ἀριστερὸν
785 2320 815 2347 τὸ
829 2320 893 2348 καθ-

101 2365 178 2396 όλου,
193 2363 264 2391 ἀλλὰ
284 2364 394 2399 θεοτελῆ
409 2364 458 2399 τὴν
474 2364 627 2399 μαρτυρίαν
646 2364 821 2399 ποιούμενον·
845 2365 893 2392 καὶ

100 2409 191 2436 ταῦτα
211 2408 282 2444 ὑπὲρ
307 2407 426 2444 Χριστοῦ
448 2409 495 2435 τοῦ
514 2408 579 2435 Υίοῦ
601 2409 647 2436 τοῦ
666 2409 734 2436 Θεοῦ
759 2410 806 2436 καὶ
823 2409 891 2436 Θεοῦ

101 2455 193 2490 ἡμῶν.
207 2454 244 2481 To
254 2455 309 2490 γὰρ
322 2454 387 2490 περὶ
398 2455 447 2490 τῆς
456 2455 538 2489 ἁγίας
548 2454 631 2481 αὐτοῦ
645 2454 749 2486 εἰκόνος
759 2455 891 2488 ἑναθλεῖν,

101 2501 175 2536 ὑπὲρ
190 2499 274 2527 αὑτοῦ
286 2500 391 2527 ἐκείνου
405 2501 465 2527 ἐστὶ
480 2501 640 2536 μαρτυρεῖν.
663 2499 892 2528 Ἁκουσὰτωσαν

99 2544 208 2578 πρᾳεῖς
231 2545 279 2571 καί
297 2545 570 2579 εὐφρανθήτωσαν·
589 2545 797 2580 χορευσάτωσαν
814 2547 890 2581 φιλο-

102 2591 244 2624 μιὰρτυρες
265 2590 313 2617 καὶ
333 2590 543 2625 γεγηθέτωσαν·
561 2590 733 2625 αίσχυνέσθω
748 2591 869 2623 διάὸολος
881 2601 890 2609 ο

102 2636 230 2662 πιπτέτω
244 2635 431 2670 ιίκονομάχων
444 2635 538 2670 στῖφος
549 2643 557 2650 ·
579 2635 613 2662 ἐκ
628 2635 683 2662 τῶν
698 2635 786 2670 ἔργων
800 2636 892 2671 ἀμφορ

98 2683 191 2712 τέρων
204 2681 404 2713 θεωιελεύστως
420 2681 591 2715 ὶπιγνώσατι
601 2680 783 2716 ἀμφοτέρους.
799 2682 831 2708 οι
844 2682 894 2717 μὶν

99 2727 155 2762 γὰρ
171 2727 202 2753 οὐ
217 2727 293 2753 τόνδε
307 2727 398 2762 μόνον,
414 2727 483 2754 ἀλλὰ
497 2726 552 2762 γὰρ
567 2727 615 2754 καὶ
630 2726 743 2759 πολλσῠς
756 2727 811 2754 τῶν
823 2730 894 2764 ἡμε-

101 2774 201 2809 τέρων,
217 2774 267 2800 καὶ
291 2776 341 2809 οὐχ
357 2775 510 2810 ἡμετέρων,
527 2774 670 2810 ἡμετέρων
694 2774 717 2801 δ’
730 2772 778 2802 οὖν
799 2775 893 2810 ὅμως·

137 2834 147 2849 '
165 2833 238 2861 Psal.
255 2841 359 2865 xm",
375 2833 403 2861 2.
440 2833 450 2848 ¹
463 2832 558 2860 Matth.
575 2840 611 2859 vn
623 2853 630 2865 ,
648 2832 694 2861 30.

267 2880 399 2910 l’a'ﬂton.»
420 2879 477 2910 GI.
497 2879 558 2909 XCI
566 2878 606 2911 Χ.

983 2000 1011 2028 In
1029 2000 1204 2029 confessione
1218 2004 1309 2028 autem
1329 2004 1461 2035 quantum
1485 2002 1512 2025 et
1531 1997 1612 2032 quale
1631 2000 1736 2030 specta-

945 2045 1036 2073 culum
1053 2044 1141 2072 factus
1152 2049 1196 2072 est
1216 2049 1244 2071 et
1259 2044 1364 2079 angelis
1381 2048 1408 2071 et
1423 2041 1599 2070 hominibus!
1616 2039 1638 2067 0
1652 2048 1734 2074 gene—

945 2098 1039 2118 rosum
1056 2091 1165 2126 Deoque
1179 2090 1293 2118 charum
1309 2090 1374 2117 corl
1399 2090 1541 2124 Ingressus
1559 2092 1600 2115 est
1615 2086 1733 2114 stadium

945 2141 1075 2171 tanquam
1090 2135 1192 2163 Christi
1208 2136 1288 2163 miles
1300 2135 1472 2170 impavidus,
1491 2134 1644 2169 intrepidus
1665 2142 1672 2160 τ
1690 2132 1735 2159 hic

946 2185 973 2208 et
992 2181 1057 2208 inde
1072 2181 1249 2208 tenebrarum
1275 2180 1393 2207 ministri
1415 2184 1495 2217 terga.
1513 2179 1674 2205 verberibus
1694 2178 1733 2204 la-

947 2228 1070 2259 niarunt,
1087 2230 1209 2261 pectora,
1226 2226 1337 2254 brachia
1351 2235 1357 2253 :
1375 2225 1539 2259 sanguinem
1559 2225 1732 2256 hauserunt,

944 2281 1043 2302 carnes
1064 2272 1264 2305 conciderunt,
1287 2276 1404 2300 stratum
1427 2271 1503 2299 humi
1523 2276 1648 2298 sanctum
1669 2270 1733 2297 reii-

944 2323 1084 2356 querunt,
1108 2326 1170 2346 cum
1198 2318 1339 2346 sinistram
1363 2325 1457 2344 vocem
1486 2317 1590 2344 nullam
1618 2322 1732 2351 prorsus

943 2365 1097 2397 emitteret,
1119 2364 1166 2392 sed
1182 2364 1342 2400 martyrium
1360 2362 1414 2390 Deo
1434 2368 1576 2397 acceptum
1592 2361 1730 2397 expleret,

943 2415 971 2439 et
987 2412 1044 2439 haec
1061 2418 1109 2445 pro
1125 2410 1235 2438 Christo
1256 2408 1324 2436 Filio
1344 2409 1389 2436 Dei
1414 2416 1446 2436 ac
1469 2407 1524 2435 Deo
1540 2413 1644 2435 nostro.
1661 2407 1730 2434 Nam

945 2465 996 2493 pro
1018 2462 1114 2485 sancta
1133 2457 1194 2491 ejus
1209 2456 1328 2491 imagine
1348 2455 1508 2487 decertare,
1533 2462 1583 2489 pro
1606 2454 1665 2488 ipso
1688 2456 1732 2480 est

944 2504 1105 2539 martyrium
1119 2503 1180 2538 |pati
1197 2511 1204 2530 :
1225 2502 1344 2529 Audiam
1361 2501 1493 2528 πιιιηιιιειὶ
1517 2505 1543 2527 cl
1561 2500 1685 2526 ιιειεηιιιι·
1697 2499 1730 2532 ';

944 2549 1082 2578 insultent
1102 2553 1253 2583 martyrum
1274 2552 1410 2576 amatores
1425 2551 1452 2574 et
1473 2546 1622 2579 tripudiant
1636 2553 1644 2572 :
1660 2552 1730 2572 con-

941 2595 1072 2623 fundatur
1092 2594 1239 2621 diabolus:
1267 2593 1394 2620 concidat
1415 2590 1657 2620 lcouomachorum
1680 2597 1730 2617 ca-

940 2644 1038 2673 terva,
1061 2647 1095 2666 ex
1118 2643 1298 2674 utrorumque
1326 2632 1475 2673 operibus,
1503 2636 1580 2672 juxta
1605 2635 1728 2663 divinum

941 2687 1101 2715 mandatum
1116 2687 1138 2720 ',
1155 2690 1286 2722 utrosque
1296 2686 1447 2722 agnoscite.
1459 2684 1491 2713 Hi
1501 2685 1573 2713 enim
1586 2691 1640 2711 non
1655 2683 1730 2711 hunc

943 2733 1033 2761 solum
1049 2752 1057 2765 ,
1086 2733 1133 2761 scd
1157 2737 1186 2760 et
1208 2732 1310 2760 multos
1328 2739 1344 2760 ο
1362 2732 1480 2764 nostris,
1498 2739 1531 2760 ac
1545 2738 1599 2759 non
1615 2730 1728 2762 nostris.

943 2780 991 2809 sed
1007 2779 1110 2808 nostris
1126 2784 1216 2808 tamen
1229 2788 1236 2813 ;
1257 2777 1393 2816 siquidem
1407 2784 1504 2806 omnes
1519 2783 1605 2805 unum
1628 2783 1728 2812 corpus

909 2202 931 2230 ι)

1517 2878 1555 2909 43
