1912 3080
184 127 254 160 13ὗ5

784 124 815 155 S.
835 121 1032 154 THEODORI
1048 120 1222 152 STUDITM'

1751 120 1818 156 1356

171 193 282 214 .sutnus
305 185 333 213 in
352 183 463 212 Christo
484 183 548 212 Jesu
577 183 624 219 qui
646 187 690 210 est
714 186 798 217 capttt
828 181 976 212 omnium;

1036 179 1124 214 ἐπειδὴ
1139 179 1164 205 οἱ
1180 178 1281 210 πάντες
1304 178 1334 206 ἓν
1350 177 1429 213 σῶμα
1442 178 1472 206 ἐν
1487 178 1599 215 Χριστῷ
1619 179 1709 215 Ἰησοῦ
1730 179 1759 212 ὃς
1772 189 1818 208 κε-

185 234 290 269 pariter
308 232 471 259 divcxarunt
482 251 491 264 ,
506 229 684 262 occiderunt,
696 227 788 255 inedia
804 230 957 255 enecartmt
969 247 977 259 ,

185 285 213 309 et
226 286 399 315 quaecunque
412 278 468 305 alia
486 280 636 304 consecuta
649 279 726 303 sunt.
749 273 796 301 llle
810 280 876 301 vero
888 280 922 299 ex
937 272 979 299 di-

186 326 274 354 versis
292 325 345 353 illis
356 323 517 352 vulneribus
532 321 666 349 membris
681 320 810 347 omnibus
821 319 938 351 solutus,
951 322 979 346 et

186 373 302 400 artubus
319 371 428 398 laxatus
440 388 447 402 ,
471 374 499 396 et
513 375 614 403 corpus
630 366 822 394 acerbissimis
835 364 979 393 doloribus

187 418 351 453 chirurgica:
371 414 526 443 curationis
545 413 683 448 subjecit,
699 416 727 440 et
743 412 849 440 fractus
865 411 930 439 inde
945 411 978 438 ad

188 466 269 492 linem
282 471 369 498 usque
378 467 510 497 tanquam
521 460 643 496 quotidie
656 459 777 487 moriens
788 459 872 486 vitam
883 457 978 489 traxit,

187 519 216 539 et
229 510 339 546 quidem
356 517 418 537 cum
433 508 585 543 gratiarum
601 506 718 539 actione,
735 511 820 541 atque
834 505 903 532 adeo
916 512 978 531 cum

189 556 356 584 humilitate.
374 554 453 588 Quod
474 554 512 587 si,
534 558 565 581 ut
580 553 695 586 scribis,
714 559 795 580 suum
812 551 895 579 etiam
917 551 979 578 obi-

188 605 247 628 tum
262 601 410 636 praedixit,
427 600 481 628 hoc
496 599 586 634 ipsum
604 602 664 626 erat
680 605 855 632 consequens
868 604 902 624 ex
915 604 979 624 cer-

187 647 348 674 taminibus.
364 646 435 679 Quia
446 653 511 673 vero
531 644 657 679 adiecisti
679 643 830 671 maximum
847 643 881 670 ad
896 642 980 670 funus

186 700 354 720 concursum
367 692 452 719 fuisse
467 692 550 719 etiam
569 690 719 718 illustrium
736 690 879 724 utriusque
898 696 980 723 gene-

188 739 242 772 ris;
265 738 292 765 id
308 745 417 774 quoque
436 737 503 765 facit
519 737 551 764 ad
572 736 792 764 testiiicationem
809 743 904 763 eorum
919 742 980 770 quae

187 785 260 813 dico.
272 784 365 820 Neque
377 785 449 812 enim
467 784 518 812 nisi
531 783 579 811 Dei
594 788 662 811 nutu
674 783 708 810 ad
724 783 862 810 hominem
879 781 982 809 obscu-

189 840 249 859 rttm
265 831 415 859 secttndum
428 838 538 858 carnem
554 829 616 857 talis
630 829 720 856 factus
732 836 884 856 concursus
895 833 978 856 esset.

187 878 234 906 llle
250 878 333 913 igitur
347 878 373 906 in
387 877 487 905 castum
504 876 582 910 abiit,
599 881 626 903 et
641 875 785 911 appositus
798 875 886 903 estad
904 882 979 902 cont-

187 923 350 951 militones:
373 927 526 957 auctusque
551 925 592 948 est
613 921 715 949 chorus
734 919 925 948 confessorum
947 927 980 947 ac

188 975 341 1005 martyrum
362 969 484 1004 priorum
498 989 506 1001 ,
526 975 560 995 ex
578 975 633 1002 quo
652 966 783 1002 gaudium
801 970 842 994 est
865 966 892 993 in
908 966 979 994 coelo

186 1019 213 1042 et
227 1015 311 1042 auitni
329 1014 433 1048 laetitia,
445 1012 525 1048 cujus
542 1013 670 1048 precibus
681 1012 832 1045 salvemur,
851 1011 953 1040 fratres
969 1021 976 1039 :

188 1062 244 1097 ipse
261 1066 353 1089 autem
370 1061 478 1096 dignam
496 1061 620 1095 obsequii
648 1060 690 1087 sui
713 1059 866 1087 mercedem
884 1059 980 1086 nanci-

187 1111 289 1135 scatur.
301 1106 377 1135 Beati
393 1112 484 1134 autent
500 1111 526 1133 ct
542 1106 589 1141 qui
604 1109 800 1138 convenerunt,
817 1113 912 1133 revera
926 1104 977 1140 pii,

188 1161 280 1180 revera
294 1157 444 1188 martyrum
463 1156 619 1185 amatores,
641 1159 759 1187 quorum
784 1159 847 1186 pars
863 1159 926 1179 cum
946 1158 980 1179 eo

187 1199 223 1226 sit
242 1205 325 1234 quem
345 1198 513 1226 extulerunt.
531 1197 569 1224 De
585 1196 752 1224 venerandis
764 1195 823 1230 ejus
836 1195 960 1231 reliquiis
971 1215 978 1228 ,

186 1245 259 1272 sicut
276 1244 372 1279 scripsi
391 1244 425 1271 dc
441 1251 546 1271 canone
559 1264 568 1276 ,
586 1243 685 1271 faciam
703 1243 725 1270 si
740 1242 857 1270 Domino
871 1242 977 1277 placet:

187 1289 311 1317 Salutate
323 1290 434 1316 invicem
446 1289 473 1315 in
486 1287 576 1316 osculo
590 1293 682 1316 sancto
691 1288 712 1315 '.
728 1287 836 1316 Etenim
851 1287 980 1316 omnibus

187 1336 318 1363 fratribus
334 1336 391 1363 Itale
407 1335 530 1370 legenda.
552 1334 657 1362 Salutat
674 1342 723 1362 vos
741 1334 869 1362 dominus
889 1333 980 1361 archi-

186 1382 332 1417 episcOpus
343 1402 351 1415 ,
376 1381 602 1417 protopresbyter
615 1400 624 1413 ,
647 1387 809 1408 oeconomus
819 1399 826 1412 ,
841 1383 869 1406 et
883 1378 980 1413 reliqui

187 1428 296 1456 fratres.
314 1428 448 1455 Dontinus
463 1427 498 1454 sit
511 1426 667 1455 vobiscum.
682 1427 780 1453 Amen.

372 1526 414 1554 Cl.
433 1541 467 1546 —-
486 1525 568 1553 Petro
587 1524 699 1553 Nictew.
716 1525 748 1560 (‘)

1030 224 1103 260 φαλὴ
1132 225 1262 252 πάντων·
1287 224 1420 256 ὡσαύτως
1443 225 1588 260 ᾐκίσαντο,
1608 225 1742 259 ἔκτειναν,
1766 227 1820 254 ἑλι-

1032 271 1250 306 μαγχονήσαντο,
1264 270 1313 297 καὶ
1325 270 1375 296 ὅσα
1390 269 1460 297 ἄλλα
1471 269 1578 303 τούτοις
1592 271 1725 305 ἑπόμενα.
1748 271 1777 299 '0
1790 272 1819 299 δὲ

1030 316 1085 342 ἀπὸ
1100 315 1154 342 τῶν
1164 315 1382 351 δυσφορωτάτων
1394 315 1506 343 ἐκείνων
1516 315 1628 352 πληγῶν
1640 317 1819 353 παραλυθεὶς,

1031 362 1077 389 καὶ
1090 361 1286 397 ὲξαρθρωθεὶς,
1300 361 1347 388 καὶ
1362 362 1565 397 χειρουργεϊται
1582 361 1671 394 ἀνίαις
1683 363 1821 398 δριμείαις

1030 408 1061 434 τὸ
1079 408 1170 443 σῶμα,
1185 408 1233 435 καὶ
1249 408 1343 434 ἔκτοτε
1359 408 1440 443 μέχρι
1450 408 1544 440 τέλους
1561 408 1685 435 ἐντεῦθεν
1699 409 1821 436 διὶιλελυι

1033 454 1123 490 μένος,
1132 453 1170 486 ὡς
1184 453 1348 489 καθημέραν
1358 454 1539 489 ἀποθνήσκων
1554 454 1677 486 διετέλει,
1692 455 1740 481 καί
1750 463 1781 489 γε
1793 456 1823 482 ὲν

1031 500 1205 537 εὐχαριστίᾳ,
1219 500 1266 527 καί
1279 508 1312 534 γε
1328 500 1357 526 ὲν
1373 499 1622 536 ταπεινοφροσύνῃ.
1634 501 1665 527 Εί
1683 500 1722 533 δὲ,
1733 501 1771 533 ὡς
1790 503 1822 528 σὺ

1031 546 1096 582 φὴς,
1114 546 1163 574 καὶ
1176 545 1221 572 τὸν
1237 545 1352 573 θάνατον
1368 545 1451 572 αὑτοῦ
1467 546 1667 581 προηγόρευσε,
1683 547 1731 574 καὶ
1745 548 1823 574 τοῦτο

1031 592 1180 620 ἀκόλουθον
1209 592 1264 619 τῶν
1292 592 1391 620 ἄθλων.
1415 592 1527 628 Ἐπειδὴ
1551 593 1579 619 δὲ
1603 595 1755 628 προσεῖπας
1777 595 1823 621 καὶ

1031 638 1246 674 πολυάνθρωπον
1260 637 1413 674 συνδρομὴν
1427 637 1555 672 γενέσθαι
1571 638 1622 674 τῆς
1641 639 1762 675 κηδείας,
1777 639 1823 666 καί

1032 692 1063 719 γε
1088 683 1143 711 ἀπὸ
1159 684 1214 710 τῶν
1229 684 1388 719 περιφανῶν
1407 684 1468 710 κατ’
1482 684 1637 720 ἀμφότερα,
1659 685 1698 712 ἔτι
1717 686 1822 720 μαρτύο

1034 737 1090 765 ριον
1112 728 1160 755 τοῦ
1185 727 1277 762 λόγου.
1295 729 1333 755 οὐ
1351 728 1406 763 γὰρ
1420 727 1454 755 ἂν
1468 728 1508 760 εἰς
1525 728 1668 764 ἄνθρωπον
1685 730 1777 765 ἀφανῆ
1793 731 1824 756 τὺ

1032 774 1103 801 κατὰ
1117 774 1219 810 σάρκα,
1231 775 1257 800 ει
1269 774 1307 809 μὴ
1320 773 1388 801 Θεοῦ
1405 773 1507 807 νεύσει,
1520 775 1537 810 ἡ
1550 775 1663 810 τοιαύτη
1682 775 1823 811 συνάοροικ

1033 829 1075 853 cu;
1090 821 1222 855 ἐγεγόνει.
1243 820 1363 853 Ἐκεῖνος
1383 820 1433 856 μὲν
1455 818 1502 847 οὖν
1523 821 1625 857 μετέϐη
1651 822 1719 857 πρὸς
1740 822 1824 858 οὐρα-

1032 868 1089 900 νὸν,
1115 868 1162 895 καὶ
1186 867 1338 904 προσετέθη
1355 868 1413 899 τοῖς
1433 867 1586 902 συνάθλοις,
1609 869 1657 895 καὶ
1676 868 1794 905 ηὔξησεν
1808 871 1824 896 ὁ

1032 914 1113 950 χορὸς
1128 913 1184 940 τῶν
1203 914 1252 941 ἀπ’
1270 913 1368 945 αἰῶνος
1391 914 1566 950 ὁμολογητῶν
1589 914 1639 941 καὶ
1664 915 1822 951 μαρτύρων.

1041 960 1099 994 Ἐφ’
1113 956 1135 994 ᾧ
1148 959 1223 996 χαρὰ
1236 960 1267 986 ἐν
1276 959 1384 996 οὐρανῷ
1398 959 1446 986 καὶ
1459 959 1590 996 θυμηδίᾳ,
1605 956 1637 987 οὗ
1651 962 1713 992 ταῖς
1729 961 1823 996 εὐχαῖς

1033 1006 1197 1042 σωθείημεν,
1220 1006 1344 1041 ἀδελφοί⁸
1359 1006 1436 1042 εὕροι
1459 1015 1489 1033 τε
1514 1007 1726 1042 μισθαποδοσίαν
1745 1007 1823 1040 ἀξίαν

1032 1052 1083 1088 τῆς
1103 1052 1180 1085 ὁσίας
1207 1052 1434 1089 ὲξυπηρετήσεως
1461 1053 1556 1080 αὐτοῦ.
1586 1054 1773 1089 Εὐλογημένοι
1794 1054 1824 1082 δὲ

1033 1099 1081 1126 καὶ
1117 1098 1143 1125 ot
1179 1098 1406 1134 συναγερθέντες,
1423 1099 1461 1131 ὡς
1484 1099 1592 1135 ἀληθῶς
1617 1099 1750 1133 εὐσεϐεῖς,
1785 1100 1824 1132 ὡς

1043 1144 1151 1180 ἀληθῶς
1176 1145 1381 1181 φιλομάρτυρες
1398 1153 1405 1161 ·
1440 1142 1480 1172 ὧν
1508 1146 1588 1182 μερὶς
1626 1146 1686 1181 μεθ’
1718 1143 1748 1174 οὐ
1779 1147 1824 1180 ἑξ-

1034 1191 1198 1226 εκομίσαντο
1226 1188 1291 1218 εῐεν.
1312 1191 1381 1226 Περὶ
1411 1191 1459 1218 τοῦ
1489 1192 1581 1226 τιμίου
1609 1192 1692 1219 αὐτοῦ
1727 1192 1823 1227 λειψά-

1034 1245 1091 1270 νου,
1109 1236 1147 1268 ὼς
1164 1237 1292 1272 γέγραφα
1313 1237 1378 1273 περὶ
1400 1237 1524 1270 κανόνος,
1546 1239 1571 1265 εί
1591 1238 1698 1266 εὐδοκεῖ
1710 1239 1823 1274 Κύριος,

1034 1284 1152 1319 ποιήσω·
1169 1283 1360 1312 Ἀσπάσασθε
1370 1285 1529 1320 ἀλλήλους
1539 1285 1574 1312 ἐν
1585 1286 1729 1321 pulvinata
1741 1286 1824 1321 ἁγίῳ.

1034 1329 1091 1356 Καὶ
1101 1328 1155 1365 γὰρ
1165 1330 1232 1356 πᾶσι
1242 1332 1299 1362 τοῖς
1310 1330 1435 1365 ἀδελφοῖς
1445 1331 1645 1366 ἀναγνωστέον.
1661 1332 1826 1364 Ἀσπάζεται

1035 1375 1109 1411 ὑμᾶς
1122 1376 1136 1403 ὁ
1152 1376 1248 1411 κύριος
1259 1376 1274 1402 ὁ
1297 1377 1537 1412 Ἀρχιεπίσκοπος,
1549 1379 1563 1404 ὁ
1580 1378 1826 1414 πρωτοπρεσϐύτε-

1036 1430 1095 1458 ρος,
1115 1423 1129 1449 ὁ
1151 1422 1304 1456 οἰκονόμος,
1319 1423 1365 1449 καὶ
1381 1423 1406 1449 ot
1428 1423 1517 1450 λοιποὶ
1532 1423 1652 1460 ἀδελφοί.
1671 1424 1701 1451 '0
1725 1424 1827 1459 Κύριος

1037 1468 1098 1504 μεθ’
1113 1468 1201 1504 ὐμῶν.
1220 1468 1317 1503 Ἀμήν.

1195 1523 1258 1551 ΡΑ’.
1269 1539 1304 1544 -
1318 1524 1419 1559 Πέτρῳ
1430 1525 1564 1559 Νικαίας.
1586 1525 1671 1562 [χιδ’.]

667 1581 757 1613 Lapsis
768 1584 869 1614 tempus
885 1582 915 1606 ad
935 1583 1035 1608 modum
1046 1580 1203 1614 pmuilentite
1215 1579 1365 1612 prtescribit.

223 1627 261 1655 De
279 1625 496 1662 interrogatione
509 1624 618 1652 Domini
631 1623 769 1660 praepositi
784 1624 836 1651 hoc
853 1627 980 1650 nostrum

187 1677 230 1701 est
246 1673 413 1705 consilium,
431 1676 462 1699 ut
482 1678 567 1706 usque
583 1670 617 1698 ad
633 1675 746 1698 sanctos
764 1669 905 1704 apostolos
923 1669 983 1696 sol-

187 1724 286 1746 vantur
304 1725 401 1746 omnes
418 1725 433 1745 a
445 1716 625 1753 poenitentia,
644 1718 673 1743 et
686 1715 834 1750 participes
855 1714 921 1741 fiant
937 1722 983 1742 sa-

188 1768 392 1792 eramentorum
416 1771 423 1789 :
454 1770 509 1789 non
535 1766 627 1788 tamen
650 1765 682 1789 ut
710 1760 862 1795 presbyteri
887 1759 981 1787 munia

187 1812 290 1839 obeant
298 1808 456 1840 sacerdotii,
470 1807 558 1842 quoad
575 1806 721 1834 conveniat
735 1805 886 1833 orthodoxa
897 1813 986 1839 syno-

189 1858 240 1883 dus
251 1875 261 1888 ,
282 1856 310 1882 in
334 1862 389 1890 qtta
406 1854 510 1888 integra
531 1853 585 1880 erit
604 1851 742 1879 absoltttio
759 1856 787 1879 et
802 1851 880 1887 plena
897 1851 983 1879 animi

189 1902 293 1929 laetitia.
316 1900 346 1927 ln
363 1899 505 1927 communi
527 1904 619 1926 autem
635 1906 750 1931 omnes,
770 1903 799 1925 ut
821 1905 982 1926 communes

188 1946 329 1979 monachi,
342 1946 400 1973 sive
412 1945 499 1973 sacris
515 1945 614 1972 initiati
628 1944 687 1972 sive
701 1952 766 1975 non,
783 1944 946 1972 benedicant
956 1949 983 1972 et

191 1992 407 2024 benedicantur,
431 1996 458 2018 et
480 1994 627 2026 precentur
648 1994 676 2018 et
696 1998 791 2026 preces
817 1990 981 2025 suscipiant.

190 2040 224 2068 Et
245 2039 376 2075 quoniam
397 2047 507 2066 necesse
521 2044 564 2066 est
586 2038 685 2067 Missas
707 2039 841 2066 celebrari
863 2043 893 2066 ut
908 2039 984 2066 ordi-

190 2089 290 2113 nentur
309 2089 337 2112 et
359 2085 501 2120 presbyter
521 2089 548 2111 et
574 2085 722 2118 diaconus,
744 2084 793 2120 qui
816 2092 913 2112 eorum
934 2084 982 2120 qui

190 2135 321 2159 arcentur
336 2132 410 2158 vices
427 2131 555 2166 impleant
571 2151 580 2163 ,
597 2139 715 2166 quorum
741 2138 797 2158 non
816 2131 918 2158 invidia
935 2130 983 2158 sed

191 2178 341 2213 gratiarum
367 2178 440 2205 actin
461 2178 640 2205 innotescat:
665 2177 889 2212 quandoquidem
915 2177 987 2204 alter

190 2224 300 2251 ulterius
311 2232 392 2250 onera
408 2228 515 2258 portare
531 2224 552 2239 ¹⁰
563 2223 693 2258 jubemur
708 2223 799 2250 verbis
814 2223 982 2258 apostolicis,

1071 1623 1147 1658 Αῠτη
1162 1624 1179 1659 ή
1203 1623 1270 1659 παρ’
1284 1622 1365 1659 ἡμῶν
1386 1623 1527 1660 συμϐουλὴ
1544 1624 1615 1659 πρὸς
1629 1623 1679 1661 τὴν
1694 1626 1830 1662 ἓρωτησιν

1034 1669 1083 1697 τοῦ
1099 1670 1197 1705 κυρίου
1212 1670 1378 1705 ἡγουμένου,
1391 1670 1435 1696 ἵνα
1450 1671 1531 1705 μέχρι
1544 1671 1600 1697 τῶν
1613 1672 1700 1706 ἁγίων
1710 1672 1830 1701 ἀποστό-

1035 1717 1089 1744 λων
1106 1716 1154 1744 καὶ
1168 1716 1271 1743 λυθῶσι
1287 1717 1389 1748 πάντες
1400 1716 1447 1743 τοῦ
1475 1717 1643 1753 ἐπιστιμίου,
1668 1719 1830 1755 μετέχοντες

1034 1763 1091 1789 τῶν
1105 1763 1287 1797 ἁγιασμάτων
1298 1770 1306 1778 ·
1322 1762 1353 1789 οὐ
1371 1762 1462 1798 μέντοι
1475 1764 1598 1798 ἐνεργεῖν
1609 1765 1672 1796 τοὺς
1686 1765 1770 1800 ίερεῖς
1779 1766 1830 1801 τῆς

1036 1808 1199 1845 ἱερωσύνης,
1217 1806 1270 1840 ἕως
1294 1808 1427 1841 ἐλεύσεως
1450 1809 1593 1845 ὀρθοδόξου
1619 1811 1738 1844 συνόδου,
1763 1813 1794 1839 ἐν

1037 1855 1112 1881 πᾶσα
1138 1853 1215 1885 λύσις
1231 1854 1278 1881 καὶ
1295 1855 1369 1881 πᾶσα
1386 1854 1516 1890 θυμηδία.
1541 1855 1648 1888 Κοινῶς
1671 1854 1700 1883 δὲ
1727 1857 1831 1889 πάντες

1036 1900 1073 1932 ὡς
1091 1901 1177 1927 κοινοὶ
1192 1901 1316 1936 μοναχοὶ,
1333 1900 1389 1927 εἴτε
1405 1901 1560 1937 ἱερώμενοι,
1575 1901 1630 1928 είτε
1645 1902 1693 1938 μὴ,
1708 1903 1833 1938 εὐλογεί-

1036 1955 1127 1974 τωσαν
1140 1947 1187 1974 καὶ
1202 1947 1431 1982 εὐλογείσθωσαν,
1445 1948 1492 1974 καὶ
1504 1947 1676 1984 εὐχέσθωσαν
1687 1950 1734 1976 καὶ
1746 1950 1834 1986 εὐχᾶς

1035 1993 1263 2029 λαμϐανέτωσαν.
1285 1994 1395 2030 Ἐπειδὴ
1416 1993 1445 2020 δὲ
1467 1993 1615 2028 ἀναγκαῖον
1635 1995 1683 2022 καὶ
1705 1995 1833 2032 λειτουρ-

1036 2039 1099 2074 γίαν
1116 2039 1192 2067 θείαν
1207 2039 1400 2073 ἐπιτελεῖσθαι,
1417 2038 1462 2067 ἵνα
1486 2041 1662 2078 χειροτονηθῇ
1689 2042 1737 2069 καὶ
1761 2052 1835 2080 πρε·-

1038 2085 1169 2121 σὸύτερος
1196 2086 1244 2112 καὶ
1266 2085 1401 2118 διάκονος,
1426 2085 1649 2121 ἀναπληροῦντες
1675 2086 1722 2114 τὸν
1746 2087 1836 2116 τόπον

1036 2130 1091 2157 τῶν
1110 2131 1279 2167 είργομένων
1292 2138 1298 2146 ·
1328 2128 1366 2158 ὧν
1384 2131 1445 2166 οὐχὶ
1466 2131 1573 2166 φθόνος,
1593 2131 1652 2159 ἀλλ’
1666 2132 1834 2169 εὐχαριστία

1037 2176 1213 2213 γνωριζέσθω
1223 2185 1230 2193 ’
1243 2176 1358 2212 ἐπείπερ
1370 2177 1516 2212 ἀλλήλων
1526 2178 1563 2205 τὰ
1573 2178 1655 2212 ,βάρη
1665 2178 1836 2210 ,βαστάζειν

1037 2222 1224 2254 ἀποστολικῦκ
1234 2222 1446 2257 διατετάγμεοα.
1462 2223 1531 2259 Ἤδη
1546 2223 1641 2250 τούτου
1657 2223 1837 2260 προδιομολο-

191 2269 243 2296 ltoc
252 2268 309 2303 jam
327 2269 362 2295 ab
377 2268 506 2296 omnibus
525 2272 606 2295 antea
626 2268 713 2302 palam
727 2268 888 2300 constituto,
905 2272 943 2300 ut,
963 2275 976 2296 s

1039 2269 1174 2303 γουμένου
1197 2268 1250 2295 ὑπὸ
1275 2269 1404 2295 πάντων·
1428 2269 1476 2296 τοῦ
1497 2269 1521 2295 εί
1544 2271 1739 2306 παραχωρήσοι
1765 2271 1836 2304 Θεὸς

191 2314 264 2341 Deus
285 2322 334 2349 per
350 2314 538 2341 inscrutabilia
556 2313 672 2348 justitite
695 2314 867 2348 sumjudicia
882 2315 987 2350 peruti-

192 2360 259 2387 Serit
274 2360 494 2395 persecutionem
509 2359 613 2387 iterum
625 2359 749 2391 excitari,
761 2359 882 2394 perferre
895 2360 986 2387 omnia

193 2414 280 2440 usque
294 2406 327 2432 ad
341 2410 459 2433 mortem
481 2406 593 2438 malint,
609 2413 692 2440 quam
704 2406 820 2441 prodere
832 2407 985 2434 veritatem.

192 2452 231 2478 ita
249 2459 299 2479 nos
313 2452 430 2479 humiles
443 2453 588 2484 sentimus,
607 2457 689 2487 atque
700 2453 828 2481 omnibus
843 2454 988 2488 responde-

192 2505 263 2526 mus.
280 2497 358 2530 Quod
375 2506 440 2525 vern
456 2502 577 2532 paterna:
597 2498 735 2525 sanctitati
758 2502 811 2525 tute
834 2498 984 2532 videbitur,

192 2543 219 2570 id
235 2551 349 2579 prorsus
365 2547 439 2570 recto
451 2542 555 2577 judicio
569 2543 655 2578 magis
670 2547 896 2570 consentaneum.

393 2599 450 2628 Cll.
472 2614 502 2620 -—
516 2599 644 2627 Evaresto
659 2600 717 2635 ﬁlio
733 2601 777 2636 (‘).

1035 2315 1109 2342 κατὰ
1125 2315 1159 2342 τὰ
1174 2314 1322 2351 ἀθεώρητα
1337 2315 1420 2342 αὐτοῦ
1441 2315 1565 2350 κρίματα
1580 2316 1630 2351 τῆς
1644 2316 1836 2352 δικαιοσύνης,

1037 2361 1118 2388 πάλιν
1135 2360 1254 2396 διωγμὸν
1271 2361 1442 2396 ἀναφθῆναι·
1454 2361 1543 2388 πάντα
1555 2361 1664 2389 ἑλέσθαι
1681 2362 1763 2398 μέχρι
1782 2363 1837 2390 θα-

1035 2407 1129 2438 νάτου,
1141 2407 1157 2442 ἢ
1171 2408 1221 2442 τὴν
1236 2407 1365 2442 ἀλήθειαν
1378 2407 1532 2443 προδοῦναι.
1550 2407 1643 2439 Οὕτως
1655 2408 1735 2443 ἡμεῖς
1748 2409 1774 2435 οἱ
1787 2418 1839 2435 τα-

1036 2454 1125 2480 πεινοὶ
1143 2454 1307 2490 φρονοῦμεν,
1323 2454 1384 2480 ἐπεὶ
1399 2454 1446 2480 καὶ
1463 2455 1546 2481 πᾶσιν
1565 2453 1781 2490 ἀποκρινόμεθα·
1797 2456 1839 2488 ὡς

1038 2500 1068 2527 δὲ
1089 2500 1164 2526 δοκεῖ
1178 2501 1211 2535 τῇ
1227 2500 1348 2535 πατρικῇ
1368 2508 1415 2526 σου
1439 2500 1588 2536 ἁγιωσύνῃ,
1608 2500 1650 2535 εἴη
1672 2500 1784 2532 πάντως
1807 2502 1841 2528 τὸ

1039 2544 1250 2581 εὐκριτώτερον.

1177 2601 1241 2628 ΡΒ’.
1264 2616 1300 2622 .-
1312 2601 1474 2636 Εὐαρέστφ
1484 2601 1589 2636 τέκνῳ·
1611 2603 1708 2640 [xw-1

733 2658 878 2688 Apostatam
887 2661 1035 2686 monachum
1049 2662 1151 2685 revocat
1163 2659 1194 2684 ad
1202 2659 1321 2684 omciutn.

229 2710 262 2738 Et
277 2710 352 2746 gravi
368 2718 469 2746 angore
495 2714 523 2738 et
546 2710 635 2738 cordis
650 2710 703 2738 mei
718 2710 846 2746 angustia
857 2731 864 2745 ,
888 2711 986 2741 addant

193 2756 382 2793 et'laorymis,
407 2757 520 2792 epistola
542 2757 600 2784 haec
623 2757 656 2784 ad
673 2761 716 2789 te,
740 2756 824 2785 frater
841 2766 847 2784 :
867 2765 900 2787 eo
914 2760 987 2794 quod

229 2827 241 2843 θ
258 2826 266 2853 l
282 2826 354 2854 Petr.
372 2834 404 2859 ν,
427 2827 470 2854 14.
510 2826 531 2842 '°
548 2825 636 2854 Galat.
655 2833 700 2858 vt,
720 2825 746 2852 2.

233 2887 265 2920 (⁵)
284 2883 464 2913 Ρατοεηοιὶοιι.

1082 2712 1130 2739 Ἐκ
1146 2711 1248 2747 πολλῆς
1275 2711 1391 2746 θλίψεως
1418 2712 1466 2739 καὶ
1492 2713 1608 2749 συνοχῆς
1630 2713 1746 2749 καρδίας
1771 2722 1843 2749 μου,

1041 2758 1189 2797 προσθείην
1210 2759 1258 2786 καὶ⁴
1279 2757 1417 2793 δακρύων,
1433 2759 1450 2794 ἡ
1466 2759 1596 2796 ἐπιστολὴ
1619 2759 1689 2796 πρός
1707 2768 1735 2787 σε
1752 2759 1844 2796 αὕτη,
