1912 3080
143 125 211 161 1357

722 126 1005 157 'EPISTULARUM
1042 127 1115 156 LIB.
1137 127 1165 156 Il
1172 151 1178 156 .

1708 120 1776 156 i358

140 181 258 218 ἀδελφέ·
273 180 340 208 διότι
360 181 469 216 ἀκήκοα
486 181 632 209 ἀποθανεῖν
650 190 678 208 σε
702 182 747 208 τὸν
769 183 819 218 τῆς
844 182 935 217 ἁμαρ-

1005 183 1076 211 udivi
1098 188 1124 210 te
1141 182 1244 217 peccati
1262 185 1348 209 tuort'e
1363 181 1504 209 morttluih
1521 181 1593 209 esse.
1609 180 1692 208 Aiunt
1705 181 1778 208 enim

139 231 201 258 τίας
218 228 343 256 θάνατον,
359 225 428 255 Φασὶ
442 224 497 264 γὰρ
512 228 737 264 ἀπορριψάμενον
752 229 783 254 τὸ
798 229 934 262 ἐπάγγελ-

142 285 180 312 μα
194 276 244 311 τῆς
257 270 417 311 παρθενίας,
433 275 464 301 τὸ
480 274 581 310 ἔνδυμα
592 275 623 301 τὸ
637 274 827 309 εὐαγγελικὸν,
840 275 872 301 τδ
889 283 934 301 σε-

141 323 257 358 δὰσμιον
271 321 320 348 καὶ
333 321 459 356 ἀγγέλοις
473 321 520 348 καὶ
533 321 688 356 ἀνθρώποις
707 321 868 356 πολίτευμα,
885 321 936 348 λα-

141 367 199 395 ϐεῖν
213 376 242 394 σε
256 368 374 402 γυναῖκα
389 367 533 402 μοιχικῶς,
547 366 647 402 μᾶλλον
658 367 687 394 δὲ
701 367 750 403 τὴν
762 365 834 393 Εὔαν
848 368 936 394 εἰπεῖν

143 413 318 449 κυριώτερον.
338 412 412 447 Αὕτη
429 412 483 447 γάρ
499 420 528 439 σε
549 412 597 439 τοῦ
611 412 777 448 παραδείσου
790 413 840 447 τῆς
855 412 936 446 ἁγίας

144 459 216 493 ζωῆς
230 459 383 486 ἐκϐαλοῦσα
396 458 483 491 ἔθετο,
496 459 535 490 εἰς
546 458 645 490 πένθος
659 458 708 493 μὲν
721 458 782 493 ἐμοὶ
796 458 834 493 τῷ
846 458 937 493 ἁμαρ-

144 504 220 539 τωλῷ
237 513 284 531 σου
303 504 398 540 πατρὶ,
415 504 455 536 εἷς
469 513 499 530 τε
513 502 644 539 αίσχύνην
660 503 711 543 τῆς
726 503 878 540 ἁγγελικῇς
889 512 936 530 σου

145 548 333 584 ἁδελφότητος,
348 550 396 577 καὶ
415 550 455 582 είς
470 549 586 585 ἔπαρσιν
601 550 650 577 καὶ
666 549 780 585 αὔχημα
793 549 832 585 τῷ
844 549 937 576 διαϐό-

144 597 193 633 λῳ.
209 594 242 623 Ὢ
265 597 292 623 τί
313 597 423 632 γέγονες
444 596 510 632 φεῦῑ
532 597 591 628 πῶς
609 592 640 623 σε
655 596 821 635 ἐχειρώσατο
841 597 856 623 ό
871 595 938 632 δρά-

145 651 221 677 κων;
237 644 277 675 είς
292 641 348 670 οἷον
368 643 397 670 δέ
420 651 449 669 σε
468 642 605 680 ἀπέρριψε
623 633 706 678 βάθος
720 633 877 680 ,δυσωδίας
902 642 940 669 To

145 690 204 724 φῶς
230 689 346 724 γέγονας
376 688 490 721 σκότοςε
521 689 538 724 ἡ
558 679 677 723 Χριστοῦ
700 687 800 715 εὐωδία
821 689 835 715 ὁ
857 687 939 723 ἱερὸς,

148 735 260 772 μιαρὸς’
276 735 291 761 ὁ
305 734 407 770 τίμιος,
425 734 521 770 ἄτιμος
532 740 538 747 ·
551 734 566 760 ὁ
579 733 693 767 ἔνδοξος,
707 733 799 766 ἄδοξος
809 741 817 748 ·
830 734 844 760 ὁ
859 733 941 770 ἄσχε-

146 790 201 814 τος,
221 781 260 816 τῷ
274 780 382 816 δαίμονι
404 780 606 816 χειροδέσμιος·
627 780 641 806 ὁ
662 779 786 815 φιλητὸς,
808 779 939 815 μισητός·

985 229 1120 264 abjecisse
1143 234 1169 256 te
1193 228 1363 264 propositum
1383 226 1567 263 virginitatis.
1590 227 1779 254 indumentum

982 275 1171 311 evangelicum
1183 294 1191 307 ,
1210 274 1398 302 venerandum
1414 279 1442 301 et
1458 273 1562 308 angelis
1574 277 1603 301 et
1616 273 1780 302 hominibus

985 321 1048 348 vita:
1063 320 1218 348 institutum
1231 339 1238 352 ,
1254 323 1282 346 et
1294 318 1425 346 feminam
1449 319 1584 346 adulterio
1599 318 1648 346 tibi
1665 319 1780 346 ascivisv-

986 375 1016 395 se
1029 387 1037 400 ,
1054 375 1137 402 quam
1154 366 1267 402 proprie
1287 366 1376 400 magis
1392 365 1476 393 Evam
1494 366 1586 394 dicere
1600 366 1690 394 liceat.
1719 365 1782 393 llam:

986 415 1059 442 enim
1075 419 1100 441 te
1111 413 1145 441 de
1158 418 1260 441 sanctae
1274 413 1337 440 vitae
1352 413 1482 448 paradiso
1500 412 1676 440 exturbatum
1695 420 1727 439 ex
1734 420 1782 447 po-

987 461 1043 489 suit
1059 461 1127 488 mihi
1141 460 1250 495 quidem
1264 460 1400 494 peccatori
1412 458 1489 486 Patri
1506 463 1553 486 tuo
1566 458 1601 486 ad
1615 459 1732 491 luctum,
1747 459 1781 486 ad

988 505 1120 539 pudorem
1141 511 1206 531 vero
1232 503 1362 538 angelicae
1386 501 1608 530 confraternitati
1629 506 1699 534 tuas,
1725 503 1783 529 dia-

989 551 1051 578 bolo
1063 555 1154 578 autem
1167 549 1200 577 ad
1216 549 1429 577 ostentationem
1446 552 1474 576 et
1486 548 1662 583 jactantiam.
1677 546 1700 575 Ο
1715 548 1783 583 quid

989 596 1091 624 factum
1108 595 1169 624 est?
1189 595 1260 622 heu!
1280 603 1335 631 quo
1351 599 1431 630 pacto
1449 599 1475 622 te
1497 594 1656 629 subjugavit
1678 595 1784 622 draco?

989 643 1069 678 quale
1087 648 1112 670 te
1126 642 1154 669 in
1172 641 1267 669 fetoris
1287 641 1452 676 profundum
1468 641 1618 669 demersit?
1635 640 1739 668 Lumen
1755 641 1782 667 iu

991 688 1128 721 tenebras,
1139 687 1242 716 Christi
1254 688 1343 715 bonus
1357 689 1426 715 odor
1437 688 1466 715 in
1479 695 1563 723 grave
1575 687 1706 715 olentiam
1722 692 1782 714 mu-

991 740 1064 762 tatus
1077 742 1107 763 es
1121 743 1127 762 :
1144 742 1178 762 ex
1201 741 1283 762 sacro
1299 734 1431 769 profanus
1442 755 1449 767 ,
1466 741 1500 762 ex
1517 733 1653 761 honorato
1668 733 1779 761 inhono-

993 785 1068 808 ratus
1083 801 1091 813 ,
1125 788 1158 808 ex
1176 780 1298 815 glorioso
1311 780 1445 815 inglorius
1459 792 1466 812 ,
1498 786 1530 806 ex
1546 779 1638 807 soluto
1653 783 1681 806 et
1698 779 1784 806 libero

147 828 178 855 τὸ
205 827 344 864 πρόϐατον
376 826 476 862 Ἰησοῦ,
507 825 688 862 Θηριάλωτον.
722 825 875 861 Προσϐήσω
907 825 942 852 τὰ

1004 827 1158 862 nancipium
1175 827 1265 854 factus
1283 826 1386 854 diaboli
1398 846 1407 860 ,
1435 833 1468 853 ex
1487 826 1589 854 dilecto
1608 833 1709 854 exosus
1722 846 1729 858 ,
1751 833 1783 852 ex

150 861 246 910 μείζῶ.
276 873 306 900 '0
336 861 517 908 δεδιώγμὲνος
552 871 647 898 ἕνεκεν
677 871 727 906 τῆς
754 871 938 906 δικαιοσύνης,

1004 861 1093 898 Ihristi
1104 878 1154 898 ove
1166 871 1258 906 praeda
1270 870 1338 905 lupi.
1355 870 1461 897 Addam
1476 871 1519 898 his
1531 870 1646 906 majora.
1658 869 1710 903 Qui
1725 879 1785 906 per-

149 917 369 953 κατειλημμένος
394 918 446 945 ὑπὸ
471 918 521 953 τῆς
543 916 700 952 ἁμαρτίας·
723 917 738 943 ὁ
758 916 938 954 ὸμολογητὴς,

148 965 289 1001 ᾴρνητής’
309 964 325 991 ὸ
339 964 387 991 τὸν
405 963 580 999 μακαρισμὸν
602 963 647 989 ἐπὶ
669 963 792 998 κορυφῆς
820 963 859 994 ὡς
884 962 941 990 διά-

148 1010 223 1046 δημα
248 1010 352 1045 φέρων,
367 1009 548 1045 ἀφῃρημένος
569 1008 601 1035 τὸ
620 1008 777 1044 θαυμαστὸν
793 1008 879 1044 ὄνομα
892 1008 940 1036 τοῦ

150 1056 270 1092 μοναχοῦ
275 1076 281 1083 .

184 1103 264 1137 οἴμοι
276 1093 283 1129 i
300 1100 344 1133 τίς
358 1101 478 1133 ἀκούσας
486 1101 517 1128 οΰ
532 1100 668 1133 στενάξειε
682 1109 690 1134 ;
705 1094 747 1133 τίς
754 1100 784 1127 δὲ
798 1100 942 1128 κατανοῶν

149 1147 182 1187 οὐ
198 1147 340 1183 φρίξειεν;
356 1147 478 1182 ᾔσχυνας
497 1146 527 1173 τὸ
544 1146 702 1181 μοναχικδν,
717 1146 856 1181 ἐφόσησας
878 1147 943 1178 τοὺς

151 1194 318 1230 ἑστηκότας,
333 1193 484 1225 ὲσάλευσας
499 1193 563 1225 τοὺς
588 1193 767 1226 ὀκλάξοντας,
781 1193 860 1225 επιες
891 1202 942 1220 πο-

151 1242 247 1276 τήριον
263 1240 390 1276 ἀνομίας,
406 1239 536 1272 εἴλκυσας
545 1239 576 1266 τὸ
587 1240 649 1267 καθ’
677 1239 774 1267 ἑαυτὸν
785 1240 850 1272 τοὺς
875 1241 943 1275 ὁμο-

151 1287 244 1320 ειαγεῖς
259 1285 466 1319 ἀπογεύσασθαι
480 1286 528 1312 τοῦ
543 1285 673 1313 θανάτου.
688 1287 721 1313 Ὢ
733 1287 782 1313 καὶ
796 1284 876 1319 αὖθις
899 1287 945 1314 λέ-

153 1343 204 1368 γω.
223 1333 250 1360 τί
265 1333 403 1365 πέπονθας
418 1333 539 1366 ἑλεεινές
555 1333 615 1365 πῶς
630 1334 645 1360 ὁ
662 1334 819 1369 Ἐἰιισφόρος
835 1334 945 1361 ἐσκοτί-

154 1380 221 1414 σοης
235 1389 243 1413 ;
259 1380 319 1411 πῶς
332 1379 363 1406 τὸ
373 1378 542 1414 χρησιμεῦον
555 1378 656 1411 σκεῦος
682 1379 846 1416 συνετρίδης
858 1388 866 1414 ;
895 1381 946 1407 οὐκ

153 1423 215 1462 αἰδῇ
231 1422 284 1449 κᾶν
295 1422 325 1449 τὸ
338 1422 425 1457 δνομᾰ.
439 1431 498 1456 σου,
515 1423 558 1449 ὅτι
583 1423 739 1458 Εὐάρεστος
765 1423 945 1460 καλούμενος,

153 1464 323 1508 ᾼυσάρεστος
344 1467 551 1503 ὲχρημάτισαςς
571 1469 610 1495 Οὐ
626 1469 726 1504 πέρυσι
741 1465 809 1505 ἧκες
827 1470 897 1506 πρός
912 1479 947 1506 με

991 916 1160 945 Secutionent
1178 916 1293 952 justitiae
1307 924 1390 944 causa
1405 917 1560 952 patiebatur
1571 936 1580 951 ,
1594 922 1691 952 captus
1707 922 1751 945 est
1769 925 1785 944 a

991 969 1117 999 peccato;
1134 964 1182 999 qui
1207 963 1351 992 confessor
1375 968 1457 996 erat,
1484 964 1557 991 nunc
1581 964 1710 999 negator;
1738 963 1785 998 'qui

991 1010 1187 1038 beatitudinem
1206 1010 1232 1038 in
1246 1010 1349 1039 vertice
1363 1010 1435 1038 velut
1448 1009 1575 1038 diadema
1590 1010 1724 1046 gestabat,
1737 1006 1787 1037 ad-

992 1056 1118 1084 mirando
1139 1055 1267 1084 monachi
1288 1055 1399 1084 nomine
1419 1055 1554 1089 spoliatus
1573 1060 1624 1082 est.

1029 1102 1080 1130 Hei
1096 1102 1181 1130 mihi!
1203 1102 1266 1137 quis
1285 1102 1342 1130 haec
1363 1102 1478 1130 audiens
1508 1109 1562 1129 non
1589 1100 1700 1136 gemat?
1725 1101 1789 1136 quis

992 1149 1117 1184 cogitans
1128 1155 1182 1176 non
1199 1149 1397 1176 exhorrescat?
1408 1148 1517 1176 Pudore
1535 1147 1675 1176 suii‘udisti
1691 1155 1789 1175 mona-

994 1195 1071 1228 chos,
1086 1195 1225 1223 stantibus
1241 1200 1376 1222 terrorem
1390 1195 1521 1230 iniecisti,
1537 1194 1676 1229 lapsantes
1696 1193 1789 1228 impus

995 1242 1169 1275 listi,bibisti
1190 1241 1305 1270 calicem
1321 1241 1488 1276 iniquitatis,
1518 1240 1627 1268 traxisti
1653 1240 1789 1275 quantum

995 1287 1022 1314 in
1040 1291 1066 1314 te
1084 1285 1137 1313 i‘uit
1148 1286 1241 1313 socios
1257 1290 1288 1312 ut
1300 1289 1418 1312 tnortem
1433 1284 1623 1320 degustarent.
1644 1283 1667 1310 Ο
1688 1282 1788 1311 iterum

995 1332 1068 1365 dico,
1085 1331 1151 1367 quid
1168 1339 1268 1366 passus
1279 1338 1321 1365 es,
1333 1330 1437 1358 miser?
1455 1329 1594 1366 quomodo
1611 1329 1733 1357 tenebris
1747 1329 1791 1356 of-

996 1378 1076 1406 fusus
1086 1386 1127 1410 es,
1143 1377 1273 1405 Lucifer?
1287 1378 1428 1413 quomodo
1445 1385 1493 1405 vas
1509 1377 1576 1404 utile
1592 1377 1730 1405 contritus
1740 1375 1791 1404 es?

997 1424 1053 1452 Nec
1069 1424 1158 1459 ipsum
1174 1431 1275 1451 nomen
1291 1428 1367 1450 tuum
1388 1422 1535 1456 revereris,
1551 1422 1624 1457 quod
1639 1421 1791 1449 Evarestus

998 1478 1060 1499 cum
1077 1470 1236 1505 appelleris,
1254 1469 1419 1505 Bysarestus
1445 1469 1579 1496 evasisti?
1600 1467 1697 1496 Nonne
1717 1471 1791 1495 anno

155 1513 217 1539 ἐπεὶ
240 1513 288 1550 καλι
315 1514 384 1549 πρὸς
401 1513 447 1540 τὸν
464 1513 545 1549 κῦριν
575 1514 621 1541 τὸν
640 1515 857 1550 ἀρχωπίσκοπον
887 1517 945 1548 δλος

1004 1517 1136 1552 praeterito
1148 1516 1182 1543 ad
1194 1523 1238 1543 me
1252 1515 1353 1544 venisti
1368 1519 1451 1550 atque
1477 1515 1510 1543 ad
1528 1514 1671 1542 dominum
1697 1514 1791 1541 archi-

155 1559 246 1594 ὑγιὴς,
262 1558 391 1594 εῠθυμσς,
406 1560 558 1595 πρόθυμος,
569 1561 639 1596 ὑπὲρ
650 1561 745 1596 ἑτέρου
756 1561 857 1597 μᾶλλον
871 1562 950 1589 ἀδελ-

155 1607 207 1639 φοῦ
216 1616 263 1634 σου
273 1607 461 1643 παρακλήτωρ
469 1608 516 1634 καὶ
525 1608 682 1645 ἀνορθωτής
691 1618 698 1642 ;
709 1609 898 1642 πῶςὶξέλιπες
909 1610 950 1644 ἐξ·

156 1653 241 1680 ἀπινα
249 1661 258 1686 ;
266 1653 326 1685 πῶς
334 1653 548 1689 ἁπετυφλώθηςς
560 1654 618 1686 πῶς
627 1656 701 1691 ὴμνη
706 1655 826 1691 μόνησας
831 1656 876 1683 καὶ
881 1655 951 1683 Θεοῦ

156 1701 205 1727 καὶ
220 1700 310 1734 ἡμῶν,
326 1699 382 1726 τῶν
395 1708 425 1727 τε
433 1700 651 1736 προηνυσμένων
658 1701 817 1737 ἀσκητικῶν
836 1710 884 1729 σου
899 1702 949 1729 πό-

155 1754 210 1773 νων
225 1746 272 1772 καὶ
282 1746 403 1782 ἱδρώτων
412 1754 420 1761 ·
436 1747 497 1773 ἐπεὶ
505 1745 539 1782 ἦς
546 1746 592 1773 καὶ
607 1747 659 1774 τῶν
667 1747 821 1783 χρησίμων,
837 1749 885 1775 καὶ
896 1748 951 1774 τῶν

156 1794 187 1820 ὲν
201 1794 263 1824 ταῖς
283 1793 485 1828 ὑπερεχούσαις
499 1793 652 1825 διακονίαις
668 1794 862 1829 τεταγμένων;
881 1793 952 1822 Εἶτα

156 1839 205 1872 si;
223 1838 313 1874 μικρὰ
328 1838 467 1874 προσϐολὴ
478 1838 525 1866 τοῦ
553 1839 663 1875 ἐχθροῦ,
692 1839 828 1875 ἐπιθυμία
850 1840 950 1875 ἔχουσα

159 1885 211 1919 μὲν
226 1884 266 1920 τῷ
277 1884 366 1911 δοκεῖν
380 1885 478 1919 γλυκὺ,
497 1885 691 1921 συνειλιγμένη
707 1885 736 1912 δὲ
750 1885 871 1921 διστόμῳ
898 1893 952 1921 μα-

157 1929 254 1966 χαίρᾳ,
268 1928 302 1965 ἧς
316 1930 365 1966 τῆς
380 1931 495 1966 πικρίας
507 1931 586 1958 οὐδὲν
616 1931 826 1967 χολωδέστερσν,
850 1932 951 1967 δραξαι-

159 1976 229 2012 μένη
245 1984 276 2002 σε
290 1977 448 2012 κατήγαγεν
465 1977 504 2007 ὡς
513 1977 561 2004 ἀπ’
577 1976 694 2014 οὐρανοῦ
705 1978 756 2013 τῆς
770 1978 878 2014 ὑψηλῆς
906 1986 951 2005 πο-

157 2022 273 2055 λιτείας,
289 2022 412 2049 δείκνυσι
422 2022 452 2049 δὲ
468 2022 536 2049 ὡσεὶ
552 2023 725 2059 τραυματίαν
742 2024 909 2052 καθεύδοντα
922 2026 952 2052 εν

157 2067 248 2107 τάφῳ.
265 2067 298 2094 Τί
311 2067 366 2102 γὰρ
383 2067 449 2094 ἄλλο
465 2068 541 2094 ἐστὶν
556 2065 627 2095 εἶναι
637 2068 685 2095 τὸν
713 2069 743 2095 ὲν
759 2070 792 2105 τῇ
816 2070 951 2106 ἁμαρτίᾳ,

159 2112 178 2148 ῆ
205 2114 235 2139 ὲν
250 2111 355 2148 φθορᾷ;
371 2112 491 2140 Οὑτίπου
506 2113 565 2148 φῶς
587 2114 692 2149 νοερὸν,
721 2115 836 2150 οὐδεμία
864 2115 952 2150 ἐλπὶς,

157 2159 274 2199 οὐδεμία
284 2159 423 2195 γλυκύτης
440 2160 541 2196 ψυχῆς,
571 2160 687 2197 οὐδεμία
709 2161 848 2197 διανόησις
879 2163 951 2198 ἱερὰ,

1002 1563 1163 1598 episcopum
1182 1567 1256 1589 totus
1272 1567 1368 1595 sanus,
1384 1561 1465 1589 hilari
1483 1561 1577 1589 animo
1591 1565 1619 1588 et
1633 1560 1728 1593 alacri,
1743 1558 1793 1595 pro

1002 1609 1087 1636 altero
1103 1609 1184 1636 etiam
1197 1607 1282 1636 fratre
1294 1611 1342 1635 tuo
1364 1607 1525 1643 deprecator
1538 1612 1564 1635 et
1579 1607 1706 1635 erector?
1717 1607 1792 1642 Quo-

1001 1655 1084 1682 modo
1107 1658 1220 1690 repcnte
1237 1653 1388 1682 deiecisti?
1404 1653 1544 1690 quomodo
1569 1659 1724 1681 excaecatus
1745 1652 1794 1681 es?

1001 1700 1141 1736 quomodo
1157 1700 1204 1728 Dei
1215 1700 1319 1728 oblitus
1328 1706 1358 1728 es
1368 1705 1396 1728 et
1413 1701 1522 1729 nostri?
1533 1705 1750 1736 exactorumque
1765 1702 1792 1728 iu

1001 1747 1119 1774 ascetica
1143 1747 1198 1774 vita
1234 1747 1360 1774 laborum
1395 1747 1593 1782 sudorumque,
1621 1747 1794 1782 quandoqui-

1001 1793 1063 1821 dem
1077 1797 1139 1820 eras
1154 1793 1226 1821 inter
1242 1793 1337 1826 utiles,
1359 1800 1462 1828 eosque
1475 1793 1502 1820 in
1519 1793 1617 1827 primis
1633 1793 1794 1820 tniuiSteriis

1001 1839 1202 1875 fungebantur?
1213 1839 1283 1873 Quid
1300 1842 1363 1874 poSt
1375 1839 1453 1866 haec?
1467 1838 1555 1867 Parva
1571 1839 1660 1867 hostis
1677 1840 1794 1874 impres-

1002 1886 1054 1919 sio,
1080 1886 1216 1921 cupiditas
1234 1886 1328 1920 specie
1358 1885 1469 1920 quidem
1494 1885 1668 1913 dulcedinem
1697 1885 1795 1920 pratic-

1001 1940 1075 1965 rens;
1090 1932 1138 1960 sed
1149 1931 1264 1967 ancipiti
1279 1931 1371 1966 gladio
1387 1931 1533 1965 implicita,
1547 1932 1627 1967 cujus
1647 1932 1796 1959 acerbitate

1002 1978 1071 2005 nihil
1090 1977 1222 2010 amarius,
1234 1977 1378 2012 abreptum
1391 1981 1416 2004 te
1431 1976 1529 2012 dejeeit
1541 1982 1670 2012 tanquam
1682 1977 1716 2004 de
1726 1979 1796 2005 ι-ωιυ

1001 2024 1117 2052 excelsa:
1142 2024 1375 2056 conversationis,
1406 2024 1582 2060 ostenditque
1607 2025 1682 2051 velut
1708 2025 1796 2060 plagis

1002 2075 1132 2098 onustum
1149 2071 1176 2098 in
1191 2071 1320 2106 sepulcro
1336 2070 1528 2098 dormientem.
1546 2071 1617 2105 Quid
1631 2069 1704 2098 enim
1722 2071 1797 2098 aliud

1003 2117 1088 2144 estin
1106 2121 1219 2149 peccato
1243 2123 1305 2144 esse
1334 2123 1416 2150 quam
1436 2116 1464 2143 in
1489 2116 1597 2144 morte?
1618 2115 1728 2144 Nullum
1740 2117 1796 2151 jam

1004 2164 1095 2190 lumen
1109 2162 1264 2190 intellectus
1275 2183 1282 2195 ,
1299 2163 1374 2190 nulla
1390 2170 1464 2198 spes,
1491 2163 1565 2190 nulla
1589 2164 1713 2191 suavitas
1737 2164 1792 2190 ani-

159 2206 229 2245 sm
243 2206 291 2240 νὺξ
308 2206 414 2242 βαθεῖα,
423 2206 504 2242 μύσις
517 2207 565 2234 τοῦ
574 2207 872 2245 διανοητικοῦ,δαγμδς
884 2218 945 2245 καρ·

1005 2214 1066 2239 mae.
1082 2207 1157 2235 nulla
1171 2213 1251 2235 sacra
1264 2208 1396 2243 cogitatio
1411 2216 1418 2234 :
1434 2208 1482 2236 sed
1494 2209 1631 2244 profunda
1642 2216 1707 2241 nox,
1720 2216 1797 2236 men-

159 2242 266 2283 έιακὺς,
280 2252 364 2286 φόὸος
382 2253 430 2280 καὶ
442 2253 489 2280 τοῦ
505 2252 646 2288 τυχόντος,
661 2242 701 2280 -ὲν
712 2254 751 2289 τῷ
766 2242 889 2291 βορϐόρῳ
903 2242 952 2282 κυ-

159 2297 307 2324 λινδεῖσθαι
323 2298 507 2334 καθεκάστην,
525 2299 592 2326 ὡσεί
607 2308 633 2326 τι
666 2299 854 2336 ἰλυσπώμενον
883 2302 953 2328 κνώ-

160 2344 251 2372 ἔαλον.
268 2345 301 2372 Τί
315 2345 464 2381 εἰργάσατο
481 2346 613 2382 ὁδαίμων
627 2338 679 2379 ;“τί
696 2355 727 2373 σε
755 2347 921 2374 ἀπετέλεσεν
936 2348 953 2383 ἡ

162 2391 378 2426 παγκατάρατος
391 2389 634 2429 ὶπιθυμία;δι’ἧς
649 2393 704 2420 ἀπὸ
733 2393 779 2420 τοῦ
802 2394 899 2427 αἰῶνος
929 2395 954 2421 oi

161 2436 346 2472 ἠπατημένοι,
362 2437 425 2464 οὐδὲ
449 2438 485 2465 τὰ
509 2438 626 2466 ἐνταῦθα
654 2439 862 2474 κεκερδάκασιν,
886 2440 955 2467 ἀλλὰ

162 2483 212 2509 καὶ
227 2483 261 2509 τὰ
277 2483 391 2519 οὐράνια
401 2483 558 2516 ἀπώλεσαν,
575 2484 604 2511 ἓν
613 2485 868 2522 κληρονομήσαντες
876 2483 956 2522 μόνον

162 2528 196 2554 τὸ
209 2528 266 2564 πῦρ
279 2529 311 2555 τὸ
327 2529 450 2557 αἰώνιον.

207 2575 288 2602 Ἀλλὰ
300 2575 391 2611 δεῦρο,
407 2576 450 2603 υἱέ
464 2586 526 2613 μου,
542 2577 723 2613 ἀνακλήοητι,
742 2578 818 2605 καλῶ
845 2587 875 2605 σε
903 2579 957 2606 ἀπὸ

164 2619 271 2656 βαθέων
288 2623 403 2658 καρδίας
431 2632 493 2659 μου,
518 2624 573 2651 ἀπὸ
599 2624 761 2660 σπλάγχνων
789 2625 957 2661 ἑμπυριζόν-

162 2675 220 2694 των
236 2676 270 2702 με
284 2675 292 2683 ·
310 2668 407 2704 ἐπειδὴ
424 2670 441 2704 ὴ
456 2669 490 2706 σὴ
503 2670 567 2702 δόξα
579 2670 644 2706 ἐμὴ,
665 2670 702 2703 ὡς
733 2671 783 2698 καὶ
807 2671 924 2707 ἔμπαλιν
939 2673 956 2708 ἡ

164 2714 292 2749 αἰσχύνη.
309 2714 404 2750 Δεῦρο,
422 2716 591 2752 ἐξεγέρθητι.
606 2718 621 2744 ὁ
644 2717 747 2753 Κύριος
777 2718 938 2746 κεκέλευκεν
949 2728 956 2735 ·

165 2760 209 2787 οὐ
222 2759 266 2795 μὴ
278 2761 416 2795 μνησθῶ,
433 2764 511 2799 φησὶ,
529 2763 587 2790 τῶν
600 2763 732 2800 ἀνομιῶν
739 2764 808 2793 ουυ.
825 2766 879 2794 καί
890 2775 896 2781 ”
909 2765 957 2800 Μὴ

204 2842 228 2867 ¹⁸
243 2848 295 2878 isa.
315 2859 392 2885 mu,
410 2852 456 2880 25.

1004 2255 1040 2283 tis
1055 2254 1220 2287 obstructio,
1247 2258 1275 2282 et
1292 2254 1384 2283 cordis
1398 2262 1519 2288 morsus,
1549 2262 1582 2284 ac
1602 2255 1686 2283 timor
1713 2263 1746 2282 ex
1769 2263 1800 2282 re

1005 2302 1127 2338 qualibet
1145 2311 1152 2328 :
1173 2302 1199 2329 in
1221 2310 1301 2339 εαξηο
1312 2302 1418 2331 versari
1445 2302 1566 2336 assidue,
1599 2303 1674 2331 velut
1697 2303 1800 2330 animal

1007 2349 1153 2384 quodpiam
1171 2349 1197 2376 in
1223 2348 1283 2376 luto
1307 2355 1338 2375 se
1363 2348 1503 2376 volutans.
1522 2346 1595 2382 Quid
1612 2354 1744 2383 operatus
1757 2354 1801 2377 est

1007 2390 1138 2422 daemon?
1154 2393 1219 2429 quid
1245 2392 1294 2421 tibi
1314 2394 1432 2421 contulit
1457 2394 1626 2422 exsecranda
1642 2388 1802 2430 cupiditas?

1008 2448 1057 2476 per
1070 2448 1152 2476 quam
1170 2440 1217 2476 qui
1233 2440 1266 2468 ab
1285 2443 1344 2468 aevo
1365 2440 1471 2475 decepti
1485 2440 1572 2474 t‘uere,
1589 2449 1678 2475 neque
1693 2448 1725 2468 ea
1739 2449 1802 2476 qua:

1009 2487 1053 2514 hic
1063 2492 1126 2515 sunt
1151 2487 1536 2519 lucrifeccrunt,etctelestia
1560 2487 1689 2519 atnisere,
1714 2495 1800 2514 unum

1009 2534 1098 2562 solum
1117 2534 1276 2562 haereditate
1291 2534 1462 2569 possidentes
1477 2535 1566 2568 ignem
1582 2538 1728 2562 aeternum.

1047 2580 1147 2608 Verum
1174 2580 1228 2608 huc
1251 2580 1327 2614 ades,
1358 2580 1395 2608 ﬁli
1416 2580 1453 2608 mi
1471 2589 1478 2607 :
1494 2580 1529 2608 ab
1544 2580 1601 2607 imo
1624 2580 1708 2608 corde
1732 2584 1802 2607 voco‘

1011 2633 1047 2660 te,
1063 2635 1096 2655 ex
1105 2626 1257 2654 visceribus
1273 2634 1317 2655 me
1332 2627 1568 2655 inllammantibus
1582 2627 1730 2662 :quoniam
1744 2627 1802 2662 glo-

1010 2674 1051 2702 ria
1065 2679 1123 2707 tna,
1139 2672 1225 2708 gloria
1242 2679 1302 2700 mea
1317 2676 1377 2700 est:
1395 2673 1467 2700 sicut
1481 2673 1598 2701 dedecus
1617 2680 1633 2701 e
1649 2674 1801 2701 contrarim

1010 2722 1078 2755 Age,
1088 2719 1290 2755 expergiscere,
1306 2718 1438 2747 Dominus
1450 2719 1545 2754 jussit.
1556 2718 1617 2747 Non
1631 2719 1801 2752 recordabar,

1013 2766 1110 2801 inquit,
1125 2764 1295 2800 iniquitatum
1311 2769 1417 2792 tuarum
1438 2765 1469 2793 “.
1488 2765 1521 2794 Et
1537 2775 1544 2793 :
1561 2765 1688 2803 Nunquid
1698 2766 1801 2802 quiuit
