1912 3080
154 122 224 158 1339

752 122 785 153 S.
802 118 1002 154 THEODORI
1023 121 1197 154 STUDITIE

1725 122 1792 156 1360

149 179 201 211 dit,
221 186 274 205 non
294 179 408 214 resurgit
427 178 472 206 “!
491 178 547 207 Et:
579 178 640 207 Vidi
656 179 720 215 quia
748 180 832 208 triuia
857 180 953 208 ambu-

1004 181 1018 208 ό
1035 180 1154 207 πίπτων
1165 180 1223 207 οὐκ
1235 178 1412 212 drlo'tarat;
1424 178 1480 206 Καί
1492 187 1498 195 ·
1515 176 1606 207 Εῐδον·
1618 178 1663 206 ὅτι
1679 183 1792 215 πορεύῃ

149 225 192 253 las
209 225 241 252 ".
259 224 294 252 Et
310 234 318 253 :
336 224 493 252 Remedium
506 230 582 252 suum
595 226 723 254 contritio
732 232 782 254 tua
800 226 832 253 “.
849 225 890 254 En
901 227 950 254 bo-

141 279 215 301 .num
224 271 321 304 Deum,
329 279 363 299 en
374 271 510 300 medicum
518 272 734 301 misericordem.
745 272 846 308 Utique
852 280 901 300 oro
911 277 948 305 te.

150 317 187 344 ﬁli
199 325 206 350 ;
219 317 291 344 ﬁlius
301 317 375 344 enim
385 325 514 351 meuses,
525 319 634 346 tametsi
643 324 787 347 muortuus
795 327 835 353 es;
846 327 880 346 ne
888 327 950 354 per-

151 371 263 393 maneas
277 363 305 391 in
315 370 450 399 peccato:
467 365 628 401 dirumpcns
642 366 769 402 dirumpe
783 366 947 401 quantocius

151 409 266 437 innexos
289 409 363 437 tibia
379 409 490 438 diabolo
509 410 655 439 funiculus:
666 416 694 439 et
704 416 834 446 tanquam
846 420 861 438 e
873 410 947 438 fossa

151 463 302 490 exsurgens
313 455 419 483 transili
431 455 458 483 in
468 456 632 484 admirabile
640 457 730 484 lumen
747 456 869 491 pristinae
884 456 947 483 vita:

152 504 215 527 tuae.
234 499 267 527 Et
283 508 332 535 ego
350 507 375 528 lc
390 501 498 536 supinis
527 501 656 529 manibus
679 501 888 537 excipiam,non
900 509 950 528 ex-

151 546 285 580 probrans
297 547 344 574 sed
355 548 558 576 commiserans
568 558 574 576 :
585 555 639 575 non
655 556 809 583 aggravans
824 548 946 575 medica-

142 597 245 620 -mcnta
261 592 444 627 paenitentiae,
459 593 506 620 sed
532 593 639 621 leniens
660 593 707 620 illa
726 597 754 621 et
767 593 868 621 leviora
884 593 946 620 red-

151 638 220 665 dens
249 638 340 673 quoad
367 639 426 666 ﬁeri
447 640 559 674 poterit.
584 639 678 674 Itaque
695 638 805 671 festina,
833 639 944 672 festina,

147 683 314 719 priusquam
332 689 445 720 repente
459 685 552 712 veniat
566 684 747 712 inexorabilis
759 684 882 719 angelus,
893 684 946 711 mi-

152 730 301 758 serandum
316 730 344 757 in
362 730 516 758 modumte
529 730 671 758 abducens
688 738 703 758 e
713 737 840 765 corpore,
856 736 884 758 ct
910 731 944 758 ad

146 783 261 810 mnam
278 776 447 804 transferens
462 777 671 813 sempiternam.

337 833 402 862 Clli.
415 849 451 855 -
465 833 592 870 Gregorio
604 835 763 870 prapon'to.

1002 226 1146 260 στυγνός.
1161 225 1234 252 Καί·
1250 226 1339 260 ἰαμα
1348 225 1382 252 τὸ
1394 224 1565 260 σύντριμμά
1580 232 1649 253 σου.
1662 225 1714 252 Ἴδε
1728 226 1791 257 θεὸς

1001 271 1115 306 ἀγαθὸς,
1131 271 1169 298 ίδε
1184 270 1277 307 ἰατρὸς
1294 271 1429 306 ἐλεήμων.
1439 271 1494 297 Ναὶ
1507 270 1669 305 δέομαίσου,
1686 271 1792 297 τέκνον·

1001 316 1097 344 τέκνον
1110 316 1165 352 γάρ
1178 325 1230 352 μου
1249 313 1285 350 εἶ,
1301 316 1353 343 κᾶν
1364 315 1566 352 ἀποτέθνηκας.
1583 316 1630 352 Μὴ
1641 316 1793 352 ἀναμείνῃς

1002 364 1049 390 ἐπὶ
1065 365 1099 399 τῇ
1124 363 1249 399 ἁμαρτίᾳ
1263 371 1271 378 ·
1297 363 1472 399 διαρρήσσων
1487 363 1632 400 διάρρηξον
1652 364 1731 399 τάχει
1759 365 1792 390 τὰ

1003 410 1198 445 συμπλακέντα
1213 418 1254 436 σοι
1282 409 1335 436 ὑπὸ
1357 409 1405 436 τοῦ
1420 409 1543 436 διαϐόλου
1558 410 1661 444 σχοινία
1674 418 1681 425 ·
1694 411 1741 437 καὶ
1755 410 1792 441 ὡς

1000 457 1055 483 ἀπὸ
1069 456 1166 492 βόθρου
1181 455 1313 489 ἀναστὰς,
1333 456 1527 491 μεταπήδησον
1538 457 1578 487 είς
1594 456 1624 483 τὸ
1635 455 1792 491 Θαυμαστόν

1002 511 1049 529 σου
1063 504 1113 538 τῆς
1125 503 1261 538 προτέρας
1289 502 1401 537 ἀγωγῆς
1417 501 1485 536 φῶς.
1519 501 1605 536 Κάγώ
1623 510 1652 528 σε
1680 502 1799 534 ὑπτίαις

990 550 1095 587 ’χερσὶν
1116 550 1293 585 ὑποδέξομαι,
1314 550 1364 576 οὒκ
1381 549 1522 581 ὀνειδίζων
1537 549 1596 576 ἀλλ’
1622 549 1766 584 οἰκτείρων
1781 556 1789 564 ⁸

999 597 1031 624 οὐ
1060 596 1186 633 βαρύνων
1203 597 1237 623 τὰ
1254 597 1387 632 φάρμακα
1401 595 1452 631 τῆς
1464 595 1617 630 μετανοίας,
1635 594 1791 630 ἀλλ’ὴπιῶν

999 643 1070 670 αὐτὰ
1094 642 1232 676 κουφίζων
1246 642 1308 669 ὅσον
1319 639 1376 668 οἷόν
1398 650 1439 668 τε.
1463 641 1550 675 Καίγε
1566 641 1694 674 σπεῦσον,
1707 640 1792 667 σπεῦ-

999 696 1045 715 σον
1058 687 1124 724 πρὶν
1134 687 1152 723 ἢ
1167 687 1290 722 ἀφνίδιον
1297 686 1475 714 ἐπελεύσεται
1490 687 1504 712 ό
1514 686 1650 722 ἀπότομος
1665 685 1790 721 ἄγγελος,

999 733 1123 765 ἐλεεινῶς
1142 741 1172 760 σε
1188 732 1314 768 χωρίζων
1324 732 1371 759 τοῦ
1387 732 1524 768 σώματος,
1552 732 1601 759 καὶ
1630 732 1672 762 είς
1700 732 1792 768 κρίσιν

998 780 1108 808 αίὼνιον
1133 780 1291 816 ἀποφέρων.

1103 836 1164 863 Pl"-
1175 851 1211 856 -
1224 837 1377 872 Γρηγορίφ
1391 837 1558 872 ήπὊυμένφ-
1585 835 1682 874 [χκςκ]

594 888 596 890 ’
620 929 621 932 η
650 891 684 918 Ut
692 891 764 923 gregi
776 898 830 922 suo,
846 891 903 917 boni
924 893 1030 923 pastoris
1039 894 1166 924 exemplo,
1178 892 1302 924 invigilet.

185 948 245 976 iam
262 948 310 976 tibi
323 947 402 984 juxta
413 946 625 983 promissionem
637 947 802 983 scripsimus
812 952 944 983 tanquam
962 956 984 984 Β

149 984 208 1022 ’ῆιίο
220 998 328 1027 nostro,
349 998 380 1022 ut
394 1001 503 1029 gregem
518 994 566 1028 qui
583 994 647 1021 istic
661 997 704 1021 est
731 994 883 1029 prudenter
899 1003 945 1030 pa-

151 1049 213 1068 scas
237 1041 389 1069 secundum
410 1039 520 1067 Domini
546 1045 725 1075 praeceptum,
745 1040 814 1067 nihil
829 1045 944 1076 praeter-

152 1087 262 1114 mittens
277 1094 372 1114 eorum
388 1093 450 1122 quze
461 1086 495 1113 ad
521 1085 638 1113 fratrum
666 1086 812 1121 utilitatem
837 1087 945 1114 condu-

152 1138 226 1160 «ant.
242 1132 350 1161 Etenim
362 1132 385 1160 si
401 1133 425 1159 is
439 1132 484 1160 cui
505 1137 633 1167 expertes
650 1133 768 1160 rationis
791 1140 858 1161 oves
880 1137 946 1161 sunt

153 1179 308 1206 commissae
321 1186 375 1206 non
390 1178 491 1206 dormit
505 1178 552 1206 sed
563 1178 670 1214 vigilat,
685 1186 736 1206 nec
752 1186 847 1206 curam
859 1179 946 1207 inter-

153 1225 246 1257 mittit,
263 1225 310 1252 sed
326 1230 406 1252 nocte
422 1224 521 1260 dieque
540 1229 626 1251 certat
641 1233 675 1252 ne
697 1233 750 1260 qua
777 1225 819 1253 vel
842 1233 858 1253 a
879 1225 945 1254 feris

153 1272 289 1307 rapiatur,
303 1271 345 1309 vel
365 1271 482 1305 impasta
498 1275 547 1298 aut
563 1271 710 1299 macilenta
723 1272 909 1306 maneat;sed
918 1276 946 1300 et

150 1318 228 1352 fures
243 1325 276 1345 ac
284 1318 405 1354 latrones
419 1317 557 1355 observat,
574 1323 601 1345 et
618 1317 691 1345 feras
711 1318 805 1354 abigit,
821 1324 849 1346 et
859 1326 944 1354 pecu-

150 1364 203 1392 .des
218 1363 327 1396 aﬁ‘atur,
343 1367 371 1390 et
384 1367 447 1390 ante
472 1363 533 1391 illas
551 1363 680 1398 gradiens
695 1369 804 1398 postum
822 1364 862 1392 illi
878 1372 945 1400 pro,

152 1414 242 1441 curat,
253 1410 403 1446 requietem
424 1417 510 1445 prope
529 1417 616 1445 aquas
631 1414 664 1446 et
687 1411 849 1440 umbracula
869 1411 944 1440 desi-

152 1463 242 1492 gnans
254 1477 262 1489 ,
277 1461 303 1484 et
314 1456 367 1483 alia
376 1463 548 1491 quaecunque
559 1456 654 1483 videre
682 1462 726 1485 est
751 1457 779 1487 in
807 1457 885 1491 virga
897 1465 946 1492 pa-

153 1502 261 1530 storitia
280 1511 287 1530 :
304 1502 369 1538 quid
384 1506 412 1530 et
426 1506 560 1537 quantum
571 1507 615 1530 est
626 1502 651 1530 si
666 1503 709 1530 cui
725 1503 823 1539 obtigit
836 1504 945 1532 anima-

152 1555 214 1576 rum
226 1555 322 1576 curam
338 1555 433 1582 gerere
447 1556 586 1584 :‘quarum
606 1549 720 1584 sanguis
737 1549 761 1578 si
783 1557 839 1585 quo
863 1551 945 1579 modo

152 1594 319 1627 eﬁ‘undatur,
332 1594 366 1622 de
377 1595 506 1623 manibus
516 1594 578 1630 ejus
592 1596 759 1630 requiretur,
782 1597 855 1625 sicut
872 1597 943 1625 scri-

152 1645 229 1675 ptum
247 1645 289 1668 est
305 1640 338 1667 ¹⁵.
361 1640 458 1669 Insiste
474 1628 540 1677 ergo
555 1641 589 1668 de
607 1628 718 1674 caetero,
734 1628 785 1674 ﬁli,
805 1642 834 1669 in
853 1642 944 1678 gregis
957 1628 979 1657 ο

152 1685 314 1722 praefectura
326 1686 471 1724 diligenter
483 1686 631 1722 invigilans
645 1695 652 1713 :
671 1694 739 1715 sana
751 1687 887 1722 inﬁrmos,
897 1695 944 1716 re-

152 1731 207 1760 duc
219 1736 356 1764 errantes,
369 1733 492 1765 hortare,
511 1732 640 1765 admone,
663 1740 760 1761 revoca
775 1735 804 1761 in
824 1737 945 1762 mentem

151 1778 321 1812 promissum
335 1778 370 1806 iis
386 1786 499 1813 regnum
517 1779 565 1814 qui
582 1783 610 1806 ut
624 1779 702 1806 decet
720 1784 832 1808 sanctos
844 1780 944 1808 ambu-

153 1824 222 1857 lant,
240 1829 323 1859 atque
337 1832 370 1851 ex
394 1825 510 1852 adverso
537 1824 697 1852 indesinens
725 1824 891 1860 supplicium
910 1825 945 1852 iis

153 1870 200 1905 qui
212 1870 338 1898 vitiosam
354 1870 438 1897 vitam
464 1875 570 1905 agunt:
598 1870 633 1898 Ut
650 1871 762 1905 leipsum
787 1871 839 1898 hoc
865 1875 946 1906 pacto

152 1916 256 1944 salvum
270 1917 356 1952 facias
371 1936 380 1949 ,
408 1921 433 1943 et
452 1924 497 1944 eos
517 1917 562 1952 qui
578 1921 602 1944 te
623 1917 738 1944 audiunt
754 1917 786 1946 “.
799 1917 850 1950 Qui
871 1921 947 1944 amat

152 1962 276 1990 studiose
293 1963 430 1997 castigat:
448 1961 495 1997 qui
519 1960 612 1989 autem
642 1963 706 1990 odio
726 1963 819 1997 habet,
841 1970 946 1998 susque

152 2009 241 2043 deque
255 2008 349 2035 omnia
365 2008 467 2035 habere
491 2009 620 2036 subditos
648 2009 725 2036 sinit.
747 2009 800 2036 Sed
826 2014 854 2036 et
883 2017 948 2041 vos,

153 2054 254 2082 fratres
268 2059 296 2082 et
309 2054 359 2082 ﬁlii
380 2056 407 2082 in
426 2054 554 2088 Domino,
571 2059 660 2083 estote
675 2055 749 2083 sicut
761 2063 837 2088 oves,
848 2063 944 2082 aman-

153 2106 194 2128 tes
207 2100 268 2135 ejus
277 2105 412 2136 praecepta
428 2109 553 2134 servare,
565 2106 593 2128 et
603 2102 783 2129 monasticam
801 2102 884 2130 vitam
898 2102 947 2129 du-

152 2155 217 2174 cere
233 2155 287 2174 non
305 2147 477 2175 smcularcm.
493 2146 552 2175 Una
568 2148 605 2175 sit
613 2149 739 2176 voluntas
750 2149 883 2181 omnium,
897 2155 946 2175 cor

154 2202 252 2227 unum,
275 2194 369 2221 anima
399 2202 464 2227 una,
492 2202 547 2221 non
573 2202 665 2222 meum
690 2199 718 2222 et
738 2198 828 2226 tuum,
853 2194 946 2223 omnia

152 2239 321 2271 connnunia,
339 2238 431 2265 omnia
449 2238 551 2266 munda
569 2246 617 2273 pcr
637 2238 850 2267 confessionem.
867 2238 946 2271 Quod

154 2283 177 2311 si
192 2285 273 2311 aliter
284 2283 331 2311 liat
344 2292 351 2311 :
362 2289 390 2311 et
404 2284 478 2318 quod
491 2284 585 2311 saeculi
600 2289 660 2312 erat
676 2285 819 2319 amisistis,
836 2289 864 2312 et
880 2292 943 2313 cum
959 2297 982 2326 ι)

153 2328 210 2356 veri
225 2329 351 2356 monachi
366 2337 420 2356 non
434 2330 507 2362 sitis,
522 2329 605 2364 justa:
621 2330 750 2358 vindictae
763 2330 876 2358 obnoxii
889 2330 945 2358 eri-

153 2373 200 2400 tis.
215 2372 358 2400 Charitate
384 2374 495 2408 impulsi
517 2375 793 2403 commonefecimus.
809 2373 866 2403 Vos
879 2381 946 2402 vero

153 2419 251 2452 valete,
267 2425 293 2446 et
311 2419 366 2447 Deo
386 2420 507 2454 plncete;
522 2428 573 2456 pro
588 2421 668 2449 nobis
692 2421 774 2449 etiam
793 2421 948 2457 peccatori-

153 2465 206 2493 bus
219 2472 341 2498 orantes,
362 2471 391 2493 ut
418 2474 480 2502 qua:
508 2467 652 2500 docemus,
669 2467 765 2495 eadem
778 2475 860 2503 opere
874 2475 947 2503 pra:-

153 2516 258 2538 stemus
290 2511 316 2538 in
340 2511 449 2540 Christo
475 2511 540 2540 Jesu
564 2513 680 2540 Domino
703 2516 809 2545 nostra,
840 2513 885 2541 cui
911 2513 951 2547 sit,

154 2557 250 2593 gloria.
266 2558 363 2585 Amen.

248 2658 315 2688 CIV.
332 2659 416 2686 lrenz
429 2665 453 2687 et
471 2659 653 2696 Euphroswa
671 2661 841 2689 monialibus.

1035 949 1106 984 Ἤδη
1127 948 1328 983 ἐπεστείλαμεν
1359 957 1401 974 σοι
1420 948 1490 975 κατὰ
1509 948 1560 983 τὴν
1576 948 1725 983 ὑπόσχεσιν
1752 948 1791 981 ὡς

996 995 1126 1030 ἡμετέρῳ
1145 995 1196 1030 υἱῷ
1210 994 1366 1029 ποιμαίνειν
1391 994 1422 1020 τδ
1452 993 1549 1020 αὐτόθι
1576 994 1702 1030 ποίμνιον
1730 993 1791 1030 μετ’

996 1042 1153 1077 ἐπιστήμης
1170 1042 1230 1068 κατ’
1244 1041 1354 1076 ἐντολὴν
1369 1040 1418 1067 τοῦ
1437 1041 1553 1076 Κυρίου,
1584 1041 1670 1077 μηδὲν
1699 1049 1791 1077 παρα-

997 1087 1144 1122 θεωροῦντι
1161 1087 1215 1113 τῶν
1233 1087 1424 1113 συντεινόντων
1439 1088 1480 1118 είς
1495 1086 1630 1121 ὠφέλειαν
1644 1087 1700 1114 τῶν
1714 1086 1793 1114 ἁδελ-

996 1134 1065 1168 φῶν.
1080 1134 1111 1160 Ει
1127 1133 1182 1168 γὰρ
1196 1133 1210 1158 ὁ
1222 1133 1257 1160 τὰ
1273 1133 1360 1167 ἄλογα
1386 1133 1512 1169 πρόϐατα
1542 1133 1736 1169 ὲμπιστευθεὶς
1759 1133 1791 1160 οὐ

996 1181 1124 1208 καθεύδει
1136 1180 1193 1207 ἀλλ’
1207 1181 1356 1215 ἀγρυπνεῖ,
1369 1180 1431 1207 οὐδὲ
1447 1179 1556 1215 ἀμελεῖ,
1572 1180 1642 1207 ἀλλὰ
1660 1179 1792 1208 πυκτεύει

996 1226 1106 1261 νύκτωρ
1120 1226 1168 1252 καὶ
1186 1226 1360 1261 μεθημέραν,
1376 1226 1447 1261 μήτε
1465 1225 1637 1266 θηριάλωτόν
1651 1234 1679 1253 τι
1706 1226 1793 1262 ἔργά-

997 1272 1096 1299 σασθαι
1111 1279 1118 1287 ·
1131 1272 1168 1306 μή
1179 1280 1208 1297 τε
1217 1271 1366 1298 ἀλίπαντον
1381 1279 1389 1287 ⁸
1405 1271 1475 1298 ἀλλὰ
1490 1271 1537 1298 καὶ
1550 1271 1670 1303 κλέπτας
1683 1272 1731 1299 καὶ
1743 1272 1792 1308 λῃ-

997 1318 1064 1351 στὰς
1079 1319 1259 1349 κατασκοπεῖ,
1276 1319 1323 1344 καὶ
1348 1318 1436 1353 Θῆρας
1448 1317 1590 1349 ἀποσοϐεῖ,
1608 1318 1655 1344 καὶ
1669 1317 1792 1352 προσλα-

996 1364 1038 1392 λεϊ
1053 1365 1109 1396 τοῖς
1124 1364 1274 1400 θρέμμασι.
1291 1363 1348 1391 Καὶ
1363 1363 1521 1399 ἔμπροσθεν
1552 1364 1644 1391 αὐτῶν
1673 1364 1790 1398 πορευὸ-

997 1418 1079 1446 μενος
1088 1410 1138 1441 τὰς
1165 1410 1271 1446 τροφὰς
1296 1410 1390 1441 αὐτοῖς
1425 1410 1622 1446 περιποιεῖται,
1651 1409 1694 1444 ἐφ’
1717 1409 1791 1445 ὕδωρ

995 1453 1178 1484 ἀναπαύσεως
1192 1454 1240 1480 καὶ
1255 1453 1384 1481 σκιαδίων
1403 1454 1578 1490 περιορίζων,
1595 1455 1642 1481 καὶ
1660 1455 1712 1482 ὅσα
1722 1454 1792 1482 ἄλλα

997 1499 1074 1527 ἐστιν
1088 1500 1157 1536 δρᾷν
1170 1500 1199 1526 ὲν
1213 1501 1381 1535 ποιμαντικῇ
1399 1500 1491 1535 ρἀδῳ
1503 1507 1512 1515 ’
1531 1501 1558 1526 τί
1571 1500 1613 1527 δεῖ
1631 1501 1678 1527 καὶ
1693 1501 1790 1534 πόσον,

996 1543 1068 1573 εἶναι
1083 1546 1138 1572 τῶν
1151 1545 1245 1581 ψυχῶν
1261 1545 1379 1581 λαχόντα
1393 1548 1558 1578 προστατεῖν
1571 1554 1579 1562 ·
1594 1543 1632 1573 ὧν
1661 1546 1692 1573 τὺ
1719 1544 1791 1582 αἷμα

996 1592 1022 1618 εί
1041 1592 1115 1618 κατά
1124 1600 1151 1618 τι
1169 1591 1272 1627 ἀμιγὲς
1286 1592 1400 1627 γίνοιτο,
1411 1592 1444 1619 ἐκ
1459 1591 1514 1619 τῶν
1526 1592 1630 1628 χειρῶν
1643 1591 1727 1619 αὑτοῦ
1743 1593 1791 1620 ικ-

995 1636 1274 1674 ζητηθήσεταινκαθα
1290 1637 1609 1674 γέγραπται.Ἐπίστηθι
1628 1637 1675 1666 οὖν
1685 1639 1790 1672 λοιπὸν,

995 1680 1138 1715 ὧτέκνον,
1152 1684 1300 1719 γρηγορῶν
1319 1685 1353 1719 τῇ
1385 1683 1568 1720 ποιμνιαρχίᾳ
1585 1692 1593 1700 ·
1623 1684 1698 1712 ἴασαι
1725 1685 1791 1716 τοὺς

995 1729 1196 1766 ἠσθενηκότας,
1213 1730 1363 1765 ἐπίστρεφε
1380 1731 1444 1762 τοὺς
1474 1731 1713 1766 πεπλανημένους,
1736 1740 1791 1758 πα-

997 1777 1123 1812 ρακάλει,
1135 1776 1270 1809 νουθέτει,
1292 1777 1488 1813 ὐπομίμνησκε
1501 1777 1552 1813 τὴν
1580 1777 1791 1814 ἐπηγγελμένην

996 1822 1136 1858 βασιλείαν
1150 1824 1208 1855 τοῖς
1220 1823 1399 1859 ἁγιοπρεπῶς
1414 1825 1620 1859 πορευομένοις,
1635 1825 1682 1851 καὶ
1693 1825 1726 1851 ὲκ
1740 1824 1790 1852 τοῦ

995 1867 1120 1894 ἐναντίου
1136 1867 1186 1903 τὴν
1200 1867 1381 1903 ἀτελεύτητον
1394 1869 1486 1904 κρίσιν
1496 1870 1553 1901 τοῖς
1568 1870 1703 1905 ἐμπαθῶς
1729 1870 1792 1897 δια-

996 1912 1080 1945 ζῶσιν
1094 1921 1103 1930 ’
1129 1914 1197 1941 Ἵνα
1210 1914 1305 1948 οὕτως
1316 1914 1367 1942 καὶ
1381 1915 1513 1942 σεαυτὸν
1528 1916 1646 1950 σώσῃς,
1660 1916 1791 1950 καὶτοὺς

995 1959 1164 1993 ἀκούοντὰς
1180 1967 1251 1987 σου.
1273 1959 1304 1986 '0
1318 1960 1446 1994 ἀγαπῶν,
1461 1961 1600 1996 ἐπιμελῶς
1614 1961 1736 1988 παιδεύει
1751 1970 1759 1978 η
1775 1963 1792 1989 ό

995 2005 1024 2032 δὲ
1045 2005 1145 2040 μισῶν,
1159 2006 1192 2041 ἑᾷ
1206 2006 1364 2041 ἀδωφορετν
1379 2007 1443 2038 τοὺς
1456 2007 1619 2042 ἑπομένους.
1643 2007 1725 2035 Ἀλλὰ
1741 2008 1791 2036 καὶ

996 2051 1086 2087 ὑμεῖς,
1102 2051 1213 2086 ἀδελφοὶ
1232 2052 1280 2078 καὶ
1300 2051 1384 2079 τέκνα
1411 2052 1440 2079 ἐν
1464 2053 1570 2088 Κυρίῳ,
1599 2053 1638 2085 ὡς
1664 2054 1792 2090 πρόϐατα

996 2096 1103 2129 ἔσεσθε,
1119 2097 1261 2131 φιλοῦντες
1279 2098 1330 2129 τὰς
1353 2097 1465 2130 ἐντολὰς
1485 2097 1569 2125 αὑτοῦ
1598 2099 1766 2134 ἔργάζεσθαι
1779 2120 1789 2134 ,

997 2143 1045 2169 καὶ
1061 2143 1219 2178 μοναχικῶς
1231 2143 1463 2178 ἀναστρέφεσθαι,
1481 2144 1549 2171 ἀλλὰ
1581 2144 1619 2180 μὴ
1636 2146 1790 2181 κοσμικῶς,

997 2186 1027 2214 ἓν
1042 2187 1113 2214 ἐστω
1126 2187 1233 2223 θέλημα
1252 2188 1374 2220 πάντων,
1392 2188 1442 2223 μία
1457 2188 1566 2223 καρδία,
1584 2189 1634 2224 μία
1660 2190 1733 2226 ψυχὴ
1750 2193 1790 2226 μὴ

997 2233 1046 2260 καὶ
1060 2234 1091 2260 τὸ
1104 2234 1171 2270 ὲμδν
1181 2234 1212 2260 τὸ
1229 2233 1287 2268 σὸν,
1303 2235 1394 2261 πάντα
1409 2234 1498 2267 κοινὰ,
1513 2235 1603 2262 πάντα
1616 2236 1725 2272 καθαρὰ
1744 2236 1792 2263 διὰ

996 2280 1047 2316 τῆς
1063 2279 1281 2315 ἑξαγορεύσεως.
1295 2280 1327 2307 ΕΞ
1340 2281 1372 2308 δὲ
1385 2280 1422 2317 μὴ
1438 2280 1537 2315 οὕτως,
1567 2282 1616 2308 καὶ
1630 2282 1676 2309 τὸν
1691 2291 1792 2318 κοσμι-

996 2325 1045 2353 κὺν
1068 2326 1245 2358 ἀπωλέσατε,
1273 2325 1320 2353 καὶ
1346 2327 1460 2362 μοναχοὶ
1483 2327 1521 2362 μὴ
1545 2327 1622 2360 ὄντες
1647 2328 1790 2363 ἀληθινοὶ,

997 2372 1123 2399 ὑπόδικοι
1133 2371 1284 2407 γενήσεσθε
1299 2372 1493 2408 κατακρίσεως
1506 2373 1627 2406 δικαίας.
1649 2374 1793 2408 ’Λγαπῶν-

997 2425 1045 2448 τες
1078 2417 1291 2452 ύπεμνήσαμεν.
1328 2417 1423 2452 Ὑμεῖς
1455 2417 1484 2444 δὲ
1513 2416 1543 2445 εὗ
1569 2418 1708 2454 πράξοιτε,
1741 2419 1792 2446 καὶ

997 2462 1037 2499 τῷ
1051 2462 1111 2498 Θεῷ
1126 2463 1353 2499 εὐαρεστήσοιτε,
1382 2463 1526 2500 εὐχόμενοι
1552 2465 1600 2491 καὶ
1622 2465 1688 2501 περὶ
1709 2465 1795 2500 ἡμῶν

999 2509 1056 2537 τῶν
1068 2509 1254 2545 ἁμαρτωλῶν,
1273 2507 1312 2537 ὧν
1335 2510 1512 2546 διδάσκομεν,
1542 2510 1647 2538 τούτων
1673 2512 1791 2547 ἐργάται

1002 2553 1073 2583 εἷναι
1085 2556 1114 2582 ἰν
1129 2554 1241 2590 Χριστῷ
1261 2555 1351 2590 Ἰησοῦ
1364 2555 1405 2592 τῷ
1416 2556 1511 2592 Κυρίῳ
1528 2556 1618 2592 ἡμῶν,
1637 2552 1660 2591 ᾧ
1673 2557 1690 2592 ἡ
1713 2557 1791 2590 δόξα.

1006 2601 1103 2637 Ἀμήν.
1392 2624 1394 2626 .

1026 2660 1074 2687 PA’
1085 2660 1136 2696 (i).
1150 2675 1184 2681 ——
1198 2659 1384 2728 Ειρήντὲωτὲι
1614 2654 1760 2696 μονὰζού-

1300 2702 1380 2728 σαις.
1392 2699 1489 2731 [χκηη
1645 2712 1653 2714 ~

612 2748 645 2773 τι
656 2749 682 2774 in
700 2752 786 2775 sancto
804 2748 860 2775 vita
871 2753 1013 2778 monastica
1032 2752 1148 2777 instituto
1165 2755 1341 2784 perseveer

190 2789 385 2818 Proﬁcisccntu
416 2790 502 2817 fratre
529 2796 738 2825 paruaconomo,
764 2795 947 2826 opportunum

1037 2793 1238 2830 Είσερχομένου
1249 2792 1299 2820 τοῦ
1315 2792 1432 2828 ἀδελφοῦ
1447 2801 1496 2821 και
1520 2793 1733 2830 παροικονόμου,
1745 2794 1795 2822 εὖ.

209 2845 231 2862 "
246 2845 346 2874 larem.
361 2853 422 2880 vni,
437 2846 464 2873 4.
479 2845 500 2862 ¹²
514 2844 584 2873 Cen.
603 2852 640 2878 Iv,
667 2846 693 2874 6.
731 2845 753 2862 “
767 2845 873 2874 Nahum
888 2854 931 2875 ιιι.
957 2850 962 2876 l

1042 2849 1064 2866 ¹⁸
1080 2850 1179 2880 Ezech.
1193 2858 1235 2886 ut,
1252 2850 1295 2879 18.
1333 2850 1355 2866 ¹⁶
1368 2850 1461 2879 l'l‘im.
1477 2858 1515 2886 ir,
1532 2849 1577 2878 16.
