1912 3080
128 167 191 202 1861

729 163 998 194 EPISTOLARUM
1014 164 1087 194 LIB.
1106 164 1152 194 ΙΙ..

1676 136 1764 197 .m

124 233 216 261 καιρον
239 223 406 260 ἡγησάμεθα
419 222 539 259 χαράξαι
551 223 617 258 ὑμῖν
631 222 763 258 βραχεῖαν
772 220 910 257 συλλαϐὴν

967 222 1094 249 duximus
1106 221 1216 248 brevem
1232 221 1266 248 ad
1278 229 1336 253 ros,
1353 222 1380 248 in
1395 222 1511 249 Domino
1527 229 1636 251 sorores
1660 223 1761 258 episto-

123 272 179 302 ταῖς
208 271 282 298 κατὰ
307 270 411 306 Κύριον
440 270 580 305 ἀδελφαῖς.
603 269 659 295 Καὶ
687 268 721 304 δὴ
747 268 910 304 ἐρωτῶμεν,

125 317 177 349 πῶς
198 316 288 352 ἔχειὴ
313 316 380 351 ἁγία
393 317 460 348 δυὰς
485 316 573 351 ὑμῶν,
612 315 641 342 αί
668 315 755 342 πᾶσαι
784 314 910 349 ἀδελφαί;

129 363 221 397 Ὁρᾶτε
237 362 307 394 πῶς,
324 362 372 389 καὶ
384 362 435 388 οὐκ
455 361 549 393 ἄλλαις
564 361 692 396 ἀδελφαῖς
702 382 710 394 ,
729 361 796 396 ὑμῖν
824 369 912 397 προσ-

124 407 241 442 κείμενοι
259 408 331 434 κατὰ
347 407 414 434 Θεὸν
429 407 576 442 ἐρωτῶμεν
589 407 636 434 καὶ
652 406 850 442 διαλεγόμεθα·
865 406 913 433 καὶ

124 451 243 483 εἰκότως·
263 448 294 479 οῦ
308 451 363 488 γὰρ
379 451 483 484 πίστις,
499 453 559 478 ἐκεῖ
571 452 619 478 καὶ
632 451 725 483 πόθος,
754 451 842 479 ἑλκων
865 451 914 479 καὶ

123 497 316 533 ἀνθελκόμενος
332 497 377 524 διὰ
397 497 557 533 Πνεύματος
572 497 652 531 ἁγίου
666 505 675 513 ·
698 492 729 524 οὗ
757 497 786 524 δὲ
813 497 912 532 ταῦτα,

122 543 177 570 ἐκεῖ
197 543 245 570 καὶ
261 544 373 580 φροντὶς
392 543 530 578 σώματος.
545 542 595 570 Διὰ
608 543 688 570 τοῦτο
701 542 846 579 γράφομεν
861 552 914 571 πα-

122 588 305 624 ρακαλοῦντες
321 590 392 625 ὑπὲρ
404 589 525 625 Χριστοῦ
535 589 560 616 oi
573 589 680 623 ἀνάξιοι
693 609 702 623 ,
714 589 826 625 ἔχεσθαι
839 590 914 626 ἡμᾶς

121 635 166 670 τῆς
176 636 264 671 καλῆς
278 636 438 671 ὁμολογίας,
449 633 483 672 ἧς
494 636 712 671 ὡμολογήσαμεν
733 636 855 668 ἅπαντες
871 637 914 662 ὲν-

121 683 201 710 ὠπιον
207 682 274 710 Θεοῦ
286 682 335 709 καὶ
340 682 395 709 τῶν
401 681 538 709 ἐκλεκτῶν
545 681 680 716 ἀγγέλων·
688 681 771 716 ζῆσαι
783 683 812 709 ὲν
819 682 915 718 Κυρίῳ

121 731 147 756 ἐν
161 732 195 766 τῇ
208 729 340 757 ἀποθέσει
356 728 404 756 τοῦ
425 729 557 764 σαρκικοῦ
570 729 745 764 φρονήματος
755 736 762 743 ·
774 729 843 765 ὅπερ
855 729 915 756 ἐστὶ

120 777 149 803 τὺ
163 777 282 812 ῥαγῆναι
295 774 350 802 τῶν
363 773 471 810 δεσμῶν
484 775 534 810 τῆς
557 774 748 810 προσπαθείας
777 774 825 801 τοῦ
851 775 915 810 τῇδε

121 823 227 855 αίῶνος,
248 821 296 848 καὶ
315 821 385 856 μετὰ
397 820 465 847 Θεοῦ
489 820 628 855 γενέσθαι,
652 820 683 847 ὃν
702 821 750 847 καὶ
769 821 916 855 ἠγαπήσαο

121 878 180 904 μεν,
192 864 215 902 ᾧ
230 867 279 894 καὶ
291 866 514 902 ὲνυμφεύθημεν,
532 866 592 902 μεθ’
607 863 640 894 οὗ
666 866 714 893 καὶ
745 866 914 902 συνεσόμεθα

119 912 213 940 ιίσαεί.
225 912 327 939 Τοῦτον
343 912 544 947 ὲρωτευώμεθα
558 912 604 940 τὸν
617 912 745 946 ἀληθινὸν
751 912 853 949 ἔρωτα,
867 913 914 939 τὸν

118 958 265 994 ἀπρόσιτον
277 957 371 990 πόθον,
385 957 433 984 τὸν
449 957 530 992 μόνον
557 957 699 993 Δεσπότην
721 957 839 993 οὐρανοῦ
866 957 915 984 καὶ

119 1004 178 1038 γῆς.
204 1000 241 1030 υῦ
257 1004 274 1038 ή
290 1003 359 1039 πρὸς
371 1003 535 1039 ἀνθρώπους
549 1003 690 1039 ἀγάπησις
716 1003 848 1039 τοσαύτη,
876 1003 914 1036 ὡς

118 1050 209 1076 δούλου
231 1049 338 1085 μορφὴν
356 1049 439 1076 αὐτὸν
453 1049 611 1082 ἀναλαϐεῖν,
633 1051 673 1082 εἰς
693 1049 725 1077 τὸ
739 1049 913 1084 ἀνακαλέσα-

119 1096 180 1123 σθαι
201 1097 276 1131 ἡμᾶς
297 1096 348 1131 τῆς
373 1095 489 1131 φθορᾶς,
515 1096 563 1123 καὶ
582 1095 661 1128 Θεοὺς
688 1096 911 1132 ἀπεργάσασθαι

123 1141 166 1173 Ὠς
194 1141 312 1176 μεγίστη
333 1142 348 1175 ή
366 1140 530 1175 ἐπαγγελία.
557 1141 601 1173 Ὠς
622 1141 740 1174 ἐξαίσιον
759 1141 791 1168 τὺ
815 1142 846 1167 ὲν
867 1141 914 1168 οὖα

120 1188 210 1222 ρανοϊς
224 1185 396 1221 ἀπαντημαί
417 1185 497 1213 Ἐκεῖ
506 1185 721 1221 ἐκλάμψουσιν
745 1187 773 1214 οι
805 1186 914 1215 δίκαιοι

117 1232 156 1265 ὡς
179 1233 193 1259 ὁ
220 1232 323 1267 ἣλιος-
347 1233 407 1260 ὲκεῖ
429 1232 459 1259 αἱ
474 1231 525 1267 τὴν
557 1232 709 1268 παρθενίαν
737 1232 913 1268 ἐνδεδυμέναι

116 1278 153 1314 τῷ
179 1278 313 1314 ἀφθάρτῳ
337 1278 448 1313 νυμφίῳ
462 1277 682 1313 συναφθήσονται
696 1286 704 1294 ·
727 1279 788 1305 ἐκεῖ
803 1279 833 1305 αἱ
857 1279 910 1314 τὴν

117 1322 256 1358 ὑποταγὴν
280 1322 330 1349 καὶ
361 1322 487 1359 ὑπακοὴν
511 1321 699 1358 ἑξασκήσασαι
718 1323 756 1356 ὡς
779 1324 913 1359 ἄρχουσαι

117 1368 249 1404 Χριστοῦ,
269 1369 450 1404 χορεύσουσιν
463 1368 563 1398 αἰώνια
577 1377 585 1386 ο
610 1370 640 1396 αἱ
664 1369 693 1396 δὲ
714 1370 847 1403 ἐναντίαι,
877 1369 913 1396 τὰ

116 1414 237 1444 ἐναντία,
254 1414 376 1450 δηλονότι
401 1415 557 1442 πείσονται.

152 1460 245 1492 Ὥστε,
260 1459 386 1495 ἀδελφαὶ,
397 1461 589 1496 σταυροφόροι,
607 1461 645 1496 μὴ
659 1461 787 1496 λάθωμεν
802 1462 913 1493 ἑαυταῖς

115 1505 176 1532 ἀντὶ
189 1505 263 1540 ζωῆς
282 1506 329 1532 καὶ
348 1506 437 1542 χαρᾶς
460 1505 589 1541 ἀπείρου,
611 1506 722 1532 κόλασιν
738 1507 786 1533 καὶ
799 1505 854 1541 πῦρ
866 1506 912 1532 αί-

116 1551 196 1578 ώνιον
209 1550 481 1586 ἀποθησαυρίζουσαι
506 1551 540 1578 δι’
575 1551 707 1587 ἀμελείας
733 1553 782 1578 καὶ
807 1551 912 1588 φθορᾶς

117 1597 230 1632 σαρκὸς,
247 1597 392 1633 παρακοῆς
405 1605 434 1623 τε
447 1597 495 1624 καὶ
521 1597 663 1632 ὲμπαθοῦς
688 1598 860 1633 ἀναστροφῆς
874 1607 881 1613 ·
895 1599 912 1634 ἡ

116 1644 202 1679 ἀρετὴ
217 1644 250 1670 ὲκ
261 1643 329 1669 Θεοῦ
341 1643 390 1670 καὶ
399 1643 500 1680 (istan-il
517 1643 602 1670 κακία
621 1644 653 1670 ὲκ
666 1643 783 1676 Σατανᾶ,
801 1644 848 1670 καὶ
858 1644 913 1670 Σα-

114 1690 210 1721 τανᾶς.
233 1689 266 1716 Οἱ
282 1689 331 1725 τὴν
346 1688 459 1724 πρώτην
474 1689 611 1724 ἑλόμενοι,
629 1689 692 1716 Θεοὶ
706 1690 754 1716 καὶ
767 1689 836 1716 Θεοῦ
850 1697 857 1705 ·
887 1690 913 1717 οἱ

116 1735 166 1770 τὴν
192 1735 323 1771 δευτέραν
350 1735 502 1771 δαίμονες,
525 1735 572 1762 καὶ
598 1734 645 1762 τοῦ
670 1736 790 1762 Σατανᾶ.
819 1735 914 1767 οὕτως

115 1781 190 1816 ὑμᾶς
204 1782 252 1808 καὶ
265 1781 313 1808 νῦν
334 1780 508 1816 δεξιούμεῡα.
525 1780 582 1807 Καὶ
598 1780 636 1816 μὴ
654 1780 741 1816 βαρὺς
758 1781 822 1817 ὑμῖν
838 1780 914 1815 λογιο

117 1827 211 1862 σνείην
223 1827 261 1858 ὼς
283 1826 402 1862 φορτικὰ
423 1826 528 1860 λαλῶν,
554 1826 625 1853 ἀλλά
646 1826 749 1862 μᾶλλον
777 1826 854 1862 ἡδὺς,
874 1826 912 1858 ὡς

117 1873 190 1908 ὑπὲρ
218 1872 288 1900 Θεοῦ
304 1873 456 1908 παραινῶν.
473 1873 528 1900 Καὶ
543 1873 574 1899 οὐ
607 1872 676 1907 πρὸς
694 1873 745 1905 τὰς
773 1872 870 1909 κυρίας
898 1874 913 1899 ό

116 1918 212 1952 λόγος·
237 1918 319 1945 αὑταὶ
333 1919 388 1953 γὰρ
417 1917 575 1944 διδάσκαλοι
607 1917 655 1944 καὶ
679 1917 791 1952 ἐτέρων.
831 1916 913 1944 Ἀλλά

116 1964 188 2000 πρὸς
201 1964 232 1991 τὸ
244 1964 294 1999 τῆς
307 1964 486 1999 ἀδελφότητος
500 1963 640 1999 πλήρωμα
649 1972 656 1978 ·
669 1963 737 1999 ὅπερ
761 1963 910 2000 φυλαχθείη

117 2010 159 2040 Ετι
184 2018 214 2036 τε
238 2009 288 2036 καὶ
312 2004 525 2043 meomeo»),
546 2008 676 2044 εὐθηνοῦν
704 2010 745 2040 εἰς
768 2009 910 2044 καύχημα,

116 2056 166 2083 καὶ
192 2056 255 2091 ἐμοὶ
266 2055 304 2087 ὡς
316 2049 519 2091 παρακλήτορι,
550 2055 590 2087 εἰς
605 2055 714 2091 ἡμέραν
727 2054 848 2091 Χριστοῦ
863 2063 871 2071 ·
889 2051 912 2090 ᾧ

117 2104 135 2138 ἡ
148 2102 216 2136 δόξα
239 2102 279 2133 εἰς
291 2101 356 2133 τοὺς
366 2101 480 2132 αίῶνας.
505 2101 606 2136 ’Δμήνο

254 2157 317 2184 ΡΕ’.
331 2171 367 2177 --
388 2157 516 2192 ’Δνθίμῳ
531 2155 637 2189 τέκνῳ.
662 2155 757 2192 [χκο’.]

965 267 1019 295 lam
1031 276 1156 295 exarare.
1169 267 1201 295 Et
1212 267 1323 303 quidem
1335 275 1465 300 rogamus
1476 269 1615 303 quomodo
1624 277 1653 296 se
1663 268 1765 297 habeat

962 319 1077 344 sanctus
1085 314 1209 342 binarius
1220 319 1320 347 vester,
1332 321 1497 348 sororesque
1504 314 1650 341 universae.
1663 313 1765 342 Videtis

963 361 1195 396 quemadmodum
1212 361 1291 388 vobis
1309 366 1335 387 et
1352 368 1407 388 non
1423 359 1487 388 aliis
1500 360 1645 387 sororibus
1659 360 1763 388 addicti

964 408 1116 436 secundum
1134 408 1219 436 Deum
1232 408 1411 436 sciscitamur
1424 411 1452 435 et
1466 407 1550 434 verba
1567 407 1696 435 facimus.
1708 406 1764 435 Nec

963 452 1112 484 immerito,
1120 452 1166 480 tibi
1177 452 1249 479 enim
1260 451 1337 484 fides,
1347 451 1382 479 ibi
1393 456 1421 479 et
1431 459 1518 484 amor,
1529 450 1641 479 trahens
1650 457 1765 480 tractus.

963 507 1018 535 que
1039 499 1161 527 vicissim
1176 507 1226 534 per
1238 499 1370 533 Spiritum
1396 503 1523 527 sanctum
1536 507 1545 532 ;
1557 499 1603 526 ubi
1616 499 1690 526 enim
1704 499 1762 527 haec

964 549 1040 578 sunt,
1052 546 1089 573 ibi
1098 550 1125 572 et
1133 553 1198 573 cura
1208 546 1343 580 corporis.
1353 545 1457 574 idcirco
1467 545 1627 578 scribimus,
1643 552 1692 573 vos
1703 545 1763 573 vice

964 592 1066 620 Christi
1079 593 1220 620 hortantes
1230 592 1347 628 indigni,
1364 597 1394 619 ut
1411 592 1591 627 persistamus
1599 592 1632 619 in
1648 592 1762 627 pulchra

965 639 1091 675 pactione
1115 647 1198 675 quam
1218 639 1290 674 pacti
1302 642 1408 666 sumus
1425 646 1523 666 omnes
1538 645 1633 666 coram
1653 637 1710 665 Deo
1733 642 1762 666 et

964 686 1060 713 electis
1079 685 1306 721 angelis;vivere
1333 685 1360 712 in
1384 684 1504 712 Domino
1531 684 1559 711 in
1589 684 1762 719 depositione

965 740 1064 760 sensus
1081 732 1211 766 carnalis,
1227 731 1302 767 quod
1318 736 1361 760 est
1373 731 1514 767 dirupisse
1529 731 1642 758 vincula
1656 729 1762 765 cupidi-

966 783 1053 806 tatum
1066 779 1160 806 saeculi
1176 779 1270 814 hujus,
1287 783 1388 806 etcum
1408 778 1465 805 Deo
1483 777 1590 805 versari
1614 785 1696 812 quem
1718 777 1762 804 di-

965 825 1096 857 leximus,
1120 830 1147 853 et
1164 825 1208 853 cui
1240 825 1413 859 desponsata:
1441 831 1548 857 sumus,
1569 831 1631 852 cum
1651 831 1706 859 quo
1733 828 1762 851 et

967 879 1076 908 semper
1099 872 1213 899 erimus.
1242 871 1322 899 Hunc
1343 870 1505 899 adamemus
1522 870 1570 905 qui
1586 877 1668 898 verus
1683 876 1762 898 amor

966 923 1018 952 cst,
1043 918 1210 947 desiderium
1237 918 1420 951 inaccessum,
1447 918 1523 945 solus
1538 917 1602 945 coeli
1624 921 1761 951 terraeque

965 965 1110 992 Dominus.
1129 964 1214 999 Cujus
1244 972 1310 998 erga
1332 964 1459 992 homines
1491 968 1566 991 tanta
1589 963 1711 995 dilectio,
1729 967 1761 990 ut

965 1012 1037 1040 servi
1050 1011 1166 1039 formam
1183 1010 1376 1046 assumpserit,
1390 1018 1446 1046 quo
1477 1018 1528 1038 nos
1555 1014 1701 1037 revocaret
1724 1010 1760 1037 ab

965 1057 1088 1090 interitu,
1105 1061 1133 1085 et
1151 1057 1218 1085 deos
1241 1056 1369 1084 ediceret.
1384 1055 1408 1084 0
1424 1056 1573 1083 maximam
1596 1055 1759 1090 promissio-

964 1104 1043 1131 nem!
1059 1111 1076 1131 ο
1096 1104 1261 1139 stupendum
1283 1103 1312 1130 in
1326 1103 1407 1130 caelis
1422 1110 1569 1130 occursum
1582 1102 1602 1118 ¹⁷
1618 1103 1625 1129 t
1645 1101 1687 1128 Ibi
1703 1101 1760 1136 ful-

965 1149 1139 1185 gebuntjuati
1155 1150 1223 1176 sicut
1237 1149 1299 1176 sol:
1315 1148 1365 1182 ibi,
1381 1156 1444 1184 quae
1455 1148 1640 1184 virginitatem
1658 1148 1758 1175 indue-

964 1201 1040 1227 runt,
1063 1195 1224 1230 incorrupto
1248 1202 1351 1229 sponso
1373 1194 1579 1229 coniungantur
1595 1203 1602 1221 :
1618 1193 1674 1226 ibi,
1696 1201 1759 1228 qua:

964 1242 1160 1276 subiectionem
1177 1245 1206 1268 et
1217 1240 1401 1268 obedientiam
1420 1241 1576 1273 coluerunt,
1594 1240 1669 1268 velut
1680 1240 1757 1275 prin-

964 1288 1040 1323 cipes
1050 1286 1152 1314 Christi
1167 1291 1301 1321 perpetuo
1317 1285 1508 1321 tripudiabunt
1522 1294 1529 1313 :
1543 1286 1692 1314 contrariis
1705 1293 1757 1313 au-

964 1340 1018 1363 tem
1029 1333 1169 1362 contraria
1183 1333 1244 1360 siue
1253 1332 1339 1360 dubio
1355 1332 1495 1360 evenient.

998 1458 1100 1491 Quare,
1131 1465 1253 1491 sorores,
1286 1464 1399 1485 crucem
1432 1460 1577 1492 portantes
1607 1464 1756 1485 caveamus

963 1504 1056 1537 nobis,
1073 1511 1107 1531 ne
1122 1511 1171 1539 pro
1186 1503 1241 1530 vita
1256 1507 1284 1531 et
1301 1503 1400 1539 gaudio
1420 1503 1558 1531 immenso
1584 1503 1755 1539 supplicium

926 1569 950 1600 ο
965 1550 1109 1585 ignemque
1119 1554 1252 1578 aeternum
1266 1549 1445 1584 acquiramus
1458 1557 1507 1584 per
1519 1549 1717 1585 negligentiam
1729 1555 1758 1577 et

964 1595 1056 1624 carnis
1065 1595 1281 1630 corruptionem,
1298 1603 1347 1629 per
1362 1594 1576 1623 inobedientiam
1588 1595 1758 1623 molliorem-

964 1650 1017 1677 que
1033 1641 1281 1669 conversationem.
1298 1640 1392 1668 Virtus
1412 1648 1427 1668 a
1451 1640 1517 1673 Deo,
1534 1645 1561 1668 et
1580 1640 1673 1668 divina
1693 1650 1700 1668 :
1718 1641 1759 1668 vi-

965 1689 1071 1716 tiositas
1087 1696 1102 1715 a
1119 1687 1232 1720 Satana,
1252 1691 1279 1714 et
1295 1686 1422 1714 Satanas.
1436 1686 1488 1720 Qui
1505 1687 1627 1722 priorem
1641 1687 1759 1722 eligunt,

964 1735 1002 1762 dii
1022 1739 1087 1762 sunt
1113 1738 1141 1761 et
1165 1733 1213 1761 Dei
1228 1743 1236 1761 :
1251 1733 1300 1768 qui
1322 1733 1515 1768 posteriorem,
1537 1733 1676 1761 dazmtmes
1694 1737 1760 1760 sunt

965 1785 992 1808 et
1010 1780 1155 1808 damonis.
1167 1779 1215 1808 Sic
1233 1788 1285 1815 ego
1295 1787 1344 1807 vos
1369 1787 1444 1807 nunc
1469 1779 1551 1807 etiam
1573 1779 1757 1814 complector.

968 1827 1022 1854 Nec
1038 1834 1103 1854 vero
1123 1827 1216 1862 gravis
1242 1825 1339 1854 videar
1362 1826 1440 1854 vobis
1464 1830 1595 1861 tanquam
1623 1826 1692 1853 dura
1717 1825 1759 1853 lo-

966 1880 1065 1908 quens.
1082 1873 1129 1900 sed
1147 1877 1242 1907 gratus
1256 1872 1361 1907 potius,
1377 1876 1407 1900 ut
1421 1872 1469 1907 qui
1494 1879 1543 1907 pro
1560 1871 1617 1898 Deo
1633 1879 1682 1899 vos
1700 1879 1759 1898 mo-

966 1925 1057 1944 neam.
1073 1916 1166 1952 Neque
1185 1917 1219 1945 ad
1234 1917 1361 1945 dominas
1384 1921 1488 1952 spectat
1514 1915 1559 1944 hic
1576 1924 1686 1949 sermo;
1706 1916 1760 1943 illa:

965 1965 1038 1992 cnim
1051 1964 1166 1991 aliarum
1178 1963 1261 1991 etiam
1271 1967 1336 1992 sunt
1354 1964 1510 1999 magistrae;
1525 1963 1572 1991 sed
1589 1963 1623 1991 ad
1634 1971 1759 1990 commu-

968 2017 1030 2036 netn
1049 2013 1151 2036 emtum
1159 2016 1285 2036 sororum
1300 2016 1308 2034 :
1323 2008 1370 2043 qui
1382 2009 1470 2043 magis
1481 2008 1624 2043 magisque
1637 2015 1722 2035 sanus
1732 2012 1760 2035 et

966 2054 1060 2090 vigens
1077 2059 1210 2085 servetur,
1223 2053 1257 2081 ad
1267 2061 1354 2081 meam
1363 2054 1445 2082 etiam
1459 2057 1489 2080 ut
1499 2054 1649 2081 hortatoris
1658 2053 1760 2088 gloria-

966 2101 1068 2128 tionem
1082 2100 1110 2128 in
1125 2100 1168 2128 die
1183 2099 1287 2128 Christi
1300 2109 1308 2128 :
1323 2100 1368 2127 cui
1386 2100 1473 2135 gloria
1487 2100 1514 2127 in
1531 2100 1642 2128 sarcula.
1658 2101 1757 2127 Amen.

1186 2156 1242 2186 CV.
1253 2173 1290 2180 —
1301 2158 1428 2185 Anthimo
1449 2157 1507 2193 [ilio
1521 2157 1563 2193 (').

754 2224 792 2249 Ad
801 2225 932 2256 quemdam
944 2227 986 2257 qui
999 2227 1135 2252 deiecerat.

159 2264 192 2292 '0
205 2266 287 2301 νόμος
301 2265 350 2292 τοῦ
363 2265 432 2292 Θεοῦ
444 2266 459 2292 ὸ
473 2265 556 2301 φόϐος
568 2274 599 2293 τε
611 2266 661 2293 καὶ
674 2265 689 2292 ὸ
702 2266 804 2302 τρόμος
820 2267 914 2300 αὑτοῦ,

117 2311 158 2344 ὣς
178 2319 257 2347 φησι·
276 2311 398 2342 Σκοπόν
422 2318 460 2339 σε
478 2312 595 2339 τέθεικα
610 2311 652 2345 τῷ
669 2312 743 2345 οικῳ
774 2312 910 2347 Ἰσραήλ.

123 2358 156 2384 '0
167 2358 198 2385 δὲ
210 2357 313 2389 σκοπὸς
326 2357 377 2392 τῆς
388 2358 532 2392 ἀγγελίας,
557 2357 699 2393 ἠνάγκασέ
725 2367 771 2394 με,
800 2359 910 2394 ἀδελφὲ,

117 2403 166 2429 διὰ
193 2403 359 2438 γράμματος
374 2404 456 2431 πάλιν
475 2404 636 2439 ἀναγγεῖλαί
667 2413 709 2432 σοι
723 2405 774 2441 τὴν
794 2406 912 2442 ἐρχομέ-

117 2457 171 2484 νην
187 2449 326 2485 ῥομφαίαν
337 2449 385 2477 τοῦ
400 2450 468 2477 Θεοῦ
483 2451 531 2477 ἐπὶ
561 2451 601 2483 σὲ,
616 2450 754 2486 ῥομφαίαν
780 2451 910 2487 φοϐερὰν,

119 2494 260 2529 ῥομφαίαν
272 2494 396 2530 πύρινον,
413 2494 550 2530 ῥομφαίαν
563 2495 593 2521 οὐ
618 2494 709 2530 σῶμα,
725 2494 795 2522 ἀλλὰ
824 2495 916 2531 ψυχὴν

118 2540 323 2574 ἐμϐάλλουσαν,
348 2540 389 2572 είς
403 2540 518 2574 γέενναν
533 2540 620 2576 πυρὸς
635 2542 674 2572 είς
687 2541 860 2576 ἀπεράντους
872 2542 918 2569 αι’

116 2585 205 2617 ὦνας.
212 2585 268 2613 Καὶ
282 2586 393 2621 δακρύω
399 2586 513 2622 γράφων
528 2587 543 2614 ὁ
550 2587 645 2618 τάλας,
652 2588 700 2614 καὶ
707 2587 793 2614 στένω
806 2588 917 2624 πικρὸν,

117 2631 164 2658 ὅτι
195 2632 242 2658 ἐπὶ
255 2631 303 2660 τὸν
320 2632 388 2668 ἐμὸν
402 2633 460 2660 υἱὸν
471 2633 520 2661 καὶ
544 2633 669 2669 μαθητὴν
687 2635 702 2661 ό
726 2633 814 2669 λόγος.
838 2634 920 2661 Ἀλλὰ

115 2677 145 2704 τί
157 2677 262 2712 statim;
275 2678 324 2705 ἐὰν
339 2679 378 2714 μὴ
392 2679 557 2714 ἀναγγείλω,
577 2680 608 2707 τὸ
630 2677 698 2715 αἷμά
730 2689 779 2708 σου
803 2682 836 2708 ὲκ
859 2681 915 2708 τῶν

116 2724 222 2759 χειρῶν
247 2733 298 2760 μου
312 2724 438 2761 ἐπιζητεῖν
454 2725 507 2762 ἔφη
525 2726 607 2758 Θεός·
618 2727 697 2754 οὐδὲν
710 2727 814 2763 ἕτερον,
841 2726 859 2764 ἢ
883 2727 914 2755 τὸ

115 2767 188 2796 αὑτό
217 2776 254 2803 με
286 2768 336 2804 τῆς
362 2769 502 2806 τιμωρίας
531 2771 736 2800 συναπολαῦσαι
759 2774 856 2809 κρῖμα.
876 2771 913 2800 Ὠ

933 2271 955 2298 ι)
1005 2269 1059 2297 Lex
1072 2269 1132 2302 Dei,
1149 2269 1231 2296 timor
1241 2274 1267 2296 et
1289 2273 1392 2296 tremor
1405 2269 1492 2304 ipsius
1511 2269 1557 2304 qui
1575 2269 1614 2296 ait
1631 2278 1638 2296 :
1657 2268 1759 2303 Specu-

967 2316 1080 2343 iatorem
1101 2316 1177 2350 posui
1207 2321 1231 2342 te
1254 2315 1345 2342 domui
1369 2315 1458 2342 Israel
1480 2315 1512 2343 '°.
1538 2315 1645 2350 Scopus
1666 2321 1757 2344 autem

967 2361 1088 2389 mandati
1105 2361 1195 2396 coegit
1207 2369 1260 2394 me,
1276 2361 1369 2394 frater,
1393 2369 1442 2396 per
1459 2361 1565 2389 litteras
1586 2362 1683 2389 iterum
1708 2369 1759 2389 an-

965 2408 1093 2435 nuntiare
1107 2407 1156 2435 tibi
1173 2407 1326 2435 venientem
1343 2414 1426 2443 super
1451 2413 1477 2435 te
1498 2408 1682 2443 rbomphatam
1698 2408 1756 2442 Dei,

965 2453 1135 2489 romphaeam
1162 2453 1384 2487 formidabilem,
1414 2455 1603 2489 rbompbaeam
1630 2454 1757 2491 igneam,

965 2499 1151 2534 rbomphaaam
1170 2507 1230 2534 qua:
1247 2507 1302 2527 non
1323 2507 1425 2535 corpus
1440 2501 1488 2528 sed
1509 2502 1629 2528 animam
1645 2501 1759 2537 conjicit

967 2546 994 2573 in
1010 2547 1165 2582 gehennam
1180 2547 1251 2582 ignis
1270 2547 1298 2574 in
1314 2548 1414 2575 secula
1431 2546 1609 2583 sempiterna.
1627 2547 1758 2576 Scriberis

968 2591 1126 2627 illacrymor
1145 2592 1241 2623 miser.
1255 2597 1282 2619 et
1295 2599 1388 2619 amare
1404 2600 1501 2627 angor,
1517 2593 1590 2628 quod
1608 2593 1643 2620 de
1664 2594 1720 2620 tilio
1731 2598 1758 2621 ut

970 2637 1107 2672 discipulo
1123 2645 1185 2665 meo
1202 2637 1238 2665 sit
1253 2645 1355 2665 sermo.
1378 2637 1431 2666 Sed
1452 2637 1519 2674 quid
1543 2639 1640 2674 agam?
1656 2639 1684 2666 Si
1703 2647 1758 2666 non

967 2683 1182 2716 alitiuntiavero,
1198 2683 1361 2719 sanguinem
1387 2688 1464 2711 tuum
1487 2683 1522 2711 de
1537 2685 1666 2712 manibus
1688 2685 1757 2712 meis

967 2728 1167 2763 requisiturum
1194 2737 1223 2757 se
1252 2729 1320 2757 dicit
1337 2729 1409 2758 Deus
1422 2730 1465 2757 ":
1481 2738 1570 2766 nequc
1597 2731 1691 2764 aliam,
1709 2731 1757 2758 sed

965 2775 1090 2804 eamdem
1106 2775 1194 2812 ipsam
1206 2783 1250 2804 me
1261 2776 1364 2810 pariter
1380 2775 1507 2805 vindicta:
1521 2777 1686 2806 sententiam
1707 2783 1756 2805 u-

158 2835 181 2852 "
195 2835 291 2866 Matth.
314 2846 376 2871 xui,
391 2838 436 2868 ιδ.
457 2841 478 2857 ι’
490 2839 589 2870 Ezech.
602 2849 667 2876 xxx,
683 2841 710 2870 7.
750 2841 771 2858 ι’
788 2840 885 2871 Ezecb.
898 2850 938 2877 ιιι,
952 2842 993 2872 18.

181 2883 395 2920 (‘)Paranetica.
