1912 3080
130 177 203 212 1363

733 178 764 208 S.
782 177 980 208 TlIEODORI
998 176 1173 206 STUDlT/E

1702 175 1771 207 1364

129 239 285 267 rupturum.
304 231 326 259 Ο
341 231 436 264 frater,
464 239 514 259 cur
536 231 631 259 oculos
651 232 743 259 cor-lis
764 231 802 258 ita
823 231 928 263 clausi-

997 230 1089 266 δελφὲ,
1104 231 1130 258 τί
1152 231 1259 266 suum;
1278 230 1314 257 τὰ
1333 231 1445 266 ὄμματα
1464 230 1536 257 οὕτω
1560 230 1608 266 τῆς
1638 231 1771 267 καρδίας;

130 278 184 306 sti?
199 286 250 306 cur
266 278 350 305 Deum
365 277 568 311 contempsisti,
586 277 666 311 cujus
688 283 756 304 nutu
781 281 928 304 moventur

131 325 270 356 universa,
290 331 340 351 nec
352 326 470 358 possunt
485 322 606 355 moventi
626 322 773 350 resistere?
789 323 875 351 Antea
888 329 929 348 re-

131 371 227 398 siliisti
243 379 257 398 e
272 370 401 405 palaestra
414 371 552 397 ascetica:
568 369 661 397 abiisti
676 369 709 397 ad
726 369 786 397 loca
796 377 858 404 qua:
873 376 928 396 non

130 417 245 452 respicit
267 415 401 447 Dominus
424 424 431 443 :
459 415 567 443 solvisti
592 415 765 451 signaculum
782 415 927 449 castitatis,

131 463 279 498 corrupisti
298 462 417 493 animam
433 467 461 489 ct
478 469 590 497 corpus,
610 462 700 490 lactus
720 470 749 490 es
761 463 928 497 mancipium

131 508 256 544 peccati;
269 507 368 536 deinde
379 507 413 534 ad
430 515 482 535 nos
495 515 558 534 sero
575 507 684 535 tandem
698 508 803 536 rediisti
815 508 842 535 in
853 508 930 543 priu-

133 555 209 589 cipio
224 553 440 589 persecutionis,
467 553 612 585 conlitcns,
643 561 739 588 poenas
755 554 842 585 luens.
863 561 929 588 pro-

132 601 244 628 mittens
268 607 422 633 regressum
453 604 515 633 post
542 600 623 626 linem
650 600 862 634 persecutionis.
888 600 930 627 Ad

134 647 193 674 haec
214 650 242 673 et
269 646 303 673 ab
329 644 491 673 (Economo
517 645 661 672 institutus
684 653 724 676 es,
753 650 780 673 et
807 653 822 673 a
844 645 930 673 fratre

133 690 265 726 Dionysio
281 695 439 724 susceptus,
456 694 483 717 ct
501 690 649 724 pulchrum
667 690 793 717 exsilium
811 690 929 724 elegisti,

133 745 165 764 ex
198 737 278 764 malis
306 737 374 765 locis
398 736 530 771 migrans,
549 739 576 769 et
595 735 624 762 in
652 735 732 771 bonis
760 736 828 764 locis
850 736 930 763 babi-

135 789 197 817 lans
208 791 292 818 super
306 790 368 818 quae
382 783 454 813 oculi
467 782 590 816 Domini,
603 786 630 818 et
643 782 783 810 beatitudo
800 790 931 818 persecu-

133 830 218 863 tionis
241 837 324 865 supra
349 835 433 864 caput
455 833 532 860 tuum
557 829 798 865 circumvolitans.
815 829 848 857 Et
862 837 932 865 euge

134 878 170 904 ob
196 877 269 910 hanc
300 876 514 908 revocationem,
545 875 750 911 purgationem,
778 876 931 911 angelicam

134 923 355 959 opitulatiouem.
375 923 447 956 Quid
463 930 529 958 ergo
547 930 645 950 rursus
668 922 773 951 factum
785 923 846 951 est?
857 922 929 957 Quid

132 975 173 998 cst
187 970 260 1006 quod
280 979 295 997 a
312 970 367 997 Deo
383 974 408 997 te.
421 969 546 1001 abduxit,
558 973 586 997 et
599 969 712 997 diabolo
728 969 930 999 tradidit?Heu

137 1025 225 1044 meam
252 1017 443 1044 infelicitatem
456 1017 462 1043 ι
481 1016 619 1044 Reversus
631 1024 662 1044 es
673 1016 765 1044 denuo
777 1017 810 1044 ad
819 1025 930 1046 cunnum

135 1062 255 1098 peccati,
276 1070 462 1097 corrumpens
486 1067 514 1090 ct
544 1068 690 1097 corruptus
713 1071 727 1089 a
750 1061 876 1096 muliere,
889 1064 931 1091 vel

134 1108 228 1142 potius
236 1115 251 1134 a
264 1107 435 1135 mulieribus.
445 1107 569 1140 Domine,
579 1107 724 1139 miserere;
737 1114 828 1141 parce,
842 1107 931 1143 Deus;

136 1154 242 1185 dimisit
254 1158 280 1181 te
293 1158 387 1187 custos
400 1158 462 1181 tuus
472 1153 598 1188 angelus,
614 1154 735 1188 suscepit
747 1154 875 1182 Satanas.
889 1155 932 1182 An

136 1199 217 1237 vivis,
230 1199 333 1226 miser?
351 1203 378 1226 et
392 1198 531 1236 quomodo
547 1198 620 1225 vivat
640 1199 664 1226 is
685 1198 731 1233 qui
744 1199 778 1225 ab
794 1198 932 1226 homicida

136 1246 304 1282 devoratur?
328 1246 369 1279 A_n
397 1245 490 1277 lumen
518 1244 615 1277 vides?
636 1250 663 1272 et
686 1246 825 1279 quomodo
842 1245 933 1273 videat

136 1293 184 1326 qui
196 1291 302 1327 peccati
317 1291 438 1324 tenebris
450 1294 491 1318 est
499 1290 606 1322 obsitus
616 1290 628 1316 ?
640 1291 682 1318 An
698 1290 782 1318 Deum
801 1291 886 1319 oras?
905 1295 934 1319 et

137 1338 278 1372 quomodo
303 1337 336 1365 ad
364 1337 510 1371 Dominum
537 1337 661 1370 accedat,
686 1338 733 1373 qui
748 1345 810 1367 sese
823 1338 933 1367 diabolo

139 1384 329 1419 mancipavit?
348 1384 402 1412 Ubi
439 1389 483 1411 est
513 1384 676 1419 praeclarum
700 1388 777 1411 tuum
806 1384 934 1412 initium?

139 1431 250 1458 lervor?
275 1430 474 1466 compunetio?
506 1430 684 1458 obcdientia?
724 1430 871 1466 Iaerymm?
899 1431 934 1458 ad

139 1478 224 1507 Deum
241 1477 339 1505 volans
367 1477 475 1504 oratio?
491 1477 612 1505 cmlestis
632 1477 825 1506 conversatio?
850 1478 935 1506 Abic-

139 1529 206 1551 ruut
219 1525 323 1556 omnia,
342 1524 496 1558 perierunt.
510 1522 532 1551 0
550 1523 666 1552 acerbos
681 1515 800 1559 gemitus
815 1515 892 1553 meos
907 1526 934 1552 in

140 1576 185 1597 tua
201 1569 357 1597 dementia!
377 1570 485 1597 Utinam
500 1569 720 1605 rationisexpers
732 1570 834 1598 animal
846 1578 933 1604 esses,
948 1580 970 1610 α

139 1617 212 1652 quod
227 1624 283 1644 non
298 1621 340 1644 est
361 1616 512 1644 obnoxium
534 1616 650 1651 judicio.
666 1616 718 1644 Sed
734 1617 807 1653 quod
823 1617 862 1645 sis
879 1618 937 1645 aui-

139 1663 195 1691 mal
213 1671 228 1690 a
245 1662 299 1691 Deo
316 1663 476 1695 formatum,
493 1663 568 1698 quod
595 1668 730 1698 resurget,
756 1668 784 1691 et
797 1663 937 1701 judicabi-

141 1716 200 1744 tur;
216 1711 268 1738 hoc
281 1717 346 1737 vero
359 1709 560 1738 miserandum.
583 1710 718 1746 Agedum,
747 1710 784 1738 ﬁli
812 1710 862 1750 mi,
888 1711 935 1746 qui

140 1757 246 1790 periisti
266 1764 274 1782 :
292 1764 352 1791 age,
368 1756 401 1784 ad
418 1755 566 1783 Dominum
583 1761 745 1784 convertere
766 1765 772 1783 :
792 1749 935 1796 quiacqu

141 1804 276 1840 benignus
303 1803 351 1835 sit,
380 1803 480 1830 iterum
500 1802 609 1838 recipit,
643 1804 743 1831 iterum
769 1804 933 1841 sanctiﬁcat,

141 1849 241 1881 iterum
256 1848 371 1883 nuptiali
389 1853 466 1874 veste
480 1847 580 1880 induit,
607 1847 704 1874 iterum
725 1847 842 1874 vitulum
859 1842 934 1882 sagii

142 1898 237 1922 uatum
253 1898 367 1925 mactat,
383 1897 411 1920 et
418 1892 541 1928 gaudens
554 1892 716 1920 convocabit
728 1900 861 1927 supernas
873 1892 935 1920 Vir-

142 1930 223 1976 tutes,
238 1940 302 1975 quia
321 1933 450 1971 iuvcnttis
464 1946 506 1966 es.
518 1938 558 1966 Ne
573 1939 658 1974 igitur
671 1938 767 1966 attdire
787 1938 933 1971 detrectes,

142 1987 179 2014 lili
190 1987 239 2018 mi,
256 1987 292 2013 ﬁli
309 1986 346 2013 mi
369 1994 376 2014 :
398 1985 444 2014 sed
463 1993 559 2013 revoca
578 1989 614 2019 le,
638 1985 687 2013 sed
722 1990 869 2020 revertere,
885 1987 935 2014 ad-

143 2036 297 2061 luercscens
305 2034 417 2069 egregio
433 2032 510 2060 l‘ratri
527 2037 574 2060 luo
581 2032 723 2068 Dionysio,
737 2032 898 2068 priusquam
910 2037 937 2062 te

141 2072 240 2108 mortis
257 2071 367 2107 acterna:
383 2079 542 2114 rhompbma
558 2078 679 2113 invadat.

319 2221 387 2249 CVI.
403 2237 438 2242 —
451 2222 590 2249 Euslralia
605 2226 757 2258 prwposilo.

979 278 1006 306 τί
1022 277 1231 313 κατεφρόνησας
1248 277 1329 310 Θεοῦ,
1346 273 1376 303 06
1392 276 1431 312 τῷ
1445 276 1584 312 βλέμματι
1598 276 1633 303 τὰ
1644 276 1773 312 σύμπαν-

979 333 1014 351 τα.
1032 324 1135 351 σείεται
1165 323 1213 350 καὶ
1228 323 1259 350 οὐ
1276 323 1354 358 φέρει
1372 323 1485 358 στήκειν
1499 331 1506 356 ;
1525 322 1707 358 άπεπήδησας
1719 323 1774 350 πά-

979 370 1024 397 λαι
1049 370 1099 405 τῆς
1113 370 1268 405 άσκητικῆς
1287 369 1457 404 παλαίστρας
1468 377 1476 384 ·
1491 368 1646 405 ἑπορεὺθης
1670 370 1711 400 είς
1725 369 1773 395 τό·

980 425 1049 448 πους
1077 415 1125 448 οὓς
1140 416 1191 443 οὐκ
1205 416 1350 442 ἐπισκοπεῖ
1371 415 1475 450 Κύριος
1494 422 1501 430 ·
1519 414 1617 446 ἔλυσας
1627 414 1679 450 ’τὴν
1692 423 1776 450 σφρα-

979 463 1042 497 γῖδα
1059 464 1109 498 τῆς
1124 462 1246 496 ἁγνείας,
1261 461 1391 497 ἔφθειρας
1411 462 1463 497 τὴν
1488 461 1577 497 ψυχὴν
1603 460 1651 488 καὶ
1674 460 1705 487 τδ
1719 460 1775 487 σῶ-

982 518 1031 544 μα,
1046 509 1139 544 ἐγένου
1155 509 1248 541 δοῦλος
1257 508 1307 543 τῆς
1318 508 1468 544 ἁμαρτίας,
1482 506 1542 534 εἶτα
1558 506 1676 542 ὀψέποτε
1688 507 1775 534 ἐπαν-

980 555 1047 590 ῆκες
1062 554 1212 590 πρὺςήμᾶς
1226 555 1255 580 ἐν
1267 555 1300 589 τῇ
1309 554 1422 589 ἀπαρχῇ
1440 553 1487 580 τοῦ
1500 552 1632 588 διωγμοῦ,
1647 551 1776 587 ἐξομολοτ

980 599 1126 636 γούμενος,
1141 599 1355 635 ἑπιτιμὼμενος,
1372 599 1610 634 ἐπαγγελλόμενος
1637 599 1688 635 τὴν
1709 600 1777 626 ἀνα-

980 645 1084 682 δρομὴν
1100 645 1172 681 μετὰ
1186 645 1236 681 τὴν
1249 645 1356 673 παῦλαν
1379 645 1427 673 τοῦ
1441 645 1573 681 διωγμοῦ.
1597 646 1662 673 Ἐπὶ
1686 644 1775 680 τούτῳ

981 693 1030 719 καὶ
1059 691 1128 727 πρὸς
1149 691 1197 718 τοῦ
1210 691 1363 726 Οἱκονόμου
1392 691 1601 727 ὲστοιχειώοης,
1626 691 1675 718 καὶ
1698 689 1775 726 παρὰ

981 737 1028 765 τοῦ
1045 737 1161 773 ἀδελφοῦ
1188 737 1330 764 Διονυσίου
1343 737 1549 773 προσελήφθης,
1564 738 1612 764 καὶ
1625 737 1675 773 τὴν
1689 736 1776 772 καλὴν

982 782 1131 817 φυγαδείαν
1144 782 1227 814 εἵλου⁹
1244 783 1276 810 ὲκ
1289 783 1381 810 τόπων
1401 783 1529 818 πονηρῶν
1541 783 1581 814 είς
1596 782 1696 814 τόπους
1708 782 1777 816 ἀγα-

982 827 1047 860 θοὺς
1059 827 1247 863 διαιτώμενος,
1260 827 1304 862 ἐφ’
1330 827 1378 859 οὒς
1411 827 1549 863 ὀφθαλμοὶ
1572 827 1697 863 Κυρίου·
1728 827 1778 854 καὶ

982 874 997 901 ὁ
1036 873 1214 910 μακαρισμὸς
1241 873 1290 901 τοῦ
1321 873 1445 909 διωγμοῦ
1477 874 1547 909 ὑπὲρ
1578 873 1701 909 κεφαλῆς
1728 882 1777 902 σου

947 909 969 937 Β
984 909 1256 955 περικυκλούμενος·
1289 919 1345 945 Καὶ
1374 916 1438 954 εὖγε
1465 920 1516 955 τῆς
1540 919 1717 955 ἀνακλήσεως
1727 921 1778 954 τῆς

981 964 1154 1001 καθάρσεως,
1181 964 1232 1000 τῆς
1261 964 1411 1000 άγγελικῆς
1439 965 1652 1001 ἑπικουρήσεως.
1686 965 1720 991 Τί
1730 963 1779 992 οὖν

982 1011 1065 1042 πάλιν
1086 1011 1118 1038 τὸ
1144 1011 1273 1045 γεγονὸ;;
1305 1011 1333 1038 τί
1361 1011 1391 1037 τὸ
1417 1011 1556 1047 ἐκπῆσάν
1575 1019 1606 1038 σε
1630 1010 1710 1043 Θεοῦ,
1730 1011 1779 1038 καὶ

982 1057 1149 1093 παραδῶσαν
1161 1057 1200 1093 τῷ
1213 1057 1329 1092 διαῦὸλῳ
1342 1066 1349 1091 ;
1370 1057 1422 1083 (lt-:6
1438 1057 1486 1093 τῆς
1504 1058 1574 1093 ἐμῆς
1599 1057 1777 1093 άθλιότητοςί

989 1103 1173 1139 Ἐπέστρεψας
1185 1104 1266 1130 πάλιν
1281 1105 1322 1135 εὶς
1338 1104 1384 1130 τὸν
1399 1103 1534 1139 βόρϐορον
1559 1103 1608 1139 τῆς
1625 1103 1776 1138 ἁμαρτίας,

983 1148 1104 1183 φθείρων
1118 1150 1167 1175 καὶ
1188 1148 1382 1184 φθειρόμενος,
1396 1147 1450 1174 ὑπὸ
1464 1148 1607 1182 γυναικὸς,
1629 1148 1730 1184 μᾶλλον
1749 1148 1778 1175 δὲ

983 1194 1131 1233 γυναικῶντ
1147 1193 1244 1230 Κύριε,
1255 1193 1367 1229 ἐλέησον
1379 1202 1385 1210 ⁸
1402 1194 1508 1233 φεῖσαι,
1520 1194 1618 1226 ὀΘεός.
1628 1194 1730 1230 Ἀφῆκέ
1747 1203 1777 1220 σε

983 1240 997 1266 ὁ
1012 1239 1099 1274 φύλαξ
1111 1248 1158 1266 σου
1178 1239 1305 1273 ἄγγελος,
1321 1238 1507 1274 προσελάϐετο
1535 1239 1549 1265 ὁ
1573 1239 1705 1271 Σατανᾶς.
1724 1240 1779 1275 Ζῇς

984 1285 1048 1322 ἆρα,
1066 1286 1142 1313 ἄθλιε
1157 1295 1164 1318 ;
1180 1286 1230 1313 καὶ
1246 1285 1304 1318 πῶς
1317 1285 1375 1312 ἐστι
1391 1286 1441 1321 ζῇν
1458 1286 1504 1313 τὸν
1519 1286 1573 1313 ὑπὸ
1586 1286 1779 1322 ἀνθρωποκτό-

984 1341 1029 1359 νου
1040 1332 1251 1368 κατεσθιόμενον
1262 1340 1269 1365 ;
1290 1332 1374 1368 Ὁρᾷς
1386 1330 1441 1368 ἆρα
1451 1332 1482 1359 τὸ
1495 1332 1553 1367 φῶς
1564 1341 1571 1366 ;
1584 1333 1631 1359 καὶ
1646 1333 1704 1365 πῶς
1719 1333 1778 1360 ἔστι

985 1378 1095 1414 βλέπειν
1112 1378 1158 1405 τὸν
1171 1378 1384 1413 ἐσχοστισμένον
1408 1379 1441 1413 τῇ
1458 1378 1603 1414 ἁμαρτίᾳ;
1638 1379 1780 1416 προσεύχῃ

985 1422 1041 1460 ἆρα
1055 1424 1094 1460 τῷ
1113 1424 1173 1460 Θεῷ
1186 1433 1193 1458 ;
1204 1424 1254 1452 καὶ
1267 1424 1327 1456 πῶς
1344 1424 1403 1451 ἔστι
1432 1425 1575 1460 προσιέναι
1603 1426 1710 1461 Κυρίῳ,
1734 1420 1781 1454 τὸν

985 1469 1084 1497 ἑαυτὸν
1103 1469 1277 1497 δουλώσαντα
1290 1469 1330 1505 τῷ
1342 1469 1478 1503 διαϐόλῳ;
1495 1470 1551 1496 Ποῦ
1569 1470 1644 1496 ἐστιν
1664 1471 1681 1505 ἡ
1707 1471 1779 1507 καλή

987 1524 1034 1543 σου
1050 1516 1143 1552 ἀρχή;
1161 1517 1178 1551 ἡ
1197 1515 1287 1551 θέρμη
1303 1524 1310 1549 ;
1325 1516 1342 1551 ἡ
1358 1515 1508 1548 κατάνυξις
1523 1516 1558 1552 ;ἠ
1579 1515 1725 1551 ὑποταγῆς
1749 1513 1781 1544 τδ

986 1562 1107 1598 δάκρυον
1122 1571 1130 1596 ;
1143 1563 1160 1597 ή
1177 1562 1365 1598 θεοπτέρωτος
1380 1563 1540 1599 προσευχή;
1557 1564 1575 1599 ἡ
1591 1563 1717 1599 οὐράνιος
1730 1573 1780 1591 πο-

987 1609 1213 1645 λιτεία;ᾥχοντο
1226 1609 1327 1642 πάντα,
1343 1609 1529 1648 ἀπολώλασιν.
1557 1611 1590 1637 Ὦ
1619 1611 1782 1646 στεναγμῶν

989 1665 1035 1691 μοι
1051 1656 1159 1691 πικρῶν
1179 1656 1227 1682 ἐπὶ
1241 1657 1275 1691 τῇ
1293 1657 1326 1691 σῇ
1365 1655 1482 1691 άλογίᾳί
1508 1655 1565 1683 εἴθε
1589 1656 1659 1696 ζῶον
1685 1657 1782 1691 ἄλογον

987 1700 1022 1737 ἧς
1037 1710 1044 1716 ·
1072 1703 1142 1737 ὅπερ
1164 1702 1204 1734 εἰς
1228 1701 1320 1737 κρίσιν
1335 1701 1386 1729 οὐκ
1407 1702 1529 1738 ἔρχεται.
1563 1702 1632 1729 Ἀλλ’
1658 1703 1700 1730 ὃτι
1724 1703 1784 1730 θεό-

987 1749 1117 1782 πλαστον,
1132 1748 1314 1783 ἀνιστάμενον
1334 1748 1384 1775 καὶ
1403 1748 1545 1784 κρίνεσθαι
1570 1748 1678 1788 μέλλον,
1702 1749 1785 1788 τοῦτο

987 1796 1115 1823 ἐλεεινόν.
1136 1794 1222 1831 Δεῦρο
1236 1795 1279 1830 δὴ,
1296 1795 1312 1821 δ
1339 1794 1488 1827 ἀπολωλώς
1521 1804 1571 1830 μου
1603 1786 1783 1832 υἱόςξΔεῦρο,

988 1841 1156 1878 ἐπίστρεψον
1169 1841 1238 1877 πρὸς
1255 1841 1371 1877 Κύριον,
1387 1841 1429 1868 ὅτι
1441 1841 1635 1877 φιλάνθρωπος
1648 1842 1686 1869 ὢν
1702 1835 1785 1875 πάλιν

987 1889 1109 1929 δέχεται,
1125 1887 1209 1915 πάλιν
1236 1888 1346 1922 ἁγιάζει
1362 1887 1442 1924 [Βοὲς.
1456 1887 1518 1916 cod.
1543 1888 1676 1926 ὑγιάζει],
1702 1889 1785 1916 πάλιν

989 1935 1180 1973 νυμφοστολεϊ,
1196 1935 1279 1962 πάλιν
1294 1935 1354 1962 θύει
1367 1934 1413 1961 τὸν
1425 1934 1525 1970 μόσχον
1534 1935 1580 1961 τδν
1594 1935 1728 1968 σιτευτὸν,
1737 1936 1786 1963 καὶ

990 1984 1094 2020 χαίρων
1112 1981 1277 2017 συγκαλέσει
1287 1981 1338 2014 τὰς
1354 1981 1410 2009 ἄνω
1425 1982 1557 2018 δυνάμεις
1578 1983 1625 2009 ἐπὶ
1641 1984 1674 2018 τῇ
1691 1984 1724 2018 σῇ
1737 1983 1784 2009 εὕ-

991 2030 1076 2067 ρέσει.
1092 2029 1139 2065 Μὴ
1159 2029 1192 2065 δὴ
1207 2027 1255 2056 οὖν
1268 2028 1433 2064 άπειθήσῃς,
1445 2029 1487 2055 υἰέ
1502 2028 1565 2064 μου”,
1583 2028 1624 2056 υἰέ
1641 2037 1707 2063 μου·
1724 2030 1785 2057 ἀλλ’

990 2076 1170 2111 ἁνακλήθητι,
1185 2075 1244 2102 ἀλλ’
1258 2075 1448 2110 ὕπόστρεψον,
1466 2075 1664 2111 συγκολληθεὶς
1680 2075 1718 2113 τῷ
1732 2085 1785 2108 κατ

990 2121 1029 2158 λῷ
1040 2130 1087 2149 σου
1101 2120 1210 2156 ἀδελφῷ
1229 2120 1371 2155 Διονυσίῳ,
1383 2121 1450 2156 πρίν
1473 2127 1503 2147 σε
1525 2121 1666 2158 καταλάϐῃ
1678 2123 1695 2158 ὴ
1717 2123 1787 2158 pou:

991 2169 1059 2204 φαία
1083 2160 1144 2195 σοῦ’
1157 2166 1268 2194 αἰωνίου
1290 2166 1417 2194 θανάτου.

1047 2225 1108 2258 Ρςι
1120 2223 1170 2259 (ἦ).
1186 2237 1222 2242 -
1233 2223 1408 2257 Εὐστρατίῳ
1421 2223 1590 2259 ἡγουμένῳ.
1609 2224 1684 2262 [χλ¹.]

505 2269 621 2301 Lapsum,
637 2273 664 2294 et
674 2271 757 2299 scelus
769 2272 948 2304 defendentem
967 2272 1090 2304 obiurgat.
1103 2270 1205 2303 (Baron.
1215 2276 1255 2295 an.
1267 2269 1323 2299 822,
1334 2276 1358 2293 n.
1374 2270 1424 2301 47.)

178 2311 299 2350 Gavisus
327 2319 389 2340 sum
416 2316 530 2347 accepta
557 2313 708 2348 venerabili
736 2314 854 2350 epistola
877 2320 936 2349 tua,
953 2319 975 2346 D

140 2359 255 2398 Patrum
264 2358 438 2391 cbarissime,
448 2358 495 2385 ubi
505 2358 539 2385 de
551 2360 705 2388 sanctitatis
720 2365 772 2388 tu:e
785 2362 868 2390 rebus
879 2363 938 2391 haec

141 2412 168 2434 et
186 2406 231 2440 illa
245 2406 372 2442 cognovi.
390 2405 537 2438 Caeterum,
554 2407 626 2442 quod
643 2415 676 2434 ex
693 2408 798 2443 mmtiis
816 2413 936 2442 tantum,

142 2452 189 2480 sed
203 2458 294 2490 tamen
307 2453 359 2493 lide
372 2452 464 2487 dignis
478 2453 584 2488 accepi,
600 2454 744 2488 aegerrime
761 2455 810 2482 tuli
822 2455 937 2484 audiens

142 2499 233 2532 ﬁctam
247 2498 492 2533 subscriptionem.
508 2498 548 2526 Ac
566 2499 674 2534 sustine
693 2507 748 2534 me,
762 2501 937 2529 reverendis-

142 2544 229 2575 sime,
255 2535 372 2579 liberius
399 2542 596 2570 disserentem.
620 2542 681 2571 Non
701 2544 763 2572 sine
786 2552 871 2572 causa
889 2545 941 2572 l'uit

142 2589 292 2625 quodcum
308 2597 322 2616 a
340 2589 415 2627 regio
438 2589 565 2617 ministro
580 2590 727 2623 tenereris,
743 2590 880 2626 indemnis
892 2590 938 2618 di-

142 2635 246 2664 missus
272 2634 361 2671 ruisti.
373 2629 432 2668 Hoc
446 2634 520 2673 enim
542 2639 585 2662 est
601 2635 674 2670 quod
693 2644 818 2664 rtunores
831 2637 878 2671 qui
894 2637 938 2671 ja-

142 2686 254 2717 ctautur
266 2680 386 2719 induxit.
400 2679 512 2718 Nullum
524 2681 617 2716 itaque
633 2689 729 2708 eorum
747 2682 792 2716 qui
811 2682 939 2709 libertate

144 2728 187 2756 usi
201 2731 276 2760 sunt,
287 2726 347 2754 sine
357 2733 480 2760 carcere,
492 2732 540 2753 aut
557 2726 653 2754 saltent
667 2727 728 2755 sine
741 2728 840 2755 exsilio
858 2735 938 2755 tuan-

143 2775 224 2807 sisse,
256 2774 283 2801 in
303 2772 431 2807 confesso
449 2777 501 2811 est,
520 2773 572 2812 Qui
589 2781 654 2814 vero
670 2773 768 2812 harum
785 2782 876 2801 rerum
892 2782 938 2801 cx-

144 2826 235 2856 pcrlcs
255 2820 378 2850 fuerunt,
403 2819 420 2846 ii
439 2819 546 2847 seducti
562 2825 637 2853 suttt,
658 2825 687 2848 ut
708 2829 740 2848 ne
770 2820 835 2855 quid
858 2828 938 2856 aspe-

144 2868 202 2894 rius
212 2867 306 2893 dicens
321 2871 348 2894 te
360 2865 495 2893 olIeudam
897 2866 899 2868 ’

179 2947 219 2983 ('5)
241 2947 270 2975 in
289 2946 350 2974 cod.
368 2945 434 2981 Reg.
458 2946 508 2981 (10'.

1031 2313 1150 2349 Ἐχάρην
1164 2311 1313 2347 δεξάμενός
1326 2320 1374 2338 σου
1389 2312 1420 2338 τὸ
1438 2311 1530 2347 τίμιον
1540 2312 1669 2348 γράμμα,
1697 2313 1787 2341 Πατέ-

991 2370 1045 2395 ρων
1065 2358 1251 2394 φίλτατε,καὶ
1263 2358 1400 2394 διδαχθεὶς
1421 2358 1456 2384 τά
1481 2358 1554 2385 κατὰ
1581 2358 1632 2394 τὴν
1654 2360 1786 2395 ὁτιότητά

989 2415 1035 2433 σου
1051 2405 1138 2441 οὕτως
1147 2405 1220 2443 ἔχειν
1229 2405 1276 2434 καὶ
1292 2404 1390 2437 οὕτως.
1413 2405 1487 2439 ἐπεὶ,
1503 2406 1566 2432 ὅσον
1578 2406 1611 2433 ὲκ
1625 2406 1680 2433 τῶν
1693 2407 1785 2442 ἀπαγ-

988 2451 1147 2486 γειλάντων,
1165 2451 1254 2478 καίτοι
1269 2450 1446 2484 ἀξιοπίστων,
1474 2451 1609 2488 λυπηρῶς
1630 2453 1786 2489 διεκείμην,

989 2497 1110 2529 ἀκούσας
1123 2497 1173 2532 τὴν
1186 2497 1368 2533 ὑποκριτικὴν
1385 2497 1560 2534 ὑπογραφὴν.
1575 2499 1631 2526 Καί
1647 2508 1682 2535 με
1698 2500 1784 2532 δέξαι,

988 2544 1150 2580 τιμιώτατε,
1166 2544 1479 2580 παρρησιαστικώτερον
1495 2545 1699 2580 διαλεγόμενον.
1729 2549 1787 2574 οὐκ

990 2590 1043 2622 ἔξω
1054 2589 1144 2621 αἰτίας
1158 2589 1189 2616 τὸ
1207 2589 1414 2625 κατασχεθέντα
1428 2599 1457 2616 σε
1473 2590 1524 2617 ὑπὸ
1538 2589 1680 2625 βασιλικοῦ
1695 2593 1787 2625 μεῖναι

990 2636 1095 2671 ἀπαθῆ,
1116 2636 1200 2672 ῆγουν
1219 2635 1330 2669 ἄφετον.
1357 2636 1443 2663 Τοῦτο
1456 2637 1511 2672 γὰρ
1531 2637 1586 2664 τῶν
1602 2637 1788 2674 τεθρυλλημέ-

990 2690 1044 2709 νων
1057 2682 1212 2716 ἐπαγωγόν.
1231 2681 1326 2713 Οὐδεὶς
1343 2679 1390 2709 οὖν
1413 2681 1469 2708 τῶν
1497 2683 1789 2719 πεπαρρησιασμὲνων

990 2728 1058 2763 ἄτερ
1080 2727 1216 2763 φυλακῆς,
1240 2728 1257 2763 ἦ
1273 2727 1461 2764 τούλάχιστον,
1483 2728 1601 2764 ἐξορίας,
1626 2729 1790 2765 ἧτοιφυγα·

989 2775 1065 2806 δείοις
1083 2774 1258 2810 ὡμολόγηται
1273 2774 1421 2809 διαμεῖναι.
1436 2775 1468 2801 Of.
1481 2775 1510 2802 δὲ
1523 2776 1626 2802 τούτων
1642 2776 1733 2809 ἐκτὸς,
1748 2778 1794 2803 ὲνι

991 2821 1036 2852 τὸς
1058 2821 1107 2856 τῆς
1128 2821 1292 2860 ἀπαγωγῆς,
1311 2820 1356 2849 ἵνα
1381 2821 1418 2858 μὴ
1449 2821 1615 2863 τραχύτερον
1639 2822 1726 2861 statim
1745 2823 1791 2850 λυ-

994 2876 1084 2902 unum,
