1912 3080
107 151 169 184 I365

697 147 970 178 EPISTOLARUM
1000 147 1075 177 LIB.
1093 145 1137 178 II.

1672 147 1748 181 ’1366

138 209 172 236 Ἦ
199 208 231 236 οὗ
260 207 411 242 διεϐλέψω,
436 188 669 242 διορατικώτατε,
698 206 746 233 τὸν
771 205 891 241 χαλεπὸν
905 207 925 236 Α

975 205 1079 233 Annon
1095 205 1201 238 vidisti,
1216 205 1258 233 vir
1273 206 1482 239 oculatissime,
1497 213 1610 242 gravem
1625 205 1745 243 Leonis,

104 255 219 291 διωγμὸν
242 254 358 286 Λέοντος
384 253 431 281 τοῦ
454 253 648 289 θηριωνύμους
663 249 695 279 οὗ
716 253 734 288 ἡ
762 252 892 288 Ἀχααϐι-

104 302 163 337 τικὴ
177 302 237 336 χεὶρ
251 298 307 329 εἷλε
321 301 368 330 καὶ
383 301 448 332 τοὺς
459 299 490 333 ἐξ
503 300 586 327 ἄλλου
603 300 734 336 κράτους,
748 299 853 326 ἐκτεινέ
863 307 895 327 τε

105 348 151 374 καὶ
166 347 252 374 ὤλεσε
262 354 269 362 ·
282 346 313 373 τό
325 355 358 381 γε
376 345 632 381 φιλανθρωπότερον
647 345 804 382 ἐφρούρησε
826 344 895 381 μετὰ

106 394 204 430 πικρὰν
229 393 418 429 μαστίγωσινο
435 392 471 428 μὴ
488 393 530 421 ὅτι
547 401 580 427 γε
596 393 658 425 τοὺς
678 393 731 420 ὑπὸ
751 393 841 428 χεῖρα.
862 392 895 419 Εἰ

105 441 127 467 δ’
147 439 226 472 αὐτὸς
244 439 356 466 οὺτίπου
373 439 428 466 τῶν
451 439 584 466 τοιούτων
599 439 743 471 πεπονθὼς
762 439 833 475 μετὰ
845 440 896 475 τὴν

106 485 252 519 σύλληψιν,
269 483 424 519 σύγγνωθι,
450 484 588 519 ὲσυλὴθης
599 506 607 517 ,
625 484 698 519 ἅγιε.
725 484 779 511 Καὶ
797 485 834 520 μή
851 493 897 520 μοι

106 530 288 566 φυλάττεσθαι
317 531 366 562 τὰς
401 530 505 563 οἰκείας
543 530 712 566 Ἐκκλησίας
738 530 822 565 λέγε,
850 531 898 558 καὶ

107 578 176 609 σὼας
197 577 248 608 τὰς
279 577 399 613 ἱστορίας
428 578 535 613 μένειν,
559 578 611 613 τήν
632 587 663 604 τε
689 579 830 614 ἀναφορὰν
852 578 897 604 τοῦ

106 624 258 658 ᾀγιωτάτου
277 624 356 660 ἡμῶν
375 624 558 660 πατριάρχου.
578 624 664 652 Τοῦτο
685 625 739 660 γὰρ
759 625 806 652 καί
822 623 899 651 ἄλλοι

106 672 275 706 ἀπαχθέντες
296 670 495 705 φιλολογοῦσιν.
512 671 550 698 Οὐ
570 671 684 698 δύναται
704 670 792 697 ταῦτα
806 669 884 697 διασε

107 716 226 749 σῶσθαι,
259 716 284 742 εἰ
318 716 399 751 μήτοι
423 716 555 752 προδοσίᾳ
580 715 714 752 ἀληθινῆς
746 715 900 748 ἑνστάσεως

105 762 222 797 ἐγένετο.
244 762 277 788 Τί
301 762 331 788 τὺ
347 762 444 797 ὄφελος
454 783 462 794 ,
483 763 508 789 εἰ
529 763 612 798 ἡμεῖς
626 763 651 790 οἱ
665 762 729 794 ναὸς
744 762 812 790 Θεοῦ
823 783 831 796 ,
851 762 900 789 καὶ

106 809 181 840 ὅντες
205 808 254 834 καὶ
278 808 439 843 λεγόμενοι,
462 807 673 844 ἠχρειώθημεν,
701 808 751 835 καὶ
779 808 900 843 ἀψύχους

106 856 197 886 οἴκους
211 854 483 890 περιεποιησάμεθας
496 855 513 890 ἡ
528 853 611 881 εἰκὼν
624 853 674 881 τοῦ
687 854 822 889 Χριστοῦ,
835 853 898 881 οὔτε

104 901 156 935 τῆς
180 901 332 934 Θεοτόκου,
361 900 425 927 οὔτε
446 901 518 933 τινος
540 900 620 936 ἁγίου
635 901 787 928 διαπίπτει.
813 901 898 928 Μένει

106 947 161 982 γὰρ
177 947 205 974 ὲν
224 947 316 978 αὐτοῖς
334 947 372 979 ὡς
397 946 608 982 πρωτοτύποιςο
629 947 760 974 πίπτουσι
775 947 804 974 δὲ
819 948 843 974 οἱ
857 948 900 974 δο-

105 993 218 1025 κοῦντες
238 993 381 1029 καθαιρεῖν
406 993 510 1025 αὐτάς·
534 993 604 1021 ἀλλὰ
624 993 679 1029 γὰρ
698 994 746 1021 καὶ
768 994 794 1020 οἱ
813 993 900 1028 φειδοῐ

103 1039 208 1066 τούτων
223 1039 370 1075 προέμενοι
385 1039 435 1076 τὴν
451 1040 624 1076 παρρησίαν,
640 1041 688 1067 καὶ
702 1040 752 1076 τὴν
765 1040 798 1067 δι’
814 1041 900 1076 αὐτῆς

104 1086 237 1113 κάκωσιν.
257 1086 331 1113 Οὺάί
353 1086 430 1116 ἄλλοι
444 1086 679 1122 ἀποθνήσκοντες,
701 1087 790 1122 ἕτεροι
812 1087 899 1121 ὑπερ-

104 1131 280 1167 οριζὸμενοι,
295 1132 372 1162 ἄλλοι
397 1132 607 1168 μαστιζόμενοι,
625 1133 714 1168 ἕτεροι
729 1133 901 1169 φρουρούμεο

106 1186 164 1205 vat'
180 1179 216 1205 τὰ
240 1178 293 1214 ὅρη
317 1178 414 1214 ἔχοντα
438 1180 486 1206 καὶ
498 1180 526 1205 αἰ
546 1180 671 1215 ὲρημίαι,
686 1180 786 1217 πέτραι
807 1189 836 1208 τε
852 1180 900 1207 καὶ

107 1225 229 1260 σπήλαια
251 1225 316 1258 τοὺς
343 1225 488 1261 μακαρίως
508 1225 727 1261 δεδιωγμένους·
754 1227 800 1255 καὶ
818 1228 901 1263 ἡμεῖς

105 1273 175 1299 οἴκοι
196 1272 343 1308 μένοντες,
369 1273 418 1300 καὶ
442 1274 562 1308 οἰόμενοι
588 1274 717 1306 ἀϐλαϐῶς
742 1274 898 1310 διαμένειν;

105 1319 245 1354 οὐδαμῶς.
274 1319 432 1346 Ἀπολέσθω
451 1321 558 1355 πᾶσαὴ
573 1320 620 1347 τοῦ
642 1320 746 1356 κόσμου
774 1321 823 1356 ’ύλη
844 1320 900 1348 τῶν

105 1365 257 1392 δοκούντων
271 1374 278 1382 ’
300 1366 318 1399 ὴ
342 1366 549 1402 ὁμολογουμένη
567 1366 655 1402 βλάϐη
674 1366 763 1402 ψυχῆς
786 1375 901 1412 προκρι-

106 1411 197 1438 νέσθω
217 1411 252 1447 ἢν
265 1411 372 1446 ὑπέστη
395 1412 450 1444 πᾶς
467 1413 670 1447 προφασιστής.
695 1413 789 1440 Ταῦτα
815 1412 901 1447 φιλῶν

106 1458 156 1484 καὶ
181 1458 403 1493 ὑπομιμνήσκων
427 1458 542 1493 εἴρηκα,
563 1458 611 1485 καί
632 1458 670 1491 ὡς
686 1459 738 1485 ὑπὸ
759 1459 901 1494 ἐπιτιμίαν

106 1502 193 1537 ἐσμὲν
209 1503 281 1536 ἄξιοι
302 1502 411 1529 ἐλθεῖν·
433 1503 481 1530 καί
499 1503 540 1530 ὅτι
564 1503 594 1529 ὲν
615 1504 704 1539 καιρῷ
725 1503 900 1538 ὁρθοδοξίας,

945 252 1058 279 nomine
1071 251 1160 279 ferino
1171 251 1246 286 digni
1274 254 1494 287 persecutionem
1506 253 1517 279 '.‘
1529 252 1610 288 cujus
1624 253 1746 281 Acltabi-

949 298 1002 325 lica
1019 305 1119 326 manus
1132 298 1215 325 etiam
1231 305 1278 326 eos
1290 299 1337 334 qui
1352 299 1404 326 sub
1416 300 1469 327 alio
1483 300 1599 335 imperio
1609 305 1687 328 erant
1699 308 1747 336 ap-

946 344 1101 379 prehendit,
1119 344 1231 378 occidit,
1246 345 1406 379 interemit,
1425 351 1471 374 aut
1484 368 1491 380 ,
1507 347 1580 382 quod
1599 348 1747 375 humanius

948 390 1020 424 fuit,
1048 390 1077 418 in
1103 398 1241 419 carcerem
1262 391 1378 420 detrusit
1396 397 1456 428 post
1474 393 1561 421 diram
1586 394 1747 430 ﬂagellatio-

946 444 1008 464 nem
1024 447 1030 465 :
1056 437 1156 465 nedum
1172 437 1206 465 iis
1224 445 1339 474 parcens
1356 439 1402 473 qui
1421 443 1500 466 erant
1519 440 1570 468 sttb
1591 441 1651 475 ejus
1669 446 1746 476 pote-

947 488 1028 513 state.
1053 484 1132 518 Quod
1160 484 1183 512 si
1213 490 1241 512 ιιι
1263 485 1333 512 nihil
1352 485 1509 520 ltujusmodi
1526 493 1663 521 passuses
1683 492 1746 522 post

947 531 1235 566 comprehensionem,
1248 531 1378 568 ignosce:
1391 532 1526 567 spoliatus
1537 540 1577 566 es,
1589 533 1631 560 vir
1640 538 1744 560 sancte.

948 576 1042 612 Neque
1056 577 1123 604 mihi
1141 576 1244 605 dixeris
1263 583 1388 606 servatas
1405 577 1491 606 fuisse
1505 578 1632 613 proprias
1656 577 1746 605 eccle-

947 623 1013 658 sias,
1031 627 1058 652 et
1072 624 1195 660 picturas
1210 625 1333 660 integras
1348 632 1520 660 permanere,
1536 629 1563 652 et
1574 632 1747 652 commemo-

949 671 1082 698 rationem
1096 671 1265 699 sanctissimi
1278 671 1443 706 patriarcltte
1457 671 1553 699 nostri.
1565 670 1622 698 Hoc
1634 671 1706 698 enim
1720 677 1747 698 et

949 717 995 744 alii
1010 717 1057 752 qui
1072 717 1178 745 seducti
1194 717 1307 745 fuerunt
1322 718 1431 746 causari
1448 718 1548 745 solent.
1570 716 1629 745 Non
1648 721 1745 752 potue-

949 767 1016 791 runt
1028 763 1085 791 haec
1100 763 1215 797 servari,
1234 763 1287 791 nisi
1302 772 1375 791 verm
1386 763 1553 792 defensionis
1569 763 1688 799 proditio
1704 763 1746 790 in-

951 809 1111 837 tercederet.
1127 809 1197 843 Quid
1219 811 1330 845 prodest
1342 810 1365 837 si
1385 817 1436 837 nos
1455 810 1500 844 qui
1515 809 1562 837 Dei
1577 809 1708 844 templum
1719 813 1747 836 et

951 863 1045 884 sumus
1062 861 1088 883 et
1099 856 1219 883 dicimur
1231 877 1239 889 ,
1255 856 1369 883 Inutiles
1386 855 1451 884 facti
1465 864 1563 884 sumus
1575 877 1583 890 ,
1605 853 1745 883 inanimas

951 906 1041 928 autent
1052 901 1150 929 domos
1167 902 1285 937 integras
1310 901 1473 929 servamus?
1503 901 1594 936 Imago
1619 901 1744 934 Christi,

950 955 1001 975 nec
1018 946 1165 983 θεῖναι-ιο,
1193 956 1244 975 nec
1268 947 1358 975 sancti
1383 948 1466 975 ullius
1488 947 1636 975 intercidit.
1654 947 1748 975 Manet

950 995 1022 1022 enim
1035 994 1061 1021 in
1075 995 1116 1022 eis
1132 998 1265 1029 tanquam
1281 994 1454 1030 prototypis:
1471 994 1603 1022 excidunt
1621 1001 1685 1021 vero
1697 993 1746 1029 qui

951 1041 1011 1068 illas
1036 1049 1051 1068 e
1074 1041 1167 1068 ntedio
1191 1041 1286 1068 tollere
1312 1041 1364 1069 sibi
1389 1041 1529 1075 videntur,
1551 1045 1608 1068 tum
1635 1044 1663 1067 et
1678 1039 1746 1076 qui,

950 1092 981 1115 ut
995 1088 1039 1116 his
1055 1091 1170 1122 pareant
1184 1107 1192 1120 ,
1208 1087 1362 1115 libertatem
1379 1087 1539 1121 abiecerunt
1552 1107 1559 1119 ,
1581 1091 1617 1120 et,
1634 1095 1694 1122 quae
1711 1093 1747 1113 ex

950 1141 982 1161 ea
1001 1134 1136 1168 sequitur.
1158 1133 1344 1161 vexationem.
1358 1133 1421 1161 Υεεί
1444 1133 1489 1160 alii
1512 1132 1678 1166 moriuntur,
1699 1133 1745 1160 alii

950 1179 1087 1212 exsulant,
1110 1179 1157 1207 alii
1185 1179 1302 1215 ﬂagellis
1331 1179 1493 1213 cteduntur,
1518 1178 1564 1206 alii
1589 1178 1746 1206 carceribus

951 1226 1117 1253 addicuntur
1134 1234 1140 1253 :
1161 1230 1268 1253 montes
1279 1230 1308 1253 et
1321 1225 1496 1257 solitudines,
1514 1231 1579 1252 saxa
1594 1229 1622 1252 et
1633 1225 1746 1259 spelun-

950 1279 989 1300 ca:
1005 1272 1100 1299 beatos
1112 1271 1173 1300 illos
1185 1272 1229 1307 qui
1243 1271 1463 1306 persecutionem
1474 1270 1627 1306 patiuntur,
1642 1270 1743 1303 passim

952 1318 1055 1346 habent
1068 1327 1075 1345 :
1093 1323 1120 1346 et
1132 1326 1183 1346 nos
1196 1317 1270 1346 domi
1289 1318 1435 1350 Itan-entes,
1451 1317 1555 1352 absque
1569 1315 1747 1344 incommodo

952 1371 1063 1391 manere
1085 1371 1136 1391 nos
1153 1371 1235 1398 posse
1255 1363 1444 1391 arbitramur?
1463 1362 1639 1391 Nullomodo.
1651 1362 1748 1391 Pereat

951 1410 1081 1438 universa
1099 1409 1195 1437 mundi
1211 1409 1389 1445 aspectabilis
1409 1409 1522 1437 materia
1538 1419 1544 1436 :
1565 1413 1748 1444 anteponatur

952 1461 1025 1485 certa
1037 1457 1137 1484 anima;
1154 1456 1303 1491 pernicies,
1319 1463 1402 1491 quam
1423 1455 1508 1483 subiit
1521 1456 1647 1491 quisquis
1662 1463 1749 1483 excu-

952 1503 1087 1530 sationem
1103 1502 1260 1537 praetendit.
1282 1502 1344 1529 Haec
1359 1502 1461 1529 amoris
1478 1509 1544 1537 ergo
1555 1523 1562 1535 ,
1583 1506 1613 1528 ut
1625 1508 1749 1529 commo-

105 1549 184 1575 οὐδὲν
200 1549 381 1585 ἀψηλάφητον
396 1549 524 1586 ἀφεθείη.
554 1550 611 1578 Καὶ
622 1548 652 1577 εὖ
666 1551 733 1586 ἔχει,
746 1550 791 1578 διὰ
805 1559 902 1578 ταπει-
915 1557 925 1586 (

964 1547 1209 1580 tefaeiam,dixi,et
1223 1551 1253 1575 ut
1266 1547 1342 1582 digni
1354 1547 1440 1575 simus
1452 1547 1499 1582 qui
1513 1547 1545 1574 ad
1559 1546 1748 1582 paenitentiam

105 1595 218 1627 νώσεως
233 1595 362 1631 βαδίσαι,
379 1597 428 1624 καὶ
443 1596 571 1624 ἰάσασθαι
597 1596 629 1623 τὸ
645 1596 811 1632 ἡσθενηκὸς,
822 1596 839 1631 ἢ
857 1596 903 1624 διὰ

964 1594 1098 1622 veniamus
1115 1601 1122 1621 :
1148 1597 1176 1621 et
1197 1593 1262 1628 quia
1274 1613 1281 1626 ,
1306 1601 1369 1620 cum
1387 1597 1496 1628 tempus
1512 1593 1574 1621 ﬁdei
1590 1593 1751 1621 orthodoxa:

105 1643 290 1678 ἀναιτιασμοῦ
306 1642 482 1679 προστρίϐειν
497 1643 604 1675 ἑαυτοῖς
619 1642 729 1678 μείζονα
741 1643 902 1678 αἰτιάματα.

964 1646 1142 1677 )pportunum
1155 1640 1225 1672 erit,
1243 1639 1311 1667 nihil
1327 1640 1500 1675 relinquetur
1513 1648 1567 1668 non
1581 1647 1729 1668 excussam
1742 1648 1749 1667 :

107 1695 276 1726 prmstatque
300 1698 348 1726 per
370 1690 552 1718 humilitatem
579 1690 726 1724 incedere,
755 1696 782 1718 et
807 1689 899 1719 sanari
918 1690 991 1726 quod
1015 1689 1154 1716 infirmum
1176 1693 1240 1721 est,
1269 1696 1352 1724 qualn
1377 1696 1425 1724 per
1452 1689 1644 1724 impunitatem
1662 1689 1752 1717 accire

106 1739 162 1767 sibi
177 1739 283 1774 ntajm'a
297 1739 406 1766 delicta.

200 1787 251 1813 PZ'
266 1785 317 1821 (ι).
335 1800 371 1806 -
385 1785 450 1819 Τοῖς
463 1785 499 1813 ἐν
511 1785 598 1813 ἄστει
613 1785 769 1820 ἀδελφοῖς.
807 1783 903 1822 [χλ-(⁸

1067 1782 1147 1811 CVII.
1161 1798 1197 1804 —-
1208 1782 1352 1810 Fratribus
1364 1783 1390 1809 in
1404 1782 1467 1810 urbe
1480 1783 1644 1819 degenlibus.

551 1842 669 1872 Quaedam
682 1847 768 1868 contra
780 1842 888 1867 ofﬁcium
904 1848 932 1866 ac
946 1843 1040 1872 pra-ter
1052 1839 1086 1865 fas
1095 1842 1199 1871 agentes
1215 1838 1336 1870 increpat.

156 1895 296 1931 Εὕκαιρον
310 1895 460 1930 ἡγησάμην
475 1895 559 1921 τανῦν
573 1895 706 1927 εἰσιόντος
729 1894 776 1921 τοῦ
792 1892 909 1929 ἀδελφοῦ

108 1942 227 1974 Λέοντος
243 1942 397 1968 ἐπιστεῖλαι
411 1940 511 1972 κοινῶς
524 1941 620 1974 πᾶσιν,
635 1940 818 1976 εὐλογημένοι
834 1939 909 1967 ἁδελ-

109 1989 158 2023 (ξοὶ
175 1988 223 2015 καὶ
252 1987 393 2023 Πατέρες·
411 1987 704 2022 προσυπομιμνήσκων
730 1985 766 2012 τὰ
790 1986 910 2021 ἐχόμενα

109 2035 264 2070 σωτηρίας.
284 2033 394 2069 Ἐπειδὴ
409 2034 461 2061 κάν
476 2034 510 2069 τῇ
524 2033 645 2069 ἀπουσίᾳ
655 2033 742 2068 ταύτῃ
756 2033 802 2060 καὶ
815 2032 909 2068 ὲξορίᾳ

108 2080 233 2116 ἔμφοϐος
247 2080 305 2115 ειμι
317 2080 365 2107 καὶ
377 2079 511 2116 ἔντρομος
528 2079 598 2115 μετὰ
615 2078 661 2106 τοῦ
679 2078 781 2106 οἰκείου
797 2079 907 2114 φορτίου
924 2097 946 2125 D

109 2126 167 2156 τῶν
187 2125 407 2162 ἁμαρτημάτων,
423 2125 472 2152 καὶ
490 2125 556 2161 περὶ
569 2126 619 2159 τῆς
634 2125 789 2160 ἀνηκούσης
804 2133 850 2161 μοι
866 2125 907 2157 εἰς

110 2172 186 2206 ὑμᾶς
202 2171 344 2207 φροντίδος
369 2171 419 2198 καὶ
436 2171 615 2207 προστασίας.
636 2170 776 2206 Φοϐοῦμαι
791 2171 845 2206 γὰρ
859 2171 908 2198 καὶ

108 2218 189 2244 δέδια
199 2237 208 2250 ,
223 2218 322 2253 μήπως
337 2217 417 2252 ὑμεῖς
435 2217 459 2244 οἰ
477 2217 507 2244 ὲν
520 2216 598 2244 ἄστει
613 2216 814 2253 διατρίϐοντες,
831 2217 909 2252 εὑρι-

109 2263 276 2299 πιστότερον
290 2264 330 2295 εἰς
350 2263 492 2299 ἔμπτωσιν
506 2271 569 2292 τινα
584 2262 732 2299 ὲμπέσοιτε
743 2282 752 2296 ,
769 2263 817 2290 καὶ
836 2263 907 2299 ἆπερ

109 2309 159 2336 διὰ
178 2309 286 2337 πολλῶν
299 2309 394 2337 κόπων
407 2318 439 2336 τε
456 2310 504 2337 καὶ
520 2309 621 2343 ἄθλων,
635 2309 690 2337 τῶν
704 2309 759 2346 πρὸ
772 2310 907 2345 διωγμοῦ,

110 2356 162 2383 καὶ
183 2355 214 2382 ὲν
227 2355 266 2391 τῷ
284 2354 397 2390 διωγμῷ
415 2355 636 2391 συνηθροίσαμεν
653 2355 907 2391 ἀγαθουργήματα,

110 2400 363 2435 ἁφυλακτήααντες
387 2398 458 2435 πρὸς
486 2398 591 2434 βραχὺ,
608 2398 694 2434 ἄρδην
718 2398 907 2433 ἀπολέσωμεν.

116 2446 228 2473 Ἀκούω
249 2446 401 2479 ἀστασίαν,
417 2445 586 2481 μεταϐασίαν
598 2453 606 2462 ο
621 2444 703 2472 ἄλλον
721 2444 751 2476 ἐξ
767 2445 847 2472 ἄλλον
861 2444 910 2472 καὶ

109 2491 233 2526 ἀδελφοῦ
246 2492 295 2519 καὶ
309 2492 393 2519 τόπου
407 2491 609 2527 μεταϐαίνοντα
620 2499 627 2507 ·
643 2491 690 2518 καὶ
701 2491 733 2518 τό
748 2500 781 2526 γε
794 2490 910 2518 ἐλεεινό-

107 2546 214 2573 τερον,
241 2538 323 2573 μόνον
350 2538 431 2565 ἄλλον
454 2536 640 2572 καθεζόμενον
652 2556 659 2568 .
679 2537 727 2564 καὶ
746 2537 855 2572 ἕτερον,
878 2537 910 2564 τὺ

110 2584 224 2611 κελλίον
244 2585 285 2616 εἰς
302 2583 393 2611 οἰκίαν
411 2583 477 2611 ἔνθα
487 2580 629 2618 γυναῖκες,
641 2583 755 2619 ἔχοντα·
767 2584 815 2611 κοιλ¹
830 2583 910 2611 ἄλλον

110 2628 202 2655 πάλιν
221 2628 262 2660 εἰς
283 2628 467 2664 μοναστήριον
481 2629 638 2662 γυναικεῖον
659 2627 838 2662 διαιτώμενον
853 2628 911 2653 εἰσ-

110 2675 177 2707 αεί·
196 2675 290 2711 ἓτερον
323 2674 405 2701 πάλιν
426 2671 479 2700 ὧδέ
500 2682 529 2700 τε
554 2674 666 2701 κάκεῖσε
691 2672 909 2708 οἰκοτριϐοῦντα,

109 2721 180 2748 ἔνθα
206 2721 301 2755 κόραι,
325 2720 390 2747 ἔνθα
417 2719 473 2755 πῦρ
488 2719 539 2746 οὐκ
556 2718 708 2755 ὲμπυρίζον
726 2719 833 2755 χόρτον,
851 2719 910 2746 ἀλλ’

109 2764 191 2791 οἷκον
210 2765 302 2801 ψυχῆς
313 2773 320 2780 ·
339 2764 428 2796 ἐνίους
446 2764 527 2792 πάλιν
544 2764 759 2800 ἐπιλαθομένους
773 2764 824 2799 τῆς
838 2763 910 2791 ἐννό-

112 2820 168 2847 μου
190 2811 276 2847 ζωῆς,
293 2811 405 2843 δούλους
417 2810 614 2846 ὠνησαμένους
634 2811 726 2843 αὐτοῖς
745 2811 845 2847 συζῇν·
865 2811 914 2838 καὶ

152 2868 193 2904 (ι)
213 2868 240 2897 Ιιι
255 2869 316 2897 cod.
331 2869 397 2905 Reg.
414 2869 477 2905 ρια’.

999 1891 1191 1925 Opportunum
1206 1889 1361 1918 existimavi
1376 1890 1568 1925 prolicisceute
1585 1899 1658 1920 nunc
1671 1892 1755 1921 fratre

958 1934 1062 1967 Leone,
1074 1943 1238 1962 communes
1252 1935 1382 1962 omnibus
1394 1934 1500 1962 litteras
1515 1937 1580 1963 dare
1591 1956 1598 1969 ,
1616 1936 1753 1964 benedicti
1766 1971 1769 1974 ν

956 1982 1060 2011 fratres
1073 1982 1243 2015 Patresque;
1259 1989 1394 2009 revocans
1409 1981 1435 2008 in
1449 1983 1609 2010 memoriam
1619 1990 1680 2018 qua:
1693 1992 1755 2019 pcr—

958 2028 1046 2056 tinent
1065 2028 1099 2056 ad
1113 2028 1317 2063 salutem,quia
1331 2036 1380 2064 per
1394 2028 1545 2056 absentiam
1563 2028 1642 2056 istam
1662 2034 1688 2057 et
1704 2037 1756 2057 ex-

958 2075 1050 2103 silium
1067 2076 1094 2102 in
1109 2079 1182 2102 metu
1199 2079 1226 2102 et
1240 2075 1339 2102 timore
1351 2082 1460 2108 versor,
1474 2075 1510 2102 ob
1526 2074 1599 2102 illam
1613 2083 1673 2111 quze
1690 2076 1755 2103 mihi

959 2124 1059 2156 praeter
1073 2120 1216 2156 proprium
1232 2123 1408 2154 peccatorum
1423 2128 1494 2148 onus
1512 2120 1658 2154 incumbit,
1672 2120 1754 2149 vestri

957 2173 1054 2194 curam
1077 2169 1104 2193 et
1124 2165 1327 2200 praefecturam.
1349 2165 1442 2194 Metuo
1461 2166 1536 2194 enim
1554 2175 1588 2195 ac
1609 2175 1706 2195 vereor
1723 2175 1756 2195 ne

959 2221 1009 2242 vos
1038 2214 1086 2249 qui
1115 2215 1143 2241 in
1172 2213 1240 2241 urbe
1267 2214 1425 2247 habitatis,
1451 2213 1563 2243 facilius
1590 2216 1619 2242 in
1648 2215 1756 2251 lapsum

959 2261 1080 2296 aliquem
1093 2260 1245 2288 incurratis
1258 2280 1266 2293 ,
1280 2265 1309 2288 et
1320 2268 1381 2296 quae
1397 2261 1493 2289 multis
1508 2262 1652 2290 laboribus
1665 2266 1756 2289 certa-

959 2306 1153 2342 minibusque,
1169 2311 1227 2334 tum
1246 2312 1310 2334 ante
1324 2307 1559 2342 persecutionem,
1577 2313 1635 2336 tum
1653 2309 1681 2336 itt
1696 2316 1758 2344 per-

959 2353 1103 2381 secutione
1114 2373 1122 2384 ,
1137 2353 1210 2380 bona
1224 2361 1307 2388 opera
1321 2353 1484 2389 collegimus
1495 2374 1503 2387 ,
1519 2354 1610 2382 brevis
1624 2355 1756 2389 temporia

961 2398 1126 2433 negligentia
1152 2397 1278 2426 fundittts
1293 2398 1487 2433 deperdamus.
1506 2399 1596 2426 Audio
1619 2398 1739 2427 instabili

961 2449 1058 2476 tatem,
1071 2444 1154 2471 audio
1167 2444 1388 2480 emigrationem,
1403 2445 1488 2473 alium
1505 2446 1541 2473 ab
1556 2446 1609 2474 alio
1624 2451 1651 2473 et
1670 2445 1758 2473 fratre

960 2494 987 2517 et
1000 2490 1061 2517 loco
1079 2490 1243 2524 abeuntem;
1255 2494 1293 2524 et,
1305 2490 1378 2526 qttod
1390 2491 1576 2523 miserabilius
1589 2496 1649 2525 est,
1671 2492 1756 2520 aliunt

961 2535 1051 2563 solum
1068 2536 1246 2570 residentem,
1264 2537 1349 2564 alium
1368 2537 1495 2565 cellulam
1516 2538 1547 2569 in
1559 2538 1642 2566 domo
1658 2539 1686 2566 in
1702 2548 1757 2574 qua

961 2586 1026 2610 sunt
1042 2582 1173 2610 mulieres
1187 2582 1351 2617 habentem;
1365 2583 1450 2610 alium
1467 2591 1563 2611 rursus
1578 2583 1605 2611 in
1621 2585 1756 2612 muliebri
1781 2615 1782 2618 η

961 2628 1129 2656 monasterio
1146 2633 1277 2663 perpetuo
1286 2628 1470 2656 diversantem
1485 2638 1492 2662 ;
1510 2629 1595 2656 alium
1611 2630 1701 2658 dcttuo
1719 2630 1757 2658 ibi

962 2675 1132 2712 frequentem
1146 2677 1192 2704 ttbi
1210 2682 1275 2704 suttt
1287 2677 1396 2712 puellm,
1418 2677 1462 2705 ubi
1480 2677 1551 2713 ignis
1571 2685 1627 2705 non
1643 2677 1753 2712 fenum,

962 2722 1010 2750 sed
1032 2722 1147 2752 domum.
1169 2723 1268 2753 anima:
1288 2724 1473 2754 comburens:
1495 2724 1631 2760 quosdam
1658 2732 1759 2752 rursus

964 2765 1086 2794 astricta;
1101 2766 1209 2802 legibus
1220 2768 1283 2795 vita:
1297 2768 1409 2802 oblitos,
1423 2777 1519 2797 servos
1533 2777 1637 2803 emere,
1653 2774 1680 2797 et
1693 2777 1756 2797 cum

965 2811 1019 2840 illis
1031 2812 1145 2846 vivere;
1166 2813 1235 2842 alios
1253 2813 1317 2843 item
1335 2815 1451 2844 mercari
1470 2823 1561 2851 agros.
1580 2815 1603 2844 0
1618 2815 1754 2845 infelicent
