1912 3080
158 150 234 183 -ιωτ

162 209 284 235 animant
302 207 409 234 meaml
426 207 567 242 quotnodo
580 207 610 234 in
627 207 671 235 his
689 214 743 235 non
759 206 959 242 ingemiscant?
973 209 995 237 Α

162 253 302 290 quomodo
323 260 378 279 non
403 258 522 280 metuam
548 253 571 281 si
592 254 698 288 justum
724 252 771 281 Dei
792 258 958 288 prareeptum

164 307 218 325 non
237 297 419 324 aununtiem?
436 297 554 332 thuid,
586 299 700 331 lratres,
719 298 753 325 de
767 302 839 325 statu
859 297 960 325 mentis

115 339 117 343 “
164 343 290 371 uxiistis?
304 344 400 378 utquid
416 343 525 371 Domini
552 344 635 377 servi,
652 343 783 371 vitiorum
809 344 880 372 servi
895 343 959 372 facti

164 391 251 418 estis?
274 399 334 417 cum
351 390 403 417 sub
420 390 478 425 lege
496 390 578 423 sitis,
594 399 644 418 cur
658 395 753 418 contra
774 391 860 426 legem
879 397 960 426 agere

166 436 332 464 sustinetis?
349 444 397 463 cur
409 436 513 464 Christi
529 436 667 469 cultores,
688 436 735 464 ﬁlii
753 438 959 469 exacerbantes,

164 492 178 509 a
198 491 280 519 prava
299 483 463 511 seductinne
483 491 537 511 non
555 483 707 511 receditis?
724 491 778 511 non
793 483 920 511 residetis
932 485 959 510 in

164 529 232 556 locis
263 529 394 556 seandalo
419 529 598 556 carentibus?
624 537 678 557 nou
706 529 762 557 bini
783 534 811 556 et
833 530 889 557 bini
912 533 961 557 aut

164 576 246 603 etiam
260 576 352 611 plures
367 576 450 604 simul
462 576 531 603 estis
546 583 624 603 more
638 576 811 612 apostolico?

201 621 247 647 Vm
265 622 315 648 soli
330 630 336 648 :
356 629 396 648 vte
412 621 504 649 sedem
523 630 576 648 non
593 621 704 649 habenti
721 631 727 649 :
746 630 785 649 va:
797 622 960 650 mulieribus

164 667 258 693 dedito
282 674 288 692 :
320 675 361 694 va:
386 667 458 694 servi
487 675 591 694 serro:
616 675 656 695 vae
681 667 779 701 Giezi,
797 668 844 703 qui
859 668 961 704 emptis

164 713 238 747 agris
253 718 280 740 et
295 713 413 746 vinetis,
436 713 518 748 lepra:
534 712 656 740 Naaman
675 714 763 742 heres
782 714 834 742 fuit.
853 715 895 742 "1
918 715 961 742 An

165 759 265 786 divina:
280 767 361 786 voces
377 767 431 787 non
450 764 516 787 sunt
537 760 602 788 hae?
625 760 666 787 An
683 767 734 793 ego
747 768 763 787 a
775 759 881 795 meipso
895 767 962 795 pro-

165 802 242 830 fero?
258 804 374 836 Quando
394 803 516 831 fervebat
531 804 686 839 persecutio
697 825 704 835 .
724 804 844 832 habebat
860 812 914 840 qua
931 812 962 832 se

165 848 325 875 defenderet
338 850 547 883 necessitatem,
559 850 607 886 qui
628 851 656 877 in
670 857 766 878 eorum
787 858 849 886 quae
863 858 960 878 recen-

165 894 272 922 sniutus
295 895 385 930 aliqua
414 895 507 930 lapsus
530 883 622 930 esset;
646 902 673 924 et
699 897 735 924 ob
760 883 841 924 [idem
864 901 958 924 exorta
977 883 999 912 Β

165 940 317 968 necessitas
336 948 413 968 reum
431 941 602 969 absolvebat.
620 941 699 970 Nunc
718 950 785 970 vero
805 943 898 971 nullus
917 947 962 971 est

166 991 345 1019 persecutor,
364 986 456 1014 nullus
473 987 520 1023 qui
536 987 683 1023 prohibeat
702 988 852 1024 quominus
873 988 960 1016 bone-

165 1036 207 1059 ste
228 1032 359 1061 habitetis
369 1036 426 1066 .T'et
446 1041 508 1062 cum
531 1034 593 1062 aliis
610 1035 651 1062 vel
675 1035 819 1063 minimum
837 1036 958 1064 duohus.

163 1076 232 1105 Nam
251 1080 322 1107 male
337 1080 472 1114 viventes,
489 1081 679 1109 condemnatis
695 1090 728 1109 ex
744 1082 821 1110 vobis
829 1082 896 1117 ipsis
911 1090 960 1111 eos

164 1125 211 1164 {lui
236 1126 388 1153 secundum
413 1126 500 1162 legetn
523 1127 629 1155 vivunt.
660 1128 760 1156 Annon
786 1128 844 1156 haec
870 1133 961 1157 vestra

166 1170 332 1199 instabilitas
347 1172 451 1200 indicio
464 1178 517 1206 est,
531 1181 580 1201 vos
592 1173 620 1200 in
634 1182 702 1209 pace
719 1175 833 1202 minime
843 1182 963 1203 conven-

165 1217 261 1244 turos?
278 1216 451 1252 Resipiscite,
471 1219 597 1251 obsecro,
612 1220 711 1255 fratres
729 1223 779 1248 mei
797 1221 894 1254 sancti,
911 1229 963 1248 εα-

165 1262 239 1289 lem's
252 1264 399 1291 vocationis
414 1264 558 1300 participes
570 1265 610 1293 ἰι
630 1266 683 1293 nisi
694 1266 889 1302 corrigamini,
905 1275 960 1294 non

165 1307 206 1335 sic
218 1309 382 1344 appellandi,
392 1310 438 1337 sed
452 1310 610 1338 nominibus
621 1311 778 1344 contrariis,
786 1311 858 1347 quod
876 1311 958 1339 absit.

165 1351 230 1382 Hac
243 1362 293 1390 ego
306 1359 444 1383 contestor
457 1364 549 1384 coram
564 1357 620 1385 Deo
634 1358 784 1393 electisque
797 1358 923 1394 angelis:
937 1357 962 1386 si

165 1399 227 1434 quis
243 1406 384 1428 correctus
395 1409 450 1428 non
466 1401 561 1434 fuerit,
577 1407 605 1430 et
615 1408 676 1438 post
690 1404 874 1431 constitutum
891 1409 962 1431 tem-

165 1446 241 1480 poris
256 1448 377 1479 spatium
393 1448 543 1482 perstiterit
557 1470 564 1482 ,
591 1457 605 1476 a
626 1449 785 1477 divinorum
803 1458 963 1478 sacramen-

166 1495 256 1518 torntn
287 1492 498 1528 participatione
525 1494 665 1521 arcebitur
690 1502 741 1529 pro
768 1502 800 1522 ea
829 1500 963 1530 potestate

165 1543 239 1571 qnzc‘
252 1537 319 1564 mihi
346 1537 373 1564 in
393 1545 442 1566 vos
461 1545 476 1565 a
497 1537 616 1566 Domino
631 1539 694 1566 data
707 1543 772 1573 est;
793 1540 826 1566 ad
845 1540 963 1567 zetlilica-
977 1554 1000 1583 ο

167 1583 281 1615 tionem,
299 1591 352 1611 non
381 1584 414 1611 ad
442 1584 657 1612 destructionem
683 1585 790 1620 loquor.
807 1585 861 1613 Vos
877 1593 942 1614 vero
955 1606 963 1619 ,

166 1628 266 1657 fratres
283 1630 336 1657 mei
349 1650 357 1660 .
376 1635 507 1666 tanquam
533 1631 579 1658 tilii
598 1631 761 1659 obcdientia:
783 1633 852 1660 bene
868 1632 941 1668 agite
955 1652 964 1666 ,

166 1680 197 1702 ut
210 1681 237 1704 et
249 1675 305 1703 Deo
318 1676 456 1709 serviatis,
471 1681 497 1704 et
511 1685 554 1704 me
570 1678 703 1705 tniserum
719 1685 734 1705 a
753 1678 857 1713 peccati
876 1684 966 1707 morte

165 1722 333 1755 vindicetis,
357 1723 384 1750 in
407 1722 518 1751 Christo
540 1722 604 1750 Jcsu
633 1723 750 1751 Domino
779 1729 876 1752 nostro
890 1745 899 1757 .
921 1725 966 1753 cui

166 1767 253 1803 gloria
268 1776 332 1796 cum
348 1767 430 1796 Patre
444 1773 471 1796 et
485 1774 582 1796 sancto
603 1768 720 1804 Spiritu.
736 1769 837 1797 Amen.

358 1823 450 1852 CVIII.
465 1838 499 1844 -—
510 1823 613 1851 Joanm'
628 1823 769 1852 Sardemi.

774 151 805 180 S-
818 148 1017 182 THEODOKI
1032 147 1209 180 STUDITIE

1009 205 1075 240 γοῦν
1091 205 1204 242 ἑτέρους
1223 205 1328 240 ἀγροὺς
1340 204 1499 240 ἀγοράζειν.
1516 204 1549 231 Ὢ
1564 204 1615 241 τῆς
1635 205 1734 238 ἀθλίας
1753 215 1809 242 μου

1010 251 1117 287 ψυχῆςί
1134 252 1192 284 πῶς
1203 251 1233 278 ὲν
1247 250 1352 282 τούτοις
1364 251 1395 278 οὑ
1409 249 1545 284 στενάξω
1563 251 1624 283 πῶς
1633 251 1662 278 δὲ
1674 251 1705 278 οὑ
1719 252 1809 288 φοϐη-

1011 297 1130 333 Θήσομαι
1147 297 1185 333 μὴ
1201 297 1378 332 ἀναγγέλλων
1400 297 1431 324 τὺ
1445 297 1585 332 δικαίωμα
1604 297 1651 324 τοῦ
1669 297 1758 330 Θεοῦ;
1775 299 1809 325 Τί

1010 343 1042 379 δὴ
1063 343 1208 379 ἐξέστητε,
1224 342 1351 378 “elect;
1366 342 1393 369 τί
1407 342 1437 369 δὲ
1455 343 1480 369 οί
1497 341 1585 369 δοῦλοι
1600 344 1704 379 Κυρίου
1719 343 1809 371 δοῦλοι

1011 389 1105 417 παθῶν
1121 389 1272 424 γεγόνατε;
1294 389 1321 415 τί
1335 389 1360 415 οἱ
1386 389 1416 416 ιν
1432 389 1509 424 νόμῳ
1528 389 1641 424 ἀνομεῖν
1654 389 1806 425 ἀνέχεσθε;

1010 435 1037 462 τί
1061 436 1091 462 δὲ
1113 435 1139 462 oi
1168 435 1338 471 θεραπευταὶ
1363 434 1501 470 Χριστοῦ.
1530 435 1584 461 υἱοὶ
1615 435 1808 471 παραπικραί-

1011 490 1116 514 νοντες,
1135 482 1166 508 οὐ
1189 481 1357 517 μετέρχεσοε
1377 481 1427 516 τῆς
1440 482 1564 516 πονηρᾶς
1584 482 1756 517 ἀπαγωγῆς;
1775 482 1808 509 οὐ

1011 527 1162 560 καθέζεσθε
1177 529 1218 559 εἰς
1231 527 1332 558 τόπους
1349 527 1583 558 ἁσκανδαλίστους
1596 535 1604 560 ;
1622 528 1653 554 οὐ
1665 527 1712 554 δύο
1725 527 1774 555 δύο
1789 528 1808 566 ἢ

1010 574 1059 602 καὶ
1075 573 1162 609 πρὸς,
1179 574 1293 600 σύνεστε
1307 572 1515 605 ἀποστολικῶςς

1046 620 1116 647 Οὐαὶ
1127 619 1167 655 τῷ
1180 620 1253 656 μόνῳ
1263 620 1270 647 l
1283 619 1345 646 οὒαὶ
1357 619 1396 654 τῷ
1407 619 1562 654 ἀκαθίστῳί
1576 619 1639 646 οὐαὶ
1650 619 1690 655 τῷ
1698 620 1811 654 γυναιά-

1010 664 1084 697 ζοντι
1095 664 1102 690 l
1116 665 1179 691 οὐαὶ
1186 663 1226 699 τῷ
1236 663 1418 698 ὁουλοδούλῳί
1433 663 1495 690 οὐαὶ
1509 662 1548 699 τῷ
1557 663 1651 699 Γιεζῇ,
1662 664 1691 696 ὃς
1702 664 1810 699 ὠνησά-

1012 719 1093 747 μενος
1102 710 1215 746 ἀγροὺς,
1227 710 1275 737 καὶ
1283 710 1461 746 ἀμπελῶνας,
1471 709 1696 746 κεκληρονόμηκε
1706 711 1756 746 τὴν
1765 710 1810 736 λέ-

1011 765 1084 792 πραν
1096 756 1222 792 Νεεμάνί
1241 757 1278 792 μὴ
1291 757 1352 792 οὐχὶ
1365 756 1436 783 θεῖαι
1451 757 1489 792 μὴ
1508 756 1597 791 φωναὶ
1609 752 1708 789 abut;
1730 757 1768 791 μή
1781 765 1809 783 τι

1011 802 1067 837 ἐγὼ
1076 811 1115 829 πα
1120 802 1144 838 ρ’
1152 802 1271 838 ἐμαυτοῦ
1280 802 1412 837 eloquetur);
1418 803 1463 829 ὅτε
1470 801 1586 837 ἔσραζεν
1591 803 1605 829 ὁ
1611 802 1743 839 διωγμὸς,
1750 801 1810 839 εἵχέ

1011 857 1055 879 τις
1068 848 1148 882 λόγον
1167 848 1197 881 ἐξ
1211 847 1352 884 ἀνάγκης,
1367 847 1396 874 ἐν
1407 857 1480 875 τισιν
1491 845 1530 876 ὧν
1546 849 1790 885 ἀπηριθμησάμην
1800 870 1809 883 ,

1013 893 1163 929 ἐμπίπτειν
1173 901 1181 909 ⁸
1198 893 1246 920 καὶ
1259 894 1276 929 ἡ
1290 893 1337 920 διὰ
1352 893 1402 929 τὴν
1422 894 1514 921 πίστιν
1529 894 1648 930 ἀνάγκη,
1664 895 1750 928 ἔσωζε
1763 896 1812 923 τὸν

1016 939 1222 976 εὑρισκόμενον.
1237 939 1293 967 Νῦν
1306 940 1336 967 δὲ
1349 940 1437 972 οὐδεὶς
1454 942 1469 968 ὁ
1489 940 1608 974 διώκων,
1622 941 1679 968 οὐδ’
1693 943 1708 968 ὁ
1721 942 1813 969 κωλύ-

1017 995 1072 1014 σων
1091 986 1184 1019 καλῶς
1203 987 1279 1022 ἡμᾶς
1297 987 1477 1020 καθέζισθαι,
1496 989 1544 1014 καὶ
1565 988 1615 1014 σὺν
1632 988 1723 1020 ἄλλοις
1737 989 1814 1018 δυοῖν

1016 1031 1086 1061 εἶναι
1108 1033 1297 1069 τούλάχιστον.
1322 1033 1367 1066 Ἐξ
1393 1033 1472 1068 ὑμῶν
1488 1033 1544 1068 γὰρ
1567 1033 1659 1061 αὐτῶν
1675 1035 1813 1071 κατακρί-

1017 1080 1096 1108 vaces
1120 1080 1175 1108 τῶν
1199 1080 1322 1116 ἐννόμως
1348 1079 1522 1113 διαζώντων,
1549 1080 1574 1106 οί
1603 1080 1749 1113 κακόζωοι.
1777 1081 1813 1107 Ἦ

1016 1127 1077 1162 οὐχὶ
1096 1125 1264 1162 προδήλωμα
1280 1126 1331 1161 τῆς
1348 1126 1378 1152 ὲν
1400 1126 1498 1162 είίήνῃ
1523 1126 1709 1162 ἀσυνδρομίας
1734 1126 1814 1162 ὑμῶν

1017 1173 1034 1209 ἡ
1049 1171 1176 1208 παροῦσα
1197 1172 1309 1205 dilecta;
1329 1172 1517 1207 ’Δνανήψατε,
1539 1172 1710 1208 παρακαλῶ,
1724 1172 1815 1200 ἀδελ-

1016 1219 1068 1253 φοί
1076 1227 1137 1253 μου
1157 1218 1236 1253 ἅγιοι
1246 1237 1255 1250 ,
1270 1217 1410 1253 κλήσεως
1424 1217 1608 1252 ἐπουρανίου
1620 1217 1744 1252 μέτοχοι
1753 1226 1760 1232 ·
1780 1218 1815 1245 ἄν

1018 1265 1057 1302 μὴ
1072 1265 1270 1301 διορθωσησθε,
1289 1265 1338 1300 οὺχ
1353 1264 1441 1297 οὓτως
1459 1264 1580 1300 χλητὲοι,
1597 1264 1655 1291 ἀλλ’
1670 1265 1812 1297 ἐναντίως,

1018 1312 1087 1348 ὅπερ
1100 1311 1195 1348 ἀπείη.
1208 1311 1302 1338 Ταῦτα
1317 1311 1542 1347 διαμαρτύρομαι
1555 1310 1670 1338 ἐνώπιον
1682 1311 1732 1338 τοῦ
1743 1311 1814 1338 Θεοῦ

1018 1359 1065 1386 καὶ
1078 1358 1133 1385 τῶν
1154 1358 1293 1385 ἐκλεκτῶν
1312 1357 1439 1393 ἀγγέλων
1449 1366 1456 1373 ·
1475 1357 1503 1384 ιτ
1517 1366 1559 1390 τις
1578 1358 1617 1394 μὴ
1630 1357 1814 1394 διορθώσηται

1018 1404 1088 1439 μετὰ
1115 1403 1165 1439 τὴν
1192 1403 1349 1440 ὡρισμένην
1376 1405 1417 1435 είς
1444 1403 1543 1439 χρόνον
1559 1403 1633 1435 τινὸς
1655 1403 1815 1438 σύμφθασιν

1017 1451 1171 1486 ἐπιμονὴν,
1196 1450 1250 1477 τῶν
1272 1451 1454 1486 ἀγιασμάτων
1476 1450 1530 1477 ὑπὸ
1542 1450 1612 1477 Θεοῦ
1637 1450 1678 1482 είς
1695 1450 1816 1486 μετάλη-

1017 1497 1063 1532 ψιν
1086 1497 1229 1532 εἴργεται,
1258 1496 1331 1523 κατὰ
1356 1497 1407 1532 τὴν
1432 1496 1557 1529 ἐξουσίαν
1584 1497 1618 1530 ἢν
1633 1496 1718 1523 ἔδωκέ
1738 1505 1785 1531 μοι
1799 1497 1816 1524 6

1018 1543 1120 1578 Κύριος
1136 1543 1165 1569 ἐν
1181 1542 1245 1578 ὑμῖν
1256 1550 1264 1556 ·
1281 1543 1322 1574 είς
1338 1542 1485 1577 οίκοδομὴν
1497 1542 1545 1569 καὶ
1558 1543 1610 1569 οὐκ
1627 1542 1668 1573 εἰς
1682 1541 1813 1577 καθαίρε-

1019 1596 1061 1615 σιν
1090 1590 1105 1615 ὸ
1119 1588 1209 1623 λόγος.
1248 1588 1343 1623 Ὑμεῖς
1356 1587 1396 1619 δὲ,
1415 1587 1528 1622 ἀδελφοί
1548 1596 1611 1623 μου,
1629 1587 1667 1619 ὠς
1691 1588 1744 1614 υἱοὶ
1766 1588 1817 1614 ὐπ-

1015 1634 1114 1669 αχοῆς,
1130 1634 1162 1661 εὖ
1177 1634 1311 1670 πράξατε,
1329 1633 1374 1661 ἴνα
1387 1634 1434 1661 καὶ
1446 1633 1512 1660 Θεὸν
1525 1633 1725 1669 θεραπεύσητε,
1742 1633 1816 1668 κάμὲ

1014 1680 1062 1708 τὸν
1074 1680 1190 1707 ἐλεεινὸν
1204 1680 1252 1707 τοῦ
1268 1680 1384 1707 θανάτου
1399 1680 1450 1715 τῆς
1467 1680 1607 1715 ἁμαρτίας
1626 1679 1767 1715 ὲξέλησθε,
1785 1681 1817 1707 ὲν

1015 1728 1127 1764 Χριστῷ
1152 1727 1242 1764 Ἰησοῦ
1256 1727 1296 1763 τῷ
1316 1727 1412 1763 Κυρίῳ
1426 1727 1506 1762 ἡμῶν
1519 1747 1526 1760 ,
1540 1723 1564 1761 ᾧ
1580 1728 1597 1763 ἡ
1612 1727 1676 1761 δόξα
1694 1727 1744 1755 σὺν
1759 1727 1817 1754 [lac

1016 1774 1064 1810 τρὶ
1084 1774 1132 1801 καί.
1149 1774 1221 1809 ἁγίῳ
1236 1773 1389 1810 Πνεύματι.
1412 1774 1512 1810 *Δμήν.

1181 1829 1234 1857 Pﬂ'
1254 1830 1304 1866 (5).
1322 1845 1358 1850 —
1382 1829 1508 1864 Ἰωάννῃ
1527 1828 1657 1864 Σάρδης.
1672 1828 1763 1866 [χλε’.]

530 1881 563 1906 Ut
575 1888 606 1906 ex
619 1881 689 1913 gravi
702 1880 789 1906 morbo
799 1882 967 1914 convalescat,
979 1884 1100 1911 Ecclesia
1116 1885 1240 1918 imprimis
1251 1893 1326 1912 causa
1336 1890 1462 1918 precatur.

204 1933 312 1961 Dudum
325 1933 481 1962 audivimus
493 1938 627 1970 aegrotare
636 1939 777 1970 paternam
790 1935 963 1964 sanctitatem

167 1986 260 2012 tuam,
276 1988 350 2007 nunc
364 1988 430 2007 vero
445 1988 514 2016 pene
526 1981 608 2009 etiam
623 1981 798 2017 desperatam
813 1989 886 2010 esse.
903 1982 964 2016 Quo

167 2027 266 2055 nuntio
280 2035 331 2054 nos
345 2026 464 2055 humiles
479 2028 515 2056 ita
528 2035 626 2056 sumus
638 2027 820 2061 ceustcrnati,
834 2033 966 2064 tantoque

168 2074 287 2110 perculsi
299 2074 404 2107 dolore,
423 2078 451 2101 nt
465 2074 602 2110 proticisci
616 2075 688 2103 istuc
698 2075 808 2102 animus
822 2075 922 2108 fuerit.
937 2080 966 2103 et

168 2120 307 2157 ingratum
319 2129 458 2149 rumorem
472 2121 560 2149 oculis
574 2129 718 2156 usurpare.
733 2120 762 2148 Id
775 2129 841 2149 vero
853 2126 966 2157 propter

168 2167 299 2196 instantia
318 2167 427 2203 negotia
443 2166 547 2195 factum
561 2174 617 2194 non
633 2172 686 2195 est.
703 2166 793 2200 Quare
809 2167 898 2194 coacti
911 2167 966 2194 fui-

167 2220 231 2240 mus
242 2212 340 2240 litteris
353 2211 561 2246 quodammodo
572 2211 665 2238 volare
679 2219 729 2239 ceu
742 2218 870 2246 corpore,
883 2215 967 2247 atque

168 2257 269 2285 intueri
285 2264 311 2284 te
323 2257 464 2292 egregium
481 2260 599 2292 patrem,
616 2257 756 2284 sincerum
772 2257 904 2290 amicum,
918 2265 966 2292 ge-

167 2311 297 2332 uerosuln
314 2308 411 2331 testem
427 2303 563 2330 veritatis.
580 2302 634 2329 Pro
646 2302 698 2331 hac
717 2302 855 2337 siquidem
876 2306 905 2330 et
917 2310 966 2330 ex-

167 2351 260 2378 silium
275 2349 430 2384 pertulisti,
446 2353 474 2376 et
487 2349 607 2376 carceris
621 2349 730 2375 vincula
750 2357 758 2376 :
780 2349 847 2383 quin
863 2353 890 2376 et
904 2353 970 2376 ante

167 2395 225 2422 haec
239 2395 429 2430 spectaculum
444 2394 534 2422 factus
546 2413 554 2427 .
569 2398 598 2421 ut
611 2393 735 2429 Apostoli
751 2393 842 2421 verbis
855 2398 918 2420 utar
928 2394 969 2432 ",

165 2446 194 2468 et
210 2441 316 2476 angelis
338 2445 366 2468 et
389 2440 547 2468 hominibus
562 2447 570 2467 :
595 2447 651 2475 quo
669 2439 713 2467 die
728 2439 837 2467 allisum
854 2444 896 2468 est
910 2439 971 2467 solo

169 2487 203 2514 ab
219 2486 309 2522 impiis
323 2494 418 2514 coram
432 2485 584 2521 Caiphaico
602 2485 740 2518 concilio,
756 2492 867 2514 sacrum
886 2489 972 2520 caput

171 2537 262 2559 tuum.
280 2531 302 2559 0
317 2531 384 2567 quid
397 2531 478 2559 nobis
493 2530 615 2559 accidit?
633 2531 704 2565 Quid
724 2531 802 2559 abire
815 2531 880 2559 hinc
894 2531 972 2559 festi-

168 2585 216 2606 nat
244 2579 375 2607 columna
401 2578 551 2607 Ecclesia?
579 2579 658 2607 Mane
684 2578 850 2611 nobiscum,
875 2578 967 2606 adhuc

165 2632 264 2659 mane,
280 2629 374 2660 patere
392 2633 444 2661 pro
458 2624 606 2662 Evangelio
616 2633 667 2653 ceu
682 2625 773 2653 bonus
782 2624 872 2652 miles.
884 2623 967 2653 Vides

167 2675 196 2699 ut
208 2671 310 2700 bellum
323 2672 423 2701 ardet?
435 2676 466 2700 ut
482 2679 533 2708 pro
543 2672 597 2701 [ide
610 2673 803 2708 impugnamur
815 2675 843 2701 et
857 2678 965 2707 pugnae

1061 1940 1129 1968 Ἀπὸ
1144 1940 1242 1976 χρόνου
1255 1939 1415 1976 ἠκούσαμεν
1427 1939 1623 1975 νοσηλεύεσοαί
1640 1949 1687 1967 σου
1702 1932 1752 1976 τὴν
1765 1949 1818 1968 πα-

1017 1985 1116 2022 τρικὴν
1134 1985 1303 2022 ἁγιωσύνην,
1328 1985 1393 2022 ἄρτι
1411 1985 1440 2012 δὲ
1466 1985 1568 2021 μικροῦ
1594 1986 1650 2013 δεῖν
1673 1987 1722 2013 καὶ
1744 1987 1816 2013 ἁπο-

1018 2032 1199 2066 γνωσθεϊσαν.
1220 2032 1277 2059 Καὶ
1296 2031 1426 2058 τοσοῦτον
1441 2031 1615 2067 ἑθροήθημεν
1631 2032 1656 2059 οί
1676 2033 1814 2066 ταπεινοὶ,

1019 2078 1067 2105 καὶ
1092 2078 1311 2114 συνεκινήθημεν
1337 2077 1484 2113 λυπηρῶς,
1501 2078 1538 2109 ὡς
1552 2078 1673 2113 ὁρμῆσαι
1697 2078 1817 2106 καταλα-

1020 2124 1077 2151 ϐεῖν
1093 2125 1169 2160 ἡμᾶς
1183 2125 1213 2151 ἐν
1234 2125 1291 2156 τοῖς
1313 2123 1424 2156 αὐτόθι,
1452 2124 1502 2151 καὶ
1516 2123 1577 2159 ὄψει
1597 2124 1746 2152 ὑπολαϐεῖν
1764 2124 1816 2161 τὴν

1016 2169 1162 2205 ἀπευκτὴν
1175 2169 1272 2204 ἀκοήν.
1291 2169 1350 2196 οὐκ
1373 2168 1515 2203 ιξεγένετο
1528 2169 1558 2196 δὲ
1573 2169 1619 2196 διὰ
1630 2170 1664 2196 τὰ
1679 2170 1817 2204 παριστά-

1020 2223 1089 2250 μενα
1103 2214 1203 2250 τούτῳ.
1228 2214 1275 2241 Διὸ
1293 2213 1511 2250 ἠναγκάσθημεν
1532 2215 1617 2241 οἱονεὶ
1642 2214 1816 2249 πτασθῆναι

1018 2261 1075 2292 τοῖς
1085 2261 1249 2296 γράμμασιν
1261 2260 1299 2292 ὼς
1310 2261 1340 2287 ἀν
1350 2259 1467 2296 σώματι,
1483 2261 1532 2288 καὶ
1546 2261 1611 2287 ἰδεῖν
1629 2268 1659 2287 σε
1673 2260 1719 2287 τὸν
1732 2260 1815 2287 καλὸν

1020 2306 1089 2333 πατέ
1094 2315 1139 2342 ρα,
1150 2307 1196 2333 τὸν
1209 2307 1322 2341 γνήσιον
1335 2306 1422 2341 φίλον,
1432 2304 1479 2333 τὸν
1488 2307 1614 2340 γενναῖον
1628 2306 1757 2341 μάρτυρα
1764 2307 1816 2340 τῆς

1019 2350 1162 2386 ἀληθείας.
1177 2350 1265 2387 Εἴπερ
1289 2351 1361 2387 ὑπὲρ
1376 2351 1463 2387 αὐτῆς
1490 2351 1524 2378 σὺ
1546 2352 1594 2378 καὶ
1607 2351 1748 2386 ὲξόριστος
1768 2351 1818 2378 καὶ

1022 2395 1253 2431 φρουροδέσμιοςν
1272 2396 1320 2424 καί
1338 2404 1370 2431 γε
1387 2396 1441 2432 πρὸ
1457 2395 1560 2423 τούτων
1575 2396 1690 2431 θέατρον
1701 2396 1818 2431 γενόμε-

1021 2449 1084 2473 νος,
1100 2441 1289 2473 ἀποατολικῶς
1311 2443 1416 2475 εἰπεῖν,
1430 2442 1479 2469 καὶ
1501 2442 1632 2477 ἀγγέλοις
1643 2442 1693 2469 καὶ
1708 2441 1819 2477 ἀνθρώ-

1023 2494 1098 2519 ποις,
1115 2486 1176 2514 καθ’
1190 2488 1224 2522 ἢν
1238 2487 1347 2523 ἡμέραν
1362 2487 1493 2523 ἔρριπταί
1508 2496 1555 2515 σου
1571 2488 1624 2515 ὑπὸ
1634 2488 1689 2515 τῶν
1697 2488 1818 2521 ἀσεϐῶν,

1025 2533 1098 2560 κατὰ
1111 2533 1259 2569 πρόσωπον
1272 2534 1320 2561 τοῦ
1339 2533 1516 2568 Καῖαφαῖκοῦ
1533 2535 1689 2570 συνεδρίου,
1705 2536 1746 2567 είς
1758 2534 1820 2562 sebo

1020 2578 1106 2614 δαφος
1116 2580 1134 2614 ἡ
1147 2579 1209 2615 ίιρά
1224 2581 1344 2616 κορυφή.
1358 2581 1390 2607 Ὢ
1401 2580 1429 2607 τί
1440 2580 1546 2615 γίνεται
1559 2582 1589 2608 ἐν
1601 2581 1683 2616 msh;
1696 2581 1723 2607 τί
1736 2581 1818 2608 ἀπαί-

1022 2633 1083 2661 ρειν
1105 2624 1161 2653 τῶν
1175 2625 1241 2661 τῇδε
1263 2625 1376 2653 σπεύδει
1395 2626 1410 2652 ὁ
1437 2627 1533 2659 στύλος
1553 2628 1604 2663 τῆς
1634 2626 1818 2662 Ἐκκλησιαςς

1021 2671 1121 2700 Μεῖνον
1139 2671 1200 2708 μεθ’
1216 2672 1307 2709 ἡμῶν,
1323 2672 1365 2700 ἔτι
1385 2674 1480 2709 μιῐνον
1490 2681 1499 2691 ·
1514 2673 1765 2710 συγκακοπάθησον
1779 2672 1819 2709 τῷ

202 2753 227 2770 ι’
243 2752 278 2780 ιν
297 2752 364 2788 Reg.
380 2759 407 2784 ν,
429 2751 474 2780 26.
515 2752 536 2768 "
555 2751 638 2780 llebr.
657 2758 707 2784 tu,
728 2751 753 2778 l.
794 2752 817 2768 ε’
834 2749 923 2780 lCor.
940 2759 977 2784 ιγ,
997 2750 1023 2778 9.

953 2808 1070 2838 ΝΟἸἈΞ.

203 2870 240 2906 (5)
255 2871 285 2900 .‘n
303 2871 363 2899 cod.
382 2871 448 2906 Reg.
467 2873 529 2906 ριγ’.
