1912 3080
108 162 178 194 Γείῗ)

704 161 976 193 EPISTOLARUM
1009 162 1082 194 LIB.
1103 162 1144 193 II.

1671 166 1741 199 13Ἷο

106 219 270 256 Εὐαγγελίῳ
291 219 332 252 ὡς
344 218 428 251 καλὸς
443 217 627 254 στρατιώτης.
649 217 733 254 ὀρᾷς
758 218 833 251 ὅπως
853 219 894 246 ἐν·

950 219 1030 247 mus?
1054 219 1120 253 Nm,
1144 227 1256 249 oramus
1281 226 1312 249 ut
1333 229 1454 250 maneas.
1495 223 1571 259 Roga
1600 224 1740 254 Christum

105 275 181 294 εστιν
194 267 209 294 6
217 267 337 301 πόλεμος
346 274 354 299 ;
364 266 439 297 ὅπως
451 264 607 301 βαλλόμεθα
617 265 666 292 καὶ
682 264 818 301 βάλλομεν
828 265 900 302 ὑπὲρ

103 315 152 341 τοῦ
168 314 251 347 λόγου
262 322 269 346 ;
286 314 342 340 Ναὶ
356 312 563 348 ἀντιϐολοῦμεν,
575 311 727 346 ἐπίμεινον.
739 313 858 348 Δίτησαι
869 312 900 339 ὗν

103 360 287 395 ὡμολόγησας
322 359 458 395 Χριστὸν,
491 359 540 386 καὶ
567 357 712 394 ὁμολογεῖς
734 359 900 394 προσκυνεῖν

104 406 352 442 ἁνθρωποπρεπῶς
368 405 591 442 ἐγγραφόμενον
609 405 658 433 καὶ
673 404 832 432 είσεικούσει
849 406 900 440 τῆς

103 453 226 488 ὃεήσεώς
240 461 299 481 σου.
309 453 342 481 Et
352 453 382 480 δὲ
395 452 506 484 πάντως
522 452 667 488 ἀπαίρεις,
679 451 809 487 οὕτωτῆς
823 452 896 487 Προ-

105 499 180 531 vola;
203 499 382 534 κελευούσης,
409 498 492 530 αὐτὸς
512 498 563 533 μὲν
579 499 736 534 χωρήσεις,
754 494 784 524 εὖ
800 497 896 532 ἴσμεν,

102 545 251 579 ὁμολογίας
263 544 383 571 ἔπαθλον
397 544 621 580 ἀπενεγκάμενος
630 552 638 560 ·
654 545 723 580 ἡμῖν
737 542 766 570 δὲ
776 542 839 569 nam
849 541 896 568 τὸν

947 274 1029 301 quem
1052 265 1195 301 professus
1218 274 1248 294 es
1272 271 1298 294 et
1323 267 1459 302 proﬁteris
1482 270 1598 298 adorare
1621 271 1739 299 humana

947 311 1038 345 specie
1049 311 1204 346 depictum;
1218 317 1244 340 et
1255 312 1382 340 exaudiet
1393 321 1487 347 preces
1499 319 1572 342 tuas.
1589 315 1637 342 Sin
1650 321 1739 344 autem

947 357 1061 385 omnino
1076 357 1195 386 discedis
1211 358 1248 386 ita
1261 358 1375 394 jubente
1391 358 1583 394 Providentia;
1604 362 1662 396 ipse
1677 363 1725 397 qui

946 404 1020 438 dem,
1032 408 1077 432 sat
1092 405 1195 433 scimus
1207 425 1216 438 ,
1230 405 1317 435 abibis
1333 406 1515 435 confessionis
1531 408 1652 436 referens
1666 416 1738 444 prae-

949 451 1033 479 mium
1049 461 1056 480 :
1072 452 1151 480 nobis
1166 460 1230 480 vero
1245 452 1328 482 Deum
1345 454 1478 489 optimum
1495 455 1592 483 reddes
1607 456 1740 483 interces-

950 495 1028 524 sione
1041 501 1087 524 tua
1099 497 1264 532 propitium;
1283 498 1367 526 simul
1379 499 1460 527 etiam
1476 504 1507 528 ut
1519 500 1629 528 festinet
1643 500 1739 529 Eccle-

948 541 997 570 siae
1011 549 1068 570 suae
1081 543 1248 578 prospicere.

102 589 170 616 Θεὸν
187 589 234 616 τὸν
252 589 356 625 ἀγαθὸν
378 591 560 626 καταστήσεις
575 591 637 622 ταῖς
660 588 842 626 πρεσϐείαις·
864 586 896 614 οὐ
912 587 968 625 μὴν
979 588 1049 616 ἀλλὰ
1065 589 1113 617 καὶ
1143 591 1185 622 εἰς
1212 590 1243 618 τὸ
1272 591 1388 628 ταχύναι
1399 593 1600 629 ἐπισκέψασθαι
1613 594 1663 631 τὴν
1675 596 1740 624 ἑαυ-

101 637 151 666 τοῦ
174 637 349 674 Ἐκκλησίαν.

292 695 344 723 ΡΘο
363 695 413 732 (6).
433 709 470 716 —-
493 695 581 730 Ἠλίᾳ
599 693 811 731 σέκνῳ.[χλζ’.]

1177 693 1246 723 CIX.
1260 708 1293 715 -—
1310 694 1379 723 Elia:
1391 695 1448 731 ﬁlio
1463 695 1508 732 (⁴).

771 754 810 781 Ad
823 755 954 788 quemthm
969 755 1074 789 lapsum.

139 812 188 844 Τίς
211 812 226 839 6
248 811 409 846 ἀναγκάσας
434 819 469 847 με
491 810 645 838 ἐπιστεῖλαί
663 819 725 844 σοι,
745 809 892 846 ἅνθρωπες

979 810 1047 844 Quis
1062 818 1106 839 me
1118 810 1208 847 coegit
1221 815 1252 840 ut
1265 811 1300 839 ad
1315 816 1342 840 te
1355 832 1363 845 .
1380 812 1417 840 mi
1438 813 1520 841 homo
1530 834 1538 847 ,
1565 814 1738 845 scriberem?

101 858 170 890 θεδς
184 858 307 893 δηλονότι
322 857 337 884 6
356 858 532 893 καταστήσας
548 865 582 893 μι
599 857 645 884 ἰπὶ
664 857 696 884 σε
709 858 828 893 ποιμένα
847 857 896 885 καὶ

101 904 254 939 νομοθέτην
266 911 273 919 ⁸
287 899 310 937 ᾧ
327 903 416 935 δώσω,
433 903 472 934 ὼς
490 902 561 938 ὑπὲρ
577 903 687 930 πάντων
701 903 755 930 τῶν
770 903 910 944 ἀδελφῶν,

103 959 162 981 σου,
191 949 240 976 καὶ
262 949 329 985 περὶ
347 949 394 976 σοῦ
417 948 507 984 λόγον.
530 949 673 983 Ἀπετάξω
687 949 720 985 δὴ
737 947 784 976 οὖν
799 949 896 976 αὐθαι-

102 997 207 1033 ρέτως,
231 995 372 1030 ὑπετάγης
394 995 534 1031 ιὺηκόως·
549 994 610 1022 εἶτα
625 995 746 1023 ὲσινίασέ
767 1004 797 1023 σε
812 996 827 1022 6
843 995 895 1023 Σα-

100 1042 187 1074 τανᾶς
207 1041 368 1078 ἀπορρήξας
383 1041 434 1077 τῆς
449 1041 525 1074 θείας
547 1042 706 1077 συναφείας.
723 1040 808 1075 Αὖθις
824 1042 894 1070 ἐλέει

100 1087 172 1114 Θεοῦ
201 1087 358 1124 συνήφθης·
379 1088 426 1114 καὶ
445 1087 529 1116 πάλιν
545 1087 672 1123 ἐνεργείᾳ
694 1087 823 1123 δαίμονος
838 1088 894 1115 ἁπ-

102 1134 257 1169 σπήδησας.
271 1134 388 1160 Ἔπειτα
401 1133 483 1161 πόλιν
492 1133 590 1164 ἐλθὼν,
603 1133 812 1168 ἑξωμολογήσω,
827 1134 895 1160 ὐπο-

101 1179 237 1215 σχόμενος
252 1179 303 1214 τὴν
323 1180 393 1214 πρὸς
407 1179 439 1206 τὸ
461 1178 526 1212 ἑξῆς
543 1178 695 1214 ἀσφάλειαν
706 1187 714 1194 ·
735 1179 783 1206 καὶ
799 1179 894 1215 ἐπειδὴ

100 1225 263 1261 ὑποστροφὴ
275 1225 326 1260 τῆς
341 1224 450 1259 ἔξορίας
463 1225 511 1251 ἐπὶ
525 1225 573 1252 τοῦ
588 1225 761 1261 Νικηφόρον,
773 1225 805 1252 οὐ
828 1233 894 1262 συντ

101 1271 187 1307 ἦλθες
203 1272 263 1302 τοῖς
282 1271 386 1302 λοιποῖς
396 1291 404 1304 ,
421 1271 480 1298 ἀλλ’
494 1271 607 1306 ἔμεινας
627 1272 670 1306 ἐφ’
684 1271 783 1299 ἑαυτοῦ
804 1271 895 1298 δελεα-

100 1317 217 1352 ζόμενος
236 1317 290 1344 ὑπὸ
309 1317 356 1344 τοῦ
380 1317 484 1352 ὄφεως·
515 1318 562 1345 καὶ
586 1317 666 1345 τοῦτο
693 1318 747 1350 ἓως
773 1318 822 1345 τοῦ
846 1318 894 1346 νῦν

101 1362 295 1397 βασιλεύοντος
305 1362 440 1398 τετάρτου
456 1362 526 1397 μετὰ
539 1362 564 1388 Ν
567 1362 710 1398 ικηφόρον.
722 1362 796 1394 Ἕως
815 1362 891 1394 πότε,

100 1408 213 1439 mare.
229 1407 346 1444 ὲγκυλίῃ
364 1409 421 1438 τοῖς
443 1408 494 1442 τῆς
509 1408 648 1444 ἁμαρτίας
669 1408 817 1443 τέλμασιν;
841 1408 894 1440 ἕως

99 1454 172 1486 τίνος
199 1454 251 1481 οὐκ
281 1454 395 1490 ἀνήσεις
418 1454 585 1489 ἀσχημονεῖν
609 1453 727 1481 ὲνὼπιον
750 1454 820 1481 Θεοῦ
845 1454 894 1481 καὶ

946 855 1020 885 Deus
1032 855 1105 885 haud
1118 856 1212 890 dubie.
1228 857 1274 891 qui
1287 865 1331 885 me
1345 857 1392 885 tibi
1406 863 1544 893 pastorem
1557 864 1586 886 et
1599 859 1738 894 legislato-

947 911 1004 930 rem
1026 902 1190 937 constituit;
1208 903 1253 931 cui
1271 903 1430 932 redditurus
1444 911 1507 933 sum
1523 909 1554 932 ut
1568 912 1619 940 pro
1630 906 1737 935 caeteris

947 947 1079 976 fratribus
1091 948 1145 976 tuis
1158 968 1167 980 ,
1182 948 1224 976 sic
1235 956 1285 984 pro
1298 953 1324 977 te
1336 957 1446 985 quoque
1461 950 1606 978 rationem.
1623 951 1736 980 Renun-

947 994 1021 1021 tiasti
1044 994 1128 1029 igitur
1155 995 1258 1022 mundo
1283 999 1330 1022 tua
1351 996 1445 1031 utique
1468 996 1555 1032 ipsius
1577 998 1736 1032 voluntate,

945 1038 1061 1067 libenter
1075 1039 1202 1068 subditus
1217 1039 1292 1068 fuisti
1306 1049 1314 1068 :
1328 1046 1422 1076 postea
1434 1042 1564 1069 cribravit
1577 1048 1602 1070 Ie
1618 1043 1736 1071 Satanas

945 1086 1085 1121 abripiens
1100 1094 1116 1114 a
1129 1086 1222 1114 divina
1237 1087 1378 1114 societate.
1395 1087 1495 1114 lterum
1518 1088 1572 1115 Deo
1587 1089 1736 1117 miserante

945 1132 1025 1160 nobis
1040 1132 1232 1166 consociatus,
1247 1138 1274 1160 et
1288 1132 1388 1160 iterum
1404 1133 1534 1162 daemonis
1550 1142 1631 1170 opera
1647 1137 1736 1164 resili-

945 1178 1002 1206 isti.
1018 1177 1083 1206 Post
1094 1179 1151 1206 haec
1166 1179 1256 1206 denuo
1267 1187 1392 1207 reversus
1405 1181 1618 1216 exomologesim
1634 1182 1734 1216 fecisti.

944 1224 1121 1252 stabilitatem
1138 1224 1166 1251 in
1179 1229 1320 1259 posterum
1338 1225 1499 1260 promittens
1513 1236 1520 1253 :
1545 1232 1572 1254 ct
1590 1233 1734 1263 postquam

943 1270 1033 1298 exsilii
1043 1269 1174 1297 relaxatio
1186 1269 1238 1297 fuit
1253 1270 1303 1298 sub
1311 1270 1477 1305 Nicephoro.
1487 1279 1549 1298 cum
1562 1273 1668 1300 caeteris
1678 1281 1734 1300 non

944 1315 1068 1348 rediisti;
1085 1315 1131 1343 sed
1146 1315 1217 1350 apud
1232 1318 1259 1342 te
1271 1315 1409 1342 inescatus
1420 1322 1436 1342 a
1450 1320 1575 1349 serpente
1591 1317 1734 1344 mansisti:

944 1361 1026 1396 idque
1050 1361 1083 1388 ad
1104 1369 1167 1388 eum
1198 1368 1286 1396 usque
1311 1360 1359 1396 qui
1388 1368 1463 1388 nunc
1492 1361 1637 1396 imperium
1662 1366 1736 1390 tenet

944 1411 1059 1443 quartus
1073 1414 1088 1434 a
1100 1406 1265 1440 Niceplioro.
1279 1405 1426 1442 Quousque
1441 1407 1550 1434 tandem
1560 1407 1693 1436 volutaris
1706 1409 1735 1435 in

945 1461 1024 1480 emno
1038 1451 1160 1487 peccati?
1170 1451 1320 1486 Quousque
1333 1459 1387 1479 non
1399 1451 1501 1479 desinis
1516 1451 1644 1479 indecore
1655 1459 1736 1488 agere

100 1499 272 1535 tinptbrrtov;
301 1500 358 1526 οὐκ
379 1499 419 1526 Evr
436 1499 569 1532 θάνατοςς
594 1499 644 1526 οὐκ
667 1500 708 1527 ἒνι
730 1500 891 1536 κριτήριον;

945 1507 1036 1527 coram
1051 1498 1106 1525 Deo
1121 1503 1148 1525 et
1163 1498 1340 1525 hominibus?
1360 1498 1401 1524 An
1418 1498 1492 1525 nulla
1511 1506 1585 1526 mors
1602 1499 1660 1527 est?
1674 1500 1736 1527 nul-

100 1547 139 1573 υὺ
161 1545 258 1576 δώσεις
281 1546 354 1572 τίσιν
368 1545 497 1578 αἰώνιον,
517 1543 551 1581 ἧς
575 1545 624 1573 καὶ
644 1545 727 1581 μόνον
741 1545 893 1581 ὲνϐύμησις

99 1591 279 1619 καταστέλλει
296 1591 387 1626 ψυχὴν
405 1591 452 1618 καὶ
467 1591 630 1627 ἐπιστρέφει
647 1591 715 1627 πρὸς
729 1591 892 1626 μετάνοιαν;

106 1637 269 1672 Ἀνάνηψον,
285 1636 426 1671 ἄνθρωπε,
441 1637 623 1673 ἁνακλήθητι,
638 1636 792 1672 παρακαλῶ
803 1645 810 1653 ·
824 1637 894 1672 ἄφες

98 1683 253 1717 οἰκοδομεῖν
272 1682 362 1714 οὶκίας
388 1682 545 1718 κοσμικῶς.
572 1684 586 1709 6
605 1683 653 1709 τὸν
677 1680 752 1710 οἶκόν
773 1692 820 1710 σου
842 1683 893 1718 τῆς

97 1728 189 1763 ψυχῆς
204 1726 397 1760 καταλελυκώς
407 1735 415 1742 ·
429 1726 461 1753 ια
474 1727 612 1753 τεκτονεῖν
623 1727 661 1758 ὡς
675 1726 770 1758 λαῖκδς
779 1746 787 1759 ,
811 1727 826 1754 6
847 1734 893 1752 τε·

98 1774 279 1808 τιταινόμενος
304 1773 358 1800 ὑπὸ
372 1772 419 1799 τοῦ
441 1773 550 1800 Σατανᾶ
561 1780 568 1787 “
585 1772 623 1808 μὴ
642 1774 800 1809 προφασίσῃ
813 1771 894 1799 τοῦτο

98 1819 229 1847 κάκεῖνο·
246 1818 334 1850 οὐδείς
351 1826 381 1844 σε
395 1817 527 1850 ὲξελεῖται
549 1819 582 1846 ὲκ
604 1818 695 1854 χειρὸς
716 1819 831 1854 Κυρίου.
845 1818 894 1854 Μὴ

98 1861 180 1898 εἴπης
192 1861 373 1898 ἡμαρτηκὼς·
386 1863 444 1889 Οὐκ
455 1863 521 1889 οἴσω
537 1863 586 1894 τὰς
597 1863 780 1898 ἐπιτιμήσεις.
790 1865 892 1897 υῐσεις,

97 1908 195 1935 τέκνον
215 1916 285 1944 μου·
311 1908 387 1935 καλῶ
406 1909 461 1944 γάρ
488 1917 518 1935 σε
544 1908 630 1939 οὕτως
646 1909 734 1936 ἐλπίδι
753 1910 802 1945 τῆς
825 1910 894 1936 ὑπο-

99 1955 240 1991 στροφῆς,
261 1955 319 1989 ὲγὼ
333 1957 346 1982 ὀ
362 1956 501 1986 ταπεινός.
526 1955 558 1982 Εἰ
573 1956 686 1991 Πατὴρ,
701 1955 893 1991 πεφεισμένως

100 2001 256 2037 iaspidem.
278 2001 507 2037 συμπαθητικῶς,
522 2002 717 2037 φιλοστόργως.
740 2002 829 2029 Μόνον
847 2002 893 2028 ϐέ-

98 2045 194 2081 λησον,
216 2046 298 2081 μόνον
313 2046 456 2082 κινήΘητι,
478 2046 625 2083 διάρρηξον
645 2047 680 2073 τὰ
695 2048 848 2082 κατέχοντά
861 2055 892 2074 σε

98 2092 188 2127 δεσμὰ
204 2092 253 2119 τοῦ
281 2092 417 2119 θανάτου·
444 2092 560 2127 ἐγγύθεν
581 2093 650 2120 Θεοῦ
674 2093 799 2128 βοήθεια,
817 2094 865 2120 καὶ
878 2094 892 2120 6

943 1545 1000 1573 lum
1022 1544 1175 1580 judicium?
1197 1552 1252 1571 non
1276 1551 1384 1579 pmnam
1410 1543 1470 1571 lues
1491 1548 1638 1578 aeternam,
1657 1545 1736 1579 cujus

944 1591 1001 1619 sola
1028 1590 1160 1626 cogitatio
1189 1594 1297 1618 coercet
1319 1589 1458 1622 animam,
1485 1591 1675 1626 convertitque
1702 1592 1736 1619 ad

944 1636 1153 1671 pmnitentiam?
1167 1635 1373 1671 Expergiscere,
1392 1635 1484 1670 homo,
1501 1637 1640 1671 resipisce.
1659 1638 1737 1664 obie-

944 1683 1116 1716 stor.0mitte
1125 1683 1221 1710 domos
1232 1682 1324 1710 saeculi
1333 1690 1409 1710 more
1417 1688 1566 1715 exstruere,
1578 1684 1624 1718 qui
1639 1684 1737 1711 animze

944 1733 998 1757 tuae
1012 1730 1123 1757 domum
1137 1730 1296 1758 destruxisti
1315 1736 1322 1755 :
1338 1729 1433 1757 desine
1447 1734 1475 1756 ut
1493 1729 1580 1757 laicus
1596 1729 1736 1763 fabricari,

944 1777 991 1812 qui
1006 1781 1144 1804 structura
1158 1777 1191 1804 lis
1211 1776 1339 1804 Satanae:
1361 1784 1449 1812 neque
1465 1777 1516 1803 bac
1531 1776 1633 1804 autilla
1650 1784 1735 1804 excu-

943 1823 1050 1850 satione
1072 1822 1169 1850 utaris.
1189 1821 1276 1850 Nemo
1292 1827 1318 1850 te
1336 1822 1443 1850 auferet
1461 1822 1493 1849 de
1511 1829 1594 1850 manu
1613 1821 1735 1850 Domitii.

944 1867 983 1896 Ne
994 1869 1069 1896 dicas
1080 1872 1222 1904 postquam
1232 1868 1367 1903 peccasti:
1380 1867 1479 1895 Pinnas
1488 1876 1540 1895 non
1550 1867 1632 1895 dabo.
1644 1867 1736 1899 nabis.

945 1915 982 1943 ﬁli
1003 1914 1041 1942 mi
1062 1923 1069 1942 :
1091 1914 1132 1942 sic
1145 1915 1218 1943 enim
1241 1922 1292 1950 ego
1315 1914 1428 1942 humilis
1443 1921 1469 1942 te
1483 1914 1595 1941 nomino
1609 1922 1658 1949 spe
1668 1922 1737 1942 con-

944 1961 1091 1988 versionis.
1106 1961 1136 1989 Si
1151 1966 1230 1996 pater
1245 1969 1319 1994 sum,
1331 1961 1495 1989 medicinam
1510 1960 1626 1988 adhibeo
1642 1968 1733 1996 pater,

943 2008 1187 2042 commiseranler,
1204 2013 1339 2035 amanter.
1361 2006 1435 2035 Velis
1450 2008 1658 2034 tantummodo:
1675 2012 1737 2034 tan-

944 2054 1085 2083 tummodo
1100 2054 1236 2082 movearis
1249 2063 1257 2081 :
1273 2062 1369 2089 rumpe
1383 2061 1445 2088 qua:
1463 2058 1488 2081 te
1503 2053 1625 2080 detinent
1640 2054 1736 2081 mortis

943 2101 1062 2136 vincula.
1074 2100 1162 2136 Prope
1175 2100 1252 2128 adest
1266 2099 1312 2128 Dei
1330 2100 1463 2127 au\ilinm
1474 2120 1482 2132 ,
1497 2105 1524 2128 et
1539 2100 1601 2128 vita;
1617 2105 1670 2127 tua:
1684 2109 1736 2127 cu-

98 2137 188 2172 φύλαξ
203 2146 252 2164 σου
264 2138 316 2173 τῆς
332 2136 406 2172 ζωῆς
419 2137 535 2172 ἄγγελος
556 2139 774 2174 προπορεύσεται
787 2147 794 2155 ·
819 2141 893 2175 χαρὰ

945 2152 1001 2174 stos
1012 2146 1125 2182 angelus
1137 2146 1277 2181 gradietur
1288 2151 1351 2173 ante
1362 2151 1398 2173 te.
1410 2145 1544 2173 Gaudium
1555 2146 1608 2173 erit
1621 2146 1735 2180 incmlo,

99 2185 130 2212 ὲν
145 2181 256 2218 οὐρανῷ
282 2183 439 2218 γενήσεται,
471 2183 603 2219 Θρῃνήσει
621 2184 636 2210 6
656 2183 797 2218 διάϐολος,
816 2193 893 2220 σκιρ-

945 2192 1048 2228 lugebit
1068 2192 1194 2220 diabolus
1206 2212 1213 2225 ,
1230 2199 1281 2228 ego
1304 2193 1389 2219 miser
1404 2192 1514 2218 inventa
1534 2198 1585 2218 ove
1603 2199 1664 2219 mea
1676 2199 1737 2226 quae

100 2228 178 2264 τήσω
197 2227 254 2262 ἐγὼ
275 2228 289 2254 6
301 2227 397 2269 τάλας,
416 2227 541 2263 εὑρηκὼς
555 2228 585 2255 τὸ
599 2229 738 2261 ἀπολωλός
754 2238 806 2265 μου
825 2230 893 2265 πρό-

946 2227 1064 2274 perierat
1079 2227 1267 2272 exsultabo,et
1284 2238 1378 2274 utique
1391 2238 1490 2267 fratres
1505 2239 1542 2266 tui
1560 2247 1666 2268 omnes.
1687 2239 1735 2267 Sin

101 2273 196 2306 σατον,
209 2274 256 2300 καί
269 2282 302 2308 γε
314 2274 331 2310 ἡ
344 2274 494 2309 ἀδελφότης
509 2282 567 2302 σου.
583 2275 651 2302 erat
662 2275 711 2311 μὴ,
722 2275 773 2312 ἔσῃ
780 2275 892 2312 θήραμα

946 2285 1050 2318 minus,
1065 2285 1155 2320 prmda
1167 2285 1223 2312 eris
1238 2285 1351 2316 diaboli,
1366 2289 1394 2312 et
1408 2285 1496 2312 haeres
1512 2285 1712 2312 maledictimiis
1727 2293 1735 2312 :

100 2319 141 2355 τῷ
165 2319 299 2355 διαϐόλῳ,
325 2319 374 2346 τοῦ
400 2320 463 2347 οὐαὶ
487 2320 675 2356 κληρονόμος,
704 2318 735 2348 οὗ
763 2322 893 2358 ῥυσθείης

946 2339 1000 2367 qua
1017 2318 1132 2364 utinam,
1148 2331 1215 2358 mihi
1229 2331 1361 2360 obediens
1373 2350 1381 2365 ,
1399 2338 1426 2359 et
1438 2339 1500 2359 cum
1515 2330 1573 2359 Sila
1590 2332 1674 2359 fratre
1691 2337 1737 2358 tuo

101 2365 282 2398 ὑπακούσας,
302 2365 352 2392 καὶ
374 2367 422 2393 σὺν
438 2366 477 2402 τῷ
495 2365 604 2402 ἁδελφῷ
621 2374 669 2393 σου
693 2367 759 2404 Σίλᾳ
783 2367 894 2395 ἐλευσό-
946 2365 1069 2409 θεηῖεηε,
1086 2377 1220 2405 libereris‘

102 2418 194 2445 μενος-

228 2471 271 2498 Pl'
289 2471 339 2507 (7).
361 2486 396 2494 -—-
416 2471 456 2508 Τῇ
474 2471 595 2508 όμόζυγι
613 2473 774 2508 Δημόχαρι.
797 2471 891 2509 [χλη’.Ῐ

738 2530 885 2556 Consolatur
895 2530 921 2556 in
932 2530 1001 2557 obitu
1013 2531 1106 2557 mariti.

152 2581 213 2617 Ἀφ’
223 2579 257 2618 ἧς
272 2582 379 2618 ἡμέρας
394 2583 533 2620 ἀνηγγέλη
548 2584 614 2620 ἡμῖν
627 2584 642 2612 6
653 2583 767 2617 θάνατος
779 2584 826 2612 τοῦ
840 2594 894 2621 μα·

985 2585 1022 2612 Ex
1035 2593 1091 2620 quo
1104 2584 1185 2612 nobis
1199 2584 1356 2612 renuntiata
1373 2590 1448 2611 mors
1466 2587 1509 2611 est
1522 2582 1593 2611 beati
1611 2584 1734 2620 magistri

102 2629 202 2665 κιρίου
218 2630 386 2666 στρατηγοῦ,
406 2631 489 2667 μέχρι
501 2630 550 2658 τοῦ
563 2630 660 2667 δεῦρο,
679 2631 765 2658 πολλὰ
783 2632 894 2668 δοκιμά-

946 2632 1077 2664 militum,
1088 2631 1121 2659 ad
1140 2631 1214 2659 hunc
1228 2638 1317 2666 usque
1331 2630 1414 2662 diem,
1429 2637 1492 2657 cum
1509 2629 1594 2657 multa
1608 2632 1737 2665 explora—

101 2684 202 2708 σαντες
227 2677 278 2703 οὐκ
303 2677 487 2713 εὐωδώθημεν
517 2678 671 2706 ἐπιστεῖλαι
698 2679 732 2715 τῇ
756 2678 894 2714 τιμιότητί

947 2678 1088 2711 verimus,
1115 2678 1218 2705 nullam
1241 2677 1413 2706 excellentia:
1435 2680 1490 2703 tuae
1510 2676 1647 2704 scribendi
1665 2677 1735 2703 viam

101 2729 170 2748 σου·
200 2723 248 2749 καὶ
270 2722 319 2750 νῦν
335 2723 363 2750 δὲ
385 2723 590 2756 ἱπιστέλλοντες
607 2724 684 2753 οὐδέν
705 2733 735 2752 σε
758 2723 892 2760 ὠφελεῖν,

945 2725 1071 2752 idoneam
1096 2725 1170 2753 nacti
1188 2732 1312 2753 sumus:
1335 2728 1363 2752 et
1388 2731 1462 2752 nunc
1484 2731 1547 2753 eum
1571 2724 1736 2755 scribimus,

102 2766 164 2794 οὐδὲ
177 2766 371 2803 “appertaier
385 2768 433 2795 τοῦ
449 2768 551 2804 βάρους
563 2769 614 2805 τῆς
629 2769 763 2797 ινωδύνου
779 2769 893 2806 καρδίας

945 2770 1012 2799 nihil
1026 2770 1124 2806 juvare
1134 2775 1173 2804 te.
1184 2778 1235 2800 nec
1248 2777 1358 2806 gravem
1372 2777 1521 2806 possumus
1533 2770 1624 2799 cordis
1633 2777 1737 2798 mmro~

839 2825 954 2858 NOTAE.

1146 2473 1200 2501 CX.
1209 2488 1245 2493 --
1259 2472 1342 2501 Uxori
1363 2472 1533 2501 Demochari.

140 2883 218 2920 (6)ln
237 2883 298 2912 cod.
313 2884 378 2920 ιρι.
394 2889 452 2921 ριν.

1004 2888 1041 2922 (7)
1054 2887 1082 2917 ln
1098 2888 1158 2917 cod.
1175 2888 1242 2924 Reg.
1263 2888 1329 2925 με’.
1347 2888 1384 2925 (⁸)
1403 2888 1579 2918 Paranotica.
