1912 3080
182 149 248 183 1371

785 153 816 184 S.
831 152 1031 183 THEODORI
1050 152 1226 186 STUDITAﬁ

1746 146 1816 179 1372

173 217 232 236 rem
246 209 399 237 sublevare.
418 209 485 243 Qua:
504 210 576 238 enim
606 211 718 246 reperiri
746 216 830 246 queat
860 211 966 243 oratio,

1028 211 1170 247 Ξυνάμεθα.
1207 210 1258 243 Τίς
1283 209 1339 246 γὰρ
1368 210 1416 237 καὶ
1442 207 1600 244 έξευρεθείη
1625 205 1705 240 λόγος
1730 206 1814 240 ἄλγος

174 263 237 291 quae
250 261 328 283 tanto
345 257 432 284 dolori
448 257 608 284 medeatur?
628 257 753 285 Altamen
773 260 803 285 ut
821 257 896 284 illius
918 264 969 283 nos

175 310 286 337 quoque
313 303 340 330 in
360 308 464 338 partem
485 303 581 331 venire
602 305 781 331 ostendamus
795 324 802 336 ,
829 311 883 331 non
908 303 969 338 ejus

177 353 283 375 tantum
295 355 378 376 causa
396 349 443 384 qui
460 349 492 376 ad
509 349 657 376 Domimnn
672 349 758 383 abiit;
775 349 911 384 siquidem
927 349 970 376 vir

176 391 267 419 bonus
285 396 313 419 et
326 392 389 427 pius
400 414 408 426 ,
424 393 556 421 doctrinae
577 394 738 421 Orthodoxa:
761 399 968 430 propugnator.

176 438 306 473 pacisque
322 439 396 473 pugil
412 439 556 474 dereliquit
591 448 653 472 nos,
669 447 686 467 ο
701 440 862 468 calamitas!
880 441 927 467 sed
943 444 970 468 et

177 483 216 510 lui
236 483 323 518 gratia
338 491 399 518 quae
409 484 537 511 derelicta
556 492 596 517 es,
611 484 747 520 coniugali
769 485 872 512 auxilio
886 483 971 512 desti-

176 534 251 560 tuta,
268 530 418 564 praesertim
437 537 500 557 cum
525 530 575 557 viri
603 538 698 558 amans
717 537 792 558 esses
808 530 968 558 admodum.

177 575 230 603 Sed
248 575 379 610 quoniam
395 575 480 603 divini
500 576 601 604 decreti
625 577 718 611 ignara
743 584 798 604 non
818 585 848 604 es
859 568 875 603 ε’
885 576 970 604 Terra

177 629 203 647 es
215 641 222 653 ,
241 625 266 647 et
287 622 314 647 in
330 626 430 648 terram
444 623 579 649 reverteris
598 623 638 656 “;
661 628 689 650 et
705 631 815 650 rursum
831 632 838 650 :
865 622 899 650 Ut
918 631 970 649 non

177 667 372 694 catttristemini
395 669 427 694 de
449 667 661 701 dormientibus,
687 669 755 695 sicut
777 673 801 695 et
822 669 910 696 cwteri
924 670 970 704 qui

178 721 251 748 apem
266 722 316 740 non
331 714 426 741 habent
444 714 483 748 ";
502 722 564 742 cum
585 715 622 742 illi
638 723 652 742 a
669 714 724 743 Deo
740 715 890 743 adducendi
915 716 971 748 sint

178 767 240 786 cum
256 758 320 787 Jesu
342 760 369 787 in
384 761 602 789 resurrectione:
619 761 761 789 hortamur
773 765 800 789 et
811 770 923 796 oramus
941 766 971 790 ut

179 805 294 832 nimium
311 805 432 833 dolorem
451 807 580 841 abjicias.
596 807 813 834 consolationem
841 808 962 844 aliquam

179 851 307 886 accipias,
323 852 356 878 ad
372 856 397 878 te
412 852 517 884 redeas,
534 852 656 882 animum
672 852 828 881 exhilares:
844 855 969 889 quando-

179 897 292 931 quidem
311 897 412 924 liberos
444 897 540 930 habes,
565 902 592 925 et
620 897 722 925 familia
749 898 796 926 tibi
818 905 858 927 est
880 900 971 929 indole

179 945 264 971 animi
284 943 431 979 praestans;
444 950 471 972 et
485 945 536 977 nisi
552 953 629 973 mens
646 946 733 982 erigat
747 954 776 974 se
787 947 821 974 ad
840 948 971 976 cohibens

178 989 244 1016 dum
255 990 388 1022 dolorem,
402 998 497 1025 regere
512 999 544 1018 ac
561 992 612 1018 rite
629 991 782 1027 gubernare
797 993 872 1020 nullo
889 994 972 1025 modo

179 1035 288 1069 poterit.
306 1035 348 1062 Ad
362 1039 517 1064 extremum
534 1036 616 1064 beato
631 1037 711 1065 etiam
737 1037 778 1064 illi
793 1037 970 1073 profuturum

177 1084 221 1108 est
236 1081 262 1107 nl
277 1080 348 1115 quod
362 1081 530 1109 suademus:
546 1089 601 1117 quo
620 1081 686 1117 quid
706 1089 767 1109 esse
782 1083 870 1117 possit
889 1088 969 1118 opta-

179 1125 284 1153 bilius?
299 1125 369 1159 Quid
383 1133 448 1161 ergo
466 1130 562 1159 restat,
581 1126 711 1154 domina?
723 1126 760 1154 Da
771 1127 887 1162 gloriam
900 1127 972 1156 bono

180 1171 235 1198 Deo
249 1180 256 1205 ;
273 1172 364 1206 profer
379 1172 424 1199 illa
441 1172 525 1199 verba
539 1172 591 1200 Job
608 1181 615 1199 :
633 1172 760 1201 Dominus
771 1173 854 1206 dedit,
878 1173 972 1201 Domi-

179 1226 228 1244 nus
236 1217 363 1250 abstulit;
375 1218 442 1244 sicut
455 1218 566 1245 Domino
577 1218 677 1254 placuit
687 1219 725 1245 ita
738 1224 762 1245 et
776 1219 876 1250 factum
891 1220 970 1249 est“.

179 1263 376 1291 lilvuximainde
393 1271 486 1291 revera
517 1264 563 1291 tibi
595 1264 655 1291 laus
686 1264 785 1298 fuerit,
814 1265 972 1301 patebitque

181 1317 265 1343 quam
283 1309 384 1336 eruditi
400 1310 450 1336 viri
463 1318 533 1336 uxor
547 1310 640 1338 fueris.
657 1310 760 1338 Doctus
775 1311 820 1339 ille
835 1312 970 1347 siquidem

179 1360 208 1381 ct
225 1356 380 1390 sapicns,et
395 1356 537 1383 institutor
552 1365 606 1384 non
620 1357 801 1385 iuitiatorum.
814 1358 904 1393 Quare
918 1360 973 1387 sic-

181 1407 212 1430 ut.
227 1403 271 1431 ille
298 1404 366 1431 viris
380 1405 542 1439 pra-.clarum
559 1404 609 1432 fuit
621 1405 788 1440 exemplum,
800 1411 859 1434 esto
874 1410 902 1434 et
914 1407 973 1442 ipsa

180 1449 342 1477 mulieribus
356 1471 364 1483 ,
384 1450 492 1485 lugendi
509 1450 630 1477 studium
650 1451 800 1485 declinans,
826 1456 853 1479 et
878 1457 972 1481 osten-

180 1495 249 1523 dens
278 1499 397 1524 tutorem
429 1496 477 1525 tibi
508 1497 593 1524 Deum
622 1505 702 1530 esse,
730 1499 798 1533 qui,
829 1506 891 1526 cum
916 1507 972 1527 non

1020 257 1148 284 τοσοῦτον
1162 256 1343 294 θεραπεύειν;
1364 255 1436 284 Ἀλλ’
1450 256 1495 282 ῖνα
1511 253 1682 288 καταδήλους
1698 252 1812 280 ἑαυτοὺς

1021 304 1181 339 ποιήσωμεν
1188 303 1225 336 ὡς
1242 303 1413 339 μετέσχομεν
1424 301 1473 328 καὶ
1487 300 1566 328 αὐτοὶ
1576 298 1676 333 λύπης,
1688 298 1718 325 ού
1733 297 1816 333 μόνον

1020 350 1067 377 ἐπὶ
1085 350 1125 386 τῷ
1141 350 1326 386 ενδ-τιμήσαντι
1346 349 1414 385 πρὸς
1431 348 1549 384 Κύριοψ
1566 347 1607 373 ὅτι
1628 345 1699 380 ἀνὴρ
1711 344 1815 378 ἀγαθὸς

1020 396 1068 423 καὶ
1083 396 1218 431 εὐσεϐὴς,
1236 396 1380 432 πρόμαχος
1400 393 1573 430 ὀρθοδοξίας,
1592 391 1640 418 καὶ
1658 389 1814 424 ἀγωνιστὴς

1020 443 1144 478 εἰρήνης,
1162 442 1342 469 ἀπολέλοιπεν
1361 441 1447 476 ἡμᾶς,
1462 439 1485 466 ὣ
1496 439 1548 474 τῆς
1563 437 1705 473 συμφορᾶς
1717 437 1724 463 ἱ
1744 434 1814 463 ἀλλά

1020 489 1068 515 καὶ
1078 488 1124 515 ἐπὶ
1137 489 1178 515 σοὶ
1188 489 1221 524 τῇ
1238 487 1452 522 καταλειφθείσῃ
1467 486 1564 521 ἐρήμῳ
1580 484 1630 519 τῆς
1644 481 1813 518 ὀμοζυγικῆς

1020 533 1193 570 ἐπικουρίας,
1211 533 1301 566 ἄλλως
1315 542 1346 560 τε
1363 533 1412 559 καὶ⁵
1431 530 1617 567 φιλανδρούσῃ
1629 529 1701 555 λίαν.
1716 526 1813 558 Οὕτως

1020 576 1067 606 οὗν
1094 578 1310 615 ἀπαραμύθητον
1337 578 1368 605 τὸ
1398 576 1485 608 πάθος
1511 573 1654 607 ἀπέδειξεν
1684 573 1698 599 ὁ
1720 572 1811 606 λόγος.

1026 624 1096 650 Ἀλλ’
1118 624 1180 651 ἐπεὶ
1193 624 1244 651 οὐκ
1259 621 1284 650 εἷ
1299 623 1444 654 ἀδίδακτος
1458 620 1505 648 τοῦ
1520 620 1594 646 Θείου
1614 617 1814 652 διατάγματος,

1020 670 1061 697 ὅτι
1073 669 1118 705 Γῆ
1131 668 1235 702 εἷ,-καὶ
1249 669 1362 704 εῑςιτιῆν·
1379 667 1553 705 ἀπελεύσῃε
1569 665 1625 697 Καὶ
1637 663 1727 691 πάλιν
1744 663 1813 690 Ἷνιι

1017 717 1062 753 μὴ
1073 717 1122 744 ἐπὶ
1135 716 1197 750 τοῖς
1205 714 1432 750 κεκοιμημένοις
1444 712 1598 747 λυπῆσθε,
1612 710 1708 743 καθὼς
1723 709 1773 736 καὶ
1785 709 1813 735 οἱ

1020 761 1123 789 λοιποὶ
1140 762 1168 788 οὶ
1190 761 1231 795 μὴ
1253 760 1377 800 ἔχοντες
1402 758 1530 786 ἐλπίδα·
1554 757 1593 788 ὡς
1611 755 1814 792 ἁχθησομένοις

1021 808 1071 835 σὺν
1090 807 1131 843 τῷ
1152 807 1242 842 Ἰησοῦ
1269 806 1322 833 ὑπὸ
1345 804 1414 832 Θεοῦ
1434 805 1464 831 ὲν
1480 805 1514 839 τῇ
1536 801 1701 830 ἀναστάσειι
1721 807 1814 835 παρα-

1022 853 1160 889 καλοῦμεν
1186 853 1231 880 καῒ
1257 851 1454 887 ἀντιϐολοῦμεν
1480 847 1599 876 κενῶσαί
1629 856 1659 874 σε
1688 846 1720 873 τὸ
1744 844 1818 872 πολίλ

1020 900 1070 936 τῆς
1081 899 1186 937 λύπης,
1213 898 1306 925 λαϐεῖν
1323 896 1499 933 παραμύθιον
1518 894 1628 931 μικρὸν,
1650 894 1691 925 εἰς
1712 891 1814 927 ἑαυτὴν

1021 946 1164 982 γενέσθαι,
1192 944 1320 981 ἱλαρῦναι
1342 944 1393 978 τήν
1417 942 1522 978 ψυχήν·
1545 940 1641 976 ἐπειδὴ
1663 939 1711 966 καὶ
1729 938 1817 966 ιεέιινιιι

1022 993 1110 1029 ἔχεις,
1127 992 1175 1019 καὶ
1199 991 1274 1018 οικίσ.
1298 1000 1339 1017 σοι.
1367 989 1486 1025 πάρεστι
1504 986 1695 1024 μεγαλοφυῄςσ
1719 985 1768 1012 καὶ
1787 984 1815 1011 ει

1023 1040 1062 1076 μὴ
1072 1040 1086 1065 ὁ
1099 1039 1162 1070 νοῦς
1171 1037 1314 1072 ἀνενέγκοι
1327 1036 1378 1071 τῆς
1390 1035 1624 1071 κατακρατήσεως
1637 1032 1685 1059 τοῦ
1697 1031 1812 1065 πάθους,

1022 1086 1134 1113 διοικεῖν
1147 1084 1194 1111 καὶ
1212 1083 1316 1110 διέπειν
1340 1081 1429 1118 ὀρθῶς
1452 1081 1504 1107 οὐκ
1523 1080 1557 1107 ἀν
1581 1087 1647 1105 ποτε
1671 1077 1813 1112 δυνηθείη.

1029 1131 1092 1158 Ἐπὶ
1115 1131 1184 1157 πᾶσι
1198 1130 1227 1157 δὲ
1244 1127 1367 1164 κάκείνῳ
1389 1126 1429 1162 τῷ
1446 1125 1576 1162 μακαρίῳ
1591 1123 1763 1159 λυσιτελήσει
1782 1122 1815 1149 τὸ

1021 1176 1185 1211 λεγόμενον·
1205 1171 1236 1201 οὗ
1257 1173 1284 1200 τί
1305 1173 1339 1201 ἃν
1363 1172 1470 1208 γένοιτο
1496 1169 1812 1207 περισπουδαστότερον;

1023 1221 1056 1248 Τί
1069 1219 1116 1248 οὖν
1131 1219 1235 1253 λοιπὸν,
1256 1216 1279 1247 ὦ
1295 1219 1396 1255 κυρία;
1414 1219 1457 1250 δὺς
1473 1217 1551 1250 δόξαν
1566 1216 1606 1252 τῷ
1625 1215 1726 1250 ἀγαθῷ.
1734 1213 1813 1249 Θεῷι

1023 1267 1137 1303 φθέγξαι
1155 1266 1190 1293 τὰ
1203 1265 1249 1292 τοῦ
1270 1265 1347 1298 Ἰὼϐ,
1368 1265 1396 1291 ’0
1410 1264 1519 1298 Κύριος
1531 1263 1654 1295 ἔδωκεν,
1668 1262 1685 1288 ὁ
1705 1260 1816 1294 Κύριος

1022 1313 1179 1348 ἀφείλετο·
1203 1312 1244 1344 ὼς
1256 1310 1297 1343 τῷ
1313 1310 1411 1344 Κυρίῳ
1427 1309 1544 1342 ἔδοξεν,
1562 1308 1656 1340 οὕτως
1676 1306 1728 1334 καὶ
1747 1305 1814 1341 ἐγέ-

1022 1368 1101 1387 νετο.
1123 1358 1172 1393 Εἴη
1192 1356 1318 1384 ἐντεῦθεν
1333 1356 1371 1388 ὡς
1383 1355 1491 1390 ἀληθῶς
1508 1354 1637 1390 μέγιστον
1658 1352 1747 1384 κλέος,
1765 1351 1816 1378 καὶ

1023 1405 1137 1440 φανείης
1147 1405 1205 1431 οἵου
1218 1402 1437 1438 πεπαιδευμένου
1450 1401 1548 1437 ἀνδρὸς
1560 1400 1693 1436 όμόζυγος
1707 1398 1814 1432 ἐγένου.

1023 1453 1079 1480 Καὶ
1094 1453 1148 1488 γὰρ
1161 1452 1264 1483 ἐκεῖνος
1278 1450 1326 1478 καὶ
1339 1448 1501 1484 γνωστικὺς,
1518 1448 1565 1474 καὶ
1578 1446 1670 1481 σοφὸς,
1684 1445 1732 1472 καὶ
1747 1453 1814 1471 παι-

1023 1499 1120 1534 δευτὴς
1137 1498 1189 1524 τῶν
1203 1498 1345 1533 ἀμυήτων.
1368 1496 1412 1528 'n;
1434 1494 1489 1530 γὰρ
1504 1492 1550 1521 οὖν
1567 1494 1670 1524 ἐκεῖνος
1684 1492 1816 1526 ἀνδράσιν

181 1548 278 1573 esses,
314 1545 343 1569 ut
379 1549 452 1569 esses
483 1542 517 1569 de
547 1542 633 1569 nihilo
660 1548 684 1570 te
710 1543 856 1578 produxit,
884 1548 911 1571 et
939 1544 972 1572 ad

1028 1545 1178 1579 ὑπόδειγμα
1189 1543 1282 1576 καλὸν,
1296 1543 1342 1569 Eoo
1360 1541 1409 1568 καὶ
1420 1541 1491 1576 αὑτὴ
1499 1539 1635 1574 γυναιξὶν,
1650 1537 1816 1564 ἐκκλίνουσα

182 1586 324 1613 ﬂorentem
350 1591 456 1615 aetatem
484 1588 630 1622 perduxit,
658 1592 685 1615 ct
713 1593 788 1616 tanto
819 1590 880 1617 viro
907 1598 973 1617 con-

180 1632 294 1667 jnnxit,
324 1632 546 1668 disjunetamque
574 1633 672 1661 iterum
701 1635 777 1662 uniet
806 1642 854 1670 per
881 1643 974 1663 resur-

182 1679 344 1706 rectionem.
374 1678 465 1712 Quare
494 1686 638 1707 excessum
665 1680 751 1714 ipsius
776 1681 974 1715 peregrinatio-

184 1732 246 1750 nem
261 1731 321 1752 esse
341 1725 443 1759 cogita.
471 1725 570 1752 Annon
586 1725 669 1760 igitur
689 1726 870 1761 privationem
886 1727 973 1756 ferres

184 1772 206 1798 si
233 1779 279 1799 rex
309 1775 434 1799 terrenus
455 1773 620 1800 mandaret?
638 1773 699 1806 Fer,
717 1774 834 1801 domina
860 1782 931 1806 mea,
946 1779 974 1802 et

185 1815 264 1841 istam
286 1823 369 1850 quam
385 1817 460 1844 solus
476 1824 558 1844 verus
572 1822 598 1844 et
616 1818 739 1845 omnium
754 1826 801 1846 rex
820 1818 972 1852 imperavit.

185 1858 223 1886 Ita
239 1868 352 1895 prorsus
368 1861 511 1889 hortamur
527 1871 534 1889 :
549 1866 577 1889 et
591 1869 656 1890 vero
680 1871 823 1898 speramus
849 1869 975 1900 receptu-

186 1913 245 1932 ram
267 1912 293 1933 te
310 1914 372 1934 eum
395 1907 421 1934 in
443 1907 487 1934 die
501 1908 557 1940 illa,
588 1914 733 1943 postquam
757 1909 919 1938 viduitatem
947 1911 974 1938 in

187 1950 303 1979 liomino
323 1953 489 1986 servaveris,
508 1958 535 1981 et
548 1954 655 1989 egregia
670 1955 791 1990 germina
806 1963 888 1991 quam
904 1957 976 1992 opti-

186 2006 230 2025 me
240 1998 395 2026 institueris
410 2007 416 2026 :
433 2007 493 2034 qum
507 2005 534 2027 et
547 2008 597 2027 nos
613 2000 774 2034 salutamus,
790 2005 817 2028 et
833 2001 975 2030 hortamur

187 2048 217 2070 ut
231 2044 289 2078 pari
307 2051 340 2071 ac
360 2049 389 2071 tu
404 2045 489 2072 animi
507 2045 694 2074 moderatione
721 2052 862 2082 paternam
878 2048 976 2076 absen-

187 2093 251 2120 tiam
269 2092 369 2127 ferant,
387 2098 415 2121 et
431 2099 553 2124 materna
569 2094 723 2123 directione
738 2096 772 2123 ad
790 2101 864 2124 recta
883 2098 976 2125 omnia

187 2139 377 2168 inl'ormentur.

1023 1590 1054 1617 τὸ
1073 1589 1234 1624 φιλοπενθὲς
1244 1609 1251 1621 ,
1266 1588 1315 1615 καὶ
1331 1586 1494 1614 δεικνύουσα
1508 1585 1550 1612 ὅτι
1570 1593 1612 1612 σοι
1627 1583 1784 1618 προστάτης
1799 1582 1819 1608 ἁ

1023 1636 1100 1668 Θεὸς,
1117 1635 1147 1667 ὃς
1160 1635 1207 1662 καὶ
1223 1635 1256 1661 ὲκ
1268 1634 1316 1661 τοῦ
1338 1633 1376 1669 μὴ
1391 1633 1469 1664 ὄντος
1490 1632 1530 1663 εἰς
1550 1631 1582 1658 τὸ
1597 1628 1667 1662 εἶναι
1693 1637 1723 1656 σε
1744 1637 1817 1663 παρ-

1023 1683 1122 1725 ήγαγε,
1140 1682 1187 1709 καὶ
1202 1682 1244 1712 είς
1258 1680 1351 1716 ἀκμὴν
1359 1678 1652 1725 -ήλικίαςμῆγαγε,.καὶ
1662 1675 1819 1725 τηλικούτῳ

1024 1720 1100 1762 ἀνδρὶ
1115 1725 1267 1758 συνέζευξε,
1281 1725 1329 1751 καὶ
1339 1722 1418 1755 αὖθις
1429 1722 1574 1755 διαζεύξας
1588 1721 1699 1751 ένώσειε
1710 1720 1753 1747 διὰ
1766 1720 1817 1754 τῆς

1024 1773 1219 1803 ἀναστάσεως·
1253 1771 1323 1797 ὥστε
1352 1770 1463 1805 νόμισον
1497 1768 1653 1803 ἀποδημίαν
1683 1764 1753 1793 εἶναι
1785 1766 1818 1792 τὸ

1025 1820 1152 1854 πρᾶγμα.
1171 1818 1229 1845 Ούκ
1254 1813 1308 1853 ἆρα
1323 1817 1439 1852 ﬁve-pte;
1461 1816 1511 1851 τὴν
1530 1815 1672 1850 στέρησιν,
1689 1814 1714 1839 εί
1736 1812 1817 1847 βασι-

1024 1866 1086 1897 λεὺς
1106 1865 1228 1899 ἐπίγειος
1242 1863 1410 1899 ὲπέτρεψεν;
1427 1860 1517 1895 Οἴσον,
1535 1860 1667 1888 δέσποινά
1690 1867 1752 1894 μου,
1768 1859 1818 1885 καὶ

1024 1912 1122 1947 τήνδε,
1142 1911 1175 1946 ἣν
1192 1911 1206 1937 ὁ
1229 1910 1309 1946 μόνος
1332 1908 1460 1949 ἀληθινὸς
1484 1907 1532 1934 καὶ
1547 1906 1658 1933 πάντων
1687 1903 1819 1940 βασιλεὺς

1025 1958 1163 1985 ἐκέλευσε.
1194 1956 1259 1990 Ναὶ,
1277 1955 1509 1992 παρακαλοῦμεν,
1535 1953 1584 1980 καί
1599 1960 1632 1987 γε
1650 1950 1818 1985 πιστεύομεν

1025 2003 1213 2040 ἀπολήψεσθαι
1227 2011 1257 2029 σε
1271 2002 1355 2029 αὑτὸν
1370 2001 1399 2028 ὲν
1415 2002 1449 2036 τῇ
1473 1999 1567 2045 ἡμέρα
1586 1997 1697 2035 ἐκείνῃο
1712 1996 1819 2045 φυλάτ-

1025 2057 1124 2077 τουσαν
1141 2048 1190 2082 τὴν
1204 2046 1320 2083 χηρείαν
1342 2047 1371 2072 ἐν
1384 2044 1479 2080 Κυρίῳ
1489 2064 1497 2077 ,
1512 2044 1560 2071 καὶ
1580 2044 1819 2082 τεκνοτροφοῡσαν

1025 2095 1125 2132 ἄριστα
1148 2094 1183 2121 τὰ
1203 2093 1274 2124 καλά
1296 2092 1495 2128 βλαστήματα·
1521 2090 1593 2125 ἅπερ
1615 2089 1664 2116 καὶ¹
1678 2096 1820 2123 προσαγο-

1028 2141 1143 2178 ρεύομεν
1155 2147 1163 2154 ·
1180 2139 1228 2167 καὶ
1252 2137 1441 2174 ὁμοιοτρόπως
1463 2145 1505 2163 σοι
1520 2134 1707 2171 παραινοῦμεν
1723 2133 1820 2169 φέρειν

1027 2187 1076 2222 τὴν
1088 2186 1226 2222 πατρικὴν
1242 2185 1381 2220 στέρησιν,
1399 2183 1447 2210 καὶ
1464 2182 1585 2219 μητρικῇ
1604 2178 1820 2213 διαπλάττεσθαι

988 2225 1012 2253 Ῑ)
1027 2233 1154 2270 ῥυθμίσει
1172 2231 1242 2268 πρὸς
1256 2231 1347 2260 πᾶσαν
1367 2228 1515 2264 εὐθύτητα.

332 2287 399 2316 CXI.
417 2303 451 2308 -—
467 2287 606 2317 Manachis
627 2289 812 2326 Muelenaibux.

1096 2292 1160 2318 PlA’
1173 2290 1269 2326 (7).—
1282 2288 1350 2322 Τοῖς
1361 2286 1526 2323 μονάζουσι
1539 2285 1671 2319 Μυέιῑης.
1714 2281 1818 2320 [χμγ¹.ι

523 2347 637 2380 Elogium
651 2347 764 2379 Dionysii
781 2349 892 2376 monachi
904 2350 947 2380 qui
960 2351 1024 2382 apud
1036 2351 1181 2382 Myeleuses
1191 2349 1283 2380 hospes
1292 2347 1360 2379 _i1los
1372 2345 1479 2375 obierat.

222 2400 355 2427 Dormitio
374 2401 484 2436 quidem
509 2401 599 2429 dilecti
615 2401 708 2429 fratris
736 2402 823 2429 nostri
843 2401 975 2438 Dionysii,

186 2446 298 2474 definito
323 2446 371 2473 Dei
394 2446 510 2474 consilio
535 2451 599 2474 ante
619 2447 841 2477 constitutionem
868 2449 975 2482 mundi,

184 2494 241 2528 jam
254 2493 364 2521 accidit.
385 2493 468 2522 Vobis
487 2501 561 2527 vero,
581 2494 692 2527 fratres,
713 2494 866 2522 benefaciat
885 2495 976 2522 Domi-

187 2549 251 2574 nus,
279 2540 353 2576 quod
382 2540 459 2567 illum
490 2541 587 2568 morbo
615 2541 752 2573 affectum,
781 2541 808 2568 in
836 2541 977 2580 praestanti

188 2587 357 2614 nmnasterio
376 2591 476 2619 vestro,
495 2595 557 2614 cum
577 2586 638 2614 illac
657 2587 708 2614 iter
730 2587 852 2619 haberet,
868 2588 978 2623 excepi-

187 2635 238 2661 stis
282 2633 364 2669 idque
385 2633 563 2669 quoadusque
581 2633 783 2660 tabernaculum
798 2633 825 2660 in
840 2637 912 2660 terra
929 2633 978 2661 de-

187 2683 288 2716 posuit,
314 2682 485 2716 evolavitque
508 2681 534 2708 in
556 2681 666 2708 cmlum.
699 2680 815 2715 Dignum
831 2687 913 2714 porro
930 2681 977 2716 qui

187 2736 221 2755 co
238 2727 392 2763 perveniret
404 2726 515 2754 fratrem
531 2726 616 2754 fuisse
636 2726 721 2753 multa
748 2729 893 2753 testantur.
916 2725 975 2753 Pri-

224 2785 246 2801 ”
263 2785 362 2813 Genes.
376 2792 418 2818 tn,
430 2785 473 2813 l9.

511 2784 558 2811 “l
575 2783 672 2813 Thess.
687 2792 723 2816 li’,
742 2783 786 2810 i9.
826 2783 848 2799 ’⁵
865 2781 915 2810 Job
933 2790 952 2810 ι.
972 2782 1015 2810 :il.

1069 2405 1102 2431 'H
1114 2404 1163 2440 μὲν
1178 2403 1307 2438 κοίμησις
1319 2400 1367 2428 τοῦ
1384 2398 1527 2435 ἀγαπητοῦ
1539 2397 1619 2433 ἡμῶν
1631 2395 1746 2431 ἀδελφοῦ
1759 2396 1822 2422 Διο‹

1028 2450 1130 2483 νυσίου,
1147 2450 1182 2484 τῇ
1196 2447 1337 2483 ὡρισμένῃ
1349 2446 1430 2481 βουλῇ
1449 2444 1497 2471 τοῦ
1512 2443 1581 2471 Θεοῦ
1594 2442 1648 2478 πρδ
1661 2440 1820 2476 καταϐολῆς

1028 2495 1142 2531 κόσμου,
1173 2494 1224 2529 ἤδη
1250 2494 1313 2529 ὅρον
1342 2492 1447 2518 ἔλασεν.
1467 2490 1548 2525 Ὑμῖν
1581 2488 1621 2520 δὲ,
1647 2487 1768 2522 ἀδελφοὶ,
1788 2485 1819 2513 εὖ

1029 2543 1141 2577 ποιήσαι
1156 2541 1269 2576 Κύριος,
1286 2540 1327 2566 ὅτι
1348 2537 1513 2570 ὑπεδέξασθε
1529 2536 1613 2564 αὑτὸν
1629 2532 1821 2569 ἀσθενήσαντα

1030 2587 1102 2614 κατὰ
1132 2586 1250 2622 πάροδον
1277 2585 1306 2612 έν
1320 2586 1353 2619 τῇ
1379 2582 1547 2618 διαφερούσῃ
1578 2581 1643 2616 ὑμῖν
1661 2579 1731 2614 μονῇ
1744 2586 1753 2594 ο
1770 2578 1821 2605 καὶ

1029 2633 1108 2663 τοῦτο
1124 2632 1222 2668 μέχρις
1237 2631 1271 2658 ἂν
1286 2630 1403 2658 ἀπέθετο
1427 2629 1457 2656 τὸ
1473 2628 1573 2663 σκῆνος
1596 2628 1626 2653 ιν
1638 2627 1685 2661 γῇ,
1706 2626 1753 2652 καὶ
1766 2625 1822 2651 ἀπ-

1032 2677 1102 2712 έπτη
1119 2678 1157 2709 εἰς
1173 2677 1297 2712 οὐρανόν.
1318 2676 1380 2702 Ὅτι
1397 2675 1427 2702 δὲ
1443 2674 1518 2707 ἄξιος
1531 2673 1581 2709 τῆς
1595 2673 1685 2699 ἐκεῖσε
1702 2671 1821 2707 πορείας

1029 2725 1043 2751 6
1055 2723 1180 2759 ἀδελφὸς,
1195 2722 1332 2760 μαρτύρια
1347 2720 1443 2750 πολλά.
1455 2720 1566 2757 Πριῖνιον
1578 2718 1628 2755 μὲν
1637 2719 1655 2755 ἡ
1670 2717 1751 2754 μέχρι
1764 2718 1821 2753 γή-

938 2837 1040 2868 ΝΟΤίΕ
1045 2858 1051 2865 .

228 2885 266 2920 (7)
284 2887 313 2914 lu
327 2886 387 2914 cod.
401 2886 467 2922 Reg.
489 2887 549 2922 {,t‘t'.
