1912 3080
69 149 138 182 1373

671 162 939 198 FtPISTOLARUM
956 167 1031 198 LIB.
1052 170 1091 200 II.

1634 169 1703 201 1374

67 218 131 262 ρους
150 209 207 262 ἀπὸ
219 210 356 262 νεότητος,
371 213 484 248 δόκιμος
495 215 578 243 αὑτοῦ
595 217 732 254 ὑποταγή.
744 220 857 248 Ἔπειτα

914 234 988 252 mutn
1006 227 1127 260 quidem,
1144 227 1177 254 ab
1194 227 1339 262 iuventute
1355 227 1388 257 ad
1411 227 1518 255 senium
1537 234 1625 260 usque
1639 235 1703 261 spc—

67 255 306 302 Blgetpolaxlaom
319 257 394 290 ᾶπαξ
403 259 512 295 ἀπῆρεν
524 262 554 288 ὲν
568 263 601 297 τῇ
620 263 712 297 Δύσει,
725 266 796 302 ὑπὲρ
809 266 861 302 τῆς

67 300 129 326 καθ’
145 301 221 336 ἡμᾶς
238 301 403 337 Ἐκκλησὶας
421 305 571 339 ἀπόστολος
586 316 592 323 ·
609 309 695 345 ὅνπερ
714 300 861 347 εὐλόγησεν

66 347 247 375 ἁποστολικὸν
261 348 360 385 στόμα,
372 351 512 387 mimae:
528 353 673 390 Ῥωμαίων
689 357 838 393 Ἐκκλησία
851 367 860 374 ·

66 393 94 425 ὃς
104 393 154 419 καὶ
168 395 383 431 μεμαρτύρηται
407 397 459 424 ὑπὸ
484 399 594 433 πολλοῖς
612 401 794 439 ἁδελφότητος
813 405 863 431 αὐ-

66 439 132 485 10:3.—
251 439 383 476 δυνατὸς
401 443 476 478 ἔργῳ
492 446 542 473 καί
570 448 660 482 λόγῳ,
677 449 798 485 ἐργάτης
815 451 861 478 ἐν-

65 482 152 510 τολῶν
166 483 246 517 Θεοῦ,
260 485 358 518 στύλος
375 487 423 514 καὶ
433 489 574 526 ἑδραίωμα
587 491 635 518 τοῦ
653 482 756 529 οἰκείου
771 482 862 523 κοινο-

66 529 124 555 ΰίου
139 537 146 545 ·
165 530 252 558 πολλὰ
267 532 459 569 ἐνδειξάμενος
472 536 575 571 ἀρετῆς
593 537 738 573 ίδιώματα,
753 542 801 568 καὶ
813 542 861 570 νῦν

66 576 133 602 αὐτὸ
150 576 232 624 τοῦτο
245 579 318 606 κατὰ
331 580 377 607 τὸν
397 581 519 618 παρόντα
532 583 663 620 διωγμὸν,
677 588 862 624 περιερχόμε-

67 631 111 670 νος
127 622 221 670 πόλεις
237 634 267 652 τε
281 626 329 652 καὶ
344 626 448 662 χώρας,
465 628 676 666 ὑστερούμενος,
687 622 860 670 θλιϐόμενος,

67 668 94 716 εν
111 668 150 704 τῷ
166 669 305 716 διακονεῖν
319 672 365 698 τὸν
381 673 432 708 τῆς
446 674 576 710 ἀληθείας
591 676 680 712 λόγον,
697 668 794 716 μέχρις
809 681 861 708 ἀπ-

67 713 144 740 έπνει
167 715 329 752 ἐκδημήσας
342 718 410 754 πρὸς
427 719 540 756 Κύριον.
568 723 694 751 Τοιοῦτον
713 723 770 758 οὖν⁷
790 727 828 759 ὡς
842 729 860 763 ἡ

66 760 182 810 statim
296 763 480 800 ὲξεναγήσατε
501 767 596 795 δοῦλον
617 770 731 806 Κυρίου,
747 773 795 801 καὶ
809 760 861 810 τηλ

66 805 190 854 λικοῦτον
205 807 333 843 λείψανον
349 810 428 846 ἆγιον
449 815 515 849 παρ’
528 814 594 849 ὑμῖν
613 805 777 854 ᾠκονομήθη
791 805 861 853 ἀπο-

67 853 296 904 θησαυρισθῆναι.
314 859 361 885 Διὸ
387 860 435 886 καὶ
464 861 566 896 μᾶλλον
590 853 798 901 προσετέθημεν
824 869 858 904 τῇ

66 900 228 948 κατά-Θεὸν
253 904 350 942 ἀγάπῃ
369 906 456 941 ὑμῶν,
474 908 522 935 καὶ
545 911 719 946 ἐπευχόμεθα
744 913 809 948 ὑμῖν

66 945 156 994 arabit
168 947 220 982 τῆς
233 948 290 975 ἄνω
312 949 504 988 Ἰερουσαλὴμ,
519 953 579 980 ἀνθ’
594 952 631 982 ὧν
647 956 718 991 μετὰ
727 945 860 994 ἀληθινῆς

66 992 181 1027 καρδίας
194 994 362 1032 ὑπεδέξασθε
376 997 423 1024 τὸν
439 998 513 1026 ὅσιον
526 1000 676 1037 Διονύσιον,
687 1000 719 1031 οὗ
743 1005 774 1032 ἰδ
788 992 859 1042 μνη-

67 1039 186 1075 μὸσυνον
200 1041 272 1075 μετὰ
287 1043 342 1070 τῶν
358 1045 503 1080 ὁμοταγῶν
518 1047 615 1082 ἁγίων.

99 1191 164 1222 PIB'
174 1192 224 1228 (8).
236 1208 272 1214 -—-
281 1195 474 1241 Κατηχηςτικῂ
484 1198 559 1241 πρὸς
565 1200 638 1241 {0‘04-
647 1201 756 1230 ἑαυτοῦ
766 1211 823 1238 μα-

392 1233 496 1266 θητάς.
513 1233 608 1271 [χμδ¹.]

912 276 984 298 ctata
1008 271 1061 300 fuit
1082 273 1143 308 ejus
1162 272 1328 300 ohedientia.
1355 272 1457 300 Deinde
1479 272 1506 299 in
1523 271 1641 300 vinculis
1662 273 1705 300 his

911 316 985 345 fuit:
1012 319 1095 346 semel
1126 319 1155 346 in
1181 318 1357 346 Occidentem
1384 325 1434 353 pro
1456 318 1578 346 Ecclesia
1608 323 1704 346 nostra

912 364 1018 399 legatus
1032 365 1171 400 profectus
1183 371 1226 393 est
1242 374 1249 392 :
1272 366 1335 394 huic
1355 365 1493 392 benedixit
1516 373 1548 393 os
1568 366 1704 400 apostoli-

911 415 973 436 cum
989 418 995 437 :
1012 409 1086 438 hunc
1110 410 1232 438 laudavit
1256 410 1379 438 Ecclesia
1407 411 1530 438 Romana
1543 419 1550 437 :
1563 410 1609 446 qui
1625 410 1704 438 testi-

912 455 1035 482 monium
1054 456 1136 483 etiam
1154 456 1250 484 habuit
1264 464 1280 484 a
1305 455 1438 484 fratribus
1463 456 1520 483 suis
1534 456 1706 491 quampluri—

912 501 976 528 mis.
1010 499 1057 533 Vir
1084 507 1175 536 potens
1202 510 1277 536 opere
1302 511 1334 529 ac
1353 502 1516 534 territoria",
1545 502 1705 530 observator

912 546 1104 575 mandatorum
1127 548 1185 581 Dei,
1211 549 1338 576 columna
1366 552 1395 575 et
1422 548 1624 576 ﬁrmamentum
1648 556 1705 576 cm-

913 593 987 619 nobii
1009 593 1052 622 sui
1072 593 1138 629 :qui
1155 594 1240 621 multa
1257 594 1382 621 exhibuit
1403 593 1513 622 virtutis
1533 602 1604 622 verte
1617 595 1704 623 docu-

912 644 1013 672 menta,
1026 639 1107 674 idque
1116 640 1235 668 maxime
1250 640 1277 667 in
1289 640 1341 667 hac
1359 640 1486 675 praesenti
1501 642 1703 675 persecutione,

912 686 993 714 urbes
1023 688 1203 722 regionesque
1239 695 1419 722 percurrens.
1449 695 1543 723 egens,
1575 690 1705 717 aurunmis

912 739 1033 765 pressus,
1060 732 1124 761 dum
1158 733 1282 761 veritatis
1308 733 1421 760 verbum
1446 733 1599 768 dispensat,
1616 735 1704 762 donec

911 777 1030 804 animam
1057 777 1157 805 culavit
1179 779 1212 806 ad
1232 779 1376 806 Dominum
1399 781 1588 814 proﬁciscens.
1609 781 1703 808 Talem

911 831 987 858 ergo,
1012 827 1040 849 ut
1061 830 1090 850 se
1112 831 1155 850 res
1183 824 1274 858 habet,
1302 824 1407 852 Domini
1430 824 1562 852 fatuulum
1586 827 1705 862 hospitio

912 869 1084 904 excepistis;
1104 875 1130 896 et
1144 874 1197 896 tam
1218 875 1319 900 sanetae
1345 871 1416 906 apud
1447 879 1497 899 vos
1530 872 1652 906 reliquie:
1675 876 1706 900 ut

914 915 1139 948 reconderentur,
1167 917 1257 944 divina
1280 917 1450 951 providentia
1473 918 1599 953 conligit.
1627 918 1706 946 Unde

912 965 941 988 et
954 959 1058 991 arctius
1075 965 1172 990 vestrae
1191 963 1339 992 secundum
1359 962 1442 991 Deum
1460 963 1587 991 charitati
1603 964 1706 992 obstri-

912 1008 948 1035 cti
982 1015 1089 1040 sumus,
1121 1008 1256 1044 vobisque
1289 1017 1425 1044 suprema:
1452 1009 1604 1038 Ierusalem
1633 1011 1704 1038 bona

913 1057 1040 1088 optamus
1069 1061 1119 1089 pro
1141 1061 1174 1081 eo
1199 1055 1272 1090 quod
1300 1056 1408 1083 sincero
1435 1057 1518 1083 corde
1544 1057 1706 1091 suscepistis

912 1106 1037 1128 sanetum
1054 1100 1226 1136 Dionysium,
1238 1102 1458 1137 cujuslmetnoria
1470 1107 1513 1131 est
1520 1110 1583 1130 cum
1600 1103 1704 1131 sanctis

911 1147 971 1182 ejus
990 1147 1233 1176 conmilitonibus.

1001 1205 1082 1233 CXII.
1095 1219 1132 1225 —
1143 1205 1310 1233 Catechetica
1334 1206 1370 1233 ad
1387 1207 1530 1242 discipulos
1542 1215 1614 1235 suos.

255 1288 294 1313 De
306 1288 376 1314 obitu
387 1290 500 1322 Dionysii
512 1295 539 1316 et
548 1293 634 1323 Anthi,
645 1296 822 1321 monachorum
836 1305 842 1322 :
859 1303 964 1327 quorum
977 1295 1094 1320 virtutem
1111 1302 1139 1320 ac
1152 1296 1213 1320 facta
1224 1296 1341 1327 praelata
1355 1297 1519 1321 commendat.

107 1327 233 1362 Ἀδελφοί
253 1330 300 1356 καὶ
312 1331 383 1358 Πατέ
389 1340 444 1366 ρες.
460 1333 552 1360 Ἄλλοι
571 1336 620 1370 μὲν
631 1336 762 1373 λυπηρῶς
773 1339 859 1373 ἀναγ-

64 1374 192 1407 γέλλουσι
221 1376 272 1408 τὰς
296 1377 351 1404 τῶν
373 1378 482 1406 οἰκείων
504 1380 671 1414 ἀποϐιώσεις
685 1383 758 1416 ’ἐγὼ
771 1384 799 1410 δὲ
811 1386 859 1412 καὶ

65 1421 126 1452 λίαν
142 1422 312 1458 περιχαρῶς.
324 1424 374 1450 Διὰ
385 1424 411 1451 τί
422 1433 430 1458 ;
443 1425 484 1452 ὅτι
499 1427 524 1452 οἱ
539 1427 761 1461 ἁποὸεσιωκότες
782 1430 858 1457 ἀδελ-

67 1468 112 1512 φοὶ
129 1468 211 1502 ἡμῶν
225 1468 310 1502 ᾶγιοι,
331 1469 456 1506 κλήσεως
471 1473 637 1508 ἐπουρανίου
653 1475 775 1512 μέτοχοι,
793 1478 860 1504 ’Λν-

67 1511 113 1543 Θος
127 1513 142 1538 ό
157 1513 320 1549 φερώνυμος
337 1515 465 1550 ἠνθηκὼς
479 1517 528 1549 τὰς
538 1519 651 1553 ἀρετὰς,
666 1521 713 1547 καὶ
722 1521 859 1553 Διονύσιος
874 1511 895 1528 ι’

67 1559 80 1584 ὁ
94 1559 249 1594 διαπρέψας
264 1561 450 1594 Διονυσιακῶς
465 1563 524 1595 καθ’
538 1565 678 1600 ὁσιότητα,
697 1564 759 1599 Οίος
773 1567 800 1593 δὲ
812 1568 859 1594 καὶ

66 1605 80 1630 ὁ
99 1604 216 1636 θάνατος
231 1607 408 1642 ἀμφοτέρων,
420 1609 527 1640 δίκαιον
543 1612 643 1643 εἰπεῖν.
655 1613 686 1639 '0
699 1613 748 1648 μὲν
762 1614 859 1649 ἐληλυ-

68 1649 121 1682 6(1),-
137 1651 194 1678 ἀπὸ
210 1652 260 1688 τῆς
270 1654 376 1686 οἰκείας
391 1653 482 1688 ξενίας
493 1657 567 1693 ἄρτι,
583 1658 671 1693 καίγε
686 1660 859 1695 συνταξάμε-

67 1707 113 1744 νος,
138 1699 205 1733 ἡμῖν
231 1699 302 1726 αὐτὰ
317 1700 349 1735 δὴ
377 1701 411 1728 τὰ
425 1702 580 1736 τελευταῖα,
595 1705 625 1731 ἐν
649 1706 682 1741 ’τῇ
698 1706 856 1744 ὑποστροφῇ

69 1743 130 1772 καθ’
147 1745 207 1771 ὁδὸν
219 1746 394 1781 νοσηλευθεὶς
410 1749 574 1784 κεκοίμηται
587 1750 667 1785 ίερῶς
679 1752 708 1778 ἐν
721 1761 859 1788 μοναστη-

69 1790 119 1825 ρίῳ
133 1791 185 1825 τῆς
201 1791 323 1826 Μυέλης.
339 1792 368 1819 '0
377 1792 405 1820 δὲ
417 1793 546 1830 ἀσθενείᾳ
558 1796 725 1830 περιπεσὼν,
742 1798 858 1835 ὑπέστη,

68 1837 92 1863 εἰ
108 1837 147 1872 μὴ
164 1838 300 1871 προπετὲς
317 1839 416 1872 εἰπεῖν,
432 1840 466 1867 τὰ
477 1839 523 1869 τοῦ
543 1841 667 1878 ἀοιδίμου
686 1842 746 1872 Ἰὼὸ
771 1844 860 1880 παθή-

69 1891 154 1917 ματα.
171 1883 228 1910 Καὶ
242 1884 297 1919 γὰρ
311 1884 360 1916 τὰς
376 1886 481 1921 σάρκας
494 1887 578 1918 αὑτοῦ
594 1885 647 1917 εἶδε
664 1890 860 1926 ρυῖσκομένας,

69 1930 116 1955 x1".
126 1929 162 1956 τα
168 1929 236 1957 ὀστᾶ
247 1931 439 1966 κεκολλημένα
451 1934 483 1968 τῇ
497 1933 589 1968 σαρκί.
600 1934 680 1965 Πόνοι
689 1935 860 1970 άνιὶποιστοι,

69 1976 174 2010 πληγαὶ
198 1977 377 2012 τραυμάτων,
406 1977 484 2013 ῥύσις
511 1980 561 2015 τῆς
589 1982 708 2017 γαστρὸς
729 1982 860 2018 ἄμετρος,

69 2022 138 2057 μήνη
159 2023 176 2058 ἡ
187 2022 262 2061 ,πνοὴ
288 2024 487 2060 παραμένουσα
498 2033 506 2041 '
519 2026 549 2053 ἐν
565 2023 605 2058 οἷς
627 2027 797 2065 εὐχαρίστως
814 2030 862 2056 καὶ

68 2069 150 2100 αὐτὸς
164 2069 233 2105 πρὸς
247 2070 361 2106 Κύριον.
379 2072 432 2098 Ἴδε
446 2073 471 2098 oi.
488 2073 629 2108 μακάριοι,
652 2073 689 2106 ὼς
713 2076 760 2103 καὶ
784 2076 862 2111 αὐτοὶ

69 2116 220 2152 μάρτυρες,
245 2117 384 2154 Διονύαιος
398 2119 412 2145 ὀ
432 2119 479 2146 τοῦ
504 2119 573 2147 Θεοῦ
597 2121 717 2157 ἐργάτης
737 2121 861 2161 δόκιμοςξ

68 2165 115 2190 καί
126 2164 226 2196 ’Δνθος
245 2164 276 2191 τὸ
288 2165 381 2200 ἀρνίον
398 2166 446 2193 τοῦ
461 2167 593 2203 Χριστοῦ.
617 2169 758 2202 Διονύσιος
774 2170 789 2196 ὁ
812 2170 862 2205 μέτ
878 2183 900 2210 υ

68 2219 114 2245 χρι
127 2211 232 2246 γήρους
252 2211 285 2238 τὸ
305 2212 355 2246 τῆς
378 2213 521 2248 ὑποταγῆς
538 2213 636 2241 ἄεθλον
659 2215 863 2252 (immota-ro;

67 2256 217 2288 τετελεκώς
230 2264 236 2271 ·
251 2257 300 2286 καὶ
313 2258 411 2290 Ἄνθος
423 2260 438 2286 ὸ
453 2259 487 2286 ὲκ
510 2260 606 2292 παιδὸς
629 2261 755 2294 ὁσιωθεὶς
779 2263 863 2298 μέχρι

68 2304 297 2339 μεσηλικιότητος
326 2305 388 2332 καθ’
411 2306 570 2342 ὑποταγήν’
593 2307 746 2343 ἀμφότεροι
775 2310 861 2344 σκεύη

66 2349 208 2385 εὔχρηστα
218 2350 258 2386 τῷ
272 2351 397 2388 Δεσπότῃ
411 2352 481 2387 Θεῷ.
496 2353 534 2379 οὐ
553 2354 635 2388 μόνον
658 2346 688 2380 ὲν
710 2351 752 2386 οἷς
774 2355 863 2390 ὺμνή²

68 2396 155 2430 (θησαν
169 2396 303 2432 πρότερον
318 2397 367 2424 καὶ
384 2398 500 2434 ὕστερον
512 2407 520 2414 ·
534 2399 604 2435 πρὸς
616 2399 646 2427 δὲ
660 2400 707 2426 καὶ
729 2400 860 2434 φυλακῶν

66 2442 222 2477 διαδήματα
237 2443 333 2471 ἕνεκεν
354 2444 529 2481 δικαιοσύνης
554 2446 762 2481 περιεϐάλοντο.
780 2444 818 2475 οὗ
834 2447 861 2473 τί

66 2488 100 2514 ἂν
113 2490 219 2522 γένοιτο
235 2490 426 2526 ὲνδοξότερον;
446 2493 525 2527 Ἔχει
540 2493 568 2519 δὲ
581 2493 696 2529 θάτερος
713 2494 778 2521 ἄλλο
792 2494 861 2521 καύ-

68 2546 157 2572 χημα,
172 2537 204 2564 τὸ
222 2538 429 2575 ὲξυπηρετῆσαι
441 2541 524 2568 αὐτὸν
541 2541 580 2577 τῷ
591 2543 679 2578 κυρίῳ
692 2542 802 2578 ἀδελφῷ
813 2542 862 2570 καὶ

66 2583 287 2619 ἁρχιεπισκύπῳ,
303 2585 350 2611 καὶ
359 2585 446 2620 tam;
453 2586 567 2621 ρέτησιν,
575 2587 695 2622 μακρὰν,
709 2588 757 2615 καὶ
772 2589 802 2614 οὺ
814 2588 861 2623 μό-

67 2636 112 2653 νον
127 2630 249 2663 μακρὰν,
266 2629 335 2657 ἀλλὰ
354 2631 403 2657 καὶ
415 2632 618 2668 ἐπαινουμένην
629 2633 701 2661 λίαν.
723 2634 861 2670 Ἀμφοτέέ

69 2673 156 2717 ρωθεν
171 2671 218 2701 οὖν
234 2674 400 2709 ἀξιάγαστος
412 2677 427 2704 ὁ
441 2676 568 2715 ἀδελφός.

101 2811 123 2826 ⁸⁵
139 2811 204 2838 Luc.
226 2819 300 2844 xxiv,
322 2812 364 2839 l9.

949 1337 1059 1364 Fratres
1075 1338 1234 1372 Patrcsque.
1249 1338 1301 1364 Alii
1316 1338 1426 1372 quidem
1454 1338 1577 1365 dolenter
1591 1346 1703 1365 suorum

912 1384 1004 1410 obitus
1030 1384 1214 1416 anuuntiaut;
1232 1392 1283 1417 ego
1305 1392 1370 1410 vero
1391 1392 1488 1418 magna
1513 1392 1574 1411 cum
1601 1384 1703 1411 laetitia.

913 1429 985 1461 Quid
1000 1429 1036 1455 ita
1053 1429 1064 1455 ’ἶ
1080 1429 1143 1464 quia
1164 1428 1210 1463 qui
1232 1430 1285 1456 vita
1309 1434 1487 1456 excesserunt
1501 1429 1587 1456 sancti
1606 1429 1704 1457 fratnes

913 1475 1012 1506 nostri,
1039 1475 1143 1502 emlesti
1173 1475 1317 1502 vocatione
1342 1475 1496 1510 potiuntur.
1518 1475 1628 1502 Anthus
1655 1475 1703 1510 qui

911 1521 989 1556 juxta
1003 1529 1101 1548 nomen
1112 1528 1192 1548 suum
1207 1521 1355 1548 virtutibus
1369 1519 1459 1548 ﬂoruit
1477 1529 1485 1554 ;
1502 1526 1529 1548 et
1545 1520 1703 1554 Dionysius,

913 1566 959 1601 qui
981 1565 1103 1601 Dionysii
1139 1566 1225 1593 instar
1254 1565 1398 1592 sanctitate
1431 1566 1593 1600 pracelluit.
1610 1565 1704 1598 Qualis

914 1616 1004 1640 autem
1023 1612 1165 1646 utriusque
1176 1619 1251 1639 mors
1266 1611 1359 1644 fuerit,
1380 1620 1488 1647 aquum
1504 1617 1546 1640 est
1558 1619 1704 1647 exponere.

913 1658 962 1685 llle
984 1658 1119 1692 quidema
1136 1657 1356 1693 peregrinatione
1380 1666 1430 1686 sua
1453 1658 1510 1692 jam
1524 1658 1621 1691 redux,
1642 1666 1705 1686 cum

915 1708 994 1731 antea
1010 1703 1114 1730 scilicet
1128 1703 1255 1730 mandata
1269 1711 1396 1738 Suprema
1413 1704 1492 1732 nobis
1511 1704 1703 1736 commisisset,

916 1749 944 1777 in
965 1749 1053 1776 reditu
1070 1748 1166 1776 morbo
1186 1748 1214 1775 in
1239 1749 1281 1775 via
1305 1754 1459 1784 correptus,
1476 1749 1521 1785 pie
1541 1749 1706 1776 obdormivit

918 1795 946 1823 in
962 1795 1132 1823 monasterio
1145 1795 1285 1830 Myelensi.
1298 1795 1348 1823 llic
1363 1803 1427 1823 vero
1442 1795 1607 1823 valetudinis
1628 1796 1705 1822 inlir-

914 1842 1007 1870 unitate
1021 1842 1156 1874 detentus,
1175 1842 1353 1869 celeberrimo
1368 1841 1431 1875 Job,
1456 1842 1509 1869 nisi
1530 1842 1705 1869 temerarium

915 1893 956 1916 est
970 1888 1073 1920 dicere,
1089 1888 1164 1923 paria
1180 1896 1328 1923 perpessus
1339 1892 1391 1915 est.
1405 1887 1473 1915 Nam
1487 1892 1515 1915 et
1529 1895 1625 1916 carnes
1640 1895 1706 1915 suas

915 1935 1065 1965 deiluentes
1081 1935 1160 1967 vidit,
1178 1940 1204 1962 et
1223 1943 1285 1962 ossa
1302 1935 1377 1962 carni
1394 1934 1560 1970 agglutinata
1575 1943 1582 1968 ;
1600 1934 1707 1962 labores

915 1981 1112 2014 intolerabiles,
1128 1982 1215 2017 plagae
1235 1981 1367 2009 confracti
1384 1981 1517 2016 corporis,
1540 1980 1706 2016 proﬂuvium

915 2027 1018 2054 ventris
1040 2026 1230 2058 immodicum,
1253 2026 1329 2054 solus
1347 2031 1455 2054 restans
1466 2027 1606 2054 anhelitus
1623 2035 1630 2054 :
1645 2035 1707 2061 qua:

915 2080 978 2101 cum
999 2073 1148 2108 gratiarum
1165 2073 1272 2100 actione
1293 2078 1320 2100 et
1335 2073 1465 2108 patientia
1494 2073 1636 2108 perferens
1654 2074 1707 2099 mi-

917 2119 1004 2154 gravit
1021 2124 1050 2147 et
1062 2120 1120 2155 ipse
1138 2120 1172 2147 ad
1186 2119 1344 2147 Dominum.
1368 2119 1443 2147 Beati
1457 2127 1562 2153 revera,
1575 2125 1706 2155 tanquam

915 2170 942 2195 et
955 2165 1008 2200 ipsi
1023 2171 1169 2200 martyres,
1187 2164 1344 2201 Dionysius,
1361 2166 1462 2201 probus
1478 2166 1525 2194 Dei
1553 2166 1706 2201 operarius,

914 2217 942 2240 et
953 2213 1061 2240 Anthus
1076 2212 1202 2246 agttellus
1216 2211 1330 2239 Christi.
1347 2212 1502 2247 Dionysius,
1515 2211 1561 2247 qui
1578 2219 1594 2239 a
1607 2212 1707 2246 juven—

913 2262 971 2287 tute
983 2258 1017 2286 ad
1037 2258 1145 2286 senium
1171 2265 1258 2293 uSque
1286 2257 1450 2286 obedientia:
1474 2263 1614 2286 certamen
1646 2266 1708 2292 per-

911 2305 990 2333 duxit
1008 2314 1016 2337 ;
1037 2309 1065 2331 et
1080 2304 1199 2337 Anthus,
1217 2304 1264 2338 qui
1282 2312 1297 2331 a
1316 2311 1402 2339 puero
1423 2312 1510 2338 usque
1532 2305 1565 2332 ad
1588 2304 1706 2331 mediam

912 2355 1019 2378 aetatem
1044 2349 1195 2377 obediendo
1222 2350 1396 2379 sanctitatem
1419 2350 1533 2384 adeptus
1555 2354 1606 2377 est.
1619 2349 1707 2376 Ambo

913 2403 977 2430 vasa
993 2395 1068 2424 utilia
1087 2396 1201 2423 Domino
1217 2395 1271 2423 Deo
1285 2403 1293 2422 ι
1306 2403 1359 2422 non
1377 2395 1405 2422 in
1419 2395 1454 2422 iis
1479 2395 1562 2423 modo
1585 2403 1705 2430 quorum

912 2450 996 2470 causa
1011 2442 1088 2477 prius
1116 2450 1148 2469 ac
1173 2442 1311 2477 posterius
1331 2441 1432 2469 laudati
1461 2447 1547 2475 sunt;
1575 2441 1706 2477 sedquod

912 2493 1044 2524 praeterea
1062 2496 1203 2519 carcerum
1224 2488 1335 2516 coronis
1357 2494 1468 2523 propter
1480 2487 1615 2522 justitiam
1630 2487 1705 2515 redi-

912 2535 972 2562 ιιιίιὶ
988 2539 1055 2563 sunt
1073 2544 1079 2561 :
1096 2542 1151 2570 quo
1167 2534 1232 2569 quid
1246 2535 1334 2569 possit
1357 2542 1419 2562 esse
1434 2534 1603 2569 gloriosius?
1620 2535 1706 2562 liabet

912 2588 1003 2610 autent
1025 2583 1094 2609 alter
1120 2582 1192 2609 aliud
1219 2589 1275 2617 quo
1293 2590 1322 2609 se
1343 2582 1439 2617 jactet,
1469 2581 1542 2616 quod
1573 2582 1703 2609 nimirntu

912 2630 1060 2657 lanmlatus
1083 2629 1119 2656 sit
1138 2629 1249 2656 domino
1270 2628 1348 2661 fratri
1372 2632 1399 2656 et
1427 2629 1645 2664 archiepiscopo,
1678 2634 1706 2656 et

912 2675 1021 2710 quidem
1047 2675 1128 2709 longo
1150 2674 1294 2707 famulatu,
1320 2681 1371 2702 nec
1397 2674 1477 2709 longo
1502 2674 1601 2706 solum,
1617 2674 1706 2701 sedet

913 2721 992 2749 valde
1014 2721 1132 2748 laudato.
1154 2720 1277 2756 Utroque
1294 2721 1379 2756 igitur
1400 2721 1512 2749 nomine
1524 2720 1706 2748 admiratione

915 2768 1014 2803 dignus
1027 2771 1070 2796 est
1084 2767 1178 2795 frater.

831 2861 946 2890 NOTAE.

104 2894 142 2931 (3}
158 2894 187 2921 lt.
204 2895 263 2922 cod.
285 2895 350 2931 Reg.
364 2900 416 2932 ρκ’.
