1912 3080
187 145 255 179 1351

187 206 290 239 omnis,
305 210 332 233 et
351 205 507 233 voluntaria
525 213 599 234 mors
612 206 783 241 quotidiana,
797 214 814 234 ο
835 205 895 236 ﬁlii,
916 213 976 232 ma-
991 208 1013 235 Α

187 259 271 287 gnum
284 251 381 278 salutis
396 251 557 286 mysterium
573 255 624 279 est.
644 251 736 278 Videte
746 251 978 283 quemadmodum

189 297 295 332 degatis
311 306 318 323 :
333 303 387 323 non
410 303 438 323 ut
455 296 528 323 vitiis
539 296 661 329 obnoxii,
677 295 723 323 sed
748 299 777 322 ut
791 300 918 329 expertes
938 294 980 320 vi-

194 341 315 368 tiorum:
335 349 388 368 non
406 345 434 367 ut
460 340 562 373 carnis,
578 341 624 368 sed
640 344 670 367 ut
693 338 742 367 Dei
770 345 918 366 amatores.
942 337 981 365 Ne

190 387 287 414 oculos
301 387 328 414 in
338 386 504 414 feminarum
521 394 569 413 ora
588 386 716 420 conj'cite
733 385 799 412 :sed
815 392 904 419 neque
918 391 982 418 erga

193 440 243 460 vos
255 433 371 461 invicem
395 433 539 460 liberiores
557 432 585 458 in
606 432 712 467 agendo
728 435 828 458 estote.
846 431 893 457 Est
908 429 982 457 enim

194 479 316 511 licentia,
345 478 418 514 ignis
442 478 566 505 animum
591 485 734 512 perurens.
754 476 866 504 Mortem
890 475 983 503 animo

195 532 303 559 semper
318 525 448 559 cogitate,
463 529 491 551 ut
503 524 566 551 sitis
576 524 609 551 ad
623 531 765 558 egressum
780 531 813 551 ex
832 523 886 550 vita
898 522 983 557 parati

195 575 223 599 et
239 572 356 599 alacres.
377 571 554 598 Traditiones
575 575 682 598 servate
699 579 706 598 :
722 579 783 605 qua:
798 575 862 597 sunt
879 570 985 605 praesti-

197 623 254 645 tuta
273 617 405 652 perﬁcite,
422 622 478 644 tum
500 624 561 652 qua:
580 617 760 651 psalmodiam
776 617 906 648 attinent,
927 620 984 642 turn

196 671 258 699 quae
270 665 422 691 orationem
436 668 462 689 et
478 664 587 698 quidvis
602 663 686 690 aliud.
717 662 806 689 Nolite
822 670 919 689 aurum
939 669 987 688 vo-

196 710 241 738 bis
267 710 334 745 ipsis
349 710 489 745 colligere.
511 714 550 740 ut.
567 717 629 736 cutn
644 709 721 736 eritis
741 709 768 735 in
784 717 868 735 unum
886 707 986 740 coacti,

198 756 360 791 propinquis
376 761 404 783 et
419 755 514 784 amicis
527 755 593 782 illud
610 755 739 782 tribuatis
759 763 766 782 :
782 754 911 789 quoniam
929 762 988 780 tuo-

198 803 320 830 nasterio
339 811 404 830 cura
424 806 468 829 est
486 809 579 829 rerum
604 806 774 829 nostrarum.
800 800 858 827 Non
882 804 923 827 est
939 800 990 826 hoc

200 848 319 876 tlliorum
337 849 392 880 Dei,
405 848 452 876 sed
468 855 563 875 eorum
578 847 625 881 qui
637 855 670 874 ea
684 855 744 882 quae
759 847 852 874 carnis
867 849 931 872 sunt
945 854 990 872 sa-

201 895 290 930 piunt.
320 894 464 927 Quomodo
480 894 586 928 igitur?
610 898 639 920 ut
659 894 686 920 in
711 899 882 920 communem
909 898 987 918 usuin
1006 885 1026 912 Β

201 941 362 969 conferatur
377 949 384 967 :
401 945 429 968 et
444 940 574 975 quidquid
588 939 744 974 contigerit,
761 937 923 965 fraternitati
938 936 988 964 tri-

201 986 302 1015 buatur
328 990 383 1013 :ut
420 993 452 1013 ex
470 985 621 1012 multorum
649 985 773 1020 symbola
800 992 842 1011 res
871 981 990 1010 caanobii

203 1032 403 1060 constituatur.
420 1030 483 1058 llaec
496 1038 511 1057 a
528 1039 570 1057 me
587 1030 770 1058 idcircodicta
780 1034 854 1061 sunt,
870 1029 941 1063 quod
957 1028 992 1054 ad

203 1086 255 1106 nos
272 1078 344 1105 fama
360 1077 457 1104 detulit
480 1085 542 1104 esse
557 1077 690 1112 quosdam
707 1077 755 1110 qui
781 1076 838 1110 jam
858 1083 930 1102 nunc
955 1075 992 1101 ita

204 1129 345 1152 statuant:
357 1124 414 1151 Hoc
426 1131 522 1158 pecus,
538 1123 676 1158 inquiunt,
690 1127 717 1150 et
730 1121 993 1153 hocindumentutn,

205 1172 262 1199 sive
276 1171 415 1207 quidpiam
430 1171 513 1204 aliud,
530 1172 591 1197 volo
602 1170 650 1197 tali
673 1170 846 1204 relinquere!
868 1167 890 1196 0
908 1168 994 1195 mise-

207 1217 323 1245 riamlo
340 1216 504 1244 dementiam
522 1217 529 1244 ε
548 1216 628 1251 Atqui
645 1224 699 1243 non
713 1220 756 1242 est
771 1223 786 1241 e
804 1214 925 1241 ﬁliorum
942 1220 996 1239 nu-

207 1271 283 1291 mero
297 1263 344 1298 qui
359 1263 491 1297 ejusmodi
503 1267 555 1295 est,
570 1270 620 1289 nec
637 1262 732 1293 frater,
748 1261 794 1288 sed
807 1260 925 1290 alienus,
943 1257 991 1286 sed

207 1309 367 1343 sacrilegus,
383 1309 462 1343 cujus
475 1316 536 1335 sors
547 1316 609 1335 cum
624 1308 698 1336 Giezi
717 1307 823 1334 fure....

349 1365 444 1393 XCIX.
456 1380 492 1386 —-
503 1364 667 1392 Abrahamio
683 1363 870 1399 Itospitalaria.

781 149 813 178 S.
832 147 884 177 ΤΗ
889 146 1030 177 EODORI
1047 146 1221 177 STUDlT/E

1746 142 1818 175 1352

1028 205 1087 240 βίου
1102 207 1151 231 καὶ
1163 206 1177 232 δ
1192 205 1252 232 καθ’
1266 203 1374 240 ἡμέραν
1389 203 1581 240 προαιρετικὸς
1594 202 1719 234 θάνατος,
1734 199 1758 229 ὧ
1770 204 1818 230 τέ-

1030 259 1092 284 κνα,
1109 252 1178 287 μετὰ
1192 251 1222 278 τὸ
1235 250 1284 286 τῆς
1295 249 1432 285 σωτηρίας
1452 249 1614 284 μυστήριον.
1626 249 1744 275 Βλέπετε
1758 249 1820 280 πῶς

1030 297 1243 333 ἀναστρέφεσθε,
1258 296 1296 331 μὴ
1309 296 1346 327 ὡς
1358 295 1503 330 ἐμπαθεῖς,
1515 294 1572 322 ἀλλ’
1585 294 1623 327 ὠς
1636 295 1766 327 ἁπαθείς⁸
1779 296 1820 330 μὴ

1030 343 1067 375 ὠς
1079 343 1250 379 φιλόσαρκοι,
1280 341 1339 368 ἀλλ’
1351 341 1388 372 ὡς
1404 340 1533 375 φιλόθεοι.
1544 340 1589 377 Μὴ
1599 340 1769 367 mamma
1784 341 1820 367 τὰ

1030 389 1143 423 ὄμματα
1164 387 1242 422 ὄψεσι
1265 387 1421 422 γυναικῶν,
1442 386 1511 413 ἀλλὰ
1538 386 1606 422 μηδὲ
1637 387 1678 418 είς
1705 386 1821 418 ἑαυτοὺς

1032 435 1106 470 εῐητε
1125 433 1365 470 παρῤησιαστικοί.
1382 433 1526 469 Παρρησία
1543 433 1597 468 γὰρ
1612 432 1669 468 πῦρ
1683 431 1820 467 καταφλέ-

1033 491 1081 517 γον
1097 482 1197 517 ψυχήν.
1213 482 1352 509 Μελετᾶτε
1372 481 1418 508 τδν
1433 480 1547 508 θάνατον
1566 481 1618 511 ἀεὶ,
1635 480 1673 511 ὡς
1693 479 1727 507 ἂν
1746 479 1822 513 εῐητε

1034 528 1288 563 παρεσκευασμένοι
1314 526 1382 562 πρὸς
1410 525 1460 562 τὴν
1489 525 1579 558 ἔξοδον
1607 527 1636 552 ὲν
1661 526 1744 561 χαρᾷ.
1766 525 1826 556 Τὰς

1035 575 1199 610 παραδόσεις
1213 574 1340 609 κρατεῖτε
1349 581 1356 587 ·
1378 572 1413 599 τὰ
1431 572 1574 608 ὡρισμένα
1587 572 1698 604 τελεῖτε,
1710 571 1781 598 κατά
1794 579 1826 597 τε

1035 621 1195 657 ψαλμῳδίαν
1210 621 1257 647 καὶ
1270 619 1425 654 προσευχὴν
1444 619 1492 645 καὶ
1505 618 1532 644 εῐ
1548 626 1575 644 τι
1595 617 1700 652 ἕτερον.
1717 616 1763 651 Μὴ
1775 615 1826 651 θη-

1038 667 1185 704 σαυρίζητε
1202 667 1306 697 ἑαυτοῖς
1327 664 1438 700 χρυσίον
1456 665 1497 696 εἰς
1512 664 1543 691 τὺ
1563 664 1591 690 ὲν
1607 662 1694 698 καιρῷ
1714 663 1827 689 ἐπισυν-

1038 716 1151 752 αγωγῆς
1172 714 1362 751 παρασχέσθαι
1374 714 1441 741 αὐτὸ
1462 713 1537 745 ίδὶοις
1550 712 1598 739 καὶ
1610 711 1697 746 φίλοις
1707 717 1714 723 ·
1729 709 1767 742 ὡς
1780 709 1829 736 ὅτε

1038 763 1070 789 τὸ
1091 761 1272 797 μοναστήριον
1288 760 1426 795 φροντίσει
1440 758 1475 785 τὰ
1493 757 1554 784 καθ’
1570 757 1654 792 ἡμᾶς.
1669 755 1708 782 Οὺ
1724 755 1831 781 τέκνων

1040 808 1107 835 Θεοῦ
1119 807 1207 840 τοῦτο,
1218 806 1287 834 ἀλλὰ
1299 805 1494 842 σαρκοφρόνων
1505 813 1512 819 ·
1531 804 1588 835 πῶς
1600 803 1628 830 δέ
1639 811 1646 835 ;
1661 803 1705 829 ἵνα
1716 801 1746 828 τὸ
1758 800 1834 828 κατὰ

1041 854 1135 890 θρείαν
1148 854 1268 888 γένοιτο·
1285 853 1333 880 καὶ
1349 852 1380 878 τὸ
1399 851 1505 886 φθάσαν
1521 848 1590 878 εἶναι
1610 848 1778 884 προσενεχθῇ
1796 847 1833 882 τῇ

1040 900 1200 934 ἀδελφότητι
1213 908 1220 915 ·
1232 900 1277 926 ἵνα
1290 900 1322 925 εκ
1335 897 1440 924 πολλῶν
1457 896 1612 932 προσώπων
1627 895 1658 922 τδ
1669 893 1836 921 συστατικὺν

1041 946 1086 982 εἴη
1097 946 1145 973 τοῦ
1160 945 1308 973 κοινοῦίου.
1323 944 1415 971 Ταῦτα
1427 943 1456 969 δέ
1471 951 1515 978 μοι
1527 942 1635 978 εἴρηται
1647 939 1739 974 ἐπειδὴ
1749 939 1836 974 ἠκου-

1042 1001 1103 1020 σται
1120 992 1216 1026 ὄτιπέρ
1235 999 1307 1023 τινες
1329 990 1379 1026 ἤδη
1403 988 1568 1016 ἀπεντεῦθεν
1586 987 1734 1023 ὁρίζονται.
1754 985 1836 1017 Τόδε,

1043 1039 1122 1075 φησὶ,
1137 1039 1168 1065 τὸ
1183 1037 1263 1071 ζῶον,
1279 1037 1327 1064 καὶ
1342 1036 1403 1062 τόδε
1417 1035 1447 1062 τὸ
1464 1035 1580 1069 ἱμάτιον,
1594 1032 1643 1060 εἰτ’
1659 1030 1706 1059 οὖν
1728 1031 1836 1066 ἓτερον,

1045 1085 1175 1121 βούλομαι
1195 1083 1235 1119 τῷ
1252 1084 1317 1110 δεῖνι
1339 1083 1432 1109 ἐᾶσαι,
1447 1082 1480 1108 Ὦ
1493 1081 1543 1116 τῆς
1557 1078 1730 1114 ἀθλιότητοςι
1749 1076 1771 1103 ὣ
1784 1076 1840 1110 τῆς

1044 1131 1217 1168 ἀφροσύνηςί
1245 1129 1350 1157 Οὐκοῦν
1367 1128 1429 1156 οὔτε
1452 1128 1547 1155 τέκνον
1570 1128 1585 1153 δ
1606 1125 1742 1156 τοιοῦτος,
1772 1121 1840 1149 οὔτε

1046 1167 1178 1213 ἀδελφός·
1196 1177 1254 1204 ἀλλ’
1267 1176 1419 1211 ἀλλότριος,
1436 1174 1503 1203 ἀλλὰ
1519 1173 1667 1204 ἱερόσυλος,
1679 1167 1710 1198 οὗ
1724 1171 1741 1205 ή
1757 1168 1841 1205 μερὶς

1049 1222 1690 1262 μετὰΓιεςῆτοῦκλέπτου.........
1716 1233 1784 1244 ..ο
1809 1232 1820 1243 ο

1218 1355 1277 1390 ιβ’.
1291 1372 1326 1376 -
1342 1354 1483 1389 Ἀϐραμίῳ
1500 1351 1661 1386 ξενοδόχφ.

777 1421 895 1446 Hortatur
906 1420 936 1445 ad
947 1419 1076 1444 lenitatem
1088 1423 1148 1448 erga
1157 1413 1280 1440 subditos.

328 1478 494 1505 obscuratur
515 1477 555 1504 sic
569 1474 688 1503 faciendi
705 1479 792 1502 metu.
809 1473 878 1501 Nam
896 1472 943 1499 Dei
960 1472 994 1499 ti-

1080 1490 1088 1498 .
1113 1489 1121 1497 .
1142 1489 1150 1497 .
1172 1488 1180 1496 .
1202 1488 1210 1496 .
1233 1465 1411 1497 συσκιάζεται
1429 1462 1506 1498 φόϐῳ
1528 1461 1600 1488 οὕτω
1614 1459 1845 1494 διαπράττεσθαι.

210 1532 289 1553 more
303 1524 372 1552 nihil
385 1528 429 1551 est
446 1522 537 1558 majus
554 1531 561 1549 :
575 1526 603 1549 et
617 1521 684 1549 nihil
698 1521 783 1548 animi
805 1521 894 1548 salute
910 1518 997 1553 magis

1044 1517 1130 1544 Φόϐου
1148 1515 1202 1550 γὰρ
1226 1511 1293 1540 Θεοῦ
1309 1511 1386 1538 οὐδὲν
1404 1509 1508 1544 μεῖζον,
1524 1508 1571 1535 καὶ
1594 1506 1732 1541 σωτηρίας
1752 1505 1845 1540 ψυχῆς

211 1571 409 1599 necessarium.
427 1551 500 1602 Quid.
509 1569 578 1596 enim
591 1567 710 1602 proderit
732 1567 843 1595 homini.
859 1551 996 1600 inquit,‘si

1045 1562 1120 1590 οὐδὲν
1139 1558 1304 1594 ὰναγκαιότε
1311 1565 1367 1593 ρον.
1388 1556 1418 1583 Τί
1440 1554 1495 1590 τὰρ
1507 1552 1659 1588 ὠφελήσει
1672 1551 1846 1585 ἄνθρωπον,

211 1618 328 1644 lucretur
343 1619 471 1642 mundum
484 1619 581 1646 totum,
592 1618 616 1640 et
628 1613 815 1640 detrimentum
832 1611 928 1638 anime
944 1618 1000 1636 suae

211 1662 295 1698 facta!
311 1661 321 1677 ⁸
333 1661 344 1687 2
358 1661 385 1687 Et
401 1660 538 1688 medicum
555 1658 638 1695 quaeri
652 1665 702 1693 par
716 1658 796 1685 estin
809 1657 923 1684 adversa
937 1663 999 1683 cor-
1013 1671 1036 1701 c

212 1708 287 1743 poris
304 1707 470 1739 valetudine,
485 1711 513 1733 et
541 1705 568 1732 in
593 1709 754 1740 tempestate
779 1703 999 1739 gubernatorem.

211 1754 312 1781 Annon
328 1752 405 1780 vides
423 1759 549 1787 magnam
567 1759 628 1778 esse
646 1754 833 1785 tempestatem
849 1753 877 1776 et
896 1747 1001 1783 plagam

213 1799 346 1826 divinitus
362 1796 537 1824 immissum?
563 1795 683 1828 Medere,
700 1794 823 1826 domine,
840 1801 914 1828 rege,
931 1797 963 1820 ut
976 1797 1004 1819 et

214 1846 332 1880 teipsum
355 1851 448 1871 serves
479 1843 659 1873 incolumem,
687 1845 714 1868 et
730 1848 779 1868 eos
798 1840 846 1875 qui
872 1840 911 1867 rei
939 1843 1005 1866 sunt

214 1898 307 1922 sanes,
325 1895 351 1916 et
365 1890 399 1916 ad
417 1889 594 1917 stabilitatem
611 1887 737 1917 reducas.
756 1886 845 1913 tninas
856 1885 1002 1916 cohibens,

215 1945 278 1965 cum
294 1943 322 1964 et
339 1937 395 1971 ipse
408 1936 434 1963 in
450 1943 565 1970 corpore
581 1935 620 1962 sis
635 1938 662 1961 et
677 1933 766 1968 lapsui
786 1932 931 1960 obnoxius.
954 1931 1002 1958 Sic

216 1985 289 2010 enim
310 1988 338 2010 et
353 1982 472 2018 propitio
486 1980 572 2007 uteris
584 1979 650 2007 Deo.
673 1979 727 2006 Deo
743 1984 834 2005 autem
849 1981 1008 2012 protegente

216 2029 279 2065 quis
297 2029 403 2056 allicere
420 2029 492 2055 malo
519 2027 626 2062 possit?
648 2026 799 2058 Memento,
816 2024 930 2051 domine
958 2023 1006 2055 mi,

217 2076 291 2111 quod
308 2080 335 2103 et
360 2076 418 2110 ipse
430 2082 494 2102 caro
508 2081 549 2106 es,
565 2078 592 2100 et
619 2077 649 2100 ut
664 2073 769 2107 lapsum
789 2069 902 2102 metuis,
927 2068 1010 2103 lapsis

219 2121 330 2156 ignosce
349 2128 355 2146 :
378 2118 479 2146 Eadem
494 2119 590 2154 quippe
613 2124 737 2144 mensura
755 2123 807 2150 qua
828 2114 911 2142 mensi
927 2113 1010 2148 fueri—

219 2175 288 2199 mus,
313 2166 464 2193 remetiatur
490 2164 564 2192 nobis
578 2166 599 2191 '.
623 2163 771 2194 Memento.
795 2160 879 2188 frater
899 2160 1011 2195 optime,

220 2214 293 2248 quod
305 2212 384 2239 hodie
397 2219 503 2243 sumus,
519 2218 568 2237 nec
583 2209 687 2237 scimus
697 2207 761 2243 quid
771 2210 958 2241 superuentura
966 2213 1014 2240 pa-

221 2259 272 2286 riat
289 2258 344 2285 die:
359 2258 369 2274 ⁸
384 2267 391 2285 -.
411 2262 440 2284 ut
452 2265 485 2283 ne
501 2256 676 2283 inveniamur
692 2254 777 2281 notati
794 2260 857 2280 cum
875 2250 1014 2278 dedecore

221 2313 254 2332 ac
263 2303 409 2335 maledicti.
422 2309 478 2331 tum
490 2303 516 2329 in
530 2302 656 2337 prasenti
670 2300 780 2331 saeculo,
792 2303 850 2326 tum
866 2297 893 2324 in
906 2295 1012 2324 futuro.

1047 1609 1141 1643 φησὶν,
1157 1607 1212 1633 ἐὰν
1227 1605 1303 1632 ὅλον
1320 1603 1375 1630 τὸν
1390 1602 1507 1634 κόσμον
1523 1599 1668 1633 κερδήσῃ,
1680 1597 1731 1625 καὶ
1741 1596 1849 1631 ζημιω-

1052 1654 1089 1688 θῇ
1106 1653 1163 1686 τὴν
1178 1650 1286 1686 ’ψυχὴν
1306 1647 1419 1679 αὑτοῦ;
1438 1647 1492 1673 Kal
1506 1647 1520 1672 ὁ
1539 1646 1631 1680 ἰατρὸς
1647 1645 1676 1670 ὲν
1687 1644 1746 1674 ταῖς
1765 1651 1851 1678 περι-

1054 1700 1165 1728 στάσεσι
1180 1696 1310 1733 ζητητέος
1320 1702 1328 1710 ‘
1342 1695 1389 1722 καὶ
1408 1694 1423 1720 δ
1438 1693 1611 1727 κυϐερνήτης
1626 1692 1655 1717 ὲν
1666 1690 1705 1725 τῷ
1718 1689 1848 1717 κλύδωνι.

1054 1747 1090 1773 Ἢ
1104 1746 1154 1781 οὐχ
1167 1745 1232 1780 δρᾷς
1244 1744 1286 1771 ὃτι
1299 1741 1403 1769 κλύδων
1421 1741 1507 1776 μέγας
1523 1739 1570 1766 καὶ
1585 1737 1721 1772 θεομηνὴς
1732 1736 1826 1770 πληγὴ
1842 1743 1851 1767 ;

1056 1792 1210 1826 ίάτρευσον,
1240 1788 1369 1818 δέσποτα.
1397 1785 1578 1820 κυϐέρνησον,
1599 1783 1644 1809 ἴνα
1661 1781 1709 1808 καὶ
1735 1780 1852 1807 σεαυτὸν

1057 1836 1158 1872 σώσῃς,
1172 1835 1220 1862 καὶ
1231 1834 1295 1865 τοὺς
1307 1831 1452 1862 ὑπαιτίους
1469 1830 1576 1865 ὲξιάσῃ,
1594 1829 1642 1856 καὶ
1656 1826 1853 1862 ἁναστοιχειὼ-

1057 1891 1106 1919 σῃς
1118 1883 1159 1913 είς
1175 1879 1349 1911 εὐστάθειαν,
1364 1877 1529 1913 ἀνεχόμενος
1541 1876 1591 1911 τὴν
1607 1874 1732 1910 ἀπειλὴν,
1749 1873 1787 1905 ὡς
1802 1873 1854 1899 καὶ

1057 1929 1138 1960 αὐτὸς
1161 1927 1199 1954 ὣν
1222 1928 1252 1953 ὲν
1275 1925 1381 1960 σώματι
1404 1923 1452 1951 καὶ
1474 1922 1528 1950 ὑπὸ
1541 1922 1571 1948 τὸ
1589 1920 1730 1948 πταιστόν.
1755 1919 1855 1951 Οὕτως

1058 1975 1113 2010 γὰρ
1126 1975 1171 2001 καὶ
1186 1973 1251 1999 Θεὸν
1268 1972 1356 2006 κτήσῃ
1373 1970 1448 1996 ἵλεω.
1463 1967 1531 1995 Θεοῦ
1548 1968 1576 1994 δὲ
1590 1967 1767 2002 περιέποντος
1780 1966 1824 1996 τίς
1839 1966 1855 1991 ὀ

1060 2007 1209 2049 κακώσωνς
1223 2016 1377 2052 Μνήσοητι,
1394 2014 1481 2049 Κύριέ
1494 2021 1554 2048 μου,
1569 2012 1610 2038 ὅτι
1625 2011 1692 2046 σὰρξ
1703 2007 1728 2036 εἷ
1742 2010 1791 2036 καὶ
1806 2009 1857 2035 αὑ-

1059 2066 1105 2098 τός
1116 2073 1124 2079 ·
1141 2064 1186 2091 καὶ
1199 2063 1237 2096 ὡς
1255 2062 1324 2098 φοόῇ
1340 2061 1389 2092 τὰς
1404 2059 1522 2094 πληγὰς,
1538 2058 1630 2093 φείδου
1649 2056 1702 2083 τῶν
1718 2055 1834 2089 πληγῶν
1846 2063 1853 2070 ι

1068 2111 1206 2144 Ἔπείπερ
1225 2109 1277 2141 οἵῳ
1298 2107 1394 2142 μέτρῳ
1407 2104 1586 2141 μετροῦμεν,
1600 2101 1858 2137 ἀντιμετρηθήσε-

1063 2166 1110 2185 ται
1140 2155 1221 2190 ήμῖν.
1248 2153 1402 2188 Μνήσθητι.
1429 2150 1527 2185 ἀδελφὲ
1557 2149 1633 2181 καλὲ,
1660 2149 1701 2174 ὅτι
1731 2147 1858 2182 σήμερόν

1065 2205 1160 2238 ὲσμεν,
1177 2201 1225 2228 καὶ
1238 2200 1265 2227 τί
1279 2199 1395 2231 τέξεται
1411 2198 1431 2232 ἠ
1445 2196 1575 2224 ἐπιοῦσα
1587 2196 1643 2222 οὐκ
1659 2193 1798 2228 οῖδαμεν·
1815 2192 1858 2224 ὡς

1068 2249 1105 2285 μὴ
1128 2247 1273 2283 εὑρεθῆναι
1292 2245 1366 2281 ἡμᾶς
1382 2242 1617 2279 κωμῳδουμένους
1632 2241 1680 2267 καὶ
1694 2239 1859 2275 κατηραμέ-

1067 2303 1140 2326 νους,
1153 2293 1200 2320 καὶ
1212 2293 1241 2319 ἐν
1255 2291 1294 2327 τῷ
1308 2290 1356 2318 νῦν
1371 2289 1450 2317 αἰῶνι
1469 2289 1517 2316 καὶ
1531 2289 1559 2315 ὲν
1575 2287 1614 2322 τῷ
1629 2287 1762 2322 μέλλοντι.
1777 2285 1859 2319 Μνή-

222 2350 358 2378 Memento
372 2348 515 2376 horrendae
529 2331 605 2374 illius
621 2344 857 2378 inexorabilisque
864 2341 999 2370 sententias

1044 2340 1148 2375 )σθητι
1171 2339 1221 2374 τῆς
1252 2337 1416 2371 ἀποφάσεως
1447 2335 1555 2368 ἐκείνης
1582 2334 1631 2368 τῆς
1660 2331 1778 2367 φοϐερᾶς
1809 2332 1862 2357 καὶ

221 2403 275 2430 qua
284 2393 514 2422 immisericordes
521 2392 548 2419 in
556 2392 645 2428 ignem
655 2390 850 2418 inexstinctum
859 2388 1014 2415 mittentur.

223 2441 360 2468 Memento
372 2440 431 2467 fore
448 2443 478 2466 ut
499 2438 580 2465 nobis
597 2437 730 2464 sistantur
747 2435 783 2463 ob
797 2434 892 2462 oculos
907 2433 936 2465 ii,
957 2432 1005 2467 qui

224 2487 326 2516 fuerint
341 2495 355 2514 a
375 2485 456 2514 nobis
469 2489 517 2512 aut
534 2483 669 2512 beneﬁcio
686 2482 779 2517 aliquo
793 2485 841 2508 aut
854 2480 956 2507 damno
972 2477 1014 2505 af~

225 2535 300 2562 fecti.
319 2533 422 2568 Ecquid
438 2536 495 2560 tum
510 2530 634 2566 proderit
651 2528 761 2564 egregia
775 2534 823 2562 per
839 2526 911 2553 hanc
925 2526 1010 2551 vitam

225 2579 298 2606 fama
316 2577 421 2606 fuisse?
433 2576 471 2604 Ne
486 2576 538 2608 sic,
554 2575 688 2606 obtestor.
704 2577 797 2600 nostro
812 2578 862 2598 nos
879 2569 930 2605 ipsi
951 2569 1010 2604 gla-

225 2625 271 2653 dio
281 2624 449 2660 jugulemus.
463 2622 527 2650 Haec
541 2621 581 2649 tui
594 2625 740 2656 peramans
751 2618 824 2649 dico.
841 2616 1013 2650 maximeque

226 2671 260 2698 de
274 2675 311 2704 te,
326 2669 448 2702 domine,
464 2667 609 2698 sollicitus.
632 2670 661 2693 ut
680 2664 761 2692 finem
780 2662 888 2690 dicendi
902 2661 1012 2689 faciam.

226 2716 316 2745 Laetos
330 2715 446 2751 posthac
463 2713 574 2741 nuntios
587 2711 697 2740 audiam
711 2710 745 2737 de
758 2709 891 2737 comitate
905 2708 932 2735 in
950 2714 1014 2734 eru-

227 2763 328 2791 diendo
343 2769 376 2790 ac
402 2760 532 2789 facilitate
556 2757 659 2786 domini
690 2756 765 2784 mei:
783 2760 813 2783 ut
843 2758 963 2786 cantem,
984 2757 1014 2780 ut

228 2809 377 2842 intelligam
392 2811 561 2844 quantopere
584 2803 651 2832 mihi
678 2802 807 2837 deinceps
818 2800 925 2828 amicus
940 2805 1017 2826 meus

263 2864 275 2881 ⁸
288 2864 372 2892 Marc.
390 2871 447 2897 vni,
463 2861 509 2891 56.
563 2861 573 2877 ¹
585 2859 651 2888 Luc.
664 2867 700 2892 v1,
717 2857 761 2886 38.
799 2858 809 2873 ⁸
821 2857 901 2884 f‘rov.
915 2861 999 2887 xxvn,
1014 2853 1038 2880 Ι.

1066 2384 1300 2421 ἁπαραλογίστου,
1316 2382 1360 2416 ὑφ’
1374 2379 1407 2417 ἦς
1419 2381 1444 2407 oi.
1459 2380 1638 2415 ἀνελεήμονες
1654 2379 1694 2409 εἰς
1706 2376 1762 2410 πῦρ
1776 2375 1863 2402 5.56a-

1066 2441 1127 2459 στον
1146 2429 1399 2465 ὲκπεμφθήσονται.
1421 2426 1563 2461 Μνήσθητι
1578 2425 1619 2452 ὅτι
1634 2422 1862 2458 παραστήσονται

1064 2478 1130 2513 ἡμῖν
1152 2479 1187 2503 τὰ
1204 2473 1234 2502 εὖ
1253 2474 1409 2501 πεπονθότα
1425 2472 1570 2508 πρόσωπα,
1586 2470 1635 2497 καὶ
1647 2471 1682 2496 τὰ
1695 2467 1862 2501 δεινοπαθὴ-

1063 2532 1149 2552 σαντα
1171 2523 1215 2558 ὑφ’
1233 2522 1322 2558 ἡμῶν.
1347 2521 1401 2548 Καὶ
1419 2520 1445 2546 τί
1460 2518 1597 2554 ὠφελήσει
1616 2517 1676 2544 τότε
1693 2515 1725 2543 τὸ
1740 2514 1863 2542 ἐνταῦθα

1065 2569 1181 2597 ἁκοῦσαι
1203 2568 1278 2603 ἡμᾶς
1302 2565 1430 2598 ἱκανούς;
1447 2564 1504 2600 Μὴ,
1529 2562 1690 2600 παρακαλῶ,
1709 2561 1747 2596 μὴ
1771 2560 1863 2593 οὕτως

1065 2616 1106 2648 είς
1126 2614 1241 2645 ἑαυτοὺς
1256 2613 1287 2640 τὸ
1301 2612 1378 2647 ξίφος
1393 2610 1519 2646 ὡθῶμεν.
1534 2609 1621 2636 Φίλων
1635 2608 1710 2642 λέγω
1724 2606 1771 2634 καὶ
1787 2606 1863 2641 μάλα

1066 2661 1226 2697 κηδόμενος,
1252 2659 1382 2691 δέσποτα,
1406 2656 1483 2689 τέλος
1508 2655 1556 2682 τοῦ
1580 2654 1672 2689 λόγου.
1692 2652 1862 2685 Ἀκούσαιμι

1065 2709 1120 2736 ἀπὸ
1133 2707 1181 2734 τοῦ
1195 2706 1242 2734 νῦν
1254 2705 1359 2740 ἀγαθὰς
1370 2704 1456 2736 ἀκοὰς
1466 2703 1513 2730 καὶ
1528 2700 1727 2737 φιλανθρώπως
1747 2699 1825 2727 παιδε
1839 2713 1864 2723 Ι-

1066 2754 1146 2786 τικὰς
1160 2752 1225 2787 περὶ
1240 2751 1287 2778 τοῦ
1303 2749 1370 2786 ἐμοῦ
1384 2749 1488 2785 Κυρίου
1501 2756 1509 2764 '
1534 2748 1579 2774 ῐνα
1599 2746 1668 2782 ᾄσω,
1689 2745 1734 2772 ἴνα
1747 2743 1805 2779 γνῶ
1821 2744 1863 2775 ὡς

1071 2798 1277 2834 ὑπακουόμενος
1287 2796 1386 2832 ἔσομαι
1398 2795 1446 2822 καὶ
1461 2793 1530 2831 πρὸς
1542 2793 1572 2820 τὸ
1587 2793 1650 2829 ἑξῆς
1665 2791 1719 2819 ὑπὸ
1729 2789 1777 2818 τοῦ
1791 2789 1862 2825 ἐμοῦ
