1912 3080
96 121 162 153 1333

679 115 955 147 EPISTOLABUM
986 114 1058 147 LIB.
1086 113 1128 144 Π.

1653 108 1721 142 1354

93 181 182 216 φίλου.
197 177 269 214 Ἧση
282 177 337 213 γὰρ
355 176 380 204 οί
393 174 594 211 γειτνιάζοντες
609 174 676 210 ἡμῖν
694 174 813 201 ενταῦθα
828 174 880 210 ,εμ-

934 172 1111 208 obsequetur.
1131 170 1191 198 Jam
1214 170 1288 198 enim
1302 172 1329 198 et
1349 167 1396 202 qui
1409 168 1454 196 hic
1468 168 1495 195 in
1511 172 1603 197 nostra
1621 170 1720 198 vicinia

92 226 169 262 φοὸοι
181 225 229 252 καὶ
242 222 370 259 ἐντρομοί
383 223 455 249 εἰσιν
469 221 499 255 ιε
512 217 551 249 ὧν
565 220 696 248 ἀκούουσι
705 229 713 237 ·
725 221 828 255 καίπερ
842 220 882 256 μὴ

91 271 251 303 ἐπταικότες
267 278 305 297 τι.
320 267 460 304 Τύραννος
471 268 546 295 ἔστιν
564 268 579 294 ό
592 267 740 302 ἑρχόμενος
751 274 760 282 '
783 266 882 302 μάχαι-

93 326 144 353 ραν
163 316 341 350 ἐπιφέρεται·
357 313 465 349 πτωχδς
484 313 533 348 οὐχ
547 312 656 339 ὑποίσει
677 312 811 347 ἀπειλήν
831 312 882 346 οὐχ

93 363 136 390 ἵνα
159 361 389 395 ἀνταγωνίσηται,
413 360 530 394 δέχεται,
549 358 601 385 κᾶν
627 358 665 393 μὴ
687 357 817 393 βούλοιτο,
835 357 882 384 ἐπὶ

92 407 177 442 τούτῳ
188 407 238 441 οὺχ
254 405 422 437 ὑπεύθυνοςο
441 404 503 431 οὐδὲ
515 404 570 439 γὰρ
589 403 671 435 αὐτὸς
689 402 746 437 ἐγὼ
759 403 879 437 καταλη-

93 454 169 488 φθεὶς
188 452 288 483 οὕτως,
305 450 450 486 δυνηθείην
464 449 497 477 ἂν
518 449 620 484 ἑτέρως
642 449 750 484 δρᾶσαι.
772 448 835 475 Ἐὰν
851 448 880 475 δὲ

92 499 161 534 πέρα
179 499 267 534 τούτῳ
280 498 312 525 τὸ
327 497 425 530 αἴτιον,
443 496 553 528 καλῶς·
568 495 637 522 ἀλλὰ
650 496 698 522 καὶ
713 495 799 526 οὕτως
814 503 885 530 συμ-

94 544 184 574 παθῶς
196 543 234 575 ὡς
244 544 273 569 ἐν
283 542 433 577 ὀφθαλμοῖς
444 542 563 577 Κυρίου·
575 540 606 573 ἐξ
616 537 647 566 οὗ
660 539 708 566 καὶ
720 539 883 573 εὐσταθήσει

95 589 192 624 μᾶλλον
217 589 249 616 τὸ
272 589 405 623 ὑπήκοον,
424 586 604 622 δουλούμενον
625 586 718 621 εὐνοίᾳ
740 586 796 617 τοῖς
809 594 882 612 νικοσ

92 635 178 666 ποιοῖς
189 632 358 669 βασιλεῦσιν.

263 722 304 750 P'.
318 736 354 742 ——
373 719 486 753 ’Υπὰτῳ
500 720 605 753 τέκνῳ.
622 718 711 756 [χιγ’.]

932 222 1009 250 sunt,
1026 221 1125 252 pavent
1141 223 1173 243 ac
1184 214 1404 243 contremiscunt
1417 213 1453 241 ob
1468 221 1499 241 ea
1520 222 1581 248 qua:
1597 215 1630 242 ad
1645 214 1720 248 ipsos

930 263 1116 299 perferuntur,
1142 261 1195 288 etsi
1226 268 1362 295 nusquam
1379 260 1554 288 offenderint.
1575 258 1721 296 Tyrannus

932 309 1068 340 imminet,
1084 307 1205 342 gladium
1233 307 1359 338 intentat,
1377 313 1432 333 non
1460 306 1607 333 sustinebit
1633 307 1722 334 minas

932 363 1046 390 pauper.
1063 354 1120 381 Non
1134 361 1189 388 quo
1208 353 1357 380 reluctetnr
1375 359 1382 377 :
1396 352 1443 379 sed
1461 353 1580 386 excipiet
1592 353 1636 379 vel
1652 353 1722 380 invi-

936 405 992 431 tus,
1001 400 1028 426 in
1039 399 1091 426 hac
1105 407 1134 426 re
1145 399 1258 426 minime
1272 397 1512 432 reprehendendus
1529 407 1536 424 :
1551 406 1638 432 neque
1646 399 1720 425 enim

936 453 988 481 ego
1002 446 1026 473 si
1041 445 1081 472 sic
1097 444 1313 479 comprehensus
1325 445 1388 475 sim,
1405 444 1508 478 possim
1526 444 1606 470 aliter
1619 444 1719 471 facere.

935 483 964 519 Si
980 500 1044 519 vero
1058 492 1103 519 hic
1117 491 1246 526 deinceps
1262 492 1288 518 in
1301 492 1409 525 culpam
1426 490 1542 522 incidat,
1557 495 1633 517 recte
1647 500 1654 517 ι
1673 492 1720 518 sed

932 541 960 564 et
976 540 1035 564 tum
1050 544 1114 564 cum
1129 537 1249 571 quadam
1269 535 1525 567 commiseratione,
1546 540 1675 570 tanquam
1693 536 1721 562 in

931 582 1020 610 oculis
1035 582 1143 609 Domini
1161 593 1167 610 ε
1185 590 1218 609 ex
1235 589 1290 617 quo
1307 581 1434 609 subditus
1446 581 1537 612 magis
1546 581 1722 608 confirmabi-

932 632 977 654 tur
1002 631 1032 654 ut
1060 635 1094 655 ex
1123 627 1312 655 benevolentia
1340 627 1490 654 victoribus
1512 625 1723 661 imperatoribus

932 671 1045 700 serviat.

1179 717 1211 746 C.
1222 732 1257 738 —
1274 717 1379 752 Hypata
1390 717 1457 751 ﬁlio.

250 778 369 803 Iacobum
377 778 532 808 monachum,
543 778 674 808 egregium
683 774 773 802 Christi
788 774 963 804 confessorem,
974 775 1117 800 defunctum
1129 775 1219 800 laudat.
1232 774 1333 806 (paron.
1348 781 1388 799 an.
1398 774 1453 804 8l8,
1469 781 1494 799 n.
1507 773 1559 806 25.)

124 832 181 859 Οὐκ
199 831 314 863 ἀπαθῶς
331 831 380 858 καὶ
394 832 476 866 ἡμεῖς
497 831 523 857 οί
538 829 664 857 ταπεινοὶ
680 829 840 864 ἐδεξάμεθα,
856 824 879 854 ὦ

967 829 1022 856 Nec
1036 836 1088 856 nos
1107 829 1224 856 humiles
1240 829 1300 856 sine
1316 829 1419 860 dolore,
1436 828 1484 860 fili,
1499 828 1659 862 accepimus
1675 835 1721 855 sa-

90 877 194 908 τίκνον,
210 877 261 912 τὴν
274 876 350 912 ἱερὰν
360 877 490 912 κοὶμησιν
504 875 635 903 Ἰακώϐου
652 875 699 902 τοῦ
712 873 879 910 ὁμολογητώ

91 921 218 958 Χριστοῦ,
240 921 287 948 καὶ
306 921 385 956 ἡμῶν
408 921 524 956 ἀδελφοῦ
547 920 728 955 ἀξιεράστου·
755 919 813 946 ἀλλ’
833 917 880 947 οὖν

90 965 150 991 οὐδὲ
174 964 364 1000 ἀπεριχαρῶς.
393 965 431 992 Τὸ
452 965 562 1000 πρῶτον
582 965 626 992 διὰ
651 964 682 991 τὸ
696 965 881 1000 πνευματικὸν

90 1010 214 1046 φίλτρον
226 1011 254 1037 τί
267 1011 322 1046 γὰρ
338 1011 355 1046 ἢ
371 1011 438 1042 υἱὸς,
455 1011 503 1037 καὶ
515 1010 574 1042 υἱὸς
588 1010 757 1046 τηλικοῦτος,
773 1008 804 1038 οὗ
823 1010 879 1046 ἐγὼ

90 1058 134 1084 διᾶ
144 1058 193 1089 τᾲς
209 1057 347 1092 ἁμαρτίας
359 1057 420 1084 οὐδὲ
434 1058 500 1088 παῖς
518 1056 661 1084 καλεῖσθαι
679 1056 772 1091 ἄξιοςς
794 1057 831 1083 Τὸ
852 1057 881 1083 δὲ

90 1103 135 1130 διὰ
148 1102 198 1138 τὴν
210 1103 317 1136 ἐλπίδα,
339 1102 441 1138 μᾶλλον
455 1102 485 1129 δὲ
499 1102 544 1129 διὰ
565 1102 595 1129 τὸ
607 1102 755 1135 λυσιτελὲς,
773 1103 819 1130 καὶ
832 1103 881 1139 οὐχ

92 1148 168 1183 ἡμῶν
189 1148 280 1184 μόνον,
294 1144 332 1175 ὧν
344 1148 382 1179 ὡς
395 1147 475 1183 μέλος
488 1148 591 1183 κόσμος
606 1147 679 1183 ίερὺς
697 1147 881 1176 καθίστασθαι

92 1195 212 1228 πέφυκεν
221 1203 228 1209 ·
239 1194 308 1220 ἀλλὰ
320 1193 375 1230 γὰρ
388 1193 437 1220 καὶ
451 1194 543 1228 πάσης
556 1193 607 1227 τῆς
619 1193 667 1220 τοῦ
681 1193 749 1220 Θεοῦ
767 1193 882 1230 Ἐκκλη-

92 1239 161 1270 σίας.
178 1237 211 1265 Τί
225 1239 281 1274 γὰρ
299 1239 351 1266 οῐει
373 1239 420 1266 τὸν
443 1239 547 1274 ἄνδρας
560 1239 618 1265 ἀλλ’
636 1238 686 1274 οὐχ
693 1240 880 1275 ὁμολογητήν;

90 1285 148 1311 ἀλλ’
170 1285 230 1320 οὐχὶ
260 1285 402 1321 μάρτυρας
429 1285 487 1312 ἀλλ’
509 1285 558 1320 οὐχ
578 1285 668 1318 ὅσιον;
691 1285 740 1313 Ἐκ
758 1286 882 1321 νεότητος

91 1330 208 1366 ἦθλησεν
219 1331 388 1366 ἀσκητικίἶκ,
401 1331 548 1365 ὑποταγεὶς
562 1331 694 1366 ἐννόμως,
706 1331 777 1358 κατὰ
787 1331 882 1358 παθῶν

92 1376 298 1411 ἁνδρισάμενος,
320 1375 457 1412 παρθένον
479 1377 510 1403 τὺ
533 1376 612 1412 σῶμα
633 1376 766 1410 φυλάξας,
781 1377 815 1403 δι’
830 1377 883 1403 ὑπ-

89 1422 241 1457 ωπωσμῶν
257 1422 431 1458 ἑγκρατικῶν
445 1422 491 1449 καὶ
507 1422 699 1457 δουλαγωγιῶν
709 1431 716 1438 ·
741 1422 828 1454 οὕτως
842 1422 881 1455 ὼς

91 1467 185 1502 ἔτυχεν
196 1467 304 1500 ἐσθίων,
319 1467 406 1500 οὕτως
418 1467 566 1501 καθεύδων,
578 1467 618 1495 ἔτι
633 1467 775 1502 ὑγιαίνων,
789 1468 827 1500 ὡς
838 1467 879 1500 ξε-

91 1513 174 1545 νίζειν
188 1513 252 1545 τοὺς
265 1513 389 1549 ὁρῶντας
405 1513 611 1550 ὑποχωρητικδς
625 1514 665 1546 ὡς
680 1514 715 1541 τὰ
726 1513 822 1546 πολλὰ,
836 1514 880 1549 ἐφ’

90 1560 152 1587 ὅσον
163 1556 220 1586 οἷόν
231 1567 272 1591 τε,
285 1559 333 1586 καὶ
346 1559 386 1591 εις
400 1560 497 1587 ἑαυτὸν
508 1560 722 1596 ἐπαναγόμενος,
734 1560 883 1588 κάντεῦθεν

91 1604 198 1640 πτερῶν
213 1604 308 1631 ἑαυτὸν
324 1604 394 1640 πρὸς
407 1605 452 1632 τὸν
465 1605 592 1641 οὐράνιον
607 1605 708 1641 ἔρωτα.
724 1606 780 1633 Καὶ
792 1607 830 1642 μή
838 1615 882 1638 τις

89 1651 227 1686 νομίσειεν
240 1651 461 1678 ὺποπλάττεσθαί
479 1660 512 1686 με
526 1651 706 1687 ψυχαγωγίας
721 1651 815 1678 ἕνεκεν
826 1651 882 1679 τῶν

89 1696 244 1723 ἀκουόντων
256 1696 353 1730 λόγους
362 1704 371 1712 ·
385 1696 492 1732 μάρτυς
502 1696 569 1728 Θεὸς
585 1696 632 1723 καὶ
648 1697 663 1724 ό
679 1696 787 1724 ἐκείνου
801 1698 882 1724 παιδ-

89 1742 197 1775 αγωγὸς
217 1742 365 1774 Λουκιανὸς
379 1743 394 1769 ό
411 1743 494 1778 ἱερὸς,
507 1742 558 1770 κᾶν
577 1743 787 1778 δυσανέγερτος·
803 1743 834 1775 ἐξ
850 1739 882 1770 οὗ

91 1796 137 1822 μοι
147 1787 195 1814 καὶ
205 1788 221 1822 ἡ
232 1787 286 1814 τῶν
299 1788 489 1823 ἀγνοουμένων
500 1787 626 1823 δήλωσις.
639 1788 732 1816 Ταῦτα
742 1788 780 1821 ὡς
791 1789 880 1816 ἰνδαλ-

91 1833 130 1867 μά
143 1842 170 1860 τι
185 1833 289 1868 οχέδιον
301 1833 350 1868 τῆς
364 1834 518 1870 ἀσκήσεως.

932 883 1006 903 cram
1027 874 1222 902 dormitionem
1242 874 1335 902 Jacobi
1361 875 1532 902 confessoris
1556 874 1668 907 Christi,
1696 879 1724 901 et

932 921 1058 949 amabilis
1072 921 1165 948 fratris
1183 922 1280 953 nostri,
1292 929 1343 949 nec
1356 929 1438 956 porro
1455 922 1515 949 sine
1535 921 1638 948 Imtitia.
1654 921 1722 948 Illud

931 968 1040 1003 quidem
1068 975 1102 995 ex
1132 967 1266 1002 spirituali
1299 967 1396 994 affectu
1412 976 1419 994 :
1435 967 1500 1002 quid
1531 967 1604 993 enim
1620 967 1665 993 ille
1680 967 1722 994 ni-

932 1014 956 1041 si
979 1014 1060 1045 fIIins,
1077 1017 1105 1040 et
1127 1013 1190 1040 talis
1220 1013 1291 1040 [ilius
1316 1013 1396 1047 cujus
1411 1020 1464 1047 ego
1484 1017 1593 1047 propter
1610 1017 1722 1047 pecoata

934 1067 993 1087 mea
1010 1067 1044 1087 ne
1064 1059 1136 1087 illius
1157 1059 1267 1094 quidem
1281 1059 1336 1086 dici
1357 1058 1503 1086 merebar?
1521 1059 1573 1085 hoc
1587 1067 1650 1085 vero
1665 1059 1722 1093 spei

933 1113 1015 1134 causa
1031 1105 1072 1132 vel
1094 1105 1225 1132 utilitatis
1241 1114 1248 1132 :
1265 1112 1315 1132 nec
1329 1109 1429 1132 nostrae
1445 1105 1588 1135 duntaxat,
1604 1111 1721 1138 quorum

934 1152 980 1179 ille
1002 1151 1076 1179 velut
1095 1151 1249 1179 membrum
1272 1158 1351 1178 sacer
1376 1155 1490 1177 ornatus
1506 1151 1617 1177 futurus
1640 1148 1722 1176 erat?

931 1205 1026 1225 verum
1042 1197 1124 1224 etiam
1144 1197 1228 1224 totius
1248 1195 1295 1223 Dei
1311 1195 1451 1223 Ecclesiae.
1467 1194 1538 1228 Quid
1551 1194 1641 1221 enim?
1654 1202 1723 1228 quae

933 1243 985 1270 lem
1007 1243 1097 1270 virum
1132 1243 1250 1270 censes?
1279 1249 1369 1270 annon
1402 1239 1604 1269 confessorem?
1628 1246 1722 1266 annon

935 1289 1103 1325 martyrem?
1116 1296 1206 1316 annon
1226 1288 1377 1316 sanctum?
1392 1288 1415 1316 A
1429 1287 1523 1322 primis
1536 1286 1616 1314 annis
1635 1286 1661 1312 in
1678 1293 1724 1312 as-

933 1335 1026 1362 ceticae
1039 1335 1101 1362 vita:
1117 1335 1258 1362 laboribus
1271 1334 1416 1362 desudavit
1437 1333 1558 1369 legitime
1581 1331 1720 1364 subditus,

935 1380 1079 1411 obediens.
1098 1381 1232 1408 adversus
1245 1381 1330 1408 animi
1347 1385 1438 1408 motus
1454 1379 1570 1406 viriliter
1584 1385 1721 1413 pugnans,

934 1426 1128 1461 incorruptum
1149 1433 1253 1461 corpus
1268 1425 1462 1453 afﬂictionibus
1477 1425 1647 1455 cu-todiens,
1658 1423 1723 1457 qui-

933 1471 986 1500 bus
997 1472 1064 1499 illud
1085 1473 1252 1505 continebat,
1281 1477 1309 1499 et
1331 1472 1357 1499 in
1387 1472 1549 1499 servitutem
1566 1470 1719 1504 redigebat,

931 1518 991 1546 sine
1004 1518 1112 1546 delectu
1132 1519 1281 1546 comedens
1296 1522 1324 1546 et
1342 1519 1483 1546 dormiens
1498 1526 1559 1545 cum
1573 1517 1664 1544 adlmc
1679 1525 1723 1543 sa-

931 1572 984 1592 nus
997 1569 1083 1598 esset,
1095 1564 1133 1592 ita
1143 1569 1173 1592 ut
1186 1565 1212 1592 in
1223 1564 1432 1592 admirationem
1445 1568 1554 1598 raperet
1564 1563 1721 1590 intuentes:

933 1616 1072 1637 secessum
1089 1609 1185 1637 colens
1200 1613 1230 1637 ut
1243 1609 1392 1644 plurimum
1409 1613 1436 1635 et
1447 1607 1538 1643 quoad
1554 1611 1672 1642 poterat,
1696 1610 1723 1634 et

930 1656 1052 1690 scipsum
1066 1656 1214 1691 colligens,
1230 1660 1312 1690 atque
1326 1655 1359 1682 ad
1373 1655 1512 1683 caelestem
1527 1661 1648 1680 amorem
1659 1653 1722 1679 inde

931 1707 1093 1736 assurgens.
1114 1701 1153 1729 Ac
1168 1709 1203 1729 ne
1223 1701 1285 1736 quis
1312 1701 1370 1728 haec
1389 1708 1403 1727 a
1424 1707 1467 1727 me
1498 1699 1562 1735 fingi
1583 1699 1723 1726 existimet

931 1745 1016 1773 animi
1033 1746 1120 1781 gratia
1137 1751 1248 1781 propter
1272 1746 1333 1773 illos
1348 1741 1395 1780 qui
1420 1745 1478 1772 Iuec
1494 1745 1626 1772 audient:
1641 1743 1722 1770 testis

928 1795 972 1818 ett
984 1790 1067 1824 Deus,
1080 1796 1108 1819 et
1126 1792 1174 1827 qui
1188 1791 1248 1827 ejus
1263 1791 1427 1826 paedagogus
1456 1789 1508 1817 fuit
1527 1797 1606 1817 sacer
1621 1788 1722 1815 Lucia-

931 1844 995 1870 nus,
1021 1838 1147 1872 quamvis
1170 1845 1243 1872 aegre
1270 1836 1383 1872 produci
1403 1836 1502 1871 possit,
1528 1843 1543 1862 a
1572 1842 1628 1869 quo
1653 1833 1721 1861 mihi

89 1888 187 1908 eormn
205 1888 266 1916 qua:
281 1881 437 1911 nesciebam
455 1881 526 1910 facta
540 1882 698 1918 explicatio.
737 1882 828 1918 Atque
855 1882 916 1912 haec
933 1885 1009 1912 velut
1035 1885 1104 1914 rude
1137 1885 1274 1921 quoddam
1308 1884 1446 1920 specimen
1480 1882 1609 1911 ascetietr.
1640 1881 1724 1908 disci-

108 1927 181 1955 lina.

108 1936 181 1955 una.

90 1936 107 1963 Ρ
133 1974 196 2001 Ἐπὶ
209 1973 238 2001 δὲ
254 1974 304 2009 τῆς
318 1973 463 2009 ὁμολογίας
490 1974 573 2002 πόσον
595 1974 642 2002 καὶ
657 1975 749 2011 ἡλίκον
765 1974 879 2010 θέατρον

968 1975 997 2002 In
1015 1974 1190 2003 confessione
1203 1979 1294 2002 autem
1315 1978 1447 2010 quantum
1470 1976 1497 2000 et
1517 1971 1598 2007 quale
1617 1975 1722 2005 specta-

90 2020 207 2056 ἐγενήθη
220 2020 268 2046 καὶ
279 2019 405 2054 ἀγγέλοις
418 2018 466 2045 καὶ
475 2019 638 2055 ἀνθρώποις.
654 2020 686 2046 Ὢ
698 2019 748 2053 τῆς
758 2019 880 2055 εὐθύμου

932 2020 1022 2048 culum
1039 2019 1126 2047 factus
1139 2023 1182 2046 est
1202 2023 1230 2045 et
1244 2019 1349 2054 angelis
1367 2022 1394 2045 et
1409 2016 1566 2044 hominibus
1579 2016 1585 2042 ί
1602 2014 1624 2042 0
1638 2023 1720 2049 genu-

90 2066 140 2092 καὶ
162 2065 305 2100 θεοφιλοῦς
326 2064 459 2100 καρδίαςι
479 2064 603 2100 εἰσῆλθεν
620 2066 661 2098 εἰς
674 2065 705 2092 τὸ
720 2065 827 2092 στάδιον
841 2065 880 2098 ὡς

932 2073 1024 2094 rosum
1042 2066 1151 2100 Deoque
1165 2065 1279 2092 charum
1294 2064 1360 2092 cori
1385 2065 1527 2099 Ingressus
1545 2067 1587 2090 est
1601 2061 1718 2089 stadium

90 2109 211 2146 Χριστοῦ
227 2110 408 2146 στρατιώτης,
420 2110 584 2144 ἀδείλαντος,
599 2111 739 2146 ἀτρέμαςο
753 2111 879 2139 ἐντεῦθεν

932 2116 1060 2146 tanquam
1076 2109 1178 2138 Christi
1194 2111 1273 2138 miles
1285 2110 1458 2145 impavidus,
1477 2109 1630 2144 intrepidus
1651 2117 1657 2135 :
1675 2107 1721 2134 hic

90 2158 139 2184 καὶ
161 2156 286 2184 ἐντεῦθεν
305 2157 330 2183 οι
354 2156 489 2191 ὑπηρέται
514 2156 562 2183 τοῦ
589 2157 702 2189 σκότους
726 2157 879 2190 κατέξαναν

932 2160 959 2183 et
978 2156 1042 2183 inde
1057 2156 1235 2184 tenebrarum
1261 2154 1379 2182 ministri
1401 2159 1481 2192 terga.
1499 2153 1660 2180 verberibus
1679 2153 1718 2179 la-

89 2205 151 2234 ταῖς
179 2203 297 2237 πληγαῖς
327 2202 410 2235 Vt'usa,
437 2202 546 2237 στέρνα,
574 2203 740 2237 βραχίονας·
768 2203 879 2239 ἐξέχεαν

932 2203 1056 2235 niarunt,
1072 2206 1195 2236 pectora,
1212 2201 1343 2229 brachia:
1360 2200 1525 2233 sanguinem
1544 2199 1695 2226 hauserunt
1709 2218 1716 2231 ,

89 2249 206 2283 αἵματα,
220 2248 356 2282 ὑπέτεμον
375 2248 488 2282 σάρκας,
505 2248 599 2275 εἴασαν
620 2249 660 2280 είς
676 2250 728 2285 γῆν
743 2249 879 2285 ὲρῤιμμέ-

88 2302 136 2320 νον
149 2294 196 2320 τὸν
210 2294 297 2327 ἆγιον,
312 2294 350 2328 μὴ
365 2294 516 2329 προέμενον
528 2294 604 2329 ῥῆμα
615 2294 759 2329 ἀριστερὸν
771 2295 801 2321 τὸ
815 2295 879 2322 καθ-

87 2338 165 2369 όλου,
181 2337 250 2364 ἀλλὰ
270 2338 380 2373 θεοτε).ἧ
395 2338 444 2373 τὴν
460 2338 612 2373 μαρτυρίαν
631 2338 807 2373 ποιούμενον·
831 2339 879 2366 καὶ

86 2382 178 2409 ταῦτα
198 2382 268 2417 ὑπὲρ
293 2382 412 2417 Χριστοῦ
434 2382 481 2409 τοῦ
500 2381 565 2409 Υἱοῦ
587 2383 633 2409 τοῦ
652 2383 719 2410 Θεοῦ
745 2384 792 2410 καὶ
810 2383 877 2410 Θεοῦ

87 2429 103 2463 ἡ
108 2428 180 2463 μῶν.
194 2428 230 2455 Τδ
239 2428 294 2464 γὰρ
308 2428 373 2463 περὶ
384 2428 432 2464 τῆς
442 2429 523 2463 ἁγίας
534 2428 616 2455 αὐτοῦ
631 2428 735 2460 εἰκόνος
745 2429 876 2462 ὲναθλετν,

87 2474 161 2509 ὑπὲρ
177 2473 259 2500 αὑτοῦ
271 2474 377 2501 ἐκείνου
391 2474 451 2501 ἐστὶ
467 2475 626 2510 μαρτυρεῖν.
649 2473 878 2502 Ἀκουσὰτωσαν

85 2518 195 2552 πρᾳεῖς
216 2519 264 2546 καὶ
282 2518 556 2553 εὐφρανθήτωσαν·
574 2519 783 2554 χοριυσάτωσαν
800 2521 876 2555 φιλο-

86 2564 230 2598 μάρτυρες
250 2563 299 2590 καὶ
319 2564 529 2599 γεγηθέτωσαν·
548 2564 718 2599 αἰσχυνέσθω
734 2564 855 2597 διάϐολος
867 2574 875 2582 ·

930 2256 1028 2277 carnes
1050 2247 1250 2279 conciderunt,
1273 2251 1389 2275 stratum
1413 2246 1489 2274 humi
1509 2250 1633 2272 sanctum
1654 2245 1718 2271 reli—

930 2298 1069 2330 querunt,
1094 2301 1156 2321 cum
1184 2293 1324 2320 sinistram
1349 2299 1443 2319 vocem
1472 2291 1575 2318 nuIIam
1604 2297 1718 2325 prorsus

929 2340 1082 2371 emitteret,
1104 2339 1151 2366 sed
1168 2339 1328 2374 martyrium
1345 2337 1400 2364 Deo
1420 2342 1562 2371 acceptum
1578 2335 1715 2371 expleret,

929 2389 957 2413 et
973 2386 1030 2412 baac
1046 2393 1095 2419 pro
1111 2384 1221 2412 Christo
1242 2383 1310 2410 Filio
1330 2383 1375 2410 Dei
1400 2390 1432 2410 ac
1455 2381 1509 2409 Deo
1525 2386 1629 2409 nostro.
1647 2380 1715 2408 Nam

930 2439 982 2467 pro
1004 2436 1100 2458 sancta
1119 2430 1180 2464 ejus
1194 2430 1313 2464 imagine
1333 2429 1494 2460 decertare,
1518 2436 1568 2463 pro
1591 2427 1650 2462 ipso
1673 2430 1717 2453 cst

930 2477 1091 2513 martyrium
1104 2476 1166 2512 [pati
1182 2484 1189 2503 :
1211 2475 1330 2502 Audiam
1346 2475 1479 2502 mansueti
1503 2478 1528 2501 et
1546 2473 1671 2500 ίιειεηικν
1683 2473 1715 2505 ';

929 2523 1068 2552 exsultent
1087 2527 1238 2557 martyrum
1259 2525 1396 2549 amatores
1411 2525 1438 2548 et
1459 2519 1608 2553 tripudient
1622 2527 1630 2546 :
1646 2525 1716 2545 con-

927 2569 1058 2596 fundatur
1077 2567 1225 2595 diabolus:
1252 2566 1380 2594 concidat
1401 2564 1643 2594 lconomacborum
1666 2571 1716 2591 ca-

85 2609 216 2635 πιπτέτω
230 2609 417 2644 τίκονομάχων
430 2609 524 2643 στίφος
534 2617 542 2624 ·
565 2609 598 2636 ὲκ
614 2609 669 2635 τῶν
683 2609 772 2644 ἔργων
785 2610 878 2645 ἀμφοο

932 2618 1023 2647 Lerva,
1047 2620 1081 2640 ex
1104 2617 1283 2648 utrorumque
1311 2606 1461 2647 operibus,
1489 2610 1566 2645 juxta
1590 2609 1714 2636 divinum

82 2656 114 2680 τὲ
119 2663 177 2686 ρων
191 2654 390 2686 θεοκελεύστως
405 2655 577 2688 ιπιγνώσατε
587 2654 768 2690 ἀμφοτέρους.
785 2655 817 2681 οε
829 2655 879 2690 μὲν

932 2661 1087 2689 mandatum
1101 2661 1124 2693 ',
1141 2664 1271 2696 utrosque
1281 2659 1433 2695 agnoscite.
1444 2657 1477 2686 Hi
1486 2658 1559 2686 enim
1572 2665 1626 2685 non
1640 2657 1716 2685 hunc

83 2699 141 2735 γὰρ
156 2700 189 2726 οὐ
203 2700 279 2727 τόνδε
293 2700 384 2735 μόνον,
400 2700 469 2728 ἀλλὰ
483 2699 538 2736 γὰρ
553 2701 600 2727 καὶ
615 2700 729 2733 πολλοὺς
741 2701 796 2728 τῶν
808 2703 879 2737 ἠμε-

932 2707 1018 2735 squm
1034 2726 1043 2739 ,
1071 2707 1119 2734 sed
1143 2711 1171 2734 et
1193 2706 1296 2734 multos
1313 2713 1330 2733 e
1348 2705 1466 2737 nostris.
1484 2712 1517 2733 ac
1530 2711 1584 2732 non
1601 2704 1714 2736 nostris.

83 2747 187 2783 Ικέρων,
203 2747 252 2774 καὶ
277 2749 326 2783 οὺχ
343 2748 496 2784 ἡμετέρων,
513 2748 656 2783 ἡμετέρων
679 2748 703 2775 δ’
716 2745 764 2776 οὖν
784 2749 859 2784 ὅμως
870 2757 878 2766 ·

932 2754 977 2783 sed
993 2753 1096 2782 nostris
1112 2758 1222 2786 tamen;
1243 2751 1378 2789 siquidem
1392 2758 1490 2780 omnes
1505 2757 1590 2778 unum
1613 2757 1714 2785 corpus

119 2807 132 2823 '
151 2807 224 2835 Psal.
241 2814 344 2839 xxxtu,
360 2807 388 2835 2.
425 2807 436 2822 ⁸
449 2805 544 2833 Matth.
561 2814 616 2839 vn,
633 2806 680 2835 20.

253 2854 385 2884 Ριυιτιοι..
406 2852 463 2884 GI.
483 2852 543 2883 XCI
551 2852 592 2884 Χ.

1503 2851 1540 2882 43
