1912 3080
181 129 250 161 1355

780 122 811 153 S.
831 117 1029 151 THEODORI
1044 115 1218 147 ΞῚἮΙΠΤιΈ

1747 112 1819 147 13b6

167 194 279 216 .sumus
301 185 329 213 in
348 183 459 212 Christo
480 182 545 210 Iesu
573 181 621 218 qui
643 185 686 209 est
711 184 795 215 caput
825 177 974 209 omnium;

1046 174 1120 210 πειδὴ
1136 174 1161 200 οἱ
1177 173 1278 205 πάντες
1301 172 1330 200 ἓν
1346 171 1425 207 σῶμα
1438 172 1467 199 ὲν
1483 171 1595 208 Χριστῷ
1616 172 1706 208 Ἰησοῦ
1725 172 1756 204 ὃς
1769 181 1820 200 κε-

182 234 286 270 pariter
304 232 468 259 divexarunt
479 250 487 263 ,
502 228 681 260 occiderunt,
693 225 785 253 inedia
801 226 954 252 enecarnnt
966 243 973 255 ,

182 268 210 310 et
224 285 396 316 quaecunque
409 277 465 304 alia
484 278 633 303 consecuta
647 277 724 301 sunt.
745 271 793 298 llle
807 277 873 298 vero
885 277 919 296 ex
934 268 975 296 di-

183 327 271 355 versis
288 325 342 352 illis
353 322 515 351 vulneribus
530 319 664 348 membris
679 317 808 346 omnibus
818 316 936 347 solutus,
949 319 976 342 et

183 373 299 400 artubus
315 371 425 397 laxatus
437 388 445 401 ,
469 373 496 396 et
510 374 612 402 corpus
628 363 820 393 acerbissimis
833 361 976 390 doloribus

184 417 349 453 chirurgiae
368 414 523 443 curationis
543 412 660 447 subjecit
674 431 682 444 ,
697 415 725 438 et
741 409 847 437 tractus
863 408 928 435 inde
943 407 976 434 ad

185 466 266 493 tinem
280 471 367 498 usque
376 467 508 497 tanquam
519 459 642 495 quotidie
655 457 776 484 moriens
787 456 870 483 vitam
882 454 977 486 traxit,

185 519 214 540 et
227 510 338 546 quidem
354 516 416 537 cum
432 507 584 543 gratiarum
600 505 717 536 actione,
734 508 818 538 atque
833 502 901 529 adeo
914 508 977 528 cum

187 556 354 585 humilitale.
373 554 452 588 Quod
472 553 511 586 si,
533 558 563 579 ut
579 551 694 583 scribis,
713 557 794 577 suum
811 548 894 576 etiam
916 547 979 574 obi—

187 606 246 629 tum
261 601 409 637 praedixit,
426 599 479 627 hoc
495 599 585 634 ipsum
603 600 663 625 erat
679 602 854 630 consequens
867 601 901 621 ex
914 600 978 621 ecr-

187 647 347 675 tamiuibus.
363 646 435 679 Quia
446 652 511 673 vero
530 643 656 678 adiecisti
679 641 830 670 maximum
847 640 881 667 ad
895 638 979 666 funus

186 700 353 722 concursum
367 692 452 719 fuisse
467 691 550 719 etiam
568 689 718 717 illustrium
736 687 879 721 utriusque
898 693 980 720 gene-

188 741 243 772 ris;
266 739 293 766 id
308 745 418 774 quoque
436 736 503 764 facit
519 737 551 763 ad
572 734 792 763 testilicationcm
809 740 903 760 eorum
919 738 980 767 quae

188 786 260 814 dico.
272 784 366 820 Neque
377 784 450 812 enim
467 783 518 811 nisi
531 782 579 810 Dei
595 787 663 809 nutu
675 781 708 809 ad
724 780 863 808 hominem
880 778 983 806 obscu-

189 840 250 861 rum
265 831 416 860 secundum
429 837 539 858 carnem
555 828 617 856 talis
631 827 720 855 factus
733 833 885 854 concursus
895 829 979 852 esset.

188 880 235 907 llle
251 879 334 914 igitur
348 878 375 906 in
388 877 488 905 caelum
505 875 583 909 abiit,
599 880 627 902 et
642 873 787 909 appositus
799 876 841 900 est
853 872 887 899 ad
905 879 980 899 com-

188 924 352 952 militones:
375 927 528 957 auctusque
551 924 594 947 est
614 919 716 947 chorus
736 917 926 945 cont‘cssorum
948 924 980 944 ac

190 975 342 1005 martyrum
363 969 486 1004 priorum
500 989 508 1001 ,
528 975 562 994 ex
579 973 635 1001 quo
653 964 785 1000 gaudium
803 968 844 991 est
866 963 893 990 in
910 962 980 990 celo

188 1021 215 1043 et
229 1015 313 1043 animi
331 1014 435 1047 laetitia,
447 1013 527 1048 cujus
544 1011 671 1047 precibus
683 1010 833 1042 sulvemur,
853 1008 954 1036 fratres
970 1017 978 1035 :

190 1063 247 1098 ipse
263 1067 355 1090 autem
372 1061 480 1096 dignam
498 1059 622 1094 obsequii
649 1058 692 1085 sui
715 1057 868 1085 mercedem
886 1055 983 1083 nanci-

190 1112 292 1135 scatur.
304 1107 380 1135 Beati
396 1111 486 1134 autem
502 1110 528 1133 et
545 1105 591 1140 qui
606 1106 803 1136 convenerunt,
819 1109 915 1130 revera
927 1101 979 1137 pii,

190 1162 283 1182 revera
297 1157 448 1189 martyrum
466 1156 621 1183 amatores,
643 1157 762 1185 quorum
786 1156 849 1184 pars
866 1155 929 1176 cum
949 1155 982 1175 eo

190 1201 227 1228 sit
246 1206 329 1234 quem
348 1198 516 1226 extulerunt.
533 1196 572 1223 De
587 1194 755 1223 venerandis
766 1193 825 1227 eius
838 1192 963 1228 reliquiis
973 1211 981 1224 ,

189 1246 263 1274 sicut
280 1244 376 1279 scripsi
394 1244 428 1272 de
444 1250 549 1272 canone
562 1263 570 1276 ,
589 1242 688 1270 faciam
706 1241 728 1269 si
743 1240 860 1268 Domino
874 1239 980 1274 placet:

191 1290 314 1318 Salutate
327 1290 438 1317 invicem
449 1289 477 1315 in
490 1286 579 1316 osculo
594 1291 685 1315 sancto
694 1287 715 1313 °.
731 1286 839 1313 Etenim
855 1284 983 1312 omnibus

191 1337 322 1365 fratribus
338 1337 395 1363 haec
411 1335 534 1370 legenda.
555 1333 661 1361 Salutat
677 1340 726 1360 vos
744 1332 873 1359 dominus
892 1330 984 1357 archi-

190 1383 336 1419 episcopus
347 1402 355 1415 ,
381 1380 606 1417 protopresbytcr
619 1399 628 1412 ,
651 1385 813 1407 osconomus
823 1397 830 1409 ,
845 1380 872 1404 ct.
887 1374 983 1410 reliqui

192 1429 301 1456 fratres.
318 1428 452 1455 Dominus
467 1427 502 1454 sit
516 1426 671 1454 vobiscum.
686 1425 785 1452 Amen.

376 1526 420 1554 Cl.
438 1540 472 1545 -—
491 1524 573 1552 Petro
592 1523 704 1551 Νιεωω.
721 1523 752 1558 (⁸)

1027 220 1100 256 φαλὴ
1129 220 1259 247 πάντων·
1284 218 1416 250 ὡσαύτως
1440 218 1585 254 ᾐκίσαντο,
1606 217 1739 251 ἔκτειναν,
1763 219 1821 246 ἑλι-

1029 266 1247 301 μαγχονήσαντο,
1261 264 1310 291 καὶ
1322 264 1373 290 ὅσα
1387 263 1456 291 ἄλλα
1468 262 1574 295 τούτοις
1589 263 1722 297 ἑπόμενα.
1745 264 1774 291 '0
1789 264 1821 290 δὲ

1027 312 1083 338 ἀπὸ
1097 311 1152 337 τῶν
1161 310 1379 346 δυσφορωτάτων
1391 309 1504 336 ἐκείνων
1513 309 1625 345 πληγῶν
1637 309 1821 344 παραλυθεὶς,

1028 358 1075 384 καὶ
1088 356 1284 392 ἐξαρορωθεὶς,
1297 355 1345 382 καὶ
1360 355 1563 390 χειρουργεῖται
1579 353 1669 386 ἀνίαις
1681 354 1823 389 δριμείαις

1028 404 1059 430 τὸ
1077 403 1167 438 σῶμα,
1183 403 1230 430 καὶ
1247 403 1340 429 ἔκτοτε
1357 401 1438 437 μέχρι
1448 401 1541 433 τέλους
1559 400 1683 428 ἐντεῦθεν
1697 401 1823 428 διαλελυ-

1031 450 1121 486 μένος,
1131 448 1168 481 ὡς
1183 448 1346 484 καθημέραν
1356 448 1537 483 ἀποθνήσκων
1552 446 1676 478 διετέλει,
1691 446 1738 473 καί
1749 455 1780 481 γε
1793 447 1826 474 έν

1030 495 1203 532 εὐχαριστίᾳ,
1218 494 1265 521 καί
1277 503 1310 529 γε
1327 495 1355 520 ὲν
1372 493 1620 529 ταπεινοφροσύνῃ.
1632 493 1664 519 Et
1682 492 1770 525 suo;
1789 494 1824 520 σύ

1030 542 1095 578 φὴς,
1112 542 1161 568 καὶ
1174 540 1220 567 τὸν
1236 540 1350 567 θάνατον
1367 539 1450 566 αὐτοῦ
1466 539 1666 574 προηγόρευσε,
1682 539 1731 566 καὶ
1744 539 1826 566 τοῦτο

1030 587 1178 616 ἀκόλουθον
1207 586 1264 613 τῶν
1291 585 1390 614 ἄθλων.
1414 585 1526 621 Ἐπειδὴ
1550 585 1578 612 δὲ
1602 587 1754 620 προσεῖπας
1776 586 1826 612 καὶ

1031 633 1245 669 πολυάνθρωπον
1259 631 1412 668 συνδρομὴν
1426 631 1554 666 γενέσθαι
1571 631 1622 666 τῆς
1640 631 1761 667 κηδείας,
1776 631 1827 658 καί

1031 688 1063 714 γε
1088 679 1143 706 ἀπὸ
1159 679 1214 705 τῶν
1229 677 1388 714 περιφανῶν
1406 677 1467 704 κατ’
1482 677 1637 713 ἀμφότερα,
1658 677 1698 703 ἔτι
1717 677 1825 712 μαρτὺ-

1033 733 1090 761 ριον
1113 723 1160 750 τοῦ
1185 723 1277 758 λόγου.
1295 723 1332 749 οὐ
1351 722 1405 757 γὰρ
1420 721 1454 748 ἂν
1468 722 1508 753 είς
1524 721 1668 757 ἄνθρωπον
1685 722 1777 757 ἀφανῆ
1794 722 1828 748 τὸ

1032 770 1104 797 κατὰ
1117 770 1219 805 σάρκα,
1232 769 1257 795 ει
1269 768 1307 804 μὴ
1320 767 1388 795 Θεοῦ
1404 767 1507 801 γεύσει,
1520 768 1537 803 ὴ
1550 767 1664 803 τοιαύτη
1683 767 1827 802 συνάθροε-

1033 825 1075 849 σις
1090 816 1222 851 ἐγεγόνει.
1244 815 1363 847 Ἐκεῖνος
1383 814 1433 850 μὲν
1455 811 1502 840 οὖν
1523 813 1626 850 μετέϐη
1652 814 1719 850 πρὸς
1740 814 1827 849 οὐρα-

1033 864 1090 896 νὸν,
1115 864 1164 890 καὶ
1187 861 1338 899 προσετέθη
1356 862 1414 893 τοῖς
1434 861 1587 895 συνάθλοις,
1610 861 1658 888 καὶ
1677 860 1796 897 ηὔξησεν
1811 863 1828 887 ὁ

1034 910 1114 946 χορὸς
1129 908 1185 935 τῶν
1204 908 1253 936 ἀπ’
1271 907 1369 939 αἰῶνος
1392 907 1566 943 ὁμολογητῶν
1590 907 1640 934 καὶ
1665 907 1825 943 μαρτύρων.

1042 956 1100 990 Ἐφ’
1114 951 1136 989 ᾧ
1149 954 1224 991 χαρὰ
1238 954 1268 981 ἐν
1277 953 1385 990 οὐρανῷ
1399 954 1447 980 καὶ
1460 952 1592 989 θυμηδίᾳ,
1607 949 1638 980 οὗ
1653 954 1714 985 ταῖς
1730 953 1828 988 εὐχαῖς

1035 1001 1198 1037 σωθείημεν,
1222 1000 1346 1035 ἀδελφοί·
1361 999 1437 1036 εὕροι
1460 1008 1490 1027 τε
1516 999 1727 1036 μισθαποδοσίαν
1745 999 1828 1031 ἀξίαν

1033 1048 1085 1083 τῆς
1104 1048 1182 1080 ὁσίας
1209 1047 1435 1083 ἑξυπηρετήσεως
1463 1046 1559 1074 αὐτοῦ.
1589 1046 1775 1082 Εὑλογημένοι
1796 1046 1828 1073 δὲ

1035 1094 1083 1122 καὶ
1119 1094 1145 1121 οι
1181 1092 1408 1129 συναγερθέντες,
1425 1093 1463 1124 ὼς
1486 1092 1594 1128 ἀληθῶς
1620 1091 1752 1125 εὐσεϐεῖς,
1787 1091 1828 1123 ὡς

1045 1139 1153 1176 ἀληθῶς
1178 1139 1383 1175 φιλομάρτυρες
1400 1147 1408 1155 ⁸
1442 1135 1482 1166 ὧν
1510 1139 1590 1175 μερὶς
1628 1138 1688 1174 μεθ’
1720 1135 1750 1165 οὗ
1781 1138 1829 1171 ἔε-

1037 1186 1200 1222 εκομίσαντο
1229 1183 1294 1212 εἷεν.
1315 1185 1384 1220 Περὶ
1414 1185 1462 1212 τοῦ
1492 1185 1584 1219 τιμίου
1612 1184 1695 1212 αὐτοῦ
1729 1184 1829 1219 λειψά-

1036 1241 1094 1265 νου,
1112 1231 1150 1264 ὡς
1167 1232 1295 1267 γέγραφα
1316 1232 1381 1267 περὶ
1403 1231 1527 1264 κανόνος,
1549 1231 1574 1258 εί
1595 1231 1701 1258 εὐδοκεῖ
1713 1231 1829 1266 Κύριος,

1037 1280 1155 1315 ποιήσω·
1172 1279 1364 1306 Ἀσπάσασθε
1373 1279 1532 1314 ἀλλήλους
1542 1278 1577 1305 ἐν
1588 1278 1732 1313 φιλήματι
1743 1278 1831 1312 ἁγίῳ.

1037 1325 1094 1352 Καὶ
1104 1324 1158 1361 γὰρ
1169 1325 1236 1351 πᾶσι
1246 1326 1302 1356 τοῖς
1314 1325 1439 1360 ἀδελφοῖς
1449 1324 1648 1359 ἀναγνωστέον.
1664 1324 1833 1356 Ἀσπάζεται

1038 1371 1112 1407 ὑμᾶς
1125 1372 1140 1398 ὁ
1156 1372 1251 1406 κύριος
1263 1371 1278 1396 ὸ
1300 1371 1541 1407 Ἀρχιεπίσκοπος,
1553 1372 1567 1397 ὀ
1584 1369 1833 1406 πρωτοπρεσὸύτε-

1040 1426 1098 1454 ρος,
1119 1419 1134 1444 ὸ
1155 1417 1308 1451 οἰκονόμος,
1322 1417 1369 1444 καὶ
1385 1417 1410 1443 οί
1432 1416 1521 1444 λοιποὶ
1536 1416 1656 1452 ἀδελφοί.
1675 1416 1705 1443 '0
1729 1415 1834 1450 Κύριος

1041 1464 1102 1500 μεθ’
1118 1463 1206 1499 ὑμῶν.
1225 1463 1321 1498 Ἀμήν.

1200 1518 1263 1546 PA'.
1274 1534 1309 1539 --
1323 1518 1423 1553 Πέτρῳ
1434 1519 1569 1552 Νικαίας.
1590 1517 1676 1554 [χιδ’.]

672 1579 761 1611 Lapsis
773 1581 874 1610 tempus
890 1578 920 1603 ad
939 1579 1040 1604 modum
1051 1575 1209 1610 pmuilcntiaa
1220 1574 1370 1607 praescribit.

229 1628 267 1656 De
284 1625 502 1662 interrogatione
515 1622 624 1651 Domini
636 1621 775 1657 praapositi
789 1621 841 1648 hoc
857 1624 986 1647 nostrum

193 1678 236 1702 est
252 1673 398 1701 consilium
410 1692 419 1705 ,
437 1675 467 1698 ut
487 1677 573 1704 usque
589 1668 622 1696 ad
638 1672 751 1696 sanctos
770 1666 911 1701 apostolos
929 1665 988 1693 sol-

194 1724 292 1747 vantur
311 1725 408 1746 omnes
424 1724 440 1744 a
452 1714 631 1752 poenitentia,
650 1716 678 1741 et
692 1712 840 1748 participes
861 1711 927 1738 ﬁant
943 1718 989 1738 sa-

194 1769 399 1793 cramentorum
422 1770 429 1789 :
461 1769 516 1788 non
542 1765 633 1787 tamen
657 1763 688 1786 ut
716 1757 868 1793 presbyteri
894 1755 988 1783 munia

194 1813 296 1840 obeant
305 1807 463 1839 sacerdotii,
476 1806 565 1841 quoad
581 1804 728 1832 conveniat
741 1802 892 1831 orthodoxa
904 1809 992 1836 syno—

196 1859 267 1888 dus,
289 1856 317 1882 in
341 1862 396 1890 qua
413 1854 517 1887 integra
538 1851 592 1879 erit
611 1849 749 1877 absolutio
766 1854 794 1876 et
809 1849 886 1884 plena
904 1847 989 1875 animi

196 1903 300 1930 betitia.
322 1901 352 1928 ln
370 1898 512 1927 communi
534 1902 626 1925 autem
642 1904 757 1929 omnes,
777 1900 806 1922 ut
828 1901 989 1922 communes

196 1947 336 1979 monachi,
349 1946 407 1973 sive
420 1945 506 1972 sacris
523 1943 622 1970 initiati
636 1942 694 1970 sive
709 1950 773 1972 non,
791 1941 953 1969 benedicant
963 1944 990 1967 et

198 1993 414 2024 hcnedicantur,
438 1995 466 2018 et
487 1993 635 2025 precentur
657 1992 684 2015 et
704 1995 798 2023 preces
825 1986 989 2021 suscipiant.

197 2041 231 2069 Et
252 2040 384 2076 quoniam
405 2046 515 2066 necesse
530 2042 572 2065 est
594 2036 693 2065 Missas
716 2035 849 2064 celebrari
871 2039 901 2063 ut
916 2034 992 2062 ordi-

198 2090 298 2114 nentur
317 2089 345 2112 et
367 2085 509 2120 presbyter
529 2087 556 2110 et
582 2083 731 2116 diaconus,
752 2081 800 2117 qui
824 2089 921 2108 eorum
942 2080 990 2116 qui

198 2136 329 2160 arcentur
344 2132 418 2158 vices
435 2130 564 2164 impleant
579 2149 588 2161 ,
606 2136 724 2164 quorum
750 2135 806 2155 non
824 2127 926 2154 invidia
943 2126 991 2154 sed

199 2179 350 2214 gratiarum
376 2177 448 2204 actio
470 2177 649 2203 innotescat:
674 2174 898 2210 quandoquidem
924 2173 995 2200 alter

199 2225 308 2251 ulterius
320 2231 400 2250 onera
417 2227 524 2257 portare
539 2223 561 2238 ιο
572 2221 702 2256 jubemur
718 2220 808 2247 verbis
823 2219 991 2254 apostolicis,

1076 1619 1152 1653 Δΰτη
1167 1619 1184 1654 ἡ
1209 1617 1275 1653 παρ’
1290 1617 1370 1653 ἡμῶν
1392 1616 1532 1653 συμϐουλὴ
1549 1616 1620 1652 πρὸς
1634 1615 1684 1653 τὴν
1699 1618 1839 1654 ἐρωτησιν

1040 1665 1088 1693 τοῦ
1104 1665 1202 1700 κυρίου
1218 1664 1383 1699 ἡγουμένου,
1396 1664 1441 1690 ίνα
1455 1663 1536 1699 μέχρι
1550 1663 1605 1690 τῶν
1619 1664 1705 1698 ἁγίων
1716 1665 1838 1692 ἀποστό-

1040 1713 1094 1740 λων
1112 1711 1160 1739 καὶ
1174 1711 1277 1737 λυθῶσι
1293 1711 1395 1742 πάντες
1405 1710 1453 1737 τοῦ
1480 1709 1649 1746 ἐπιστιμίου,
1674 1711 1838 1747 μετέχοντες

1041 1758 1096 1785 τῶν
1111 1757 1292 1792 ἁγιασμάτων
1304 1764 1312 1772 ·
1328 1756 1359 1782 οὐ
1377 1755 1468 1791 μέντοι
1481 1757 1604 1791 ἐνεργεῖν
1615 1757 1678 1788 τοὺς
1692 1756 1776 1792 ἱερεῖς
1785 1757 1838 1793 τῆς

1043 1803 1205 1840 ίερωσύνης,
1223 1802 1277 1834 ἕως
1300 1802 1433 1834 ἐλεύσεως
1457 1802 1599 1838 ὀρθοδόξου
1625 1802 1745 1836 συνόδου,
1769 1805 1799 1831 ὲν

1043 1850 1119 1876 πᾶσα
1144 1848 1221 1879 λύσις
1237 1848 1285 1875 καὶ
1301 1849 1375 1875 πᾶσα
1393 1847 1522 1884 θυμηδία.
1548 1847 1654 1880 Κοινῶς
1678 1846 1707 1875 δὲ
1734 1849 1839 1880 πάντες

1042 1896 1080 1927 ὡς
1097 1895 1184 1922 κοινοὶ
1199 1894 1323 1931 μοναχοὶ,
1340 1894 1397 1921 εἴτε
1411 1894 1567 1930 ἱερώμενοι,
1582 1894 1637 1921 εἴτε
1652 1893 1700 1930 μὴ,
1716 1894 1841 1929 εὐλογεί-

1043 1951 1134 1969 τωσαν
1147 1942 1194 1969 καὶ
1209 1941 1438 1976 εὐλογείσθωσαν,
1452 1941 1499 1967 καὶ
1511 1940 1683 1976 εὐχέσθωσαν
1695 1941 1742 1967 καὶ
1754 1942 1842 1977 εὐχὰς

1043 1987 1270 2024 λαμϐανέτωσαν.
1292 1987 1402 2023 Ἐπειδὴ
1423 1987 1453 2013 δὲ
1474 1987 1623 2021 ἀναγκαῖον
1642 1987 1690 2014 καὶ
1712 1987 1841 2023 λειτουρ-

1043 2035 1107 2069 γίαν
1124 2034 1200 2061 θείαν
1215 2033 1408 2066 ἐπιτελεῖσθαι,
1425 2030 1469 2060 ἵνα
1494 2033 1670 2070 χειροτονηθῇ
1696 2033 1745 2060 κα)⁵
1768 2043 1844 2070 πρε-

1046 2080 1177 2116 σῦύτερος
1204 2079 1251 2106 καὶ
1273 2079 1409 2112 διάκονος,
1434 2078 1657 2114 ἀναπληροῦντες
1683 2078 1730 2105 τὸν
1754 2079 1846 2108 τόπον

1044 2126 1099 2153 τῶν
1119 2125 1307 2162 εἰργομένων·
1336 2121 1375 2151 ὧν
1391 2124 1454 2159 οὐχὶ
1475 2123 1581 2159 φθόνος,
1601 2124 1660 2151 ἀλλ’
1675 2124 1844 2160 εὐχαριστία

1045 2171 1222 2208 γνωριζέσθω
1231 2179 1238 2187 ·
1251 2170 1367 2206 ἐπείπερ
1379 2170 1525 2205 ἀλλήλων
1535 2171 1571 2197 τὰ
1581 2170 1664 2204 ,βάρη
1674 2169 1846 2203 βαστάζειν

1046 2217 1233 2248 ἁποστολικῶς
1243 2216 1456 2251 διατετὰγμεθα.
1471 2215 1540 2252 Ἤδη
1555 2216 1650 2242 τούτου
1665 2215 1847 2252 προδιομολοη

200 2269 252 2296 hoc
261 2268 319 2302 jam
336 2268 371 2295 ab
386 2267 515 2295 omnibus
534 2270 615 2293 antea
635 2266 723 2300 palam
737 2265 897 2297 constituto,
914 2269 952 2296 ut,
972 2272 982 2292 s

1049 2264 1183 2299 γουμένου
1206 2263 1259 2290 ὑπὸ
1284 2263 1413 2289 πάντων
1438 2261 1486 2289 τοῦ
1506 2262 1530 2288 εἰ
1553 2262 1749 2298 παραχωρήσας.
1774 2263 1847 2296 Θεὸς

200 2314 273 2342 Deus
294 2322 343 2349 per
359 2313 548 2340 inscrutabilia
566 2312 681 2346 justitiae
704 2319 762 2338 sua:
772 2311 877 2345 judicia
892 2312 996 2346 permi-

202 2361 269 2388 serit
284 2359 503 2395 persecutionem
519 2359 624 2386 iterum
635 2357 759 2389 excitari,
771 2356 892 2392 perferre
906 2356 996 2384 omnia

203 2414 290 2441 usque
304 2406 337 2432 ad
351 2410 469 2432 mortem
491 2405 604 2436 malint,
620 2411 702 2438 quam
714 2403 830 2438 prodere
842 2403 995 2430 veritatem.

202 2453 241 2479 lta
259 2460 308 2479 nos
323 2452 441 2479 humiles
454 2452 598 2482 sentimus,
618 2455 699 2485 atque
711 2450 838 2478 omnibus
854 2449 999 2484 responde-

202 2506 274 2527 mus.
291 2497 369 2531 Quod
386 2505 451 2525 vero
467 2501 589 2532 patcrme
607 2496 746 2524 sanctitati
768 2500 822 2522 tua:
845 2494 995 2527 videbitur,

203 2543 230 2571 id
246 2551 360 2579 prorsus
375 2547 450 2571 recto
462 2541 566 2576 judicio
580 2541 666 2577 magis
681 2545 907 2567 consentaneum.

405 2599 461 2628 Cll.
483 2613 512 2619 —-
527 2597 655 2626 Evarcsto
671 2597 728 2633 ﬁlio
744 2598 788 2633 (‘).

1045 2310 1118 2338 κατὰ
1134 2310 1169 2337 τὰ
1183 2308 1331 2345 ἀθεώρητα
1346 2308 1429 2335 αὐτοῦ
1450 2308 1574 2343 κρίματα
1589 2308 1640 2343 τῆς
1653 2308 1845 2344 δικαιοσύνης,

1046 2356 1128 2383 πάλιν
1145 2355 1264 2391 διωγμὸν
1281 2354 1451 2390 ἀναφθῆναι·
1464 2354 1553 2381 πάντα
1565 2353 1674 2381 ἑλέσθαι
1691 2354 1773 2390 μέχρι
1791 2355 1847 2383 θα-

1045 2402 1139 2433 νάτου,
1151 2402 1168 2437 ἦ
1181 2403 1231 2436 τὴν
1246 2401 1375 2437 ἀλήθειαν
1387 2400 1542 2436 προδοῦναι.
1560 2399 1653 2431 Οὕτως
1665 2401 1746 2435 ἡμεῖς
1758 2401 1783 2427 οἱ
1795 2409 1849 2427 τα-

1047 2449 1136 2476 πεινοὶ
1153 2449 1317 2485 φρονοῦμεν,
1333 2448 1394 2474 ἐπεὶ
1409 2448 1457 2474 καί¹
1473 2448 1556 2474 πᾶσιν
1575 2446 1791 2482 ἁποκρινόμεθα·
1806 2448 1849 2480 ὡς

1049 2495 1078 2522 δὲ
1099 2496 1174 2522 δοκεῖ
1189 2495 1221 2530 τῇ
1237 2495 1358 2529 πατρικῇ
1379 2502 1425 2520 σου
1449 2493 1599 2529 ἁγιωσύνῃ,
1620 2493 1662 2527 εἴη
1683 2492 1794 2524 πάντως
1817 2494 1851 2520 τὸ

1050 2539 1199 2576 εὐκριτώτε
1205 2548 1261 2574 ρον.

1188 2596 1253 2623 PB’.
1275 2610 1311 2616 —--
1324 2595 1485 2630 Εὺαρέστῳ
1496 2594 1601 2629 τέκνῳ.
1623 2595 1720 2632 [χηγα]

745 2655 889 2686 Apostatam
899 2657 1047 2682 monachum
1061 2657 1163 2681 revocat
1175 2654 1205 2679 ad
1214 2654 1333 2679 omcium.

240 2711 274 2738 Et
289 2710 364 2746 gravi
379 2717 481 2745 angore
507 2713 535 2737 et
558 2709 648 2737 cordis
662 2708 716 2736 mei
730 2707 858 2743 angustia
869 2728 876 2742 ,
900 2708 998 2737 addant

205 2756 236 2786 et
249 2758 395 2793 lacrytnis,
420 2756 533 2792 cpistola
554 2756 613 2783 haec
636 2755 668 2782 ad
686 2760 729 2786 te,
752 2754 859 2783 frater:
879 2762 913 2784 eo
926 2756 999 2791 quod

242 2827 254 2844 ’
270 2826 278 2853 Ι
295 2827 367 2854 Pctr.
385 2834 417 2858 ν,
440 2826 483 2853 Η.
523 2824 544 2841 ’⁸
561 2824 649 2852 Galat.
667 2831 693 2850 vi
705 2843 712 2855 ,
733 2823 759 2850 Ξ.

247 2888 278 2920 (‘)
297 2884 478 2912 Panenctica.

1094 2707 1142 2735 Ἐκ
1158 2706 1259 2742 πολλῆς
1287 2705 1403 2741 θλίψεως
1430 2705 1478 2733 καὶ
1503 2706 1620 2741 συνοχῆς
1641 2704 1758 2741 καρδίας
1783 2714 1853 2741 μου,

1053 2753 1202 2793 προσθείην
1223 2753 1270 2780 καὶ
1291 2752 1429 2788 δακρύων,
1445 2753 1462 2788 ὴ
1478 2751 1608 2788 ἐπιστολὴ
1631 2751 1701 2788 πρός
1720 2760 1749 2779 σε
1765 2751 1854 2789 αὕτη,
