1912 3080
126 114 196 147 1357

707 113 989 144 'EPISTOLARUM
1026 113 1100 143 LIB.
1123 114 1150 143 ll
1157 138 1163 143 .

1692 107 1760 144 1358

123 168 223 204 ἀδελφὲ
235 175 242 182 ·
257 167 325 194 διότι
345 167 454 202 ἀκήκοα
470 167 616 195 ἀποθανεῖν
636 176 663 194 σε
687 169 732 195 τὸν
754 170 804 204 τῆς
829 169 920 204 ἁμαρ-

989 169 1061 197 udivi
1083 175 1109 197 te
1125 169 1228 204 peccati
1246 172 1333 196 morte
1348 168 1487 196 mortuum
1505 168 1577 196 esse.
1592 167 1676 195 Aiunt
1689 168 1762 195 enim

122 217 185 245 τῑας
202 214 328 242 θάνατον.
343 212 413 241 Φασὶ
427 214 482 250 γὰρ
497 215 721 250 ἀπορῥιψάμενον
737 215 768 241 τδ
783 215 919 249 ἐπάγγελ-

125 271 165 298 μα
178 262 228 297 τῆς
241 256 402 297 παρθενίας,
419 261 449 288 16
465 260 566 296 ἔνδυμα
577 262 608 287 16
621 261 811 296 εὐαγγελικὸν,
825 261 857 288 16
874 270 919 288 σε·

124 309 241 344 δάσμιον
256 308 305 335 καὶ
318 307 444 342 ἀγγέλοις
457 307 504 335 καὶ
517 307 672 343 ἀνθρώποις
691 307 853 343 πολίτευμα,
869 308 920 335 λα-

125 354 183 381 ϐεῖν
197 363 226 380 σε
241 355 359 388 γυναῖκα
374 353 517 389 μοιχικῶς,
531 353 632 389 μᾶλλον
642 354 671 380 δὲ
685 353 734 389 τὴν
746 352 818 380 Εὕαν
833 354 920 380 εἰπεῖν

127 399 303 436 κυριώτερον.
323 398 397 434 Αὕτη
414 399 468 434 γάρ
484 407 513 425 σε
534 399 582 425 τοῦ
595 398 761 434 παραδείσου
775 399 824 434 τῆς
839 399 921 433 ἁγίας

127 446 200 480 ζωῆς
215 445 368 472 ἐκϐαλοῦσα
381 445 468 477 ἔθετο,
480 445 520 476 εἰς
531 444 629 476 πένθος
643 444 693 479 μὲν
705 445 767 480 ἐμοὶ
781 444 818 479 τῷ
831 445 922 480 ἁμαρ-

127 491 205 526 τωλῷ
222 499 268 517 σου
287 490 383 527 πατρὶ,
399 491 440 523 εἷς
454 499 484 517 τε
497 489 629 526 αἰσχύνην
645 490 696 530 τῆς
711 490 862 527 ἀγγελικῇς
874 499 920 517 σου

128 535 317 571 ἀδελφότητος,
333 537 381 563 καὶ
399 537 440 568 εἰς
454 536 571 571 ἔπαρσιν
585 536 634 563 καὶ
650 535 765 572 αὔχημα.
777 536 817 572 τῷ
829 535 921 563 διαϐό-

128 584 177 619 λῳ.
193 581 227 610 Ὠ
250 583 276 610 τί
298 583 407 618 γέγονε;
428 583 495 618 φεῦί
517 584 576 614 πῶς
593 579 624 610 σε
640 582 806 619 ἐχειρώσατο
825 583 840 609 6
856 582 922 618 δρά-

129 638 205 663 κων;
222 630 262 662 εις
276 628 332 657 οἷον
353 629 381 656 δέ
404 638 434 656 σε
452 628 589 664 ἀπέρριψε
608 620 691 664 βάθος
705 629 861 666 δυσωδίας
887 629 924 655 Τὸ

129 676 188 711 φῶς
214 675 331 710 γέγονας
361 675 474 707 σκότοςε
505 676 522 710 ἡ
543 666 662 710 Χριστοῦ
685 674 784 701 εὐωδία
805 676 820 701 6
841 674 923 709 ἱερὸς,

131 722 244 758 μιαρός·
261 722 275 748 6
289 721 391 756 τίμιος,
410 721 506 756 ἄτιμος
516 727 523 734 ³
536 713 550 747 6
563 719 678 754 ἔνδοξος,
691 720 783 753 ἄδοξος
794 727 801 734 ·
815 721 828 747 6
844 720 925 756 ἄσχε-

130 776 186 800 τος,
206 768 245 803 τῷ
258 767 367 803 δαίμονι
388 767 591 803 χειροδέσμιος·
611 766 626 792 ὀ
647 766 771 801 φιλητὸς,
793 766 923 802 μισητός·

969 216 1104 250 abiecisse
1128 221 1154 243 te
1177 215 1348 250 propositum
1367 213 1552 250 virginitatis,
1574 215 1763 242 indumentum

968 262 1156 298 evangelicum
1167 281 1176 293 ,
1194 261 1383 289 venerandum
1399 266 1427 288 et
1442 260 1546 295 angelis
1559 265 1588 288 et
1601 260 1764 289 hominibus

970 307 1032 335 vitae
1048 307 1203 334 institutum
1216 326 1223 339 ,
1239 310 1267 333 et
1278 305 1410 333 feminam
1433 305 1568 333 adulterio
1583 306 1632 333 tibi
1650 306 1765 334 ascivis—-

971 362 1001 382 sc
1013 374 1021 386 ,
1039 362 1121 389 quam
1139 353 1252 389 proprie
1272 353 1361 387 magis
1376 352 1461 380 Evam
1478 353 1570 381 dicere
1585 353 1675 381 liceat.
1703 352 1766 380 Hau:

970 401 1044 428 cnim
1059 406 1084 428 te
1096 400 1130 428 de
1143 404 1245 428 sanctte
1258 400 1322 428 vitae
1336 399 1466 434 paradiso
1484 400 1661 427 exturbatum
1680 407 1766 434 expo-

971 448 1027 475 suit
1043 447 1111 475 mihi
1125 447 1235 482 quidem
1249 447 1384 481 peccaturi
1396 445 1473 473 Patri
1490 451 1538 473 tuo
1550 445 1586 473 ad
1600 446 1716 478 luctum,
1731 446 1766 472 ad

972 491 1104 526 pudorem
1126 498 1191 517 vero
1216 490 1346 524 angelicae
1371 488 1592 516 confraternitati
1613 494 1684 521 tute,
1709 489 1768 516 dia-

974 538 1036 565 bolo
1048 541 1138 564 autent
1152 536 1184 564 ad
1201 536 1413 564 ostentationem
1430 539 1459 563 et
1470 535 1647 570 iactantiam.
1662 534 1684 562 0
1699 535 1767 570 quid

973 583 1076 611 factum
1093 582 1153 610 est?
1173 582 1244 609 heu!
1265 589 1319 617 quo
1336 587 1415 617 pacto
1433 586 1459 609 te
1481 581 1641 616 subiugavit
1662 581 1768 609 draco?

974 629 1054 665 quale
1071 634 1096 656 te
1111 629 1138 656 in
1157 628 1251 656 fetoris
1271 628 1436 663 profundum
1452 628 1603 656 demersit?
1619 627 1723 655 L'umen
1739 628 1766 654 in

976 675 1112 708 tenebras,
1124 674 1226 702 Christi
1239 674 1327 702 bonus
1342 676 1410 702 odor
1421 674 1450 702 in
1463 682 1547 710 grave
1560 674 1690 702 olentiam
1706 679 1767 700 mu—

976 727 1049 749 tatus
1062 729 1112 749 es:
1129 728 1162 749 ex
1185 728 1268 749 sacro
1283 721 1415 756 profanus
1426 742 1434 754 ,
1451 728 1484 749 ex
1501 721 1637 748 honorato
1653 720 1764 747 inhono-

978 771 1053 795 ratus
1067 787 1075 800 ,
1110 774 1142 794 ex
1161 767 1283 801 glorioso
1296 766 1429 801 inglorius
1443 779 1451 799 δ
1482 773 1514 793 ex
1530 766 1622 794 soluto
1638 770 1665 793 et
1682 766 1769 793 libero

130 815 162 841 τὸ
190 813 328 850 πρόὸατον
360 813 460 849 Ἰησοῦ,
491 812 673 848 θηριάλωτον.
707 812 859 848 Προσθήσω
892 812 926 839 τὰ

988 814 1143 849 nancipium
1159 813 1249 841 factus
1268 813 1392 846 diaboli,
1419 820 1452 840 ex
1471 813 1574 841 dilecto
1592 820 1693 841 exosus
1706 833 1714 844 ,
1735 820 1767 839 ex

133 847 230 896 μείζω.
261 859 291 886 '0
320 847 631 895 856ttii1it£vocrtvexsv
661 857 712 893 τῆς
734 847 923 893 δικαιοσύνης,

988 847 1078 885 Ihristi
1088 865 1138 885 ove
1151 857 1243 893 praeda
1255 856 1323 892 lupi.
1341 857 1445 884 Addam
1460 857 1504 885 bis
1515 857 1631 893 majora.
1643 857 1695 890 Qui
1709 865 1769 892 per-

133 903 353 940 κατειλημμένος
378 905 430 932 ὑπὸ
455 905 505 939 τῆς
527 903 684 939 ἁμαρτιας⁴
708 904 722 930 6
742 903 923 940 ὁμολογητὴς,

132 951 273 987 ᾲρνητής·
294 950 309 977 ὁ
324 950 371 977 τὸν
389 950 565 986 μακαρισμὸν
586 949 632 976 ἐπὶ
653 949 777 985 κορυφῆς
805 949 843 981 ὡς
869 949 926 977 διά-

132 997 208 1032 δημα
233 996 336 1032 φέρων,
352 995 532 1032 ἀφῃρημένος
554 995 585 1022 τὸ
604 995 762 1030 θαυμαστὸν
777 995 864 1031 ὄνομα
877 995 924 1023 τοῦ

133 1043 254 1079 μονα.χοῦ
259 1063 265 1070 .

169 1081 268 1123 Οῑμοιί
285 1087 328 1120 τίς
343 1087 462 1120 ἀκούσας
471 1087 501 1114 οὐ
517 1087 653 1120 στενάξειε
667 1095 674 1120 ;
689 1080 731 1119 τίς
739 1087 768 1114 δὲ
783 1087 927 1114 κατανοῶν

133 1134 166 1173 οὐ
182 1134 324 1170 φρίξειενς
341 1133 462 1168 ᾔσχυνας
481 1133 511 1160 16
528 1133 686 1168 μοναχικδν,
701 1132 840 1168 ἐφόϐησας
862 1134 927 1164 τοὺς

135 1181 302 1217 ἑστηκότας,
318 1179 469 1212 ὲσάλευσας
483 1180 547 1212 τοὺς
572 1179 751 1212 ὸκλὰζοντας,
766 1180 844 1212 ἔπιες
875 1189 927 1207 πο-

134 1229 231 1263 τήριον
247 1226 374 1262 ἀνομίας,
390 1226 520 1258 εἴλκυσας
529 1226 560 1253 16
571 1226 634 1253 καθ’
662 1226 759 1254 ἑαυτὸν
769 1227 835 1258 τοὺς
859 1227 927 1262 ὁμο-

135 1274 229 1306 ταγεῖς
243 1271 451 1306 ἀπογεύσασθαι
465 1272 513 1299 τοῦ
528 1272 657 1299 Θανάτου.
673 1273 705 1299 Ὢ
718 1273 766 1300 καὶ
780 1270 861 1306 αὖθις
883 1273 929 1300 λέ-

136 1329 188 1354 γω.
208 1320 234 1346 τί
249 1319 388 1351 πέπονθας
403 1320 524 1353 ἐλεεινές
539 1319 599 1352 πῶς
615 1321 629 1347 6
646 1321 803 1355 Ἐωσφόρος
819 1321 929 1348 ἐσκοτί-

138 1366 205 1400 σθης
219 1375 227 1399 ;
243 1366 304 1397 πῶς
317 1366 347 1392 16
358 1364 526 1401 χρησιμεῦον
540 1365 640 1398 σκεῦος
666 1365 830 1402 συνετρισης
842 1375 850 1400 ;
879 1368 930 1394 οὐκ

136 1409 199 1449 αἰδῇ
215 1409 269 1435 κᾶν
279 1409 309 1435 τὸ
323 1409 410 1444 ὄνομά
423 1417 483 1442 σου,
499 1409 543 1436 ὅτι
567 1410 723 1445 Εὐάρεστος
749 1410 929 1446 καλούμενος,

138 1451 308 1495 δυσάρεστος
328 1453 535 1490 ἐχρημάτισας;
556 1455 594 1482 Οὐ
610 1455 710 1492 πέρυσι
726 1452 794 1492 ἦκις
812 1457 882 1493 πρός
897 1465 930 1493 με

975 902 1144 932 Secutionem
1162 903 1277 939 iustitiae
1291 911 1374 931 causa
1390 903 1544 938 patiebatur
1555 923 1565 937 ,
1578 908 1676 939 captus
1692 909 1735 931 est
1753 912 1770 931 ιι

975 955 1102 986 peccato;
1119 951 1166 986 qui
1192 950 1336 978 confessor
1360 954 1441 982 erat,
1469 951 1542 978 niulc
1565 951 1694 986 negator;
1722 950 1770 985 qui

976 997 1172 1025 beatitudinem
1190 997 1216 1024 in
1231 997 1334 1025 vertice
1347 997 1419 1024 velut
1433 996 1559 1024 diadema
1574 997 1709 1032 gestabat,
1721 993 1771 1024 ad-

976 1042 1103 1070 mirando
1123 1042 1252 1071 monachi
1272 1043 1384 1070 nomine
1403 1042 1538 1077 spoliatus
1558 1047 1609 1070 est.

1014 1089 1064 1117 Hei
1080 1089 1166 1117 mihi!
1188 1089 1250 1124 quis
1269 1089 1327 1116 hac
1348 1089 1463 1116 audiens
1492 1096 1546 1116 non
1574 1087 1684 1123 gemat?
1710 1088 1773 1123 quis

977 1136 1102 1171 'cogitans
1113 1142 1167 1163 non
1183 1135 1381 1163 exhorrescat!
1392 1135 1501 1163 Pudore
1520 1134 1659 1162 suffudisti
1675 1142 1773 1162 mona-

978 1182 1055 1214 chos,
1071 1182 1209 1210 stantibus
1225 1186 1361 1209 terrorem
1375 1181 1504 1217 iniecisti,
1521 1181 1660 1216 lapsantes
1680 1180 1773 1215 impua

979 1229 1153 1262 listi,bibisti
1174 1228 1289 1256 calicem
1306 1228 1473 1263 iniquitatis,
1503 1227 1611 1255 traxisti
1637 1227 1773 1262 quantum

979 1273 1007 1300 in
1024 1278 1050 1300 te
1068 1272 1121 1299 fuit
1133 1272 1225 1300 socios
1242 1277 1272 1299 ut
1284 1275 1402 1299 mortem
1417 1270 1607 1306 degustarent.
1629 1270 1651 1297 0
1672 1269 1773 1298 it'erum

979 1319 1052 1352 dico,
1069 1318 1135 1354 quid
1152 1326 1252 1353 passus
1263 1325 1306 1352 es,
1318 1317 1422 1345 miser?
1439 1316 1578 1353 quomodo
1595 1316 1717 1344 tenebris
1731 1316 1775 1343 of-

981 1365 1061 1393 fusus
1070 1372 1111 1396 es.
1127 1364 1257 1392 Lucifer?
1272 1364 1412 1399 quomodo
1430 1372 1478 1392 vas
1493 1364 1560 1391 utile
1576 1363 1715 1392 contritus
1724 1361 1775 1390 es?

981 1410 1037 1439 Nec
1053 1411 1142 1446 ipsum
1159 1418 1260 1437 nomen
1275 1415 1352 1437 tuum
1373 1409 1519 1442 revereris,
1535 1409 1609 1444 quod
1624 1407 1775 1436 Evarestus

982 1465 1045 1485 cum
1061 1457 1221 1492 appelleris,
1238 1456 1403 1492 Bysarcstus
1429 1455 1563 1483 evasisti?
1584 1454 1682 1483 Nonne
1701 1458 1775 1482 anno

139 1500 201 1525 ἐπεὶ
224 1499 272 1538 καὶ.
299 1500 369 1535 πρὸς
386 1500 432 1526 τὸν
448 1499 529 1535 κῢριν
559 1500 605 1528 τὸν
624 1501 842 1537 ἀρχιεπισκοπον
871 1503 932 1534 ὅλος

988 1503 1120 1539 praeterito
1132 1503 1166 1530 ad
1179 1510 1222 1530 me
1236 1502 1337 1530 venisti
1352 1506 1436 1537 atque
1461 1502 1494 1530 ad
1513 1501 1655 1529 dominum
1681 1501 1775 1528 archi—

140 1545 230 1581 ὐγιὴς,
246 1544 376 1580 εὖθυμος,
391 1546 543 1582 πρόθυμος,
554 1547 624 1583 ὑπὲρ
634 1547 729 1583 ἑτέρου
740 1547 842 1584 μᾶλλον
855 1549 934 1576 ἁδελ-

140 1593 191 1625 φοῦ
200 1602 248 1620 σου
257 1593 445 1630 παρακλήτωρ
454 1595 501 1621 καὶ
509 1595 665 1631 ἀνορθωτής
675 1605 683 1629 ;
694 1596 753 1628 πῶς
760 1596 882 1629 ὲξέλιπες
893 1597 935 1630 ἐξ·

140 1639 225 1667 ἀπινα
234 1647 242 1672 ;
250 1640 310 1672 πῶς
318 1639 532 1676 ἀπετυφλώθης;
544 1640 603 1673 πῶς
611 1643 685 1677 ὴμνη
690 1641 810 1678 μόνησας
815 1643 861 1669 καὶ
866 1642 935 1670 Θεοῦ

141 1687 189 1713 καὶ
204 1686 294 1721 ἡμῶν,
310 1685 366 1713 τῶν
379 1695 409 1713 τε
418 1687 801 1724 προηνυσμένωνάσκητικῶν
821 1697 868 1715 σου
883 1689 933 1716 πό-

140 1741 194 1759 νων
209 1733 257 1759 καὶ
266 1732 387 1768 ἱδρώτων
397 1741 404 1747 ·
421 1733 482 1760 ἐπεὶ
489 1731 523 1769 ἧς
530 1733 576 1760 καὶ
591 1733 643 1761 τῶν
651 1734 806 1770 χρησιμων,
821 1735 869 1762 καὶ
881 1734 935 1761 τῶν

141 1780 171 1806 ὲν
186 1780 247 1811 ταῖς
267 1779 469 1815 ὑπερεχούσαις
483 1780 636 1812 διακονίαις
652 1781 847 1816 τεταγμένων;
866 1779 936 1808 Εἶτα

141 1825 190 1859 τι;
208 1824 297 1860 μικρά
312 1825 452 1861 προσϐολὴ
462 1825 509 1852 τοῦ
537 1826 647 1862 ἐχθροῦ,
676 1826 813 1862 ἐπιθυμία
834 1826 935 1862 ἔχουσα

144 1872 195 1906 μὲν
211 1870 250 1906 τῷ
261 1870 351 1898 δοκεῖν
365 1871 463 1906 γλυκὺ,
482 1872 675 1907 συνειλιγμένη
691 1872 721 1898 δὲ
734 1872 855 1907 διστόμῳ
882 1880 936 1908 μα-

142 1916 238 1953 χαίρᾳ,
252 1914 286 1952 ἧς
300 1916 349 1952 τῆς
364 1917 479 1952 πικρίας
492 1918 570 1944 οὐδὲν
600 1918 810 1953 χολωδέστερον,
834 1918 936 1954 δραξαο

144 1962 214 1998 μένη
230 1971 260 1989 σε
275 1963 432 1998 κατήγαγεν
449 1963 488 1993 ὡς
498 1964 545 1990 ἀπ’
560 1963 678 2000 οὐρανοῦ
689 1964 740 2000 τῆς
754 1965 862 2000 ὑψηλῆς
891 1973 936 1992 πο·

142 2008 257 2041 λιτειας,
273 2008 396 2035 δείκνυσι
406 2008 436 2035 δὲ
452 2009 521 2036 ὡσεὶ
535 2010 709 2045 τραυματίαν
726 2010 894 2039 καθεύδοντα
907 2012 937 2039 ιν

142 2053 232 2093 τάφῳ.
249 2053 282 2080 Τί
296 2054 350 2088 γὰρ
367 2053 433 2080 ἄλλο
449 2055 525 2081 ἐστὶν
540 2052 611 2082 εἶναι
622 2055 669 2081 τὸν
697 2055 727 2082 ἐν
742 2057 776 2091 τῇ
801 2057 935 2093 ἁμαρτίᾳ,

144 2099 162 2135 ἢ
190 2100 220 2125 ὲν
234 2098 339 2134 φθορᾷί
355 2098 475 2126 Οὑτίπου
490 2100 550 2135 φῶς
571 2100 677 2135 νοερὸν,
706 2101 820 2137 οὐδεμία
848 2102 936 2136 ἐλπὶς,

143 2145 407 2185 οὐδεμιαγλυκύτης
425 2146 525 2182 ψυχῆς,
555 2147 671 2183 οὐδεμία
693 2147 833 2184 διανόησις
863 2149 935 2185 ἱερὰ,

986 1549 1147 1584 episcopum
1167 1553 1240 1576 totus
1257 1554 1352 1582 sanus,
1368 1548 1449 1576 hilari
1468 1548 1562 1576 animo
1575 1551 1603 1576 et
1617 1547 1712 1580 alacri,
1728 1545 1777 1582 pro

986 1596 1071 1623 altero
1087 1595 1168 1623 etiam
1181 1594 1266 1622 fratre
1279 1599 1327 1622 tuo
1348 1594 1509 1630 deprecator
1522 1599 1549 1622 et
1563 1594 1690 1621 erector?
1701 1593 1777 1629 Quo-

986 1642 1068 1668 modo
1092 1645 1205 1676 repente
1221 1640 1372 1668 deiecisti?
1388 1640 1528 1676 quomodo
1554 1645 1708 1668 excaecatus
1729 1639 1778 1667 es?

985 1687 1126 1724 quomodo
1141 1686 1188 1714 Dei
1199 1687 1303 1715 oblitus
1312 1692 1342 1715 es
1353 1692 1381 1715 et
1397 1688 1486 1715 nostri
1495 1687 1507 1714 ?
1517 1691 1734 1722 exactorumque
1749 1689 1777 1714 iu

985 1733 1103 1761 ascetica
1128 1734 1183 1760 vita
1218 1733 1344 1761 laborum
1379 1733 1577 1768 sudorumque,
1605 1734 1778 1769 quandoqui-

985 1779 1047 1808 dem
1061 1784 1123 1807 eras
1138 1780 1212 1808 inter
1226 1779 1321 1813 utiles,
1343 1787 1447 1815 eosque
1460 1780 1487 1807 in
1504 1779 1600 1814 primis
1617 1779 1778 1807 ministeriis

985 1826 1267 1862 fungebantuﬂQuid
1285 1829 1347 1861 poSt
1359 1825 1437 1854 hac?
1451 1825 1539 1854 Parva
1555 1825 1644 1854 hostis
1661 1826 1778 1861 impres—

986 1873 1039 1905 sio,
1065 1872 1201 1907 cupiditas
1219 1872 1312 1907 specie
1342 1872 1453 1907 quidem
1478 1872 1651 1900 dulcedinem
1681 1872 1779 1906 praefe-

985 1926 1060 1952 rens;
1074 1918 1122 1946 sed
1133 1918 1249 1954 aneipiti
1263 1918 1355 1953 gladio
1371 1918 1517 1952 implicita,
1531 1919 1611 1954 cujus
1631 1919 1780 1946 acerbitate

986 1964 1055 1991 nihil
1074 1963 1206 1996 amarius,
1219 1964 1362 1998 abreptum
1375 1968 1400 1991 te
1415 1963 1513 1999 deiecit
1525 1969 1654 1999 tanquam
1666 1964 1700 1992 de
1711 1965 1781 1992 rosio

985 2011 1102 2039 excelsae
1126 2011 1360 2043 conversatimiis,
1391 2011 1567 2046 ostenditque
1591 2011 1666 2038 velut
1693 2011 1781 2046 plagis

987 2062 1117 2085 onustum
1133 2058 1159 2084 in
1176 2057 1304 2092 sepulcro
1321 2057 1513 2085 dormientem.
1530 2057 1601 2091 Quid
1615 2056 1689 2085 etiim
1706 2058 1781 2085 aliud

987 2109 1029 2130 est
1046 2103 1072 2130 in
1090 2107 1203 2136 peccato
1227 2110 1289 2130 esse
1318 2109 1401 2137 quam
1420 2103 1448 2130 in
1473 2103 1581 2131 morte?
1603 2103 1713 2130 Nullum
1724 2104 1780 2138 iam

987 2150 1079 2177 lumen
1093 2149 1266 2182 intellectus,
1283 2150 1358 2177 nulla
1374 2157 1448 2185 spes.
1475 2150 1549 2177 nulla
1573 2150 1697 2178 suavitas
1721 2151 1776 2177 ani-

145 2192 214 2232 ᾁλλὰ
227 2192 276 2226 νὺξ
292 2192 398 2228 βαθεῖα,
407 2193 488 2228 μύσις
501 2194 549 2221 τοῦ
559 2194 857 2231 διανοητικοΰ,δαγμδς
868 2205 932 2232 καρ-

989 2201 1050 2226 maa,
1066 2194 1141 2221 nulla
1156 2200 1235 2222 sacra
1248 2195 1380 2230 cogitatio
1395 2203 1403 2221 :
1418 2195 1466 2224 sed
1478 2196 1615 2231 profunda
1626 2203 1690 2228 nox,
1704 2203 1782 2223 inen-

145 2234 250 2269 διακδς,
265 2238 349 2273 φόϐος
366 2239 414 2266 καὶ
426 2239 474 2266 τοῦ
490 2239 630 2275 τυχόντος,
655 2242 685 2267 ὲν
696 2241 736 2275 τῷ
750 2241 873 2278 βορϐόρῳ
887 2251 937 2269 κυ-

145 2283 292 2311 λινδεῖσθαι
306 2284 492 2321 καθεκάστην,
509 2285 576 2312 ὡσεί
591 2295 618 2313 τι
650 2286 839 2322 ἰλυσπώμενον
867 2288 937 2314 κνώ-

146 2330 236 2358 δαλον.
251 2331 285 2358 τι
299 2332 448 2367 εἰργάσατο
465 2333 480 2359 6
490 2332 597 2368 δαίμων
611 2325 664 2366 ;“τε
681 2342 711 2360 σε
739 2333 905 2361 ἀπετέλεσεν
921 2335 937 2370 ὴ

148 2377 363 2412 παγκατάρατος
375 2377 526 2414 ἐπιθυμίη
539 2379 572 2405 δι’
584 2375 618 2415 ἦς
634 2379 689 2406 ἀπὺ
717 2379 763 2406 τοῦ
786 2380 883 2413 αἰῶνος
913 2381 938 2407 οἱ

149 2422 331 2458 ἠπατημένοι,
346 2423 409 2450 οὐδὲ
433 2424 469 2451 τὰ
493 2424 610 2452 ἐνταῦθα
638 2425 846 2461 κεκιρδάκασιν,
870 2426 939 2453 ἀλλὰ

148 2469 197 2496 καὶ
211 2469 245 2496 τὰ
261 2469 375 2505 οὐράνια
386 2470 542 2503 ἀπώλεσαν,
559 2471 588 2497 ἓν
597 2471 852 2508 κληρονομήσαντες
859 2470 939 2509 μόνον

148 2514 179 2541 16
194 2514 250 2551 πῦρ
263 2515 295 2541 16
311 2515 433 2543 αἰώνιον.

191 2561 272 2588 Ἀλλὰ
285 2561 375 2597 δεῦρο,
392 2563 434 2590 υἱὲ
448 2572 510 2598 μου,
526 2564 707 2599 ἀνακλήθητι,
726 2565 802 2592 κο.λῶ
829 2573 859 2592 σε
887 2566 941 2593 ἀπὸ

150 2607 255 2642 βαθέων
272 2609 388 2644 καρδίας
414 2618 477 2645 μου,
501 2611 557 2637 ἀπὸ
583 2611 745 2646 σπλάγχνων
773 2612 941 2648 ἐμπυριζόν-

148 2661 204 2680 των
219 2662 253 2689 με
268 2661 276 2669 ·
294 2655 391 2690 ἐπειδὴ
409 2656 425 2691 ἡ
440 2655 475 2692 σὴ
487 2656 551 2688 δόξα
563 2656 628 2692 ὲμὴ,
649 2657 686 2690 ὡς
718 2658 767 2684 καὶ
791 2657 908 2693 ἔμπαλιν
923 2659 940 2694 ὴ

149 2701 276 2736 αἰσχύνη.
292 2700 389 2736 Δεῦρο,
406 2702 576 2739 ὲξεγέρθητι,
591 2705 605 2730 6
629 2703 731 2740 Κύριος
761 2705 922 2733 κεκέλευκεν
933 2714 940 2721 ·

151 2747 194 2774 υὺ
206 2746 250 2781 μὴ
261 2748 400 2782 μνησθῶ,
416 2750 495 2785 φησὶ,
513 2749 571 2777 τῶν
584 2749 716 2786 ἀνομιῶν
723 2750 791 2779 ουυ.
809 2753 863 2780 Καί
874 2762 880 2768 ·
893 2753 941 2786 Μὴ

188 2829 211 2853 ί·
226 2835 280 2864 ise.
299 2846 376 2872 XLIII,
394 2839 440 2867 25.

989 2242 1024 2270 tis
1039 2241 1204 2274 obstructio,
1231 2245 1259 2269 et
1276 2241 1368 2270 cordis
1383 2248 1503 2274 morsus,
1533 2249 1566 2270 ac
1585 2242 1670 2269 timor
1697 2250 1730 2269 ex
1753 2250 1784 2269 re

990 2289 1112 2325 qualibet
1129 2298 1136 2315 :
1157 2289 1184 2316 in
1205 2296 1285 2326 ραςηο
1296 2289 1402 2317 versari
1429 2289 1550 2322 assidue,
1583 2290 1657 2317 velut
1680 2290 1783 2317 animal

992 2335 1137 2370 quodpiam
1155 2336 1181 2363 in
1207 2335 1267 2363 luto
1291 2342 1322 2362 se
1348 2335 1487 2363 volutans.
1506 2332 1578 2369 Quid
1596 2341 1728 2370 operatus
1741 2341 1785 2363 est

991 2380 1097 2408 daemon
1110 2377 1122 2406 ?
1137 2380 1203 2415 quid
1229 2379 1279 2408 tibi
1298 2380 1416 2408 contulit
1441 2381 1611 2408 exsecranda
1625 2375 1786 2416 cupiditas?

991 2435 1041 2462 per
1055 2434 1136 2462 quam
1154 2427 1201 2462 qui
1216 2426 1250 2454 ab
1269 2429 1328 2454 atavo
1350 2427 1456 2462 decepti
1469 2427 1556 2461 fuere,
1573 2435 1662 2462 neque
1677 2435 1708 2455 ea
1723 2436 1786 2462 qua:

993 2473 1037 2500 hic
1048 2477 1110 2501 sunt
1134 2473 1520 2506 lucrifeccrunt,etcwiestia
1545 2474 1673 2506 amisere,
1698 2482 1785 2502 unum

994 2520 1082 2548 solum
1101 2520 1260 2548 haereditate
1276 2521 1446 2556 possidentes
1461 2522 1550 2555 ignem
1566 2525 1712 2549 mtcrnuln.

1031 2567 1131 2595 Verum
1158 2566 1212 2594 huc
1235 2567 1312 2600 ades,
1342 2567 1380 2594 iiii
1400 2567 1437 2594 mi
1455 2575 1462 2594 :
1478 2567 1513 2594 ab
1528 2567 1584 2594 into
1608 2567 1692 2595 corde
1716 2571 1787 2595 γοοδ

995 2620 1031 2647 ιο,
1046 2622 1080 2642 ex
1090 2613 1241 2641 visceribus
1257 2621 1301 2641 me
1316 2613 1552 2641 inllammantibus
1567 2615 1714 2648 :quoniam
1728 2614 1787 2649 glo-

994 2661 1035 2688 ria
1049 2665 1107 2694 tua,
1123 2658 1209 2695 gloria
1226 2666 1286 2686 mea
1301 2663 1361 2687 est:
1380 2659 1452 2687 sicut
1466 2659 1583 2688 dedecus
1601 2667 1617 2687 e
1633 2661 1786 2688 contrario,

995 2709 1061 2742 Age,
1072 2705 1274 2742 expergiscere,
1290 2705 1422 2734 Dominus
1434 2706 1529 2741 iussit.
1540 2705 1601 2733 Non
1615 2706 1786 2740 recordabar,

997 2753 1094 2788 inquit,
1109 2751 1280 2786 iniquilalam
1296 2755 1401 2779 (uarum
1422 2752 1454 2779 “.
1472 2752 1505 2781 Et
1521 2761 1528 2779 :
1545 2752 1672 2789 Nunquid
1682 2753 1785 2789 quem8
