1912 3080
132 121 203 155 1339

730 122 763 153 S.
780 121 980 153 .THEODORI
1001 120 1174 154 STUDIT/E

1703 122 1771 155 1360

127 179 180 211 dit,
200 186 252 205 non
272 179 386 214 resurgit
405 179 450 206 “!
469 179 524 207 Et:
557 178 618 207 Vidi
633 179 698 216 quia
725 180 810 207 tristis
836 180 931 207 ambu-

982 181 996 208 ύ
1013 179 1132 207 πίπτων
1143 180 1200 207 οὐκ
1212 179 1390 212 drlo'tarm;
1401 177 1458 206 Καί
1469 186 1476 194 ·
1493 175 1584 206 [fear
1596 178 1640 206 ὅτι
1657 183 1770 214 πορεύῃ

127 225 170 253 In
187 225 219 252 ".
238 224 272 252 Et
289 234 296 253 :
314 225 471 253 Remedium
484 229 561 253 tuum
573 226 701 254 contritio
710 232 759 254 tua
777 226 810 253 “.
827 225 868 254 En
879 227 928 254 ho-

119 279 194 302 .num
203 271 299 304 Deum,
308 279 341 299 en
353 271 488 300 medicum
496 272 711 301 misericordem.
723 272 824 308 Utique
830 280 880 300 oro
889 277 926 305 te,

129 317 184 350 ﬁli;
197 317 269 344 ﬁlius
279 317 353 344 enim
363 325 492 352 menses,
503 319 612 347 tametsi
621 324 764 348 moortuus
773 327 813 353 es;
824 327 858 346 ne
866 326 928 354 per-

129 371 241 393 maneas
255 364 283 392 in
293 370 408 399 peccato
420 373 428 391 :
445 365 606 401 dirumpens
620 367 747 402 dirumpe
761 366 925 401 quantocius

129 409 245 438 innexos
267 410 342 437 tibia
357 409 467 438 diabolo
487 410 632 439 funiculos:
644 416 671 439 et
682 416 812 446 tanquam
824 420 839 438 ε
850 411 925 438 fossa

130 463 280 490 exsurgens
291 456 397 483 transili
410 456 436 483 iu
446 455 610 484 admirabile
618 457 707 484 lumen
725 456 847 491 pristinae
862 456 925 483 Viue

130 505 193 527 tum.
212 500 245 527 Et
261 508 311 535 ego
328 507 354 528 le
368 501 476 536 supinis
505 501 634 529 manibus
657 502 866 537 excipiam,non
878 509 928 528 ex-

130 547 263 580 probrans
275 547 321 574 sed
334 548 536 575 commiserans
546 558 552 576 :
563 555 617 575 non
633 556 787 584 aggravans
802 548 924 575 medica-

121 597 224 619 -meuta
240 593 421 627 poenitentiae,
437 593 485 620 sed
510 593 617 621 leniens
637 593 685 620 illa
704 597 732 621 et
745 593 847 621 leviora
862 593 924 620 red—

129 637 198 666 dens
228 639 317 673 quoad
345 639 404 666 (ieri
425 639 537 674 poterit.
562 638 656 674 Itaque
672 638 783 671 festina,
811 639 922 672 festina,

125 684 293 720 priusquam
311 689 423 719 repente
437 685 530 712 veniat
544 684 725 712 inexorabilis
737 684 861 720 angelus,
871 684 924 711 mi-

131 730 322 758 serandumin
340 730 494 758 modum‘te
508 730 649 758 abducens
665 738 681 758 e
692 737 818 766 corpore,
835 736 862 758 et
888 731 922 758 ad

125 783 240 810 mnam
257 777 425 804 transferens
440 777 649 813 sempiternam.

315 834 380 862 Clll.
393 849 429 855 —
443 833 570 870 Gregorio
583 835 742 870 praeposito.

980 226 1123 261 στυγνός.
1138 225 1194 252 Καί
1203 233 1212 241 ο
1228 226 1317 260 Ἰαμα
1326 224 1360 252 τὸ
1372 224 1542 260 σύντριμμὰ
1558 232 1627 253 σου.
1640 225 1692 252 Ἴδε
1706 226 1771 257 θεὸς

979 271 1093 306 ἀγαθὸς,
1108 270 1147 298 ῐδε
1162 270 1255 306 ἰατρὸς
1271 271 1406 306 ἐλεήμων.
1417 271 1471 297 Ναὶ
1485 270 1647 306 δέομαίσου,
1664 271 1770 297 τέκνονο

979 316 1075 343 τέκνον
1088 316 1142 352 γάρ
1156 325 1207 352 μου
1227 313 1263 350 εἶ,
1279 315 1331 343 κᾶν
1342 315 1544 351 ἀποτέθνηκας.
1561 316 1608 352 Μὴ
1619 316 1772 352 ἀναμείνῃς

979 364 1027 390 ἐπὶ
1043 364 1076 399 τῇ
1102 364 1226 399 ἁμαρτίᾳ
1241 371 1248 378 ·
1275 363 1450 399 διαρρήσσων
1465 363 1610 399 διάρρηξον
1630 364 1709 399 τάχει
1737 365 1771 390 τὰ

980 410 1176 445 συμπλακέντα
1190 418 1231 436 σοι
1260 409 1313 436 ὑπὸ
1336 409 1383 436 τοῦ
1398 409 1521 436 διαϐόλου
1535 409 1639 445 σχοινία
1652 418 1659 425 υ
1672 411 1720 437 καὶ
1733 410 1771 440 ὡς

978 456 1033 483 ἀπὸ
1047 456 1143 492 βόθρου
1159 455 1291 489 ἀναστὰς,
1311 455 1505 490 μεταπήδησον
1516 457 1556 487 εἰς
1572 456 1602 482 τὸ
1613 455 1771 490 θαυμαστόν

980 512 1027 529 σου
1041 504 1091 538 τῆς
1103 502 1239 538 προτέρας
1266 503 1379 537 ἀγωγῆς
1395 501 1463 536 φῶς.
1496 501 1583 536 Κάγώ
1601 510 1630 528 σε
1659 501 1778 534 ὑπτίαις·

968 551 1073 586 ’χερσὶν
1094 550 1270 585 ὑποδέξομαι,
1292 549 1342 576 οὐκ
1359 549 1500 581 ὀνειδίζων
1515 548 1574 575 ἀλλ’
1600 549 1744 584 οἰκτείρων
1760 556 1768 564 ’

977 597 1008 624 οὺ
1037 596 1163 633 βαρύνων
1180 597 1215 623 τὰ
1231 596 1365 632 φάρμακα
1379 595 1430 630 τῆς
1442 595 1596 630 μετανοίας,
1613 594 1770 630 ἀλλ’ἡπιῶν

976 643 1048 670 αὐτὰ
1072 642 1209 676 κουφίζων
1224 642 1285 668 ὅσον
1297 639 1354 668 οἷόν
1376 650 1417 668 τε.
1441 641 1528 675 Καίγε
1545 640 1672 674 σπεῦσον,
1685 639 1770 667 σπεῦ-

977 696 1023 715 σον
1035 687 1101 724 πρὶν
1112 687 1129 723 ἢ
1145 687 1268 722 ἀφνίδιον
1275 686 1453 713 ἐπελεύσεται
1468 687 1482 712 ὁ
1493 686 1628 721 ἀπότομος
1642 685 1769 720 ἄγγελος,

977 733 1101 765 ἐλεεινῶς
1119 741 1149 759 σε
1166 731 1291 768 χωρίζων
1302 732 1349 759 τοῦ
1365 732 1502 767 σώματος,
1530 732 1579 759 καὶ
1609 732 1649 762 είς
1678 732 1770 767 κρίσιν

976 780 1086 807 αἰώνιον
1111 781 1269 816 ἀποφέρων.

1082 836 1142 863 Pl"-
1153 851 1189 856 —
1202 837 1355 872 Γρηγορίφ
1369 837 1536 872 ἠιυυιιένφ-
1563 835 1660 874 [χκςη

573 888 575 891 ’
628 891 662 918 Ut
670 891 742 924 gregi
754 898 808 922 suo,
825 891 881 916 boni
902 894 1007 923 pastoris
1017 893 1145 923 exemplo,
1156 892 1280 924 invigilel.

163 948 223 976 Jam
241 948 289 976 tibi
301 947 380 984 juxta
391 947 603 983 promissionem
616 947 780 983 scripsimus
790 952 923 983 tanquam
939 956 962 984 Β

128 985 186 1022 lilio
199 999 307 1027 nostro,
327 998 359 1022 ut
372 1001 482 1029 gregem
497 994 544 1029 qui
561 994 625 1021 istic
639 998 682 1022 est
710 994 861 1029 prudenter
877 1003 923 1030 pa-

130 1049 191 1068 scas
216 1041 367 1069 secundum
388 1040 498 1067 Domini
524 1045 704 1075 praeceptum,
723 1040 792 1067 nihil
807 1045 921 1075 prseter-

130 1087 240 1115 mitteus
256 1095 350 1114 eorum
366 1094 428 1122 qua
438 1087 474 1114 ad
499 1086 616 1113 fratrum
644 1086 790 1121 utilitatem
815 1087 923 1114 condu-

131 1138 204 1160 rant.
220 1132 327 1162 Etenim
340 1133 364 1160 si
379 1133 403 1159 is
418 1133 463 1160 cui
483 1137 611 1167 expertes
628 1133 746 1160 rationis
770 1140 836 1161 oves
858 1137 924 1161 sunt

132 1180 286 1206 commissa:
300 1186 353 1206 non
368 1179 469 1206 dormit
483 1178 530 1206 sed
542 1179 648 1213 vigilat.
663 1186 714 1206 nec
730 1186 825 1206 curam
837 1179 924 1207 inter-

132 1225 225 1258 mittit,
242 1225 289 1252 sed
305 1230 384 1252 nocte
400 1225 499 1260 dieque
518 1229 605 1252 certat
620 1233 653 1252 ne
675 1233 729 1260 qua
755 1225 797 1253 vel
820 1233 837 1253 a
858 1225 923 1253 feris

132 1271 268 1307 rapiatur,
282 1271 324 1309 vel
343 1271 460 1305 impasta
477 1276 525 1298 aut
542 1271 688 1299 macilenta
702 1272 887 1305 Inaneat;sed
896 1276 923 1299 et

132 1318 207 1345 fures
222 1317 383 1354 aclatrunes
397 1317 534 1350 observat,
552 1323 579 1345 et
597 1317 669 1345 feras
689 1318 784 1353 abigit,
800 1323 827 1345 et
837 1326 923 1354 pecu,

131 1364 182 1392 des
197 1363 305 1395 affatur,
321 1367 349 1390 et
362 1367 426 1390 ante
451 1363 511 1391 illas
529 1363 658 1398 gradiens
674 1368 782 1398 postum
801 1364 841 1392 illi
857 1372 923 1400 pro.

131 1414 220 1441 curat.
231 1409 381 1446 requietem
403 1417 488 1445 prope
507 1417 594 1445 aquas
609 1415 642 1446 ,et
665 1411 827 1439 umbracula
848 1410 922 1439 desi-

131 1463 220 1492 gnans
232 1477 241 1489 ,
255 1461 282 1484 et
292 1456 345 1483 alia
355 1463 526 1491 quaecunque
537 1455 631 1483 videre
660 1462 703 1484 est
729 1457 757 1485 in
786 1457 863 1490 virga
875 1465 924 1492 pa-

131 1502 240 1529 storitia
259 1511 266 1530 :
282 1501 347 1537 quid
362 1506 390 1530 et
405 1506 538 1537 quantum
550 1507 593 1530 est
605 1502 628 1530 si
643 1503 688 1530 cui
703 1503 801 1539 obtigit
815 1504 924 1532 anima-

131 1555 193 1575 rum
205 1555 300 1576 curam
317 1555 411 1582 gerere
425 1556 564 1585 aquarum
584 1549 699 1584 sanatus
715 1550 739 1578 si
761 1557 817 1585 quo
841 1551 924 1579 modo

131 1594 297 1627 effundatur,
310 1594 344 1622 de
356 1595 484 1622 manibus
494 1594 556 1630 ejus
570 1596 737 1630 requiretur,
760 1597 833 1625 sicut
850 1597 922 1625 scri-

131 1645 207 1675 ptum
225 1645 268 1667 est
284 1640 317 1667 ".
339 1639 437 1668 Insiste
452 1628 518 1677 ergo
533 1641 567 1668 de
586 1628 696 1673 caetero.
712 1628 763 1674 ﬁli,
783 1642 812 1669 in
832 1642 923 1678 gregis
936 1628 957 1657 α

131 1684 292 1721 prmfectum
304 1686 449 1725 diligenter
462 1686 609 1722 invigilans
623 1695 630 1713 ι
649 1695 717 1715 sana
729 1687 865 1722 infirmos,
875 1696 923 1716 re-

130 1731 185 1759 duc
197 1736 335 1765 errantes,
347 1732 471 1765 bortare.
489 1732 619 1765 admone,
641 1741 738 1761 revoca
753 1735 782 1761 in
803 1738 923 1762 mentem

130 1778 299 1812 promissum
314 1778 348 1806 iis
365 1786 477 1814 regnum
496 1779 543 1814 qui
561 1783 589 1806 ut
603 1779 680 1807 decet
698 1784 811 1808 sanctos
823 1780 922 1808 ambu-

132 1824 200 1857 lant,
219 1829 301 1859 atque
316 1832 348 1852 ex
372 1825 489 1852 adverso
515 1824 675 1852 indesinens
703 1824 869 1859 supplicium
889 1825 923 1853 iis

131 1870 178 1904 qui
191 1870 316 1897 vitiosam
333 1870 417 1897 vitam
442 1875 549 1905 agunt:
577 1870 611 1898 Ut
629 1871 740 1905 leipsum
765 1871 817 1898 hoc
843 1875 924 1906 pacto

130 1916 234 1943 saluum
249 1917 334 1952 facias
350 1936 358 1949 ,
387 1921 413 1943 et
431 1924 475 1944 eos
496 1917 541 1951 qui
557 1922 581 1944 te
602 1916 716 1944 audiunt
732 1917 765 1946 ¹⁸.
777 1917 829 1950 Qui
849 1921 926 1944 amat

131 1962 255 1990 studiose
271 1963 408 1998 castigat:
426 1961 474 1997 qui
497 1960 590 1990 autem
621 1962 684 1990 odio
705 1963 797 1997 habet,
819 1970 924 1998 susque

130 2009 220 2044 deque
234 2008 328 2036 omnia
343 2008 446 2036 habere
470 2008 599 2036 subditos
627 2009 704 2036 sinit.
726 2009 779 2036 Sed
804 2013 833 2036 et
862 2017 923 2041 vos,

132 2055 233 2082 fratres
247 2059 274 2082 et
288 2055 337 2083 ﬁlii
359 2057 386 2082 in
405 2055 532 2088 Domino,
550 2059 639 2083 estote
653 2055 727 2083 sicut
740 2062 816 2088 oves,
827 2063 923 2082 aman-

132 2106 172 2129 tes
186 2101 246 2136 ejus
256 2106 390 2136 praacepta
406 2109 531 2134 servare,
543 2106 571 2128 et
581 2102 762 2129 monasticam
779 2102 863 2129 vitam
877 2102 925 2129 du-

131 2155 195 2175 cere
211 2155 266 2175 non
284 2148 455 2175 saecularem.
471 2147 531 2175 Una
547 2148 717 2177 sitvoluntas
729 2149 862 2182 omnium,
876 2155 925 2175 cor

133 2202 230 2226 unum,
254 2195 348 2222 anima
377 2202 443 2228 una,
470 2202 525 2221 non
551 2202 643 2222 meum
669 2200 696 2222 et
716 2199 806 2226 tuum.
831 2194 924 2223 omnia

132 2239 300 2271 communia,
317 2238 409 2265 omnia
427 2238 530 2265 munda
547 2246 595 2273 per
615 2238 828 2266 confessionem.
845 2238 924 2271 Quod

133 2283 156 2310 si
171 2284 251 2310 aliter
263 2283 310 2310 fiat
323 2291 330 2311 :
341 2289 369 2310 et
382 2284 456 2318 quod
469 2284 563 2311 saeculi
579 2290 638 2312 erat
655 2285 797 2318 amisistis,
814 2290 842 2312 et
858 2292 922 2312 cum
938 2297 961 2325 ι)

132 2328 189 2355 veri
204 2328 330 2356 monachi
344 2337 398 2356 non
412 2330 485 2362 sitis,
500 2329 584 2364 iustae
600 2330 728 2358 vindictae
741 2330 855 2358 obnoxii
868 2330 923 2357 eri-

133 2373 178 2400 tis.
193 2371 336 2400 Charitate
363 2373 473 2408 impulsi
495 2375 772 2403 commonefecimus.
788 2374 844 2403 Vos
858 2381 924 2402 vero

131 2419 230 2451 valete,
245 2424 273 2446 et
289 2418 345 2446 Deo
365 2420 485 2454 placate;
501 2428 551 2456 pro
567 2421 646 2449 nobis
671 2421 753 2449 etiam
772 2421 926 2457 peccatori-

133 2465 185 2493 bus
198 2472 320 2497 oI-anu-s,
341 2471 370 2493 ut
397 2475 459 2502 quze
486 2467 630 2500 docemus,
648 2467 744 2495 eadem
757 2475 839 2503 opere
853 2475 926 2503 pne-

132 2516 237 2538 stemus
269 2511 294 2538 iu
319 2511 428 2539 Christo
453 2511 519 2540 Jesu
543 2513 658 2541 Domino
681 2516 788 2545 nostro,
818 2513 863 2541 cui
889 2513 929 2547 sit

132 2557 229 2593 gloria.
245 2557 342 2584 Amen.

226 2658 293 2688 CIV.
311 2659 396 2686 Ireuw
408 2665 432 2687 et
451 2659 632 2696 Euphrosyuw
649 2661 820 2689 hiemalibus.

1014 949 1084 984 Ἤδη
1105 948 1305 983 ἐπεστείλαμεν
1337 956 1378 974 σοι
1398 948 1468 975 κατὰ
1487 948 1537 983 τὴν
1554 948 1703 983 ὑπόσχεσιν
1730 947 1769 981 ὡς

974 995 1104 1030 ἡμετέρῳ
1123 994 1174 1030 υἱῷ
1188 994 1344 1029 ποιμαίνειν
1369 994 1401 1020 τὸ
1430 993 1527 1020 αὐτόθι
1553 994 1680 1030 ποίμνιον
1708 993 1769 1029 μετ’

974 1042 1131 1077 ἐπιστήμης
1147 1043 1208 1068 κατ’
1222 1041 1332 1076 ἐντολὴν
1348 1040 1396 1067 τοῦ
1415 1041 1532 1076 Κυρίου,
1562 1041 1647 1076 μηδὲν
1677 1049 1768 1077 παρα-

975 1087 1122 1122 θεωροῦντι
1139 1087 1193 1113 τῶν
1211 1086 1403 1113 συντεινόντων
1417 1087 1458 1118 εἰς
1473 1086 1608 1122 ὠφέλειαν
1622 1087 1677 1114 τῶν
1692 1086 1771 1114 ἁδελο

974 1134 1043 1168 φῶν.
1058 1133 1089 1160 Εί
1105 1132 1160 1168 γὰρ
1174 1133 1188 1158 ὁ
1200 1133 1235 1160 τὰ
1251 1133 1338 1167 ἄλογα
1364 1133 1490 1168 πρόϐατα
1520 1133 1714 1168 ὲμπιστευθεὶς
1737 1133 1769 1160 οὔ

974 1181 1102 1207 καθεύδει
1114 1180 1171 1207 ἀλλ’
1185 1181 1334 1215 ἀγρυπνεῖ,
1347 1180 1408 1207 οὐδὲ
1425 1179 1533 1215 ἀμελεῖ,
1550 1179 1620 1207 ἀλλὰ
1638 1179 1769 1207 πυκτεὺει

974 1225 1084 1261 νύκτωρ
1098 1226 1147 1252 καὶ
1165 1226 1338 1261 μεθημέραν,
1355 1226 1425 1261 μήτε
1443 1225 1614 1266 θηριάλωτόν
1629 1234 1657 1253 τι
1683 1226 1770 1262 ἐργά-

975 1272 1074 1299 σασθαι
1089 1279 1096 1286 ·
1109 1272 1146 1306 μή
1158 1280 1187 1297 τε
1195 1271 1344 1298 ἀλίπαντον
1359 1279 1367 1287 ⁸
1384 1271 1453 1298 ἀλλὰ
1468 1271 1516 1298 καὶ
1528 1270 1648 1303 κλέπτας
1660 1272 1708 1299 καὶ
1721 1272 1770 1308 λῃ-

976 1318 1041 1350 στὰς
1057 1318 1237 1349 κατασκοπεῖ,
1254 1318 1301 1344 καὶ
1327 1317 1414 1353 Θῆρας
1426 1317 1568 1349 ἀποσοϐεῖ,
1586 1318 1633 1344 καὶ
1647 1317 1770 1352 προσλα-

974 1364 1016 1390 λεῖ
1031 1365 1087 1396 τοῖς
1101 1364 1253 1400 Θρέμμασι.
1269 1363 1326 1390 Καὶ
1342 1363 1499 1399 ἔμπροσθεν
1530 1363 1622 1391 αὐτῶν
1652 1363 1768 1398 πορευὸ-

976 1410 1116 1445 μενοςτὰς
1143 1409 1250 1446 τροφὰς
1274 1409 1368 1441 αὐτοῖς
1404 1410 1600 1446 περιποιεῖται,
1629 1409 1672 1444 ἐφ’
1695 1408 1768 1445 ὕδωρ

973 1453 1157 1483 ἀναπαύσεως
1170 1454 1219 1480 καὶ
1234 1453 1362 1480 σκιαδίων
1381 1454 1556 1489 περιορίζων,
1573 1455 1620 1481 καὶ
1638 1455 1690 1482 ὅσα
1700 1454 1770 1482 ἄλλα

975 1499 1053 1526 ἔστιν
1067 1500 1135 1536 όρᾷν
1148 1500 1177 1526 ὲν
1191 1501 1359 1535 ποιμαντικῇ
1378 1499 1469 1535 ῥάϐδῳ
1482 1507 1490 1514 ·
1509 1500 1537 1526 τί
1549 1500 1591 1527 δεῖ
1609 1501 1656 1527 καὶ
1672 1501 1768 1534 πόσον,

974 1543 1046 1573 εἶναι
1061 1546 1116 1573 τῶν
1129 1545 1224 1581 ψυχῶν
1239 1545 1357 1581 λαχόντα
1371 1547 1536 1578 προστατεῖν
1549 1554 1557 1562 ⁸
1572 1543 1611 1573 ὧν
1640 1546 1671 1573 τὸ
1697 1544 1769 1582 αἷμα

975 1592 1000 1618 εί
1020 1592 1094 1618 κατά
1102 1599 1129 1618 τι
1148 1591 1250 1627 ἀμιγὲς
1264 1592 1378 1626 γίνοιτο,
1389 1591 1422 1619 ὲκ
1437 1591 1492 1618 τῶν
1504 1592 1608 1628 χειρῶν
1621 1592 1705 1619 αὑτοῦ
1721 1593 1769 1619 ικ-

974 1636 1252 1673 ζητηθήσεταινκαθὰ
1268 1637 1587 1674 γέγραπται.Ἐπίστηθι
1606 1637 1654 1666 οὖν
1663 1639 1768 1672 λοιπὸν,

974 1680 997 1711 ὦ
1009 1683 1116 1715 τέκνον,
1131 1683 1278 1719 γρηγορῶν
1298 1685 1331 1719 τῇ
1363 1683 1546 1720 ποιμνιαρχίᾳ
1563 1692 1571 1700 ·
1601 1684 1677 1712 ἴασαι
1704 1685 1770 1716 τοὺς

974 1729 1174 1766 ἠσθενηκότας,
1191 1730 1342 1765 ἐπίστρεφε
1358 1731 1422 1762 τοὺς
1452 1731 1691 1766 πεπλανημένους,
1715 1740 1769 1758 πα-

976 1777 1101 1813 ρακάλει,
1114 1776 1249 1809 νουθέτει,
1270 1777 1466 1812 ὑπομίμνησκε
1479 1777 1530 1813 τὴν
1558 1777 1768 1814 ἐπηγγελμένην

975 1822 1115 1858 βασιλείαν
1128 1824 1186 1855 τοῖς
1199 1823 1378 1859 ὰγιοπρεπῶς
1393 1824 1599 1859 πορευομένοις,
1613 1825 1660 1851 καὶ
1672 1824 1704 1851 ἐκ
1718 1823 1768 1851 τοῦ

974 1867 1098 1894 ἐναντίου
1114 1867 1164 1902 τὴν
1179 1867 1360 1903 ἀτελεύτητον
1373 1868 1464 1904 κρίσιν
1474 1870 1532 1901 τοῖς
1546 1869 1681 1904 ἐμπαθῶς
1708 1870 1769 1896 δια-

974 1912 1059 1945 ζῶσιν
1072 1921 1082 1930 ⁸
1108 1914 1176 1941 Ἵνα
1188 1914 1283 1947 οὕτως
1295 1914 1346 1941 καὶ
1359 1915 1492 1942 σεαυτὸν
1507 1916 1623 1950 σώσῃς,
1639 1915 1769 1949 καὶτοὺς

974 1959 1143 1993 ἀκούοντὰς
1158 1967 1229 1987 σου.
1252 1959 1282 1986 '0
1296 1960 1425 1993 ἀγαπῶν,
1439 1961 1579 1995 ἐπιμελῶς
1592 1961 1715 1988 παιδεύει
1729 1969 1737 1977 ·
1753 1963 1770 1988 ό

974 2005 1003 2032 δὲ
1023 2005 1123 2040 μισῶν,
1138 2006 1170 2040 ὲᾷ
1184 2005 1343 2040 ἀδιαφορεῖν
1357 2006 1421 2037 τοὺς
1434 2006 1598 2042 ἑπομένους.
1622 2007 1704 2034 Ἀλλὰ
1719 2008 1769 2035 καί⁹

975 2051 1064 2087 ὑμεῖς,
1080 2051 1190 2086 ἀδελφοὶ
1210 2052 1258 2078 καὶ
1278 2051 1362 2078 τέκνα
1389 2052 1418 2078 ὲν
1443 2052 1549 2087 Κυρίῳ,
1577 2053 1617 2084 ὡς
1643 2054 1769 2089 πρόϐατα

975 2096 1082 2130 ἔσεσθε,
1097 2096 1239 2133 φιλοῦντες
1257 2097 1308 2129 τὰς
1331 2097 1443 2130 ἐντολὰς
1463 2097 1547 2125 αὐτοῦ
1577 2098 1744 2134 ἑργάζεσθαι
1757 2119 1767 2133 ,

975 2143 1023 2170 καὶ
1039 2143 1197 2178 μοναχικῶς
1209 2142 1441 2178 ἀναστρέφεσθαι,
1459 2144 1528 2170 ἀλλὰ
1560 2144 1597 2180 μὴ
1614 2145 1768 2181 κοσμικῶς,

975 2187 1006 2214 ἓν
1021 2187 1091 2214 ἔστω
1104 2188 1211 2222 θέλημα
1230 2188 1352 2220 πάντων,
1370 2188 1420 2223 μία
1435 2188 1545 2223 καρδία,
1563 2189 1612 2224 μία
1639 2189 1711 2226 ψυχὴ
1728 2192 1768 2226 μὴ

975 2233 1024 2260 καὶ
1039 2235 1070 2260 τὸ
1083 2234 1149 2269 ὲμδν
1160 2234 1190 2261 τδ
1208 2233 1266 2268 σὺν,
1281 2234 1373 2261 πάντα
1387 2234 1476 2267 κοινὰ,
1491 2235 1582 2262 πάντα
1594 2236 1704 2271 καθαρὰ
1722 2235 1770 2263 διὰ

975 2280 1026 2315 τῆς
1041 2279 1259 2315 ὲξαγορεύσεως.
1273 2280 1306 2307 El
1318 2280 1351 2307 δὲ
1363 2280 1400 2316 μὴ
1416 2280 1515 2315 οὕτως,
1546 2281 1594 2308 καὶ
1608 2282 1654 2309 τὸν
1669 2290 1770 2317 κοσμι-

974 2325 1023 2353 κδν
1047 2326 1223 2358 ἀπωλέσατε,
1251 2325 1299 2353 καὶ
1324 2326 1438 2362 μοναχοὶ
1462 2326 1499 2362 μὴ
1522 2327 1600 2359 ὄντες
1625 2327 1768 2362 ἀληθινοὶ,

975 2372 1101 2398 ὑπόδικοι
1111 2371 1262 2407 γενήσεσθε
1278 2372 1472 2408 κατακρίσεως
1485 2372 1605 2405 δικαίας.
1628 2374 1770 2408 Ἀγαπῶνι

975 2425 1023 2448 τες
1057 2416 1270 2452 ὑπεμνήσαμεν.
1306 2416 1402 2452 Ὑμεῖς
1434 2417 1463 2443 δὲ
1491 2415 1522 2444 εὖ
1547 2418 1687 2453 πράξοιτε,
1720 2419 1770 2446 καὶ

975 2462 1015 2499 τῷ
1029 2462 1090 2498 Θεῷ
1105 2463 1331 2499 εὖαρεστήσοιτε,
1360 2463 1504 2500 εὐχόμενοι
1530 2465 1579 2491 καὶ
1601 2465 1667 2501 περὶ
1687 2465 1774 2500 ἡμῶν

977 2509 1034 2537 τῶν
1047 2509 1232 2545 ἁμαρτωλῶν,
1251 2506 1290 2536 ὢν
1314 2510 1490 2546 διδάσκομεν,
1521 2510 1626 2538 τούτων
1651 2512 1769 2547 ἐργάται

980 2553 1052 2583 εἶναι
1064 2556 1093 2582 ὲν
1107 2553 1219 2590 Χριστῷ
1239 2554 1329 2590 Ἰησοῦ
1343 2555 1383 2591 τῷ
1394 2556 1489 2592 Κυρίῳ
1506 2556 1596 2593 ἡμῶν,
1615 2552 1638 2591 ᾧ
1651 2557 1668 2592 ἠ
1691 2552 1768 2590 δόξα.

984 2602 1082 2637 Ἀμήν.

1004 2661 1053 2687 ΡΔν
1064 2660 1114 2695 (1).
1128 2674 1163 2680 -
1177 2659 1363 2729 Ειρήηὲακιὲὶ
1592 2654 1737 2695 peratori-

1278 2702 1359 2729 σαις.
1370 2699 1468 2731 uxr-1
1624 2712 1631 2714 ~

591 2748 624 2773 L‘t
635 2750 660 2774 in
678 2752 764 2774 saneto
782 2749 839 2775 vita
849 2753 991 2778 monastica
1010 2751 1126 2777 instituto
1144 2755 1319 2784 perseverent.

169 2789 364 2818 Proflciseente
395 2789 481 2816 fratre
508 2796 716 2824 parmconomo,
743 2795 926 2826 opportunum

1015 2793 1217 2829 Εῑσερχομένου
1228 2792 1278 2820 τοῦ
1294 2792 1411 2828 ἀδελφοῦ
1425 2801 1474 2821 και
1498 2793 1710 2830 παροικονόμου,
1722 2793 1771 2822 alio

187 2845 209 2862 "
224 2845 325 2873 lerem.
339 2852 401 2879 vui,
416 2845 443 2872 4.
457 2845 479 2861 ¹⁸
493 2843 563 2872 Gell.
582 2852 619 2878 ιν,
646 2845 672 2873 6.
711 2845 732 2861 ιδ
745 2845 852 2874 Nahum
867 2854 910 2875 ιιι.
934 2861 936 2865 ι

1021 2849 1043 2866 ’³
1058 2849 1158 2880 Ezech.
1172 2858 1214 2886 ιιι,
1231 2850 1274 2879 l8.
1312 2850 1439 2879 I'l'l‘im.
1456 2858 1493 2885 IV,
1510 2849 1555 2878 ιο.
