  <div class='ocr_page' id='page_1' title='image "/cluster/home/n/w/nwhite01/storage/ocr_20150623/99/njp.32101010943858/752.png"; bbox 0 0 1912 3080; ppageno 0'>
   <div class='ocr_carea' id='block_1_1' title="bbox 127 165 197 200">
    <p class='ocr_par' dir='ltr' id='par_1_1' title="bbox 127 165 197 200">
     <span class='ocr_line' id='line_1_1' title="bbox 127 165 197 200; baseline 0.029 -2"><span class='ocrx_word' id='word_1_1' title='bbox 127 165 197 200; x_wconf 72' lang='lat'><strong>1361</strong></span> 
     </span>
    </p>
   </div>
   <div class='ocr_carea' id='block_1_2' title="bbox 734 161 1152 192">
    <p class='ocr_par' dir='ltr' id='par_1_2' title="bbox 734 161 1152 192">
     <span class='ocr_line' id='line_1_2' title="bbox 734 161 1152 192; baseline -0.002 0"><span class='ocrx_word' id='word_1_2' title='bbox 734 161 1004 192; x_wconf 73' lang='lat' dir='ltr'><strong>EPISTULARUM</strong></span> <span class='ocrx_word' id='word_1_3' title='bbox 1019 161 1093 192; x_wconf 85' lang='lat' dir='ltr'><strong>LIB.</strong></span> <span class='ocrx_word' id='word_1_4' title='bbox 1112 162 1152 192; x_wconf 87' lang='lat' dir='ltr'><strong>II.</strong></span> 
     </span>
    </p>
   </div>
   <div class='ocr_carea' id='block_1_3' title="bbox 1681 134 1770 195">
    <p class='ocr_par' dir='ltr' id='par_1_3' title="bbox 1681 134 1770 195">
     <span class='ocr_line' id='line_1_3' title="bbox 1681 134 1770 195; baseline 0.09 -7"><span class='ocrx_word' id='word_1_5' title='bbox 1681 134 1770 195; x_wconf 60' lang='grc' dir='ltr'>,οδε</span> 
     </span>
    </p>
   </div>
   <div class='ocr_carea' id='block_1_4' title="bbox 122 218 916 259">
    <p class='ocr_par' dir='ltr' id='par_1_4' title="bbox 122 218 916 259">
     <span class='ocr_line' id='line_1_4' title="bbox 122 218 916 259; baseline -0.008 -8"><span class='ocrx_word' id='word_1_6' title='bbox 122 231 222 259; x_wconf 77' lang='grc' dir='ltr'>καιρον</span> <span class='ocrx_word' id='word_1_7' title='bbox 245 221 412 258; x_wconf 69' lang='grc' dir='ltr'>ἡγησάμεθα</span> <span class='ocrx_word' id='word_1_8' title='bbox 424 220 544 258; x_wconf 76' lang='grc' dir='ltr'><strong>χαράξαι</strong></span> <span class='ocrx_word' id='word_1_9' title='bbox 556 221 622 257; x_wconf 78' lang='grc' dir='ltr'>ὑμῖν</span> <span class='ocrx_word' id='word_1_10' title='bbox 637 219 769 256; x_wconf 80' lang='grc' dir='ltr'>βραχεῖαν</span> <span class='ocrx_word' id='word_1_11' title='bbox 778 218 916 254; x_wconf 77' lang='grc' dir='ltr'>συλλαϐὴν</span> 
     </span>
    </p>
   </div>
   <div class='ocr_carea' id='block_1_5' title="bbox 973 218 1767 259">
    <p class='ocr_par' dir='ltr' id='par_1_5' title="bbox 973 219 1767 256">
     <span class='ocr_line' id='line_1_5' title="bbox 973 219 1767 256; baseline 0.003 -10"><span class='ocrx_word' id='word_1_12' title='bbox 973 219 1100 246; x_wconf 69' lang='lat' dir='ltr'><strong>duximus</strong></span> <span class='ocrx_word' id='word_1_13' title='bbox 1111 219 1221 246; x_wconf 81' lang='lat' dir='ltr'><strong>brevem</strong></span> <span class='ocrx_word' id='word_1_14' title='bbox 1237 219 1272 246; x_wconf 78' lang='lat' dir='ltr'><strong>ad</strong></span> <span class='ocrx_word' id='word_1_15' title='bbox 1282 227 1342 251; x_wconf 80' lang='lat' dir='ltr'><strong>ros,</strong></span> <span class='ocrx_word' id='word_1_16' title='bbox 1359 219 1386 247; x_wconf 89' lang='lat' dir='ltr'><strong>in</strong></span> <span class='ocrx_word' id='word_1_17' title='bbox 1400 220 1517 247; x_wconf 84' lang='lat' dir='ltr'><strong>Domino</strong></span> <span class='ocrx_word' id='word_1_18' title='bbox 1532 227 1642 249; x_wconf 75' lang='lat' dir='ltr'><strong>sorores</strong></span> <span class='ocrx_word' id='word_1_19' title='bbox 1665 221 1767 256; x_wconf 70' lang='lat' dir='ltr'><strong>episto~</strong></span> 
     </span>
    </p>
   </div>
   <div class='ocr_carea' id='block_1_6' title="bbox 122 266 915 304">
    <p class='ocr_par' dir='ltr' id='par_1_6' title="bbox 122 266 915 304">
     <span class='ocr_line' id='line_1_6' title="bbox 122 266 915 304; baseline -0.005 -8"><span class='ocrx_word' id='word_1_20' title='bbox 122 270 185 300; x_wconf 79' lang='grc' dir='ltr'>’ταῖς</span> <span class='ocrx_word' id='word_1_21' title='bbox 213 269 288 296; x_wconf 83' lang='grc' dir='ltr'>κατὰ</span> <span class='ocrx_word' id='word_1_22' title='bbox 312 268 416 304; x_wconf 79' lang='grc' dir='ltr'><strong>Κύριον</strong></span> <span class='ocrx_word' id='word_1_23' title='bbox 445 268 586 303; x_wconf 84' lang='grc' dir='ltr'>ἀδελφαῖς.</span> <span class='ocrx_word' id='word_1_24' title='bbox 609 266 665 293; x_wconf 76' lang='grc' dir='ltr'><strong>Καὶ</strong></span> <span class='ocrx_word' id='word_1_25' title='bbox 692 266 726 302; x_wconf 83' lang='grc' dir='ltr'><strong>δὴ</strong></span> <span class='ocrx_word' id='word_1_26' title='bbox 753 266 915 302; x_wconf 76' lang='grc' dir='ltr'><strong>ἐρωτῶμεν,</strong></span> 
     </span>
    </p>
   </div>
   <div class='ocr_carea' id='block_1_7' title="bbox 123 312 915 350">
    <p class='ocr_par' dir='ltr' id='par_1_7' title="bbox 123 312 915 350">
     <span class='ocr_line' id='line_1_7' title="bbox 123 312 915 350; baseline -0.004 -8"><span class='ocrx_word' id='word_1_27' title='bbox 123 315 183 347; x_wconf 80' lang='grc' dir='ltr'><strong>πῶς</strong></span> <span class='ocrx_word' id='word_1_28' title='bbox 204 315 293 350; x_wconf 72' lang='grc' dir='ltr'><strong>ἔχειὴ</strong></span> <span class='ocrx_word' id='word_1_29' title='bbox 319 314 386 350; x_wconf 80' lang='grc' dir='ltr'>ἁγία</span> <span class='ocrx_word' id='word_1_30' title='bbox 398 314 465 346; x_wconf 76' lang='grc' dir='ltr'>δυὰς</span> <span class='ocrx_word' id='word_1_31' title='bbox 490 314 578 349; x_wconf 79' lang='grc' dir='ltr'>ὑμῶν,</span> <span class='ocrx_word' id='word_1_32' title='bbox 618 313 647 340; x_wconf 81' lang='grc' dir='ltr'>αι</span> <span class='ocrx_word' id='word_1_33' title='bbox 673 313 761 340; x_wconf 84' lang='grc' dir='ltr'>πᾶσαι</span> <span class='ocrx_word' id='word_1_34' title='bbox 789 312 915 347; x_wconf 53' lang='grc' dir='ltr'>ἀδελφαῇ</span> 
     </span>
    </p>
   </div>
   <div class='ocr_carea' id='block_1_8' title="bbox 130 358 917 395">
    <p class='ocr_par' dir='ltr' id='par_1_8' title="bbox 130 358 917 395">
     <span class='ocr_line' id='line_1_8' title="bbox 130 358 917 395; baseline -0.001 -8"><span class='ocrx_word' id='word_1_35' title='bbox 130 361 227 395; x_wconf 77' lang='grc' dir='ltr'>Ὁρᾶτε</span> <span class='ocrx_word' id='word_1_36' title='bbox 243 360 313 392; x_wconf 77' lang='grc' dir='ltr'>πῶς,</span> <span class='ocrx_word' id='word_1_37' title='bbox 329 360 377 388; x_wconf 81' lang='grc' dir='ltr'>καὶ</span> <span class='ocrx_word' id='word_1_38' title='bbox 390 360 440 386; x_wconf 78' lang='grc' dir='ltr'>οὐκ</span> <span class='ocrx_word' id='word_1_39' title='bbox 460 359 555 391; x_wconf 78' lang='grc' dir='ltr'>ἄλλαις</span> <span class='ocrx_word' id='word_1_40' title='bbox 570 358 698 394; x_wconf 78' lang='grc' dir='ltr'><strong>ἀδελφαῖς</strong></span> <span class='ocrx_word' id='word_1_41' title='bbox 708 380 716 392; x_wconf 90' lang='grc'><strong>,</strong></span> <span class='ocrx_word' id='word_1_42' title='bbox 735 359 802 394; x_wconf 76' lang='grc' dir='ltr'>ὑμῖν</span> <span class='ocrx_word' id='word_1_43' title='bbox 830 367 917 395; x_wconf 83' lang='grc' dir='ltr'>προσ-</span> 
     </span>
    </p>
   </div>
   <div class='ocr_carea' id='block_1_9' title="bbox 122 403 918 440">
    <p class='ocr_par' dir='ltr' id='par_1_9' title="bbox 122 403 918 440">
     <span class='ocr_line' id='line_1_9' title="bbox 122 403 918 440; baseline -0.001 -8"><span class='ocrx_word' id='word_1_44' title='bbox 122 405 247 440; x_wconf 73' lang='grc' dir='ltr'><strong>κείμενοι</strong></span> <span class='ocrx_word' id='word_1_45' title='bbox 264 406 337 432; x_wconf 80' lang='grc' dir='ltr'>κατὰ</span> <span class='ocrx_word' id='word_1_46' title='bbox 353 405 419 432; x_wconf 74' lang='grc' dir='ltr'>Θεὸν</span> <span class='ocrx_word' id='word_1_47' title='bbox 434 405 582 440; x_wconf 74' lang='grc' dir='ltr'><strong>ἐρωτῶμεν</strong></span> <span class='ocrx_word' id='word_1_48' title='bbox 595 405 642 432; x_wconf 78' lang='grc' dir='ltr'><strong>καὶ</strong></span> <span class='ocrx_word' id='word_1_49' title='bbox 658 404 856 440; x_wconf 68' lang='grc' dir='ltr'><strong>διαλεγόμεθα·</strong></span> <span class='ocrx_word' id='word_1_50' title='bbox 870 403 918 431; x_wconf 68' lang='grc' dir='ltr'><strong>καὶ¹</strong></span> 
     </span>
    </p>
   </div>
   <div class='ocr_carea' id='block_1_10' title="bbox 123 446 919 486">
    <p class='ocr_par' dir='ltr' id='par_1_10' title="bbox 123 446 919 486">
     <span class='ocr_line' id='line_1_10' title="bbox 123 446 919 486; baseline 0.001 -11"><span class='ocrx_word' id='word_1_51' title='bbox 123 449 249 481; x_wconf 76' lang='grc' dir='ltr'>εἰκότως·</span> <span class='ocrx_word' id='word_1_52' title='bbox 268 446 299 476; x_wconf 76' lang='grc' dir='ltr'><strong>οὗ</strong></span> <span class='ocrx_word' id='word_1_53' title='bbox 314 450 368 486; x_wconf 83' lang='grc' dir='ltr'><strong>γὰρ</strong></span> <span class='ocrx_word' id='word_1_54' title='bbox 384 449 488 482; x_wconf 85' lang='grc' dir='ltr'>πίστις,</span> <span class='ocrx_word' id='word_1_55' title='bbox 505 450 565 476; x_wconf 74' lang='grc' dir='ltr'>ἐκεῖ</span> <span class='ocrx_word' id='word_1_56' title='bbox 576 450 624 476; x_wconf 81' lang='grc' dir='ltr'>καὶ</span> <span class='ocrx_word' id='word_1_57' title='bbox 638 449 731 481; x_wconf 85' lang='grc' dir='ltr'>πόθος.</span> <span class='ocrx_word' id='word_1_58' title='bbox 760 449 848 477; x_wconf 67' lang='grc' dir='ltr'>ἕλκων</span> <span class='ocrx_word' id='word_1_59' title='bbox 870 449 919 477; x_wconf 76' lang='grc' dir='ltr'>καὶ</span> 
     </span>
    </p>
   </div>
   <div class='ocr_carea' id='block_1_11' title="bbox 122 491 918 531">
    <p class='ocr_par' dir='ltr' id='par_1_11' title="bbox 122 491 918 531">
     <span class='ocr_line' id='line_1_11' title="bbox 122 491 918 531; baseline 0.001 -9"><span class='ocrx_word' id='word_1_60' title='bbox 122 495 322 530; x_wconf 80' lang='grc' dir='ltr'><strong>ἀνθελκόμενος</strong></span> <span class='ocrx_word' id='word_1_61' title='bbox 337 495 382 522; x_wconf 85' lang='grc' dir='ltr'>διὰ</span> <span class='ocrx_word' id='word_1_62' title='bbox 402 494 563 531; x_wconf 77' lang='grc' dir='ltr'>Πνεύματος</span> <span class='ocrx_word' id='word_1_63' title='bbox 578 494 658 529; x_wconf 77' lang='grc' dir='ltr'>ἁγίου</span> <span class='ocrx_word' id='word_1_64' title='bbox 671 503 680 512; x_wconf 87' lang='grc'><strong>·</strong></span> <span class='ocrx_word' id='word_1_65' title='bbox 703 491 734 522; x_wconf 84' lang='grc' dir='ltr'>οῦ</span> <span class='ocrx_word' id='word_1_66' title='bbox 763 495 792 521; x_wconf 78' lang='grc' dir='ltr'><strong>δὲ</strong></span> <span class='ocrx_word' id='word_1_67' title='bbox 818 495 918 530; x_wconf 87' lang='grc' dir='ltr'>ταῦτα,</span> 
     </span>
    </p>
   </div>
   <div class='ocr_carea' id='block_1_12' title="bbox 121 540 920 578">
    <p class='ocr_par' dir='ltr' id='par_1_12' title="bbox 121 540 920 578">
     <span class='ocr_line' id='line_1_12' title="bbox 121 540 920 578; baseline 0.001 -10"><span class='ocrx_word' id='word_1_68' title='bbox 121 541 183 568; x_wconf 80' lang='grc' dir='ltr'>ἐκεῖ</span> <span class='ocrx_word' id='word_1_69' title='bbox 203 542 251 568; x_wconf 82' lang='grc' dir='ltr'>καὶ</span> <span class='ocrx_word' id='word_1_70' title='bbox 267 542 378 578; x_wconf 77' lang='grc' dir='ltr'>φροντὶς</span> <span class='ocrx_word' id='word_1_71' title='bbox 397 540 536 576; x_wconf 87' lang='grc' dir='ltr'>σώματος.</span> <span class='ocrx_word' id='word_1_72' title='bbox 551 540 600 567; x_wconf 84' lang='grc' dir='ltr'>Διὰ</span> <span class='ocrx_word' id='word_1_73' title='bbox 613 541 694 568; x_wconf 87' lang='grc' dir='ltr'>τοῦτο</span> <span class='ocrx_word' id='word_1_74' title='bbox 706 540 852 577; x_wconf 79' lang='grc' dir='ltr'><strong>γράφομεν</strong></span> <span class='ocrx_word' id='word_1_75' title='bbox 866 550 920 569; x_wconf 87' lang='grc' dir='ltr'>πα-</span> 
     </span>
    </p>
   </div>
   <div class='ocr_carea' id='block_1_13' title="bbox 122 587 920 624">
    <p class='ocr_par' dir='ltr' id='par_1_13' title="bbox 122 587 920 624">
     <span class='ocr_line' id='line_1_13' title="bbox 122 587 920 624; baseline 0.003 -12"><span class='ocrx_word' id='word_1_76' title='bbox 122 587 311 622; x_wconf 83' lang='grc' dir='ltr'>ρακαλοῦντες</span> <span class='ocrx_word' id='word_1_77' title='bbox 327 587 397 623; x_wconf 82' lang='grc' dir='ltr'><strong>ὑπὲρ</strong></span> <span class='ocrx_word' id='word_1_78' title='bbox 409 587 530 623; x_wconf 79' lang='grc' dir='ltr'><strong>Χριστοῦ</strong></span> <span class='ocrx_word' id='word_1_79' title='bbox 541 587 566 614; x_wconf 83' lang='grc' dir='ltr'><strong>οι</strong></span> <span class='ocrx_word' id='word_1_80' title='bbox 579 587 685 620; x_wconf 75' lang='grc' dir='ltr'>ἀνάξιοι</span> <span class='ocrx_word' id='word_1_81' title='bbox 699 607 708 621; x_wconf 89' lang='grc'><strong>,</strong></span> <span class='ocrx_word' id='word_1_82' title='bbox 720 587 831 623; x_wconf 77' lang='grc' dir='ltr'>ἔχεσθαι</span> <span class='ocrx_word' id='word_1_83' title='bbox 844 588 920 624; x_wconf 76' lang='grc' dir='ltr'>ἡμᾶς</span> 
     </span>
    </p>
   </div>
   <div class='ocr_carea' id='block_1_14' title="bbox 121 630 920 669">
    <p class='ocr_par' dir='ltr' id='par_1_14' title="bbox 121 630 920 669">
     <span class='ocr_line' id='line_1_14' title="bbox 121 630 920 669; baseline 0.001 -10"><span class='ocrx_word' id='word_1_84' title='bbox 121 633 171 668; x_wconf 84' lang='grc' dir='ltr'>τῆς</span> <span class='ocrx_word' id='word_1_85' title='bbox 182 634 270 669; x_wconf 76' lang='grc' dir='ltr'>καλῆς</span> <span class='ocrx_word' id='word_1_86' title='bbox 284 633 443 669; x_wconf 79' lang='grc' dir='ltr'><strong>ὁμολογίας,</strong></span> <span class='ocrx_word' id='word_1_87' title='bbox 454 630 488 669; x_wconf 82' lang='grc' dir='ltr'>ἧς</span> <span class='ocrx_word' id='word_1_88' title='bbox 499 634 718 669; x_wconf 81' lang='grc' dir='ltr'><strong>ὡμολογήσαμεν</strong></span> <span class='ocrx_word' id='word_1_89' title='bbox 739 634 860 666; x_wconf 77' lang='grc' dir='ltr'>ἅπαντες</span> <span class='ocrx_word' id='word_1_90' title='bbox 876 635 920 660; x_wconf 61' lang='grc' dir='ltr'><strong>ἐν.</strong></span> 
     </span>
    </p>
   </div>
   <div class='ocr_carea' id='block_1_15' title="bbox 121 679 920 716">
    <p class='ocr_par' dir='ltr' id='par_1_15' title="bbox 121 679 920 716">
     <span class='ocr_line' id='line_1_15' title="bbox 121 679 920 716; baseline -0.003 -8"><span class='ocrx_word' id='word_1_91' title='bbox 121 682 207 708; x_wconf 88' lang='grc' dir='ltr'>ὡπιον</span> <span class='ocrx_word' id='word_1_92' title='bbox 212 680 279 707; x_wconf 82' lang='grc' dir='ltr'><strong>Θεοῦ</strong></span> <span class='ocrx_word' id='word_1_93' title='bbox 291 680 400 707; x_wconf 78' lang='grc' dir='ltr'>καὶτῶν</span> <span class='ocrx_word' id='word_1_94' title='bbox 407 679 544 706; x_wconf 77' lang='grc' dir='ltr'><strong>ἐκλεκτῶν</strong></span> <span class='ocrx_word' id='word_1_95' title='bbox 550 679 686 714; x_wconf 62' lang='grc' dir='ltr'>ἀγγέλων</span> <span class='ocrx_word' id='word_1_96' title='bbox 693 679 776 715; x_wconf 76' lang='grc' dir='ltr'>ζῆσαι</span> <span class='ocrx_word' id='word_1_97' title='bbox 789 681 818 706; x_wconf 73' lang='grc' dir='ltr'>ὲν</span> <span class='ocrx_word' id='word_1_98' title='bbox 825 680 920 716; x_wconf 85' lang='grc' dir='ltr'>Κυρίῳ</span> 
     </span>
    </p>
   </div>
   <div class='ocr_carea' id='block_1_16' title="bbox 121 726 921 763">
    <p class='ocr_par' dir='ltr' id='par_1_16' title="bbox 121 726 921 763">
     <span class='ocr_line' id='line_1_16' title="bbox 121 726 921 763; baseline 0 -9"><span class='ocrx_word' id='word_1_99' title='bbox 121 729 152 754; x_wconf 80' lang='grc' dir='ltr'>ἐν</span> <span class='ocrx_word' id='word_1_100' title='bbox 166 729 201 763; x_wconf 82' lang='grc' dir='ltr'><strong>τῇ</strong></span> <span class='ocrx_word' id='word_1_101' title='bbox 214 727 346 755; x_wconf 82' lang='grc' dir='ltr'><strong>ἀποθέσει</strong></span> <span class='ocrx_word' id='word_1_102' title='bbox 362 726 410 753; x_wconf 84' lang='grc' dir='ltr'><strong>τοῦ</strong></span> <span class='ocrx_word' id='word_1_103' title='bbox 430 726 563 762; x_wconf 78' lang='grc' dir='ltr'>σαρκικοῦ</span> <span class='ocrx_word' id='word_1_104' title='bbox 576 727 751 762; x_wconf 86' lang='grc' dir='ltr'>φρονήματος</span> <span class='ocrx_word' id='word_1_105' title='bbox 760 734 767 742; x_wconf 91' lang='grc'><strong>·</strong></span> <span class='ocrx_word' id='word_1_106' title='bbox 779 727 849 763; x_wconf 79' lang='grc' dir='ltr'>ὅπερ</span> <span class='ocrx_word' id='word_1_107' title='bbox 861 727 921 754; x_wconf 72' lang='grc' dir='ltr'>ἐστὶ</span> 
     </span>
    </p>
   </div>
   <div class='ocr_carea' id='block_1_17' title="bbox 120 771 920 810">
    <p class='ocr_par' dir='ltr' id='par_1_17' title="bbox 120 771 920 810">
     <span class='ocr_line' id='line_1_17' title="bbox 120 771 920 810; baseline -0.004 -9"><span class='ocrx_word' id='word_1_108' title='bbox 120 776 152 801; x_wconf 81' lang='grc' dir='ltr'>τὸ</span> <span class='ocrx_word' id='word_1_109' title='bbox 169 775 288 810; x_wconf 77' lang='grc' dir='ltr'>ῥαγῆναι</span> <span class='ocrx_word' id='word_1_110' title='bbox 301 772 356 799; x_wconf 82' lang='grc' dir='ltr'>τῶν</span> <span class='ocrx_word' id='word_1_111' title='bbox 368 771 477 808; x_wconf 82' lang='grc' dir='ltr'>δεσμῶν</span> <span class='ocrx_word' id='word_1_112' title='bbox 489 773 540 807; x_wconf 83' lang='grc' dir='ltr'>τῆς</span> <span class='ocrx_word' id='word_1_113' title='bbox 562 772 754 808; x_wconf 71' lang='grc' dir='ltr'>προσπαθείας</span> <span class='ocrx_word' id='word_1_114' title='bbox 782 771 831 799; x_wconf 86' lang='grc' dir='ltr'><strong>τοῦ</strong></span> <span class='ocrx_word' id='word_1_115' title='bbox 857 772 920 808; x_wconf 78' lang='grc' dir='ltr'>τῇδε</span> 
     </span>
    </p>
   </div>
   <div class='ocr_carea' id='block_1_18' title="bbox 121 818 921 854">
    <p class='ocr_par' dir='ltr' id='par_1_18' title="bbox 121 818 921 854">
     <span class='ocr_line' id='line_1_18' title="bbox 121 818 921 854; baseline -0.004 -7"><span class='ocrx_word' id='word_1_116' title='bbox 121 820 232 853; x_wconf 77' lang='grc' dir='ltr'>αίῶνος,</span> <span class='ocrx_word' id='word_1_117' title='bbox 254 819 302 846; x_wconf 73' lang='grc' dir='ltr'><strong>καὶ</strong></span> <span class='ocrx_word' id='word_1_118' title='bbox 320 818 391 854; x_wconf 84' lang='grc' dir='ltr'>μετὰ</span> <span class='ocrx_word' id='word_1_119' title='bbox 403 818 470 845; x_wconf 82' lang='grc' dir='ltr'><strong>Θεοῦ</strong></span> <span class='ocrx_word' id='word_1_120' title='bbox 495 818 634 852; x_wconf 82' lang='grc' dir='ltr'>γενέσθαι,</span> <span class='ocrx_word' id='word_1_121' title='bbox 658 818 689 845; x_wconf 82' lang='grc' dir='ltr'>ὃν</span> <span class='ocrx_word' id='word_1_122' title='bbox 708 818 756 845; x_wconf 77' lang='grc' dir='ltr'>καὶ</span> <span class='ocrx_word' id='word_1_123' title='bbox 774 818 921 853; x_wconf 76' lang='grc' dir='ltr'>ἠγαπήσα-</span> 
     </span>
    </p>
   </div>
   <div class='ocr_carea' id='block_1_19' title="bbox 121 860 920 902">
    <p class='ocr_par' dir='ltr' id='par_1_19' title="bbox 121 860 920 902">
     <span class='ocr_line' id='line_1_19' title="bbox 121 860 920 902; baseline -0.004 -9"><span class='ocrx_word' id='word_1_124' title='bbox 121 875 186 902; x_wconf 84' lang='grc' dir='ltr'>μεν,</span> <span class='ocrx_word' id='word_1_125' title='bbox 198 862 221 899; x_wconf 83' lang='grc' dir='ltr'><strong>ᾧ</strong></span> <span class='ocrx_word' id='word_1_126' title='bbox 236 865 284 892; x_wconf 72' lang='grc' dir='ltr'>καὶ</span> <span class='ocrx_word' id='word_1_127' title='bbox 297 864 520 900; x_wconf 79' lang='grc' dir='ltr'>ἐνυμφεύθημεν,</span> <span class='ocrx_word' id='word_1_128' title='bbox 538 864 597 900; x_wconf 85' lang='grc' dir='ltr'>μεθ’</span> <span class='ocrx_word' id='word_1_129' title='bbox 612 860 645 892; x_wconf 79' lang='grc' dir='ltr'>οὗ</span> <span class='ocrx_word' id='word_1_130' title='bbox 671 864 719 891; x_wconf 77' lang='grc' dir='ltr'><strong>καὶ</strong></span> <span class='ocrx_word' id='word_1_131' title='bbox 750 864 920 900; x_wconf 85' lang='grc' dir='ltr'>συνεσόμεθα</span> 
     </span>
    </p>
   </div>
   <div class='ocr_carea' id='block_1_20' title="bbox 120 910 920 947">
    <p class='ocr_par' dir='ltr' id='par_1_20' title="bbox 120 910 920 947">
     <span class='ocr_line' id='line_1_20' title="bbox 120 910 920 947; baseline 0 -10"><span class='ocrx_word' id='word_1_132' title='bbox 120 910 218 938; x_wconf 80' lang='grc' dir='ltr'>είσαεί.</span> <span class='ocrx_word' id='word_1_133' title='bbox 230 910 332 937; x_wconf 86' lang='grc' dir='ltr'>Τοῦτον</span> <span class='ocrx_word' id='word_1_134' title='bbox 349 910 550 945; x_wconf 82' lang='grc' dir='ltr'>ὲρωτευὼμεθα</span> <span class='ocrx_word' id='word_1_135' title='bbox 564 910 610 937; x_wconf 80' lang='grc' dir='ltr'>τὸν</span> <span class='ocrx_word' id='word_1_136' title='bbox 622 910 751 944; x_wconf 80' lang='grc' dir='ltr'>ἀληθινὸν</span> <span class='ocrx_word' id='word_1_137' title='bbox 757 910 859 947; x_wconf 76' lang='grc' dir='ltr'>ἔρωτα,</span> <span class='ocrx_word' id='word_1_138' title='bbox 873 910 920 938; x_wconf 70' lang='grc' dir='ltr'><strong>τὸν</strong></span> 
     </span>
    </p>
   </div>
   <div class='ocr_carea' id='block_1_21' title="bbox 119 955 920 992">
    <p class='ocr_par' dir='ltr' id='par_1_21' title="bbox 119 955 920 992">
     <span class='ocr_line' id='line_1_21' title="bbox 119 955 920 992; baseline -0.001 -9"><span class='ocrx_word' id='word_1_139' title='bbox 119 955 270 992; x_wconf 71' lang='grc' dir='ltr'>ἀπρόσιτον</span> <span class='ocrx_word' id='word_1_140' title='bbox 283 955 376 988; x_wconf 83' lang='grc' dir='ltr'>πόθον,</span> <span class='ocrx_word' id='word_1_141' title='bbox 391 955 439 982; x_wconf 78' lang='grc' dir='ltr'>τὸν</span> <span class='ocrx_word' id='word_1_142' title='bbox 455 955 535 990; x_wconf 86' lang='grc' dir='ltr'>μόνον</span> <span class='ocrx_word' id='word_1_143' title='bbox 563 955 705 991; x_wconf 83' lang='grc' dir='ltr'>Δεσπότην</span> <span class='ocrx_word' id='word_1_144' title='bbox 726 955 844 991; x_wconf 80' lang='grc' dir='ltr'>οὐρανοῦ</span> <span class='ocrx_word' id='word_1_145' title='bbox 872 955 920 982; x_wconf 70' lang='grc' dir='ltr'>καὶ</span> 
     </span>
    </p>
   </div>
   <div class='ocr_carea' id='block_1_22' title="bbox 119 998 919 1037">
    <p class='ocr_par' dir='ltr' id='par_1_22' title="bbox 119 998 919 1037">
     <span class='ocr_line' id='line_1_22' title="bbox 119 998 919 1037; baseline 0.001 -10"><span class='ocrx_word' id='word_1_146' title='bbox 119 1001 183 1036; x_wconf 75' lang='grc' dir='ltr'>γῆς.</span> <span class='ocrx_word' id='word_1_147' title='bbox 209 998 247 1028; x_wconf 61' lang='lat' dir='ltr'><strong>Ub</strong></span> <span class='ocrx_word' id='word_1_148' title='bbox 263 1002 280 1036; x_wconf 86' lang='grc' dir='ltr'>ἡ</span> <span class='ocrx_word' id='word_1_149' title='bbox 295 1000 365 1036; x_wconf 74' lang='grc' dir='ltr'>πρὸς</span> <span class='ocrx_word' id='word_1_150' title='bbox 377 1001 540 1037; x_wconf 78' lang='grc' dir='ltr'><strong>ἀνθρώπους</strong></span> <span class='ocrx_word' id='word_1_151' title='bbox 554 1001 696 1037; x_wconf 79' lang='grc' dir='ltr'><strong>ἀγάπησις</strong></span> <span class='ocrx_word' id='word_1_152' title='bbox 722 1001 854 1037; x_wconf 77' lang='grc' dir='ltr'>τοσαύτη,</span> <span class='ocrx_word' id='word_1_153' title='bbox 881 1001 919 1033; x_wconf 83' lang='grc' dir='ltr'>ὡς</span> 
     </span>
    </p>
   </div>
   <div class='ocr_carea' id='block_1_23' title="bbox 118 1047 919 1083">
    <p class='ocr_par' dir='ltr' id='par_1_23' title="bbox 118 1047 919 1083">
     <span class='ocr_line' id='line_1_23' title="bbox 118 1047 919 1083; baseline 0 -9"><span class='ocrx_word' id='word_1_154' title='bbox 118 1047 215 1074; x_wconf 70' lang='grc' dir='ltr'>δούλου</span> <span class='ocrx_word' id='word_1_155' title='bbox 237 1047 344 1083; x_wconf 79' lang='grc' dir='ltr'>μορφὴν</span> <span class='ocrx_word' id='word_1_156' title='bbox 362 1047 445 1073; x_wconf 76' lang='grc' dir='ltr'>αὑτὸν</span> <span class='ocrx_word' id='word_1_157' title='bbox 459 1047 616 1080; x_wconf 76' lang='grc' dir='ltr'>ἀναλαϐεῖν,</span> <span class='ocrx_word' id='word_1_158' title='bbox 639 1049 679 1080; x_wconf 81' lang='grc' dir='ltr'><strong>εἰς</strong></span> <span class='ocrx_word' id='word_1_159' title='bbox 698 1047 730 1075; x_wconf 79' lang='grc' dir='ltr'><strong>τὺ</strong></span> <span class='ocrx_word' id='word_1_160' title='bbox 744 1047 919 1083; x_wconf 70' lang='grc' dir='ltr'>ἀνακαλέσα-</span> 
     </span>
    </p>
   </div>
   <div class='ocr_carea' id='block_1_24' title="bbox 120 1093 917 1130">
    <p class='ocr_par' dir='ltr' id='par_1_24' title="bbox 120 1093 917 1130">
     <span class='ocr_line' id='line_1_24' title="bbox 120 1093 917 1130; baseline 0 -9"><span class='ocrx_word' id='word_1_161' title='bbox 120 1094 185 1121; x_wconf 75' lang='grc' dir='ltr'>σθαι</span> <span class='ocrx_word' id='word_1_162' title='bbox 206 1095 282 1129; x_wconf 78' lang='grc' dir='ltr'>ἡμᾶς</span> <span class='ocrx_word' id='word_1_163' title='bbox 302 1094 354 1128; x_wconf 83' lang='grc' dir='ltr'>τῆς</span> <span class='ocrx_word' id='word_1_164' title='bbox 379 1093 494 1129; x_wconf 73' lang='grc' dir='ltr'>φθορᾶς,</span> <span class='ocrx_word' id='word_1_165' title='bbox 521 1094 568 1121; x_wconf 70' lang='grc' dir='ltr'>καὶ</span> <span class='ocrx_word' id='word_1_166' title='bbox 588 1093 667 1125; x_wconf 83' lang='grc' dir='ltr'>θεοὺς</span> <span class='ocrx_word' id='word_1_167' title='bbox 694 1094 917 1130; x_wconf 76' lang='grc' dir='ltr'>ἀπεργάσασθαι.</span> 
     </span>
    </p>
   </div>
   <div class='ocr_carea' id='block_1_25' title="bbox 125 1138 919 1173">
    <p class='ocr_par' dir='ltr' id='par_1_25' title="bbox 125 1138 919 1173">
     <span class='ocr_line' id='line_1_25' title="bbox 125 1138 919 1173; baseline 0.001 -9"><span class='ocrx_word' id='word_1_168' title='bbox 125 1139 172 1170; x_wconf 84' lang='grc' dir='ltr'>Ὠς</span> <span class='ocrx_word' id='word_1_169' title='bbox 200 1138 318 1173; x_wconf 79' lang='grc' dir='ltr'>μεγίστη</span> <span class='ocrx_word' id='word_1_170' title='bbox 338 1140 354 1172; x_wconf 81' lang='grc' dir='ltr'><strong>ἡ</strong></span> <span class='ocrx_word' id='word_1_171' title='bbox 372 1138 536 1173; x_wconf 72' lang='grc' dir='ltr'>ἐπαγγελία.</span> <span class='ocrx_word' id='word_1_172' title='bbox 563 1139 607 1170; x_wconf 88' lang='grc' dir='ltr'><strong>Ὠς</strong></span> <span class='ocrx_word' id='word_1_173' title='bbox 627 1139 746 1171; x_wconf 81' lang='grc' dir='ltr'>ἐξαίσιον</span> <span class='ocrx_word' id='word_1_174' title='bbox 765 1139 796 1166; x_wconf 82' lang='grc' dir='ltr'>τὸ</span> <span class='ocrx_word' id='word_1_175' title='bbox 821 1139 851 1165; x_wconf 70' lang='grc' dir='ltr'>ἐν</span> <span class='ocrx_word' id='word_1_176' title='bbox 873 1139 919 1165; x_wconf 62' lang='grc' dir='ltr'><strong>οὐκ</strong></span> 
     </span>
    </p>
   </div>
   <div class='ocr_carea' id='block_1_26' title="bbox 122 1183 920 1220">
    <p class='ocr_par' dir='ltr' id='par_1_26' title="bbox 122 1183 920 1220">
     <span class='ocr_line' id='line_1_26' title="bbox 122 1183 920 1220; baseline 0.003 -10"><span class='ocrx_word' id='word_1_177' title='bbox 122 1185 216 1220; x_wconf 79' lang='grc' dir='ltr'>ρανοῖς</span> <span class='ocrx_word' id='word_1_178' title='bbox 230 1183 400 1219; x_wconf 78' lang='grc' dir='ltr'>ἀπάντημαί</span> <span class='ocrx_word' id='word_1_179' title='bbox 422 1183 503 1211; x_wconf 77' lang='grc' dir='ltr'>Ἐκεῖ</span> <span class='ocrx_word' id='word_1_180' title='bbox 511 1183 727 1219; x_wconf 70' lang='grc' dir='ltr'><strong>ἐκλάμψουσιν</strong></span> <span class='ocrx_word' id='word_1_181' title='bbox 751 1185 778 1212; x_wconf 86' lang='grc' dir='ltr'><strong>οί</strong></span> <span class='ocrx_word' id='word_1_182' title='bbox 810 1183 920 1212; x_wconf 79' lang='grc' dir='ltr'>δίκαιοι</span> 
     </span>
    </p>
   </div>
   <div class='ocr_carea' id='block_1_27' title="bbox 119 1229 919 1266">
    <p class='ocr_par' dir='ltr' id='par_1_27' title="bbox 119 1229 919 1266">
     <span class='ocr_line' id='line_1_27' title="bbox 119 1229 919 1266; baseline -0.001 -9"><span class='ocrx_word' id='word_1_183' title='bbox 119 1230 162 1263; x_wconf 82' lang='grc' dir='ltr'>ὡς</span> <span class='ocrx_word' id='word_1_184' title='bbox 185 1231 199 1256; x_wconf 88' lang='grc'>6</span> <span class='ocrx_word' id='word_1_185' title='bbox 226 1230 329 1264; x_wconf 70' lang='grc' dir='ltr'>ἥλιος·</span> <span class='ocrx_word' id='word_1_186' title='bbox 353 1231 412 1257; x_wconf 82' lang='grc' dir='ltr'><strong>ὲκεί</strong></span> <span class='ocrx_word' id='word_1_187' title='bbox 435 1230 465 1257; x_wconf 89' lang='grc' dir='ltr'><strong>αί</strong></span> <span class='ocrx_word' id='word_1_188' title='bbox 480 1229 531 1265; x_wconf 83' lang='grc' dir='ltr'><strong>τὴν</strong></span> <span class='ocrx_word' id='word_1_189' title='bbox 563 1230 715 1265; x_wconf 81' lang='grc' dir='ltr'>παρθενίαν</span> <span class='ocrx_word' id='word_1_190' title='bbox 743 1230 919 1266; x_wconf 74' lang='grc' dir='ltr'>ἑνδεδυμέναι</span> 
     </span>
    </p>
   </div>
   <div class='ocr_carea' id='block_1_28' title="bbox 118 1275 916 1312">
    <p class='ocr_par' dir='ltr' id='par_1_28' title="bbox 118 1275 916 1312">
     <span class='ocr_line' id='line_1_28' title="bbox 118 1275 916 1312; baseline 0.001 -10"><span class='ocrx_word' id='word_1_191' title='bbox 118 1276 159 1311; x_wconf 83' lang='grc' dir='ltr'>τῷ</span> <span class='ocrx_word' id='word_1_192' title='bbox 185 1276 319 1311; x_wconf 77' lang='grc' dir='ltr'><strong>ἀφθάρτῳ</strong></span> <span class='ocrx_word' id='word_1_193' title='bbox 343 1275 453 1310; x_wconf 77' lang='grc' dir='ltr'>νυμφίῳ</span> <span class='ocrx_word' id='word_1_194' title='bbox 468 1276 688 1311; x_wconf 76' lang='grc' dir='ltr'>συναφθήσονται</span> <span class='ocrx_word' id='word_1_195' title='bbox 702 1284 709 1292; x_wconf 89' lang='grc'><strong>·</strong></span> <span class='ocrx_word' id='word_1_196' title='bbox 733 1276 794 1303; x_wconf 72' lang='grc' dir='ltr'>ἐκεῖ</span> <span class='ocrx_word' id='word_1_197' title='bbox 809 1277 839 1303; x_wconf 74' lang='lat' dir='ltr'><strong>at</strong></span> <span class='ocrx_word' id='word_1_198' title='bbox 863 1276 916 1312; x_wconf 87' lang='grc' dir='ltr'>τὴν</span> 
     </span>
    </p>
   </div>
   <div class='ocr_carea' id='block_1_29' title="bbox 118 1319 918 1357">
    <p class='ocr_par' dir='ltr' id='par_1_29' title="bbox 118 1319 918 1357">
     <span class='ocr_line' id='line_1_29' title="bbox 118 1319 918 1357; baseline 0.001 -10"><span class='ocrx_word' id='word_1_199' title='bbox 118 1320 261 1355; x_wconf 75' lang='grc' dir='ltr'>ὑποταγὴν</span> <span class='ocrx_word' id='word_1_200' title='bbox 286 1320 335 1347; x_wconf 75' lang='grc' dir='ltr'>καὶ</span> <span class='ocrx_word' id='word_1_201' title='bbox 367 1320 493 1357; x_wconf 78' lang='grc' dir='ltr'>ὑπακοὴν</span> <span class='ocrx_word' id='word_1_202' title='bbox 517 1319 705 1356; x_wconf 75' lang='grc' dir='ltr'>ἐξασκήσασαι</span> <span class='ocrx_word' id='word_1_203' title='bbox 723 1321 762 1354; x_wconf 85' lang='grc' dir='ltr'><strong>ὼς</strong></span> <span class='ocrx_word' id='word_1_204' title='bbox 784 1321 918 1357; x_wconf 80' lang='grc' dir='ltr'><strong>ἄρχουσαι</strong></span> 
     </span>
    </p>
   </div>
   <div class='ocr_carea' id='block_1_30' title="bbox 118 1366 920 1402">
    <p class='ocr_par' dir='ltr' id='par_1_30' title="bbox 118 1366 920 1402">
     <span class='ocr_line' id='line_1_30' title="bbox 118 1366 920 1402; baseline 0 -8"><span class='ocrx_word' id='word_1_205' title='bbox 118 1366 255 1402; x_wconf 67' lang='grc' dir='ltr'>Χριστοῦ,</span> <span class='ocrx_word' id='word_1_206' title='bbox 276 1366 455 1402; x_wconf 81' lang='grc' dir='ltr'>χορεύσουσιν</span> <span class='ocrx_word' id='word_1_207' title='bbox 469 1366 568 1396; x_wconf 85' lang='grc' dir='ltr'>αίὼνια</span> <span class='ocrx_word' id='word_1_208' title='bbox 582 1375 590 1384; x_wconf 89' lang='grc'><strong>·</strong></span> <span class='ocrx_word' id='word_1_209' title='bbox 616 1368 645 1394; x_wconf 77' lang='grc' dir='ltr'>αἱ</span> <span class='ocrx_word' id='word_1_210' title='bbox 670 1367 699 1394; x_wconf 78' lang='grc' dir='ltr'><strong>δὲ</strong></span> <span class='ocrx_word' id='word_1_211' title='bbox 719 1368 852 1401; x_wconf 85' lang='grc' dir='ltr'>ὲναντίαι,</span> <span class='ocrx_word' id='word_1_212' title='bbox 883 1367 920 1394; x_wconf 76' lang='grc' dir='ltr'><strong>τὰ</strong></span> 
     </span>
    </p>
   </div>
   <div class='ocr_carea' id='block_1_31' title="bbox 119 1412 562 1447">
    <p class='ocr_par' dir='ltr' id='par_1_31' title="bbox 119 1412 562 1447">
     <span class='ocr_line' id='line_1_31' title="bbox 119 1412 562 1447; baseline 0.002 -9"><span class='ocrx_word' id='word_1_213' title='bbox 119 1413 244 1442; x_wconf 69' lang='grc' dir='ltr'>ἐναντία,</span> <span class='ocrx_word' id='word_1_214' title='bbox 260 1412 382 1447; x_wconf 82' lang='grc' dir='ltr'>δηλονότι</span> <span class='ocrx_word' id='word_1_215' title='bbox 406 1413 562 1439; x_wconf 88' lang='grc' dir='ltr'>πείσονται.</span> 
     </span>
    </p>
   </div>
   <div class='ocr_carea' id='block_1_32' title="bbox 158 1457 919 1494">
    <p class='ocr_par' dir='ltr' id='par_1_32' title="bbox 158 1457 919 1494">
     <span class='ocr_line' id='line_1_32' title="bbox 158 1457 919 1494; baseline 0.004 -11"><span class='ocrx_word' id='word_1_216' title='bbox 158 1458 251 1490; x_wconf 83' lang='grc' dir='ltr'>Ὠστε,</span> <span class='ocrx_word' id='word_1_217' title='bbox 266 1457 391 1492; x_wconf 78' lang='grc' dir='ltr'>ἀδελφαὶ,</span> <span class='ocrx_word' id='word_1_218' title='bbox 403 1459 594 1494; x_wconf 84' lang='grc' dir='ltr'>σταυροφόροι,</span> <span class='ocrx_word' id='word_1_219' title='bbox 612 1459 650 1494; x_wconf 83' lang='grc' dir='ltr'>μὴ</span> <span class='ocrx_word' id='word_1_220' title='bbox 665 1459 793 1494; x_wconf 83' lang='grc' dir='ltr'>λάθωμεν</span> <span class='ocrx_word' id='word_1_221' title='bbox 807 1460 919 1491; x_wconf 76' lang='grc' dir='ltr'><strong>ἑαυταῖς</strong></span> 
     </span>
    </p>
   </div>
   <div class='ocr_carea' id='block_1_33' title="bbox 118 1502 917 1540">
    <p class='ocr_par' dir='ltr' id='par_1_33' title="bbox 118 1502 917 1540">
     <span class='ocr_line' id='line_1_33' title="bbox 118 1502 917 1540; baseline 0.001 -11"><span class='ocrx_word' id='word_1_222' title='bbox 118 1502 181 1529; x_wconf 81' lang='grc' dir='ltr'>ἀντὶ</span> <span class='ocrx_word' id='word_1_223' title='bbox 195 1503 268 1538; x_wconf 78' lang='grc' dir='ltr'>ζωῆς</span> <span class='ocrx_word' id='word_1_224' title='bbox 288 1503 335 1529; x_wconf 71' lang='grc' dir='ltr'>καὶ</span> <span class='ocrx_word' id='word_1_225' title='bbox 354 1503 442 1540; x_wconf 81' lang='grc' dir='ltr'>χαρᾶς</span> <span class='ocrx_word' id='word_1_226' title='bbox 466 1503 594 1539; x_wconf 83' lang='grc' dir='ltr'>ἀπείρου,</span> <span class='ocrx_word' id='word_1_227' title='bbox 617 1504 727 1530; x_wconf 80' lang='grc' dir='ltr'>κόλασιν</span> <span class='ocrx_word' id='word_1_228' title='bbox 743 1505 791 1531; x_wconf 70' lang='grc' dir='ltr'>καὶ</span> <span class='ocrx_word' id='word_1_229' title='bbox 805 1503 860 1539; x_wconf 84' lang='grc' dir='ltr'><strong>πῦρ</strong></span> <span class='ocrx_word' id='word_1_230' title='bbox 872 1504 917 1530; x_wconf 79' lang='lat' dir='ltr'><strong>ai-</strong></span> 
     </span>
    </p>
   </div>
   <div class='ocr_carea' id='block_1_34' title="bbox 119 1548 917 1586">
    <p class='ocr_par' dir='ltr' id='par_1_34' title="bbox 119 1548 917 1586">
     <span class='ocr_line' id='line_1_34' title="bbox 119 1548 917 1586; baseline 0.003 -11"><span class='ocrx_word' id='word_1_231' title='bbox 119 1549 202 1575; x_wconf 82' lang='grc' dir='ltr'>ώνιον</span> <span class='ocrx_word' id='word_1_232' title='bbox 215 1548 486 1584; x_wconf 76' lang='grc' dir='ltr'>ἀποθησαυρίζουσαι</span> <span class='ocrx_word' id='word_1_233' title='bbox 511 1550 546 1576; x_wconf 83' lang='grc' dir='ltr'>δι’</span> <span class='ocrx_word' id='word_1_234' title='bbox 580 1549 713 1585; x_wconf 78' lang='grc' dir='ltr'>ἀμελείας</span> <span class='ocrx_word' id='word_1_235' title='bbox 739 1550 787 1576; x_wconf 76' lang='grc' dir='ltr'>καὶ</span> <span class='ocrx_word' id='word_1_236' title='bbox 812 1549 917 1586; x_wconf 78' lang='grc' dir='ltr'>φθορᾶς</span> 
     </span>
    </p>
   </div>
   <div class='ocr_carea' id='block_1_35' title="bbox 121 1595 918 1632">
    <p class='ocr_par' dir='ltr' id='par_1_35' title="bbox 121 1595 918 1632">
     <span class='ocr_line' id='line_1_35' title="bbox 121 1595 918 1632; baseline 0.001 -11"><span class='ocrx_word' id='word_1_237' title='bbox 121 1595 236 1630; x_wconf 62' lang='grc' dir='ltr'>σαρκός,</span> <span class='ocrx_word' id='word_1_238' title='bbox 254 1595 397 1630; x_wconf 80' lang='grc' dir='ltr'>παρακοῆς</span> <span class='ocrx_word' id='word_1_239' title='bbox 411 1603 440 1621; x_wconf 78' lang='grc' dir='ltr'><strong>τε</strong></span> <span class='ocrx_word' id='word_1_240' title='bbox 452 1595 501 1621; x_wconf 75' lang='grc' dir='ltr'>καὶ</span> <span class='ocrx_word' id='word_1_241' title='bbox 526 1595 668 1630; x_wconf 76' lang='grc' dir='ltr'>ἐμπαθοῦς</span> <span class='ocrx_word' id='word_1_242' title='bbox 693 1596 866 1631; x_wconf 83' lang='grc' dir='ltr'>ἀναστροφῆς</span> <span class='ocrx_word' id='word_1_243' title='bbox 880 1604 887 1611; x_wconf 90' lang='grc'><strong>·</strong></span> <span class='ocrx_word' id='word_1_244' title='bbox 901 1597 918 1632; x_wconf 87' lang='grc' dir='ltr'><strong>ή</strong></span> 
     </span>
    </p>
   </div>
   <div class='ocr_carea' id='block_1_36' title="bbox 119 1640 918 1678">
    <p class='ocr_par' dir='ltr' id='par_1_36' title="bbox 119 1640 918 1678">
     <span class='ocr_line' id='line_1_36' title="bbox 119 1640 918 1678; baseline 0 -10"><span class='ocrx_word' id='word_1_245' title='bbox 119 1641 208 1677; x_wconf 81' lang='grc' dir='ltr'>ἀρετὴ</span> <span class='ocrx_word' id='word_1_246' title='bbox 223 1642 256 1667; x_wconf 82' lang='grc' dir='ltr'>ἐκ</span> <span class='ocrx_word' id='word_1_247' title='bbox 267 1640 334 1667; x_wconf 83' lang='grc' dir='ltr'><strong>Θεοῦ</strong></span> <span class='ocrx_word' id='word_1_248' title='bbox 347 1641 396 1668; x_wconf 72' lang='grc' dir='ltr'>καὶ</span> <span class='ocrx_word' id='word_1_249' title='bbox 405 1641 479 1678; x_wconf 72' lang='grc' dir='ltr'>θεία·</span> <span class='ocrx_word' id='word_1_250' title='bbox 489 1641 506 1676; x_wconf 84' lang='grc' dir='ltr'>ἡ</span> <span class='ocrx_word' id='word_1_251' title='bbox 522 1641 607 1668; x_wconf 81' lang='grc' dir='ltr'>κακία</span> <span class='ocrx_word' id='word_1_252' title='bbox 627 1641 658 1667; x_wconf 73' lang='grc' dir='ltr'>ὲκ</span> <span class='ocrx_word' id='word_1_253' title='bbox 671 1641 789 1674; x_wconf 84' lang='grc' dir='ltr'>Σατανᾶ,</span> <span class='ocrx_word' id='word_1_254' title='bbox 806 1642 854 1668; x_wconf 77' lang='grc' dir='ltr'>καὶ</span> <span class='ocrx_word' id='word_1_255' title='bbox 864 1642 918 1668; x_wconf 85' lang='grc' dir='ltr'><strong>Σα-</strong></span> 
     </span>
    </p>
   </div>
   <div class='ocr_carea' id='block_1_37' title="bbox 118 1686 918 1722">
    <p class='ocr_par' dir='ltr' id='par_1_37' title="bbox 118 1686 918 1722">
     <span class='ocr_line' id='line_1_37' title="bbox 118 1686 918 1722; baseline 0 -8"><span class='ocrx_word' id='word_1_256' title='bbox 118 1688 216 1718; x_wconf 72' lang='grc' dir='ltr'>τανᾶς.</span> <span class='ocrx_word' id='word_1_257' title='bbox 239 1686 272 1713; x_wconf 90' lang='grc' dir='ltr'>Οί</span> <span class='ocrx_word' id='word_1_258' title='bbox 287 1686 337 1722; x_wconf 87' lang='grc' dir='ltr'>τὴν</span> <span class='ocrx_word' id='word_1_259' title='bbox 351 1686 465 1722; x_wconf 84' lang='grc' dir='ltr'>πρώτην</span> <span class='ocrx_word' id='word_1_260' title='bbox 479 1687 617 1722; x_wconf 77' lang='grc' dir='ltr'>ἑλόμενοι,</span> <span class='ocrx_word' id='word_1_261' title='bbox 634 1687 697 1714; x_wconf 74' lang='grc' dir='ltr'>Θεοὶ</span> <span class='ocrx_word' id='word_1_262' title='bbox 712 1688 759 1714; x_wconf 77' lang='grc' dir='ltr'>καὶ</span> <span class='ocrx_word' id='word_1_263' title='bbox 773 1688 841 1714; x_wconf 77' lang='grc' dir='ltr'>θεοῦ</span> <span class='ocrx_word' id='word_1_264' title='bbox 855 1695 863 1703; x_wconf 72' lang='grc' dir='ltr'><strong>ο</strong></span> <span class='ocrx_word' id='word_1_265' title='bbox 893 1688 918 1715; x_wconf 85' lang='lat' dir='ltr'><strong>oi</strong></span> 
     </span>
    </p>
   </div>
   <div class='ocr_carea' id='block_1_38' title="bbox 119 1732 919 1768">
    <p class='ocr_par' dir='ltr' id='par_1_38' title="bbox 119 1732 919 1768">
     <span class='ocr_line' id='line_1_38' title="bbox 119 1732 919 1768; baseline 0.001 -9"><span class='ocrx_word' id='word_1_266' title='bbox 119 1733 172 1768; x_wconf 75' lang='grc' dir='ltr'>τὴν</span> <span class='ocrx_word' id='word_1_267' title='bbox 197 1733 330 1768; x_wconf 83' lang='grc' dir='ltr'>δευτέραν</span> <span class='ocrx_word' id='word_1_268' title='bbox 356 1733 507 1768; x_wconf 80' lang='grc' dir='ltr'>δαίμονες,</span> <span class='ocrx_word' id='word_1_269' title='bbox 530 1733 578 1760; x_wconf 81' lang='grc' dir='ltr'>καὶ</span> <span class='ocrx_word' id='word_1_270' title='bbox 603 1732 650 1759; x_wconf 87' lang='grc' dir='ltr'><strong>τοῦ</strong></span> <span class='ocrx_word' id='word_1_271' title='bbox 675 1734 795 1761; x_wconf 84' lang='grc' dir='ltr'>Σατανᾶ.</span> <span class='ocrx_word' id='word_1_272' title='bbox 824 1732 919 1764; x_wconf 86' lang='grc' dir='ltr'>οὓτως</span> 
     </span>
    </p>
   </div>
   <div class='ocr_carea' id='block_1_39' title="bbox 120 1777 919 1814">
    <p class='ocr_par' dir='ltr' id='par_1_39' title="bbox 120 1777 919 1814">
     <span class='ocr_line' id='line_1_39' title="bbox 120 1777 919 1814; baseline 0.001 -9"><span class='ocrx_word' id='word_1_273' title='bbox 120 1779 196 1813; x_wconf 74' lang='grc' dir='ltr'>ὑμᾶς</span> <span class='ocrx_word' id='word_1_274' title='bbox 210 1780 258 1805; x_wconf 73' lang='grc' dir='ltr'><strong>καὶ</strong></span> <span class='ocrx_word' id='word_1_275' title='bbox 271 1779 319 1805; x_wconf 93' lang='grc' dir='ltr'><strong>νῦν</strong></span> <span class='ocrx_word' id='word_1_276' title='bbox 340 1778 514 1814; x_wconf 78' lang='grc' dir='ltr'>δεξιούμεθα.</span> <span class='ocrx_word' id='word_1_277' title='bbox 530 1777 588 1805; x_wconf 76' lang='grc' dir='ltr'><strong>Καὶ</strong></span> <span class='ocrx_word' id='word_1_278' title='bbox 603 1778 642 1814; x_wconf 86' lang='grc' dir='ltr'>μὴ</span> <span class='ocrx_word' id='word_1_279' title='bbox 660 1778 747 1814; x_wconf 83' lang='grc' dir='ltr'>βαρὺς</span> <span class='ocrx_word' id='word_1_280' title='bbox 763 1779 827 1814; x_wconf 85' lang='grc' dir='ltr'>ὑμῖν</span> <span class='ocrx_word' id='word_1_281' title='bbox 843 1778 919 1813; x_wconf 87' lang='grc' dir='ltr'>λογι-</span> 
     </span>
    </p>
   </div>
   <div class='ocr_carea' id='block_1_40' title="bbox 122 1823 918 1860">
    <p class='ocr_par' dir='ltr' id='par_1_40' title="bbox 122 1823 918 1860">
     <span class='ocr_line' id='line_1_40' title="bbox 122 1823 918 1860; baseline -0.001 -9"><span class='ocrx_word' id='word_1_282' title='bbox 122 1825 217 1860; x_wconf 73' lang='lat' dir='ltr'><strong>miaqu</strong></span> <span class='ocrx_word' id='word_1_283' title='bbox 229 1824 267 1857; x_wconf 86' lang='grc' dir='ltr'>ὡς</span> <span class='ocrx_word' id='word_1_284' title='bbox 288 1824 408 1860; x_wconf 76' lang='grc' dir='ltr'>φορτικὰ</span> <span class='ocrx_word' id='word_1_285' title='bbox 429 1824 533 1858; x_wconf 83' lang='grc' dir='ltr'>λαλῶν,</span> <span class='ocrx_word' id='word_1_286' title='bbox 560 1823 630 1851; x_wconf 78' lang='grc' dir='ltr'>ἀλλὰ</span> <span class='ocrx_word' id='word_1_287' title='bbox 651 1824 755 1860; x_wconf 82' lang='grc' dir='ltr'>μᾶλλον</span> <span class='ocrx_word' id='word_1_288' title='bbox 782 1824 859 1860; x_wconf 76' lang='grc' dir='ltr'>ἡδὺς,</span> <span class='ocrx_word' id='word_1_289' title='bbox 879 1824 918 1856; x_wconf 85' lang='grc' dir='ltr'><strong>ὡς</strong></span> 
     </span>
    </p>
   </div>
   <div class='ocr_carea' id='block_1_41' title="bbox 122 1870 918 1907">
    <p class='ocr_par' dir='ltr' id='par_1_41' title="bbox 122 1870 918 1907">
     <span class='ocr_line' id='line_1_41' title="bbox 122 1870 918 1907; baseline 0 -10"><span class='ocrx_word' id='word_1_290' title='bbox 122 1871 196 1906; x_wconf 80' lang='grc' dir='ltr'><strong>ὑπὲρ</strong></span> <span class='ocrx_word' id='word_1_291' title='bbox 224 1870 293 1897; x_wconf 83' lang='grc' dir='ltr'><strong>Θεοῦ</strong></span> <span class='ocrx_word' id='word_1_292' title='bbox 309 1870 462 1906; x_wconf 86' lang='grc' dir='ltr'>παραινῶν.</span> <span class='ocrx_word' id='word_1_293' title='bbox 479 1870 534 1898; x_wconf 76' lang='grc' dir='ltr'>Καὶ</span> <span class='ocrx_word' id='word_1_294' title='bbox 548 1870 579 1897; x_wconf 83' lang='grc' dir='ltr'><strong>οὺ</strong></span> <span class='ocrx_word' id='word_1_295' title='bbox 613 1870 682 1905; x_wconf 73' lang='grc' dir='ltr'>πρὸς</span> <span class='ocrx_word' id='word_1_296' title='bbox 700 1871 751 1903; x_wconf 72' lang='grc' dir='ltr'>τὰς</span> <span class='ocrx_word' id='word_1_297' title='bbox 778 1870 876 1907; x_wconf 84' lang='grc' dir='ltr'>κυρίας</span> <span class='ocrx_word' id='word_1_298' title='bbox 903 1871 918 1897; x_wconf 88' lang='grc' dir='ltr'><strong>ό</strong></span> 
     </span>
    </p>
   </div>
   <div class='ocr_carea' id='block_1_42' title="bbox 122 1914 918 1950">
    <p class='ocr_par' dir='ltr' id='par_1_42' title="bbox 122 1914 918 1950">
     <span class='ocr_line' id='line_1_42' title="bbox 122 1914 918 1950; baseline 0.001 -9"><span class='ocrx_word' id='word_1_299' title='bbox 122 1916 218 1950; x_wconf 71' lang='grc' dir='ltr'>λόγος·</span> <span class='ocrx_word' id='word_1_300' title='bbox 243 1916 325 1943; x_wconf 76' lang='grc' dir='ltr'>αὑταὶ</span> <span class='ocrx_word' id='word_1_301' title='bbox 338 1917 394 1950; x_wconf 84' lang='grc' dir='ltr'>γὰρ</span> <span class='ocrx_word' id='word_1_302' title='bbox 423 1915 580 1942; x_wconf 83' lang='grc' dir='ltr'>διδάσκαλοι</span> <span class='ocrx_word' id='word_1_303' title='bbox 613 1915 661 1942; x_wconf 75' lang='grc' dir='ltr'>καὶ</span> <span class='ocrx_word' id='word_1_304' title='bbox 684 1915 796 1950; x_wconf 78' lang='grc' dir='ltr'>ἐτέρων.</span> <span class='ocrx_word' id='word_1_305' title='bbox 837 1914 918 1942; x_wconf 82' lang='grc' dir='ltr'>Ἀλλὰ</span> 
     </span>
    </p>
   </div>
   <div class='ocr_carea' id='block_1_43' title="bbox 123 1955 916 1997">
    <p class='ocr_par' dir='ltr' id='par_1_43' title="bbox 123 1955 916 1997">
     <span class='ocr_line' id='line_1_43' title="bbox 123 1955 916 1997; baseline -0.004 -7"><span class='ocrx_word' id='word_1_306' title='bbox 123 1962 194 1997; x_wconf 76' lang='grc' dir='ltr'>πρὸς</span> <span class='ocrx_word' id='word_1_307' title='bbox 206 1961 238 1989; x_wconf 81' lang='grc' dir='ltr'><strong>τὸ</strong></span> <span class='ocrx_word' id='word_1_308' title='bbox 250 1962 300 1996; x_wconf 79' lang='grc' dir='ltr'>τῆς</span> <span class='ocrx_word' id='word_1_309' title='bbox 311 1955 492 1996; x_wconf 47' lang='lat' dir='ltr'><strong>saeuam;</strong></span> <span class='ocrx_word' id='word_1_310' title='bbox 505 1960 646 1997; x_wconf 85' lang='grc' dir='ltr'>πλήρωμα</span> <span class='ocrx_word' id='word_1_311' title='bbox 655 1969 662 1976; x_wconf 87' lang='grc'><strong>·</strong></span> <span class='ocrx_word' id='word_1_312' title='bbox 674 1961 743 1997; x_wconf 83' lang='grc' dir='ltr'>ὅπερ</span> <span class='ocrx_word' id='word_1_313' title='bbox 767 1961 916 1997; x_wconf 78' lang='grc' dir='ltr'>φυλαχθείη</span> 
     </span>
    </p>
   </div>
   <div class='ocr_carea' id='block_1_44' title="bbox 123 2006 915 2042">
    <p class='ocr_par' dir='ltr' id='par_1_44' title="bbox 123 2006 915 2042">
     <span class='ocr_line' id='line_1_44' title="bbox 123 2006 915 2042; baseline -0.001 -8"><span class='ocrx_word' id='word_1_314' title='bbox 123 2008 166 2039; x_wconf 76' lang='grc' dir='ltr'>ξτι</span> <span class='ocrx_word' id='word_1_315' title='bbox 190 2015 220 2033; x_wconf 80' lang='grc' dir='ltr'><strong>τε</strong></span> <span class='ocrx_word' id='word_1_316' title='bbox 244 2007 294 2034; x_wconf 72' lang='grc' dir='ltr'>καὶ</span> <span class='ocrx_word' id='word_1_317' title='bbox 317 2007 368 2041; x_wconf 77' lang='grc' dir='ltr'>ἔτι,</span> <span class='ocrx_word' id='word_1_318' title='bbox 391 2007 531 2040; x_wconf 78' lang='grc' dir='ltr'>εὐεκτοῦν,</span> <span class='ocrx_word' id='word_1_319' title='bbox 551 2006 682 2041; x_wconf 80' lang='grc' dir='ltr'>εὐθηνοῦν</span> <span class='ocrx_word' id='word_1_320' title='bbox 710 2007 751 2038; x_wconf 84' lang='grc' dir='ltr'><strong>εἰς</strong></span> <span class='ocrx_word' id='word_1_321' title='bbox 774 2006 915 2042; x_wconf 85' lang='grc' dir='ltr'>καύχημα,</span> 
     </span>
    </p>
   </div>
   <div class='ocr_carea' id='block_1_45' title="bbox 123 2046 918 2089">
    <p class='ocr_par' dir='ltr' id='par_1_45' title="bbox 123 2046 918 2089">
     <span class='ocr_line' id='line_1_45' title="bbox 123 2046 918 2089; baseline -0.001 -9"><span class='ocrx_word' id='word_1_322' title='bbox 123 2054 173 2081; x_wconf 71' lang='grc' dir='ltr'>καὶ</span> <span class='ocrx_word' id='word_1_323' title='bbox 198 2053 260 2089; x_wconf 74' lang='grc' dir='ltr'>ἐμοὶ</span> <span class='ocrx_word' id='word_1_324' title='bbox 272 2053 310 2084; x_wconf 81' lang='grc' dir='ltr'>ὡς</span> <span class='ocrx_word' id='word_1_325' title='bbox 322 2046 525 2089; x_wconf 82' lang='grc' dir='ltr'>παρακλήτορι,</span> <span class='ocrx_word' id='word_1_326' title='bbox 555 2053 596 2084; x_wconf 81' lang='grc' dir='ltr'>εἰς</span> <span class='ocrx_word' id='word_1_327' title='bbox 611 2052 720 2088; x_wconf 80' lang='grc' dir='ltr'>ἡμέραν</span> <span class='ocrx_word' id='word_1_328' title='bbox 733 2052 853 2089; x_wconf 79' lang='grc' dir='ltr'>Χριστοῦ</span> <span class='ocrx_word' id='word_1_329' title='bbox 869 2061 877 2068; x_wconf 93' lang='grc'>·</span> <span class='ocrx_word' id='word_1_330' title='bbox 895 2049 918 2087; x_wconf 83' lang='grc' dir='ltr'>ᾧ</span> 
     </span>
    </p>
   </div>
   <div class='ocr_carea' id='block_1_46' title="bbox 124 2098 622 2136">
    <p class='ocr_par' dir='ltr' id='par_1_46' title="bbox 124 2098 622 2136">
     <span class='ocr_line' id='line_1_46' title="bbox 124 2098 622 2136; baseline -0.002 -9"><span class='ocrx_word' id='word_1_331' title='bbox 124 2102 142 2136; x_wconf 74' lang='grc' dir='ltr'><strong>ἡ</strong></span> <span class='ocrx_word' id='word_1_332' title='bbox 155 2099 222 2133; x_wconf 72' lang='grc' dir='ltr'>δόξα</span> <span class='ocrx_word' id='word_1_333' title='bbox 245 2100 285 2130; x_wconf 75' lang='grc' dir='ltr'><strong>εἰς</strong></span> <span class='ocrx_word' id='word_1_334' title='bbox 297 2099 361 2131; x_wconf 77' lang='grc' dir='ltr'>τοὺς</span> <span class='ocrx_word' id='word_1_335' title='bbox 372 2098 486 2130; x_wconf 75' lang='grc' dir='ltr'>αἰῶνας.</span> <span class='ocrx_word' id='word_1_336' title='bbox 511 2098 622 2134; x_wconf 52' lang='grc' dir='ltr'><strong>’Δμήνι</strong></span> 
     </span>
    </p>
   </div>
   <div class='ocr_carea' id='block_1_47' title="bbox 260 2153 763 2190">
    <p class='ocr_par' dir='ltr' id='par_1_47' title="bbox 260 2153 763 2190">
     <span class='ocr_line' id='line_1_47' title="bbox 260 2153 763 2190; baseline -0.004 -8"><span class='ocrx_word' id='word_1_337' title='bbox 260 2155 323 2182; x_wconf 79' lang='lat' dir='ltr'><strong>PE’.</strong></span> <span class='ocrx_word' id='word_1_338' title='bbox 337 2169 373 2175; x_wconf 96' lang='grc'><strong><em>--</em></strong></span> <span class='ocrx_word' id='word_1_339' title='bbox 394 2154 521 2189; x_wconf 82' lang='grc' dir='ltr'><strong>’Δνθιμῳ</strong></span> <span class='ocrx_word' id='word_1_340' title='bbox 537 2153 642 2186; x_wconf 74' lang='grc' dir='ltr'>τέκνῳ.</span> <span class='ocrx_word' id='word_1_341' title='bbox 668 2153 763 2190; x_wconf 82' lang='grc' dir='ltr'><strong>[χκθ’.]</strong></span> 
     </span>
    </p>
   </div>
   <div class='ocr_carea' id='block_1_48' title="bbox 971 265 1770 301">
    <p class='ocr_par' dir='ltr' id='par_1_48' title="bbox 971 265 1770 301">
     <span class='ocr_line' id='line_1_48' title="bbox 971 265 1770 301; baseline 0.003 -9"><span class='ocrx_word' id='word_1_342' title='bbox 971 265 1024 293; x_wconf 84' lang='lat' dir='ltr'><strong>lam</strong></span> <span class='ocrx_word' id='word_1_343' title='bbox 1036 274 1162 293; x_wconf 79' lang='lat' dir='ltr'><strong>exarare.</strong></span> <span class='ocrx_word' id='word_1_344' title='bbox 1174 265 1207 293; x_wconf 85' lang='lat' dir='ltr'><strong>Et</strong></span> <span class='ocrx_word' id='word_1_345' title='bbox 1218 266 1328 301; x_wconf 61' lang='lat' dir='ltr'><strong>(tuidem</strong></span> <span class='ocrx_word' id='word_1_346' title='bbox 1341 273 1470 299; x_wconf 70' lang='lat' dir='ltr'><strong>rogamus</strong></span> <span class='ocrx_word' id='word_1_347' title='bbox 1481 267 1620 301; x_wconf 86' lang='lat' dir='ltr'><strong>quomodo</strong></span> <span class='ocrx_word' id='word_1_348' title='bbox 1629 275 1658 294; x_wconf 86' lang='lat' dir='ltr'><strong>se</strong></span> <span class='ocrx_word' id='word_1_349' title='bbox 1669 266 1770 295; x_wconf 82' lang='lat' dir='ltr'><strong>habeat</strong></span> 
     </span>
    </p>
   </div>
   <div class='ocr_carea' id='block_1_49' title="bbox 967 311 1770 346">
    <p class='ocr_par' dir='ltr' id='par_1_49' title="bbox 967 311 1770 346">
     <span class='ocr_line' id='line_1_49' title="bbox 967 311 1770 346; baseline 0 -6"><span class='ocrx_word' id='word_1_350' title='bbox 967 312 1215 341; x_wconf 84' lang='lat' dir='ltr'><strong>sanctusbinarius</strong></span> <span class='ocrx_word' id='word_1_351' title='bbox 1225 317 1325 345; x_wconf 90' lang='lat' dir='ltr'><strong>vester,</strong></span> <span class='ocrx_word' id='word_1_352' title='bbox 1338 319 1502 346; x_wconf 70' lang='lat' dir='ltr'><strong>sororesque</strong></span> <span class='ocrx_word' id='word_1_353' title='bbox 1509 312 1655 339; x_wconf 48' lang='lat' dir='ltr'><strong>universae.</strong></span> <span class='ocrx_word' id='word_1_354' title='bbox 1668 311 1770 340; x_wconf 84' lang='lat' dir='ltr'><strong>Videtis</strong></span> 
     </span>
    </p>
   </div>
   <div class='ocr_carea' id='block_1_50' title="bbox 968 358 1768 395">
    <p class='ocr_par' dir='ltr' id='par_1_50' title="bbox 968 358 1768 395">
     <span class='ocr_line' id='line_1_50' title="bbox 968 358 1768 395; baseline -0.001 -9"><span class='ocrx_word' id='word_1_355' title='bbox 968 359 1200 395; x_wconf 85' lang='lat' dir='ltr'><strong>quemadmodum</strong></span> <span class='ocrx_word' id='word_1_356' title='bbox 1217 359 1296 386; x_wconf 81' lang='lat' dir='ltr'><strong>vobis</strong></span> <span class='ocrx_word' id='word_1_357' title='bbox 1315 365 1341 385; x_wconf 90' lang='lat' dir='ltr'><strong>et</strong></span> <span class='ocrx_word' id='word_1_358' title='bbox 1357 366 1412 386; x_wconf 86' lang='lat' dir='ltr'><strong>non</strong></span> <span class='ocrx_word' id='word_1_359' title='bbox 1429 358 1492 386; x_wconf 85' lang='lat' dir='ltr'><strong>aliis</strong></span> <span class='ocrx_word' id='word_1_360' title='bbox 1506 358 1650 386; x_wconf 83' lang='lat' dir='ltr'><strong>sororibus</strong></span> <span class='ocrx_word' id='word_1_361' title='bbox 1664 358 1768 386; x_wconf 76' lang='lat' dir='ltr'><strong>addicti</strong></span> 
     </span>
    </p>
   </div>
   <div class='ocr_carea' id='block_1_51' title="bbox 969 404 1770 434">
    <p class='ocr_par' dir='ltr' id='par_1_51' title="bbox 969 404 1770 434">
     <span class='ocr_line' id='line_1_51' title="bbox 969 404 1770 434; baseline -0.002 0"><span class='ocrx_word' id='word_1_362' title='bbox 969 406 1122 434; x_wconf 87' lang='lat' dir='ltr'><strong>secundum</strong></span> <span class='ocrx_word' id='word_1_363' title='bbox 1139 405 1225 434; x_wconf 87' lang='lat' dir='ltr'><strong>Deum</strong></span> <span class='ocrx_word' id='word_1_364' title='bbox 1238 406 1417 434; x_wconf 79' lang='lat' dir='ltr'><strong>sciscitantur</strong></span> <span class='ocrx_word' id='word_1_365' title='bbox 1429 410 1457 433; x_wconf 86' lang='lat' dir='ltr'><strong>et</strong></span> <span class='ocrx_word' id='word_1_366' title='bbox 1472 405 1555 432; x_wconf 84' lang='lat' dir='ltr'><strong>verba</strong></span> <span class='ocrx_word' id='word_1_367' title='bbox 1572 405 1701 433; x_wconf 80' lang='lat' dir='ltr'><strong>facimus.</strong></span> <span class='ocrx_word' id='word_1_368' title='bbox 1713 404 1770 433; x_wconf 80' lang='lat' dir='ltr'><strong>Nec</strong></span> 
     </span>
    </p>
   </div>
   <div class='ocr_carea' id='block_1_52' title="bbox 969 448 1771 482">
    <p class='ocr_par' dir='ltr' id='par_1_52' title="bbox 969 448 1771 482">
     <span class='ocr_line' id='line_1_52' title="bbox 969 448 1771 482; baseline -0.001 -5"><span class='ocrx_word' id='word_1_369' title='bbox 969 450 1118 482; x_wconf 83' lang='lat' dir='ltr'><strong>immerito,</strong></span> <span class='ocrx_word' id='word_1_370' title='bbox 1126 450 1172 478; x_wconf 88' lang='lat' dir='ltr'><strong>ubi</strong></span> <span class='ocrx_word' id='word_1_371' title='bbox 1182 450 1255 478; x_wconf 89' lang='lat' dir='ltr'><strong>enim</strong></span> <span class='ocrx_word' id='word_1_372' title='bbox 1266 449 1342 482; x_wconf 72' lang='lat' dir='ltr'><strong>(Ides,</strong></span> <span class='ocrx_word' id='word_1_373' title='bbox 1352 449 1388 477; x_wconf 79' lang='lat' dir='ltr'><strong>ibi</strong></span> <span class='ocrx_word' id='word_1_374' title='bbox 1398 454 1426 477; x_wconf 88' lang='lat' dir='ltr'><strong>et</strong></span> <span class='ocrx_word' id='word_1_375' title='bbox 1436 457 1524 482; x_wconf 86' lang='lat' dir='ltr'><strong>amor,</strong></span> <span class='ocrx_word' id='word_1_376' title='bbox 1535 448 1646 478; x_wconf 74' lang='lat' dir='ltr'><strong>trabeas</strong></span> <span class='ocrx_word' id='word_1_377' title='bbox 1656 455 1771 477; x_wconf 85' lang='lat' dir='ltr'><strong>tractus.</strong></span> 
     </span>
    </p>
   </div>
   <div class='ocr_carea' id='block_1_53' title="bbox 969 496 1768 533">
    <p class='ocr_par' dir='ltr' id='par_1_53' title="bbox 969 496 1768 533">
     <span class='ocr_line' id='line_1_53' title="bbox 969 496 1768 533; baseline 0 -8"><span class='ocrx_word' id='word_1_378' title='bbox 969 505 1024 533; x_wconf 87' lang='lat' dir='ltr'><strong>que</strong></span> <span class='ocrx_word' id='word_1_379' title='bbox 1044 497 1166 525; x_wconf 85' lang='lat' dir='ltr'><strong>vicissim</strong></span> <span class='ocrx_word' id='word_1_380' title='bbox 1182 505 1231 532; x_wconf 87' lang='lat' dir='ltr'><strong>per</strong></span> <span class='ocrx_word' id='word_1_381' title='bbox 1243 496 1375 531; x_wconf 80' lang='lat' dir='ltr'><strong>Spiritum</strong></span> <span class='ocrx_word' id='word_1_382' title='bbox 1401 501 1528 525; x_wconf 84' lang='lat' dir='ltr'><strong>sanctum</strong></span> <span class='ocrx_word' id='word_1_383' title='bbox 1542 505 1550 530; x_wconf 87' lang='lat'><strong>;</strong></span> <span class='ocrx_word' id='word_1_384' title='bbox 1563 497 1608 524; x_wconf 87' lang='lat' dir='ltr'><strong>ubi</strong></span> <span class='ocrx_word' id='word_1_385' title='bbox 1621 497 1695 525; x_wconf 89' lang='lat' dir='ltr'><strong>enim</strong></span> <span class='ocrx_word' id='word_1_386' title='bbox 1710 497 1768 525; x_wconf 69' lang='lat' dir='ltr'><strong>haec</strong></span> 
     </span>
    </p>
   </div>
   <div class='ocr_carea' id='block_1_54' title="bbox 970 543 1769 578">
    <p class='ocr_par' dir='ltr' id='par_1_54' title="bbox 970 543 1769 578">
     <span class='ocr_line' id='line_1_54' title="bbox 970 543 1769 578; baseline 0 -7"><span class='ocrx_word' id='word_1_387' title='bbox 970 547 1045 576; x_wconf 85' lang='lat' dir='ltr'><strong>sunt,</strong></span> <span class='ocrx_word' id='word_1_388' title='bbox 1058 543 1095 571; x_wconf 87' lang='lat' dir='ltr'><strong>ibi</strong></span> <span class='ocrx_word' id='word_1_389' title='bbox 1104 548 1131 571; x_wconf 93' lang='lat' dir='ltr'><strong>et</strong></span> <span class='ocrx_word' id='word_1_390' title='bbox 1139 551 1204 571; x_wconf 78' lang='lat' dir='ltr'><strong>cura</strong></span> <span class='ocrx_word' id='word_1_391' title='bbox 1213 543 1348 578; x_wconf 81' lang='lat' dir='ltr'><strong>corporis.</strong></span> <span class='ocrx_word' id='word_1_392' title='bbox 1359 543 1463 572; x_wconf 84' lang='lat' dir='ltr'><strong>Idcirco</strong></span> <span class='ocrx_word' id='word_1_393' title='bbox 1472 543 1632 576; x_wconf 81' lang='lat' dir='ltr'><strong>scribimus,</strong></span> <span class='ocrx_word' id='word_1_394' title='bbox 1648 551 1697 571; x_wconf 88' lang='lat' dir='ltr'><strong>vos</strong></span> <span class='ocrx_word' id='word_1_395' title='bbox 1709 543 1769 571; x_wconf 82' lang='lat' dir='ltr'><strong>vice</strong></span> 
     </span>
    </p>
   </div>
   <div class='ocr_carea' id='block_1_55' title="bbox 969 589 1768 626">
    <p class='ocr_par' dir='ltr' id='par_1_55' title="bbox 969 589 1768 626">
     <span class='ocr_line' id='line_1_55' title="bbox 969 589 1768 626; baseline 0 -9"><span class='ocrx_word' id='word_1_396' title='bbox 969 590 1071 618; x_wconf 82' lang='lat' dir='ltr'><strong>Christi</strong></span> <span class='ocrx_word' id='word_1_397' title='bbox 1085 591 1225 618; x_wconf 85' lang='lat' dir='ltr'><strong>hortantes</strong></span> <span class='ocrx_word' id='word_1_398' title='bbox 1235 590 1353 626; x_wconf 78' lang='lat' dir='ltr'><strong>indigni,</strong></span> <span class='ocrx_word' id='word_1_399' title='bbox 1369 594 1399 617; x_wconf 87' lang='lat' dir='ltr'><strong>ut</strong></span> <span class='ocrx_word' id='word_1_400' title='bbox 1416 590 1637 625; x_wconf 85' lang='lat' dir='ltr'><strong>persistamus&#39;in</strong></span> <span class='ocrx_word' id='word_1_401' title='bbox 1654 589 1768 625; x_wconf 87' lang='lat' dir='ltr'><strong>pulchra</strong></span> 
     </span>
    </p>
   </div>
   <div class='ocr_carea' id='block_1_56' title="bbox 970 635 1768 673">
    <p class='ocr_par' dir='ltr' id='par_1_56' title="bbox 970 635 1768 673">
     <span class='ocr_line' id='line_1_56' title="bbox 970 635 1768 673; baseline 0 -9"><span class='ocrx_word' id='word_1_402' title='bbox 970 637 1096 672; x_wconf 82' lang='lat' dir='ltr'><strong>pactione</strong></span> <span class='ocrx_word' id='word_1_403' title='bbox 1120 645 1204 673; x_wconf 87' lang='lat' dir='ltr'><strong>quam</strong></span> <span class='ocrx_word' id='word_1_404' title='bbox 1223 637 1295 672; x_wconf 83' lang='lat' dir='ltr'><strong>pacti</strong></span> <span class='ocrx_word' id='word_1_405' title='bbox 1316 644 1413 664; x_wconf 85' lang='lat' dir='ltr'><strong>sumus</strong></span> <span class='ocrx_word' id='word_1_406' title='bbox 1431 644 1528 664; x_wconf 87' lang='lat' dir='ltr'><strong>omnes</strong></span> <span class='ocrx_word' id='word_1_407' title='bbox 1544 639 1638 664; x_wconf 87' lang='lat' dir='ltr'><strong>coram</strong></span> <span class='ocrx_word' id='word_1_408' title='bbox 1659 635 1716 663; x_wconf 86' lang='lat' dir='ltr'><strong>Deo</strong></span> <span class='ocrx_word' id='word_1_409' title='bbox 1739 640 1768 664; x_wconf 83' lang='lat' dir='ltr'><strong>ct</strong></span> 
     </span>
    </p>
   </div>
   <div class='ocr_carea' id='block_1_57' title="bbox 970 682 1767 719">
    <p class='ocr_par' dir='ltr' id='par_1_57' title="bbox 970 682 1767 719">
     <span class='ocr_line' id='line_1_57' title="bbox 970 682 1767 719; baseline -0.003 -8"><span class='ocrx_word' id='word_1_410' title='bbox 970 684 1065 712; x_wconf 87' lang='lat' dir='ltr'><strong>electis</strong></span> <span class='ocrx_word' id='word_1_411' title='bbox 1084 683 1312 719; x_wconf 78' lang='lat' dir='ltr'><strong>angelis;vivere</strong></span> <span class='ocrx_word' id='word_1_412' title='bbox 1339 683 1366 710; x_wconf 91' lang='lat' dir='ltr'><strong>in</strong></span> <span class='ocrx_word' id='word_1_413' title='bbox 1390 682 1509 710; x_wconf 87' lang='lat' dir='ltr'><strong>Domino</strong></span> <span class='ocrx_word' id='word_1_414' title='bbox 1537 682 1565 709; x_wconf 89' lang='lat' dir='ltr'><strong>in</strong></span> <span class='ocrx_word' id='word_1_415' title='bbox 1595 682 1767 717; x_wconf 74' lang='lat' dir='ltr'><strong>depositione</strong></span> 
     </span>
    </p>
   </div>
   <div class='ocr_carea' id='block_1_58' title="bbox 971 728 1767 765">
    <p class='ocr_par' dir='ltr' id='par_1_58' title="bbox 971 728 1767 765">
     <span class='ocr_line' id='line_1_58' title="bbox 971 728 1767 765; baseline -0.001 -8"><span class='ocrx_word' id='word_1_416' title='bbox 971 737 1069 758; x_wconf 77' lang='lat' dir='ltr'><strong>sensus</strong></span> <span class='ocrx_word' id='word_1_417' title='bbox 1086 730 1217 764; x_wconf 83' lang='lat' dir='ltr'><strong>carnalis,</strong></span> <span class='ocrx_word' id='word_1_418' title='bbox 1233 729 1307 765; x_wconf 86' lang='lat' dir='ltr'><strong>quod</strong></span> <span class='ocrx_word' id='word_1_419' title='bbox 1324 734 1367 758; x_wconf 87' lang='lat' dir='ltr'><strong>est</strong></span> <span class='ocrx_word' id='word_1_420' title='bbox 1378 729 1519 764; x_wconf 87' lang='lat' dir='ltr'><strong>dirupisse</strong></span> <span class='ocrx_word' id='word_1_421' title='bbox 1535 729 1647 756; x_wconf 87' lang='lat' dir='ltr'><strong>vincula</strong></span> <span class='ocrx_word' id='word_1_422' title='bbox 1661 728 1767 763; x_wconf 91' lang='lat' dir='ltr'><strong>cupidi-</strong></span> 
     </span>
    </p>
   </div>
   <div class='ocr_carea' id='block_1_59' title="bbox 972 775 1768 812">
    <p class='ocr_par' dir='ltr' id='par_1_59' title="bbox 972 775 1768 812">
     <span class='ocr_line' id='line_1_59' title="bbox 972 775 1768 812; baseline -0.001 -9"><span class='ocrx_word' id='word_1_423' title='bbox 972 781 1058 804; x_wconf 86' lang='lat' dir='ltr'><strong>tatum</strong></span> <span class='ocrx_word' id='word_1_424' title='bbox 1072 777 1165 804; x_wconf 67' lang='lat' dir='ltr'><strong>smeuli</strong></span> <span class='ocrx_word' id='word_1_425' title='bbox 1182 777 1276 812; x_wconf 83' lang='lat' dir='ltr'><strong>hujus,</strong></span> <span class='ocrx_word' id='word_1_426' title='bbox 1292 781 1394 804; x_wconf 83' lang='lat' dir='ltr'><strong>etcum</strong></span> <span class='ocrx_word' id='word_1_427' title='bbox 1414 775 1470 803; x_wconf 90' lang='lat' dir='ltr'><strong>Deo</strong></span> <span class='ocrx_word' id='word_1_428' title='bbox 1489 775 1595 803; x_wconf 86' lang='lat' dir='ltr'><strong>versari</strong></span> <span class='ocrx_word' id='word_1_429' title='bbox 1619 783 1701 811; x_wconf 84' lang='lat' dir='ltr'><strong>quem</strong></span> <span class='ocrx_word' id='word_1_430' title='bbox 1724 775 1768 802; x_wconf 91' lang='lat' dir='ltr'><strong>di-</strong></span> 
     </span>
    </p>
   </div>
   <div class='ocr_carea' id='block_1_60' title="bbox 971 822 1767 857">
    <p class='ocr_par' dir='ltr' id='par_1_60' title="bbox 971 822 1767 857">
     <span class='ocr_line' id='line_1_60' title="bbox 971 822 1767 857; baseline -0.003 -7"><span class='ocrx_word' id='word_1_431' title='bbox 971 822 1101 854; x_wconf 84' lang='lat' dir='ltr'><strong>leximus.</strong></span> <span class='ocrx_word' id='word_1_432' title='bbox 1126 828 1153 850; x_wconf 78' lang='lat' dir='ltr'><strong>et</strong></span> <span class='ocrx_word' id='word_1_433' title='bbox 1169 823 1213 850; x_wconf 89' lang='lat' dir='ltr'><strong>cui</strong></span> <span class='ocrx_word' id='word_1_434' title='bbox 1245 824 1418 857; x_wconf 65' lang='lat' dir='ltr'><strong>desponsata:</strong></span> <span class='ocrx_word' id='word_1_435' title='bbox 1447 830 1554 855; x_wconf 87' lang='lat' dir='ltr'><strong>sumus,</strong></span> <span class='ocrx_word' id='word_1_436' title='bbox 1574 829 1636 849; x_wconf 89' lang='lat' dir='ltr'><strong>cum</strong></span> <span class='ocrx_word' id='word_1_437' title='bbox 1657 829 1711 857; x_wconf 91' lang='lat' dir='ltr'><strong>quo</strong></span> <span class='ocrx_word' id='word_1_438' title='bbox 1739 826 1767 849; x_wconf 83' lang='lat' dir='ltr'><strong>et</strong></span> 
     </span>
    </p>
   </div>
   <div class='ocr_carea' id='block_1_61' title="bbox 972 868 1768 905">
    <p class='ocr_par' dir='ltr' id='par_1_61' title="bbox 972 868 1768 905">
     <span class='ocr_line' id='line_1_61' title="bbox 972 868 1768 905; baseline -0.003 -8"><span class='ocrx_word' id='word_1_439' title='bbox 972 878 1082 905; x_wconf 85' lang='lat' dir='ltr'><strong>semper</strong></span> <span class='ocrx_word' id='word_1_440' title='bbox 1104 870 1218 897; x_wconf 88' lang='lat' dir='ltr'><strong>erimus.</strong></span> <span class='ocrx_word' id='word_1_441' title='bbox 1248 868 1327 897; x_wconf 87' lang='lat' dir='ltr'><strong>Hunc</strong></span> <span class='ocrx_word' id='word_1_442' title='bbox 1349 869 1511 897; x_wconf 84' lang='lat' dir='ltr'><strong>adamemus</strong></span> <span class='ocrx_word' id='word_1_443' title='bbox 1527 868 1575 903; x_wconf 87' lang='lat' dir='ltr'><strong>qui</strong></span> <span class='ocrx_word' id='word_1_444' title='bbox 1591 875 1674 895; x_wconf 80' lang='lat' dir='ltr'><strong>verus</strong></span> <span class='ocrx_word' id='word_1_445' title='bbox 1688 874 1768 895; x_wconf 87' lang='lat' dir='ltr'><strong>amor</strong></span> 
     </span>
    </p>
   </div>
   <div class='ocr_carea' id='block_1_62' title="bbox 971 915 1766 950">
    <p class='ocr_par' dir='ltr' id='par_1_62' title="bbox 971 915 1766 950">
     <span class='ocr_line' id='line_1_62' title="bbox 971 915 1766 950; baseline -0.005 -5"><span class='ocrx_word' id='word_1_446' title='bbox 971 921 1024 950; x_wconf 85' lang='lat' dir='ltr'><strong>est,</strong></span> <span class='ocrx_word' id='word_1_447' title='bbox 1049 916 1215 944; x_wconf 84' lang='lat' dir='ltr'><strong>desiderium</strong></span> <span class='ocrx_word' id='word_1_448' title='bbox 1243 916 1426 949; x_wconf 86' lang='lat' dir='ltr'><strong>inaccessum,</strong></span> <span class='ocrx_word' id='word_1_449' title='bbox 1453 915 1529 943; x_wconf 90' lang='lat' dir='ltr'><strong>solus</strong></span> <span class='ocrx_word' id='word_1_450' title='bbox 1543 915 1608 943; x_wconf 70' lang='lat' dir='ltr'><strong>coeli</strong></span> <span class='ocrx_word' id='word_1_451' title='bbox 1630 919 1766 949; x_wconf 76' lang='lat' dir='ltr'><strong>terraeque</strong></span> 
     </span>
    </p>
   </div>
   <div class='ocr_carea' id='block_1_63' title="bbox 971 961 1766 997">
    <p class='ocr_par' dir='ltr' id='par_1_63' title="bbox 971 961 1766 997">
     <span class='ocr_line' id='line_1_63' title="bbox 971 961 1766 997; baseline -0.003 -7"><span class='ocrx_word' id='word_1_452' title='bbox 971 962 1116 990; x_wconf 84' lang='lat' dir='ltr'><strong>Dominus.</strong></span> <span class='ocrx_word' id='word_1_453' title='bbox 1135 962 1220 997; x_wconf 87' lang='lat' dir='ltr'><strong>Cujus</strong></span> <span class='ocrx_word' id='word_1_454' title='bbox 1250 970 1315 996; x_wconf 75' lang='lat' dir='ltr'><strong>erga</strong></span> <span class='ocrx_word' id='word_1_455' title='bbox 1337 962 1465 990; x_wconf 85' lang='lat' dir='ltr'><strong>homines</strong></span> <span class='ocrx_word' id='word_1_456' title='bbox 1496 966 1571 989; x_wconf 85' lang='lat' dir='ltr'><strong>tanta</strong></span> <span class='ocrx_word' id='word_1_457' title='bbox 1595 961 1717 994; x_wconf 82' lang='lat' dir='ltr'><strong>dilectio,</strong></span> <span class='ocrx_word' id='word_1_458' title='bbox 1735 965 1766 988; x_wconf 83' lang='lat' dir='ltr'><strong>ut</strong></span> 
     </span>
    </p>
   </div>
   <div class='ocr_carea' id='block_1_64' title="bbox 971 1008 1765 1044">
    <p class='ocr_par' dir='ltr' id='par_1_64' title="bbox 971 1008 1765 1044">
     <span class='ocr_line' id='line_1_64' title="bbox 971 1008 1765 1044; baseline -0.004 -7"><span class='ocrx_word' id='word_1_459' title='bbox 971 1009 1042 1037; x_wconf 78' lang='lat' dir='ltr'><strong>servi</strong></span> <span class='ocrx_word' id='word_1_460' title='bbox 1056 1009 1172 1037; x_wconf 85' lang='lat' dir='ltr'><strong>formam</strong></span> <span class='ocrx_word' id='word_1_461' title='bbox 1189 1008 1382 1044; x_wconf 82' lang='lat' dir='ltr'><strong>assumpserit,</strong></span> <span class='ocrx_word' id='word_1_462' title='bbox 1396 1015 1451 1044; x_wconf 92' lang='lat' dir='ltr'><strong>quo</strong></span> <span class='ocrx_word' id='word_1_463' title='bbox 1483 1015 1533 1036; x_wconf 92' lang='lat' dir='ltr'><strong>nos</strong></span> <span class='ocrx_word' id='word_1_464' title='bbox 1560 1012 1707 1035; x_wconf 74' lang='lat' dir='ltr'><strong>revomret</strong></span> <span class='ocrx_word' id='word_1_465' title='bbox 1730 1008 1765 1034; x_wconf 87' lang='lat' dir='ltr'><strong>ab</strong></span> 
     </span>
    </p>
   </div>
   <div class='ocr_carea' id='block_1_65' title="bbox 970 1053 1764 1088">
    <p class='ocr_par' dir='ltr' id='par_1_65' title="bbox 970 1053 1764 1088">
     <span class='ocr_line' id='line_1_65' title="bbox 970 1053 1764 1088; baseline -0.004 -5"><span class='ocrx_word' id='word_1_466' title='bbox 970 1055 1094 1088; x_wconf 86' lang='lat' dir='ltr'><strong>interitu,</strong></span> <span class='ocrx_word' id='word_1_467' title='bbox 1111 1059 1139 1083; x_wconf 83' lang='lat' dir='ltr'><strong>et</strong></span> <span class='ocrx_word' id='word_1_468' title='bbox 1157 1055 1224 1083; x_wconf 83' lang='lat' dir='ltr'><strong>deos</strong></span> <span class='ocrx_word' id='word_1_469' title='bbox 1247 1054 1375 1082; x_wconf 67' lang='lat' dir='ltr'><strong>ediceret.</strong></span> <span class='ocrx_word' id='word_1_470' title='bbox 1390 1053 1413 1081; x_wconf 91' lang='grc' dir='ltr'><strong>Ο</strong></span> <span class='ocrx_word' id='word_1_471' title='bbox 1430 1054 1578 1081; x_wconf 79' lang='lat' dir='ltr'><strong>maximam</strong></span> <span class='ocrx_word' id='word_1_472' title='bbox 1601 1053 1764 1088; x_wconf 85' lang='lat' dir='ltr'><strong>promissio-</strong></span> 
     </span>
    </p>
   </div>
   <div class='ocr_carea' id='block_1_66' title="bbox 970 1099 1765 1136">
    <p class='ocr_par' dir='ltr' id='par_1_66' title="bbox 970 1099 1765 1136">
     <span class='ocr_line' id='line_1_66' title="bbox 970 1099 1765 1136; baseline -0.005 -7"><span class='ocrx_word' id='word_1_473' title='bbox 970 1101 1048 1129; x_wconf 85' lang='lat' dir='ltr'><strong>nem!</strong></span> <span class='ocrx_word' id='word_1_474' title='bbox 1065 1109 1082 1129; x_wconf 91' lang='grc' dir='ltr'>ο</span> <span class='ocrx_word' id='word_1_475' title='bbox 1102 1101 1267 1136; x_wconf 83' lang='lat' dir='ltr'><strong>stupendum</strong></span> <span class='ocrx_word' id='word_1_476' title='bbox 1288 1101 1317 1128; x_wconf 84' lang='lat' dir='ltr'><strong>in</strong></span> <span class='ocrx_word' id='word_1_477' title='bbox 1331 1100 1412 1128; x_wconf 67' lang='lat' dir='ltr'><strong>caelis</strong></span> <span class='ocrx_word' id='word_1_478' title='bbox 1427 1107 1574 1128; x_wconf 86' lang='lat' dir='ltr'><strong>occursum</strong></span> <span class='ocrx_word' id='word_1_479' title='bbox 1587 1100 1607 1116; x_wconf 85' lang='lat'><strong>&quot;</strong></span> <span class='ocrx_word' id='word_1_480' title='bbox 1623 1100 1630 1127; x_wconf 87' lang='lat'><strong>!</strong></span> <span class='ocrx_word' id='word_1_481' title='bbox 1650 1099 1692 1126; x_wconf 84' lang='lat' dir='ltr'><strong>Ibi</strong></span> <span class='ocrx_word' id='word_1_482' title='bbox 1709 1099 1765 1134; x_wconf 80' lang='lat' dir='ltr'><strong>ful-</strong></span> 
     </span>
    </p>
   </div>
   <div class='ocr_carea' id='block_1_67' title="bbox 970 1146 1764 1183">
    <p class='ocr_par' dir='ltr' id='par_1_67' title="bbox 970 1146 1764 1183">
     <span class='ocr_line' id='line_1_67' title="bbox 970 1146 1764 1183; baseline -0.003 -9"><span class='ocrx_word' id='word_1_483' title='bbox 970 1147 1145 1183; x_wconf 63' lang='lat' dir='ltr'><strong>gebuntjusti</strong></span> <span class='ocrx_word' id='word_1_484' title='bbox 1161 1148 1229 1174; x_wconf 74' lang='lat' dir='ltr'><strong>sicut</strong></span> <span class='ocrx_word' id='word_1_485' title='bbox 1243 1147 1304 1174; x_wconf 74' lang='lat' dir='ltr'><strong>tot:</strong></span> <span class='ocrx_word' id='word_1_486' title='bbox 1321 1146 1370 1180; x_wconf 93' lang='lat' dir='ltr'><strong>ibi,</strong></span> <span class='ocrx_word' id='word_1_487' title='bbox 1386 1154 1448 1182; x_wconf 64' lang='lat' dir='ltr'><strong>quae</strong></span> <span class='ocrx_word' id='word_1_488' title='bbox 1460 1146 1646 1181; x_wconf 76' lang='lat' dir='ltr'><strong>virginitatem</strong></span> <span class='ocrx_word' id='word_1_489' title='bbox 1663 1146 1764 1173; x_wconf 87' lang='lat' dir='ltr'><strong>indue-</strong></span> 
     </span>
    </p>
   </div>
   <div class='ocr_carea' id='block_1_68' title="bbox 970 1191 1764 1228">
    <p class='ocr_par' dir='ltr' id='par_1_68' title="bbox 970 1191 1764 1228">
     <span class='ocr_line' id='line_1_68' title="bbox 970 1191 1764 1228; baseline -0.003 -8"><span class='ocrx_word' id='word_1_490' title='bbox 970 1199 1046 1225; x_wconf 85' lang='lat' dir='ltr'><strong>runt,</strong></span> <span class='ocrx_word' id='word_1_491' title='bbox 1069 1193 1230 1228; x_wconf 85' lang='lat' dir='ltr'><strong>incorrupto</strong></span> <span class='ocrx_word' id='word_1_492' title='bbox 1253 1199 1356 1227; x_wconf 88' lang='lat' dir='ltr'><strong>sponso</strong></span> <span class='ocrx_word' id='word_1_493' title='bbox 1378 1191 1584 1227; x_wconf 79' lang='lat' dir='ltr'><strong>conjungeutur</strong></span> <span class='ocrx_word' id='word_1_494' title='bbox 1600 1201 1607 1219; x_wconf 92' lang='lat'><strong>:</strong></span> <span class='ocrx_word' id='word_1_495' title='bbox 1623 1191 1679 1223; x_wconf 86' lang='lat' dir='ltr'><strong>ibi,</strong></span> <span class='ocrx_word' id='word_1_496' title='bbox 1702 1199 1764 1226; x_wconf 67' lang='lat' dir='ltr'><strong>quae</strong></span> 
     </span>
    </p>
   </div>
   <div class='ocr_carea' id='block_1_69' title="bbox 969 1238 1763 1274">
    <p class='ocr_par' dir='ltr' id='par_1_69' title="bbox 969 1238 1763 1274">
     <span class='ocr_line' id='line_1_69' title="bbox 969 1238 1763 1274; baseline -0.003 -7"><span class='ocrx_word' id='word_1_497' title='bbox 969 1240 1166 1274; x_wconf 84' lang='lat' dir='ltr'><strong>subjectionem</strong></span> <span class='ocrx_word' id='word_1_498' title='bbox 1183 1243 1211 1266; x_wconf 89' lang='lat' dir='ltr'><strong>et</strong></span> <span class='ocrx_word' id='word_1_499' title='bbox 1223 1238 1407 1266; x_wconf 82' lang='lat' dir='ltr'><strong>obedientiam</strong></span> <span class='ocrx_word' id='word_1_500' title='bbox 1425 1239 1581 1271; x_wconf 89' lang='lat' dir='ltr'><strong>coluerunt,</strong></span> <span class='ocrx_word' id='word_1_501' title='bbox 1600 1238 1674 1266; x_wconf 87' lang='lat' dir='ltr'><strong>velut</strong></span> <span class='ocrx_word' id='word_1_502' title='bbox 1686 1238 1763 1273; x_wconf 82' lang='lat' dir='ltr'><strong>prin-</strong></span> 
     </span>
    </p>
   </div>
   <div class='ocr_carea' id='block_1_70' title="bbox 969 1283 1762 1321">
    <p class='ocr_par' dir='ltr' id='par_1_70' title="bbox 969 1283 1762 1321">
     <span class='ocr_line' id='line_1_70' title="bbox 969 1283 1762 1321; baseline -0.003 -8"><span class='ocrx_word' id='word_1_503' title='bbox 969 1286 1045 1321; x_wconf 88' lang='lat' dir='ltr'><strong>cipes</strong></span> <span class='ocrx_word' id='word_1_504' title='bbox 1055 1284 1158 1312; x_wconf 85' lang='lat' dir='ltr'><strong>Christi</strong></span> <span class='ocrx_word' id='word_1_505' title='bbox 1173 1289 1307 1319; x_wconf 85' lang='lat' dir='ltr'><strong>perpetuo</strong></span> <span class='ocrx_word' id='word_1_506' title='bbox 1323 1283 1514 1319; x_wconf 85' lang='lat' dir='ltr'><strong>tripudial-unt</strong></span> <span class='ocrx_word' id='word_1_507' title='bbox 1527 1292 1534 1311; x_wconf 93' lang='lat'>:</span> <span class='ocrx_word' id='word_1_508' title='bbox 1549 1284 1697 1312; x_wconf 88' lang='lat' dir='ltr'><strong>contrariis</strong></span> <span class='ocrx_word' id='word_1_509' title='bbox 1711 1291 1762 1312; x_wconf 84' lang='lat' dir='ltr'><strong>au-</strong></span> 
     </span>
    </p>
   </div>
   <div class='ocr_carea' id='block_1_71' title="bbox 970 1329 1501 1360">
    <p class='ocr_par' dir='ltr' id='par_1_71' title="bbox 970 1329 1501 1360">
     <span class='ocr_line' id='line_1_71' title="bbox 970 1329 1501 1360; baseline -0.006 0"><span class='ocrx_word' id='word_1_510' title='bbox 970 1337 1023 1360; x_wconf 90' lang='lat' dir='ltr'><strong>tem</strong></span> <span class='ocrx_word' id='word_1_511' title='bbox 1034 1331 1175 1360; x_wconf 79' lang='lat' dir='ltr'><strong>contraria</strong></span> <span class='ocrx_word' id='word_1_512' title='bbox 1188 1331 1249 1358; x_wconf 76' lang='lat' dir='ltr'><strong>sine</strong></span> <span class='ocrx_word' id='word_1_513' title='bbox 1258 1330 1344 1358; x_wconf 87' lang='lat' dir='ltr'><strong>dubio</strong></span> <span class='ocrx_word' id='word_1_514' title='bbox 1361 1329 1501 1358; x_wconf 87' lang='lat' dir='ltr'><strong>evenient.</strong></span> 
     </span>
    </p>
   </div>
   <div class='ocr_carea' id='block_1_72' title="bbox 1004 1456 1762 1490">
    <p class='ocr_par' dir='ltr' id='par_1_72' title="bbox 1004 1456 1762 1490">
     <span class='ocr_line' id='line_1_72' title="bbox 1004 1456 1762 1490; baseline 0 -7"><span class='ocrx_word' id='word_1_515' title='bbox 1004 1456 1105 1489; x_wconf 77' lang='lat' dir='ltr'><strong>Quare,</strong></span> <span class='ocrx_word' id='word_1_516' title='bbox 1136 1462 1258 1488; x_wconf 73' lang='lat' dir='ltr'><strong>SOI&#39;OI&#39;CS,</strong></span> <span class='ocrx_word' id='word_1_517' title='bbox 1291 1462 1405 1483; x_wconf 70' lang='grc' dir='ltr'>(ιι-υοσω</span> <span class='ocrx_word' id='word_1_518' title='bbox 1437 1458 1582 1490; x_wconf 83' lang='lat' dir='ltr'><strong>portantes</strong></span> <span class='ocrx_word' id='word_1_519' title='bbox 1612 1462 1762 1483; x_wconf 79' lang='lat' dir='ltr'><strong>caveamus</strong></span> 
     </span>
    </p>
   </div>
   <div class='ocr_carea' id='block_1_73' title="bbox 969 1500 1761 1537">
    <p class='ocr_par' dir='ltr' id='par_1_73' title="bbox 969 1500 1761 1537">
     <span class='ocr_line' id='line_1_73' title="bbox 969 1500 1761 1537; baseline -0.001 -8"><span class='ocrx_word' id='word_1_520' title='bbox 969 1502 1061 1534; x_wconf 85' lang='lat' dir='ltr'><strong>nobis.</strong></span> <span class='ocrx_word' id='word_1_521' title='bbox 1078 1509 1113 1529; x_wconf 80' lang='lat' dir='ltr'><strong>ne</strong></span> <span class='ocrx_word' id='word_1_522' title='bbox 1128 1509 1177 1537; x_wconf 89' lang='lat' dir='ltr'><strong>pro</strong></span> <span class='ocrx_word' id='word_1_523' title='bbox 1192 1501 1247 1528; x_wconf 88' lang='lat' dir='ltr'><strong>vita</strong></span> <span class='ocrx_word' id='word_1_524' title='bbox 1261 1505 1289 1529; x_wconf 83' lang='lat' dir='ltr'><strong>et</strong></span> <span class='ocrx_word' id='word_1_525' title='bbox 1306 1501 1405 1536; x_wconf 77' lang='lat' dir='ltr'><strong>gaudio</strong></span> <span class='ocrx_word' id='word_1_526' title='bbox 1426 1500 1563 1528; x_wconf 80' lang='lat' dir='ltr'><strong>immenso</strong></span> <span class='ocrx_word' id='word_1_527' title='bbox 1590 1501 1761 1536; x_wconf 88' lang='lat' dir='ltr'><strong>supplicium</strong></span> 
     </span>
    </p>
   </div>
   <div class='ocr_carea' id='block_1_74' title="bbox 932 1547 1764 1597">
    <p class='ocr_par' dir='ltr' id='par_1_74' title="bbox 932 1547 1764 1597">
     <span class='ocr_line' id='line_1_74' title="bbox 932 1547 1764 1597; baseline 0 -23"><span class='ocrx_word' id='word_1_528' title='bbox 932 1567 955 1597; x_wconf 66' lang='grc' dir='ltr'>ο</span> <span class='ocrx_word' id='word_1_529' title='bbox 971 1548 1114 1583; x_wconf 72' lang='lat' dir='ltr'><strong>ignemque</strong></span> <span class='ocrx_word' id='word_1_530' title='bbox 1124 1552 1257 1576; x_wconf 64' lang='lat' dir='ltr'><strong>aeternum</strong></span> <span class='ocrx_word' id='word_1_531' title='bbox 1271 1547 1450 1582; x_wconf 86' lang='lat' dir='ltr'><strong>acquiramus</strong></span> <span class='ocrx_word' id='word_1_532' title='bbox 1463 1554 1512 1582; x_wconf 87' lang='lat' dir='ltr'><strong>per</strong></span> <span class='ocrx_word' id='word_1_533' title='bbox 1524 1547 1722 1583; x_wconf 74' lang='lat' dir='ltr'><strong>negligentiam</strong></span> <span class='ocrx_word' id='word_1_534' title='bbox 1735 1553 1764 1575; x_wconf 83' lang='lat' dir='ltr'><strong>et</strong></span> 
     </span>
    </p>
   </div>
   <div class='ocr_carea' id='block_1_75' title="bbox 970 1592 1763 1628">
    <p class='ocr_par' dir='ltr' id='par_1_75' title="bbox 970 1592 1763 1628">
     <span class='ocr_line' id='line_1_75' title="bbox 970 1592 1763 1628; baseline -0.001 -7"><span class='ocrx_word' id='word_1_535' title='bbox 970 1593 1062 1622; x_wconf 85' lang='lat' dir='ltr'><strong>carnis</strong></span> <span class='ocrx_word' id='word_1_536' title='bbox 1071 1592 1287 1628; x_wconf 85' lang='lat' dir='ltr'><strong>corruptionem,</strong></span> <span class='ocrx_word' id='word_1_537' title='bbox 1303 1600 1353 1627; x_wconf 87' lang='lat' dir='ltr'><strong>per</strong></span> <span class='ocrx_word' id='word_1_538' title='bbox 1368 1592 1581 1621; x_wconf 84' lang='lat' dir='ltr'><strong>inobedientiam</strong></span> <span class='ocrx_word' id='word_1_539' title='bbox 1594 1593 1763 1620; x_wconf 77' lang='lat' dir='ltr'><strong>molliorem-</strong></span> 
     </span>
    </p>
   </div>
   <div class='ocr_carea' id='block_1_76' title="bbox 970 1637 1765 1675">
    <p class='ocr_par' dir='ltr' id='par_1_76' title="bbox 970 1637 1765 1675">
     <span class='ocr_line' id='line_1_76' title="bbox 970 1637 1765 1675; baseline -0.001 -8"><span class='ocrx_word' id='word_1_540' title='bbox 970 1648 1023 1675; x_wconf 84' lang='lat' dir='ltr'><strong>que</strong></span> <span class='ocrx_word' id='word_1_541' title='bbox 1039 1639 1286 1667; x_wconf 81' lang='lat' dir='ltr'><strong>conversationem.</strong></span> <span class='ocrx_word' id='word_1_542' title='bbox 1303 1638 1397 1666; x_wconf 84' lang='lat' dir='ltr'><strong>Virtus</strong></span> <span class='ocrx_word' id='word_1_543' title='bbox 1417 1646 1433 1666; x_wconf 88' lang='lat' dir='ltr'><strong>a</strong></span> <span class='ocrx_word' id='word_1_544' title='bbox 1456 1637 1523 1670; x_wconf 83' lang='lat' dir='ltr'><strong>Deo.</strong></span> <span class='ocrx_word' id='word_1_545' title='bbox 1539 1643 1566 1666; x_wconf 85' lang='lat' dir='ltr'><strong>et</strong></span> <span class='ocrx_word' id='word_1_546' title='bbox 1586 1638 1679 1666; x_wconf 86' lang='lat' dir='ltr'><strong>divina</strong></span> <span class='ocrx_word' id='word_1_547' title='bbox 1699 1648 1705 1666; x_wconf 93' lang='lat'>:</span> <span class='ocrx_word' id='word_1_548' title='bbox 1723 1639 1765 1666; x_wconf 46' lang='lat' dir='ltr'><strong>vi‘</strong></span> 
     </span>
    </p>
   </div>
   <div class='ocr_carea' id='block_1_77' title="bbox 970 1684 1763 1720">
    <p class='ocr_par' dir='ltr' id='par_1_77' title="bbox 970 1684 1763 1720">
     <span class='ocr_line' id='line_1_77' title="bbox 970 1684 1763 1720; baseline -0.003 -7"><span class='ocrx_word' id='word_1_549' title='bbox 970 1687 1076 1714; x_wconf 84' lang='lat' dir='ltr'><strong>tiositas</strong></span> <span class='ocrx_word' id='word_1_550' title='bbox 1093 1693 1108 1713; x_wconf 93' lang='lat' dir='ltr'><strong>a</strong></span> <span class='ocrx_word' id='word_1_551' title='bbox 1124 1685 1238 1717; x_wconf 83' lang='lat' dir='ltr'><strong>Satana,</strong></span> <span class='ocrx_word' id='word_1_552' title='bbox 1257 1689 1285 1711; x_wconf 89' lang='lat' dir='ltr'><strong>et</strong></span> <span class='ocrx_word' id='word_1_553' title='bbox 1300 1684 1427 1712; x_wconf 84' lang='lat' dir='ltr'><strong>Satanas.</strong></span> <span class='ocrx_word' id='word_1_554' title='bbox 1441 1684 1493 1718; x_wconf 86' lang='lat' dir='ltr'><strong>Qui</strong></span> <span class='ocrx_word' id='word_1_555' title='bbox 1510 1685 1632 1720; x_wconf 86' lang='lat' dir='ltr'><strong>priorem</strong></span> <span class='ocrx_word' id='word_1_556' title='bbox 1647 1685 1763 1719; x_wconf 77' lang='lat' dir='ltr'><strong>eligunt,</strong></span> 
     </span>
    </p>
   </div>
   <div class='ocr_carea' id='block_1_78' title="bbox 970 1731 1766 1766">
    <p class='ocr_par' dir='ltr' id='par_1_78' title="bbox 970 1731 1766 1766">
     <span class='ocr_line' id='line_1_78' title="bbox 970 1731 1766 1766; baseline -0.003 -6"><span class='ocrx_word' id='word_1_557' title='bbox 970 1733 1007 1760; x_wconf 92' lang='lat' dir='ltr'><strong>dii</strong></span> <span class='ocrx_word' id='word_1_558' title='bbox 1027 1736 1093 1760; x_wconf 85' lang='lat' dir='ltr'><strong>sunt</strong></span> <span class='ocrx_word' id='word_1_559' title='bbox 1119 1736 1146 1759; x_wconf 88' lang='lat' dir='ltr'><strong>et</strong></span> <span class='ocrx_word' id='word_1_560' title='bbox 1171 1731 1241 1759; x_wconf 81' lang='lat' dir='ltr'><strong>Dei:</strong></span> <span class='ocrx_word' id='word_1_561' title='bbox 1257 1731 1305 1766; x_wconf 87' lang='lat' dir='ltr'><strong>qui</strong></span> <span class='ocrx_word' id='word_1_562' title='bbox 1328 1731 1521 1766; x_wconf 78' lang='lat' dir='ltr'><strong>posteriorem,</strong></span> <span class='ocrx_word' id='word_1_563' title='bbox 1543 1731 1681 1759; x_wconf 64' lang='lat' dir='ltr'><strong>daemones</strong></span> <span class='ocrx_word' id='word_1_564' title='bbox 1700 1735 1766 1758; x_wconf 79' lang='lat' dir='ltr'><strong>sunt</strong></span> 
     </span>
    </p>
   </div>
   <div class='ocr_carea' id='block_1_79' title="bbox 970 1777 1763 1813">
    <p class='ocr_par' dir='ltr' id='par_1_79' title="bbox 970 1777 1763 1813">
     <span class='ocr_line' id='line_1_79' title="bbox 970 1777 1763 1813; baseline -0.003 -7"><span class='ocrx_word' id='word_1_565' title='bbox 970 1784 998 1806; x_wconf 90' lang='lat' dir='ltr'><strong>et</strong></span> <span class='ocrx_word' id='word_1_566' title='bbox 1016 1778 1160 1806; x_wconf 71' lang='lat' dir='ltr'><strong>daemonis.</strong></span> <span class='ocrx_word' id='word_1_567' title='bbox 1172 1777 1220 1805; x_wconf 84' lang='lat' dir='ltr'><strong>Sic</strong></span> <span class='ocrx_word' id='word_1_568' title='bbox 1238 1785 1290 1813; x_wconf 74' lang='lat' dir='ltr'><strong>ego</strong></span> <span class='ocrx_word' id='word_1_569' title='bbox 1300 1785 1350 1805; x_wconf 89' lang='lat' dir='ltr'><strong>vos</strong></span> <span class='ocrx_word' id='word_1_570' title='bbox 1375 1785 1450 1804; x_wconf 84' lang='lat' dir='ltr'><strong>nunc</strong></span> <span class='ocrx_word' id='word_1_571' title='bbox 1474 1777 1557 1805; x_wconf 75' lang='lat' dir='ltr'><strong>etiam</strong></span> <span class='ocrx_word' id='word_1_572' title='bbox 1581 1777 1763 1812; x_wconf 88' lang='lat' dir='ltr'><strong>complector.</strong></span> 
     </span>
    </p>
   </div>
   <div class='ocr_carea' id='block_1_80' title="bbox 974 1822 1764 1860">
    <p class='ocr_par' dir='ltr' id='par_1_80' title="bbox 974 1822 1764 1860">
     <span class='ocr_line' id='line_1_80' title="bbox 974 1822 1764 1860; baseline -0.003 -8"><span class='ocrx_word' id='word_1_573' title='bbox 974 1825 1028 1852; x_wconf 83' lang='lat' dir='ltr'><strong>Nec</strong></span> <span class='ocrx_word' id='word_1_574' title='bbox 1043 1832 1109 1852; x_wconf 86' lang='lat' dir='ltr'><strong>vero</strong></span> <span class='ocrx_word' id='word_1_575' title='bbox 1129 1825 1222 1860; x_wconf 75' lang='lat' dir='ltr'><strong>gravis</strong></span> <span class='ocrx_word' id='word_1_576' title='bbox 1248 1823 1344 1851; x_wconf 87' lang='lat' dir='ltr'><strong>videar</strong></span> <span class='ocrx_word' id='word_1_577' title='bbox 1367 1824 1446 1852; x_wconf 88' lang='lat' dir='ltr'><strong>vobis</strong></span> <span class='ocrx_word' id='word_1_578' title='bbox 1469 1828 1601 1858; x_wconf 83' lang='lat' dir='ltr'><strong>tanquam</strong></span> <span class='ocrx_word' id='word_1_579' title='bbox 1628 1824 1697 1851; x_wconf 84' lang='lat' dir='ltr'><strong>dura</strong></span> <span class='ocrx_word' id='word_1_580' title='bbox 1722 1822 1764 1851; x_wconf 89' lang='lat' dir='ltr'><strong>lo-</strong></span> 
     </span>
    </p>
   </div>
   <div class='ocr_carea' id='block_1_81' title="bbox 972 1869 1764 1906">
    <p class='ocr_par' dir='ltr' id='par_1_81' title="bbox 972 1869 1764 1906">
     <span class='ocr_line' id='line_1_81' title="bbox 972 1869 1764 1906; baseline -0.004 -8"><span class='ocrx_word' id='word_1_581' title='bbox 972 1879 1071 1906; x_wconf 83' lang='lat' dir='ltr'><strong>quens.</strong></span> <span class='ocrx_word' id='word_1_582' title='bbox 1087 1871 1134 1898; x_wconf 86' lang='lat' dir='ltr'><strong>sed</strong></span> <span class='ocrx_word' id='word_1_583' title='bbox 1152 1874 1247 1906; x_wconf 74' lang='lat' dir='ltr'><strong>gratus</strong></span> <span class='ocrx_word' id='word_1_584' title='bbox 1261 1870 1366 1905; x_wconf 85' lang='lat' dir='ltr'><strong>potius,</strong></span> <span class='ocrx_word' id='word_1_585' title='bbox 1382 1874 1412 1897; x_wconf 88' lang='lat' dir='ltr'><strong>ut</strong></span> <span class='ocrx_word' id='word_1_586' title='bbox 1426 1870 1475 1905; x_wconf 90' lang='lat' dir='ltr'><strong>qui</strong></span> <span class='ocrx_word' id='word_1_587' title='bbox 1499 1877 1549 1904; x_wconf 87' lang='lat' dir='ltr'><strong>pro</strong></span> <span class='ocrx_word' id='word_1_588' title='bbox 1566 1869 1622 1896; x_wconf 91' lang='lat' dir='ltr'><strong>Deo</strong></span> <span class='ocrx_word' id='word_1_589' title='bbox 1639 1877 1687 1896; x_wconf 88' lang='lat' dir='ltr'><strong>vos</strong></span> <span class='ocrx_word' id='word_1_590' title='bbox 1705 1877 1764 1896; x_wconf 85' lang='lat' dir='ltr'><strong>mo-</strong></span> 
     </span>
    </p>
   </div>
   <div class='ocr_carea' id='block_1_82' title="bbox 972 1913 1765 1950">
    <p class='ocr_par' dir='ltr' id='par_1_82' title="bbox 972 1913 1765 1950">
     <span class='ocr_line' id='line_1_82' title="bbox 972 1913 1765 1950; baseline -0.001 -8"><span class='ocrx_word' id='word_1_591' title='bbox 972 1923 1062 1942; x_wconf 82' lang='lat' dir='ltr'><strong>neam.</strong></span> <span class='ocrx_word' id='word_1_592' title='bbox 1078 1914 1172 1950; x_wconf 84' lang='lat' dir='ltr'><strong>Neque</strong></span> <span class='ocrx_word' id='word_1_593' title='bbox 1190 1915 1225 1943; x_wconf 77' lang='lat' dir='ltr'><strong>ad</strong></span> <span class='ocrx_word' id='word_1_594' title='bbox 1239 1915 1366 1942; x_wconf 86' lang='lat' dir='ltr'><strong>dominas</strong></span> <span class='ocrx_word' id='word_1_595' title='bbox 1389 1919 1494 1950; x_wconf 79' lang='lat' dir='ltr'><strong>spectat</strong></span> <span class='ocrx_word' id='word_1_596' title='bbox 1519 1913 1564 1942; x_wconf 92' lang='lat' dir='ltr'><strong>hic</strong></span> <span class='ocrx_word' id='word_1_597' title='bbox 1581 1922 1691 1947; x_wconf 84' lang='lat' dir='ltr'><strong>sermo;</strong></span> <span class='ocrx_word' id='word_1_598' title='bbox 1712 1914 1765 1941; x_wconf 67' lang='lat' dir='ltr'><strong>illa:</strong></span> 
     </span>
    </p>
   </div>
   <div class='ocr_carea' id='block_1_83' title="bbox 971 1961 1765 1998">
    <p class='ocr_par' dir='ltr' id='par_1_83' title="bbox 971 1961 1765 1998">
     <span class='ocr_line' id='line_1_83' title="bbox 971 1961 1765 1998; baseline -0.001 -9"><span class='ocrx_word' id='word_1_599' title='bbox 971 1962 1043 1990; x_wconf 91' lang='lat' dir='ltr'><strong>cnim</strong></span> <span class='ocrx_word' id='word_1_600' title='bbox 1057 1962 1172 1998; x_wconf 85' lang='lat' dir='ltr'><strong>aliarum</strong></span> <span class='ocrx_word' id='word_1_601' title='bbox 1183 1961 1341 1990; x_wconf 81' lang='lat' dir='ltr'><strong>etiamsunt</strong></span> <span class='ocrx_word' id='word_1_602' title='bbox 1360 1961 1516 1997; x_wconf 64' lang='lat' dir='ltr'><strong>magistre;</strong></span> <span class='ocrx_word' id='word_1_603' title='bbox 1531 1961 1577 1989; x_wconf 88' lang='lat' dir='ltr'><strong>sed</strong></span> <span class='ocrx_word' id='word_1_604' title='bbox 1594 1961 1628 1988; x_wconf 87' lang='lat' dir='ltr'><strong>ad</strong></span> <span class='ocrx_word' id='word_1_605' title='bbox 1639 1968 1765 1988; x_wconf 85' lang='lat' dir='ltr'><strong>commu-</strong></span> 
     </span>
    </p>
   </div>
   <div class='ocr_carea' id='block_1_84' title="bbox 973 2005 1765 2041">
    <p class='ocr_par' dir='ltr' id='par_1_84' title="bbox 973 2005 1765 2041">
     <span class='ocr_line' id='line_1_84' title="bbox 973 2005 1765 2041; baseline -0.001 -7"><span class='ocrx_word' id='word_1_606' title='bbox 973 2014 1035 2034; x_wconf 87' lang='lat' dir='ltr'><strong>nem</strong></span> <span class='ocrx_word' id='word_1_607' title='bbox 1054 2011 1156 2034; x_wconf 73' lang='lat' dir='ltr'><strong>cmtum</strong></span> <span class='ocrx_word' id='word_1_608' title='bbox 1165 2014 1290 2034; x_wconf 80' lang='lat' dir='ltr'><strong>sororum</strong></span> <span class='ocrx_word' id='word_1_609' title='bbox 1306 2014 1313 2033; x_wconf 87' lang='lat'>:</span> <span class='ocrx_word' id='word_1_610' title='bbox 1328 2006 1375 2041; x_wconf 90' lang='lat' dir='ltr'><strong>qui</strong></span> <span class='ocrx_word' id='word_1_611' title='bbox 1387 2007 1475 2041; x_wconf 77' lang='lat' dir='ltr'><strong>magis</strong></span> <span class='ocrx_word' id='word_1_612' title='bbox 1487 2005 1629 2041; x_wconf 69' lang='lat' dir='ltr'><strong>magisque</strong></span> <span class='ocrx_word' id='word_1_613' title='bbox 1643 2013 1727 2033; x_wconf 77' lang='lat' dir='ltr'><strong>sanus</strong></span> <span class='ocrx_word' id='word_1_614' title='bbox 1738 2010 1765 2033; x_wconf 74' lang='lat' dir='ltr'><strong>et</strong></span> 
     </span>
    </p>
   </div>
   <div class='ocr_carea' id='block_1_85' title="bbox 971 2051 1766 2087">
    <p class='ocr_par' dir='ltr' id='par_1_85' title="bbox 971 2051 1766 2087">
     <span class='ocr_line' id='line_1_85' title="bbox 971 2051 1766 2087; baseline -0.003 -8"><span class='ocrx_word' id='word_1_615' title='bbox 971 2052 1066 2087; x_wconf 74' lang='lat' dir='ltr'><strong>vigens</strong></span> <span class='ocrx_word' id='word_1_616' title='bbox 1083 2057 1215 2084; x_wconf 84' lang='lat' dir='ltr'><strong>servetur,</strong></span> <span class='ocrx_word' id='word_1_617' title='bbox 1228 2051 1262 2079; x_wconf 88' lang='lat' dir='ltr'><strong>ad</strong></span> <span class='ocrx_word' id='word_1_618' title='bbox 1272 2059 1359 2079; x_wconf 90' lang='lat' dir='ltr'><strong>meam</strong></span> <span class='ocrx_word' id='word_1_619' title='bbox 1368 2052 1450 2079; x_wconf 86' lang='lat' dir='ltr'><strong>etiam</strong></span> <span class='ocrx_word' id='word_1_620' title='bbox 1464 2055 1494 2078; x_wconf 86' lang='lat' dir='ltr'><strong>ut</strong></span> <span class='ocrx_word' id='word_1_621' title='bbox 1505 2052 1654 2080; x_wconf 88' lang='lat' dir='ltr'><strong>bortatoris</strong></span> <span class='ocrx_word' id='word_1_622' title='bbox 1663 2051 1766 2086; x_wconf 78' lang='lat' dir='ltr'><strong>gloria-</strong></span> 
     </span>
    </p>
   </div>
   <div class='ocr_carea' id='block_1_86' title="bbox 972 2097 1762 2133">
    <p class='ocr_par' dir='ltr' id='par_1_86' title="bbox 972 2097 1762 2133">
     <span class='ocr_line' id='line_1_86' title="bbox 972 2097 1762 2133; baseline -0.001 -8"><span class='ocrx_word' id='word_1_623' title='bbox 972 2098 1074 2125; x_wconf 85' lang='lat' dir='ltr'><strong>tionem</strong></span> <span class='ocrx_word' id='word_1_624' title='bbox 1088 2098 1116 2125; x_wconf 91' lang='lat' dir='ltr'><strong>in</strong></span> <span class='ocrx_word' id='word_1_625' title='bbox 1130 2098 1174 2126; x_wconf 91' lang='lat' dir='ltr'><strong>die</strong></span> <span class='ocrx_word' id='word_1_626' title='bbox 1189 2097 1292 2126; x_wconf 86' lang='lat' dir='ltr'><strong>Christi</strong></span> <span class='ocrx_word' id='word_1_627' title='bbox 1306 2106 1313 2125; x_wconf 91' lang='lat'><strong>:</strong></span> <span class='ocrx_word' id='word_1_628' title='bbox 1328 2098 1373 2125; x_wconf 87' lang='lat' dir='ltr'><strong>cui</strong></span> <span class='ocrx_word' id='word_1_629' title='bbox 1392 2097 1478 2133; x_wconf 77' lang='lat' dir='ltr'><strong>gloria</strong></span> <span class='ocrx_word' id='word_1_630' title='bbox 1493 2098 1520 2125; x_wconf 92' lang='lat' dir='ltr'><strong>in</strong></span> <span class='ocrx_word' id='word_1_631' title='bbox 1536 2098 1648 2126; x_wconf 61' lang='lat' dir='ltr'><strong>sarcula.</strong></span> <span class='ocrx_word' id='word_1_632' title='bbox 1664 2098 1762 2125; x_wconf 80' lang='lat' dir='ltr'><strong>Amen.</strong></span> 
     </span>
    </p>
   </div>
   <div class='ocr_carea' id='block_1_87' title="bbox 1191 2154 1568 2191">
    <p class='ocr_par' dir='ltr' id='par_1_87' title="bbox 1191 2154 1568 2191">
     <span class='ocr_line' id='line_1_87' title="bbox 1191 2154 1568 2191; baseline 0 -9"><span class='ocrx_word' id='word_1_633' title='bbox 1191 2154 1247 2183; x_wconf 81' lang='lat' dir='ltr'><strong>CV.</strong></span> <span class='ocrx_word' id='word_1_634' title='bbox 1259 2170 1295 2177; x_wconf 84' lang='lat'><strong>—-</strong></span> <span class='ocrx_word' id='word_1_635' title='bbox 1306 2155 1434 2183; x_wconf 77' lang='lat' dir='ltr'><strong>Ant/timo</strong></span> <span class='ocrx_word' id='word_1_636' title='bbox 1454 2155 1512 2190; x_wconf 81' lang='lat' dir='ltr'><strong>ﬁlio</strong></span> <span class='ocrx_word' id='word_1_637' title='bbox 1526 2155 1568 2191; x_wconf 84' lang='lat'><strong>(‘).</strong></span> 
     </span>
    </p>
   </div>
   <div class='ocr_carea' id='block_1_88' title="bbox 759 2222 1141 2255">
    <p class='ocr_par' dir='ltr' id='par_1_88' title="bbox 759 2222 1141 2255">
     <span class='ocr_line' id='line_1_88' title="bbox 759 2222 1141 2255; baseline 0.008 -9"><span class='ocrx_word' id='word_1_638' title='bbox 759 2222 797 2247; x_wconf 81' lang='lat' dir='ltr'><strong>Ad</strong></span> <span class='ocrx_word' id='word_1_639' title='bbox 806 2223 937 2253; x_wconf 82' lang='lat' dir='ltr'><strong>quemdam</strong></span> <span class='ocrx_word' id='word_1_640' title='bbox 950 2225 991 2255; x_wconf 90' lang='lat' dir='ltr'><strong>qui</strong></span> <span class='ocrx_word' id='word_1_641' title='bbox 1004 2224 1141 2249; x_wconf 82' lang='lat' dir='ltr'><strong>deiecerat.</strong></span> 
     </span>
    </p>
   </div>
   <div class='ocr_carea' id='block_1_89' title="bbox 165 2263 920 2300">
    <p class='ocr_par' dir='ltr' id='par_1_89' title="bbox 165 2263 920 2300">
     <span class='ocr_line' id='line_1_89' title="bbox 165 2263 920 2300; baseline 0.003 -11"><span class='ocrx_word' id='word_1_642' title='bbox 165 2263 198 2290; x_wconf 80' lang='lat'><strong>&#39;0</strong></span> <span class='ocrx_word' id='word_1_643' title='bbox 211 2263 294 2299; x_wconf 84' lang='grc' dir='ltr'>νόμος</span> <span class='ocrx_word' id='word_1_644' title='bbox 308 2263 356 2289; x_wconf 88' lang='grc' dir='ltr'><strong>τοῦ</strong></span> <span class='ocrx_word' id='word_1_645' title='bbox 369 2263 438 2290; x_wconf 87' lang='grc' dir='ltr'>Θεοῦ</span> <span class='ocrx_word' id='word_1_646' title='bbox 450 2264 465 2290; x_wconf 83' lang='grc' dir='ltr'><strong>ὁ</strong></span> <span class='ocrx_word' id='word_1_647' title='bbox 479 2263 562 2299; x_wconf 78' lang='grc' dir='ltr'>φόϐος</span> <span class='ocrx_word' id='word_1_648' title='bbox 574 2272 605 2290; x_wconf 82' lang='grc' dir='ltr'><strong>τε</strong></span> <span class='ocrx_word' id='word_1_649' title='bbox 617 2263 666 2291; x_wconf 79' lang='grc' dir='ltr'>καὶ</span> <span class='ocrx_word' id='word_1_650' title='bbox 679 2264 694 2290; x_wconf 86' lang='grc' dir='ltr'><strong>ό</strong></span> <span class='ocrx_word' id='word_1_651' title='bbox 707 2264 809 2300; x_wconf 86' lang='grc' dir='ltr'>τρόμος</span> <span class='ocrx_word' id='word_1_652' title='bbox 825 2265 920 2298; x_wconf 83' lang='grc' dir='ltr'>αὑτοῦ,</span> 
     </span>
    </p>
   </div>
   <div class='ocr_carea' id='block_1_90' title="bbox 125 2309 915 2345">
    <p class='ocr_par' dir='ltr' id='par_1_90' title="bbox 125 2309 915 2345">
     <span class='ocr_line' id='line_1_90' title="bbox 125 2309 915 2345; baseline 0.003 -9"><span class='ocrx_word' id='word_1_653' title='bbox 125 2309 165 2342; x_wconf 83' lang='grc' dir='ltr'>ὣς</span> <span class='ocrx_word' id='word_1_654' title='bbox 185 2317 264 2345; x_wconf 84' lang='grc' dir='ltr'>φησι·</span> <span class='ocrx_word' id='word_1_655' title='bbox 283 2309 403 2341; x_wconf 76' lang='grc' dir='ltr'>Σκοπόν</span> <span class='ocrx_word' id='word_1_656' title='bbox 428 2316 465 2337; x_wconf 78' lang='grc' dir='ltr'>σε</span> <span class='ocrx_word' id='word_1_657' title='bbox 484 2309 601 2337; x_wconf 77' lang='grc' dir='ltr'>τέθεικα</span> <span class='ocrx_word' id='word_1_658' title='bbox 616 2309 657 2342; x_wconf 83' lang='grc' dir='ltr'>τῷ</span> <span class='ocrx_word' id='word_1_659' title='bbox 674 2310 748 2343; x_wconf 81' lang='grc' dir='ltr'>οικφ</span> <span class='ocrx_word' id='word_1_660' title='bbox 780 2310 915 2344; x_wconf 74' lang='grc' dir='ltr'><strong>Ἰσραήλ.</strong></span> 
     </span>
    </p>
   </div>
   <div class='ocr_carea' id='block_1_91' title="bbox 132 2354 915 2392">
    <p class='ocr_par' dir='ltr' id='par_1_91' title="bbox 132 2354 915 2392">
     <span class='ocr_line' id='line_1_91' title="bbox 132 2354 915 2392; baseline 0.004 -11"><span class='ocrx_word' id='word_1_661' title='bbox 132 2356 163 2382; x_wconf 85' lang='lat'><strong>&#39;0</strong></span> <span class='ocrx_word' id='word_1_662' title='bbox 174 2355 203 2382; x_wconf 71' lang='grc' dir='ltr'><strong>δὲ</strong></span> <span class='ocrx_word' id='word_1_663' title='bbox 216 2354 319 2387; x_wconf 76' lang='grc' dir='ltr'>σκοπὸς</span> <span class='ocrx_word' id='word_1_664' title='bbox 331 2355 383 2390; x_wconf 83' lang='grc' dir='ltr'>τῆς</span> <span class='ocrx_word' id='word_1_665' title='bbox 394 2355 538 2390; x_wconf 79' lang='grc' dir='ltr'>ἀγγελίας,</span> <span class='ocrx_word' id='word_1_666' title='bbox 563 2355 705 2391; x_wconf 75' lang='grc' dir='ltr'>ἠνάγκασέ</span> <span class='ocrx_word' id='word_1_667' title='bbox 730 2365 777 2392; x_wconf 90' lang='grc' dir='ltr'><strong>με,</strong></span> <span class='ocrx_word' id='word_1_668' title='bbox 806 2356 915 2392; x_wconf 78' lang='grc' dir='ltr'>ὰδελφὲ,</span> 
     </span>
    </p>
   </div>
   <div class='ocr_carea' id='block_1_92' title="bbox 125 2401 917 2439">
    <p class='ocr_par' dir='ltr' id='par_1_92' title="bbox 125 2401 917 2439">
     <span class='ocr_line' id='line_1_92' title="bbox 125 2401 917 2439; baseline 0.004 -12"><span class='ocrx_word' id='word_1_669' title='bbox 125 2401 173 2427; x_wconf 80' lang='grc' dir='ltr'><strong>διὰ</strong></span> <span class='ocrx_word' id='word_1_670' title='bbox 199 2401 365 2437; x_wconf 84' lang='grc' dir='ltr'>γράμματος</span> <span class='ocrx_word' id='word_1_671' title='bbox 380 2402 462 2429; x_wconf 81' lang='grc' dir='ltr'>πάλιν</span> <span class='ocrx_word' id='word_1_672' title='bbox 481 2402 642 2437; x_wconf 76' lang='grc' dir='ltr'>ἀναγγεῖλαί</span> <span class='ocrx_word' id='word_1_673' title='bbox 673 2411 715 2429; x_wconf 92' lang='grc' dir='ltr'><strong>σοι</strong></span> <span class='ocrx_word' id='word_1_674' title='bbox 729 2402 779 2438; x_wconf 82' lang='grc' dir='ltr'>τὴν</span> <span class='ocrx_word' id='word_1_675' title='bbox 800 2404 917 2439; x_wconf 71' lang='grc' dir='ltr'>ἐρχομέ-</span> 
     </span>
    </p>
   </div>
   <div class='ocr_carea' id='block_1_93' title="bbox 126 2447 916 2485">
    <p class='ocr_par' dir='ltr' id='par_1_93' title="bbox 126 2447 916 2485">
     <span class='ocr_line' id='line_1_93' title="bbox 126 2447 916 2485; baseline 0.004 -12"><span class='ocrx_word' id='word_1_676' title='bbox 126 2455 178 2482; x_wconf 77' lang='grc' dir='ltr'><strong>νην</strong></span> <span class='ocrx_word' id='word_1_677' title='bbox 193 2447 332 2483; x_wconf 80' lang='grc' dir='ltr'>ῥομφαίαν</span> <span class='ocrx_word' id='word_1_678' title='bbox 343 2447 391 2475; x_wconf 89' lang='grc' dir='ltr'><strong>τοῦ</strong></span> <span class='ocrx_word' id='word_1_679' title='bbox 405 2447 474 2475; x_wconf 85' lang='grc' dir='ltr'>Θεοῦ</span> <span class='ocrx_word' id='word_1_680' title='bbox 489 2449 536 2475; x_wconf 76' lang='grc' dir='ltr'><strong>ἐπὶ</strong></span> <span class='ocrx_word' id='word_1_681' title='bbox 567 2448 607 2481; x_wconf 65' lang='grc' dir='ltr'><strong>σε,</strong></span> <span class='ocrx_word' id='word_1_682' title='bbox 621 2448 760 2484; x_wconf 82' lang='grc' dir='ltr'>ῥομφαίαν</span> <span class='ocrx_word' id='word_1_683' title='bbox 785 2449 916 2485; x_wconf 72' lang='grc' dir='ltr'>φοϐερὰν,</span> 
     </span>
    </p>
   </div>
   <div class='ocr_carea' id='block_1_94' title="bbox 128 2492 921 2528">
    <p class='ocr_par' dir='ltr' id='par_1_94' title="bbox 128 2492 921 2528">
     <span class='ocr_line' id='line_1_94' title="bbox 128 2492 921 2528; baseline 0.001 -10"><span class='ocrx_word' id='word_1_684' title='bbox 128 2492 266 2528; x_wconf 76' lang='grc' dir='ltr'>ῥομφαίαν</span> <span class='ocrx_word' id='word_1_685' title='bbox 278 2492 402 2527; x_wconf 79' lang='grc' dir='ltr'>πύρινον,</span> <span class='ocrx_word' id='word_1_686' title='bbox 418 2492 556 2528; x_wconf 80' lang='grc' dir='ltr'>ῥομφαίαν</span> <span class='ocrx_word' id='word_1_687' title='bbox 569 2493 599 2519; x_wconf 74' lang='grc' dir='ltr'><strong>οὐ</strong></span> <span class='ocrx_word' id='word_1_688' title='bbox 624 2492 714 2528; x_wconf 79' lang='grc' dir='ltr'>σῶμα,</span> <span class='ocrx_word' id='word_1_689' title='bbox 731 2493 800 2519; x_wconf 80' lang='grc' dir='ltr'>ἀλλὰ</span> <span class='ocrx_word' id='word_1_690' title='bbox 829 2492 921 2528; x_wconf 76' lang='grc' dir='ltr'>ψυχὴν</span> 
     </span>
    </p>
   </div>
   <div class='ocr_carea' id='block_1_95' title="bbox 127 2537 923 2574">
    <p class='ocr_par' dir='ltr' id='par_1_95' title="bbox 127 2537 923 2574">
     <span class='ocr_line' id='line_1_95' title="bbox 127 2537 923 2574; baseline 0.001 -10"><span class='ocrx_word' id='word_1_691' title='bbox 127 2537 328 2572; x_wconf 76' lang='grc' dir='ltr'>ὲμὸἀλλουσαν,</span> <span class='ocrx_word' id='word_1_692' title='bbox 354 2538 395 2570; x_wconf 88' lang='grc' dir='ltr'>εις</span> <span class='ocrx_word' id='word_1_693' title='bbox 409 2538 523 2572; x_wconf 84' lang='grc' dir='ltr'>γέενναν</span> <span class='ocrx_word' id='word_1_694' title='bbox 539 2537 625 2574; x_wconf 71' lang='grc' dir='ltr'>πυρὸς</span> <span class='ocrx_word' id='word_1_695' title='bbox 640 2539 680 2570; x_wconf 87' lang='grc' dir='ltr'>εἰς</span> <span class='ocrx_word' id='word_1_696' title='bbox 693 2539 866 2574; x_wconf 82' lang='grc' dir='ltr'>ἀπεράντους</span> <span class='ocrx_word' id='word_1_697' title='bbox 878 2539 923 2567; x_wconf 75' lang='grc' dir='ltr'><strong>αἱ·</strong></span> 
     </span>
    </p>
   </div>
   <div class='ocr_carea' id='block_1_96' title="bbox 126 2583 923 2621">
    <p class='ocr_par' dir='ltr' id='par_1_96' title="bbox 126 2583 923 2621">
     <span class='ocr_line' id='line_1_96' title="bbox 126 2583 923 2621; baseline 0.003 -11"><span class='ocrx_word' id='word_1_698' title='bbox 126 2583 274 2615; x_wconf 77' lang='grc' dir='ltr'>ὦνας.Καὶ</span> <span class='ocrx_word' id='word_1_699' title='bbox 287 2583 519 2619; x_wconf 77' lang='grc' dir='ltr'>δακρύωγράφων</span> <span class='ocrx_word' id='word_1_700' title='bbox 533 2584 706 2616; x_wconf 51' lang='lat' dir='ltr'><strong>Malagma!</strong></span> <span class='ocrx_word' id='word_1_701' title='bbox 713 2585 799 2612; x_wconf 78' lang='grc' dir='ltr'>στένω</span> <span class='ocrx_word' id='word_1_702' title='bbox 812 2586 923 2621; x_wconf 80' lang='grc' dir='ltr'>πικρὸν,</span> 
     </span>
    </p>
   </div>
   <div class='ocr_carea' id='block_1_97' title="bbox 127 2629 925 2667">
    <p class='ocr_par' dir='ltr' id='par_1_97' title="bbox 127 2629 925 2667">
     <span class='ocr_line' id='line_1_97' title="bbox 127 2629 925 2667; baseline 0.005 -12"><span class='ocrx_word' id='word_1_703' title='bbox 127 2629 172 2656; x_wconf 78' lang='grc' dir='ltr'>ὅτι</span> <span class='ocrx_word' id='word_1_704' title='bbox 200 2629 247 2656; x_wconf 80' lang='grc' dir='ltr'><strong>ἐπὶ</strong></span> <span class='ocrx_word' id='word_1_705' title='bbox 261 2630 309 2657; x_wconf 81' lang='grc' dir='ltr'>τὸν</span> <span class='ocrx_word' id='word_1_706' title='bbox 326 2630 393 2665; x_wconf 66' lang='grc' dir='ltr'>ἐμὸν</span> <span class='ocrx_word' id='word_1_707' title='bbox 408 2631 466 2657; x_wconf 78' lang='grc' dir='ltr'>υἱὸν</span> <span class='ocrx_word' id='word_1_708' title='bbox 477 2631 525 2658; x_wconf 79' lang='grc' dir='ltr'>καὶ</span> <span class='ocrx_word' id='word_1_709' title='bbox 550 2631 674 2667; x_wconf 87' lang='grc' dir='ltr'>μαθητὴν</span> <span class='ocrx_word' id='word_1_710' title='bbox 693 2632 708 2658; x_wconf 87' lang='grc' dir='ltr'><strong>ό</strong></span> <span class='ocrx_word' id='word_1_711' title='bbox 731 2631 820 2666; x_wconf 86' lang='grc' dir='ltr'>λόγος.</span> <span class='ocrx_word' id='word_1_712' title='bbox 843 2630 925 2659; x_wconf 58' lang='lat' dir='ltr'><strong>una:</strong></span> 
     </span>
    </p>
   </div>
   <div class='ocr_carea' id='block_1_98' title="bbox 125 2675 920 2713">
    <p class='ocr_par' dir='ltr' id='par_1_98' title="bbox 125 2675 920 2713">
     <span class='ocr_line' id='line_1_98' title="bbox 125 2675 920 2713; baseline 0.005 -11"><span class='ocrx_word' id='word_1_713' title='bbox 125 2675 154 2702; x_wconf 79' lang='grc' dir='ltr'><strong>τί</strong></span> <span class='ocrx_word' id='word_1_714' title='bbox 165 2675 267 2710; x_wconf 73' lang='grc' dir='ltr'>πάθως</span> <span class='ocrx_word' id='word_1_715' title='bbox 281 2676 330 2703; x_wconf 63' lang='grc' dir='ltr'>ἐὰν</span> <span class='ocrx_word' id='word_1_716' title='bbox 345 2677 383 2712; x_wconf 83' lang='grc' dir='ltr'>μὴ</span> <span class='ocrx_word' id='word_1_717' title='bbox 397 2676 562 2711; x_wconf 75' lang='grc' dir='ltr'>ἀναγγειλω,</span> <span class='ocrx_word' id='word_1_718' title='bbox 582 2678 614 2704; x_wconf 80' lang='grc' dir='ltr'>τὸ</span> <span class='ocrx_word' id='word_1_719' title='bbox 635 2675 703 2713; x_wconf 78' lang='grc' dir='ltr'>αἷμά</span> <span class='ocrx_word' id='word_1_720' title='bbox 736 2687 784 2705; x_wconf 88' lang='grc' dir='ltr'><strong>σου</strong></span> <span class='ocrx_word' id='word_1_721' title='bbox 809 2680 842 2706; x_wconf 74' lang='grc' dir='ltr'>ἐκ</span> <span class='ocrx_word' id='word_1_722' title='bbox 865 2679 920 2706; x_wconf 86' lang='grc' dir='ltr'>τῶν</span> 
     </span>
    </p>
   </div>
   <div class='ocr_carea' id='block_1_99' title="bbox 126 2722 920 2762">
    <p class='ocr_par' dir='ltr' id='par_1_99' title="bbox 126 2722 920 2762">
     <span class='ocr_line' id='line_1_99' title="bbox 126 2722 920 2762; baseline 0.005 -14"><span class='ocrx_word' id='word_1_723' title='bbox 126 2722 228 2757; x_wconf 81' lang='grc' dir='ltr'>χειρῶν</span> <span class='ocrx_word' id='word_1_724' title='bbox 252 2731 304 2758; x_wconf 83' lang='grc' dir='ltr'><strong>μου</strong></span> <span class='ocrx_word' id='word_1_725' title='bbox 318 2722 444 2758; x_wconf 79' lang='grc' dir='ltr'>ὲκζητεϊν</span> <span class='ocrx_word' id='word_1_726' title='bbox 460 2722 512 2759; x_wconf 70' lang='grc' dir='ltr'><strong>ἔφη</strong></span> <span class='ocrx_word' id='word_1_727' title='bbox 531 2723 613 2756; x_wconf 59' lang='grc' dir='ltr'><strong>θεός⁸</strong></span> <span class='ocrx_word' id='word_1_728' title='bbox 624 2725 703 2752; x_wconf 65' lang='grc' dir='ltr'>οὒδὶν</span> <span class='ocrx_word' id='word_1_729' title='bbox 715 2724 820 2761; x_wconf 68' lang='grc' dir='ltr'>ἕτερον,</span> <span class='ocrx_word' id='word_1_730' title='bbox 847 2724 864 2762; x_wconf 79' lang='grc' dir='ltr'>ἢ</span> <span class='ocrx_word' id='word_1_731' title='bbox 888 2725 920 2752; x_wconf 79' lang='grc' dir='ltr'>τὸ</span> 
     </span>
    </p>
   </div>
   <div class='ocr_carea' id='block_1_100' title="bbox 124 2765 919 2807">
    <p class='ocr_par' dir='ltr' id='par_1_100' title="bbox 124 2765 919 2807">
     <span class='ocr_line' id='line_1_100' title="bbox 124 2765 919 2807; baseline 0.005 -13"><span class='ocrx_word' id='word_1_732' title='bbox 124 2765 195 2794; x_wconf 73' lang='grc' dir='ltr'>αὐτό</span> <span class='ocrx_word' id='word_1_733' title='bbox 222 2774 259 2801; x_wconf 81' lang='grc' dir='ltr'><strong>με</strong></span> <span class='ocrx_word' id='word_1_734' title='bbox 292 2767 342 2802; x_wconf 82' lang='grc' dir='ltr'>τῆς</span> <span class='ocrx_word' id='word_1_735' title='bbox 368 2768 508 2804; x_wconf 87' lang='grc' dir='ltr'>τιμωρίας</span> <span class='ocrx_word' id='word_1_736' title='bbox 537 2768 742 2797; x_wconf 83' lang='grc' dir='ltr'>συναπολαῦσαι</span> <span class='ocrx_word' id='word_1_737' title='bbox 765 2771 862 2807; x_wconf 82' lang='grc' dir='ltr'>κρῖμα.</span> <span class='ocrx_word' id='word_1_738' title='bbox 882 2769 919 2798; x_wconf 82' lang='grc' dir='ltr'><strong><em>Ὦ</em></strong></span> 
     </span>
    </p>
   </div>
   <div class='ocr_carea' id='block_1_101' title="bbox 938 2265 1764 2302">
    <p class='ocr_par' dir='ltr' id='par_1_101' title="bbox 938 2265 1764 2302">
     <span class='ocr_line' id='line_1_101' title="bbox 938 2265 1764 2302; baseline -0.004 -7"><span class='ocrx_word' id='word_1_739' title='bbox 938 2268 961 2295; x_wconf 87' lang='grc' dir='ltr'><strong>Ι)</strong></span> <span class='ocrx_word' id='word_1_740' title='bbox 1010 2267 1064 2294; x_wconf 80' lang='lat' dir='ltr'><strong>Lex</strong></span> <span class='ocrx_word' id='word_1_741' title='bbox 1078 2267 1137 2300; x_wconf 77' lang='lat' dir='ltr'><strong>Dei,</strong></span> <span class='ocrx_word' id='word_1_742' title='bbox 1154 2267 1273 2294; x_wconf 74' lang='lat' dir='ltr'><strong>timore!</strong></span> <span class='ocrx_word' id='word_1_743' title='bbox 1294 2271 1398 2294; x_wconf 88' lang='lat' dir='ltr'><strong>tremor</strong></span> <span class='ocrx_word' id='word_1_744' title='bbox 1410 2267 1498 2302; x_wconf 89' lang='lat' dir='ltr'><strong>ipsius</strong></span> <span class='ocrx_word' id='word_1_745' title='bbox 1517 2267 1563 2302; x_wconf 88' lang='lat' dir='ltr'><strong>qui</strong></span> <span class='ocrx_word' id='word_1_746' title='bbox 1580 2267 1620 2294; x_wconf 86' lang='lat' dir='ltr'><strong>ait</strong></span> <span class='ocrx_word' id='word_1_747' title='bbox 1636 2275 1644 2294; x_wconf 86' lang='lat'><strong>:</strong></span> <span class='ocrx_word' id='word_1_748' title='bbox 1662 2265 1764 2301; x_wconf 80' lang='lat' dir='ltr'><strong>Specu-</strong></span> 
     </span>
    </p>
   </div>
   <div class='ocr_carea' id='block_1_102' title="bbox 973 2312 1762 2348">
    <p class='ocr_par' dir='ltr' id='par_1_102' title="bbox 973 2312 1762 2348">
     <span class='ocr_line' id='line_1_102' title="bbox 973 2312 1762 2348; baseline 0.001 -8"><span class='ocrx_word' id='word_1_749' title='bbox 973 2314 1085 2340; x_wconf 82' lang='lat' dir='ltr'><strong>latorem</strong></span> <span class='ocrx_word' id='word_1_750' title='bbox 1106 2313 1183 2348; x_wconf 71' lang='lat' dir='ltr'><strong>posui</strong></span> <span class='ocrx_word' id='word_1_751' title='bbox 1213 2319 1237 2340; x_wconf 84' lang='lat' dir='ltr'><strong>te</strong></span> <span class='ocrx_word' id='word_1_752' title='bbox 1260 2313 1351 2339; x_wconf 82' lang='lat' dir='ltr'><strong>domui</strong></span> <span class='ocrx_word' id='word_1_753' title='bbox 1375 2312 1463 2340; x_wconf 82' lang='lat' dir='ltr'><strong>Israel</strong></span> <span class='ocrx_word' id='word_1_754' title='bbox 1485 2313 1517 2340; x_wconf 80' lang='lat'><strong>“.</strong></span> <span class='ocrx_word' id='word_1_755' title='bbox 1544 2313 1651 2348; x_wconf 87' lang='lat' dir='ltr'><strong>Scopus</strong></span> <span class='ocrx_word' id='word_1_756' title='bbox 1672 2319 1762 2341; x_wconf 82' lang='lat' dir='ltr'><strong>autem</strong></span> 
     </span>
    </p>
   </div>
   <div class='ocr_carea' id='block_1_103' title="bbox 973 2358 1764 2394">
    <p class='ocr_par' dir='ltr' id='par_1_103' title="bbox 973 2358 1764 2394">
     <span class='ocr_line' id='line_1_103' title="bbox 973 2358 1764 2394; baseline 0 -7"><span class='ocrx_word' id='word_1_757' title='bbox 973 2359 1094 2387; x_wconf 86' lang='lat' dir='ltr'><strong>mandati</strong></span> <span class='ocrx_word' id='word_1_758' title='bbox 1110 2358 1200 2394; x_wconf 77' lang='lat' dir='ltr'><strong>coegit</strong></span> <span class='ocrx_word' id='word_1_759' title='bbox 1212 2366 1266 2391; x_wconf 89' lang='lat' dir='ltr'><strong>me,</strong></span> <span class='ocrx_word' id='word_1_760' title='bbox 1281 2358 1375 2391; x_wconf 81' lang='lat' dir='ltr'><strong>frater,</strong></span> <span class='ocrx_word' id='word_1_761' title='bbox 1399 2367 1447 2394; x_wconf 92' lang='lat' dir='ltr'><strong>per</strong></span> <span class='ocrx_word' id='word_1_762' title='bbox 1464 2359 1570 2387; x_wconf 89' lang='lat' dir='ltr'><strong>litteras</strong></span> <span class='ocrx_word' id='word_1_763' title='bbox 1592 2359 1689 2386; x_wconf 89' lang='lat' dir='ltr'><strong>iterum</strong></span> <span class='ocrx_word' id='word_1_764' title='bbox 1713 2367 1764 2387; x_wconf 85' lang='lat' dir='ltr'><strong>an-</strong></span> 
     </span>
    </p>
   </div>
   <div class='ocr_carea' id='block_1_104' title="bbox 971 2405 1761 2441">
    <p class='ocr_par' dir='ltr' id='par_1_104' title="bbox 971 2405 1761 2441">
     <span class='ocr_line' id='line_1_104' title="bbox 971 2405 1761 2441; baseline 0.003 -9"><span class='ocrx_word' id='word_1_765' title='bbox 971 2406 1099 2433; x_wconf 89' lang='lat' dir='ltr'><strong>nuntiare</strong></span> <span class='ocrx_word' id='word_1_766' title='bbox 1113 2405 1161 2432; x_wconf 87' lang='lat' dir='ltr'><strong>tibi</strong></span> <span class='ocrx_word' id='word_1_767' title='bbox 1178 2405 1332 2432; x_wconf 89' lang='lat' dir='ltr'><strong>venientem</strong></span> <span class='ocrx_word' id='word_1_768' title='bbox 1348 2412 1431 2440; x_wconf 88' lang='lat' dir='ltr'><strong>super</strong></span> <span class='ocrx_word' id='word_1_769' title='bbox 1457 2410 1483 2432; x_wconf 85' lang='lat' dir='ltr'><strong>le</strong></span> <span class='ocrx_word' id='word_1_770' title='bbox 1503 2405 1688 2441; x_wconf 64' lang='lat' dir='ltr'><strong>rbomphaaam</strong></span> <span class='ocrx_word' id='word_1_771' title='bbox 1703 2406 1761 2439; x_wconf 87' lang='lat' dir='ltr'><strong>Dei,</strong></span> 
     </span>
    </p>
   </div>
   <div class='ocr_carea' id='block_1_105' title="bbox 970 2451 1762 2489">
    <p class='ocr_par' dir='ltr' id='par_1_105' title="bbox 970 2451 1762 2489">
     <span class='ocr_line' id='line_1_105' title="bbox 970 2451 1762 2489; baseline 0.003 -11"><span class='ocrx_word' id='word_1_772' title='bbox 970 2451 1141 2487; x_wconf 80' lang='lat' dir='ltr'><strong>romphaeam</strong></span> <span class='ocrx_word' id='word_1_773' title='bbox 1168 2451 1390 2484; x_wconf 80' lang='lat' dir='ltr'><strong>formidabilem,</strong></span> <span class='ocrx_word' id='word_1_774' title='bbox 1420 2452 1609 2487; x_wconf 64' lang='lat' dir='ltr'><strong>rhomphaeam</strong></span> <span class='ocrx_word' id='word_1_775' title='bbox 1636 2452 1762 2489; x_wconf 78' lang='lat' dir='ltr'><strong>igneam.</strong></span> 
     </span>
    </p>
   </div>
   <div class='ocr_carea' id='block_1_106' title="bbox 971 2497 1764 2534">
    <p class='ocr_par' dir='ltr' id='par_1_106' title="bbox 971 2497 1764 2534">
     <span class='ocr_line' id='line_1_106' title="bbox 971 2497 1764 2534; baseline 0.003 -10"><span class='ocrx_word' id='word_1_776' title='bbox 971 2497 1157 2532; x_wconf 68' lang='lat' dir='ltr'><strong>rhomphzeam</strong></span> <span class='ocrx_word' id='word_1_777' title='bbox 1175 2505 1236 2532; x_wconf 75' lang='lat' dir='ltr'><strong>qua:</strong></span> <span class='ocrx_word' id='word_1_778' title='bbox 1252 2505 1308 2525; x_wconf 92' lang='lat' dir='ltr'><strong>non</strong></span> <span class='ocrx_word' id='word_1_779' title='bbox 1328 2505 1431 2532; x_wconf 79' lang='lat' dir='ltr'><strong>corpus</strong></span> <span class='ocrx_word' id='word_1_780' title='bbox 1446 2499 1494 2525; x_wconf 89' lang='lat' dir='ltr'><strong>sed</strong></span> <span class='ocrx_word' id='word_1_781' title='bbox 1514 2499 1634 2526; x_wconf 84' lang='lat' dir='ltr'><strong>animam</strong></span> <span class='ocrx_word' id='word_1_782' title='bbox 1651 2498 1764 2534; x_wconf 83' lang='lat' dir='ltr'><strong>conjicit</strong></span> 
     </span>
    </p>
   </div>
   <div class='ocr_carea' id='block_1_107' title="bbox 972 2543 1763 2580">
    <p class='ocr_par' dir='ltr' id='par_1_107' title="bbox 972 2543 1763 2580">
     <span class='ocr_line' id='line_1_107' title="bbox 972 2543 1763 2580; baseline 0.001 -9"><span class='ocrx_word' id='word_1_783' title='bbox 972 2544 1000 2571; x_wconf 90' lang='lat' dir='ltr'><strong>in</strong></span> <span class='ocrx_word' id='word_1_784' title='bbox 1016 2545 1171 2579; x_wconf 79' lang='lat' dir='ltr'><strong>gehennam</strong></span> <span class='ocrx_word' id='word_1_785' title='bbox 1185 2545 1257 2580; x_wconf 76' lang='lat' dir='ltr'><strong>ignis</strong></span> <span class='ocrx_word' id='word_1_786' title='bbox 1276 2545 1304 2572; x_wconf 86' lang='lat' dir='ltr'><strong>in</strong></span> <span class='ocrx_word' id='word_1_787' title='bbox 1319 2545 1420 2572; x_wconf 75' lang='lat' dir='ltr'><strong>saecula</strong></span> <span class='ocrx_word' id='word_1_788' title='bbox 1437 2543 1614 2580; x_wconf 84' lang='lat' dir='ltr'><strong>sempiterna.</strong></span> <span class='ocrx_word' id='word_1_789' title='bbox 1632 2545 1763 2573; x_wconf 75' lang='lat' dir='ltr'><strong>Scriberis</strong></span> 
     </span>
    </p>
   </div>
   <div class='ocr_carea' id='block_1_108' title="bbox 974 2589 1764 2626">
    <p class='ocr_par' dir='ltr' id='par_1_108' title="bbox 974 2589 1764 2626">
     <span class='ocr_line' id='line_1_108' title="bbox 974 2589 1764 2626; baseline 0.003 -10"><span class='ocrx_word' id='word_1_790' title='bbox 974 2589 1132 2625; x_wconf 87' lang='lat' dir='ltr'><strong>illacrymor</strong></span> <span class='ocrx_word' id='word_1_791' title='bbox 1151 2590 1245 2621; x_wconf 85' lang='lat' dir='ltr'><strong>miser,</strong></span> <span class='ocrx_word' id='word_1_792' title='bbox 1261 2594 1288 2617; x_wconf 89' lang='lat' dir='ltr'><strong>ct</strong></span> <span class='ocrx_word' id='word_1_793' title='bbox 1300 2597 1393 2617; x_wconf 88' lang='lat' dir='ltr'><strong>amare</strong></span> <span class='ocrx_word' id='word_1_794' title='bbox 1410 2597 1506 2625; x_wconf 74' lang='lat' dir='ltr'><strong>angor,</strong></span> <span class='ocrx_word' id='word_1_795' title='bbox 1522 2590 1596 2626; x_wconf 91' lang='lat' dir='ltr'><strong>quod</strong></span> <span class='ocrx_word' id='word_1_796' title='bbox 1613 2590 1648 2618; x_wconf 89' lang='lat' dir='ltr'><strong>de</strong></span> <span class='ocrx_word' id='word_1_797' title='bbox 1669 2590 1725 2618; x_wconf 89' lang='lat' dir='ltr'><strong>lilio</strong></span> <span class='ocrx_word' id='word_1_798' title='bbox 1736 2595 1764 2618; x_wconf 71' lang='lat' dir='ltr'><strong>et</strong></span> 
     </span>
    </p>
   </div>
   <div class='ocr_carea' id='block_1_109' title="bbox 976 2634 1763 2672">
    <p class='ocr_par' dir='ltr' id='par_1_109' title="bbox 976 2634 1763 2672">
     <span class='ocr_line' id='line_1_109' title="bbox 976 2634 1763 2672; baseline 0.001 -10"><span class='ocrx_word' id='word_1_799' title='bbox 976 2634 1113 2670; x_wconf 90' lang='lat' dir='ltr'><strong>discipulo</strong></span> <span class='ocrx_word' id='word_1_800' title='bbox 1129 2642 1190 2663; x_wconf 92' lang='lat' dir='ltr'><strong>meo</strong></span> <span class='ocrx_word' id='word_1_801' title='bbox 1207 2635 1244 2662; x_wconf 87' lang='lat' dir='ltr'><strong>sit</strong></span> <span class='ocrx_word' id='word_1_802' title='bbox 1258 2643 1361 2663; x_wconf 88' lang='lat' dir='ltr'><strong>sermo.</strong></span> <span class='ocrx_word' id='word_1_803' title='bbox 1383 2635 1436 2663; x_wconf 87' lang='lat' dir='ltr'><strong>Sed</strong></span> <span class='ocrx_word' id='word_1_804' title='bbox 1458 2635 1524 2671; x_wconf 88' lang='lat' dir='ltr'><strong>quid</strong></span> <span class='ocrx_word' id='word_1_805' title='bbox 1548 2636 1645 2672; x_wconf 73' lang='lat' dir='ltr'><strong>agam?</strong></span> <span class='ocrx_word' id='word_1_806' title='bbox 1661 2636 1689 2663; x_wconf 82' lang='lat' dir='ltr'><strong>Si</strong></span> <span class='ocrx_word' id='word_1_807' title='bbox 1708 2645 1763 2664; x_wconf 89' lang='lat' dir='ltr'><strong>non</strong></span> 
     </span>
    </p>
   </div>
   <div class='ocr_carea' id='block_1_110' title="bbox 973 2681 1763 2717">
    <p class='ocr_par' dir='ltr' id='par_1_110' title="bbox 973 2681 1763 2717">
     <span class='ocr_line' id='line_1_110' title="bbox 973 2681 1763 2717; baseline 0.003 -10"><span class='ocrx_word' id='word_1_808' title='bbox 973 2681 1187 2714; x_wconf 79' lang='lat' dir='ltr'><strong>atmuntiavero,</strong></span> <span class='ocrx_word' id='word_1_809' title='bbox 1203 2681 1366 2717; x_wconf 74' lang='lat' dir='ltr'><strong>sanguinem</strong></span> <span class='ocrx_word' id='word_1_810' title='bbox 1392 2686 1470 2710; x_wconf 84' lang='lat' dir='ltr'><strong>tuum</strong></span> <span class='ocrx_word' id='word_1_811' title='bbox 1493 2681 1527 2709; x_wconf 82' lang='lat' dir='ltr'><strong>de</strong></span> <span class='ocrx_word' id='word_1_812' title='bbox 1542 2682 1671 2709; x_wconf 89' lang='lat' dir='ltr'><strong>manibus</strong></span> <span class='ocrx_word' id='word_1_813' title='bbox 1693 2682 1763 2709; x_wconf 70' lang='lat' dir='ltr'><strong>meis</strong></span> 
     </span>
    </p>
   </div>
   <div class='ocr_carea' id='block_1_111' title="bbox 973 2726 1762 2764">
    <p class='ocr_par' dir='ltr' id='par_1_111' title="bbox 973 2726 1762 2764">
     <span class='ocr_line' id='line_1_111' title="bbox 973 2726 1762 2764; baseline 0.003 -11"><span class='ocrx_word' id='word_1_814' title='bbox 973 2726 1172 2762; x_wconf 85' lang='lat' dir='ltr'><strong>requisiturum</strong></span> <span class='ocrx_word' id='word_1_815' title='bbox 1199 2734 1228 2755; x_wconf 83' lang='lat' dir='ltr'><strong>se</strong></span> <span class='ocrx_word' id='word_1_816' title='bbox 1258 2727 1326 2755; x_wconf 86' lang='lat' dir='ltr'><strong>dicit</strong></span> <span class='ocrx_word' id='word_1_817' title='bbox 1343 2726 1415 2756; x_wconf 89' lang='lat' dir='ltr'><strong>Deus</strong></span> <span class='ocrx_word' id='word_1_818' title='bbox 1428 2728 1470 2755; x_wconf 83' lang='lat'><strong>&quot;:</strong></span> <span class='ocrx_word' id='word_1_819' title='bbox 1487 2736 1575 2764; x_wconf 81' lang='lat' dir='ltr'><strong>neque</strong></span> <span class='ocrx_word' id='word_1_820' title='bbox 1602 2728 1696 2762; x_wconf 83' lang='lat' dir='ltr'><strong>aliam,</strong></span> <span class='ocrx_word' id='word_1_821' title='bbox 1714 2727 1762 2755; x_wconf 82' lang='lat' dir='ltr'><strong>sed</strong></span> 
     </span>
    </p>
   </div>
   <div class='ocr_carea' id='block_1_112' title="bbox 971 2772 1761 2810">
    <p class='ocr_par' dir='ltr' id='par_1_112' title="bbox 971 2772 1761 2810">
     <span class='ocr_line' id='line_1_112' title="bbox 971 2772 1761 2810; baseline 0.001 -9"><span class='ocrx_word' id='word_1_822' title='bbox 971 2773 1096 2802; x_wconf 85' lang='lat' dir='ltr'><strong>eamdem</strong></span> <span class='ocrx_word' id='word_1_823' title='bbox 1112 2772 1200 2810; x_wconf 82' lang='lat' dir='ltr'><strong>ipsam</strong></span> <span class='ocrx_word' id='word_1_824' title='bbox 1211 2781 1256 2802; x_wconf 90' lang='lat' dir='ltr'><strong>me</strong></span> <span class='ocrx_word' id='word_1_825' title='bbox 1267 2774 1369 2808; x_wconf 81' lang='lat' dir='ltr'><strong>pariter</strong></span> <span class='ocrx_word' id='word_1_826' title='bbox 1386 2774 1512 2803; x_wconf 71' lang='lat' dir='ltr'><strong>vindicta:</strong></span> <span class='ocrx_word' id='word_1_827' title='bbox 1527 2774 1690 2803; x_wconf 79' lang='lat' dir='ltr'><strong>sententiam</strong></span> <span class='ocrx_word' id='word_1_828' title='bbox 1712 2780 1761 2802; x_wconf 79' lang='lat' dir='ltr'><strong>ox-</strong></span> 
     </span>
    </p>
   </div>
   <div class='ocr_carea' id='block_1_113' title="bbox 164 2833 998 2874">
    <p class='ocr_par' dir='ltr' id='par_1_113' title="bbox 164 2833 998 2874">
     <span class='ocr_line' id='line_1_113' title="bbox 164 2833 998 2874; baseline 0.011 -13"><span class='ocrx_word' id='word_1_829' title='bbox 164 2834 187 2850; x_wconf 89' lang='lat'><strong>&quot;</strong></span> <span class='ocrx_word' id='word_1_830' title='bbox 201 2833 297 2863; x_wconf 73' lang='lat' dir='ltr'><strong>Matth.</strong></span> <span class='ocrx_word' id='word_1_831' title='bbox 320 2844 382 2869; x_wconf 81' lang='lat' dir='ltr'><strong>xm,</strong></span> <span class='ocrx_word' id='word_1_832' title='bbox 397 2837 441 2866; x_wconf 70' lang='grc' dir='ltr'><strong>ιε.</strong></span> <span class='ocrx_word' id='word_1_833' title='bbox 464 2838 484 2854; x_wconf 76' lang='grc'><strong>¹⁸</strong></span> <span class='ocrx_word' id='word_1_834' title='bbox 496 2837 594 2868; x_wconf 64' lang='lat' dir='ltr'><strong>Each.</strong></span> <span class='ocrx_word' id='word_1_835' title='bbox 608 2846 672 2874; x_wconf 78' lang='lat' dir='ltr'><strong>nx,</strong></span> <span class='ocrx_word' id='word_1_836' title='bbox 689 2838 716 2868; x_wconf 91' lang='lat'><strong>7.</strong></span> <span class='ocrx_word' id='word_1_837' title='bbox 756 2839 777 2856; x_wconf 81' lang='lat'>&quot;</span> <span class='ocrx_word' id='word_1_838' title='bbox 793 2838 890 2869; x_wconf 81' lang='lat' dir='ltr'><strong>Ezech.</strong></span> <span class='ocrx_word' id='word_1_839' title='bbox 904 2848 944 2874; x_wconf 88' lang='lat' dir='ltr'><strong>tu,</strong></span> <span class='ocrx_word' id='word_1_840' title='bbox 957 2840 998 2870; x_wconf 79' lang='lat' dir='ltr'><strong>l8.</strong></span> 
     </span>
    </p>
   </div>
   <div class='ocr_carea' id='block_1_114' title="bbox 187 2881 401 2918">
    <p class='ocr_par' dir='ltr' id='par_1_114' title="bbox 187 2881 401 2918">
     <span class='ocr_line' id='line_1_114' title="bbox 187 2881 401 2918; baseline 0.005 -8"><span class='ocrx_word' id='word_1_841' title='bbox 187 2881 401 2918; x_wconf 72' lang='lat' dir='ltr'><strong>(‘)Pamnetica.</strong></span> 
     </span>
    </p>
   </div>
  </div>
