1912 3080
144 172 216 207 1363

143 233 298 262 repturnln.
317 226 339 255 0
354 226 449 259 frater,
477 234 527 254 cur
548 226 644 254 oculos
663 227 756 254 cordis
777 227 814 253 ita
835 225 941 258 ciausi—
956 227 978 255 Α

143 273 197 302 sti?
212 281 262 301 cur
278 273 363 300 Deum
377 272 581 306 contempsisti,
598 271 679 306 cujus
701 277 768 299 nutu
795 275 941 298 moventur

144 320 283 351 universa,
303 326 353 346 nec
365 321 483 353 possunt
498 317 618 349 moventi
639 316 786 345 resistere?
802 317 888 346 Antea
901 323 942 342 rc-

144 366 240 394 siliisti
256 374 271 393 e
285 365 414 400 palaestra
427 366 565 392 ascetica:
581 364 674 392 abiisti
689 364 722 391 ad
739 364 799 391 loca
809 371 870 398 qua:
886 371 940 390 non

143 412 258 447 respicit
281 411 415 443 Dominus
437 419 444 438 :
473 410 581 438 solvisti
605 410 778 446 signaculum
795 410 941 443 castitatis,

144 458 293 493 corrupisti
312 457 431 486 animam
446 462 473 485 et
491 464 603 492 corpus,
624 457 713 484 factus
732 465 762 485 es
775 457 941 492 mancipium

144 504 269 539 peccati;
282 503 382 531 deinde
392 502 426 530 ad
444 510 495 530 nos
508 510 571 529 sero
587 502 697 530 tandem
711 502 816 530 rediisti
828 503 855 529 in
866 503 943 538 priu-

145 549 222 585 cipio
238 548 453 585 persecutionis,
480 548 625 579 conﬁtens.
656 556 752 583 pteuas
768 549 855 580 luens,
876 556 942 583 pro-

144 596 258 623 mittens
281 602 434 628 regressum
465 598 528 629 post
555 594 635 621 linem
663 594 875 629 persecutionis.
901 595 943 622 Ad

146 642 205 669 inec
227 645 255 668 et
281 641 315 668 ab
342 639 504 668 (Economo
530 639 673 667 institutus
697 648 738 671 es,
766 645 793 667 et
820 647 835 667 a
857 639 944 668 fratre

145 686 278 721 Dionysio
293 690 451 720 susceptus.
468 689 496 712 et
514 685 662 719 pulchrum
680 684 807 712 exsilium
825 685 942 718 elegisti,

146 740 178 759 ex
210 733 291 759 malis
319 731 387 759 locis
411 731 543 766 migrzms,
562 735 589 764 et
609 730 636 757 in
665 730 745 766 bonis
773 730 841 758 locis
863 730 943 758 habi-

147 785 210 813 tans
220 786 304 813 super
319 785 381 813 qua:
394 777 467 809 oculi
480 777 603 811 Domini,
616 781 643 812 et
656 777 796 806 beatitudo
814 785 944 813 persecu-

146 825 231 859 tionis
254 832 337 860 supra
363 829 446 859 caput
468 829 545 852 tuum
570 823 811 861 circumvolitans.
828 823 861 852 Et
876 832 946 860 euge

147 873 183 899 ob
210 872 282 904 hanc
313 871 527 903 revocationetu,
558 870 764 906 purgationem,
791 871 944 906 angelicam

147 903 368 954 opitulatiouem.
389 917 460 950 Quid
476 925 541 952 ergo
558 903 658 945 rursus
680 916 786 945 factum
798 903 859 946 est?
870 917 942 952 Quid
961 903 982 932 Β

145 970 186 994 est
200 965 273 1000 quod
294 973 308 992 a
326 965 380 992 Deo
397 970 421 992 te.
434 964 559 997 abduxit,
572 969 599 992 et
612 964 725 992 diabolo
741 964 943 993 tradiditHleu

150 1020 239 1040 meam
265 1012 455 1039 infelicitatem
469 1012 476 1038 1
494 1011 632 1039 Reversus
645 1019 675 1039 es
686 1011 778 1039 denuo
790 1011 823 1039 ad
832 1019 943 1041 cwuum

148 1058 268 1093 peccati,
290 1065 475 1092 corrumpens
499 1062 527 1085 et
556 1063 704 1092 corruptus
726 1065 741 1084 a
763 1056 889 1091 muliere,
902 1058 945 1086 vel

148 1103 264 1137 potiusa
277 1102 448 1130 mulieribus.
457 1102 582 1135 Domine,
592 1102 737 1134 miserere;
751 1109 841 1136 parce,
855 1102 944 1137 Deus;

149 1149 255 1180 dimisit
267 1154 293 1176 te
306 1154 401 1182 custos
414 1153 476 1176 tuus
485 1148 611 1183 angelus.
628 1149 749 1183 miseepit
761 1149 889 1176 Satanas.
903 1150 945 1177 An

150 1195 231 1232 vivis,
243 1194 346 1221 miser?
364 1199 391 1221 et
405 1193 544 1231 quomodo
560 1193 633 1220 vivat
654 1193 677 1221 is
699 1193 745 1228 qui
758 1194 791 1220 ait
807 1193 945 1221 homicida

149 1240 318 1268 dcroratur?
342 1241 382 1274 An
410 1240 504 1272 lumen
530 1239 628 1272 vides?
650 1245 677 1267 et
699 1240 839 1274 quomodo
855 1240 946 1268 videat

149 1288 198 1321 qui
209 1286 315 1322 peccati
330 1285 452 1320 tenebris
463 1285 641 1317 estobsitus?
654 1285 695 1312 Au
711 1285 796 1313 Deum
814 1286 900 1313 oras?
918 1290 947 1313 et

150 1333 292 1368 quomodo
316 1333 350 1360 ad
377 1332 524 1365 Dominum
550 1332 674 1365 accedat,
699 1333 747 1368 qui
761 1340 823 1361 sese
837 1333 947 1361 diabolo

152 1379 342 1415 mancipavit?
361 1379 415 1407 Ubi
453 1384 497 1406 est
527 1379 690 1413 prmclarum
713 1383 791 1406 tuum
819 1379 947 1406 initium?

153 1426 264 1453 Icrvor?
288 1425 488 1461 compunctio?
520 1425 698 1453 obedientia?
737 1425 885 1460 lacrymte?
912 1425 947 1453 ad

153 1473 238 1501 Deum
254 1472 353 1499 volans
381 1472 489 1499 oratio?
505 1471 625 1500 ccclesiis
645 1472 839 1512 conversatio?
864 1473 948 1500 Abie-

154 1524 220 1546 ruut
232 1520 336 1552 omnia.
356 1519 509 1554 perierunt.
524 1517 546 1546 0
564 1519 680 1546 acerbos
695 1509 814 1554 gemitus
829 1509 906 1547 meos
920 1520 948 1547 in

153 1571 199 1592 tua
215 1564 371 1592 dementia!
391 1564 499 1592 Utinam
514 1564 734 1600 rationisexpers
745 1565 848 1592 animal
860 1573 947 1598 esses,
961 1574 984 1604 ε

153 1612 226 1647 quod
241 1619 297 1639 non
312 1616 354 1638 est
374 1611 526 1639 obnoxium
548 1611 664 1646 judicio.
680 1611 732 1639 Sed
748 1612 821 1648 quod
837 1612 876 1639 sis
893 1612 950 1640 ani-

152 1659 209 1686 mal
227 1666 242 1686 a
258 1657 312 1686 Deo
329 1657 490 1690 formatum,
507 1658 581 1693 quod
609 1662 744 1693 resurget,
770 1662 797 1685 et
810 1658 951 1696 iudicabi-

155 1711 214 1739 tur;
230 1707 282 1733 hoc
295 1704 574 1733 vcromiscraudum.
596 1705 732 1740 Agedum,
761 1704 798 1744 ﬁli
826 1705 876 1746 mi,
902 1705 949 1741 qui

154 1752 260 1785 periisti
280 1759 287 1777 :
305 1759 366 1786 age,
382 1751 415 1778 ad
432 1750 580 1778 Dominum
596 1756 759 1780 convertere
779 1760 786 1778 :
805 1743 949 1787 quiacum

155 1799 290 1835 benignus
318 1798 365 1830 sit,
394 1797 494 1825 iterum
514 1797 623 1832 recipit.
657 1798 757 1825 iterum
783 1799 948 1841 sanctiﬁcat,l

155 1843 255 1875 iterum
270 1842 385 1878 nuptiali
403 1848 480 1869 veste
494 1841 594 1874 induit,
621 1841 718 1868 iterum
739 1841 856 1869 vitulum
872 1843 948 1877 sagi-

156 1894 251 1917 natum
267 1893 381 1920 mactat,
397 1891 425 1915 et
433 1887 555 1923 gaudens
567 1887 730 1915 convocahit
742 1895 874 1922 supernas
886 1887 949 1915 Vir-

156 1926 237 1971 tutes,
252 1935 316 1970 quia
335 1928 464 1965 inventus
478 1940 520 1961 es.
532 1932 572 1960 Ne
587 1933 671 1969 igitur
685 1932 781 1961 audire
801 1932 948 1966 detrectes,

155 1983 193 2009 ﬂli
205 1982 253 2014 mi,
270 1982 306 2008 tili
323 1981 360 2008 mi
383 1989 390 2008 :
412 1980 459 2009 sed
477 1988 573 2008 revoca
592 1984 628 2014 te,
652 1980 701 2008 sed
735 1984 883 2014 revertere,
900 1981 949 2008 ad-

157 2030 310 2056 haerescens
319 2029 431 2063 egregio
446 2027 524 2055 l'ratri
541 2032 588 2054 tuo
595 2027 737 2063 Dionysio,
750 2026 912 2063 priusquam
923 2032 951 2056 te

155 2067 254 2102 mortis
271 2066 381 2102 zc'tcrnze
397 2073 555 2109 rliompluea
571 2073 693 2101 invadat.

334 2216 402 2244 CVI.
418 2232 452 2237 -—
466 2216 605 2244 Euslratia
619 2220 772 2252 prwposim.

746 173 777 202 S.
794 171 993 202 THEODORI
1011 170 1186 201 STUDlT/E

991 225 1102 260 ἀδελφὲ,
1117 225 1143 251 τί
1165 225 1271 260 eausa;
1291 224 1326 251 τὰ
1346 225 1458 260 ὄμματα
1477 224 1549 251 οὓτω
1573 224 1621 260 τῆς
1651 225 1784 261 καρδίας;

992 272 1018 300 τί
1035 271 1244 307 κατεφρόνησας
1260 271 1342 303 Θεοῦ,
1358 268 1389 297 οὗ
1405 270 1444 307 τῷ
1458 270 1596 306 βλέμματι
1611 270 1646 297 τὰ
1656 271 1786 306 σύμπαν-

992 327 1027 346 τα
1044 318 1148 345 σείεται
1177 317 1225 345 καὶ
1240 317 1272 344 οὐ
1289 317 1367 353 φέρει
1385 318 1497 353 στήκειν
1512 325 1519 350 ;
1537 317 1720 352 ἀπεπήδησας
1731 317 1787 344 πά-

992 364 1038 391 λαι
1062 364 1112 399 τῆς
1126 364 1280 399 ἀσκητικῆς
1299 363 1471 398 παλαίστρας
1481 371 1489 378 ·
1503 362 1658 399 ἑπορεύθης
1683 364 1724 394 εἰς
1739 363 1785 389 τόν

993 419 1062 442 πους
1090 410 1138 442 οὓς
1153 411 1204 437 οὐκ
1218 410 1363 436 ἐπισκοπεῖ
1385 409 1488 444 Κύριος
1507 416 1514 424 ·
1532 409 1630 447 ἔλυσας
1640 408 1692 444 ’τὴν
1706 418 1789 444 σφρα-

992 457 1056 491 γῖδα
1072 458 1122 492 τῆς
1137 456 1259 491 ἁγνείας,
1274 456 1404 491 ἕφθειρας
1424 456 1475 491 τὴν
1500 455 1590 491 ψυχὴν
1615 455 1664 482 καὶ
1687 455 1719 481 τὸ
1732 455 1788 481 σῶ-

995 512 1044 539 μα,
1059 503 1152 538 ἐγένου
1168 503 1261 535 δοῦλος
1270 503 1320 538 τῆς
1331 502 1482 538 ἁμαρτίας,
1495 500 1554 528 εἶτα
1572 501 1689 536 ὀψέποτε
1701 501 1788 528 ὲπειν-

993 549 1060 585 ῆκες
1075 548 1143 584 πρὸς
1150 549 1225 583 ἡμᾶς
1239 549 1268 574 ἐν
1280 549 1313 583 τῇ
1323 549 1434 583 ἀπαρχῇ
1453 547 1500 574 τοῦ
1513 545 1645 582 διωγμοῦ,
1660 545 1789 581 ὲξομολοπ

994 594 1138 630 γούμενος,
1155 594 1368 629 ἐπιτιμώμενος,
1385 593 1623 629 ἐπαγγελλόμενος
1650 592 1701 629 τὴν
1722 594 1790 619 ἀνα-

994 640 1098 676 δρομὴν
1113 640 1185 675 μετὰ
1199 640 1250 676 τὴν
1262 640 1369 667 παῦλαν
1392 639 1440 666 τοῦ
1454 639 1586 675 διωγμοῦ.
1610 639 1675 667 Ἐπὶ
1699 638 1789 674 τούτῳ

995 687 1043 714 καὶ
1072 686 1141 722 πρδς
1163 686 1210 712 τοῦ
1223 685 1376 720 Οἰκονόμου
1405 684 1614 721 ὲστοιχειώθης,
1639 685 1688 712 καὶ
1711 682 1788 720 παρὰ

994 731 1041 759 τοῦ
1058 731 1175 767 ἀδελφοῦ
1202 731 1343 759 Διονυσίου
1357 731 1562 768 προσελήφθης,
1577 731 1625 758 καὶ
1638 731 1689 767 τὴν
1703 730 1789 766 καλὴν

996 777 1144 812 φυγαδείαν
1157 777 1240 808 εἵλου,
1257 777 1289 804 ὲκ
1302 777 1394 804 τόπων
1414 777 1542 813 πονηρῶν
1554 777 1595 809 εἰς
1609 777 1709 809 τόπους
1722 777 1790 810 ἀγα-

996 822 1060 854 θοὺς
1072 822 1260 858 διαιτώμενος,
1274 821 1316 856 ἐφ’
1343 821 1391 853 οὒς
1424 821 1562 857 ὀφθαλμοὶ
1585 822 1710 857 Κυρίου⁶
1741 821 1791 848 καὶ

995 869 1010 896 ὁ
1049 868 1227 905 μακαρισμὸς
1254 868 1303 895 τοῦ
1334 867 1458 903 διωγμοῦ
1490 868 1561 904 ὑπὲρ
1591 867 1715 903 κεφαλῆς
1742 876 1790 895 σου

997 913 1270 949 περικυκλούμενοςο
1303 913 1358 940 Καὶ
1387 911 1452 948 εὖγε
1479 914 1530 949 τῆς
1553 913 1731 949 ἀνακλήσεως
1741 915 1792 949 τῆς

995 959 1168 995 καθάρσεως,
1194 959 1245 994 τῆς
1274 959 1424 994 ἀγγελικῆς
1452 960 1665 995 ἐπικουρήσεως.
1700 959 1733 985 Τί
1744 954 1792 995 οὖν

996 1005 1078 1037 πάλιν
1099 1005 1132 1032 τὸ
1157 1005 1286 1040 γεγονόςς
1318 1006 1346 1032 τί
1374 1005 1405 1032 τὺ
1431 1006 1569 1041 ὲκατῆσάν
1589 1013 1619 1032 σε
1643 1005 1723 1037 Θεοῦ,
1744 1005 1792 1032 καὶ

996 1051 1163 1087 παραδῶσαν
1174 1051 1214 1087 τῷ
1227 1051 1362 1087 διαϐόλιεη
1383 1051 1435 1078 Φεῦ
1451 1051 1500 1087 τῆς
1517 1052 1587 1087 ἐμῆς
1612 1051 1790 1087 ἀθλιότητοςί

1002 1098 1187 1133 Ἐπέστρεψας
1198 1097 1279 1125 πάλιν
1295 1099 1335 1129 εἰς
1351 1098 1398 1124 τὸν
1412 1097 1546 1133 βόρϐορον
1572 1097 1622 1133 τῆς
1639 1097 1789 1132 ἁμαρτίας,

997 1143 1117 1178 φθείρων
1131 1144 1181 1170 καὶ
1202 1142 1395 1178 φθειρόμενος,
1409 1142 1463 1168 ὑπὸ
1477 1142 1621 1176 γυναικὸς,
1642 1142 1744 1178 μᾶλλον
1763 1142 1791 1169 δὲ

996 1188 1145 1222 γυναικῶν.
1160 1188 1258 1224 Κύριε,
1269 1188 1380 1224 ἐλέησον
1392 1197 1399 1204 ·
1415 1189 1521 1223 φεῖσαι,
1534 1188 1632 1220 ὀΘεός.
1641 1188 1743 1225 Ἀφῆκέ
1760 1197 1790 1215 σε

996 1235 1010 1260 ὁ
1024 1233 1113 1268 φύλαξ
1124 1225 1172 1260 σου
1192 1233 1319 1268 ἄγγελος,
1335 1224 1521 1268 προσελάϐετο
1548 1233 1563 1259 ό
1587 1233 1719 1265 Σατανᾶς.
1737 1235 1792 1269 Ζῇς

997 1279 1061 1317 ἆρα,
1079 1281 1155 1308 ἄθλιε
1171 1289 1178 1313 ;
1194 1281 1244 1307 καὶ
1260 1280 1318 1312 πῶς
1331 1280 1389 1306 ἔστι
1405 1281 1454 1316 ζῇν
1471 1280 1517 1307 τὸν
1532 1280 1586 1307 ὑπὸ
1599 1280 1793 1316 ἀνθρωποκτό-

998 1335 1043 1354 νου
1053 1326 1265 1362 κατεσθιόμενον
1276 1335 1283 1359 ;
1304 1327 1387 1362 Ὁρᾷς
1399 1324 1454 1362 ἆρα
1464 1327 1496 1353 τὸ
1508 1326 1566 1361 φῶς
1577 1335 1585 1360 ;
1597 1327 1645 1354 καὶ
1659 1327 1718 1359 πῶς
1733 1327 1791 1354 ἔστι

999 1373 1109 1409 βλέπειν
1125 1372 1172 1400 τὸν
1185 1373 1397 1407 ὲσκοστισμένον
1421 1373 1454 1408 τῇ
1472 1372 1616 1408 ἅμαρτίᾳ;
1651 1372 1793 1410 προσεύχῃ

999 1417 1054 1455 ἆρα
1068 1419 1107 1455 τῷ
1126 1419 1187 1455 Θεῷ
1200 1427 1207 1453 ;
1218 1419 1268 1446 καὶ.
1281 1418 1341 1450 πῶς
1358 1418 1416 1445 ἐστι
1446 1420 1589 1454 προσιέναι
1616 1420 1724 1455 Κυρίῳ,
1747 1415 1795 1448 τὸν

999 1464 1097 1491 ἑαυτὸν
1117 1464 1291 1491 δουλώσαντα
1303 1463 1344 1499 τῷ
1356 1463 1491 1498 διαὸόλῳ;
1508 1464 1564 1490 Ποῦ
1583 1465 1658 1490 ἐστιν
1678 1465 1695 1499 ἡ
1721 1465 1793 1501 καλή

1001 1519 1048 1537 σου
1063 1510 1136 1546 ἀρχή
1149 1519 1157 1542 ;
1175 1511 1192 1546 ἡ
1210 1509 1301 1546 θέρμη
1317 1518 1324 1543 ;
1339 1510 1356 1546 ή
1371 1509 1522 1542 κατάνυξις
1536 1519 1543 1543 ;
1555 1511 1572 1545 ἡ
1592 1510 1718 1545 ὑποταγή
1731 1519 1739 1544 ',
1762 1508 1796 1538 το

1000 1557 1120 1592 δάκρυον
1136 1565 1144 1590 ;
1157 1557 1174 1592 ή
1191 1556 1379 1592 Θεοπτέρωτος
1394 1557 1553 1593 προσευχῆς
1571 1558 1588 1593 ἡ
1604 1557 1730 1593 οὐράνιος
1743 1567 1794 1585 πο-

1001 1604 1090 1630 λιτεία
1102 1612 1109 1636 ;
1122 1603 1227 1640 ᾤχοντο
1240 1603 1341 1636 πάντα,
1357 1603 1543 1642 ἀπολώλασιν.
1570 1605 1603 1631 Ὢ
1632 1606 1796 1640 στεναγμῶν

1003 1659 1049 1686 μοι
1065 1650 1173 1686 πικρῶν
1193 1650 1241 1676 ἐπὶ
1255 1651 1289 1685 τῇ
1307 1651 1340 1685 σῇ
1378 1649 1495 1685 ὰλογίᾳί
1522 1650 1578 1677 εῐθε
1603 1650 1673 1683 ζῶον
1698 1651 1796 1685 ἄλογον

1001 1694 1035 1732 ἧς
1051 1704 1057 1711 ·
1086 1697 1156 1732 ὅπερ
1178 1696 1218 1728 εἰς
1242 1696 1333 1732 κρίσιν
1349 1696 1400 1723 οὐκ
1421 1696 1542 1732 ἔρχεται.
1576 1687 1646 1724 Ἀλλ’
1672 1697 1714 1724 ὅτι
1738 1697 1798 1724 θεόο

1001 1744 1131 1777 πλαστον,
1146 1742 1328 1778 ἀνιστάμενον
1348 1743 1397 1770 καὶ
1417 1743 1559 1778 κρίνεσθαι
1583 1743 1692 1782 μέλλονζ
1716 1743 1799 1782 τοῦτα

1001 1790 1129 1817 ἐλεεινόν.
1150 1789 1237 1825 Δεῦρο
1250 1789 1293 1825 δὴ,
1309 1789 1325 1816 ὁ
1353 1789 1502 1822 ἀπολωλώς
1534 1798 1585 1825 μου
1617 1781 1797 1826 υἱόςξΔεῦρο,

1003 1836 1170 1872 ἐπίστρεψον
1183 1836 1253 1872 πρὸς
1269 1835 1385 1871 Κύριον,
1401 1836 1443 1862 ὃτι
1455 1835 1648 1871 φιλάνθρωπος
1662 1836 1700 1864 ὢν
1716 1829 1798 1864 πάλιν

1001 1884 1123 1922 δέχεται,
1139 1882 1223 1910 πάλιν
1249 1882 1360 1917 ἁγιάζει
1376 1881 1456 1918 [ἣδε.
1470 1882 1532 1910 cod.
1557 1882 1690 1919 ὑγιάζει],
1716 1883 1799 1910 πάλιν

1003 1930 1194 1967 νυμφοστολεϊ,
1210 1929 1293 1956 πάλιν
1307 1928 1368 1956 edet
1380 1929 1427 1956 τὸν
1440 1928 1539 1964 μόσχον
1548 1929 1594 1956 τὸν
1607 1929 1741 1962 σιτευτὸν,
1750 1930 1800 1958 καὶ

1003 1979 1107 2015 χαίρων
1126 1975 1291 2011 συγκαλέσει
1301 1975 1352 2008 τὰς
1367 1975 1424 2003 ἄνω
1438 1976 1571 2012 δυνάμεις
1592 1977 1639 2003 ἐπὶ
1655 1978 1688 2012 τῇ
1705 1978 1737 2013 σῇ
1751 1977 1798 2004 εὐ-

1006 2025 1090 2062 ρέσει.
1105 2023 1153 2060 Μὴ
1173 2023 1206 2060 δὴ
1222 2021 1269 2051 οὖν
1281 2022 1447 2059 ἁπειθήσῃς,
1459 2023 1501 2049 υἰέ
1517 2022 1579 2058 μου,
1597 2023 1638 2050 υἰέ
1655 2031 1721 2057 μου·
1737 2024 1799 2051 ἀλλ’

1004 2071 1185 2106 ἁνακλήθητι,
1199 2069 1258 2097 ἀλλ’
1272 2069 1444 2104 ὑπόστρεψον
1454 2089 1462 2101 ,
1480 2069 1678 2105 σνγκολληθεὶς
1694 2070 1732 2107 τῷ
1745 2079 1799 2102 κατ

1005 2116 1043 2152 λῷ
1054 2125 1101 2143 σου
1115 2115 1224 2150 ἀδελφῷ
1243 2114 1385 2150 Διονυσίῳ,
1398 2116 1464 2151 πρίν
1487 2121 1517 2142 σε
1539 2115 1681 2152 καταλάϐῃ
1692 2117 1709 2152 ἠ
1730 2118 1802 2153 (lett:

1006 2163 1074 2199 φαία
1098 2155 1281 2189 τοῢλαίωνίου
1304 2161 1431 2188 Θανάτου.

1062 2219 1122 2253 PCT’
1134 2218 1183 2253 (ἦ).
1200 2232 1236 2237 -
1247 2217 1422 2251 Εὐστρατίῳ
1435 2217 1605 2253 ἠτυυμένῳ.
1623 2218 1698 2256 [χ).’.]

519 2264 635 2296 Lapsum,
651 2268 678 2289 et
688 2266 771 2294 scelus
783 2267 962 2298 defendentem
981 2267 1104 2298 objurgat.
1117 2265 1218 2297 (Daren.
1230 2271 1270 2289 an.
1281 2263 1337 2294 822,
1348 2270 1372 2288 n.
1387 2265 1439 2296 47.)

192 2306 313 2344 Gavisus
341 2314 404 2335 sum
430 2312 545 2342 accepta
570 2308 721 2342 venerabili
750 2309 868 2344 epistola
891 2315 950 2344 tua,
968 2313 989 2341 ι)

155 2354 269 2392 Patrum
278 2354 452 2386 charissime,
463 2353 509 2380 ubi
519 2353 554 2380 de
565 2355 720 2382 sanctitatis
734 2360 786 2383 tu:e
799 2356 882 2385 rebus
894 2357 952 2386 lucc

155 2407 183 2429 et
200 2402 246 2435 illa
260 2401 386 2437 cognovi.
404 2399 551 2433 Caeterum,
568 2401 641 2436 quod
658 2409 690 2429 ex
707 2403 813 2438 nuntiis
830 2408 951 2437 tantum,

156 2448 203 2475 sed
217 2453 308 2485 tamen
321 2447 374 2487 {ide
387 2447 478 2482 dignis
492 2447 598 2483 accepi,
615 2449 758 2483 aegerrime
775 2450 824 2477 tuli
836 2450 952 2478 audiens

156 2495 248 2527 lictam
261 2493 507 2533 subscriptionem.
523 2493 562 2521 Ac
580 2494 688 2522 sustine
708 2502 762 2529 me,
777 2496 951 2524 reverendis-

157 2539 244 2570 sime,
270 2537 387 2574 liberius
414 2537 610 2565 disserentem.
635 2537 695 2565 Non
716 2539 777 2567 sine
800 2548 886 2567 causa
903 2540 955 2567 fuit

156 2584 230 2620 quod
243 2591 307 2612 cum
322 2591 337 2611 a
354 2583 430 2622 regio
453 2584 580 2622 ministro
596 2585 741 2617 tenereris,
758 2585 894 2621 indemnis
906 2585 952 2613 di-

156 2630 261 2659 missus
286 2629 375 2665 l'uisti.
388 2623 446 2663 Hoc
460 2628 535 2667 enim
556 2634 600 2657 est
615 2630 689 2665 quod
707 2638 832 2658 rumores
845 2632 892 2666 qui
909 2632 953 2666 ja-

156 2681 268 2711 ctantpr
280 2676 400 2714 induxit.
414 2674 526 2713 Nullum
538 2676 631 2711 itaque
647 2683 743 2704 corum
762 2676 807 2711 qui
826 2676 953 2704 libertate

159 2723 201 2752 usi
216 2726 290 2755 sunt,
301 2721 362 2749 sine
372 2728 494 2756 carcere,
506 2727 555 2748 aut
572 2721 668 2749 saltem
682 2721 743 2750 sine
756 2722 854 2750 exsilio
873 2730 953 2750 man-

157 2770 239 2802 sisse,
271 2769 297 2796 in
318 2767 446 2803 confesso
464 2773 516 2806 est.
534 2768 587 2807 Qui
603 2776 669 2808 vero
685 2768 783 2806 harum
800 2776 890 2796 rerum
906 2777 953 2796 cx-

158 2821 250 2852 pcrtcs
270 2815 393 2845 fuerunt.
417 2815 435 2842 ii
454 2815 560 2842 seducti
577 2820 653 2848 sunt,
672 2820 702 2842 ut
723 2824 756 2843 nc
785 2815 850 2850 quid
872 2823 952 2851 aspe-

158 2863 217 2890 rius
227 2862 321 2889 diccns
336 2866 362 2889 tc
375 2861 510 2888 oll‘cndam

194 2943 233 2979 (5)
255 2943 284 2970 ln
304 2941 365 2970 cod.
383 2940 449 2977 Reg.
473 2941 523 2976 (10'.

1046 2308 1165 2343 Ὲχάρην
1179 2305 1328 2341 δεξάμενός
1340 2314 1388 2333 σου
1403 2306 1434 2333 τὸ
1453 2306 1544 2341 τίμιον
1554 2307 1684 2343 γράμμα,
1712 2307 1802 2335 Πατέ-

1005 2364 1060 2390 ρῳν
1080 2354 1205 2389 φίλτατε,
1217 2353 1265 2380 καὶ
1277 2352 1415 2388 διδαχθεὶς
1435 2353 1470 2379 τὰ
1495 2353 1568 2380 κατὰ
1595 2353 1645 2389 τὴν
1669 2354 1800 2389 όσιότητά

1003 2410 1050 2428 σου
1065 2399 1152 2436 οὕτως
1161 2399 1234 2438 ἔχειν
1243 2399 1290 2429 καὶ
1307 2399 1405 2432 οὕτως,
1427 2400 1502 2433 ἐπεὶ,
1517 2401 1580 2427 ὅσον
1592 2401 1625 2428 ὲκ
1639 2401 1694 2428 τῶν
1707 2402 1800 2436 ἀπαγ-

1003 2446 1161 2480 γειλάντων,
1179 2445 1269 2473 καίτοι
1284 2445 1461 2483 ἀξιοπίστων,
1489 2446 1624 2482 λυπηρῶς
1644 2447 1800 2483 διεκείμην,

1003 2492 1125 2524 ἀκούσας
1137 2491 1187 2527 τὴν
1200 2492 1383 2527 ὑποκριτικὴν
1400 2492 1574 2528 ὑπογραφὴν.
1590 2493 1645 2520 Καί
1661 2502 1696 2529 με
1712 2494 1799 2527 δέξαι,

1003 2538 1164 2575 τιμιώτατε,
1180 2538 1493 2574 παρρησιαστικώτερον
1509 2539 1713 2574 διαλεγόμενον.
1742 2543 1801 2568 Οὐκ

1005 2584 1058 2617 ἔξω
1069 2584 1158 2616 αἰτίας
1172 2584 1203 2611 τὺ
1221 2583 1428 2619 κατασχεθέντα
1442 2593 1471 2610 σε
1487 2584 1539 2611 ὑπὸ
1552 2584 1694 2620 βασιλικοῦ
1709 2586 1801 2619 μεῖναι

1005 2631 1110 2666 ἀπαθῆ,
1130 2631 1214 2667 ἤγουν
1233 2630 1345 2664 ἄφετον.
1372 2631 1457 2657 Τοῦτο
1470 2631 1526 2666 γὰρ
1545 2631 1600 2658 τῶν
1617 2631 1802 2668 τεθρυλλημέ-

1004 2686 1058 2704 νων
1071 2677 1226 2711 ἐπαγωγόν.
1246 2676 1340 2708 Οὐδεὶς
1357 2674 1404 2703 οὖν
1427 2676 1483 2703 τῶν
1511 2677 1803 2713 πεπαρῤησιασμένων

1005 2723 1073 2758 ἄτερ
1094 2722 1230 2758 φυλακῆς,
1255 2722 1475 2758 ἥτοὺλάχιστον,
1497 2722 1616 2758 ἑξορίας,
1640 2723 1803 2759 ἦτοιφυγα-

1004 2770 1079 2801 δείις
1098 2769 1272 2805 ὡμολόγηται
1287 2769 1435 2804 διαμεῖναι.
1450 2770 1483 2796 Οἱ
1495 2769 1524 2796 δὲ
1537 2769 1640 2797 τούτων
1656 2770 1747 2802 ἐκτὸς,
1762 2772 1806 2797 ὲν-

1005 2816 1050 2847 re;
1072 2815 1122 2851 τῆς
1142 2815 1306 2855 ἀπαγωγῆς,
1326 2814 1370 2843 ἵνα
1395 2816 1433 2852 μὴ
1463 2815 1629 2858 τραχύτερον
1653 2816 1740 2856 eis:th
1759 2816 1805 2844 λυ-

1009 2870 1044 2897 πη
1050 2870 1098 2899 σωι.
