1912 3080
92 150 160 182 1365

689 145 962 177 EPISTOLARUM
992 146 1066 176 LIB.
1085 145 1129 177 II.

1662 146 1740 181 1365

125 208 163 234 Ἣ
192 206 223 234 οὺ
251 206 403 241 διεδλέψω,
428 187 662 241 διορατικώτατε,
690 205 737 232 τὸν
763 204 883 240 χαλεπὸν
896 206 920 235 Δ
969 204 1000 232 At

969 204 1071 232 Annon
1086 204 1192 237 vidisti,
1207 205 1250 232 vir
1265 205 1456 234 oculatissime
1466 226 1473 239 ,
1489 213 1601 241 gravem
1617 204 1736 243 Leonis,

89 253 210 290 διωγμὸν
234 253 351 284 Λέοντος
376 251 423 279 τοῦ
446 251 640 288 θηριωνύμου;
655 248 686 278 οὗ
708 252 726 287 ἡ
753 251 884 287 Ἀχααόι-

90 300 154 335 τικὴ
168 301 229 335 χεὶρ
243 296 299 327 εἷλε
313 299 360 329 καὶ
374 299 440 331 τοὺς
451 297 482 331 ἐξ
495 299 578 326 ἄλλου
595 298 726 334 κράτους,
740 297 845 325 ἔκτεινέ
855 306 886 325 τε

91 347 140 373 καὶ
156 346 243 373 ὤλεσε
253 353 260 361 ·
273 345 305 372 τό
317 353 350 380 γε
368 344 624 380 φιλανθρωπότερον
639 344 796 380 ὲφρούρησε
817 344 887 380 μετὰ

92 392 196 428 πικρὰν
221 391 392 428 μαστίγωσιν
403 399 410 407 ·
426 391 463 427 μὴ
480 392 522 420 ὃτι
539 399 572 425 γε
587 392 650 424 τοὺς
669 392 722 419 ὑπὸ
743 392 832 427 χεῖρα.
853 391 886 418 Εἰ

92 439 115 465 δ’
136 438 217 470 αὐτὸς
235 438 348 464 οὒτίπου
364 437 420 464 τῶν
443 437 575 464 τοιούτων
590 437 734 470 πεπονθὼς
754 438 824 474 μετὰ
836 438 888 474 τὴν

93 483 244 518 σύλληψιν,
261 482 416 517 σύγγνωθι,
441 482 579 518 ἐσυλήθης
591 505 598 516 ,
616 483 689 518 ἆγιε.
716 483 771 510 Καὶ
788 483 826 519 μή
842 491 888 519 μοι

93 529 279 564 φυλάττεσθαι
309 529 359 561 τὰς
393 529 496 561 οἰκείας
534 529 703 564 Ἑκκλησίας
730 529 813 564 λέγε,
841 531 889 557 καὶ

94 576 166 608 σώας
189 576 240 607 τὰς
270 576 391 612 ἱστορίας
419 577 526 612 μένειν,
550 577 602 612 τήν
624 585 655 603 τε
680 578 821 612 ἀναφορὰν
843 576 888 603 τοῦ

94 623 249 656 ᾁγιωτάτου
268 623 348 658 ἡμῶν
367 623 550 659 πατριάρχου.
569 623 656 650 Τοῦτο
677 624 731 659 γὰρ
751 624 797 651 καὶ
813 622 891 650 ἄλλοι

94 670 266 705 ἀπαχθέντες
287 669 486 704 φιλολογοῦσιν.
504 670 541 696 Οὐ
562 669 676 696 δύναται
695 669 783 696 ταῦτα
798 669 875 696 διασε

95 715 217 747 σῶσθαι,
250 714 275 740 εί
309 715 390 750 μήτοι
414 715 547 751 προδοσίᾳ
571 715 705 750 ἀληθινῆς
737 715 891 748 ὲνστάσεως

93 761 214 795 ἐγένετο.
235 761 269 787 Τί
292 761 322 787 τὸ
339 760 453 796 ὄφελος,
474 762 500 788 εἰ
520 762 603 797 ἡμεῖς
617 762 643 789 οἱ
656 761 720 793 ναὸς
735 761 822 795 Θεοῦ,
843 761 891 788 καὶ

94 807 171 838 ὅντες
197 807 246 833 καὶ
269 806 430 842 λεγόμενοι,
454 806 664 843 ἡχρειώθημεν,
693 807 742 834 καὶ
770 807 891 842 ἀψύχους

94 854 188 884 οἴκους
202 852 473 888 περιεποιησάμεθα;
488 854 505 888 ἡ
519 852 602 880 είκὼν
615 852 665 880 τοῦ
678 852 813 888 Χριστοῦ,
826 851 889 880 οὔτε

93 900 145 934 τῆς
171 899 323 932 Θεοτόκου,
352 898 416 926 οὔτε
437 899 510 931 τινὸς
531 899 610 934 ἁγίου
626 899 778 928 διαπίπτει.
804 900 890 927 Μένει

95 946 151 980 γὰρ
167 945 196 972 ἐν
215 945 307 977 αὐτοῖς
325 945 363 978 Lb;
387 945 581 981 πρωτοτύποις
591 952 599 961 ⁸
620 946 752 973 πίπτουσι
766 946 795 973 δὲ
810 947 834 973 οἱ
848 947 891 973 δο-

93 992 208 1023 κοῦντες
229 991 372 1027 καθαιρεῖν
397 992 501 1024 αὑτάς·
525 992 595 1019 ἀλλὰ
615 992 670 1028 γὰρ
689 992 738 1020 καλ
759 993 785 1019 oi
805 992 891 1027 φειδοῖ

93 1038 199 1064 τούτων
215 1038 362 1073 προέμενοι
376 1038 426 1074 τὴν
442 1039 614 1074 παῤῥησίαν.
631 1040 679 1066 καὶΙ
693 1039 743 1075 τὴν
756 1039 789 1066 δι’
805 1039 890 1075 αὐτῆς

93 1084 228 1111 κάκωσιν.
248 1085 322 1112 Οὑάί
344 1084 420 1115 ᾷλλοι
435 1085 671 1121 ἀποθνήσκοντες,
693 1086 781 1121 ἕτεροι
803 1086 890 1121 ὑπερ-

93 1129 252 1166 οριςόμενοι
262 1151 271 1163 ,
286 1130 363 1160 ἄλλοι
389 1131 598 1167 μαστιζόμενοι,
616 1132 705 1167 ἕτεροι
720 1132 892 1168 φρουρούμεο

95 1185 154 1204 νοι·
172 1177 207 1204 τὰ
231 1176 282 1213 ὅρη
307 1177 405 1212 ἔχοντα
429 1179 477 1205 καὶ
489 1178 517 1204 at
537 1178 662 1214 ὲρημίαι,
677 1178 777 1215 πέτραι
797 1187 827 1206 τι
843 1179 891 1206 καὶ

95 1223 220 1258 σπήλαια
242 1224 306 1256 τοὺς
334 1224 479 1260 μακαρίως
499 1224 697 1260 δεδιωγμένους
709 1234 717 1243 ·
745 1226 791 1253 καὶ
809 1227 891 1262 ἡμεῖς

93 1271 166 1297 οἴκοι
188 1271 334 1306 μένοντες,
361 1272 408 1298 καὶ
433 1272 553 1307 οἰόμενοι
579 1272 707 1305 ἀδλαὸῶς
733 1273 889 1309 διαμένειν;

94 1317 236 1353 οὐδαμῶς.
265 1318 422 1345 Ἀπολὲσθω
441 1319 518 1345 πᾶσα
531 1320 549 1353 ὴ
564 1319 611 1346 τοῦ
633 1319 737 1355 κόσμου
764 1319 814 1355 ὕλη
835 1319 891 1347 τῶν

94 1364 248 1390 δοκούντων
262 1372 269 1380 ·
290 1365 308 1398 ἡ
333 1365 540 1400 ὁμολογουμένη
558 1365 646 1401 βλάϐη
665 1365 754 1401 ψυχῆς
777 1374 892 1410 depol-apt-

95 1409 188 1437 νέσθω
208 1410 243 1445 ἢν
256 1410 362 1445 ὑπέστη
386 1411 441 1442 πᾶς
458 1411 660 1446 προφασιστής.
685 1411 780 1438 Ταῦτα
805 1409 892 1446 φιλῶν

95 1456 147 1483 καὶ
172 1456 394 1491 ὑπομιμνήσκων
418 1457 533 1492 εῐρηκα,
554 1457 601 1484 καὶ
623 1457 660 1489 ὼς
677 1457 729 1484 ὑπὸ
749 1458 892 1493 ἐπιτιμίαν

97 1501 184 1536 ἐσμὲν
200 1501 272 1534 ἄξιοι
292 1500 381 1528 ἐλθεῖν
394 1510 401 1518 ·
424 1502 471 1528 καὶ
489 1501 530 1529 ὅτι
555 1502 584 1528 ἑν
605 1502 695 1538 καιρῷ
715 1502 891 1537 όρθοδοξίας,

936 251 1050 278 nomine
1062 250 1152 278 ferino
1162 250 1238 285 digni
1265 253 1485 286 persecutionem
1497 252 1509 278 ?
1521 252 1602 288 cujus
1616 253 1738 281 Achabi-

941 297 993 324 lica
1011 304 1110 325 manus
1123 297 1206 325 etiam
1223 304 1270 325 cos
1281 298 1329 333 qui
1343 298 1396 326 sub
1408 299 1461 326 alio
1474 299 1590 335 imperio
1600 305 1678 328 erant
1690 308 1738 336 ap-

938 343 1093 378 prehendit,
1110 344 1222 378 occidit,
1237 345 1397 379 interemit,
1416 351 1462 373 aut
1476 368 1482 379 ,
1499 347 1572 381 quod
1590 347 1739 375 humanius

940 389 1012 423 fuit,
1040 389 1068 417 in
1094 397 1232 418 carcerem
1253 391 1369 419 detrusit
1387 396 1447 427 post
1465 393 1553 420 diram
1578 393 1739 429 ﬂagellatio-

937 443 1000 464 nem
1015 446 1021 463 :
1048 436 1148 464 nedum
1163 437 1197 464 iis
1216 445 1330 472 parcens
1347 438 1394 473 qui
1412 443 1491 466 erant
1511 440 1562 467 sub
1582 440 1642 474 ejus
1660 446 1737 475 pote-

939 487 1019 511 state.
1045 483 1123 516 Quod
1151 483 1174 511 si
1205 489 1233 511 tu
1254 483 1325 511 nihil
1344 484 1500 520 hujusmodi
1518 493 1616 521 passus
1625 493 1655 513 es
1674 491 1737 522 post

938 530 1226 565 comprehensionem,
1239 531 1369 566 ignosce:
1382 532 1517 567 spoliatus
1528 540 1568 565 es,
1580 532 1622 560 vir
1631 538 1736 560 sancte.

939 575 1033 611 Neque
1047 576 1115 603 mihi
1133 575 1235 605 dixeris
1255 581 1379 605 servatas
1396 577 1482 605 fuisse
1497 578 1623 613 proprias
1648 577 1737 605 eccle-

939 623 1004 657 sias,
1022 626 1049 651 et
1064 624 1186 659 picturas
1202 625 1324 660 integras
1339 631 1511 660 permanere,
1527 628 1554 652 ct
1565 631 1738 652 commemo-

940 670 1073 697 rationem
1087 670 1256 699 sanctissimi
1269 670 1434 706 patriarchze
1448 671 1544 698 nostri.
1556 670 1614 698 Hoc
1625 671 1697 698 enim
1711 677 1738 698 ct

940 716 986 743 alii
1001 716 1047 752 qui
1063 716 1169 744 seducti
1186 716 1298 745 fuerunt
1313 717 1422 745 causari
1439 717 1539 745 solent.
1561 716 1620 745 Non
1640 721 1737 752 potuc-

940 766 1006 790 runt
1019 763 1076 790 haec
1091 763 1206 796 servari,
1225 763 1278 791 nisi
1294 771 1366 791 vera:
1377 763 1544 791 defensionis
1560 763 1680 798 proditio
1696 763 1738 790 iu-

942 808 1102 836 tercederet.
1117 808 1188 842 Quid
1211 810 1321 844 prodest
1333 809 1355 837 si
1377 817 1427 837 nos
1446 809 1491 844 qui
1506 808 1554 837 Dei
1568 809 1699 844 templum
1710 813 1738 836 et

942 862 1036 883 sumus
1052 860 1079 883 et
1090 855 1210 882 dicimur
1222 877 1230 888 ,
1246 855 1360 883 inutiles
1377 855 1442 883 l‘aeti
1456 863 1554 883 sumus
1566 877 1574 889 ,
1597 853 1736 883 inanimas

942 905 1032 928 autem
1043 900 1141 929 domos
1158 901 1276 936 integras
1301 900 1464 928 servamus?
1493 901 1585 936 imago
1611 900 1735 934 Christi,

941 954 992 974 nec
1009 946 1134 982 Deiparm
1148 967 1156 979 ,
1185 955 1235 974 nec
1259 947 1350 974 sancti
1374 947 1457 975 ullius
1479 947 1627 975 intercidit.
1644 947 1739 975 Manet

941 993 1013 1020 enim
1025 993 1052 1020 in
1065 994 1106 1021 eis
1123 997 1256 1028 tanquam
1271 994 1444 1029 prototypis:
1462 993 1594 1022 excidunt
1611 1001 1676 1021 vero
1688 993 1737 1029 qui

941 1040 1002 1068 illas
1026 1048 1042 1068 e
1065 1040 1157 1068 medio
1182 1040 1276 1068 tollere
1302 1041 1355 1068 sibi
1379 1041 1519 1074 videntur,
1542 1044 1599 1068 tum
1626 1044 1653 1067 ct
1669 1038 1736 1075 qui,

941 1091 972 1114 ut
987 1087 1029 1115 his
1046 1091 1160 1122 parcant
1175 1107 1182 1118 ,
1199 1087 1353 1114 libertatem
1370 1086 1550 1121 abiecerunt,
1571 1090 1608 1120 et,
1625 1094 1685 1121 quae
1702 1093 1737 1113 cx

941 1140 973 1160 ea
992 1133 1127 1167 sequitur,
1149 1132 1335 1160 vexationem.
1349 1132 1412 1160 Vae!
1435 1132 1479 1159 alii
1503 1132 1669 1165 moriuntur,
1690 1132 1736 1160 alii

940 1178 1078 1211 exsulant,
1100 1178 1147 1206 alii
1175 1178 1292 1213 ﬂagellis
1322 1177 1484 1212 emduntur,
1508 1177 1555 1206 alii
1580 1178 1736 1205 carceribus

942 1225 1108 1252 addicuntur
1124 1233 1131 1252 :
1151 1229 1258 1253 montes
1270 1229 1298 1252 et
1311 1224 1487 1256 solitudines,
1505 1231 1570 1252 saxa
1585 1229 1612 1251 et
1623 1224 1736 1259 spelun-

941 1279 980 1298 (ιω
995 1271 1090 1298 beatos
1103 1271 1164 1299 illos
1175 1271 1220 1306 qui
1234 1270 1454 1305 persecutionem
1465 1269 1618 1305 patiuntur,
1633 1269 1734 1303 passim

943 1317 1046 1344 habent
1059 1326 1065 1344 :
1083 1322 1110 1345 et
1122 1325 1173 1345 nos
1186 1317 1261 1345 domi
1280 1317 1426 1350 ha3rcntes,
1442 1317 1545 1352 absque
1560 1315 1737 1344 incommodo

942 1370 1054 1390 manere
1075 1370 1127 1390 nos
1144 1370 1225 1397 posse
1245 1362 1434 1390 arbitramur?
1454 1361 1629 1391 Nullomodo.
1642 1361 1738 1390 Pereat

942 1409 1071 1437 universa
1089 1408 1185 1436 mundi
1201 1408 1379 1444 aspectabilis
1399 1409 1513 1436 materia
1528 1418 1535 1436 :
1555 1413 1738 1444 anteponatur

943 1460 1015 1484 certa
1027 1456 1128 1483 animm
1144 1455 1293 1490 pernicies,
1310 1463 1392 1490 quam
1413 1455 1498 1482 subiit
1511 1455 1638 1491 quisquis
1653 1463 1721 1483 exeu
1733 1472 1739 1476 -

943 1502 1078 1529 sationem
1094 1501 1251 1536 praetendit.
1273 1501 1335 1528 Hac
1349 1501 1451 1529 amoris
1468 1509 1534 1536 ergo
1546 1522 1552 1534 ,
1574 1505 1604 1528 ut
1615 1507 1739 1528 commo-

96 1547 175 1574 οὐδὲν
191 1547 371 1583 ὰψηλάφητον
386 1548 514 1584 ἀφεθείη.
544 1549 601 1576 Καὶ
612 1547 642 1576 εὖ
656 1549 723 1584 ἔχει,
737 1549 781 1576 διὰ
796 1558 892 1577 ταπει-
905 1556 927 1585 c
943 1546 1000 1575 nefa

953 1546 1199 1580 nefaciam,dixi,et
1213 1551 1244 1574 ut
1257 1546 1332 1581 digni
1344 1547 1431 1574 simu-5
1442 1547 1490 1581 qui
1503 1547 1536 1573 ad
1549 1545 1738 1582 paenitentiam

96 1593 208 1626 νώσεως
224 1594 352 1629 βαδίσαι,
370 1596 418 1622 καὶ
434 1595 562 1622 ίάσασθαι
588 1595 619 1622 τὸ
636 1595 801 1631 ἡσθενηκδς,
812 1595 829 1629 ἢ
848 1595 894 1622 διὰ

96 1641 281 1676 ἀναιτιασμοῦ
296 1641 473 1677 προστρίϐειν
487 1642 594 1673 ἑαυτοῖς
609 1641 720 1677 μείζονα
732 1641 893 1676 αἰτιάματα.

947 1593 1089 1621 veniamus
1105 1601 1113 1619 :
1138 1596 1166 1620 et
1188 1592 1252 1628 quia
1264 1612 1271 1625 ,
1297 1600 1359 1619 cum
1378 1596 1486 1627 tempus
1502 1592 1564 1620 ﬁdei
1580 1592 1741 1621 orthodoxa:

948 1645 1133 1676 opportunum
1145 1640 1215 1672 erit,
1233 1639 1301 1666 nihil
1317 1639 1491 1674 relinquetur
1504 1648 1557 1667 non
1571 1647 1719 1668 excussum
1732 1647 1740 1666 :

98 1693 267 1724 praestatque
290 1697 338 1724 per
360 1689 543 1717 humilitatem
569 1689 717 1722 incedere,
745 1694 773 1717 et
797 1688 889 1717 sanari
908 1689 981 1724 quod
1006 1688 1144 1715 inﬁrmum
1166 1692 1230 1721 cst,
1259 1695 1342 1723 quam
1368 1695 1416 1723 per
1443 1688 1634 1723 impunitatem
1653 1688 1742 1716 accire

98 1738 153 1766 sibi
169 1738 274 1772 majora
288 1737 397 1765 delicta.

191 1785 241 1811 PZ'
257 1784 308 1819 (ι).
325 1799 362 1804 -
375 1784 440 1817 Τοῖς
453 1784 489 1811 ὲν
501 1783 588 1811 ἄστει
604 1784 759 1819 ἀδελφοῖς.
797 1782 893 1820 [χλγ¹.]

1058 1781 1136 1810 CVII.
1151 1797 1187 1803 —-
1198 1781 1341 1809 Fratribus
1354 1782 1381 1809 in
1394 1781 1458 1810 urbe
1470 1782 1634 1818 degentibus.

541 1841 659 1871 Quadam
672 1845 759 1866 contra
770 1841 878 1866 ofﬁcium
895 1847 922 1865 ac
937 1841 1030 1871 praeter
1043 1838 1077 1863 fas
1085 1841 1189 1870 agentes
1204 1837 1326 1870 increpat.

147 1893 286 1929 Εὖκαιρον
300 1893 450 1929 ἡγησάμην
465 1893 549 1920 τανῦν
563 1893 696 1925 εἰσιόντος
719 1893 767 1920 τοῦ
783 1891 899 1927 ἀδελφοῦ

101 1940 217 1972 Λέοντος
233 1940 387 1967 ἐπιστεῖλαι
401 1939 501 1971 κοινῶς
514 1940 610 1972 πᾶσιν,
625 1939 808 1974 εὐλογημένοι
823 1938 899 1966 ἁδελ-

102 1987 149 2021 φοὶ
165 1986 214 2013 καὶ
242 1985 383 2021 Πατέρες·
400 1985 695 2021 προσυπομιμνήσκων
720 1984 756 2012 τὰ
780 1985 900 2020 ἐχόμενα

102 2033 254 2068 σωτηρίας.
274 2032 384 2067 Ἐπειδὴ
399 2033 451 2060 κάν
466 2033 500 2068 τῇ
514 2032 635 2068 ἀπουσίᾳ
646 2032 732 2068 ταύτῃ
746 2032 793 2058 καὶ
805 2031 899 2067 ὲξορίᾳ

102 2078 223 2114 ἔμφοϐος
237 2078 296 2114 εἰμι
308 2078 355 2105 καὶ
368 2077 501 2114 ἔντρομος
518 2078 588 2114 μετὰ
605 2077 651 2105 τοῦ
670 2077 772 2104 οἰκείου
787 2078 897 2114 φορτίου
914 2096 936 2124 D

102 2124 158 2155 τῶν
178 2124 397 2159 ἁμαρτημάτων,
413 2123 462 2151 καὶ
480 2124 546 2160 περὶ
559 2125 609 2158 τῆς
624 2123 779 2160 ἀνηκούσης
794 2132 840 2160 μοι
856 2124 897 2156 είς

103 2171 176 2205 ὑμᾶς
192 2170 334 2205 φροντίδος
359 2170 409 2197 καὶ
426 2169 605 2205 προστασίας.
627 2169 766 2205 Φοϐοῦμαι
781 2170 836 2206 γὰρ
849 2170 898 2197 καὶ

101 2216 179 2242 ὂέδια
189 2236 198 2248 ,
213 2216 312 2251 μήπως
327 2215 408 2251 ὑμεῖς
425 2216 449 2242 oi
467 2216 497 2242 ὲν
510 2215 588 2243 ἄστει
603 2215 804 2251 διατρίϐοντες,
821 2215 898 2251 εὑρι-

102 2262 266 2297 πιστότερον
280 2262 321 2293 εἰς
340 2261 482 2297 ἐμπτωσίν
497 2270 559 2290 τινα
574 2261 721 2297 ὲμπέσοιτε
733 2281 741 2294 ,
759 2262 806 2289 καὶ
826 2261 897 2298 ἅπερ

102 2308 150 2334 διὰ
169 2307 276 2335 πολλῶν
289 2307 384 2335 κόπων
397 2317 429 2335 τε
445 2309 494 2335 καὶ
510 2308 611 2342 ἄθλων,
625 2308 680 2336 τῶν
694 2308 748 2344 πρὸ
762 2308 897 2344 διωγμοῦ,

103 2355 152 2381 καὶ
174 2354 204 2380 ὲν
217 2353 258 2389 τῷ
274 2353 388 2389 διωγμῷ
405 2353 626 2389 συνηθροίσαμεν
643 2353 879 2390 ἀγαθουργήματα
889 2373 897 2387 ,

103 2398 353 2434 ἁφυλακτήσαντες
377 2397 448 2434 πρὸς
475 2397 581 2432 βραχὺ,
598 2396 684 2432 ἄρδην
708 2397 898 2432 ἀπολέσωμεν.

110 2444 218 2476 ’Λκούω
239 2445 390 2478 ἀστασίαν,
407 2444 576 2480 μεταδασίαν
587 2451 596 2460 ·
611 2442 692 2471 ἄλλον
710 2443 741 2475 ἐξ
757 2444 837 2471 ἄλλου
850 2443 900 2471 καὶ

103 2490 223 2525 ἀδελφοῦ
237 2491 285 2518 καὶ
299 2490 383 2518 τόπου
396 2489 598 2525 μεταϐαίνοντα
609 2498 617 2506 σ
632 2490 680 2517 καὶ
691 2489 722 2516 τό
738 2498 770 2524 γε
783 2489 900 2517 ἐλεεινό-

102 2545 203 2572 τερον,
231 2537 313 2572 μόνον
339 2536 421 2564 ἄλλον
443 2535 649 2571 καθεζόμενον,
669 2536 716 2563 καὶ
735 2536 844 2572 ἕτερον,
868 2535 900 2563 τὸ

104 2583 214 2610 κελλίον
234 2583 275 2614 εἰς
291 2582 382 2610 οἰκίαν
400 2581 467 2610 ἔνθα
477 2579 619 2617 γυναῖκες,
631 2581 728 2618 ἔχοντα
737 2589 745 2598 '
757 2583 805 2610 καὶ
819 2582 900 2610 ἄλλον

105 2626 190 2654 πάλιν
211 2627 252 2658 εἰς
272 2627 457 2662 μοναστήριον
470 2628 628 2661 γυναικεῖον
648 2625 828 2661 διαιτώμενον
843 2626 900 2652 εἰσ-

105 2673 167 2705 αεί·
185 2673 280 2709 ἕτερον
312 2673 394 2700 πάλιν
416 2669 468 2699 ὧδέ
489 2681 519 2699 τε
544 2673 655 2699 κάκεῖσε
681 2671 899 2707 οἰκοτριὸοὖντα,

104 2719 171 2746 ἔνθα
195 2719 291 2754 κόραι,
315 2718 380 2745 ἔνθα
406 2718 462 2753 πῦρ
477 2718 529 2745 οὐκ
545 2717 697 2754 ὲμπυρίζον
716 2718 823 2754 χόρτον,
841 2717 900 2744 ἀλλ’

105 2762 181 2790 οἷκον
200 2763 291 2799 ψυχῆς
302 2771 310 2779 ·
328 2763 417 2795 ἐνίους
435 2763 516 2790 πάλιν
533 2762 748 2798 ἐπιλαθομένους
762 2762 814 2797 τῆς
827 2762 900 2790 ἐννό-

107 2818 159 2846 μου
181 2809 266 2845 ζωῆς,
282 2809 394 2841 δούλους
406 2809 603 2845 ὼνησαμένους
624 2810 715 2842 αὐτοῖς
734 2809 835 2846 συζῇν’
854 2810 903 2837 καὶ

143 2866 183 2903 (4)
202 2866 230 2895 1η
245 2867 305 2896 cod.
320 2867 386 2904 Reg.
403 2867 466 2904 pza’.

989 1890 1180 1924 Opportunum
1196 1889 1352 1917 existimavi
1366 1889 1558 1924 proﬁciscente
1576 1899 1648 1919 nunc
1661 1891 1745 1920 fratre

948 1933 1052 1966 Leone,
1064 1941 1228 1962 communes
1242 1934 1372 1962 omnibus
1385 1934 1490 1962 litteras
1506 1936 1571 1963 dare
1581 1956 1588 1969 ,
1606 1935 1743 1964 benedicti
1756 1971 1759 1974 ⁴

947 1981 1050 2010 fratres
1064 1981 1233 2014 Patresque;
1249 1988 1384 2009 revocans
1399 1980 1425 2007 in
1440 1982 1598 2009 memoriam
1609 1989 1670 2017 quae
1683 1991 1745 2018 per-

948 2027 1036 2055 tinent
1055 2027 1089 2055 ad
1104 2027 1306 2062 salutem,quia
1322 2035 1370 2062 per
1384 2028 1535 2055 absentiam
1553 2028 1632 2056 istam
1652 2034 1678 2056 et
1694 2037 1746 2056 ex-

948 2074 1041 2102 silium
1058 2074 1084 2101 in
1099 2078 1172 2101 metu
1189 2078 1216 2102 et
1230 2074 1329 2102 timore
1341 2081 1450 2107 versor,
1464 2074 1501 2101 ob
1516 2074 1589 2101 illam
1603 2082 1663 2110 qua:
1680 2075 1745 2103 mihi

949 2123 1049 2155 praeter
1063 2119 1206 2154 proprium
1222 2122 1398 2154 peccatorum
1413 2127 1485 2147 onus
1502 2119 1647 2153 incumbit,
1661 2120 1744 2148 vestri

947 2171 1044 2193 curam
1066 2169 1094 2191 et
1113 2164 1317 2199 praefecturam.
1339 2164 1432 2193 Metuo
1452 2165 1526 2193 enim
1544 2173 1577 2194 ac
1598 2173 1696 2194 vereor
1713 2174 1746 2194 ne

949 2220 999 2241 vos
1027 2213 1076 2248 qui
1105 2214 1132 2240 in
1162 2212 1230 2240 urbe
1258 2213 1415 2247 habitatis,
1440 2213 1553 2242 facilius
1580 2215 1608 2242 in
1637 2214 1745 2250 lapsum

949 2259 1070 2294 aliquem
1083 2258 1235 2287 incurratis
1248 2279 1256 2292 ,
1271 2264 1298 2287 et
1310 2267 1371 2295 quae
1388 2260 1483 2289 multis
1498 2261 1641 2289 laboribus
1655 2266 1746 2289 certa-

949 2306 1143 2340 minibusque,
1159 2310 1216 2333 tum
1236 2310 1300 2333 ante
1315 2307 1549 2341 persecutionem,
1567 2312 1625 2335 tum
1643 2308 1671 2335 iu
1686 2315 1748 2343 per-

949 2352 1093 2380 secutione
1103 2372 1111 2384 ,
1127 2351 1200 2379 bona
1213 2360 1297 2387 opera
1311 2352 1473 2389 collegimus
1485 2373 1492 2386 ,
1509 2354 1600 2381 brevis
1614 2354 1746 2391 temperia

951 2396 1116 2432 negligentia
1142 2396 1268 2425 funditus
1283 2397 1477 2432 deperdamus.
1495 2398 1586 2426 Audio
1609 2398 1730 2427 instabili

951 2448 1048 2476 tatem,
1060 2443 1144 2470 audio
1157 2443 1378 2479 emigrationem,
1392 2445 1478 2472 alium
1495 2445 1530 2472 ab
1545 2446 1599 2473 alio
1614 2450 1641 2473 et
1660 2445 1748 2473 fratre

950 2494 977 2516 et
989 2489 1050 2517 loco
1069 2489 1233 2523 abeuntem;
1245 2493 1283 2523 et,
1295 2489 1367 2525 quod
1380 2491 1566 2522 miserabilius
1579 2496 1639 2525 est,
1661 2492 1745 2520 alium

951 2535 1041 2562 solum
1058 2535 1236 2569 residentem,
1254 2536 1338 2563 alium
1358 2536 1484 2565 cellulam
1505 2537 1536 2568 in
1549 2537 1632 2566 domo
1648 2538 1675 2566 in
1692 2547 1747 2573 qua

951 2585 1016 2609 sunt
1032 2581 1163 2609 mulieres
1177 2581 1341 2616 habentem;
1355 2583 1439 2610 alium
1456 2591 1553 2611 rursus
1567 2584 1594 2611 in
1611 2584 1746 2612 muliebrt
1770 2615 1773 2617 _

951 2627 1120 2655 monasterio
1135 2627 1459 2662 perpetuodiversantem
1474 2637 1481 2661 ;
1499 2629 1585 2656 alium
1600 2630 1691 2658 denuo
1709 2630 1746 2658 ibi
1767 2620 1772 2667 ε’

952 2675 1122 2711 frequentem
1137 2675 1182 2703 ubi
1200 2681 1265 2703 sunt
1277 2676 1386 2712 puellae,
1407 2677 1452 2704 ubi
1469 2677 1540 2713 ignis
1561 2685 1616 2705 non
1633 2677 1742 2712 fenum,

952 2721 999 2749 sed
1022 2721 1134 2749 domum
1158 2722 1257 2752 anima:
1277 2723 1463 2753 comburens:
1484 2723 1621 2760 quosdam
1648 2732 1748 2752 rursus

954 2765 1076 2793 astricta“.
1091 2765 1198 2801 legibus
1210 2767 1273 2794 vita:
1287 2767 1398 2802 oblitos,
1413 2776 1509 2797 servos
1523 2777 1627 2803 emere,
1642 2774 1670 2797 et
1683 2778 1745 2797 cum

954 2811 1009 2839 illis
1021 2812 1135 2845 vivere;
1156 2812 1225 2841 alios
1243 2812 1307 2842 item
1326 2815 1441 2844 mercari
1459 2822 1551 2850 agros.
1569 2815 1593 2844 Ο
1607 2815 1743 2845 infelicent
