1912 3080
156 208 277 234 animam
295 206 403 234 meam!
419 206 560 241 quomodo
573 207 602 233 in
620 205 664 235 his
682 213 737 234 lion
753 205 952 241 ingemiscant?
966 207 988 235 Α

156 252 296 289 quomodo
317 260 372 278 non
397 258 515 279 metuam
541 252 564 280 si
585 253 691 286 justum
718 251 765 280 Dei
785 256 951 286 praeceptum

158 306 211 324 non
230 296 413 324 annuntiem?
430 296 548 331 thuid,
580 298 693 330 lratres,
713 296 746 323 de
759 300 833 324 statu
853 296 953 323 mentis

157 343 283 370 exiistis‘l
297 343 393 377 utquid
410 342 519 370 Domini
545 343 629 376 servi,
646 343 776 370 vitiorum
801 343 874 371 servi
888 342 953 370 facti

157 390 245 417 estis?
267 398 328 416 cum
345 389 397 416 sub
413 390 472 424 lege
489 389 571 422 sitis,
587 398 637 417 cur
651 394 747 417 contra
767 390 853 425 legem
872 396 954 425 agere

160 436 325 463 sustinetis?
342 443 391 462 cur
403 435 506 463 Christi
522 435 660 468 cultores,
682 435 729 463 lilii
746 437 952 468 exacerbantes,

157 492 171 509 ει
191 491 274 518 prava
293 482 457 510 scductione
477 490 530 510 n0n
548 482 700 510 reccditis?
718 491 772 510 non
787 481 913 510 residetis
926 483 953 509 in

158 528 225 556 locis
257 529 388 556 seandalo
413 528 591 556 carentibus?
618 536 671 556 non
699 529 756 555 bini
777 533 804 556 et
826 528 883 556 bini
906 532 955 556 aut

157 575 239 602 etiam
254 576 346 610 plures
361 576 444 603 simul
455 575 525 603 estis
540 583 617 602 more
631 575 804 611 apostolico?

195 620 241 647 Va:
259 621 309 648 soli
324 629 330 647 :
350 629 389 647 vte
405 621 497 648 sedem
516 629 570 648 non
587 621 698 648 habenti
714 630 721 648 :
739 629 778 648 va:
790 620 954 649 mulieribus

157 666 252 693 dedito
275 673 282 692 :
314 674 354 693 va:
379 667 451 693 servi
480 673 584 694 servo:
610 674 650 694 va:
675 666 773 699 Gieli,
790 667 838 702 qui
854 667 955 702 emptis

158 712 231 747 agris
247 717 274 739 et
289 712 407 745 vinetis,
431 712 512 748 lepraa
528 711 650 740 Naaman
669 713 756 740 haeres
775 713 828 741 fuit
847 714 888 741 ποι
911 713 955 741 An

159 759 259 786 divina:
274 767 355 786 voces
371 767 425 786 non
445 763 510 787 sunt
530 759 596 786 lite?
619 759 660 786 An
677 767 728 792 ego
742 767 757 786 a
769 758 875 794 meipso
889 766 956 794 pro-

159 801 236 829 lem?
253 803 368 835 Quando
388 802 511 830 fervebat
525 803 680 838 persecutio
691 823 698 834 ,
718 803 838 831 habebat
854 811 908 838 qua
925 811 955 831 se

159 847 319 875 defenderet
332 849 541 882 necessitatem,
553 849 601 885 qui
622 850 650 876 in
664 857 760 877 eorum
780 857 843 884 qua:
858 857 955 877 recen-

159 894 266 922 suitnus
289 894 380 930 aliqua
408 895 501 930 lapsus
524 882 616 928 esset;
641 901 667 923 et
693 896 728 923 ob
754 882 835 923 {idem
857 900 952 923 exorta
971 882 993 910 Β

159 939 312 967 necessitas
330 947 407 967 reum
425 940 596 968 absolvebat.
614 940 693 969 Nunc
713 949 779 969 vero
799 941 892 970 nullus
911 945 955 969 est

160 990 339 1019 persecutor,
359 986 450 1013 nullus
467 986 515 1022 qui
531 986 677 1021 prohibeat
696 987 846 1022 quominus
867 987 954 1015 hone-

159 1036 202 1059 ste
222 1032 420 1065 habitetisﬁ'et
441 1041 503 1061 cum
525 1034 587 1062 aliis
604 1034 646 1061 vel
670 1035 813 1062 minimum
831 1034 952 1062 duobus.

158 1076 227 1105 Nam
246 1079 317 1106 male
332 1079 467 1113 viventes,
483 1080 674 1108 condemnatis
689 1089 723 1108 ex
738 1081 815 1109 vobis
823 1081 890 1116 ipsis
905 1089 954 1109 eos

158 1124 205 1164 ιιιιί
230 1126 383 1153 secundum
408 1126 494 1162 legem
517 1126 623 1154 vivunt.
655 1127 754 1155 Annon
780 1127 838 1155 haec
864 1132 954 1156 vestra

160 1169 327 1198 instabilitas
342 1171 446 1199 indicio
458 1177 511 1205 est,
525 1180 575 1200 vos
587 1172 614 1200 in
629 1180 696 1208 pace
714 1173 827 1201 minime
837 1181 957 1202 conven-

159 1217 256 1244 turos?
272 1215 446 1252 Itesipiscite,
466 1218 592 1250 obsecro.
607 1219 705 1254 fratres
723 1222 774 1247 met
791 1220 888 1253 sancti,
905 1228 957 1247 cce-

160 1261 233 1289 ίειιίι
247 1263 394 1290 vocationis
409 1263 552 1298 participes
565 1264 604 1292 ἰε
625 1265 678 1292 nisi
688 1265 883 1300 eorrigamini,
899 1273 955 1293 non

160 1307 201 1335 sic
213 1308 377 1343 appellandi,
386 1309 433 1336 sed
447 1309 605 1337 nominibus
616 1310 852 1345 contrariis,quod
870 1310 952 1337 absit.

160 1351 225 1381 Ilaec
237 1362 288 1390 ego
300 1359 439 1382 contestor
451 1363 544 1384 coram
558 1356 614 1384 Deo
628 1357 779 1392 electisque
792 1356 917 1393 angelis:
932 1355 956 1384 si

160 1398 223 1433 quis
238 1405 379 1427 correctus
390 1408 445 1427 non
461 1400 556 1433 fuerit,
572 1406 599 1428 et
610 1406 672 1437 post
685 1403 868 1430 constitutum
885 1407 957 1430 tem-

160 1445 236 1480 poris
251 1447 372 1478 spatium
387 1447 538 1481 perstiterit
552 1469 559 1481 ,
585 1456 600 1475 a
621 1448 779 1476 divinorum
798 1457 958 1477 sacrameno

161 1494 252 1517 lormn
282 1491 493 1527 participatione
520 1493 660 1520 arcebitnr
685 1501 736 1528 pro
763 1501 795 1521 ea
823 1498 957 1529 potestate

160 1542 234 1570 qure‘
247 1536 314 1563 mihi
341 1536 368 1563 in
388 1544 437 1565 vos
456 1544 471 1564 a
492 1536 611 1564 Domino
626 1538 689 1565 data
702 1542 767 1572 est;
788 1538 821 1565 ad
840 1539 958 1565 mdil‘tca-
972 1553 994 1582 ο

162 1582 276 1614 tionem,
293 1591 347 1610 non
376 1583 409 1610 ad
437 1583 652 1611 destructionem
678 1584 785 1619 loquor.
802 1583 856 1612 Vos
871 1592 936 1612 vero
950 1604 958 1617 .

161 1627 261 1657 fratres
279 1629 332 1656 mei
344 1650 352 1659 .
372 1634 502 1665 tanquam
528 1630 574 1657 lilii
593 1630 756 1658 obcdientiaa
777 1632 847 1658 bene
863 1631 936 1666 agite
950 1651 959 1664 ,

161 1680 192 1702 ut
205 1680 232 1703 et
244 1674 300 1703 Deo
313 1676 451 1708 serviatis,
466 1681 493 1703 et
506 1684 549 1703 me
565 1676 698 1703 miserum
714 1684 729 1704 a
748 1677 851 1712 peccati
871 1682 960 1705 morte

161 1721 329 1754 vindicetis,
352 1722 379 1750 in
401 1721 513 1750 Christo
535 1721 599 1749 Jesu
628 1721 745 1749 Domino
774 1728 871 1751 nostro
885 1743 894 1756 .
916 1724 961 1752 cui

161 1767 248 1802 gloria
263 1775 327 1796 cutn
343 1767 425 1795 Patre
439 1771 466 1794 et
480 1773 578 1795 sancto
598 1767 716 1802 Spiritu.
731 1767 832 1796 Amen.

353 1823 446 1851 CVIII.
460 1837 494 1843 —-
505 1822 608 1850 Joamu'
624 1821 764 1850 Sardemt‘.

767 149 798 179 S-
811 147 1010 180 THEODORI
1026 145 1202 178 STUDITE

1002 203 1069 238 γοῦν
1085 203 1197 240 ἑτέρους
1217 203 1321 238 ἀγροὺς
1333 201 1492 238 ἀγοράζειν.
1508 202 1542 229 Ὢ
1558 202 1608 238 τῆς
1629 202 1727 236 ἀθλίας
1747 212 1802 239 μου

1003 250 1110 285 ψυχῆςι
1127 250 1186 282 πῶς
1197 250 1226 276 ὲν
1240 249 1345 280 τούτοις
1357 249 1388 275 οὐ
1403 247 1538 282 στενάεως
1557 249 1617 281 πῶς
1627 249 1655 276 δὲ
1668 249 1698 276 οὗ
1713 250 1802 285 φοϐη-

1005 296 1124 332 θήσομαι
1140 295 1178 332 μὴ
1194 294 1372 330 ἀναγγέλλων
1393 294 1424 322 τὸ
1439 294 1579 330 δικαίωμα
1598 295 1645 322 τοῦ
1662 295 1752 328 Θεοῦ;
1768 297 1802 322 Τί

1003 341 1035 378 δὴ
1056 341 1201 377 ἐξέστητε,
1217 340 1328 376 ἀδελφοί
1337 349 1344 374 ;
1359 340 1387 367 τί
1400 340 1430 367 δὲ
1449 341 1472 367 ol
1490 339 1579 367 δοῦλοι
1593 341 1698 376 Κυρίου
1712 341 1803 368 δοῦλοι

1004 388 1098 415 παθῶν
1115 387 1265 422 γεγόνατε;
1287 387 1314 413 τι
1328 387 1354 413 οἱ
1379 387 1409 413 tv
1425 387 1502 422 νόμῳ
1521 387 1634 422 ἀνομεῖν
1647 387 1801 422 ἀνέχεσθες

1003 434 1030 461 τι
1055 434 1085 461 δὲ
1107 434 1132 461 οἱ
1161 433 1332 470 θεραπευταὶ⁵
1357 432 1495 468 Χριστοῦ,
1524 432 1578 459 υἱοὶ
1608 433 1802 469 παραπικραι-

1004 488 1109 512 νοντες,
1128 480 1159 506 οὺ
1182 479 1351 516 μετέρχεσθε
1370 479 1421 514 τῆς
1433 479 1558 514 πονηρᾶς
1578 479 1750 514 ἁπαγωγῆς;
1768 479 1802 506 οὔ

1005 525 1155 558 καθέζεσθε
1171 527 1212 558 εἰς
1225 526 1326 557 τόπους
1343 524 1598 559 ἀοκανδαλίστους;
1616 525 1647 552 οὑ
1659 525 1706 552 δύο
1719 525 1767 552 δύο
1783 525 1802 563 ἢ

1004 573 1053 600 καὶ
1069 572 1155 608 πρὸς,
1173 572 1286 599 σύνεστε
1300 570 1509 603 ἀποστολικῶς;

1040 619 1110 646 Οὐαὶ
1121 618 1160 653 τῷ
1173 619 1246 654 μόνῳ
1257 619 1263 645 l
1276 617 1339 644 οὐαὶ
1350 617 1390 652 τῷ
1401 617 1556 652 ἀκαθίστῳί
1570 617 1633 644 οὐαὶ
1644 616 1684 652 τῷ
1691 618 1806 652 γυναιά·

1005 663 1078 696 ζοντι
1089 663 1096 689 l
1110 663 1173 689 οὐαὶ
1180 662 1220 698 τῷ
1230 661 1412 696 δουλοδούλῳῑ
1427 661 1489 688 οὐαὶ
1503 660 1542 697 τῷ
1551 660 1645 697 nam,
1656 662 1685 693 ὃς
1696 662 1804 697 ὠνησά-

1006 717 1087 745 μενος
1095 708 1209 745 ἀγροὺς,
1221 708 1268 735 καὶ
1277 708 1454 744 ἀμπελῶνας,
1465 707 1690 744 κεκληρονόμηκι
1701 708 1750 743 τὴν
1758 707 1805 734 λέ-

1005 764 1078 791 πραν
1090 754 1216 790 Νεεμάνι
1234 754 1272 790 μὴ
1285 755 1346 790 οὐχὶ
1358 754 1430 781 θεῖαι
1445 755 1483 789 μὴ
1502 753 1592 789 φωναὶ
1603 750 1684 781 αὗται
1695 763 1702 786 ;
1725 754 1761 789 μή
1774 763 1803 780 τι

1005 801 1061 835 ὲγὼ
1070 809 1109 827 πα
1114 800 1138 836 ρ’
1145 800 1265 836 ἐμαυτοῦ
1274 800 1406 835 εἰσφέρω
1412 801 1457 827 ὅτε
1464 799 1737 836 ἔσραζενόδιωγμδς,
1744 798 1804 836 εῐχιε

1005 855 1049 878 τις
1062 846 1141 881 λόγον
1161 846 1191 880 ἐξ
1205 845 1346 882 ἀνάγκης,
1361 845 1390 872 ἐν
1401 855 1474 873 τισιν
1484 843 1524 874 ὧν
1540 847 1784 883 ἀπηριθμησάμην
1795 868 1804 880 ,

1008 891 1175 927 ἐμπίπτεινι
1191 891 1240 919 καὶ⁸
1252 892 1269 927 ἠ
1284 891 1331 918 διὰ
1346 891 1396 927 τὴν
1415 892 1508 919 πίστιν
1523 892 1642 928 ἀνάγκη,
1658 893 1744 925 ἔσωζε
1756 893 1807 920 τὸν

1010 938 1216 975 εὑρισκόμενον.
1231 938 1287 966 Νῦν
1300 938 1330 965 δὲ
1343 938 1432 970 οὐδεὶς
1448 939 1463 965 ό
1483 937 1602 971 διώκων,
1617 939 1673 966 οὐδ’
1688 940 1703 965 ό
1716 940 1808 966 κωλύ-

1010 994 1066 1013 σων
1086 985 1178 1018 καλῶς
1197 986 1272 1021 ἡμᾶς
1291 985 1471 1018 καθέζεσθαι,
1490 986 1538 1012 καὶ
1559 986 1610 1012 σὺν
1626 986 1718 1018 ἄλλοις
1731 986 1809 1015 δυοῖν

1010 1029 1080 1060 εἶναι
1102 1031 1290 1067 τούλάχιστον.
1315 1031 1362 1064 Ἐξ
1388 1031 1467 1066 ὑμῶν
1483 1031 1539 1066 γὰρ
1561 1031 1653 1059 αὐτῶν
1670 1032 1807 1068 κατακρί-

1011 1078 1090 1106 vaco:
1114 1078 1169 1106 τῶν
1193 1078 1316 1114 ἐννόμως
1342 1077 1516 1111 διαζώντων,
1543 1078 1568 1104 οι
1598 1078 1744 1110 κακόζωοι.
1770 1078 1808 1105 Ἦ

1010 1125 1071 1160 οὐχὶ
1090 1124 1258 1160 προδήλωμα
1274 1124 1325 1160 τῆς
1342 1124 1371 1151 ὲν
1394 1123 1493 1160 είίήνη
1517 1123 1703 1159 ἀσυνδρομίας
1729 1124 1809 1159 ὑμῶν

1010 1171 1028 1207 ἡ
1043 1170 1170 1206 παροῦσα
1191 1170 1303 1204 dilecta;
1323 1170 1511 1205 ’Δνανήψατε,
1533 1169 1687 1206 παρακαλῶ
1697 1190 1704 1202 ,
1719 1170 1810 1197 ἀδελ-

1009 1217 1062 1252 φοί
1070 1225 1132 1252 μου
1151 1216 1230 1251 ἅγιοι
1241 1235 1249 1248 ,
1264 1215 1404 1251 κλήσεως
1418 1215 1603 1250 ἐπουρανίου
1615 1215 1738 1250 μέτοχοι
1747 1223 1755 1230 ·
1774 1216 1810 1243 ἇν

1012 1263 1051 1300 μὴ
1066 1263 1264 1299 διορθωσησθε,
1283 1263 1333 1298 οὐχ
1347 1262 1436 1295 οὕτως
1453 1262 1574 1298 κλητέοι,
1591 1262 1650 1289 ἀλλ’
1665 1263 1807 1294 ἐναντίως.

1012 1311 1081 1346 ὅπερ
1095 1309 1189 1346 ἀπείη.
1202 1309 1296 1337 Ταῦτα
1311 1309 1537 1345 διαμαρτύρομαι
1549 1308 1665 1336 ἐνώπιον
1677 1308 1726 1335 τοῦ
1738 1308 1809 1336 Θεοῦ

1012 1357 1059 1384 καὶ
1072 1356 1127 1383 τῶν
1149 1356 1288 1383 ἐκλεκτῶν
1306 1356 1434 1391 ἀγγέλων
1444 1364 1451 1371 ⁸
1469 1355 1497 1382 ει
1511 1364 1553 1387 τις
1573 1355 1611 1391 μὴ
1625 1355 1809 1391 διορθώσηται

1012 1402 1083 1437 μετὰ
1109 1402 1159 1438 τὴν
1186 1401 1344 1438 ὡρισμένην
1371 1403 1412 1433 εἰς
1439 1401 1538 1437 χρόνου
1553 1401 1627 1433 τινὸς
1649 1401 1810 1436 σύμφθασιν

1011 1450 1165 1485 ἐπιμονὴν,
1190 1448 1245 1476 τῶν
1267 1449 1449 1484 ἁγιασμάτων
1471 1448 1525 1475 ὑπὸ
1537 1447 1607 1474 Θεοῦ
1632 1448 1673 1479 εἰς
1690 1447 1811 1483 μετάλη-

1011 1495 1058 1530 ψιν
1081 1495 1224 1530 εἴργεται,
1252 1494 1326 1522 κατὰ
1350 1495 1401 1530 τὴν
1426 1494 1552 1527 ἐξουσίαν
1579 1495 1612 1527 ἣν
1627 1494 1713 1521 ἐδωκέ
1733 1503 1780 1529 μοι
1794 1495 1811 1522 ὁ

1012 1541 1115 1576 Κύριος
1131 1541 1160 1567 ἐν
1176 1540 1240 1576 ὑμῖν
1251 1548 1259 1555 ·
1275 1541 1316 1572 είς
1332 1540 1480 1575 οἰκοδομὴν
1492 1540 1539 1567 καὶ
1553 1541 1604 1567 οὐκ
1622 1540 1662 1571 εις
1676 1539 1808 1575 καθαίρε-

1013 1595 1056 1614 σιν
1085 1588 1100 1614 ὸ
1113 1586 1204 1621 λόγος.
1243 1586 1338 1621 Ὑμεῖς
1351 1585 1391 1618 δὲ,
1410 1586 1523 1620 ἀδελφοί
1543 1594 1606 1621 μου,
1624 1585 1662 1617 ὡς
1685 1586 1738 1611 υἱοὶ
1761 1585 1812 1611 ὑπ-

1010 1632 1109 1667 ακοῆς,
1125 1632 1156 1659 εὖ
1172 1632 1306 1668 πράξατε,
1324 1632 1369 1659 ἵνα
1382 1632 1430 1659 καὶ
1440 1632 1506 1658 Θεὸν
1520 1631 1720 1667 θεραπεύσητε,
1736 1631 1812 1666 κάμὲ

1009 1678 1056 1706 τὸν
1068 1678 1185 1705 ἐλεεινὸν
1199 1678 1247 1705 τοῦ
1263 1678 1379 1705 Θανάτου
1394 1678 1445 1713 τῆς
1462 1678 1602 1713 ἁμαρτίας
1621 1677 1761 1712 ὲξέλησθε,
1779 1678 1812 1704 ὲν

1010 1727 1122 1763 Χριστῷ
1147 1726 1236 1762 Ἰησοῦ
1251 1726 1292 1761 τῷ
1311 1726 1407 1762 Κυρίῳ
1421 1725 1501 1760 ἡμῶν
1513 1745 1521 1758 ,
1535 1721 1559 1759 ᾧ
1575 1725 1592 1760 ὴ
1607 1725 1671 1759 δόξα
1689 1725 1738 1753 σὺν
1753 1725 1812 1751 Πα-

1011 1773 1059 1808 τρὶ
1079 1773 1127 1799 καὶ
1144 1773 1216 1807 ἁγίῳ
1231 1771 1384 1808 Πνεύματι.
1407 1772 1507 1807 ’Δμὴν.

1176 1827 1228 1855 Pﬂ'
1249 1828 1298 1864 (5).
1316 1843 1353 1848 —
1377 1827 1503 1861 Ἰωάννῃ
1523 1826 1652 1861 Σάρδης.
1667 1826 1757 1864 [χλε’.]

525 1880 559 1905 Ut
570 1887 602 1904 ex
615 1879 684 1911 gravi
697 1879 785 1905 morbo
795 1881 962 1913 convalescat,
974 1883 1095 1910 Ecclesia
1111 1883 1234 1916 imprimis
1247 1891 1320 1910 causa
1331 1888 1457 1916 precatur.

200 1932 308 1960 Dudum
320 1932 477 1961 audivimus
488 1937 622 1969 aegrotare
631 1937 773 1968 paternam
785 1934 958 1963 sanctitatem

163 1985 238 2008 tuam
248 1999 256 2011 ,
272 1987 345 2007 nunc
360 1987 425 2006 vero
440 1987 509 2015 pene
521 1980 604 2008 etiam
618 1980 793 2015 desperatam
808 1987 882 2009 esse.
898 1980 960 2014 Quo

163 2026 261 2054 nuntio
276 2033 326 2053 nos
341 2025 460 2054 humiles
474 2027 510 2054 ita
523 2034 621 2055 sumus
633 2026 816 2060 consternati.
830 2031 960 2063 tantoque

163 2073 283 2109 perculsi
295 2073 399 2106 dolore.
419 2077 447 2100 ut
460 2073 598 2109 prolicisci
612 2074 683 2102 istuc
693 2073 803 2101 animus
817 2073 917 2106 fuerit.
933 2079 962 2102 et

164 2119 303 2156 ingratum
315 2128 454 2147 rumorem
467 2120 556 2148 oculis
569 2127 714 2155 usurpare.
729 2118 758 2147 ld
770 2127 837 2148 vero
849 2124 961 2155 propter

164 2167 295 2195 instantia
314 2165 423 2202 negotia
438 2165 543 2194 factum
557 2172 612 2193 nun
628 2170 681 2194 est.
698 2165 789 2199 Quare
805 2165 894 2193 coacti
907 2165 961 2192 fui-

163 2219 227 2239 mus
238 2211 336 2238 litteris
349 2210 557 2246 quodammodo
568 2209 660 2237 volare
674 2217 724 2237 ceu
737 2217 866 2245 corpore,
878 2214 962 2245 atque

164 2256 265 2284 intueri
281 2263 307 2284 te
319 2256 459 2291 egregium
477 2259 595 2291 patrem.
612 2255 752 2282 sincerum
767 2255 900 2288 amicum,
913 2263 961 2290 ge-

164 2310 293 2332 twrosum
311 2308 408 2330 testem
423 2302 559 2330 veritatis.
576 2301 630 2328 Pro
642 2301 694 2329 hac
713 2301 851 2336 siquidem
872 2305 900 2328 et
912 2309 962 2328 ex-

164 2350 256 2377 silium
271 2347 426 2384 pertulisti,
442 2352 470 2376 et
483 2347 602 2376 carceris
617 2347 726 2374 vincula
746 2356 754 2374 :
776 2347 842 2382 quin
859 2352 886 2374 et
900 2351 965 2374 ante

163 2394 221 2422 haec
235 2394 425 2430 spectaculum
440 2393 529 2421 factus
542 2413 550 2425 .
565 2397 594 2420 ut
607 2392 730 2428 Apostoli
747 2392 838 2420 verbis
851 2396 913 2419 utar
924 2393 965 2431 ’⁸,

161 2445 190 2468 et
206 2440 312 2476 angelis
335 2445 362 2468 et
385 2439 543 2467 hominibus
558 2447 565 2466 :
590 2446 646 2474 quo
665 2438 709 2466 die
724 2438 833 2466 allisum
850 2443 892 2466 est
906 2438 967 2466 solo

165 2487 199 2514 ab
215 2486 305 2522 impiis
320 2493 414 2513 coram
428 2485 580 2521 Caiphaico
598 2483 717 2512 concilio
727 2504 736 2517 ,
751 2490 864 2512 sacrum
882 2488 968 2519 caput

168 2537 258 2559 tuum.
276 2531 299 2559 0
313 2530 380 2566 quid
393 2531 474 2558 nobis
489 2529 610 2558 accidit?
629 2530 700 2564 Quid
720 2530 798 2558 abire
811 2529 876 2558 hinc
891 2529 968 2558 festi-

165 2584 213 2606 nat
241 2579 371 2606 columna
397 2577 547 2606 Ecclesiae?
574 2578 653 2605 Mane
679 2577 846 2610 nobiscum,
872 2577 963 2605 adhuc

162 2632 261 2658 mane,
276 2628 370 2660 patere
389 2632 440 2660 pro
455 2623 602 2660 Evangelio
612 2631 663 2652 ceu
679 2624 769 2652 bonus
779 2623 869 2651 miles.
880 2621 963 2651 Vides

163 2675 193 2698 ut
204 2671 306 2699 bellum
319 2671 419 2700 ardet?
431 2675 462 2699 ut
478 2679 529 2707 pro
539 2671 593 2699 ﬁde
606 2671 799 2706 impugnamur
811 2674 839 2699 at
853 2677 961 2706 pugna-

1056 1938 1124 1966 Ἀπὸ
1139 1938 1236 1975 χρόνου
1250 1937 1410 1974 ἠκούσαμεν
1422 1937 1618 1973 νοσηλεύεσοαί
1635 1946 1683 1965 σου
1696 1929 1746 1974 τὴν
1759 1946 1813 1966 πα-

1012 1984 1112 2020 τρικὴν
1129 1983 1298 2020 ἁγιωσύνην,
1323 1983 1388 2020 ἄρτι
1406 1983 1435 2010 δὲ
1462 1983 1563 2019 μικροῦ
1589 1983 1646 2011 δεῖν
1668 1985 1717 2010 καὶ
1739 1984 1811 2011 ἁπο-

1013 2030 1194 2064 γνωσθεῖσαν.
1215 2030 1272 2057 Καὶ
1291 2029 1420 2056 τοσοῦτον
1436 2029 1610 2065 ὲθροήθημεν
1626 2030 1651 2056 oi
1671 2031 1810 2064 ταπεινοὶ,

1013 2076 1062 2103 καὶ
1087 2076 1306 2112 συνεκινήθημεν
1332 2075 1479 2111 λυπηρῶς,
1496 2076 1534 2107 ὡς
1547 2075 1669 2111 ὁρμῆσαι
1692 2075 1812 2103 καταλα-

1015 2122 1073 2149 ϐεῖν
1088 2123 1165 2158 ἡμᾶς
1178 2123 1208 2149 ὲν
1229 2123 1286 2154 τοῖς
1308 2121 1420 2154 αὐτόθι,
1448 2122 1497 2149 καὶ
1512 2121 1572 2157 δψει
1593 2122 1741 2149 ὑπολαὸεϊν
1759 2122 1812 2158 τὴν

1012 2167 1158 2204 ἀπευκτὴν
1170 2167 1267 2203 ἀκοήν.
1286 2167 1345 2194 οὐκ
1368 2166 1510 2201 ιξεγένετο
1523 2167 1553 2194 δὲ
1569 2166 1614 2194 διὰ
1625 2168 1659 2194 τὰ
1674 2168 1812 2202 παριστά-

1015 2221 1085 2248 μενα
1099 2213 1199 2249 τούτῳ.
1224 2212 1270 2239 Διὸ
1289 2211 1506 2248 ἠναγκάσθημεν
1528 2212 1613 2239 οἱονεὶ
1637 2211 1811 2246 πετασθῆναι

1014 2260 1070 2290 τοϊς
1081 2259 1245 2295 γράμμασιν
1256 2258 1294 2290 ὡς
1306 2259 1336 2285 ιν
1345 2257 1463 2294 σώματι,
1479 2259 1527 2285 καὶ
1541 2259 1606 2285 ἰδεῖν
1625 2266 1654 2285 σε
1668 2257 1714 2285 τὸν
1727 2258 1811 2285 καλὸν

1015 2305 1135 2341 πατέρα,
1146 2305 1192 2331 τδν
1205 2305 1318 2340 γνήσιον
1331 2304 1418 2340 φίλον,
1427 2302 1474 2331 τὸν
1483 2305 1609 2338 γενναῖον
1623 2304 1753 2339 μάρτυρα
1760 2305 1812 2338 τῆς

1015 2348 1157 2384 ἀληθείας.
1173 2349 1261 2385 Ετπερ
1285 2349 1357 2385 ὑπὲρ
1372 2349 1459 2385 αὐτῆς
1486 2349 1519 2376 σὺ
1541 2349 1590 2376 καὶ
1603 2349 1743 2384 ὲξόριοτος
1764 2349 1814 2376 καὶ

1017 2393 1248 2429 φρουροδέσμιος·
1267 2394 1316 2422 καί
1334 2402 1366 2429 γε
1383 2394 1437 2430 πρὸ
1452 2393 1556 2421 τούτων
1571 2394 1685 2429 θέατρον
1697 2394 1815 2429 γενόμε-

1017 2447 1080 2471 νος.
1096 2439 1285 2472 ἀποστολικῶς
1307 2441 1411 2473 εἰπεῖν,
1426 2440 1474 2467 καὶ
1497 2440 1627 2474 ἀγγέλοις
1638 2440 1688 2466 καὶ
1703 2439 1815 2475 ἀνθρώ-

1019 2493 1093 2517 ποις,
1110 2484 1172 2512 καθ’
1186 2486 1220 2520 ἢν
1234 2485 1344 2521 ἡμέραν
1358 2485 1488 2521 ἔρριπταί
1503 2494 1551 2513 σου
1566 2486 1620 2513 ὑπὸ
1629 2486 1685 2513 τῶν
1693 2486 1815 2519 ὰσεσῶν,

1021 2531 1094 2559 κατὰ
1106 2531 1255 2567 πρόσωπον
1268 2532 1317 2559 τοῦ
1336 2532 1512 2566 Καῖαφαῖκοῡ
1528 2532 1685 2568 συνεδρίου,
1700 2533 1741 2564 εις
1753 2532 1816 2559 τοῦ-

1016 2576 1102 2613 δαφος
1111 2578 1130 2612 ἡ
1144 2578 1205 2614 ιερὰ
1220 2579 1340 2614 κορυφή.
1354 2579 1386 2605 ’Ὡ
1397 2579 1425 2605 τι
1437 2578 1542 2613 γίνεται
1555 2579 1584 2605 ἑν
1597 2579 1678 2614 ήμϊνς
1692 2578 1718 2605 τί
1732 2579 1814 2605 ἀπαί-

1018 2632 1079 2659 ρειν
1101 2623 1157 2651 τῶν
1171 2624 1236 2660 τῇδε
1259 2624 1373 2651 σπεύδει
1390 2624 1407 2650 ό
1433 2624 1529 2656 στύλος
1548 2626 1599 2660 τῆς
1629 2624 1814 2659 Ἐκκλησίαςς

1017 2670 1117 2698 Μεζνον
1135 2670 1196 2707 μεθ’
1213 2671 1304 2707 ἡμῶν,
1319 2670 1361 2698 tu
1382 2671 1495 2707 μεῖνονο
1510 2670 1761 2707 συγκακοπάθησον
1775 2669 1816 2707 τῷ

198 2752 223 2769 ⁸·
239 2751 274 2779 IV
293 2751 361 2787 licg.
377 2759 404 2782 ν,
425 2750 471 2779 26.
511 2752 532 2768 "
550 2750 634 2779 llebr.
654 2757 684 2778 Ill
697 2771 704 2784 ,
725 2749 749 2777 I.
790 2751 813 2767 "
830 2748 919 2779 ICor.
936 2757 974 2783 tv,
993 2749 1020 2777 9.

950 2807 1066 2836 ΝΟΤΑΞ.

200 2869 237 2904 (5)
252 2870 282 2899 5n
299 2870 360 2898 cod.
378 2870 444 2906 Reg.
464 2872 525 2905 ριγλ.
