1912 3080
109 157 179 190 μω

706 157 978 190 EPISTULARUM
1011 159 1084 190 LlB.
1105 159 1145 190 II.

1672 163 1742 197 1370

107 215 271 251 Εὐαγγελιῳ
292 214 332 248 ὡς
346 214 429 246 καλὸς
444 213 629 250 στρατιώτης.
651 214 734 250 Ὁρᾷς
759 215 834 248 ὅπως
854 215 892 242 ἐν·

952 215 1032 243 mus?
1055 216 1121 250 Nm,
1145 224 1257 246 oramus
1283 223 1313 246 ut
1335 226 1456 248 maneas.
1496 221 1572 257 Roga
1601 221 1742 252 Christum

106 271 182 290 εστιν
195 263 210 289 6
218 262 338 297 πόλεμος
347 270 355 294 ;
365 261 441 293 ὅπως
452 260 608 297 βαλλόμεθα
618 261 667 288 καὶ
684 260 819 297 βάλλομεν
829 262 901 299 ὑπὲρ

105 310 154 337 τοῦ
170 309 271 342 λόγους
287 309 342 335 Ναὶ
357 308 564 344 ἀντιϐολοῦμεν,
576 307 728 342 ἐπίμεινον.
741 309 858 344 Δῖτησαι
870 308 901 336 ὃν

105 355 288 391 ὡμολόγησας
323 355 460 391 Χριστὸν,
493 355 541 382 καὶ
568 353 714 390 ὁμολογεῖς
735 355 901 390 προσκυνεῖν

105 401 354 437 ἀνθρωποπρεπῶς
369 401 592 438 ἐγγραφόμενον·
610 401 659 429 καὶ
674 401 833 429 eluamus-ct
850 402 901 437 τῆς

104 448 226 484 ὁεὴσεώς
242 457 300 476 σου.
310 449 342 476 Et
353 448 384 476 δὲ
396 448 507 480 πάντως
523 448 668 484 ἀπαίρεις,
680 448 809 483 οὓτωτῆς
824 448 897 483 [lpo—

106 495 182 526 νοίας
205 494 383 529 κελευούσης,
411 494 494 526 αὐτὸς
513 494 564 529 μὲν
580 495 736 530 χωρήσεις,
755 491 785 520 εὖ
801 493 898 528 ταμεν,

103 540 252 574 ὁμολογίας
265 539 383 567 ἔπαθλον
398 540 622 575 ἀπενεγκάμενος
631 548 639 557 ο
655 541 724 576 ἡμῖν
737 539 767 566 δὲ
777 538 840 565 ἵλεω
850 537 898 565 τὸν

948 271 1030 298 quem
1053 262 1196 298 professus
1219 271 1250 291 es
1273 268 1300 292 et
1324 264 1460 299 profiteris
1483 267 1599 295 adorare
1623 269 1740 297 humano

948 307 1039 342 specie
1050 308 1205 342 depictum;
1219 314 1245 336 ct
1256 309 1383 337 exaudiet
1393 318 1488 344 preces
1500 316 1573 340 tuas.
1591 312 1638 340 Sin
1651 319 1740 342 autem

948 353 1062 382 omnino
1077 353 1196 382 discedis
1212 354 1249 382 ita
1262 355 1377 390 jubente
1392 355 1584 392 Providentia;
1605 359 1663 393 ipse
1678 360 1726 395 qui

947 400 1021 434 dem,
1034 405 1078 430 sat
1093 402 1197 430 scimus
1208 422 1216 435 .
1230 402 1318 431 abibis
1334 404 1516 432 confessionis
1532 405 1653 433 referens
1667 414 1739 441 prae-

951 448 1034 476 mium
1049 458 1057 476 :
1073 449 1152 477 nobis
1167 457 1232 477 vero
1246 449 1329 478 Deum
1345 451 1479 486 optimum
1496 452 1593 480 reddes
1608 453 1741 481 interces-

951 492 1029 520 sione
1041 497 1088 521 tua
1099 494 1264 529 propitium;
1284 495 1368 523 simul
1379 497 1461 524 etiam
1476 501 1508 525 ut
1519 497 1630 526 festinet
1644 497 1740 526 Eccle-

949 538 998 567 site
1012 546 1069 566 suae
1082 540 1249 575 prospicere.

103 585 171 612 Θεὸν
188 585 235 612 τὸν
254 585 357 620 ἀγαθὸν
378 586 561 622 καταστήσεις
575 587 638 618 ταῖς
661 584 824 622 πμσὸειαις
835 591 843 600 ⁸
865 583 897 611 οὐ
913 583 969 621 μὴν
980 585 1050 613 ἀλλά
1065 586 1114 614 καὶ
1144 588 1186 619 εις
1213 587 1244 615 τὸ
1273 588 1389 624 ταχύναι
1399 590 1600 626 ἐπισκέψασθαι
1614 592 1664 629 τὴν
1676 593 1741 621 ἐαυ-

102 633 152 661 τοῦ
175 633 350 670 Ἐκκλησίαν.

293 691 344 718 ΡΘ¹
364 691 414 727 (6).
433 705 471 713 -—
494 691 581 726 Ἠλίᾳ
600 689 811 727 τέκνῳ.[χλζ¹.]

1177 690 1247 719 CIX.
1261 705 1294 712 -
1311 691 1379 720 Elite
1392 692 1449 728 ﬁlio
1463 693 1508 730 (ε).

772 751 811 778 Ad
823 751 955 783 quemdam
970 751 1074 786 lapsum.

138 808 188 840 τις
212 808 227 835 6
249 807 410 842 ἀναγκάσας
434 815 469 843 με
491 805 645 834 ἐπιστεῖλαί
664 815 725 839 σοι,
745 805 892 842 ἀνθρωπε;

980 807 1047 841 Quis
1062 815 1107 836 me
1119 808 1208 844 coegit
1222 812 1252 837 ut
1266 808 1300 836 ad
1316 813 1342 837 te
1355 829 1363 842 .
1380 809 1418 837 mi
1438 810 1539 844 homo,
1565 812 1738 842 scriberem?

102 854 170 886 Θεὸς
184 853 307 889 δηλονότι
323 853 337 880 ό
357 853 532 889 καταστήσας
548 862 583 889 με
599 853 646 880 ἐπὶ
665 853 697 881 σὶ
709 854 828 889 ποιμένα
847 854 896 881 καὶ

101 899 255 935 νομοθέτην
266 907 273 914 ·
287 895 310 933 ᾧ
327 898 416 932 δώσω,
433 899 472 930 ὡς
490 898 561 934 ὑπὲρ
578 899 688 927 πάντων
701 899 755 926 τῶν
770 900 910 941 ἀδελφῶν,

103 955 163 977 σου,
192 944 241 972 καὶ
263 944 329 980 περὶ
347 945 395 972 σοῦ
417 944 507 980 λόγον.
531 945 673 980 ’Δπετάξω
687 945 720 981 δὴ
737 943 784 973 οὖν
799 946 896 973 αὐθαι-

102 992 208 1028 ρέτως,
231 991 372 1026 ὑπετάγης
395 991 533 1026 εὐηκόως·
550 990 610 1018 εῐτα
625 992 747 1019 ἐσινιασέ
767 1000 797 1019 σε
812 993 827 1019 6
843 991 896 1019 Σα-

100 1038 188 1069 τανᾶς
207 1037 368 1073 ἀπορρήξας
383 1037 434 1073 τῆς
449 1037 525 1070 Θείας
547 1038 706 1073 συναφείας.
723 1036 808 1071 Αὖθις
824 1038 895 1066 ἐλέει

100 1083 171 1110 Θεοῦ
201 1083 358 1119 συνήφθης’
379 1084 426 1110 καὶ
445 1083 529 1111 πάλιν
545 1083 672 1120 ἐνεργείᾳ
694 1083 823 1120 δαίμονος
839 1085 894 1111 ἀπ-

102 1130 257 1164 επήδησας.
271 1129 388 1156 Ἔπειτα
401 1129 483 1157 πάλιν
492 1129 590 1161 ἐλθὼν,
603 1129 812 1165 ἐξωμολογήσω,
827 1131 895 1157 ὑπο-

101 1175 237 1210 σχόμενος
252 1174 302 1210 τὴν
324 1175 392 1210 πρὸς
407 1175 439 1202 τὸ
461 1174 526 1208 ἐξῆς
542 1175 695 1210 ἀσφάλειαν
705 1183 713 1191 ⁸
735 1175 783 1202 καὶ
799 1176 894 1212 ἐπειδὴ

100 1221 262 1256 ὑποστροφὴ
275 1221 326 1256 τῆς
341 1220 450 1255 ἐξοριας
463 1221 511 1247 ἐπὶ
525 1221 572 1248 τοῦ
588 1221 761 1257 Νικηφόρον,
773 1222 804 1249 οὐ
828 1230 894 1248 συν-

99 1267 187 1303 ῆλοες
203 1268 263 1298 τοῖς
282 1266 386 1298 λοιποῐς
396 1287 404 1300 ,
421 1267 480 1295 ἀλλ’
493 1267 607 1302 ἔμεινας
627 1268 670 1303 ἐφ’
684 1267 783 1295 ἐαυτοῦ
803 1268 895 1295 δελεα-

99 1312 216 1348 ζόμενος
237 1313 290 1340 ὑπὸ
308 1313 356 1340 τοῦ
379 1313 485 1348 ὄφεως·
514 1314 562 1341 καὶ
586 1314 666 1341 τοῦτο
693 1315 747 1346 ἕως
772 1315 822 1342 τοῦ
846 1315 894 1342 νῦν

100 1358 294 1393 βασιλεύοντος
305 1358 440 1394 τετάρτου
456 1358 526 1393 μετά
539 1358 564 1384 Ν
567 1358 710 1394 ικηφόρον.
721 1358 796 1391 Ἕως
815 1359 891 1391 πότε,

99 1403 212 1435 isseme.
230 1403 345 1439 ἐγκυλίῃ
363 1405 421 1434 τοῖς
443 1403 493 1439 τῆς
509 1404 647 1440 ἁμαρτίας
669 1404 817 1440 τέλμασιν;
841 1405 894 1437 ἐως

98 1450 172 1482 τίνος
199 1450 250 1476 οὐκ
281 1450 395 1485 ἀνήσεις
417 1450 584 1485 ἀσχημονεῖν
609 1449 727 1477 ἐνώπιον
750 1451 820 1478 Θεοῦ
845 1451 893 1478 καὶ

947 852 1020 881 Deus
1032 852 1105 882 haud
1119 854 1213 887 dubie.
1229 854 1275 888 qui
1287 861 1331 882 me
1345 854 1393 882 tibi
1407 860 1544 890 pastorem
1558 861 1586 884 et
1599 857 1738 891 legislatu-

947 907 1004 927 rem
1026 899 1190 933 constituit;
1209 900 1254 928 cui
1271 900 1431 929 redditurus
1445 909 1507 930 sum
1524 906 1554 930 ut
1569 910 1619 937 pro
1630 904 1737 933 caeteris

947 943 1079 973 fratribus
1091 945 1146 974 tuis
1159 964 1167 978 ,
1183 945 1224 973 sic
1235 953 1285 981 pro
1298 950 1324 974 te
1337 954 1446 982 quoque
1461 948 1607 976 rationem.
1623 948 1736 977 Renun-

947 991 1022 1018 tiasti
1043 991 1129 1026 igitur
1155 991 1258 1019 mundo
1283 996 1330 1019 tua
1351 993 1446 1029 utique
1468 994 1555 1028 ipsius
1577 995 1736 1030 voluntate.

945 1035 1062 1064 libenter
1076 1036 1202 1065 subditus
1217 1037 1292 1064 fuisti
1306 1047 1314 1065 :
1328 1043 1422 1073 postea
1434 1039 1564 1066 cribravit
1577 1045 1602 1067 te
1619 1040 1736 1069 Satanas

945 1082 1085 1117 abripiens
1099 1091 1115 1111 a
1129 1083 1221 1110 divina
1237 1084 1378 1111 societate.
1395 1084 1495 1112 lterum
1518 1085 1572 1113 Deo
1587 1086 1736 1115 miserante

945 1129 1025 1157 nobis
1040 1129 1232 1163 consociatus,
1247 1135 1274 1157 et
1288 1129 1387 1157 iterum
1404 1131 1534 1160 daemonis
1550 1140 1630 1168 opera
1646 1135 1735 1162 resili-

945 1175 1001 1203 isti.
1019 1175 1083 1202 Post
1093 1175 1151 1203 inec
1165 1176 1256 1203 denuo
1267 1184 1392 1205 reversus
1405 1179 1618 1213 exomulogesim
1634 1180 1733 1214 fecisti,

944 1220 1120 1248 stabilitatem
1138 1221 1165 1248 in
1179 1226 1319 1256 posterum
1338 1223 1520 1257 promittens:
1545 1229 1572 1251 ct
1589 1230 1734 1260 postquam

943 1267 1033 1294 exsilii
1043 1266 1174 1294 relaxatio
1186 1266 1238 1294 fuit
1252 1267 1303 1295 sub
1310 1268 1476 1302 Nicepltoro.
1486 1276 1548 1296 cum
1562 1270 1668 1297 caeteris
1678 1278 1733 1298 non

944 1312 1068 1344 rediisti;
1085 1312 1131 1339 sed
1146 1312 1217 1347 apud
1232 1315 1258 1339 te
1271 1312 1409 1340 inescatus
1420 1320 1436 1339 τι
1449 1318 1575 1347 serpente
1590 1314 1734 1342 mansisti:

944 1358 1026 1393 idque
1050 1358 1083 1385 ad
1104 1365 1167 1385 eum
1198 1365 1286 1393 usque
1310 1358 1358 1393 qui
1388 1366 1463 1386 nunc
1492 1359 1637 1394 imperium
1662 1364 1736 1387 tenet

944 1407 1058 1440 quartus
1073 1411 1088 1431 a
1100 1403 1265 1437 Niceplioro.
1278 1403 1426 1439 Quousque
1441 1404 1549 1432 tandem
1560 1405 1692 1433 volutaris
1706 1406 1734 1432 in

944 1457 1024 1477 cinno
1038 1449 1159 1484 peccati?
1170 1448 1320 1482 Quousque
1333 1456 1387 1476 non
1399 1448 1501 1476 desinis
1516 1449 1643 1477 indecore
1653 1457 1735 1485 agere

99 1495 271 1530 ἁνθρὼπωνς
300 1496 358 1522 οὐκ
378 1495 419 1522 ἔνι
436 1495 568 1528 Θάνατος;
593 1496 643 1523 οὐκ
667 1496 708 1523 Evt
729 1496 891 1532 κριτήριονς

945 1503 1035 1523 coram
1050 1495 1106 1522 Deo
1120 1499 1148 1523 et
1162 1495 1339 1522 hominibus?
1359 1495 1400 1522 An
1417 1495 1491 1522 nulla
1511 1503 1585 1524 mors
1601 1497 1659 1524 est?
1673 1497 1735 1524 nul-

99 1542 140 1569 υὺ
161 1541 258 1572 δώσεις
281 1541 353 1568 τίσιν
367 1541 497 1573 αἰώνιον,
516 1539 551 1577 ἧς
574 1541 623 1569 καὶ
643 1542 726 1577 μόνον
741 1542 893 1577 ἐνθύμησις

98 1587 279 1614 καταστέλλει
296 1586 386 1622 ψυχὴν
405 1587 452 1614 καὶ
467 1587 629 1623 ἐπιστρέφει
645 1588 714 1623 πρὸς
728 1587 892 1623 μετάνοιαν;

105 1632 269 1667 Ἃνάνηψον,
285 1632 425 1667 ἄνθρωπε.
440 1633 622 1669 ἁνακλήθητι,
637 1633 791 1669 παρακαλῶ
802 1641 810 1649 ·
823 1633 893 1668 ἄφες

98 1679 252 1713 οἰκοδομεῖν
271 1677 362 1710 οἰκίας
388 1678 545 1713 κοσμικῶς,
571 1680 585 1706 6
604 1679 652 1706 τὸν
676 1677 752 1706 οἶκόν
772 1688 819 1707 σου
841 1680 892 1715 τῆς

97 1724 188 1758 ψυχῆς
203 1722 396 1755 καταλελυκώς
406 1730 414 1738 ·
427 1722 460 1749 Ea
473 1723 611 1750 τεκτονεῖν
622 1723 660 1754 ὼς
675 1723 769 1755 λαῖκὺς
778 1743 786 1756 ,
810 1723 826 1750 ὁ
846 1731 892 1748 τε·

97 1769 279 1804 πεπαινόμενος
304 1768 357 1795 ὑπὸ
371 1768 418 1795 τοῦ
441 1769 549 1796 Σατανὸ⁴
560 1776 567 1784 ⁸
584 1768 622 1804 μὴ
642 1770 799 1805 προφασίσῃ
813 1768 894 1796 τοῦτο

98 1815 228 1843 κάκεῖνο·
245 1813 333 1845 οὐδεὶς
350 1822 379 1840 σε
394 1813 527 1846 ἐξελεῐται
548 1815 581 1842 ἐκ
603 1815 694 1851 χειρὸς
715 1815 830 1850 Κυρίου.
844 1814 894 1850 Μὴ

97 1856 180 1893 εἴπῃς
191 1857 373 1893 ἡμαρτηκὼς
385 1859 443 1885 Οὐκ
454 1859 520 1885 οῐσω
536 1859 586 1890 τὰς
596 1860 779 1894 ἐπιτιμήσεις.
789 1861 892 1893 υῐσεις,

96 1903 194 1931 τέκνον
214 1912 284 1940 μου⁶
310 1904 386 1931 καλῶ
405 1905 460 1940 γάρ
487 1913 518 1931 σε
543 1904 629 1935 οὕτως
645 1906 733 1932 ἐλπίδι
752 1906 801 1941 τῆς
823 1906 892 1932 ὐπο-

99 1951 239 1987 στροφῆς,
261 1951 318 1985 ἐγὼ
332 1952 345 1978 ὁ
360 1951 500 1982 ταπεινός.
524 1951 557 1978 Ei
573 1952 685 1987 Πατὴρ,
700 1951 892 1987 πεφεισμένως

99 1997 237 2032 ιατρεὺσω
248 2016 255 2028 ,
277 1996 505 2032 συμπαθητικῶς,
521 1998 716 2033 φιλοστόργως.
739 1998 828 2026 Μόνον
845 1998 891 2025 θέ-

97 2041 193 2076 λησον,
215 2041 297 2077 μόνον
312 2041 454 2078 κινήθητι.
476 2042 624 2079 διάρρηξον
644 2043 679 2070 τὰ
695 2044 846 2079 κατέχοντά
860 2051 891 2070 σε

96 2087 187 2122 δεσμὰ
203 2087 252 2114 τοῦ
280 2088 416 2115 θανάτοιν
443 2089 559 2123 ἐγγύθεν
580 2089 648 2116 Θεοῦ
673 2089 798 2125 βοήθεια,
816 2090 891 2117 καὶὸ

97 2133 187 2167 φύλαξ
203 2141 250 2160 σου
263 2133 314 2168 τῆς
331 2132 405 2168 ζωῆς
418 2133 534 2168 ἄγγελος
554 2135 773 2170 προπορεύσεται
785 2143 793 2151 ·
817 2137 891 2171 χαρὰ

98 2180 128 2208 ἐν
144 2177 254 2213 οὐρανῷ
280 2179 437 2213 γενήσεται,
469 2179 602 2215 θρηνήσει
621 2180 635 2206 6
655 2180 796 2214 διάϐολος,
815 2189 892 2216 σκιρ-
909 2171 929 2197 υ

98 2224 176 2259 τήτω
195 2222 253 2258 ἐγὼ
274 2224 288 2250 ό
300 2223 396 2265 τάλας,
407 2223 541 2261 ,εὑρηκὼς
554 2224 584 2251 τὺ
598 2225 736 2258 ἀπολωλός
753 2234 805 2261 μου
824 2227 892 2262 πρό-

99 2269 195 2302 ϐατον,
207 2270 255 2296 καί
267 2277 300 2304 γε
312 2270 329 2306 ἡ
342 2270 492 2305 ἀδελφότης
507 2279 566 2298 σου.
581 2271 649 2298 ma
661 2271 710 2307 μὴ,
720 2271 771 2309 Eon
778 2272 891 2308 θήραμα

98 2315 139 2351 τῷ
163 2315 297 2351 cumq),
323 2315 372 2342 τοῦ
398 2316 461 2343 οὐαὶ
485 2317 673 2353 κληρονόμος,
702 2315 734 2345 οὗ
762 2318 891 2354 ρυσθεξης

99 2361 280 2394 ὑπακούσας,
301 2361 349 2388 καὶ
372 2362 421 2389 σὺν
436 2362 476 2397 τῷ
494 2361 603 2398 ἀδελφῷ
619 2370 668 2390 σου
691 2363 758 2400 Σίλᾳ
781 2363 892 2391 ἐλευσόι

99 2414 192 2441 μενος.

227 2466 269 2494 Pl’
288 2466 337 2503 (7)-
359 2482 394 2489 -
413 2467 454 2503 Τῇ
473 2467 593 2504 ὁμόζυγι
611 2469 773 2505 Δημόκαρι-
795 2468 889 2506 [xiii-1

943 1541 999 1569 lum
1021 1541 1174 1577 judicium?
1197 1549 1251 1568 non
1275 1548 1384 1576 penam
1410 1540 1469 1568 lues
1490 1546 1637 1575 aeternam,
1657 1543 1735 1576 cujus

943 1587 1001 1615 sola
1028 1587 1159 1622 cogitatio
1188 1591 1297 1615 coercet
1319 1587 1458 1619 animam,
1484 1589 1674 1623 convertitque
1701 1590 1734 1617 ad

943 1633 1152 1668 paenitentiam?
1166 1631 1372 1668 Expergiscere,
1391 1632 1484 1666 homo,
1501 1634 1639 1668 rcsipisce,
1658 1635 1736 1662 obic-

943 1680 1116 1712 stor.0mitte
1124 1680 1220 1707 domos
1231 1679 1323 1707 saeculi
1332 1687 1408 1707 more
1416 1685 1566 1712 exstruere,
1577 1681 1623 1716 qui
1638 1681 1736 1709 animae

943 1730 997 1754 tuae
1011 1726 1123 1754 domum
1136 1727 1295 1755 destruxisti
1313 1733 1321 1752 :
1337 1726 1432 1754 desine
1446 1731 1474 1753 ut
1492 1727 1579 1754 laicus
1595 1726 1735 1760 fabricari,

943 1773 991 1809 qui
1005 1778 1143 1801 structura
1157 1774 1190 1801 lis
1210 1773 1338 1801 Satanae:
1360 1781 1448 1809 neque
1463 1774 1515 1800 hac
1530 1778 1578 1801 aut
1588 1773 1632 1801 illa
1649 1781 1734 1801 excu-

943 1820 1049 1847 satione
1071 1819 1168 1847 utaris.
1188 1818 1275 1847 Nemo
1291 1824 1317 1847 te
1335 1819 1442 1847 auferet
1460 1819 1491 1846 de
1510 1827 1593 1848 manu
1612 1819 1734 1847 Domini.

943 1864 982 1895 Ne
994 1866 1068 1893 dicas
1079 1869 1220 1900 postquam
1231 1865 1365 1900 peccasti:
1379 1864 1478 1892 Pinnas
1487 1873 1540 1892 tton
1549 1864 1631 1892 dabo.
1643 1864 1734 1896 Dabis.

944 1911 981 1939 fili
1003 1911 1040 1938 mi
1061 1920 1068 1939 :
1090 1912 1131 1939 sic
1144 1912 1217 1940 enim
1240 1919 1291 1947 ego
1314 1911 1427 1939 humilis
1442 1918 1468 1939 te
1482 1911 1594 1938 nomino
1608 1919 1657 1947 spe
1667 1919 1736 1939 con-

943 1958 1090 1986 versionis.
1105 1958 1134 1986 Si
1150 1963 1229 1993 pater
1244 1966 1317 1991 sum,
1330 1958 1493 1986 medicinam
1509 1958 1625 1985 adhibeo
1641 1966 1733 1993 parco.

942 2005 1185 2039 connuiseranter,
1202 2010 1338 2033 amanter.
1360 2003 1434 2032 Velis
1449 2005 1657 2032 tantummodo:
1674 2010 1736 2031 tan-

942 2050 1083 2079 tummodo
1098 2051 1234 2079 movearis
1249 2060 1256 2078 :
1271 2059 1368 2086 rumpe
1383 2059 1444 2086 qua:
1462 2055 1487 2078 te
1502 2051 1625 2078 detinent
1639 2051 1735 2078 mortis

942 2097 1061 2133 vincula.
1073 2097 1160 2133 Prope
1174 2097 1250 2124 adest
1265 2097 1311 2125 Dei
1329 2097 1462 2124 au\ilium
1472 2117 1480 2129 .
1496 2102 1523 2126 ct
1538 2097 1600 2125 vita:
1617 2103 1669 2124 tua:
1683 2106 1735 2125 cu-

943 2148 1000 2170 stos
1011 2143 1124 2179 angelus
1136 2143 1276 2178 gradietur
1286 2148 1350 2170 ante
1361 2148 1397 2170 te.
1409 2142 1542 2170 Gaudium
1554 2143 1608 2170 erit
1620 2143 1734 2177 incmlo,

943 2189 1047 2224 lugebit
1067 2189 1193 2217 diabolus
1204 2209 1212 2222 ,
1229 2197 1280 2225 ego
1303 2190 1387 2216 miser
1403 2189 1512 2216 inventa
1533 2196 1584 2216 ove
1602 2196 1662 2216 mea
1674 2197 1736 2223 qua:

944 2236 1062 2271 perierat
1078 2235 1265 2269 exsultabo,et
1282 2235 1376 2272 utique
1390 2236 1488 2264 fratres
1503 2236 1541 2264 tui
1558 2245 1665 2265 omnes.
1685 2237 1734 2264 Sin

944 2282 1049 2314 minus.
1063 2282 1153 2317 praeda
1166 2282 1221 2309 eris
1237 2281 1350 2313 diaboli.
1365 2286 1393 2310 et
1407 2281 1494 2310 haeres
1511 2282 1711 2310 maledictwnis
1726 2291 1734 2310 :

945 2335 999 2363 qua
1015 2328 1131 2361 utinam,
1147 2328 1213 2355 mihi
1228 2328 1360 2356 obediens
1371 2347 1380 2362 ,
1398 2335 1425 2356 et.
1437 2336 1499 2356 cuin
1514 2327 1571 2356 Sila
1589 2329 1673 2356 fratre
1690 2334 1736 2356 tuo

945 2374 1068 2406 veniens,
1084 2374 1219 2402 libereris.

1144 2469 1198 2498 CX.
1207 2485 1243 2490 —-
1257 2469 1341 2498 Uxori
1362 2469 1532 2498 Demochari.

736 2526 884 2552 Consolatur
893 2527 920 2552 in
931 2527 999 2553 obitu
1011 2527 1104 2554 mariti.

150 2577 211 2612 Ἀφ’
220 2575 256 2614 ἦς
270 2578 377 2614 ἡμέρας
392 2579 531 2616 ἀνηγγέλη
546 2580 612 2616 ἡμῖν
625 2580 640 2608 6
651 2580 765 2613 θάνατος
777 2581 824 2608 τοῦ
838 2590 892 2617 μα-

99 2625 199 2661 καρίου
217 2626 383 2661 στρατηγοῦ,
404 2627 487 2663 μέχρι
499 2626 548 2655 τοῦ
561 2626 658 2663 δεῦρο,
677 2627 763 2655 πολλὰ
781 2628 894 2664 δοκιμά-

99 2679 200 2703 σαντες
224 2672 275 2699 οῠκ
301 2672 485 2709 εὐωδὼθημεν
515 2674 669 2702 ἐπιστεῑλαι
696 2676 730 2712 τῇ
754 2675 892 2711 τιμιότητι

99 2725 167 2745 σου·
198 2719 246 2744 καὶ
268 2718 317 2745 νῦν
332 2719 361 2746 δὲ
383 2719 587 2753 ἐπιστέλλοντες
605 2721 682 2748 οὐδέν
703 2729 733 2748 σε
755 2720 890 2757 ὠφελεῖν,

99 2761 162 2789 οὐδὲ
175 2762 368 2798 “apponeter
383 2763 431 2791 τοῦ
447 2764 549 2800 βάρους
561 2766 611 2801 τῆς
627 2765 761 2794 ἐνωδύνου
776 2765 890 2802 καρδίας

983 2581 1020 2608 Ex
1033 2589 1089 2616 quo
1102 2581 1183 2609 nobis
1197 2581 1355 2609 renuntiata
1371 2587 1447 2608 mors
1465 2585 1507 2609 est
1520 2579 1591 2609 beati
1609 2582 1732 2617 magistri

944 2628 1075 2660 militum.
1086 2628 1119 2655 ad
1138 2627 1212 2655 hunc
1226 2635 1316 2663 usque
1329 2627 1412 2659 diem.
1428 2634 1491 2654 cttm
1507 2627 1592 2655 multa
1607 2629 1735 2663 explora-

945 2675 1087 2708 verimus,
1112 2674 1216 2702 nullam
1240 2674 1410 2702 ercellentia’.
1434 2677 1488 2701 tua:
1508 2673 1645 2701 scribendi
1663 2675 1733 2702 viam

943 2721 1069 2749 idoneam
1094 2721 1168 2750 nacti
1186 2729 1284 2750 sumus
1303 2730 1309 2748 :
1333 2725 1361 2749 et
1386 2728 1461 2749 nunc
1482 2728 1546 2750 cum
1569 2721 1734 2752 scribimus.

942 2767 1009 2795 nihil
1023 2767 1122 2803 juvare
1131 2771 1170 2801 te.
1182 2775 1233 2796 nec
1246 2775 1356 2803 gravem
1370 2774 1519 2803 possumus
1531 2767 1622 2796 cordis
1632 2775 1735 2796 moero-

836 2822 952 2854 ΝΟΤᾹΣ.

137 2879 175 2915 (6)
186 2879 215 2908 in
235 2879 295 2908 cod.
310 2880 375 2916 Ἀρι.
391 2884 449 2917 ρκ’.

1002 2884 1039 2919 (7)
1051 2884 1079 2913 ln
1095 2884 1156 2914 cod.
1173 2885 1240 2921 Reg.
1261 2885 1327 2922 pig'.
1345 2885 1382 2922 (")
1401 2885 1577 2915 Paranetica.
