1912 3080
163 155 228 187 1371

766 157 796 188 S.
811 156 1011 187 THEODORI
1031 154 1206 189 STUDITE

1726 149 1797 181 1372

154 221 213 241 rem
227 213 380 242 sublevare.
399 213 466 248 Qua:
485 215 557 242 enim
587 215 699 250 reperiri
727 220 811 250 queat
841 215 946 247 oratio,

1011 215 1151 250 ἱυνάμεθα.
1188 214 1237 246 Τίς
1264 213 1320 249 γὰρ
1349 213 1396 240 καὶ
1423 210 1580 247 ὲξευρεθείη
1606 208 1686 244 λόγος
1711 208 1795 243 ἄλγος

155 269 218 296 qua:
231 266 309 288 tanto
325 262 413 289 dolori
429 261 589 289 medeatur?
608 262 733 289 Attamen
753 265 784 289 ut
801 261 877 288 illius
899 267 950 288 nos

156 315 267 342 quoque
294 307 322 334 in
341 313 444 343 partem
466 308 562 335 venire
583 309 783 341 ostendamus,
809 314 864 335 non
889 307 949 342 ejus

158 357 264 380 tantum
277 360 360 381 causa
377 354 424 388 qui
440 354 472 380 ad
490 353 637 381 Dominum
653 354 739 387 abiit;
755 353 891 388 siquidem
908 353 951 380 vir

158 396 248 424 bonus
267 401 294 424 et
307 397 369 432 pius
380 419 388 431 ,
405 398 537 425 doctrinae
558 398 719 425 orthodoxae
742 403 949 434 propugnator,

158 443 288 478 pacisque
303 444 377 478 pugil
392 443 537 479 dereliquit
572 452 634 476 nos,
650 451 667 471 o
682 444 843 472 calamitas!
861 444 908 471 sed
924 448 951 471 et

158 488 197 515 tui
217 489 304 523 gratia
319 496 379 523 quae
391 488 519 516 derelicta
537 496 577 521 es,
592 488 728 524 c0njugali
750 489 853 516 auxilio
867 488 951 516 desti-

157 539 232 566 tuta,
250 534 399 569 praesertim
418 541 481 562 eum
506 535 556 561 viri
584 542 679 562 atuans
698 541 774 562 esses
789 534 948 562 admodum.

159 580 212 608 Sed
229 581 360 614 quoniam
376 580 462 608 divini
481 581 582 609 decreti
606 581 700 616 ignara
724 588 780 608 non
800 588 830 608 es
841 571 856 607 ε’
866 580 951 607 Terra

158 633 184 652 es
196 646 203 658 ,
223 630 248 652 et
268 626 295 652 in
312 631 411 652 terram
425 628 560 653 reverteris
579 627 619 660 ¹⁸;
642 632 670 654 et
687 635 796 654 rursum
813 636 819 654 :
846 626 880 654 Ut
900 635 952 653 non

159 672 353 699 cmtlristemini
376 673 408 699 de
430 670 642 706 dormientibus,
669 673 736 699 sicut
758 677 782 700 et
803 673 891 700 ueteri
906 673 951 708 qui

160 726 232 752 spem
247 727 297 744 non
312 718 407 746 habent
425 719 464 752 “;
483 727 545 746 cum
566 719 603 746 illi
620 727 634 746 a
651 719 705 747 Deo
721 719 872 747 adducendi
896 719 952 751 sint

160 771 222 791 cum
238 763 301 792 Jesu
323 765 350 792 in
364 765 583 795 resurrectione:
601 766 743 793 hortamur
754 769 781 793 et
793 774 904 800 oramus
922 769 952 793 ut

160 810 275 837 nimium
292 810 414 838 dolorem
433 811 562 845 abjicias.
578 811 794 838 causolationem
822 812 943 848 aliquam

160 856 289 890 accipias,
305 857 338 883 ad
353 860 378 883 te
393 856 499 888 redeas,
516 856 637 885 animum
653 856 810 884 exhilares:
825 858 951 893 quando-

161 902 273 936 quidem
293 901 394 929 liberos
426 902 522 934 habes,
546 907 573 930 et
601 901 704 929 familia
731 902 778 930 libi
799 908 840 931 est
861 904 952 932 indole

161 949 246 976 animi
265 948 413 984 praestans;
425 954 453 976 et
466 949 517 976 nisi
534 957 610 977 mens
628 950 715 985 erigat
728 958 758 978 se
768 951 803 978 ad
822 951 953 979 cohibent

160 994 225 1021 dum
237 994 369 1026 dolorem,
384 1002 478 1030 regere
493 1003 526 1023 ae
542 996 594 1023 rite
611 995 763 1031 gubernare
779 997 854 1024 nullo
871 998 954 1029 modo

161 1039 270 1074 poterit.
288 1039 329 1066 Ad
344 1044 499 1068 extremum
516 1041 598 1068 beato
612 1041 693 1069 etiam
719 1041 759 1068 illi
775 1041 952 1077 profuturum

159 1089 203 1112 est
218 1085 244 1112 td
259 1085 330 1120 quod
344 1085 491 1113 suademus
505 1095 512 1113 :
528 1093 583 1121 quo
602 1085 668 1121 quid
687 1093 749 1114 esse
764 1087 852 1121 possit
870 1092 951 1122 opta-

161 1129 265 1157 bilius?
281 1130 351 1163 Quid
365 1137 430 1165 ergo
448 1134 544 1163 restat,
563 1130 693 1158 domina?
705 1130 742 1157 Da
753 1130 869 1166 gloriam
882 1131 954 1160 bono

161 1176 238 1209 Deo;
255 1176 346 1210 profer
361 1176 405 1203 illa
423 1177 506 1204 verba
521 1176 573 1204 Job
589 1185 597 1203 :
615 1176 742 1205 Dominus
753 1176 836 1210 dedit,
861 1177 955 1204 Domi-

161 1231 210 1248 nus
218 1222 345 1255 abstulit;
356 1223 424 1249 sicut
436 1222 548 1249 Domino
559 1223 660 1257 placuit
669 1224 707 1249 ita
720 1227 744 1249 et
758 1223 858 1254 factum
873 1224 952 1253 est“.

162 1267 280 1295 Muima
295 1268 358 1295 inde
375 1275 468 1295 revera
499 1268 545 1295 tibi
578 1268 637 1295 laus
669 1268 767 1302 fuerit,
796 1269 954 1305 patebitque

163 1321 247 1348 quam
265 1313 366 1341 eruditi
382 1314 431 1340 viri
445 1322 515 1340 uxor
529 1314 622 1342 fueris.
639 1313 741 1343 Doctus
757 1315 802 1342 ille
816 1316 953 1351 siquidem

162 1364 190 1386 ct
208 1360 362 1394 sapicns,et
378 1360 519 1387 institutor
534 1369 588 1388 non
602 1361 783 1389 iuitiatorum.
796 1361 886 1397 Quare
900 1363 955 1391 sic-

163 1412 193 1434 ut
209 1407 254 1435 ille
280 1408 348 1436 viris
363 1409 524 1443 praeclarum
541 1408 592 1436 fuit
603 1409 770 1444 exemplum,
782 1415 842 1438 esto
856 1414 884 1438 et
896 1410 955 1446 ipsa

163 1453 325 1481 mulieribus
339 1475 346 1487 ,
366 1454 474 1489 lugendi
491 1454 612 1481 studium
632 1455 782 1489 declinans,
809 1459 835 1482 et
861 1461 955 1484 osten-

163 1500 231 1527 dens
261 1504 380 1528 tutorem
412 1501 460 1529 tibi
490 1501 575 1528 Deum
605 1509 685 1534 esse,
712 1502 780 1536 qui,
812 1510 873 1530 cum
898 1511 954 1530 non

1001 260 1129 288 τοσοῦτον
1142 260 1324 296 οεραπεύειν;
1344 259 1416 287 Ἀλλ’
1431 259 1475 285 ἵνα
1492 256 1663 292 καταδήλους
1678 255 1794 283 ἑαυτοὺς

1001 308 1161 342 ποιήσωμεν
1169 307 1206 338 ὡς
1223 306 1394 342 μετέσχομεν
1405 304 1453 332 καὶ
1468 303 1547 331 αὐτοὶ
1557 302 1657 336 λύπης,
1669 301 1699 327 ού
1713 300 1798 335 μόνον

1001 353 1048 380 ἐπὶ
1066 354 1105 390 τῷ
1122 353 1307 389 ὲνδημήσαντι
1326 352 1396 388 πρὸς
1412 351 1530 387 Κύριον·
1547 350 1588 376 ὅτι
1609 348 1680 383 ἀνὴρ
1692 346 1796 381 ἀγαθὸς

1001 400 1049 427 καὶ
1064 399 1199 434 εὐσεΰὴς,
1217 399 1361 435 πρόμαχος
1382 396 1554 433 ὀρθοδοξίας,
1572 394 1620 421 καὶ
1639 391 1795 427 ἀγωνιστὴς

1001 446 1125 481 είρήνης,
1143 445 1323 472 ἀπολέλοιπεν
1342 444 1428 480 ἡμᾶς.
1443 441 1466 469 ὣ
1477 442 1529 477 τῆς
1543 440 1704 475 συμφορᾶςί
1725 437 1796 465 ἀλλὰ

1001 492 1049 518 καὶ
1059 492 1105 518 ἐπὶ
1118 492 1159 518 σοὶ
1168 493 1202 528 τῇ
1219 489 1433 526 καταλειφθείσῃ
1448 489 1545 524 ἐρήμῳ
1561 486 1611 522 τῆς
1625 484 1795 520 ὁμοζυγικῆς

1001 537 1174 573 ἐπικουρίας,
1192 537 1282 569 ἄλλως
1296 545 1327 563 τε
1344 536 1393 563 καὶ
1412 533 1598 569 φιλανδρούσῃ
1610 532 1682 558 λίαν.
1697 529 1795 561 Οὒτως

1001 580 1048 610 οὖν
1075 582 1292 618 ἀπαραμύθητον
1319 581 1349 608 τὸ
1379 579 1466 610 πάθος
1492 577 1636 610 ἀπέδειξεν
1665 576 1680 602 ὁ
1701 574 1793 608 λόγος.

1008 627 1077 654 Ἀλλ’
1099 628 1161 654 ἐπεὶ
1174 627 1225 654 οὐκ
1240 625 1265 653 εἶ
1280 626 1426 657 ἀδίδακτος
1439 623 1486 651 τοῦ
1501 622 1575 649 θείου
1595 620 1794 655 διατάγματος,

1001 674 1042 701 ὅτι
1054 673 1099 708 Γῆ
1112 671 1158 706 εἶν
1167 673 1216 700 καὶ
1230 673 1274 705 εις
1282 672 1343 708 γῆν
1361 670 1534 703 ἀπελεύσῃ,
1550 668 1606 700 Καὶ
1618 666 1708 694 πάλιν·
1725 666 1795 692 "Ira

998 721 1043 757 μὴ
1054 720 1104 747 ἐπὶ
1116 719 1179 753 1;qu
1186 717 1413 754 κεκοιμημένοις
1426 715 1580 750 λυπῆσθε,
1594 713 1690 746 καθὼς
1704 711 1754 739 καὶ
1766 712 1795 738 οἱ

1002 765 1104 793 λοιποὶ
1122 766 1149 792 ol
1171 764 1212 798 μὴ
1235 763 1358 804 ἔχοντες
1383 761 1511 789 ἐλπίδων
1536 760 1574 791 ὼς
1593 758 1796 794 ἀχθησομένοις

1003 812 1053 838 σὺν
1072 811 1112 846 τῷ
1134 809 1223 846 Ἰησοῦ
1250 809 1303 836 ὑπὸ
1327 807 1396 835 Θεοῦ
1416 808 1445 834 ὲν
1461 808 1496 842 ’τῇ
1517 804 1683 833 ἀναστάσει·
1702 810 1795 837 παρα-

1003 857 1141 893 καλοῦμεν
1167 857 1212 883 καῒ
1239 854 1436 890 ἀντιϐολοῦμεν
1462 851 1581 879 κενῶσαι
1610 859 1641 877 σε
1670 848 1701 877 τδ
1725 847 1800 875 πολίλ

1001 904 1051 939 τῆς
1062 902 1168 941 λύπης,
1194 901 1288 929 λαῦεἶν
1304 899 1481 936 παραμύθιον
1500 897 1610 934 μικρὸν,
1632 897 1673 928 είς
1693 893 1797 930 ἑαυτὴν

1002 950 1146 986 γενέσθαι,
1173 947 1302 984 ἱλαρῦναι
1324 947 1375 982 τὴν
1399 945 1504 981 ψυχήν⁸
1527 943 1622 978 ἐπειδὴ
1645 942 1693 969 καὶ
1711 941 1798 968 τέχναι

1003 996 1092 1032 ἔχεις,
1108 995 1157 1023 καὶ
1181 994 1256 1022 οικία
1280 1003 1321 1020 σοι
1348 993 1468 1028 πάρεστι
1486 989 1677 1027 μεγαλοφυής·
1701 988 1750 1015 καὶ
1768 987 1797 1013 ει

1005 1043 1043 1079 μὴ
1054 1043 1068 1069 ὁ
1080 1042 1144 1074 νοῦς
1153 1041 1295 1075 ἀνενέγκοι
1309 1039 1360 1075 ’τῆς
1372 1038 1606 1074 κατακρατήσεως
1619 1034 1668 1062 τοῦ
1679 1034 1795 1067 πάθους,

1003 1089 1115 1116 διοικεῖν
1128 1088 1176 1114 καὶ⁴
1194 1087 1298 1114 διέπειν
1322 1084 1411 1121 ὀρθῶς
1434 1084 1486 1110 οὐκ
1505 1083 1538 1110 ἄν
1563 1090 1629 1108 ποτε
1654 1079 1794 1115 δυνηθείη.

1011 1135 1074 1162 Ἐπὶ
1097 1134 1166 1161 πᾶσι
1180 1133 1209 1160 δὲ
1226 1131 1349 1167 κάκείνῳ
1371 1130 1411 1165 τῷ
1428 1128 1558 1165 μακαρίῳ
1572 1126 1745 1162 λυσιτελήσει
1764 1124 1796 1152 τὸ

1003 1180 1167 1215 λεγόμενον·
1187 1174 1218 1204 οῦ
1239 1177 1266 1204 τί
1287 1176 1321 1204 ἂν
1345 1176 1453 1211 γένοιτο
1478 1172 1794 1210 περισπουδαστότερονς

1004 1225 1038 1252 Τί
1051 1223 1098 1252 οὖν
1113 1223 1217 1256 λοιπὸν,
1238 1220 1261 1250 ὧ
1277 1222 1379 1258 κυρία;
1396 1221 1439 1253 δὸς
1455 1220 1533 1253 δόξαν
1548 1219 1588 1255 τῷ
1607 1216 1795 1253 ἀγαθῷθεῷ·

1005 1270 1119 1306 φθέγξαι
1137 1269 1172 1296 τὰ
1184 1268 1231 1296 τοῦ
1253 1268 1329 1301 ’1ὼ6,
1350 1268 1378 1294 '0
1392 1267 1501 1302 Κύριος
1513 1266 1636 1298 ἔδωκεν,
1650 1265 1667 1291 ὀ
1688 1263 1797 1297 Κύριος

1004 1317 1162 1352 ἀφείλετο·
1185 1315 1226 1348 ὡς
1239 1313 1279 1347 τῷ
1296 1314 1393 1347 Κυρίῳ
1410 1312 1527 1345 ἔδοξεν,
1544 1311 1639 1344 οὕτως
1659 1309 1710 1336 καὶ
1728 1307 1796 1343 ἐτέ-

1004 1371 1083 1390 νετο.
1105 1361 1154 1397 Εἴη
1174 1359 1301 1387 ἐντεῦθεν
1315 1359 1353 1391 ὡς
1365 1359 1473 1393 ἀληθῶς
1490 1357 1619 1393 μέγιστον
1640 1355 1730 1387 κλέος,
1748 1354 1798 1380 καὶ

1006 1409 1120 1444 φανείης
1130 1408 1188 1435 οἴου
1201 1406 1419 1441 πεπαιδευμένου
1433 1404 1530 1440 ἀνδρὸς
1542 1403 1676 1439 ὁμόζυγος
1689 1401 1796 1435 ἐγένου.

1005 1457 1062 1484 Καὶ
1077 1456 1130 1491 γὰρ
1143 1455 1246 1486 ἐκεῖνος
1260 1454 1309 1480 καὶ
1322 1451 1483 1487 γνωστικὺς,
1500 1451 1548 1477 καὶ
1561 1449 1652 1484 σοφὸς,
1667 1447 1714 1475 καὶ
1729 1456 1796 1474 παι-

1006 1503 1102 1537 δευτὴς
1119 1501 1172 1527 τῶν
1186 1501 1327 1536 ἀμυήτων.
1351 1498 1395 1530 Ὧς
1416 1497 1472 1533 γὰρ
1486 1494 1532 1524 οὖν
1549 1496 1652 1526 ἐκεῖνος
1667 1494 1798 1529 ἀνδράσιν

164 1552 261 1578 esses,
296 1550 325 1573 ut
361 1553 435 1574 esses
466 1546 499 1574 de
529 1546 616 1573 nihilo
642 1552 666 1573 te
692 1547 839 1581 produxit,
866 1552 894 1574 et
922 1547 954 1575 ad

1011 1548 1160 1583 ὑπόδειγμα
1171 1546 1264 1579 καλὸν,
1279 1545 1325 1572 ἔσο
1343 1545 1391 1571 καὶ
1403 1544 1473 1579 αὑτὴ
1482 1542 1618 1577 γυναιξὶν,
1633 1540 1798 1585 ἐκκλίνουσα

165 1590 306 1618 llorentem
332 1595 438 1619 aetatem
467 1592 612 1626 perduxit,
641 1597 667 1619 et
696 1596 771 1620 tanto
801 1594 863 1620 viro
890 1601 955 1621 con-

163 1637 277 1672 junxit,
307 1637 529 1672 disjunctamque
557 1637 655 1665 iterum
684 1639 760 1666 ttniet
789 1646 837 1673 per
864 1647 957 1666 resur-

165 1683 326 1710 rectionem.
357 1683 448 1716 Quare
477 1690 620 1711 excessum
648 1683 733 1718 ipsius
758 1685 956 1719 peregrinatio-

167 1736 228 1755 nem
243 1736 304 1756 esse
323 1729 425 1764 cogita.
453 1729 553 1756 Annon
569 1729 651 1764 igitur
672 1730 853 1764 privationem
870 1730 956 1759 ferres

167 1776 190 1802 si
216 1783 262 1803 rex
291 1780 417 1804 terrenus
438 1777 603 1804 mandaret?
621 1777 682 1810 Fer,
700 1778 817 1805 domina
843 1786 914 1810 mea,
929 1782 957 1805 et

168 1819 247 1845 istam
268 1827 352 1854 quam
368 1821 443 1848 solus
459 1828 541 1848 verus
555 1826 580 1848 et
599 1822 722 1849 omnium
737 1829 784 1849 rex
803 1822 955 1856 imperavit.

168 1863 206 1890 Ita
221 1872 335 1899 prorsus
351 1865 494 1892 hortamur
510 1874 517 1893 :
532 1870 560 1893 et
574 1873 639 1894 vero
663 1875 805 1902 speramus
831 1873 958 1904 receptu-

169 1917 228 1937 ram
250 1916 276 1938 te
293 1918 356 1938 eum
378 1911 404 1938 in
426 1911 470 1938 die
484 1911 540 1944 illa,
571 1918 716 1947 postquam
740 1913 902 1942 viduitatem
930 1914 957 1942 in

171 1955 286 1983 Domino
306 1958 472 1990 servaveris,
490 1962 517 1985 et
531 1957 638 1993 egregia
653 1959 774 1993 germina
789 1967 871 1994 quam
887 1960 959 1995 opti-

170 2011 213 2030 me
223 2003 378 2030 institueris
393 2012 400 2030 :
416 2011 477 2039 quae
490 2009 517 2030 et
530 2012 581 2031 nos
596 2005 757 2038 salutamus,
774 2009 801 2032 et
816 2005 958 2033 hortamur

170 2053 200 2074 ut
215 2049 272 2083 pari
290 2055 323 2076 ac
343 2053 372 2076 tu
387 2049 472 2076 animi
490 2049 677 2077 moderatione
705 2056 845 2085 paternam
861 2051 960 2080 absen-

170 2097 234 2124 tiam
252 2096 352 2131 ferant,
370 2102 398 2125 et
414 2104 537 2128 materna
553 2099 706 2126 directione
721 2099 755 2127 ad
773 2104 847 2128 recta
866 2101 959 2128 omnia

171 2142 360 2172 informantur.

1005 1594 1037 1621 τὸ
1055 1592 1234 1628 φιλοπενθὲς,
1249 1591 1297 1618 καὶ
1314 1589 1477 1617 δεικνύουσα
1491 1588 1533 1615 ὅτι
1553 1596 1594 1615 σοι
1610 1585 1766 1622 προστάτης
1781 1584 1802 1611 ἁ

1005 1640 1082 1672 Θεὸς,
1100 1639 1130 1671 ὃς
1142 1638 1190 1665 καὶ
1206 1638 1239 1664 ἐκ
1251 1637 1299 1664 τοῦ
1321 1636 1358 1672 μὴ
1374 1636 1451 1668 ὄντος
1472 1635 1513 1666 εἰς
1533 1634 1564 1661 ἰδ
1580 1631 1650 1665 εἶναι
1675 1640 1706 1659 σε
1726 1640 1799 1666 παρ-

1005 1687 1104 1722 ήγαγε,
1123 1685 1169 1712 καὶ
1185 1686 1226 1716 είς
1241 1683 1334 1719 ἀκμὴν
1350 1682 1458 1718 ἡλικίας
1474 1682 1573 1717 ἤγαγε,
1587 1680 1635 1707 καὶ⁸
1645 1678 1802 1715 τηλικούτῳ

1006 1723 1083 1765 ἆνδρὶ
1097 1728 1250 1761 συνέζευξε,
1264 1729 1312 1755 καὶ
1322 1725 1401 1758 αὖθις
1412 1725 1557 1758 διαζεύξας
1571 1723 1682 1754 ὲνὼσειε
1693 1723 1736 1750 διὰ
1749 1723 1802 1757 τῆς

1006 1776 1202 1807 ἀναστάσεως·
1235 1774 1306 1800 ὥστε
1334 1773 1446 1809 νόμισον
1481 1771 1636 1806 ἀποδημίαν
1666 1767 1735 1795 εἶναι
1768 1768 1801 1795 τὸ

1007 1823 1135 1858 πρᾶγμα.
1154 1821 1211 1848 Οὐκ
1236 1816 1291 1856 ἄρα
1306 1820 1422 1855 ἦνεγκες
1444 1819 1494 1854 τὴν
1513 1817 1655 1852 στέρησιν,
1673 1816 1698 1842 εἰ
1719 1814 1800 1850 βασι-

1007 1869 1069 1901 λεὺς
1088 1869 1211 1902 ἐπίγειος
1225 1866 1393 1902 ὲπέτρεψεν;
1409 1863 1500 1898 Οἷσον,
1518 1863 1651 1891 δέσποινά
1673 1870 1735 1897 μου,
1752 1862 1800 1887 καὶ

1007 1915 1105 1951 τήνδε,
1125 1914 1158 1950 ἢν
1175 1914 1190 1940 δ
1212 1913 1292 1949 μόνος
1315 1911 1443 1952 ἀληθινὸς
1467 1910 1515 1937 καὶ
1530 1909 1641 1936 πάντων
1671 1906 1801 1942 βασιλεὺς

1008 1961 1146 1988 ἐκέλευσε.
1177 1959 1242 1994 Ναὶ,
1260 1958 1492 1994 παρακαλοῦμεν,
1519 1955 1567 1984 καί
1583 1963 1616 1990 γε
1634 1953 1801 1988 πιστεύομεν

1008 2006 1197 2043 ἀπολήψεσθαί
1210 2014 1240 2033 σε
1255 2005 1339 2032 αὑτὸν
1353 2005 1382 2031 ὲν
1399 2005 1432 2039 τῇ
1456 2002 1551 2039 ἡμέρᾳ
1570 2000 1680 2040 ἐκείνῃ·
1696 1999 1802 2048 φυλάτ-

1009 2060 1107 2080 τουσαν
1124 2051 1174 2086 τὴν
1188 2050 1303 2086 χηρείαν
1325 2049 1354 2076 ὲν
1367 2048 1462 2083 Κυρίῳ
1472 2067 1480 2081 ,
1495 2047 1543 2074 καὶ
1563 2047 1802 2080 τεκνοτροφοῠσαν

1008 2099 1108 2135 ἄριστα
1131 2098 1166 2125 τὰ
1186 2096 1257 2128 καλὰ
1279 2095 1478 2131 βλαστήματα·
1504 2093 1577 2129 ἅπερ
1599 2092 1648 2120 καὶ
1661 2098 1804 2126 προσαγο-

1011 2144 1127 2182 ρεύομεν
1139 2150 1146 2158 ’
1163 2143 1212 2170 καὶ
1236 2141 1425 2178 ὁμοιοτρόπως
1446 2148 1488 2166 σοι
1503 2137 1691 2174 παραινοῦμεν
1706 2136 1803 2182 φέρειν

1010 2180 1059 2226 τὴν
1072 2189 1210 2226 πατρικὴν
1226 2189 1365 2224 στέρησιν,
1383 2186 1430 2214 καὶ
1447 2186 1569 2222 μητρικῇ
1587 2180 1803 2216 διαπλάττεσθαι

971 2228 995 2257 Ῑ)
1010 2237 1137 2273 ρυθμίοει
1156 2235 1226 2271 πρὸς
1240 2234 1331 2263 πᾶσαν
1351 2231 1499 2267 εὐθύτητα.

315 2291 383 2320 CXI.
401 2307 434 2312 ——
450 2292 589 2322 Monacltis
610 2293 796 2329 Mueleusibus.

1080 2295 1144 2322 PlA'
1157 2294 1207 2330 (7).
1216 2308 1253 2314 —
1266 2291 1334 2325 Τοῖς
1345 2289 1509 2326 μονάζουσι
1523 2288 1655 2322 Μυέλης.
1697 2283 1801 2323 [χμγ’.1

506 2351 620 2383 Elogium
635 2351 748 2382 Dionysii
764 2353 876 2380 monachi
888 2354 930 2384 qui
944 2354 1008 2385 apud
1020 2354 1164 2385 Myeleuses
1174 2352 1267 2383 hospes
1276 2350 1343 2383 _illos
1355 2349 1462 2377 obierat.

205 2405 338 2432 Dormitio
358 2405 468 2440 quidem
493 2405 583 2432 dilecti
599 2405 692 2432 fratris
720 2405 806 2433 nostri
826 2405 959 2442 Dionysii,

170 2451 282 2479 deﬁnito
307 2450 354 2478 Dei
378 2450 494 2478 consilio
519 2455 583 2478 ante
603 2451 825 2480 constitutionem
852 2453 959 2486 mundi,

168 2499 225 2533 jam
238 2498 347 2525 accidit.
369 2497 452 2526 Vobis
470 2505 544 2530 vero,
565 2497 676 2530 fratres,
697 2497 849 2526 benefaciat
868 2498 960 2526 Domi-

171 2554 235 2578 nus,
263 2545 336 2580 quod
366 2544 443 2571 illum
475 2545 571 2572 morbo
599 2544 736 2576 atl'ectum,
765 2544 792 2572 in
820 2545 960 2584 pratstanti

171 2591 341 2619 monasterio
359 2595 460 2624 vestro,
479 2598 541 2618 cum
560 2590 622 2618 illac
641 2591 692 2618 iter
714 2590 837 2623 haberet,
853 2592 962 2627 excepi-

171 2639 222 2665 slis
266 2637 348 2673 idque
368 2637 548 2673 quoadusque
565 2637 767 2664 tabernaculum
783 2637 809 2664 in
825 2642 897 2664 terra
913 2637 962 2666 de-

171 2687 272 2720 posuit,
298 2686 469 2721 evolavitque
492 2685 518 2712 in
540 2685 650 2712 emlum.
684 2684 799 2720 Dignum
815 2692 897 2719 porro
914 2685 960 2720 qui

171 2740 205 2759 eo
222 2732 375 2767 perveniret
388 2731 499 2758 fratrem
516 2730 600 2758 fuisse
620 2730 705 2758 multa
733 2734 877 2757 testantur.
900 2730 959 2757 Pri-

208 2789 230 2806 "
247 2789 346 2818 Cenes.
360 2789 458 2822 "1,19.
495 2788 519 2804 ’δ
533 2789 542 2815 l
559 2787 657 2816 Thess.
671 2796 707 2821 l\',
727 2787 770 2815 12.

811 2788 833 2803 ’⁵
849 2786 900 2814 Job
917 2794 936 2813 t.
956 2785 1000 2814 2|.

1052 2409 1086 2435 'H
1097 2407 1147 2444 μὲν
1162 2406 1291 2441 κοίμησις
1303 2403 1350 2432 τοῦ
1367 2401 1510 2438 ἀγαπητοῦ
1522 2400 1602 2436 ἡμῶν
1614 2397 1730 2433 ἀδελφοῦ
1743 2399 1806 2444 ato-

1012 2442 1114 2487 νυσίου,
1130 2453 1165 2488 τῇ
1180 2450 1321 2487 ὡρισμένῃ
1333 2449 1416 2484 βουλῇ
1433 2447 1481 2474 τοῦ
1496 2446 1564 2477 Θεοῦ
1577 2445 1632 2481 πρὸ
1644 2442 1804 2488 καταϐολῆς

1012 2499 1126 2534 κόσμου,
1156 2497 1208 2533 ἤδη
1233 2497 1296 2532 ὅρον
1325 2495 1431 2522 ἐλαῦεν.
1451 2493 1531 2528 Ὑμῖν
1564 2491 1605 2524 δὲ,
1630 2490 1752 2525 ἀδελφοὶ,
1771 2487 1803 2516 εὖ

1013 2546 1125 2581 ποιήσαι
1140 2543 1253 2579 Κύριος,
1270 2543 1311 2570 ὅτι
1331 2540 1497 2573 ὑπεδέξασθε
1513 2538 1596 2566 αὑτὸν
1612 2535 1804 2572 ἀσθενήσαντα

1014 2590 1086 2618 κατὰ
1116 2589 1233 2625 πάροδον
1261 2589 1290 2615 ὲν
1304 2589 1337 2623 τῇ
1363 2585 1531 2621 διαφερούσῃ
1561 2584 1626 2619 ὑμῖν
1645 2582 1714 2618 μονῇ
1728 2589 1736 2597 ·
1754 2581 1805 2608 καὶ

1013 2636 1092 2667 τοῦτο
1108 2635 1206 2672 μέχρις
1221 2634 1254 2661 ἂν
1270 2633 1387 2661 ἀπέθετο
1411 2632 1441 2658 rb
1457 2631 1556 2666 σκῆνος
1579 2631 1610 2656 ὲν
1622 2631 1669 2664 γῇ,
1689 2629 1737 2655 καὶ
1749 2627 1806 2654 ἁπ-

1016 2681 1086 2716 έπτη
1103 2681 1141 2712 εἰς
1157 2679 1282 2716 οὐρανόν.
1302 2679 1364 2705 Ὅτι
1381 2678 1410 2705 δὲ
1427 2677 1502 2710 ἄξιος
1515 2677 1565 2712 τῆς
1579 2676 1669 2702 ἐκεῖσε
1686 2674 1804 2710 πορείας

1013 2728 1027 2754 ὁ
1040 2727 1164 2763 ἀδελφὸς,
1179 2725 1316 2763 μαρτύρια
1331 2723 1428 2753 πολλὰ.
1439 2723 1550 2760 Πρῶτον
1562 2721 1638 2758 μὲνὴ
1653 2720 1735 2757 μέχρι
1748 2720 1804 2755 γή-

922 2841 1036 2871 NOTAE.

212 2890 250 2925 Π)
268 2891 297 2918 lu
311 2890 372 2918 cod.
385 2891 452 2925 Reg.
474 2890 534 2926 {.‘tit'.
