1912 3080
57 147 115 180 13³13

644 146 912 177 EPISTOLARUM
929 147 1004 177 LIB.
1025 148 1064 177 ll.

1607 134 1676 166 1374

56 215 111 243 ρους
128 205 181 233 ἀπὸ
193 205 330 240 νεότητος,
345 204 458 239 δόκιμος
469 203 552 232 αὐτοῦ
569 204 706 240 ὑποταγή.
717 205 835 230 Ἔπειτα.

918 214 962 232 um
980 205 1102 239 quidem,
1118 203 1152 231 ab
1169 202 1312 238 iuventute
1329 198 1363 229 ad
1385 197 1491 226 senium
1511 201 1599 227 usque
1613 201 1677 227 spc-

56 252 90 283 iig
101 250 280 285 ὲφυλακίσθη.
293 249 369 282 ἅπαξ
378 250 487 285 ἀπῆρεν
499 251 528 276 ὲν
542 251 576 285 τῇ
595 249 687 282 Δύσει,
700 250 771 285 ὑπὲρ
784 249 835 284 τῆς

56 298 110 324 καθ’
125 297 197 332 ἡμᾶς
214 295 379 330 Ἐκκλησίας
397 295 547 327 ἀπόστολος
561 304 568 311 '
585 296 671 330 ὅνπερ
690 295 837 330 εὐλόγησεν

56 343 224 373 ﬁxos-rohbe
238 342 337 378 στόμα,
349 341 489 377 καὶκῇνεσε
505 341 649 377 Ῥωμαίων
665 341 815 377 Ἐκκλησία
827 349 836 356 ο

55 391 80 424 ἧς
90 390 135 416 καὶ
148 388 360 424 μεμαρτύρηται
384 388 437 415 ὑπὸ
462 387 571 422 πολλοῖς
590 387 772 423 ἀδελφότητος
791 387 840 414 αὑ-

55 437 108 463 τοῦ.
129 435 219 470 Ἀνὴρ
230 434 361 468 δυνατὸς
379 435 455 469 ἕρτῳ
471 434 521 462 καὶ
549 435 639 469 λόγῳ,
656 434 776 470 ἐργάτης
794 434 840 460 ἐν-

55 479 135 506 τολῶν
148 478 226 511 Θεοῦ,
239 478 337 510 στύλος
355 479 402 505 καὶ
413 479 554 514 ἑδραίωμα
567 478 614 505 τοῦ
633 479 735 514 οἰκείου
750 487 842 506 κοινοο

56 527 110 553 ΰίου
123 534 131 542 ο
147 525 232 552 πολλὰ
247 525 439 561 ἐνδειξάμενος
452 524 555 560 ἀρετῆς
573 524 718 559 ίδιώματα,
733 525 781 552 καὶ
793 525 841 552 νῦν

56 573 118 599 αὐτὸ
135 572 214 599 τοῦτο
227 572 300 599 κατὰ
312 572 358 599 τὸν
379 571 500 608 παρόντα
514 571 644 607 διωγμὸν,
658 571 843 607 περιερχόμε-

56 628 99 650 νος
113 619 204 651 πόλεις
219 628 249 645 τε
264 619 312 646 καὶ
326 617 431 654 χώρας,
447 618 659 654 ὑστερούμενος,
669 618 842 653 θλιΰὸμενος,

57 666 84 691 ὲν
100 664 137 700 τῷ
152 665 288 691 διακονεῖν
302 664 349 691 τὸν
365 664 415 699 τῆς
429 663 559 700 ἀληθείας
573 664 664 698 λόγον,
680 665 777 700 μέχρις
792 664 845 691 ἀπ-

58 710 132 737 έπνει
154 709 313 745 ἐκδημήσας
326 709 395 746 πρὸς
412 709 525 745 Κύριον.
552 709 678 737 Τοιοῦτον
697 708 754 742 οὖν,
774 710 812 742 ὡς
825 711 844 745 ἡ

57 757 170 792 ἀλήθεια
192 756 261 792 ἔχει,
281 756 465 792 ὲξεναγήσατε
487 756 582 783 δοῦλον
602 756 717 792 Κυρίου,
733 757 780 785 καὶ
794 765 846 793 τη-

58 802 178 830 λικοῦτον
192 802 319 837 λείψανον
335 801 413 837 ἆγιον
435 803 501 838 παρ’
515 803 580 837 ὑμῖν
599 802 763 838 ᾠκοπμήθη
778 802 847 836 ἁηο-

59 850 283 885 θησαυρισθῆναι.
301 851 348 878 Διὸ
374 851 422 877 καὶ
451 850 552 886 μᾶλλον
577 849 785 885 προσετέθημεν
811 851 845 886 τῇ

59 897 129 924 κατὰ
149 897 216 924 Θεὸν
241 897 339 934 ἀγάπῃ
356 897 444 933 ὑμῶν,
462 897 510 924 καὶ
533 896 707 932 ἑπευχόμεθα
732 897 797 931 ὑμῖν
813 897 848 929 τὰ

60 942 147 977 (mea;
158 943 209 977 τῆς
222 943 278 969 ἄνω
300 942 493 978 Ἰερουσαλὴμ,
508 941 567 969 ἀνθ’
583 938 620 968 ὧν
637 940 707 977 μετὰ
716 941 849 976 ἀληθινῆς

60 989 171 1023 καρδίας
185 988 352 1025 ὑπεδέξασῠε
366 988 413 1015 τὸν
429 989 503 1015 ὅσιον
516 988 666 1022 Διονύσιον,
677 984 709 1015 οὗ
733 988 764 1015 τδ
779 997 848 1024 μνη-

63 1037 177 1073 μόσυνον
192 1035 263 1071 μετὰ
277 1035 333 1064 τῶν
349 1035 494 1071 ὁμοταγῶν
509 1035 606 1070 ἁγίων.

95 1188 158 1220 BlB'
168 1187 218 1223 (8).
230 1203 265 1208 -α
274 1188 468 1231 Κατηχητικῂ
478 1186 632 1231 πρὸς-φῂς
641 1187 750 1215 ἑαυτοῦ
760 1195 817 1222 μα-

386 1223 490 1256 θητάς.
507 1221 603 1258 ἱκμδκ]

887 256 960 279 ctata
983 250 1036 278 fuit
1057 249 1118 285 ejus
1137 246 1303 277 ohetlientia.
1329 243 1431 271 Deinde
1454 241 1481 268 in
1498 240 1616 267 vinculis
1637 238 1680 266 his

887 297 961 325 fuit:
988 296 1072 324 semel
1102 296 1131 322 in
1157 293 1333 322 Occidentem
1360 296 1409 324 pro
1431 287 1554 315 Ecclesia
1584 289 1679 312 nostra

888 345 996 379 legatus
1009 342 1148 379 profectus
1160 345 1202 369 est
1219 349 1226 367 :
1248 338 1312 366 huic
1332 334 1469 365 benedixit
1493 341 1525 361 os
1545 331 1680 368 apostoli-

889 396 951 416 cum
966 398 973 416 :
990 389 1063 416 hunc
1088 385 1210 415 laudavit
1234 383 1357 412 Ecclesia
1384 382 1527 408 Romana:
1541 377 1586 413 qui
1602 376 1681 404 testi-

890 434 1013 462 monium
1032 433 1115 461 etiam
1132 431 1229 460 habuit
1243 438 1259 458 a
1283 428 1417 456 fratribus
1441 425 1499 453 suis
1513 421 1684 459 quampluri-

891 481 955 508 mis.
989 478 1036 506 Vir
1064 483 1154 514 potens
1181 484 1257 511 apere
1281 483 1313 502 ac
1333 471 1496 503 sermone",
1524 470 1685 497 observator

893 526 1084 554 mandatorum
1108 524 1166 557 Dei,
1192 523 1319 550 columna
1347 523 1375 547 et
1402 519 1605 545 firmamentum
1629 521 1685 542 coa-

894 572 968 600 nobii
991 571 1034 601 sui
1053 570 1120 606 :qui
1136 569 1221 597 mttlta
1238 566 1363 595 exhibuit
1384 563 1494 592 virtutis
1515 570 1585 590 verae
1598 561 1685 589 docu-
1728 582 1730 585 ,

894 623 996 652 menta,
1008 618 1090 652 idque
1099 616 1217 643 maxime
1232 614 1259 641 in
1271 613 1323 640 hac
1341 610 1468 647 praesenti
1483 607 1685 644 persecutione,

895 666 976 693 urbes
1007 666 1186 700 regionesque
1222 666 1403 696 percurrens,
1432 664 1527 692 egens,
1558 655 1688 683 aerumnis

897 718 1018 746 pressus,
1045 710 1108 738 dum
1143 707 1266 736 veritatis
1291 705 1405 732 verbum
1430 703 1583 738 dispensat,
1599 701 1688 729 donec

897 758 1015 785 animam
1042 754 1142 782 efﬂavit
1164 753 1197 780 ad
1218 753 1361 779 Dominum
1384 749 1573 786 proﬁciscens.
1594 747 1688 774 Talem

897 810 973 838 ergo,
998 806 1026 828 ut
1047 808 1075 828 se
1098 807 1141 827 res
1169 798 1261 831 habet,
1288 797 1393 824 Domini
1416 795 1548 822 famulum
1572 792 1691 828 hospitio

899 848 1047 883 excepistis
1063 854 1071 879 ;
1090 851 1116 873 et
1131 850 1184 872 tam
1205 848 1305 873 sanctae
1331 842 1403 877 apud
1434 848 1483 868 vos
1516 839 1640 874 reliquim
1662 841 1693 864 ut

903 894 1127 924 rcconderentur,
1155 891 1245 919 divina
1269 888 1437 925 proridentia
1460 886 1587 921 contigit.
1614 883 1693 912 Uude

901 946 930 968 et
943 939 1047 971 arctius
1063 942 1161 966 vestrae
1180 936 1328 966 secundum
1347 933 1431 962 Deum
1448 931 1576 960 charitati
1591 929 1695 957 obstri-

902 988 938 1016 cti
971 993 1079 1018 sumus,
1110 984 1246 1018 vobisque
1279 988 1415 1016 supremae
1442 978 1594 1006 Jerusalem
1623 977 1694 1004 bona

903 1037 1031 1069 optamus
1060 1038 1110 1066 pro
1132 1038 1164 1057 eo
1190 1029 1263 1065 quod
1290 1029 1398 1055 sincero
1425 1026 1509 1053 corde
1534 1022 1695 1057 suscepistis

904 1085 1029 1108 sanctum
1046 1077 1217 1113 Dionysium,
1230 1073 1449 1110 cujusﬁmemoria
1462 1076 1504 1100 est
1512 1078 1574 1099 eum
1591 1068 1696 1097 sanctis

904 1127 964 1162 ejus
982 1123 1226 1154 conmilitonibus.

995 1183 1076 1211 CXII.
1089 1196 1126 1201 -
1137 1180 1304 1209 Calechetica
1328 1178 1363 1205 ad
1380 1175 1524 1212 discipulos
1536 1182 1608 1202 suos.

250 1282 289 1307 De
301 1281 372 1306 obitu
383 1280 496 1311 Dionysii
508 1283 535 1305 et
544 1280 630 1309 Antbi,
641 1280 818 1305 monachorum
832 1287 838 1304 :
854 1283 959 1309 quorum
973 1275 1090 1299 virtutem
1106 1279 1134 1296 ae
1147 1271 1209 1296 facta
1220 1269 1336 1302 praeclara
1350 1266 1514 1292 commendat.

104 1323 230 1358 Ἀδελφοὶ
249 1323 297 1350 καὶ
308 1323 441 1358 Πατέρες.
456 1322 548 1349 Ἄλλοι
568 1323 617 1358 μὲν
627 1321 759 1357 λυπηρῶς
770 1322 856 1355 ἀναγ-

63 1371 190 1405 γέλλουσι
220 1370 269 1401 τὰς
293 1370 348 1396 τῶν
370 1368 479 1396 οἰκείων
502 1367 669 1400 ἀποϐιώσεις
682 1376 689 1382 ·
700 1367 756 1401 ἐγὼ
768 1367 797 1394 δὲ
809 1368 857 1394 καὶ

64 1418 126 1451 liam
140 1416 310 1452 περιχαρῶς.
322 1415 372 1442 Διὰ
383 1416 409 1442 τί
421 1424 428 1449 ;
441 1416 482 1442 ὃτι
497 1416 522 1441 οἱ
537 1414 760 1445 ἀποῦεϐιωκότες
781 1413 856 1440 ἁδελ-

66 1465 111 1498 φοὶ
129 1463 210 1498 ἡμῶν
225 1463 309 1497 ἅγιοι,
331 1461 455 1497 κλήσεως
470 1461 637 1497 ἐπουρανίου
653 1461 774 1496 μέτοχοι,
793 1461 859 1487 Ἀν-

66 1509 113 1540 8ος
128 1509 143 1534 ὀ
158 1508 320 1544 φερώνυμος
337 1507 465 1542 manus;
479 1506 527 1538 τὰς
538 1506 651 1541 ἀρετὰς,
666 1506 713 1532 καὶ
722 1504 859 1535 Διονύσιος

66 1557 80 1582 ὁ
94 1555 250 1589 διαπρέψας
266 1554 451 1585 Διονυσιακῶς
465 1553 525 1584 καθ’
540 1552 680 1587 ὁσιότητα.
697 1548 760 1583 Ofe;
774 1550 802 1576 δὲ
813 1550 860 1577 καὶ¹

66 1603 81 1628 ὸ
99 1602 218 1632 θάνατος
233 1600 410 1636 ἀμφοτέρων,
423 1599 529 1629 δίκαιον
545 1599 646 1630 εἰπεῖν.
658 1599 688 1625 '0
701 1598 750 1633 μὲν
764 1597 861 1632 ἐληλυ-

68 1646 124 1679 θὼς
141 1647 197 1674 ἀπὸ
213 1647 263 1682 τῆς
273 1646 379 1678 οἰκείας
395 1644 484 1678 ξενίας
496 1646 571 1681 ἄρτι,
586 1645 674 1679 καίγε
689 1643 862 1678 συνταξάμε-

68 1703 113 1726 νος
142 1695 209 1729 ἡμῖν
235 1693 306 1720 αὐτὰ
321 1692 354 1728 δὴ
381 1692 415 1719 τὰ
429 1692 583 1724 τελευταῖα,
599 1692 629 1718 ἐν
653 1692 686 1727 τῇ
702 1690 861 1726 ὑποστροφῇ

70 1740 134 1770 καθ’
151 1740 212 1767 ὁδὸν
225 1739 399 1775 νοσηλευθεὶς
415 1738 579 1773 κεκοίμηται
592 1736 672 1772 ιερῶς
684 1737 713 1763 ἐν
726 1744 863 1771 μοναστη-

71 1787 125 1823 ρίῳ
139 1788 190 1821 τῆς
207 1786 328 1820 Μυὲλης.
344 1785 373 1812 '0
383 1784 411 1813 δὲ
423 1783 552 1821 ἀσθενείᾳ
564 1782 731 1817 περιπεσὼν,
748 1782 864 1817 ὑπέστη,

71 1835 97 1861 εἰ
114 1833 154 1868 μὴ
170 1831 306 1867 προπετὲς
323 1831 423 1863 εἰπεῖν,
438 1829 473 1856 τὰ
484 1829 530 1859 τοῦ
550 1829 673 1865 ἀοιδίμου
692 1827 752 1857 ’1ὼὸ
777 1827 868 1862 παθή-

73 1888 161 1915 ματα.
178 1878 236 1910 Καὶ
250 1878 304 1913 γὰρ
318 1877 367 1909 τὰς
384 1877 489 1912 σάρκας
501 1874 587 1906 αὑτοῦ,
602 1872 655 1903 εἶδε
672 1873 868 1910 ρυῖσκομένας,

73 1927 123 1954 καὶ
135 1926 170 1952 τὰ.
177 1925 245 1952 ὀστᾶ
256 1924 448 1959 κεκολλημένα
459 1924 492 1957 τῇ
506 1921 598 1956 σαρκί.
609 1921 689 1951 Πόνοι
698 1920 869 1952 ἀνιὶποιστοι,

73 1972 184 2007 πληγαὶ
207 1971 387 2007 τραυμάτων,
415 1968 493 2005 ῥύσις
520 1969 571 2004 τῆς
598 1967 717 2005 γαστρὸς
739 1967 870 2002 ᾄμετρος,

76 2019 148 2054 μόνη
169 2019 186 2054 ἡ
198 2017 273 2057 ,πνοὴ
298 2015 516 2052 παραμένουσα·
530 2014 559 2040 ὲν
575 2011 616 2045 οἷς
637 2013 807 2050 εὐχαρίστως
824 2012 872 2038 καὶ

75 2065 161 2104 αὐτὸς
175 2064 244 2100 πρὸς
258 2064 372 2099 Κύριον.
390 2063 444 2089 Ἰδε
457 2062 482 2088 οἱ
499 2061 641 2097 μακάριοι,
663 2059 701 2091 ὼς
724 2060 772 2087 καὶ
795 2058 873 2093 αὐτοὶ

78 2113 231 2149 μάρτυρες,
258 2110 396 2147 Διονύσιος
409 2110 424 2136 ὁ
444 2109 492 2136 τοῦ
516 2107 586 2135 Θεοῦ
609 2107 729 2142 ἐργάτης
749 2105 874 2142 δόκιμοςι

945 1317 1056 1344 Fratres
1072 1315 1231 1347 Patrcsque.
1245 1311 1297 1337 Alii
1313 1309 1423 1344 quidem
1450 1307 1573 1334 dolenter
1587 1311 1700 1332 suorum

910 1364 1001 1391 obitus
1028 1360 1212 1391 annuntiant;
1229 1365 1280 1391 ego
1302 1363 1367 1382 vero
1387 1361 1485 1388 magna
1511 1359 1572 1379 cum
1598 1350 1700 1377 laetitia.

911 1409 983 1442 Quid
999 1408 1034 1434 ita
1050 1407 1062 1432 ἲ
1077 1406 1141 1440 quia
1162 1403 1209 1439 qui
1229 1403 1283 1429 vita
1307 1403 1485 1428 excesserunt
1499 1397 1586 1425 sancti
1605 1396 1703 1422 fratres

887 1482 893 1489 ,
913 1454 1011 1486 nostri,
1038 1451 1142 1479 cmlesti
1172 1449 1316 1477 vocatione
1341 1446 1495 1482 potiuntur,
1518 1442 1627 1470 Antlms
1655 1441 1702 1475 qui

888 1499 894 1508 ‘
911 1502 989 1536 juxta
1003 1506 1101 1526 nomen
1112 1503 1192 1524 suurn
1207 1494 1355 1523 virtutibus
1369 1491 1460 1518 ﬂoruit
1477 1499 1486 1523 ;
1502 1494 1529 1516 et
1545 1487 1703 1521 Dionysius,

914 1531 961 1581 qui
981 1542 1105 1578 Dionysii
1140 1542 1226 1568 instar
1255 1538 1399 1566 sanctitate
1431 1533 1594 1570 praecelluit.
1611 1531 1705 1565 Qualis

916 1596 1006 1620 autern
1025 1590 1167 1623 utriusque
1178 1594 1253 1613 mors
1268 1584 1361 1616 fuerit,
1381 1589 1490 1617 aequum
1506 1585 1548 1609 est
1560 1585 1706 1614 exponere.

916 1638 965 1666 llle
987 1636 1122 1672 quidema
1139 1632 1359 1667 peregrinatione
1383 1637 1432 1657 sua
1457 1628 1512 1662 jam
1527 1626 1624 1658 redux,
1645 1632 1707 1652 cum

919 1688 997 1712 antea
1013 1681 1118 1709 scilicet
1132 1678 1259 1706 mandata
1273 1683 1400 1712 Suprema
1417 1673 1496 1701 nobis
1514 1670 1707 1701 commisisset,

921 1730 949 1758 in
969 1728 1057 1756 reditu
1075 1725 1171 1753 morbo
1190 1723 1219 1750 in
1243 1723 1286 1750 via
1310 1724 1464 1755 correptus,
1481 1718 1525 1754 pie
1545 1714 1711 1744 obdormivit

924 1776 952 1804 in
968 1772 1137 1803 monasterio
1150 1769 1290 1806 Myelensi.
1304 1767 1353 1795 llic
1368 1775 1432 1794 vero
1447 1763 1613 1792 valetudinis
1633 1761 1711 1788 inlir~

921 1822 1014 1850 tnitate
1027 1820 1163 1850 detentus,
1181 1815 1360 1844 celeberrimo
1374 1812 1438 1846 Job,
1463 1811 1516 1839 nisi
1536 1807 1711 1837 temerarium

922 1873 963 1896 est
978 1868 1081 1898 dicere,
1098 1864 1172 1900 paria
1188 1869 1336 1898 perpessus
1346 1863 1398 1887 est.
1412 1858 1481 1886 Nam
1494 1861 1522 1885 et
1536 1863 1633 1884 carnes
1648 1860 1714 1881 suas

923 1915 1073 1945 detinentes
1090 1911 1168 1944 vidit,
1186 1915 1213 1937 et
1231 1917 1293 1936 ossa
1310 1907 1385 1935 carni
1402 1903 1569 1941 agglutinata
1583 1911 1591 1936 ;
1608 1901 1716 1928 labores

925 1960 1121 1991 intolerabiles,
1137 1958 1224 1993 plagae
1243 1953 1376 1983 confracti
1393 1950 1527 1986 corporis,
1550 1947 1716 1984 profluvium

925 2005 1028 2034 ventris
1051 2003 1240 2032 immodicum.
1263 2000 1340 2028 solus
1357 2002 1465 2026 restans
1476 1995 1616 2024 anhelitus
1634 2002 1640 2021 :
1655 2000 1717 2028 qua:

926 2060 990 2081 eum
1011 2051 1160 2087 gratiarum
1177 2049 1284 2075 actione
1304 2051 1331 2073 et
1347 2043 1476 2080 patientia
1506 2041 1647 2077 perferens
1665 2040 1718 2066 nti-

929 2099 1016 2135 gravit
1034 2102 1062 2126 et
1075 2097 1133 2132 ipse
1150 2095 1184 2123 ad
1198 2094 1357 2122 Dominum.
1380 2091 1455 2118 Beati
1469 2096 1574 2121 revera,
1588 2093 1718 2122 tanquam

78 2132 231 2149 ιι-*ιν--Γ-ντ
258 2132 395 2147 --νητι--τ
411 2132 423 2136 ν
450 2132 490 2136 --ν
520 2132 582 2135 ηπ
611 2132 636 2142 νιν
648 2132 677 2141 ιν
706 2132 728 2142 ι-
812 2132 820 2140 ι

77 2162 127 2187 καὶ
138 2159 239 2191 ’Λνθος
257 2158 289 2185 τὸ
301 2158 395 2193 ἀρνίον
411 2157 459 2184 τοῦ
474 2155 607 2192 Χριστοῦ.
631 2154 771 2185 Διονύσιος
788 2153 802 2180 ὁ
825 2161 846 2188 μ

928 2132 955 2176 et
968 2144 1021 2180 ipsi
1036 2148 1182 2178 martyres,
1201 2139 1357 2174 Dionysius,
1373 2137 1475 2172 probus
1492 2135 1539 2163 Dei
1566 2132 1719 2168 operarius,

78 2216 127 2243 χρι
140 2207 246 2242 γήρους
267 2205 299 2231 τὸ
320 2204 369 2239 τῆς
392 2202 535 2237 ὑποταγῆς
552 2201 650 2229 ἄεθλον
673 2200 728 2227 ἀπὸ
741 2199 877 2235 ,νεότητος

78 2251 232 2283 τετελεκώς
244 2259 251 2266 ·
266 2251 315 2279 καὶ
327 2250 426 2281 ’Ἄνθος
438 2250 453 2276 ὁ
469 2250 502 2275 ὲκ
524 2247 621 2279 παιδὸς
644 2246 770 2278 ὁσιωθεὶς
795 2246 878 2281 μέχρι

81 2299 313 2335 μεσηλικιότητος
342 2296 404 2324 καθ’
427 2296 586 2331 ὑποταγὴν·
609 2293 762 2334 ἀμφότεροι
791 2291 878 2326 σκεύη

79 2332 226 2382 εὔχρηστα
235 2332 275 2380 τῷ
290 2343 414 2379 Δεσπότῃ
428 2342 498 2377 Θεῷ.
513 2342 550 2368 Otii
570 2341 652 2376 μόνον
675 2332 705 2366 ὲν
727 2336 769 2370 οἷς
791 2336 881 2373 ὑμνήέ

81 2393 173 2428 Θησαν
186 2391 321 2427 πρότερον
336 2389 384 2417 καὶ
402 2389 518 2424 ὕστερον
529 2396 537 2403 ·
552 2386 622 2422 πρὸς
634 2385 664 2412 δὲ
679 2385 726 2412 καὶ
746 2383 878 2418 φυλακῶν

79 2439 242 2474 διαδήματα
257 2437 351 2464 ἕνεκεν
373 2434 548 2469 δικαιοσύνης
573 2431 781 2468 περιεϐάλοντο.
800 2427 837 2457 οὗ
853 2429 880 2455 τί

79 2486 116 2512 iv
130 2487 240 2519 γένοιτο
255 2483 425 2517 ἐνδοξότερον
438 2490 447 2515 ;
466 2482 544 2517 Ἔχει
560 2480 588 2507 δὲ
601 2480 716 2514 θάτερος
733 2478 798 2505 ἄλλο
812 2476 881 2503 καύ-

81 2543 177 2570 χημα,
192 2533 224 2559 τὸ
243 2531 449 2566 ὲξυπηρετῆσαι
462 2521 545 2557 αὐτὸν
561 2528 600 2564 τῷ
612 2528 700 2564 κυρίῳ
713 2525 822 2561 ἀδελφῷ
833 2524 883 2552 καὶ

81 2577 309 2614 ἀρχιεπισκόπῳ,
324 2577 371 2603 καὶ
381 2576 468 2610 ὲξυπη
474 2575 588 2611 ρέτησιν,
597 2573 717 2609 μακρὰν,
731 2572 779 2599 καὶ
794 2571 824 2598 οὐ
836 2570 883 2605 μό-

81 2634 130 2651 νον
147 2625 272 2660 μακρὰν,
289 2622 357 2649 ἀλλὰ
376 2622 426 2648 καὶ
438 2621 640 2656 ἐπαινουμένην
652 2618 724 2646 λίαν.
745 2616 884 2653 ’Λμφοτέέ

84 2670 178 2715 ρωθεν
193 2666 242 2696 οὖν
257 2668 423 2702 ὰξιάγαστος
435 2667 450 2693 ὁ
465 2666 592 2704 ἁδελφός.

121 2809 145 2824 ³⁵
163 2807 230 2834 an.
252 2813 326 2838 xxiv,
347 2805 390 2832 l9.

928 2197 956 2220 et
967 2192 1075 2219 Anthus
1090 2188 1215 2223 agtiellus
1229 2185 1344 2213 Christi.
1360 2182 1516 2218 Dionysius,
1529 2179 1575 2215 qui
1593 2187 1608 2206 a
1621 2179 1720 2213 juven-

928 2243 986 2268 tute
998 2237 1032 2265 ad
1052 2236 1160 2263 senium
1186 2239 1273 2267 usque
1301 2228 1465 2258 obedientia:
1489 2231 1628 2255 certamen
1661 2231 1722 2258 per—

928 2284 1006 2313 duxit
1024 2293 1032 2316 ;
1053 2287 1081 2309 et
1096 2281 1215 2312 Anthus,
1233 2278 1280 2313 qui
1299 2286 1313 2304 a
1333 2283 1419 2312 puero
1439 2281 1526 2308 usque
1548 2272 1582 2300 ad
1604 2270 1721 2298 mediam

929 2335 1036 2358 aetatem
1060 2325 1212 2354 obedieudo
1239 2322 1413 2352 sanctitatem
1436 2320 1550 2354 adeptus
1571 2322 1623 2344 est.
1635 2315 1724 2342 Ambo

931 2383 995 2403 vasa
1011 2373 1086 2402 utilia
1104 2372 1219 2399 Domino
1234 2369 1289 2397 Deo
1303 2377 1310 2397 π
1324 2375 1377 2395 non
1394 2367 1423 2393 in
1437 2366 1472 2393 iis
1498 2363 1580 2392 modo
1603 2369 1723 2398 quorutu

931 2429 1015 2450 causa
1030 2420 1107 2456 prius
1134 2426 1167 2445 ac
1192 2415 1330 2452 posterius
1349 2411 1451 2441 laudati
1480 2416 1565 2443 sunt;
1593 2407 1724 2443 sedquod

932 2453 1064 2504 praeter—ea
1081 2471 1223 2494 carcerum
1244 2460 1355 2491 coronis
1377 2463 1487 2495 propter
1499 2456 1635 2492 justitiam
1649 2453 1724 2481 redi-

933 2501 993 2542 initi
1009 2517 1076 2541 sunt
1093 2521 1100 2539 :
1117 2519 1172 2546 quo
1187 2509 1253 2543 quid
1266 2507 1354 2544 possit
1378 2513 1440 2533 esse
1455 2502 1623 2539 gloriosius?
1640 2501 1727 2527 Ilabct

934 2567 1025 2590 autem
1046 2561 1115 2588 alter
1142 2558 1214 2586 aliud
1241 2563 1297 2591 quo
1314 2563 1344 2582 se
1365 2554 1461 2589 jactet,
1490 2549 1564 2586 quod
1595 2548 1725 2576 nimirum

935 2609 1083 2638 famulatus
1106 2606 1141 2633 sit
1160 2604 1272 2632 domino
1293 2601 1370 2634 fratri
1395 2603 1421 2627 et
1450 2597 1668 2632 archiepiscopo,
1700 2599 1728 2621 et

935 2655 1044 2691 quidem
1070 2653 1151 2686 longo
1174 2648 1318 2680 famulatu,
1343 2653 1394 2674 nec
1419 2645 1501 2679 longo
1525 2642 1625 2672 solutn,
1641 2639 1729 2667 sedet

938 2686 1016 2729 valde
1039 2699 1157 2726 laudato.
1178 2695 1302 2730 Utroque
1318 2693 1403 2729 igitur
1425 2690 1536 2720 neruine
1549 2686 1730 2716 admiratione

940 2748 1039 2783 dignus
1053 2749 1095 2774 est
1110 2744 1203 2772 frater.

859 2842 973 2872 NOTAE.

125 2891 167 2929 (3)
185 2890 214 2917 lt.
232 2889 291 2917 cod.
313 2889 377 2924 llcg.
392 2891 444 2924 ρκ’.
