1912 3080
63 131 122 164 i377

648 133 918 174 EPISTOLARUM
952 135 987 166 Ll
993 135 1025 167 Β.
1042 135 1085 168 Π.

1615 134 1683 167 1378

59 189 124 226 ὴμάς
136 188 265 224 ἀφῖχθαι,
281 188 330 216 καὶ
338 188 384 216 τδν
395 193 570 224 προσπίπτοντα
590 189 736 235 ιιπιτάφιον
751 191 840 228 ἐκείνῃ

896 199 947 219 nos
962 192 1012 227 ipsi
1031 192 1202 226 veniremus,
1219 196 1247 220 et
1270 191 1347 220 illam
1363 192 1474 228 quidem
1488 199 1610 227 congrua
1625 191 1685 219 ian.

61 241 102 272 μεν
113 234 178 272 ᾄσαι
195 243 204 251 ·
217 235 260 262 σοὶ
274 235 303 262 δὲ
320 236 354 271 τῇ
369 235 600 273 ὁπολελειμμένῃ,
630 238 679 264 καὶ
699 238 782 264 οἱονεὶ
793 238 842 272 ὀρ-

60 283 120 318 φινῇ
135 282 185 317 τῆς
197 283 338 318 μητρυιῆς
350 289 398 308 σου
409 282 558 316 συναφείας
572 291 602 309 τε
614 283 662 310 καὶ
675 284 840 318 συμπνοίας,

59 328 220 363 φθέγξασθαι
235 327 412 364 παραμύθιον
425 335 432 343 ·
446 328 504 362 εἴγε
520 329 568 356 καὶ
582 328 738 366 ἑξευρεθείη
753 330 842 357 τοιοῦ-

58 383 97 401 τον
114 374 273 411 φάρμακον,
287 374 438 410 δυνάμενον
452 374 645 410 καταπραῧναί
672 383 720 402 σου
736 375 767 402 τὸ
791 375 842 411 τῆς

58 421 138 456 ψυχῆς
153 420 280 455 ἀλγεινὸν
295 421 342 446 καὶ
355 420 566 455 συμπεπτωκός.
595 420 666 447 Ἀλλ’
681 421 742 448 ἐπεὶ
761 421 842 448 τοῦτο

58 467 100 493 οὐκ
112 467 262 501 ἐνδέχεται,
277 467 322 493 διὰ
335 466 500 502 γράμματος
515 466 532 501 ἠ
555 466 705 502 ὲπισκοπή.
726 467 759 493 Ὠ
781 467 842 498 πῶς

56 513 160 547 ἁπέπτη
186 512 234 546 ἀφ’
249 512 329 547 ἡμῶν
352 513 369 548 ἡ
390 513 460 548 καλὴ
489 513 599 548 ἁμμὰς,
617 514 634 549 ὴ
654 513 841 549 Χριστοφόρος

57 558 127 593 γυνὴ,
137 557 169 584 τὸ
181 558 327 593 κειμήλιον
343 558 394 593 τῆς
414 557 601 593 σωφροσύνης.
629 558 659 585 τὸ
686 567 841 594 κεχαριτωι

58 604 131 638 μένον
154 605 315 639 πρόσωπον,
332 604 364 631 τὸ
395 604 445 639 τῆς
467 604 614 637 εὐλαϐείας
641 605 769 640 τέμενος,
809 605 840 632 τδ

57 649 152 684 πλῆρες
176 649 300 684 ἡμερῶν,
329 649 383 676 τῶν
405 658 436 676 τε
462 649 602 685 λυομένων
628 651 676 678 καὶ
701 650 842 686 μενουσῶν

56 695 147 730 Maps,
157 696 172 722 6
183 695 352 730 ἡγιασμένος
366 695 440 728 ναός.
455 697 470 723 ὁ
481 696 581 723 ὲλαιὼν
594 697 644 732 τῆς
656 697 841 732 συμπαθείας,

54 742 219 778 ὁοίκτιρμδς
233 742 283 777 τῆς
305 742 462 775 ἐπιδόσεως,
486 742 518 769 τὸ
536 742 605 776 ζῶον
628 742 713 775 livens;
733 743 766 770 τὺ
780 743 842 770 θεό-

54 787 176 821 πλαστον,
193 788 333 822 όᾶφθονος
347 788 497 824 ὀφθαλμὸς,
513 789 530 824 ἡ
548 788 707 819 ἀὸἀσκανος
729 790 840 826 καρδία,

53 836 68 869 ή
83 834 133 870 πρὸ
147 833 196 861 τοῦ
213 834 331 862 θανάτου
346 834 464 870 ἔκδημος
484 835 540 862 τῶν
552 835 618 870 τῇδε
643 834 689 862 διὰ
715 831 762 862 τὸν
789 844 840 862 πο-

892 237 1002 265 datione
1018 237 1128 266 funebri
1140 246 1390 274 prosequeremur;
1406 239 1455 266 tibi
1469 246 1535 266 vero
1547 238 1685 266 derelictae

891 287 920 310 et
933 288 1058 312 materna
1074 285 1280 320 quodammodo
1306 284 1393 312 animi
1420 285 1600 320 corporisque
1618 292 1685 312 cou-

889 328 1034 364 junclione
1047 331 1150 358 orbatae
1172 330 1392 358 consolationem
1425 330 1643 358 adhiberemus:
1660 330 1683 357 si

893 379 984 403 tamen
1000 377 1151 403 remedium
1168 376 1335 404 inveniretur
1344 376 1490 410 ejusmodi,
1503 376 1576 410 quod
1592 379 1685 410 posset

892 421 984 449 amicti
1012 423 1199 458 prostratique
1213 422 1297 450 animi
1326 423 1451 450 dolorem
1477 422 1612 457 mitigare.
1631 422 1685 449 Sed

891 468 1022 502 quoniam
1041 467 1067 494 id
1084 468 1143 496 ﬁeri
1169 469 1275 504 nequit,
1292 476 1339 503 per
1361 468 1467 495 litteras
1491 468 1537 494 fiet
1554 467 1684 494 visitatio.

892 513 914 541 Ο
931 521 987 549 quo
1003 519 1083 550 pacto
1095 523 1111 542 a
1124 515 1204 543 nobis
1222 514 1340 543 avolavit
1359 515 1428 542 bona
1448 519 1546 545 mater,
1567 513 1686 540 Christi-

892 559 950 587 fera
966 560 1075 594 mulier,
1088 561 1236 589 thesaurus
1256 560 1442 592 continentiae,
1456 559 1546 595 gratia
1557 564 1685 586 ornatum

893 611 985 642 caput,
1003 608 1145 643 religionis
1170 608 1334 639 sacrarium.
1359 608 1470 643 plenum
1492 607 1598 634 dierum
1626 610 1684 633 tum

892 649 1056 678 abeuntium
1098 655 1157 679 tum
1207 652 1430 687 permanentium
1467 651 1655 684 spectaculum
1673 670 1682 682 ,

893 696 1024 731 templum
1056 697 1269 731 sanctiﬁcatum,
1299 698 1432 726 olivetum
1469 696 1684 731 compassionis,

892 743 1096 771 commiseratio
1113 743 1278 778 largitionis,
1297 751 1360 771 vere
1371 751 1386 771 a
1398 743 1454 771 Deo
1467 742 1614 770 formatum
1627 743 1686 770 aui-

893 787 958 820 mal,
981 789 1079 817 oculus
1097 789 1209 817 invidiae
1234 797 1343 825 expers,
1361 798 1409 818 cor
1435 791 1496 819 sine
1516 792 1685 819 malevolen-

894 834 943 865 tia,
960 834 988 862 in
1002 835 1056 863 hoc
1076 836 1170 863 seculo
1184 841 1248 864 ante
1263 841 1379 864 mortem
1403 838 1544 873 peregrina
1559 838 1594 866 ob
1610 838 1686 865 desi-

54 881 180 916 θυόμενον
193 880 310 915 νυμφίον
325 880 455 916 Χριστὸν,
470 880 517 907 καὶ
530 880 575 907 διὰ
587 880 637 917 τὴν
658 881 748 907 ἐκεῖσε
774 881 839 908 ἄλυ-

893 880 1000 908 derium
1030 881 1130 916 Sponsi
1147 881 1262 915 Christi,
1284 890 1312 909 et
1336 888 1448 918 propter
1479 884 1603 911 futuram
1628 884 1685 912 illic

53 935 94 952 τον
105 926 179 961 ζωὴν
189 926 238 952 καὶ
250 927 388 962 ἀκήρατον
398 935 406 960 ς
417 927 460 958 Ὢ,
477 926 511 959 ὣ,
527 927 598 953 πόσα
613 925 736 962 λαλήσας
761 927 841 962 δυνη-

54 972 124 1008 θείην
137 972 259 999 κενῶσαι
269 972 301 998 τὸ
321 971 459 999 συνωθοῦν
474 973 523 1008 τὴν
543 972 659 1008 καρδίαν
676 981 728 1008 μου
743 981 842 1008 σεμνο-

52 1018 173 1055 λόγημαι
206 1018 338 1053 Καίτοιγε
355 1018 493 1054 ὀψιμαθὴς
518 1017 575 1054 ἐγὼ
599 1019 649 1054 τῆς
675 1019 774 1054 κυρίας
793 1021 841 1046 καὶ

52 1066 100 1091 τῶν
112 1064 235 1092 ὲνουσῶν
248 1065 314 1100 ὑμῖν
338 1065 454 1100 ἀρετῶν,
478 1065 526 1092 καὶ
541 1065 669 1092 τοσοῦτον
692 1066 722 1093 ὲν
745 1066 839 1102 πείρᾳ,

50 1112 107 1138 ὅσον
118 1111 201 1146 ακρῳ
211 1111 338 1145 δακτύλῳ
351 1111 528 1146 ὲφαψάμενός
552 1119 600 1143 τις
621 1111 740 1147 μέλιτος.
770 1112 841 1139 Ἀλλ’

48 1157 120 1191 ὅμως
139 1158 156 1192 ἡ
173 1157 290 1193 βραχεῖα
303 1156 400 1192 γεῦσις
415 1157 533 1192 δήλωσιν
546 1157 697 1193 παρίστησι
710 1157 762 1193 τῆς
775 1157 841 1193 ὅλης

49 1203 226 1238 γλυκύτητος,
239 1202 330 1238 ἄλλως
341 1211 372 1230 τε
386 1203 434 1229 καὶ
449 1203 525 1240 παρὰ
543 1202 599 1230 τῶν
617 1203 718 1238 μᾶλλον
740 1211 840 1230 πεπει-

48 1250 174 1283 ραμένων
200 1249 279 1283 ὑμῶν
296 1249 347 1284 τῆς
370 1249 472 1285 ἀρετῆς
505 1249 630 1284 ἀδελφῶν
659 1249 838 1284 ὲκδιδαχθεὶς,

47 1295 186 1329 ἀρκοῦσαν
208 1295 263 1330 ἔχω
278 1295 329 1331 τὴν
354 1295 419 1331 περὶ
445 1295 532 1331 αὐτῆς
556 1296 659 1330 γνῶσιν
685 1297 714 1323 ιν
733 1296 838 1332 Κυρίῳ.

53 1340 160 1375 Ἐκείνη
171 1341 227 1367 ἀπὸ
234 1340 283 1367 τοῦ
295 1340 418 1368 τοιούτου
435 1341 495 1377 βίου
518 1342 590 1378 ἤχθη
602 1344 643 1374 είς
669 1342 729 1369 τόδε
743 1342 774 1369 τὺ
789 1352 840 1370 πο-

46 1386 171 1421 λίτευμα.
188 1388 234 1413 Δεῖ
248 1387 304 1423 γάρ
321 1396 355 1422 με
373 1387 477 1414 ἄνωθεν
492 1387 649 1422 ὑπολαϐεῖν,
675 1390 723 1416 καὶ
740 1389 840 1425 μικρὸν

45 1441 71 1458 τι
84 1433 258 1468 ὲνδιατρίψαι
272 1433 313 1468 τῷ
322 1433 395 1470 λόγῳ
412 1435 588 1471 παρηγορίας
604 1435 696 1471 χάριν.

79 1521 161 1556 Ἔχει
176 1521 274 1554 οὕτως.
290 1522 352 1549 Τῶν
366 1523 414 1557 ἀφ’
439 1523 517 1559 ἡλίου
540 1523 680 1551 ἀνατολῶν
696 1524 728 1551 τὸ
747 1524 838 1558 γένος,

45 1567 90 1593 καὶ
103 1567 178 1594 κατὰ
192 1568 287 1600 τόπον,
302 1568 433 1596 καὶκατὰ
445 1569 550 1604 τρόπον
566 1577 573 1585 ·
592 1569 672 1605 εἴπερ
692 1570 708 1605 ή
738 1570 838 1605 Ἀρμε-

44 1613 95 1645 νία,
111 1613 177 1640 ὅθεν
189 1615 238 1641 καὶ
255 1615 272 1649 ἡ
283 1615 334 1650 ἀρε
340 1615 380 1650 ιὴ.
396 1616 427 1642 El
438 1615 467 1642 δὲ
484 1616 574 1643 καὶιτὸ
589 1613 662 1651 αἷμα
673 1616 714 1643 δεῖ
724 1616 816 1650 ζητεῖν
829 1625 837 1633 ·

43 1660 73 1685 ἐκ
83 1659 228 1694 βασιλικοῦ
248 1661 392 1697 κράματος
411 1662 577 1698 στρατηγίαι
592 1662 640 1689 καὶ
650 1663 837 1698 δημαγωγίαι,

45 1706 89 1732 καὶ
100 1707 132 1733 ἑν
154 1706 288 1742 ’Δρμενίᾳ
304 1707 353 1735 καὶ
361 1708 526 1744 ἑνΓραικίᾳ,
534 1709 581 1736 τοῦ
595 1710 732 1745 ὁμοζύγου
749 1709 820 1745 λέγω
829 1719 837 1726 ·

45 1753 105 1780 ἐπεὶ
130 1754 180 1780 καὶ
203 1754 253 1789 τὴν
276 1753 390 1790 πρώτην
415 1755 583 1791 στρατηγίδα
610 1754 683 1783 εἷλεν
709 1756 838 1790 ἐνταῦθα,

44 1799 138 1834 ὥσπερ
155 1800 205 1826 καὶ
224 1800 275 1835 τὴν
290 1802 502 1837 πατρικιότητα,
517 1802 531 1828 ὁ
552 1802 632 1838 ἀνήρ.
653 1801 690 1831 Οὖ
712 1803 839 1840 ἀπορρα-

44 1847 123 1879 γεῖσα
136 1846 183 1873 διὰ
199 1846 329 1880 θανάτου,
344 1847 394 1874 οὐκ
418 1847 536 1883 ἤνεγκεν
563 1847 632 1881 ἄζυξ
651 1849 753 1884 μένειν,
778 1849 838 1877 ἀλλ’

45 1892 115 1927 ἔχειν
133 1893 284 1928 μνηστῆρα
293 1902 301 1910 ·
313 1893 374 1920 τίνα
384 1893 453 1929 ἄρας
470 1894 500 1920 οὐ
508 1894 584 1921 τόνδε
598 1896 645 1922 καὶ
655 1895 731 1922 τόνδε
739 1895 839 1931 ἄρχον-

44 1938 102 1974 ταῆ
120 1938 249 1974 βασιλέα,
267 1939 306 1972 ὡς
320 1941 336 1974 ή
366 1941 419 1967 τῶν
434 1940 542 1968 πολλῶν
567 1941 672 1977 ἔφεσις,
694 1944 776 1979 σαρκὶ
792 1942 840 1970 καὶ

44 1984 143 2019 αἱματι
157 1986 370 2021 προτκειμένων
379 1993 387 2001 ’
403 1986 474 2013 ἀλλὰ
485 1987 531 2014 τὸν
548 1987 628 2022 μόνον
642 1988 745 2024 ὡραῖον
768 1997 840 2024 νυμ-

45 2031 114 2064 gica.
132 2031 181 2058 τὸν
192 2032 314 2066 ἄρχοντα
326 2032 376 2067 τῆς
391 2033 514 2068 εἰρήνης,
525 2033 572 2059 Διὸ
586 2033 634 2060 καὶ
651 2034 840 2070 εξρηνώνυμος

43 2078 59 2111 ἡ
69 2077 180 2112 νύμφη,
192 2077 239 2104 τὸν
258 2078 312 2105 τῶν
330 2078 399 2105 ὅλων
409 2078 522 2113 βασιλέα
532 2079 660 2115 Χριστὸν,
677 2080 723 2107 τὸν
737 2080 840 2116 Κύριον

43 2123 91 2157 τῆς
100 2123 198 2158 δόξης,
213 2124 261 2150 καὶ
275 2124 372 2151 τοῦτον
385 2125 430 2152 διὰ
441 2125 486 2152 τοῦ
499 2126 646 2160 μοναδικοῦ
662 2127 841 2162 ἐπαγγέλμα-

43 2176 88 2200 τος
104 2169 351 2205 μνηστευσαμένη.
375 2170 433 2205 Ἐφ’
452 2168 474 2204 ᾧ
499 2171 572 2203 ὅπως
588 2172 735 2207 ἠρίστευσε
755 2173 841 2209 πράτ-

892 925 975 953 vitam
1004 926 1223 954 indissolubilem
1246 932 1274 956 et
1299 929 1502 956 immortalem?
1529 931 1600 963 0,0,
1624 931 1687 966 qni-

892 970 1008 998 busnam
1038 971 1132 999 verbis
1156 973 1270 1008 exsequi
1298 973 1371 1000 illam
1401 974 1515 1008 possim,
1547 982 1608 1009 qua:
1637 982 1687 1002 cor

892 1025 983 1045 meum
1010 1017 1162 1047 sollicitum
1177 1018 1269 1050 habet,
1289 1018 1493 1047 laudationem!
1526 1019 1559 1047 Et
1573 1021 1684 1055 quidem

891 1063 981 1091 serius
997 1070 1047 1098 ego
1067 1063 1220 1093 dominam.
1236 1068 1264 1091 et
1277 1064 1393 1092 virtutes
1426 1070 1532 1092 vestras
1556 1066 1684 1100 cognovi,

891 1115 943 1136 nec
957 1108 1133 1143 experientia:
1150 1109 1213 1143 plus
1234 1108 1332 1140 habeo,
1349 1118 1432 1144 quam
1456 1111 1501 1146 qui
1516 1119 1626 1138 summo
1642 1112 1685 1138 di-

891 1153 948 1188 gito
964 1153 1017 1181 mel
1032 1154 1132 1189 attigit.
1153 1155 1279 1182 Attamen
1310 1156 1402 1183 tenuis
1427 1157 1583 1191 tit-gustatio
1600 1157 1684 1184 totius

892 1199 1045 1228 dulcedinis
1063 1200 1204 1235 specimen
1224 1201 1356 1229 exhibet:
1383 1203 1535 1237 praesertim
1560 1211 1622 1230 cum
1651 1203 1685 1230 ab

892 1245 927 1273 iis
940 1246 1099 1278 sororibus,
1115 1247 1216 1282 quibus
1235 1248 1322 1275 virtus
1339 1254 1428 1276 vestra
1446 1250 1533 1284 magis
1544 1256 1685 1284 perspecta

891 1297 959 1324 erat,
976 1293 1102 1325 edoctus,
1122 1293 1303 1322 sufficientem
1319 1295 1353 1322 de
1365 1303 1398 1323 ea
1422 1296 1548 1323 notitiam
1566 1297 1681 1324 habeam

892 1337 919 1365 in
930 1338 1056 1367 Domino.
1071 1339 1274 1372 Vitteﬁconditio
1289 1348 1304 1367 ι
1318 1349 1373 1376 qua
1384 1342 1493 1369 transiit
1509 1343 1555 1370 illa
1567 1343 1599 1370 ad
1611 1343 1684 1370 istud

891 1383 1060 1417 institutum,
1075 1384 1127 1412 fuit
1145 1385 1316 1420 huiusmodi.
1334 1386 1446 1421 Oportet
1470 1388 1543 1415 enim
1564 1397 1607 1416 me
1626 1397 1683 1417 rem

891 1430 974 1458 altius
1001 1436 1134 1465 repetere,
1152 1437 1179 1459 et
1202 1433 1405 1461 consolationis
1428 1434 1516 1468 gratia
1544 1435 1684 1470 paulisper

891 1476 1009 1503 dicendo
1023 1477 1177 1504 immerari.

928 1522 974 1550 Sic
990 1527 1082 1550 autem
1098 1531 1128 1550 se
1144 1531 1187 1551 res
1209 1523 1301 1551 habet.
1331 1524 1426 1552 Genus
1449 1525 1523 1553 illius
1539 1533 1570 1553 ex
1585 1524 1684 1553 Orien-

892 1567 1007 1600 talibus,
1022 1572 1049 1595 et
1063 1568 1153 1603 quoad
1166 1568 1268 1602 locum,
1279 1574 1306 1596 et
1318 1570 1409 1605 quoad
1426 1570 1549 1598 indolem
1565 1582 1570 1598 ε
1586 1579 1619 1598 ex
1632 1572 1685 1598 Ar-

891 1614 980 1641 menia
996 1614 1112 1648 scilicet,
1127 1614 1200 1641 unde
1213 1619 1241 1641 et
1265 1614 1365 1642 virtus.
1384 1615 1462 1648 Quod
1482 1616 1505 1644 si
1531 1617 1613 1644 etiam
1634 1617 1684 1644 ha-

890 1659 978 1687 benda
993 1659 1065 1687 ratio
1086 1660 1239 1696 sanguinis,
1263 1660 1336 1689 hunc
1356 1669 1419 1689 cum
1437 1663 1549 1698 regibus
1567 1663 1684 1690 commi-

891 1709 963 1732 stum
978 1705 1084 1732 habuit.
1103 1705 1247 1733 Accedunt
1262 1707 1395 1734 militares
1405 1715 1437 1734 ac
1459 1708 1567 1740 civiles.
1584 1713 1641 1735 tum
1657 1708 1684 1735 in

890 1751 1034 1781 Armenia.
1062 1755 1119 1778 tum
1149 1752 1176 1779 in
1212 1752 1316 1780 Graecia
1346 1753 1525 1787 praefecturae.
1557 1755 1684 1789 conjugis

890 1795 973 1828 dico;
1000 1796 1137 1831 siquidem
1157 1796 1317 1832 primariam
1336 1798 1363 1825 in
1377 1799 1500 1826 exercitu
1522 1799 1683 1834 dignitatem

890 1842 1048 1878 pariterque
1065 1843 1240 1878 patriciatum
1257 1844 1374 1879 adeptus
1388 1848 1432 1872 est
1450 1845 1492 1872 vir
1514 1846 1570 1872 ille.
1587 1847 1609 1872 Α
1628 1854 1686 1881 quo

891 1896 938 1924 per
952 1893 1068 1916 mortem
1081 1889 1199 1922 divulsa,
1213 1890 1358 1925 innuptam
1371 1898 1482 1918 manere
1496 1899 1525 1919 se
1542 1899 1596 1919 non
1611 1891 1684 1924 tulit,

891 1934 938 1962 sed
954 1943 1086 1970 sponsum
1111 1936 1217 1968 habuit,
1249 1943 1398 1971 quemnam
1416 1937 1505 1965 vero?
1526 1945 1580 1965 nou
1611 1939 1686 1965 hunc

890 1981 933 2009 vel
962 1981 1038 2008 illum
1063 1982 1216 2017 principem
1246 1987 1294 2010 aut
1321 1991 1426 2019 regem,
1456 1985 1530 2019 quod
1557 1985 1686 2012 ambiunt

891 2028 995 2060 multae,
1011 2029 1089 2056 carni
1110 2033 1138 2056 et
1154 2029 1285 2064 sanguini
1315 2030 1432 2058 addicta:
1448 2039 1456 2064 ;
1482 2031 1530 2058 sed
1558 2039 1619 2058 eum
1636 2032 1684 2067 qui

891 2074 968 2102 solus
982 2079 1024 2102 est
1040 2082 1161 2110 sponsus
1175 2075 1330 2111 speciosus,
1357 2076 1487 2112 princeps
1501 2078 1587 2112 pacis.
1606 2076 1685 2105 Unde

891 2125 920 2148 et
936 2121 1013 2156 pacis
1024 2128 1123 2148 nomen
1141 2121 1245 2148 habens
1255 2129 1368 2157 sponsa,
1386 2122 1580 2149 universorum
1593 2131 1684 2158 regem

892 2167 1034 2196 Christum
1067 2167 1163 2203 gloriae
1190 2167 1349 2200 Dominum,
1365 2168 1417 2195 sibi
1433 2176 1481 2203 per
1499 2169 1684 2196 monasticam

43 2215 172 2241 τησσατὰ
184 2215 233 2241 τοῦ
249 2215 377 2250 ἐραστοῦ,
393 2216 600 2252 προδεδήλωκεν
613 2218 632 2244 δ
645 2217 725 2252 λόγος
749 2218 787 2251 ὡς
810 2220 838 2245 ἐν

892 2211 1092 2249 professionem
1104 2221 1239 2249 sponsum
1253 2213 1361 2241 ascivit.
1379 2213 1407 2240 In
1417 2214 1589 2250 qu'oquidem
1601 2222 1684 2249 quam

45 2260 232 2295 πιαγραφίᾳ.
264 2260 375 2296 Ταύτης
395 2261 412 2296 ἡ
437 2261 633 2297 ἀστράπτουσα
654 2265 806 2300 προσευχὴ,
823 2265 840 2301 ὴ

42 2306 198 2339 κατάνυξις
213 2315 221 2322 ·
247 2307 336 2343 ἡτῶν
355 2307 485 2343 δακρύων
508 2308 598 2344 χύσις,
624 2310 640 2344 ὴ
669 2310 841 2344 ἁκατάλαλος

41 2352 196 2389 γλῶττα,ή
219 2353 449 2390 ἀπαρρησίαστος
474 2353 541 2387 ἕξις,
571 2356 588 2391 ἡ
612 2356 841 2392 Χριστομίμητος

40 2399 299 2435 ταπεινοφροσύνη,
327 2401 344 2436 ἡ
370 2400 526 2435 φιλὲντολος
553 2401 672 2438 δεξιὰ,ή
708 2402 841 2439 θεηγόρος

40 2446 198 2482 διάνοια,νή
212 2447 349 2482 καιομένη
368 2447 407 2483 τῷ
424 2448 477 2482 τῆς
504 2448 616 2483 ἀγάπης
631 2449 751 2485 Χριστοῦ
773 2450 842 2486 πυρὶ

40 2493 153 2528 καρδία,
172 2493 223 2520 καὶ
240 2493 318 2524 τέλος
331 2494 347 2529 ὴ
363 2493 504 2529 ὀρθόδοξος
516 2494 640 2530 λατρεία,
655 2496 703 2523 καὶ
714 2495 744 2522 τὸ
755 2504 842 2530 πεφυ-

40 2538 183 2574 λαγμένον
199 2539 249 2574 τῆς
262 2539 405 2575 αἱρετικῆς
419 2541 564 2572 κοινωνίας
575 2540 647 2576 μετὰ
658 2542 840 2569 ἀνυποστόλου

41 2586 215 2621 παρρησίας.
234 2585 289 2612 Καὶ
308 2585 401 2620 θαῦμα
415 2586 473 2618 πῶς
495 2587 524 2613 ἐν
554 2587 595 2622 τῷ
616 2588 841 2622 παριππεύσαντι

40 2631 166 2668 διωγμῷ,
187 2632 219 2658 οὐ
242 2632 324 2665 μόνον
339 2632 449 2668 ἑαυτὴν,
461 2632 530 2659 ἀλλὰ.
547 2634 595 2659 καὶ
606 2633 648 2666 σὲ,
670 2633 766 2669 κυρία,
792 2635 841 2661 καὶ

40 2677 101 2713 ὅλην
123 2687 177 2706 σου
199 2678 253 2714 τὴν
274 2679 358 2712 ἁγίαν
379 2679 514 2712 συνοδίαν,
544 2679 696 2716 ἀμέθεκτον
716 2682 765 2709 σὺν
781 2680 841 2717 Θεῷ

39 2725 144 2760 ταύτης
169 2724 357 2759 διεφυλάξατο
379 2733 387 2740 ·
414 2725 500 2761 καλὴν
537 2726 672 2762 κορωνίδα
698 2727 737 2762 τῷ
768 2727 840 2754 τέλει

41 2769 313 2805 ιπισφραγισαμένη
324 2778 332 2785 ⁸
349 2770 382 2797 ἐκ
405 2771 459 2797 τῶν
478 2770 629 2806 ὁρθοδόξων
650 2771 748 2806 πηγῶν
761 2780 842 2808 μετα-

41 2815 145 2848 σχοῦσα
154 2815 213 2843 τῶν
232 2815 426 2850 ἁγιασμάτων,
441 2816 592 2844 κάντεῦθεν
612 2816 756 2853 ἀπάρασα,
780 2821 848 2852 χαι-’

43 2860 169 2896 popino;
185 2861 275 2897 -ὂπιρ
294 2861 410 2896 σημεῖον
434 2861 563 2898 μέγιστον
584 2863 634 2901 τῆς
649 2859 687 2890 ὦν
710 2863 839 2897 ἑπεπόθιι

892 2259 1023 2295 praeclare
1039 2260 1137 2295 egerit.
1153 2268 1215 2294 quae
1225 2260 1318 2287 dilecti
1336 2256 1401 2287 sunt
1418 2269 1584 2296 exsequens,
1602 2269 1686 2295 supc-

893 2306 951 2332 rior
964 2313 1055 2333 sermo
1068 2305 1231 2333 adumbrata
1242 2306 1362 2341 quadam
1372 2305 1559 2342 descriptione
1574 2307 1686 2334 demon-

893 2353 1001 2381 stravit.
1017 2351 1105 2388 llujus
1121 2353 1211 2380 oratio
1223 2352 1340 2388 fulguris
1352 2353 1441 2380 instar
1454 2353 1590 2391 emicans,
1609 2361 1685 2381 com—

892 2399 1019 2435 punctio,
1034 2399 1218 2434 lacrym’arum
1243 2398 1434 2431 effusio,'nulli
1458 2399 1617 2427 obtrectans
1633 2400 1686 2426 lin«

892 2454 956 2482 δυο,
977 2446 1124 2474 verecundi
1137 2454 1239 2479 mores,
1249 2445 1390 2474 Christum
1407 2444 1518 2474 imitans
1532 2447 1684 2478 humilitas,

892 2493 1083 2521 mandatorum
1096 2500 1193 2520 amans
1208 2493 1333 2525 dextera,
1347 2500 1424 2521 mens
1439 2493 1532 2520 divina
1549 2498 1684 2525 tractans,

892 2547 940 2568 cor
954 2541 1052 2568 ardens
1067 2540 1129 2575 igne
1148 2539 1292 2567 charitatis
1304 2538 1406 2566 Christi
1418 2559 1425 2570 ,
1445 2538 1565 2573 denique
1589 2538 1685 2565 ortho-

892 2587 979 2614 doxus
993 2586 1094 2618 cultus,
1110 2590 1138 2612 et
1153 2589 1232 2613 cauta
1249 2585 1385 2612 haeretica!
1400 2583 1605 2612 communionis
1617 2591 1682 2610 cum

892 2629 1028 2665 intrepida
1057 2629 1183 2661 libertate
1195 2629 1340 2657 devitatio.
1356 2629 1395 2657 Ae
1415 2629 1516 2656 mirum
1533 2636 1601 2656 sane
1627 2635 1683 2663 quo

892 2679 972 2713 pacto
997 2682 1051 2703 non
1067 2676 1186 2711 seipsam
1216 2676 1308 2708 modo,
1338 2675 1386 2703 sed
1400 2680 1428 2702 ct
1455 2680 1491 2706 te,
1511 2674 1633 2707 domina,
1655 2679 1684 2702 et

892 2727 1015 2750 sanctam
1040 2721 1277 2758 congregationem
1312 2726 1389 2757 tuam
1421 2721 1588 2759 universam,
1615 2721 1681 2747 dum

891 2773 1065 2804 grassaretur
1083 2769 1247 2804 persecutio,
1276 2768 1351 2797 illius
1377 2773 1516 2804 expertem
1549 2767 1596 2795 Dei
1629 2775 1684 2804 ope

893 2815 1082 2848 conservarit;
1098 2814 1242 2850 pulchram
1272 2815 1320 2842 tini
1337 2814 1498 2843 coronidem
1524 2813 1681 2849 imponens,

893 2862 926 2890 ab
942 2860 1104 2890 orthodoxis
1125 2860 1250 2890 {exitibus
1274 2869 1353 2891 saera
1382 2861 1563 2898 participans,
1588 2860 1683 2888 animo
