1912 3080
216 123 284 156 1379

809 128 843 158 3.
857 127 1055 160 THEODORI
1077 129 1252 160 STUDITE

1780 126 1846 165 i380

213 179 318 209 laetanti
331 179 492 208 excedense
506 180 560 209 vita
576 190 582 208 :
602 182 675 217 quod
703 182 836 211 indicium
854 189 897 212 est
916 185 1004 212 maxi-

1065 187 1234 220 ιπιτεύξεως,
1267 185 1389 222 Χριστοῦ
1413 186 1517 222 τυχεῖν,
1552 187 1603 214 καὶ
1632 187 1704 222 μετὰ
1730 187 1847 224 Χριστοῦ

212 235 303 260 mum,
319 231 476 262 compotem
494 226 593 256 factam
613 236 708 257 eorum
725 237 786 257 esse
803 238 865 265 qua:
881 231 1007 265 optabat,

212 273 324 301 Christo
339 273 447 301 scilicet
470 273 536 306 frui,
557 280 585 302 et
609 282 672 303 cum
697 275 807 304 Christo
823 275 850 303 in
874 281 1008 304 aeternum

213 327 285 347 esse.
305 318 351 346 Sic
365 319 449 355 igitur
465 320 576 348 vivebat
596 321 687 354 beata,
703 322 744 350 sic
760 328 787 351 et
805 330 900 353 sancte
917 325 1006 353 obiit:

212 370 297 400 atque
312 365 349 392 ita
370 373 432 393 esse
461 367 600 395 credimus
617 375 668 395 nos
686 374 855 403 peccatores.
884 371 963 400 Nunc
974 373 1008 400 ad

215 417 242 439 te
255 413 440 440 convertenda
461 419 503 441 est
518 415 619 442 oratio.
639 414 756 444 Domina
770 425 843 450 mea,
866 419 932 454 quid
956 419 1008 446 hoc

213 463 267 492 est,
282 459 368 494 quod,
383 459 436 487 etsi
450 460 550 487 acerba
575 465 618 488 est
632 463 782 496 separatio,
812 458 901 492 tulisti
916 469 1008 493 tamen

214 512 278 532 cum
299 505 450 540 gratiarum
466 507 587 540 actione,
602 512 631 535 ut
650 508 827 544 audivimus;
859 511 1009 540 vehemen-

215 556 311 587 terque
327 557 352 580 te
372 552 558 585 laudavimus,
574 561 629 581 non
647 555 766 589 ejulalus
785 564 800 584 a
815 557 920 586 ratione
940 559 1009 586 alie-

215 607 266 626 nos
285 598 444 626 fundentem
461 608 469 633 ;
493 607 547 627 non
572 601 630 636 spei
647 609 750 630 vacuas
774 603 1008 638 lamentationes;

215 645 263 672 sed
275 650 306 672 ut
319 645 464 680 pulchrum
477 649 538 673 erat
549 650 615 675 etut
626 647 741 675 decebat
754 656 846 677 veram
860 650 1009 678 monlalem

215 695 242 718 et
258 691 391 726 optimam
416 692 587 726 magistram,
603 693 731 728 exemplo
761 701 812 722 suo
827 695 936 723 animas
955 696 1008 724 sibi

215 735 366 764 aDomino
382 736 504 765 creditas
530 737 739 771 ini'ormantem,
765 743 815 767 aut
841 741 946 775 potius,
979 744 1011 769 ut

215 782 339 817 apertius
350 782 453 817 dicam,
469 783 632 811 clarissimae
653 784 728 811 illius
744 790 771 813 et
784 787 923 814 unanimae
940 794 1009 815 con-

215 829 369 864 spirantem
395 830 480 857 filiam
507 831 534 858 in
565 831 692 865 Domino,
723 840 823 859 nurum
853 833 880 860 in
914 841 1008 866 carne,

216 875 337 910 aequales
353 875 380 902 in
408 876 609 912 gubernatione
630 877 743 905 virtutis
759 878 766 904 !
786 878 874 906 Unam
889 879 963 907 enim
981 880 1009 907 in

216 921 326 948 duobus
337 922 502 956 corporibus
518 923 640 950 animam
655 922 753 956 fuisse,
763 928 791 951 et
806 924 946 954 laudabile
956 929 1010 959 est,

216 971 245 994 ct
260 967 338 995 vobis
350 967 514 1002 gloriosum.

252 1013 312 1042 Non
329 1022 394 1049 ergo
408 1015 519 1049 penitus
531 1023 546 1042 a
568 1020 605 1047 te.
621 1015 744 1050 domina,
761 1022 891 1052 separata
906 1023 949 1046 est
962 1019 1012 1047 do-

218 1059 304 1092 mina,
322 1061 368 1088 sed
385 1060 420 1087 ad
441 1061 579 1088 modicum
595 1065 713 1096 tempus,-
728 1063 816 1091 donec
836 1064 961 1092 eamdem
983 1069 1011 1093 et

219 1113 271 1133 nos
288 1105 360 1132 viam
386 1106 560 1135 insistemus.
578 1106 766 1143 Praeterquam
793 1110 867 1144 quod
883 1111 1012 1146 spiritua-

219 1152 282 1179 liter
302 1160 377 1180 nunc
388 1153 472 1180 etiam
487 1154 574 1187 adest,
584 1159 612 1181 et
627 1161 676 1182 sua
693 1155 740 1182 tibi
756 1157 846 1184 studia
862 1158 1010 1193 impendit:

219 1199 348 1234 quodque
377 1199 469 1234 majus
498 1196 563 1232 est,‘
577 1200 634 1228 Deo
661 1202 790 1236 proprior
807 1203 888 1236 facta,
909 1212 960 1239 pro
984 1210 1012 1233 te

219 1245 331 1280 tuisque
357 1245 531 1280 deprecatur.
546 1246 625 1279 Quod
652 1255 718 1283 ergo
738 1253 833 1282 restat.
857 1257 892 1277 nc
919 1251 1011 1279 animo

219 1290 364 1322 concidas,
379 1298 504 1323 oramus,
521 1292 601 1326 quasi
615 1292 733 1327 praeside
745 1300 855 1326 carens,
869 1299 917 1321 aut
930 1295 1011 1330 quasi

220 1336 279 1363 sola
291 1335 429 1363 derelicta.
451 1335 541 1364 Habes
555 1337 640 1370 illam,
654 1342 682 1365 et
697 1338 808 1373 praeilla
823 1338 911 1367 Deum
928 1341 1011 1376 cujus

194 1381 198 1392 ‘
218 1387 285 1409 sunt
306 1382 418 1416 omnia;
439 1383 486 1411 sed
513 1387 541 1411 et
556 1391 606 1412 nos
634 1389 802 1419 peceatores,
819 1385 890 1413 sicut
912 1387 959 1414 illa
985 1391 1013 1414 et

219 1432 283 1455 ante
300 1433 427 1461 mortem,
445 1433 472 1456 et
495 1429 522 1456 in
539 1434 626 1457 morte
653 1430 711 1465 ipsa
730 1431 890 1466 postulavit,
916 1432 1010 1466 habes,

220 1474 243 1501 si
258 1473 321 1508 quid
340 1474 471 1508 prodesse
482 1480 565 1509 queat
580 1475 663 1502 homo
681 1482 818 1510 peccator.
840 1475 904 1504 Haec
916 1481 1011 1505 nostra

219 1524 263 1546 est
293 1518 418 1547 funebris
433 1519 574 1548 allocutio.
588 1519 628 1547 Tu
658 1528 732 1553 vero,
751 1529 768 1548 ο
797 1521 876 1549 beata
895 1523 1008 1556 anima;

220 1565 255 1591 ad
265 1564 335 1591 banc
347 1564 420 1591 enim
434 1565 523 1592 oratio
536 1566 736 1599 convertenda;
748 1574 782 1593 ne
795 1574 810 1593 ιι
824 1566 903 1594 nobis
912 1573 1009 1601 poscas

221 1615 252 1638 ut
267 1611 339 1638 Deus
356 1611 403 1638 tibi
428 1619 476 1646 per
503 1620 554 1639 nos
571 1611 609 1639 sit
627 1612 765 1647 propilius
789 1621 797 1639 :
814 1613 862 1640 sed
883 1617 912 1639 tu
933 1613 1010 1640 illum

221 1658 302 1685 nobis
317 1658 433 1686 concilia
446 1657 690 1693 deprecationibus
705 1668 712 1685 :
730 1659 781 1686 hoc
796 1659 869 1686 enim
889 1663 914 1687 te
930 1667 1012 1695 posse

220 1705 386 1732 conlidimus
403 1713 410 1731 :
428 1711 516 1739 neque
536 1709 566 1731 ut
581 1704 723 1739 adjutores
740 1712 790 1733 nos
809 1705 906 1733 habeat
922 1706 1014 1733 domi-

221 1758 267 1782 na,
281 1758 371 1782 soror,
397 1753 495 1781 mater.
522 1749 577 1777 ﬁlia
592 1753 660 1783 tua;
676 1750 723 1777 sed
750 1750 865 1785 teipsam
886 1751 1014 1785 impende

222 1801 249 1824 et
263 1796 303 1823 illi
321 1801 347 1823 et
365 1796 444 1823 nobis
459 1800 487 1823 et
504 1795 627 1823 universi
650 1796 725 1832 gregi
750 1801 809 1828 tuo,
839 1797 867 1823 in
884 1795 1012 1830 Domino.

221 1844 266 1871 cui
283 1843 370 1879 gloria
388 1844 414 1871 in
426 1842 538 1871 saecula.
557 1843 656 1870 Amen.

410 1943 504 1972 CXIV.
520 1959 556 1965 -—
573 1943 685 1972 Iuliana
699 1945 829 1972 vestitori.

1059 233 1172 260 ἔσεσθαι
1184 232 1283 260 εἰσαει.
1311 231 1406 264 Οὕτως
1430 229 1479 259 οὖν
1500 231 1567 259 ὲὸίω
1590 233 1607 268 ἡ
1636 233 1772 268 μακαρία,
1802 236 1848 262 καὶ

1059 278 1146 310 οὕτως
1160 277 1247 313 ἀγίως
1261 277 1352 313 ἀπῆρε
1368 285 1375 292 ·
1387 276 1436 304 καὶ
1448 277 1537 309 οὓτως
1555 277 1722 313 πιστεύομεν
1735 278 1808 314 ἔχειν
1823 280 1847 306 οἱ

1059 323 1228 360 ἁμαρτωλοί.
1242 323 1345 350 Λοιπὸν
1357 323 1405 350 ἐπὶ
1422 323 1452 350 σὲ
1461 324 1475 350 ὁ
1484 323 1564 359 λόγος
1595 325 1782 359 μετενεκτέος.
1801 325 1849 351 Δί.

1060 370 1161 397 σποινὰ
1176 379 1239 405 μου,
1254 370 1280 397 τί
1293 369 1443 404 τοῦτο;ῖνα
1456 370 1481 396 εί
1491 370 1539 397 καὶ
1552 370 1652 406 δριμὺς
1670 372 1685 398 ὁ
1698 371 1847 407 χωρισμὸς,

1059 417 1117 444 ἀλλ’
1132 417 1208 452 ὅμως
1223 417 1340 453 ἐνέγκῃς
1358 416 1541 452 εὐχαρίστως,
1559 417 1632 444 καθὰ
1647 417 1696 445 καὶ
1725 411 1864 453 ἀκτικόωί

1061 471 1123 498 μεν,
1138 462 1186 490 καὶ
1210 462 1386 499 ἐπῃνέσαμέν
1402 470 1432 489 σε
1447 463 1517 490 πάνυ
1531 470 1539 478 ·
1559 462 1597 498 μὴ
1613 463 1783 499 προϊεμένην
1793 468 1851 490 ﬁm-

1059 509 1159 540 κυτοὺς
1183 507 1311 542 ἀλόγους,
1333 508 1381 535 καὶ
1412 508 1530 543 θρήνους
1558 508 1737 541 ἀνελπίστους
1752 517 1760 524 ”
1782 510 1850 536 ἀλλὰ

1059 554 1184 586 δεόντως,
1202 554 1250 581 καὶ
1274 554 1312 585 ὡς
1323 553 1432 589 ἀληθῶς
1463 554 1646 590 μοναζούσης,
1671 555 1719 581 καὶ
1735 555 1851 590 ἀρίστης

1059 599 1233 632 διδασκάλου,
1250 599 1445 635 ὑποτυπούσης
1469 600 1508 635 τῷ
1534 600 1595 627 καθ’
1627 600 1729 636 ἑαυτὴν
1746 602 1852 628 ὑποδεί-

1059 654 1146 682 γματι
1156 645 1207 677 τὰς
1222 645 1417 678 πιστευθείσας
1431 655 1473 673 σοι
1486 646 1577 682 ψυχὰς
1592 647 1645 673 ὑπὸ
1655 648 1769 684 Κυρίου·
1781 649 1852 683 μᾶλ-

1059 691 1106 718 λον
1121 691 1161 724 δὲ,
1189 692 1232 719 ἵνα
1256 691 1470 727 γνωριμώτερον
1490 692 1571 725 εἴπω,
1599 692 1638 724 ὼς
1664 693 1773 730 ἐκείνης
1802 694 1852 729 τῆς

1060 737 1183 773 ἀοιδίμου
1209 737 1350 773 όμοψύχου
1373 737 1568 773 ὁμογνώμονας
1590 737 1726 774 Θυγατρὺς
1746 739 1775 766 ὲν
1795 741 1851 766 Κυ-

1062 784 1125 820 ρίῳ,
1152 784 1263 820 νύμφης
1278 784 1307 810 ἐν
1322 783 1417 819 σαρκὶ,
1446 783 1573 820 ίσαρέτου
1592 784 1622 812 έν
1638 784 1773 820 πολιτείᾳ.
1797 786 1853 813 Καὶ

1059 831 1115 866 γὰρ
1134 831 1184 867 μία
1197 831 1272 866 ψυχὴ
1297 831 1325 858 ὲν
1339 830 1401 857 δυσὶ
1424 829 1534 866 σώμασι
1561 830 1592 857 τὸ
1616 831 1678 858 mo’
1698 832 1782 867 ὑμᾶς,
1804 833 1853 860 καὶ

1061 877 1168 904 αίνῑτὸν
1176 878 1224 905 καὶ
1237 876 1448 913 δεδοξασμένον.

1099 1011 1136 1037 Οὐ
1150 1010 1239 1038 τοίνυν
1251 1011 1290 1042 είς
1299 1010 1374 1038 ἁπαν
1384 1010 1522 1046 ἐχωρίσθη
1545 1019 1606 1043 σου,
1621 1009 1720 1045 κυρία,
1744 1010 1829 1046 κυρία
1842 1019 1852 1027 ·

1061 1057 1131 1084 ἀλλὰ
1141 1057 1210 1093 πρὸς
1219 1057 1329 1093 μικρὸν,
1340 1057 1393 1089 ἓως
1407 1057 1442 1084 ἂν
1455 1058 1503 1084 καὶ
1514 1057 1598 1092 ἡμεῖς
1612 1057 1663 1092 τὴν
1678 1057 1764 1092 αὐτὴν
1778 1057 1856 1084 ὁδεύὲ

1062 1111 1156 1137 σωμεν
1171 1102 1249 1129 ὁδόν·
1274 1102 1344 1138 πλὴν
1369 1103 1411 1130 ὅτι
1434 1104 1483 1130 καὶ
1506 1103 1703 1139 πνευματικῶς
1728 1103 1776 1131 καὶ
1791 1104 1856 1140 ἄρτι

1060 1149 1177 1184 πάρεστι
1190 1148 1238 1176 καὶ
1251 1148 1389 1184 συμφέρει
1406 1157 1447 1176 σοι
1466 1149 1502 1176 τὰ
1519 1149 1718 1184 σπουδάσματα
1729 1158 1736 1165 ·
1753 1150 1802 1177 καὶ
1825 1148 1857 1177 τὸ

1064 1193 1168 1230 μεῖζον,
1185 1194 1285 1222 ὅτικαὶ
1300 1194 1442 1230 ἐγγυτέρω
1461 1193 1597 1230 γενομένη
1617 1195 1699 1228 Θεοῦ,
1716 1194 1857 1222 ἀντιϐολεῖ

1061 1241 1096 1268 τὰ
1110 1241 1176 1278 περὶ
1194 1241 1242 1268 σοῦ
1256 1240 1305 1267 καὶ
1322 1240 1378 1268 τῶν
1390 1241 1446 1268 σῶν
1477 1241 1522 1277 Μὴ
1535 1241 1568 1277 δὴ
1582 1239 1632 1269 σῦν
1650 1242 1745 1269 λοιπὸν
1768 1250 1858 1270 κατα-

1062 1287 1166 1319 πέσοις,
1183 1286 1410 1322 παρακαλοῦμεν,
1424 1286 1462 1318 ὡς
1472 1287 1706 1323 ἀπροστάτευτος,
1723 1288 1793 1324 μηδὲ
1819 1289 1859 1321 ὡς

1064 1340 1097 1367 με
1103 1332 1258 1369 μονωμὲνη,
1280 1331 1375 1368 Ἔχεις
1386 1333 1473 1369 αὐτὴν
1488 1334 1535 1361 καὶ
1548 1333 1602 1369 πρὸ
1615 1333 1703 1369 αὐτῆς
1720 1334 1767 1360 τὸν
1777 1333 1858 1365 Θεὸν.

1061 1374 1093 1405 οὗ
1106 1377 1141 1404 τὰ
1154 1377 1243 1404 πάντα
1255 1386 1261 1393 ·
1276 1379 1301 1405 εἰ
1313 1378 1343 1405 δὲ
1351 1379 1488 1415 καὶρήμᾶς
1501 1380 1564 1412 τοὺς
1576 1379 1770 1415 ἁμαρτωλοὺς,
1785 1380 1860 1406 κατὲ

1061 1423 1112 1459 τὴν
1133 1424 1243 1460 ἐκείνης
1263 1425 1312 1451 καὶ
1325 1425 1380 1459 πρὸ
1404 1425 1535 1458 θανάτου,
1553 1426 1603 1453 καὶ
1616 1427 1645 1453 ὲν
1661 1425 1700 1461 τῷ
1721 1426 1859 1452 ἀποπνεῖν

1062 1471 1182 1506 αἴτησιν,
1204 1471 1276 1507 ἔχεις
1288 1480 1294 1488 ι
1307 1471 1388 1508 εἴπερ
1399 1481 1426 1499 τι
1450 1473 1496 1500 καὶ
1512 1473 1663 1500 λυσιτελεῖν
1677 1473 1788 1500 δύναιτο
1808 1473 1858 1500 ἇν-

1024 1535 1047 1564 o
1063 1517 1174 1554 θρωπος
1191 1517 1365 1564 ἁμαρτωλδς.
1381 1518 1457 1554 Αὕτη
1477 1519 1558 1555 ὴμῶν
1577 1520 1594 1555 ἡ
1609 1519 1754 1554 ἐπιτάφιος
1770 1527 1860 1554 προσ-

1064 1564 1198 1599 φώνησις.
1221 1565 1258 1591 Σὺ
1271 1564 1311 1597 δὲ,
1327 1562 1350 1591 ὧ
1365 1565 1492 1600 μακαρία
1505 1565 1580 1600 ψυχὴ
1599 1565 1678 1600 (πρὸς
1693 1564 1780 1599 αὐτὴν
1791 1564 1860 1601 (γὰρ

1065 1610 1284 1646 ὲπιστρεπτέον),
1303 1610 1340 1645 μὴ
1364 1610 1434 1645 πρὸς
1455 1610 1536 1645 ἡμῶν
1560 1609 1638 1637 αίτοῦ
1666 1610 1712 1636 τὸν
1729 1609 1798 1636 Θεόν
1819 1610 1861 1636 σοι

1067 1657 1132 1683 ’ἑλεω
1147 1656 1285 1691 γενέσθαι.
1315 1656 1385 1683 Ἀλλ’
1411 1656 1482 1692 αὑτὴ
1498 1656 1579 1683 αὑτὸν
1603 1657 1671 1691 ἡμῖν
1688 1655 1865 1689 κατάλλαξον

1069 1704 1129 1735 ταῖς
1142 1703 1303 1738 πρεσϐείαις
1314 1711 1322 1719 ⁸
1339 1703 1499 1739 Θαρῤοὖμεν
1511 1703 1566 1738 γὰρ
1578 1703 1659 1730 τοῦτο
1683 1702 1790 1738 ἰσχύειν
1810 1711 1842 1729 σε
1852 1710 1863 1717 ο

1069 1749 1138 1785 μηδὲ
1150 1750 1222 1784 ὑμᾶς
1235 1749 1403 1785 ἐπικούρους
1417 1749 1490 1784 ἔχειν
1512 1749 1563 1784 τὴν
1583 1749 1683 1785 κυρίαν
1700 1749 1863 1784 ἀδελφομη-

1065 1795 1212 1828 τρότεκνόν
1226 1803 1284 1822 σου.
1301 1794 1386 1821 Ἀλλὰ
1404 1795 1508 1831 σαυτὴν
1519 1795 1627 1831 πάρεχε
1646 1795 1694 1821 καὶ
1711 1795 1793 1830 αὐτῇ.
1813 1795 1866 1822 καὶ

1066 1841 1144 1877 ἡμῖν,
1155 1841 1202 1867 καὶ
1215 1841 1263 1877 ὅλῃ
1280 1842 1313 1876 τῇ
1325 1841 1430 1878 ποίμνῃ
1448 1848 1496 1867 σου
1509 1841 1539 1868 ὲν
1554 1840 1661 1876 Κυρίῳ
1677 1837 1700 1875 ᾧ
1711 1841 1728 1876 ὴ
1744 1840 1810 1873 δόξα
1823 1841 1866 1872 είς

1066 1887 1132 1919 τοὺς
1148 1887 1261 1919 αἰῶνας.
1278 1887 1377 1923 Ἀμήν.

1161 1944 1234 1973 P'IA'.
1249 1944 1317 1981 (ιο).
1327 1959 1362 1964 —
1378 1944 1534 1977 ἰουλιανῷ
1543 1944 1718 1980 βεσέήτορι·
1757 1936 1869 1980 [ιιμεέ-ἴ

827 2000 897 2026 Varia
910 2005 1005 2027 morum
1016 2000 1166 2027 documenta
1176 2000 1260 2026 lradit.

258 2056 487 2092 Quandoquidem
511 2064 560 2091 per
577 2050 688 2084 fratrem
711 2062 760 2083 nos
779 2056 920 2089 salutasti,
938 2064 1016 2092 prae-

224 2103 297 2132 clare
311 2103 405 2135 fraler,
423 2110 533 2138 aequum
560 2102 626 2130 duxi
645 2102 761 2130 salutem
778 2103 827 2130 tibi
842 2102 891 2137 per
906 2103 1015 2131 litteras

224 2150 340 2177 reddere
355 2158 362 2176 :
379 2157 411 2177 ea
431 2157 460 2176 re
474 2148 623 2176 ostendens
636 2149 749 2176 charam
761 2149 829 2176 mibi
845 2157 906 2177 esse
922 2150 1015 2177 cxccl-

225 2195 338 2223 Ientiam
358 2199 452 2227 tuam;
468 2202 558 2230 neque
584 2195 637 2223 hoc
657 2195 759 2226 solum,
789 2190 838 2223 sed
865 2196 1012 2224 sollicitum

226 2249 268 2269 inc
281 2248 342 2268 esse
365 2245 394 2267 ut
410 2240 504 2268 salvus
517 2239 619 2268 evadas
635 2248 650 2267 a
666 2240 769 2267 diaboli
787 2241 988 2269 tentationibus
1003 2250 1012 2275 ;

1110 2056 1221 2092 Ἐπειδὴ
1243 2055 1472 2092 προσηγόρευσας
1495 2055 1570 2092 ἡμᾶς
1600 2056 1644 2084 διὰ
1665 2055 1713 2084 τοῦ
1731 2056 1870 2091 ἁδελφοῦέ

1067 2103 1166 2138 suam:
1180 2102 1259 2135 καλὲ,
1271 2102 1353 2130 καλὸν
1369 2103 1519 2139 ἡγησάμην
1531 2103 1577 2130 διὰ
1601 2102 1769 2139 γράμματος
1786 2104 1870 2130 ἀντι-

1067 2147 1293 2184 προσαγορεῦσαι
1305 2156 1335 2174 σε
1346 2155 1352 2162 ·
1368 2147 1501 2174 δεικνύων
1509 2146 1646 2179 ἐντεῦθεν,
1660 2146 1698 2179 ὡς
1710 2147 1870 2182 ἀγαπητῶς

1068 2194 1123 2230 ἔχω
1132 2195 1196 2230 περὶ
1203 2194 1253 2229 τὴν
1267 2193 1418 2230 τιμιότητά
1434 2203 1481 2220 σου
1492 2201 1499 2209 ·
1517 2194 1549 2220 οὺ
1566 2193 1648 2229 μόνον
1669 2194 1709 2226 δὲ,
1725 2194 1795 2221 ἀλλὰ
1818 2196 1871 2221 καὶ.

1071 2240 1280 2277 μεριμνητικῶς
1299 2241 1340 2272 εἰς
1361 2240 1393 2267 τὸ
1416 2239 1554 2273 σώζεσθαι
1570 2240 1655 2276 αὐτὴν
1668 2240 1724 2267 ἀπὸ
1737 2239 1794 2266 τῶν
1817 2241 1869 2268 τοῦ

225 2287 281 2315 scis
293 2287 377 2320 enim,
399 2286 497 2318 amice,
518 2285 638 2313 circuire
655 2286 732 2313 illum
756 2293 865 2321 semper
883 2291 1012 2322 tanquam

1066 2272 1192 2314 διαίθέλοιί
1209 2287 1416 2323 πειρατηρίων·
1443 2287 1497 2314 ἴσοι
1514 2287 1580 2322 γὰρ,
1602 2272 1746 2322 ἀγαπητὴ·
1767 2287 1812 2314 ὅτι
1829 2288 1871 2319 ὡς

225 2334 345 2366 leonem,
363 2338 390 2360 et
401 2339 522 2368 quaerere
535 2339 616 2367 quem
627 2332 783 2360 devoret".
804 2333 895 2366 Quare
907 2334 1018 2363 attende

225 2380 381 2415 diligenter.
404 2383 432 2406 et
444 2379 602 2414 pactionum
618 2379 775 2406 recordare.
788 2379 927 2415 Scriptum
943 2385 987 2408 est
1004 2390 1012 2408 :

227 2425 373 2453 Peccasti?
388 2433 440 2451 non
463 2425 579 2459 adjicias
597 2425 693 2451 iterum
708 2433 715 2450 τ
740 2425 785 2452 sed
810 2429 835 2452 et
849 2425 881 2452 de
895 2426 1017 2460 pristinis

226 2473 367 2508 deprecare
377 2471 410 2499 ³⁵.
430 2471 463 2499 Et
475 2479 585 2498 rursum
604 2471 737 2499 Dominus
752 2471 791 2498 ait
805 2480 812 2499 :
832 2471 943 2499 Omnem
957 2472 1018 2506 pal-

227 2519 318 2545 mitem
335 2526 387 2544 non
396 2518 522 2552 ferentem
533 2517 661 2552 fructum,
680 2517 749 2545 tollit
762 2525 821 2544 eum
837 2517 919 2545 Pater
933 2527 1018 2552 meus,

227 2571 251 2593 et
267 2567 294 2592 in
304 2565 390 2601 ignem
406 2565 500 2598 mittil,
515 2569 540 2590 et
551 2564 626 2591 ardet
641 2564 676 2591 ".
695 2563 919 2592 Reformidemus
933 2565 1019 2601 igitur

228 2611 397 2646 exemplum,
417 2618 466 2646 pro
481 2609 628 2637 animabus
644 2609 747 2637 nostris
759 2610 944 2644 decertemus,
962 2609 1020 2645 pri-

230 2665 349 2692 usquam
362 2657 446 2684 instet
457 2656 526 2684 bora
540 2655 638 2683 mortis
652 2665 660 2683 :
676 2663 712 2683 ne
727 2655 802 2684 velut
814 2655 979 2685 infructuosi
991 2660 1020 2685 et

266 2734 288 2750 ’δ
301 2733 309 2759 I
324 2732 397 2761 Pctr.
415 2741 442 2766 ν,
453 2734 479 2760 8.
519 2733 542 2750 ³⁸
559 2732 644 2762 Eccli.
659 2742 718 2768 xxv,
731 2735 756 2762 1.
797 2735 819 2752 ⁸³
835 2734 916 2764 Joan.
935 2743 980 2768 xv,
992 2734 1021 2761 2.

1069 2333 1138 2360 λέων
1153 2334 1198 2360 ἀεὶ
1209 2333 1389 2369 περιέρχεται
1401 2333 1493 2369 ζητῶν
1503 2333 1566 2360 τίνα
1581 2334 1715 2369 καταπίῃ.
1734 2334 1803 2369 Ἔχε
1819 2332 1871 2361 οὖν

1069 2379 1277 2415 προσεκτικῶς·
1291 2378 1416 2415 μέμνησο
1428 2379 1483 2406 τῶν
1501 2379 1658 2414 συνθηκῶν.
1676 2379 1843 2415 Γέγραπται
1863 2388 1870 2394 ·

1071 2425 1234 2460 ”Ημαρτες;
1245 2425 1288 2460 μὴ
1304 2425 1442 2460 προσθῇς
1454 2435 1462 2442 ·
1479 2425 1529 2453 καί
1545 2425 1612 2460 περὶ
1637 2425 1698 2452 τῶν
1712 2426 1874 2460 προτέρων

1069 2479 1127 2498 σου
1140 2470 1274 2506 δεήθητι.
1291 2471 1346 2498 Καὶ
1358 2471 1440 2499 πάλιν
1451 2472 1465 2498 ό
1478 2471 1582 2508 Κύριος
1593 2471 1668 2506 λέγει
1682 2478 1690 2486 ·
1705 2471 1772 2499 Πᾶν
1788 2471 1872 2506 κλῆ-

1066 2517 1164 2554 μαμὴ
1183 2517 1276 2553 φέρον
1290 2519 1418 2552 καρπὸν,
1430 2518 1508 2553 αἴρει
1536 2517 1611 2546 αὐτὸ
1637 2519 1654 2545 ὁ
1670 2517 1785 2551 Πατὴρ,
1815 2518 1871 2544 καὶ

1068 2564 1111 2597 εἰς
1139 2563 1200 2599 πῦρ
1238 2563 1400 2596 βάλλεται,
1428 2564 1613 2592 καὶκαιεται.
1637 2563 1806 2599 Φοϐηοῶμεν
1820 2561 1873 2590 οὖν

1068 2609 1100 2636 τὺ
1110 2609 1263 2646 ὑπόδειγμα
1280 2618 1287 2625 ·
1307 2609 1509 2645 ἀγωνισώμεθα
1524 2610 1575 2637 aut
1580 2619 1596 2646 ρ
1603 2610 1658 2637 τῶν
1670 2610 1766 2645 ψυχῶν
1776 2610 1873 2645 ἡμῶν,

1068 2655 1135 2691 πρὶν
1152 2655 1169 2692 ἢ
1184 2656 1331 2692 ἐπιστῆναι
1346 2657 1396 2693 τὴν
1411 2656 1486 2693 ὥραν
1499 2657 1547 2684 τοῦ
1580 2657 1716 2685 Θανάτου·
1736 2656 1776 2692 μὴ
1789 2658 1874 2682 suo.

979 2792 1093 2822 NOT/E.

270 2853 327 2888 (ιο)
339 2852 367 2880 lu
380 2852 437 2881 cod.
451 2853 516 2888 Reg.
532 2855 606 2889 ρκη¹.
