1912 3080
101 134 154 167 138i

681 133 918 167 EPISTOLARU
922 137 951 167 Μ
967 137 1043 168 LIB.
1078 137 1106 168 Il
1113 162 1120 168 .

1649 137 1719 170 1382

100 192 198 227 φθῶμεν
211 187 249 223 ὥς
260 189 384 228 ἄκαρποι
404 191 453 219 καὶ
477 192 690 228 ἀτελεσφόρητοι
704 193 756 226 τῆς
771 193 876 229 ἀγαθῆς

934 194 1042 223 inutiles
1055 194 1253 223 abseindamur
1263 201 1278 222 a
1287 194 1358 222 bona
1372 193 1437 227 vite,
1448 199 1511 230 quae
1524 198 1565 222 cst
1578 194 1718 222 Christus.

99 237 217 272 ἀμπέλου,
235 236 296 272 ἥτις
322 236 398 264 ἐστὶι
421 239 436 264 ὁ
452 238 581 273 Χριστός.
596 239 648 265 Διὰ
662 238 753 265 τοῦτο
767 237 875 274 ἦλθον,

100 283 168 319 φησιν
180 284 193 309 ό
209 282 322 318 Κύριος,
334 284 390 318 οὺχ
403 283 453 310 ἵνα
476 284 568 318 κρίνω
589 285 643 311 τὸν
661 285 788 318 κόσμον,
807 285 876 312 ἀλλ’

99 328 244 356 ἵνασὼσω.
264 329 320 355 Καὶ
339 328 421 356 πάλιν
446 328 541 364 λέγει·
567 329 602 356 Et
625 330 668 364 μὴ
694 323 800 365 ἦλθον,
828 330 878 357 καὶ

99 374 224 408 ἐλάλησα
240 374 355 408 αὐτοῖς,
387 375 534 410 ἁμαρτίαν
552 377 608 403 οὐκ
622 375 708 410 εἶχον
724 384 731 391 ·
751 376 821 404 ’νῦν
844 376 879 404 δὲ

99 420 238 454 πρόφασιν
247 420 302 446 οὐκ
321 420 429 454 ἔχουσι
443 420 510 455 περὶ
525 420 581 454 τῆς
603 422 750 456 ἁμαρτίας
766 421 877 449 αὐτῶν.

100 466 146 492 Καὶ
159 465 246 492 πάλιν·
268 465 299 492 '0
314 467 407 501 λόγος
424 466 459 494 ὃν
472 467 630 502 ἐλάλησα,
650 468 767 502 ἐκεῖνος
785 467 883 502 κρινεῖ

99 511 179 538 αὑτὸν
185 511 220 538 ἐν
232 511 271 546 τῇ
282 511 398 547 ἐσχάτῃ
410 512 517 548 ἡμέρᾳ.
531 514 614 549 Ἤδη,
625 514 762 550 ἁγαπητὲ,
772 514 787 541 ό
797 514 879 546 καλὸς

99 558 156 591 Θεὸς
167 558 245 595 ἡμῶν
256 560 347 587 πάντα
361 559 397 596 τᾴ
412 561 451 592 εἰς
469 561 544 596 ἡμᾶς
562 562 724 597 ἐπλήρωσεν
736 569 743 577 ’
767 562 814 588 ἐπὶ
827 562 879 596 γῆς

98 600 178 640 ὤφθη,
196 604 310 632 δούλου
327 606 453 641 μορφὴν
466 606 628 640 ἀνέλαϐεν,
656 607 791 640 ὑπήκοος
815 607 880 641 ἐτέ-

97 658 158 677 νετο
169 649 258 685 μέχρι
281 650 423 684 θανάτου,
440 651 571 679 θανάτου
599 652 633 679 δὲ
661 653 806 687 σταυροῦ.
824 652 880 679 Καὶ

97 696 174 723 ταῦτα
196 696 299 731 Κύριος
320 696 358 724 ὣν
375 697 427 733 τῆς
444 698 534 734 δόξης,
550 699 599 725 καὶ
620 698 656 726 τὰ
679 699 772 726 πάντα
787 699 880 735 φέρων

95 741 132 775 τῷ
147 742 247 778 ῥήματι
273 743 326 778 τῆς
353 743 497 779 δυνάμεως
518 744 602 772 αὑτοῦ
621 753 630 761 ·
660 745 881 780 ἀνακαλούμενος

96 787 163 823 ἡμᾶς
176 784 229 815 ἀπὸ
248 789 299 825 τῆς
313 790 499 826 ἐγγενομένης
515 792 581 827 ἡμῖν
593 791 638 818 διὰ
656 790 704 818 τοῦ
718 792 881 827 πρωτοπλά--

97 843 153 861 στου
169 834 291 871 φθορᾶς¹
314 836 362 863 καὶ
386 837 416 863 οὐ
442 836 535 871 μόνον,
555 836 624 864 ἀλλὰ
638 837 694 872 γὰρ
708 837 757 864 καὶ
775 836 881 869 Θεώσας

96 882 164 917 ἡμᾶς
177 869 287 917 διὰ-τῆς
297 883 381 917 ἁγίας
398 869 482 910 αὑτοῦ
511 884 630 919 σαρκός·
644 869 686 911 -οέ
703 884 751 910 καὶ
769 883 880 918 ἀδελφοὶ
897 869 917 898 Β

95 928 230 964 ἧξιώμεθα
244 928 397 962 καλεῖσθαι,
413 930 461 956 καὶ
470 929 622 964 σύσσωμοι,
638 930 686 956 καὶ
703 930 882 965 συμμέτοχοι,

95 975 138 1002 καὶ
152 975 379 1011 συγκληρονόμοι.
395 976 443 1002 Δεῖ
457 973 505 1003 οὖν
518 976 593 1012 ἡμᾶς
610 976 685 1012 πάσῃ
708 976 816 1012 φυλακῇ
835 984 882 1012 φυ-

94 1018 196 1048 λάττειν
210 1021 336 1053 ἑαυτούς.
364 1021 410 1049 Ἐν
431 1022 507 1058 μέσῳ
536 1022 661 1056 παγίδων
678 1022 829 1054 διαϐαίνεις
853 1023 883 1049 ὲν

94 1068 125 1101 τῇ
148 1067 222 1093 πόλει
239 1067 423 1104 διερχόμενος·
440 1068 492 1103 ὅρα
519 1067 556 1103 μὴ
580 1069 719 1104 ἐμπαρῇς.
745 1068 790 1094 Ἐν
806 1068 882 1103 φόϐῳ

95 1112 195 1148 Κυρίου
209 1114 226 1149 ὴ
237 1113 398 1150 ἀναστροφή
416 1123 463 1140 σου
472 1114 543 1141 ἔστω
554 1114 625 1149 μετὰ
635 1114 741 1150 ἀνδρῶν
754 1114 865 1148 ἀγαθῶν
875 1123 882 1130 ⁴

94 1158 175 1193 ςεῦγε
192 1159 256 1191 τοὺς
269 1159 437 1194 ἀφυλάκτως
454 1160 559 1192 ζῶντας
575 1168 582 1175 ·
599 1160 685 1195 φεῦγε
708 1161 822 1195 παίγνια
834 1160 884 1187 καὶ

92 1205 278 1241 γελοιάσματα
296 1207 466 1241 νεωτερικά·
488 1206 574 1242 φεῦγε
592 1206 752 1243 κραιπάλας
768 1207 815 1233 καὶ
832 1215 884 1233 πο-

90 1250 220 1283 λυποσίας
238 1251 420 1288 φθοροποιοὺς
442 1252 509 1281 Πᾶν
521 1252 606 1287 ,ῥῆμα
627 1252 748 1286 σαπρὸν
774 1252 809 1279 ἐκ
830 1252 884 1280 τοῦ

89 1298 237 1332 στόματός
250 1306 311 1326 σου
325 1299 367 1334 μὴ
379 1299 588 1335 ἐκπορευέσθω
600 1308 608 1315 ·
624 1299 693 1327 ἀλλ’
707 1299 735 1326 ει
751 1308 778 1326 τι
788 1299 884 1326 καλὸν

90 1345 135 1378 εις
170 1345 334 1380 οἰκοδομὴν
365 1345 426 1373 τῶν
457 1346 642 1373 ἀκουόντων.
676 1345 722 1380 Μὴ
755 1345 884 1380 φρόντιζε

89 1390 216 1418 πλουτεῖν
233 1399 240 1406 ’
257 1392 299 1419 ὅτι
314 1392 419 1427 γυμνὸς
434 1391 559 1428 εἰσῆλθες
575 1393 615 1424 εἰς
629 1391 674 1418 τὸν
688 1391 792 1425 κόσμον
818 1390 884 1418 τοῦ-

88 1445 146 1469 τον,
163 1437 266 1472 γυμνὸς
277 1438 325 1464 καὶ
337 1437 490 1474 ἀπελεὺσῃ.
504 1437 551 1473 Μὴ
569 1438 666 1471 ἀγάπα
677 1438 727 1472 τὴν
745 1436 824 1470 δόξαν
835 1436 885 1464 τοῦ

88 1482 194 1517 κόσμου
224 1483 339 1510 τούτουσ
369 1484 411 1510 ὃτι
429 1484 468 1515 ὡς
492 1483 595 1515 καπνὸς
624 1483 806 1518 παρέρχεται.
836 1483 885 1509 Ἓν

89 1528 164 1561 φίλει
181 1528 262 1564 μόνον
278 1529 308 1556 τὸ
321 1529 434 1564 ἀγαθὸν,
453 1529 484 1555 τὸ
504 1529 628 1565 καθαρὰν
648 1529 720 1564 ἔχειν
736 1528 787 1563 τὴν
816 1537 886 1563 καρ-

85 1575 149 1601 δίαν
164 1574 219 1601 ἀπὸ
237 1575 287 1610 τῆς
302 1575 430 1611 ῥυπαρᾶς
444 1575 584 1611 ἁμαρτίας
594 1583 601 1590 ·
613 1574 645 1601 τὸ
652 1575 791 1610 ἐπιτυχεῖν
807 1574 884 1609 βασι-

87 1620 164 1652 λείας
180 1621 322 1656 οὐρανῶν·
341 1622 390 1648 καὶ
412 1623 510 1656 φυγεῖν
525 1621 646 1657 κρίσεως
677 1621 801 1648 αἰωνίου.
828 1621 886 1652 Τὰς

86 1666 213 1699 ἐντολὰς,
231 1666 266 1698 εις
283 1667 390 1700 ἔλαϐες,
403 1667 524 1702 φύλαττε
535 1676 541 1682 ·
565 1667 657 1694 κλῖνον
676 1667 780 1702 πτωχῷ
795 1666 825 1693 τὸ
839 1665 888 1698 οὖς

88 1721 159 1739 σου·
183 1712 266 1748 ἡνίκα
291 1713 350 1748 ἔχει
366 1714 384 1749 ἡ
418 1713 480 1749 χείρ
510 1722 558 1740 σου
584 1713 707 1749 βοηθεῖν,
727 1712 823 1747 δρεξον
848 1712 888 1747 τῷ

84 1759 221 1794 δεομένῳ.
236 1759 290 1786 Δύο
319 1759 406 1788 λεπτὰ
422 1760 510 1795 χήρας
537 1760 649 1795 πτωχῆς
667 1759 888 1795 ὑπερηκόντισαν

85 1805 203 1832 πάντων
232 1805 288 1833 τῶν
307 1806 338 1833 ὲν
369 1806 410 1842 τῷ
438 1805 634 1841 γαζοφυλακίῳ
660 1806 888 1842 ὲμὸεϐλημένων.

85 1852 194 1887 Ὅρκος
218 1853 248 1879 ὲν
263 1852 304 1888 τῷ
331 1852 449 1888 στόματί
471 1861 519 1879 σου
544 1852 582 1888 μὴ
607 1852 781 1884 αὑλιζέσϐω’
798 1853 812 1879 ό
832 1852 888 1887 γὰρ

83 1898 201 1933 ὀμνύων
228 1899 260 1926 οὗ
288 1898 454 1934 σωθήσεται,
483 1899 535 1925 κᾶν
562 1898 628 1934 δοκῇ
663 1899 754 1925 πᾶσαν
778 1897 890 1932 ἐντολὴν

82 1945 189 1971 ποιεῖν.
204 1944 389 1972 Ἐπισκέπτου
403 1944 549 1980 ἄνθρωπον
564 1944 593 1970 ὲν
613 1943 734 1979 φυλακῇ,
751 1943 796 1970 ἵνα
826 1944 889 1969 ἑπι-

83 1990 216 2026 σκεφθῇς
227 1991 280 2018 ὗπδ
293 1991 409 2026 Κυρίου.
421 1990 579 2026 Προσεύχου
594 1990 725 2025 συιεχὼς,
742 1989 791 2016 καὶ
804 1988 891 2023 om:

81 2036 116 2062 ὲν
130 2036 234 2072 καρδίᾳ
245 2045 253 2052 ·
272 2037 317 2063 ἵνα
324 2037 354 2064 τὺ
364 2036 478 2073 Πνεῦμα
490 2037 520 2064 τὸ
530 2037 608 2071 ἆγιον
617 2035 735 2071 ὑποδέξῃ
749 2035 885 2062 σύνοικον.

81 2081 185 2108 Ταῦτα
197 2083 230 2108 ὲκ
252 2082 359 2109 πολλῶν
377 2083 459 2117 ὀλίγα
482 2082 619 2118 δείγματα
638 2082 763 2116 ἀγάπης,
781 2080 888 2107 ἐντολαὶ

929 241 1076 276 Propterea
1089 242 1156 273 veni,
1172 241 1212 269 ait
1228 241 1374 274 Dominus,
1388 249 1439 268 non
1451 246 1480 268 ut
1499 241 1619 276 judicent
1638 249 1719 267 aruu-

927 289 1004 321 dum,
1020 296 1066 316 tea
1088 293 1116 315 ut
1130 288 1274 323 tabificam
1286 287 1319 315 ".
1334 288 1366 315 Et
1387 288 1486 315 iterum
1507 289 1589 315 dicit:
1609 286 1640 314 Si
1668 295 1719 313 non

929 335 1066 368 venissem,
1079 339 1103 362 et
1118 334 1222 362 locutus
1239 335 1349 369 fuissem
1362 335 1410 366 eis,
1424 339 1559 368 peccatum
1574 342 1625 361 non
1640 333 1720 360 habe-

930 386 986 407 rent
1002 387 1012 408 :
1026 388 1095 408 nunc
1108 386 1195 408 autem
1209 381 1408 408 excusatione»:
1423 388 1476 406 non
1497 381 1594 407 habent
1605 380 1638 406 de
1658 386 1720 414 pecs

930 431 989 454 cato
1003 435 1052 454 suo
1067 427 1101 454 ".
1116 426 1150 454 Et
1161 427 1261 454 iterum
1275 435 1282 454 :
1297 426 1389 454 Sermo
1412 434 1488 461 quem
1517 426 1623 453 locutus
1647 428 1718 458 sum;

929 472 975 500 ille
985 472 1119 507 judicabit
1133 480 1192 499 eum
1212 472 1241 499 in
1267 472 1413 499 novissimo
1426 472 1468 498 die
1481 471 1514 498 ".
1531 470 1648 505 Jamqtle
1661 471 1720 504 ipse

928 526 994 554 erga
1005 526 1057 546 nos
1069 519 1171 552 omnia,
1184 518 1295 552 dilecte,
1309 519 1399 546 bonus
1429 517 1500 545 Deus
1517 521 1611 544 noster
1627 516 1721 551 exple-

931 565 980 592 vit.
998 563 1028 591 In
1044 568 1118 592 terra
1128 565 1204 592 visus
1216 568 1269 597 est,
1286 564 1400 598 formam
1413 563 1481 590 servi
1505 563 1617 597 accepit,
1633 562 1721 598 facta:

930 615 969 638 est
981 610 1104 638 obedienc
1119 619 1200 645 usque
1215 609 1250 636 ad
1272 615 1396 642 morlem,
1419 613 1531 636 mortem
1552 614 1642 636 οιιιεηι
1659 616 1722 635 cru-

931 658 970 684 cis
982 657 1018 684 ³⁹.
1039 657 1128 692 Atque
1142 657 1200 684 haec
1215 664 1277 684 cum
1295 659 1368 683 esset
1382 655 1477 691 gloriae
1496 655 1643 686 Dominus,
1657 663 1722 689 por-

931 707 1048 738 tansque
1063 703 1155 730 omnia
1172 702 1256 730 verbo
1270 702 1380 730 virtutis
1397 709 1455 729 suae
1465 701 1508 728 ‘°:
1524 708 1658 728 revocans
1671 708 1722 728 nos

932 749 967 776 ab
992 749 1074 776 insita
1104 748 1184 776 nobis
1202 756 1250 783 per
1285 747 1487 782 protoplastum
1523 746 1721 780 corruptione;

932 802 1022 830 neque
1037 794 1063 822 id
1084 799 1202 825 tantnm,
1219 793 1267 821 sed
1284 801 1333 828 per
1344 798 1468 821 sanctam
1482 798 1594 827 quoque
1609 795 1721 820 carnem

933 848 1012 868 suam
1038 848 1088 868 nos
1106 839 1356 874 deilicans:cujus
1391 843 1419 866 et
1460 838 1559 866 fratres
1591 837 1722 873 appellari

933 887 1095 920 meruimus,
1119 892 1147 914 et
1158 886 1348 922 concorporei,
1378 890 1406 913 et
1421 890 1577 917 consortes,
1595 889 1622 912 et
1633 885 1723 912 cohzeé

933 933 1023 961 redes.
1039 932 1174 960 Convenit
1185 939 1250 966 ergo
1269 936 1299 959 ut
1318 931 1394 959 omni
1411 931 1537 959 custodia
1567 938 1618 958 nos
1632 935 1724 958 eusto‘

933 979 1054 1006 diamus.
1080 979 1110 1005 ln
1129 978 1220 1006 medio
1237 978 1400 1013 laqueorum
1429 977 1582 1011 ingrederis
1595 984 1644 1012 per
1656 975 1724 1004 civi-

934 1029 1017 1053 tatem
1035 1025 1193 1057 ambulans,
1220 1024 1284 1052 vide
1301 1031 1336 1052 ne
1354 1024 1392 1052 sis
1404 1024 1550 1052 remissus.
1573 1023 1603 1050 In
1626 1023 1724 1050 timore

934 1071 1042 1099 Domini
1057 1071 1093 1098 sit
1114 1071 1289 1098 conversatio
1304 1075 1350 1098 tua
1366 1078 1428 1098 cum
1453 1070 1520 1098 viris
1535 1071 1634 1098 bonis:
1656 1070 1721 1105 fuge

934 1117 997 1145 illos
1013 1117 1059 1152 qui
1077 1118 1136 1145 sine
1150 1117 1280 1144 cautione
1291 1116 1386 1144 vivunt
1402 1126 1408 1144 :
1427 1116 1488 1152 fuge
1504 1116 1582 1144 ludos
1596 1116 1726 1151 risusque

932 1165 1069 1200 juveniles
1085 1173 1092 1191 ι
1107 1164 1171 1198 fuge
1185 1164 1326 1199 crapulam
1336 1169 1363 1190 et
1377 1164 1538 1191 ebrietatem
1555 1162 1724 1198 pestiferam.

936 1209 1030 1237 Omnis
1043 1217 1128 1236 sermo
1146 1210 1233 1236 malus
1250 1217 1283 1236 ea:
1297 1217 1341 1236 ore
1362 1214 1410 1237 tuo
1433 1217 1483 1236 non
1507 1209 1634 1244 procedat
1649 1218 1656 1242 ;
1680 1208 1726 1235 sed

935 1257 959 1284 si
972 1256 1031 1291 quis
1046 1256 1127 1282 bonus
1149 1257 1184 1283 ad
1209 1256 1417 1290 ludiﬁcationem
1435 1256 1603 1283 audientium
1616 1254 1650 1281 η.
1679 1254 1728 1281 Di-

937 1305 1042 1329 Iescere
1061 1308 1096 1327 ne
1106 1301 1228 1334 studeas,
1256 1301 1321 1336 quia
1337 1300 1430 1328 nudus
1440 1300 1474 1327 in
1502 1300 1575 1326 hunc
1594 1299 1727 1326 mundum

935 1347 1079 1382 ingressus
1093 1354 1134 1380 es,
1156 1352 1183 1374 et
1207 1347 1298 1374 nudus
1320 1346 1433 1374 recedes
1446 1345 1480 1373 “.
1508 1345 1548 1372 Ne
1578 1353 1652 1373 ames
1671 1345 1728 1380 glo-

936 1392 1007 1419 riam
1023 1392 1118 1419 mundi
1135 1392 1229 1426 hujus,
1253 1392 1319 1427 quia
1334 1391 1405 1419 sicut
1429 1391 1523 1419 fumus
1539 1391 1728 1426 prmtcrvolat.

937 1438 1027 1466 Unum
1038 1438 1126 1466 solum
1143 1445 1204 1465 ama
1218 1438 1332 1470 hortum,
1348 1445 1447 1472 purum
1464 1437 1547 1465 sorde
1561 1437 1666 1471 peccati
1681 1444 1730 1464 cor

937 1485 1048 1516 habere.
1067 1491 1181 1520 regnum
1200 1485 1333 1512 caelorum
1356 1484 1481 1519 adipisci,
1497 1488 1524 1511 et
1544 1488 1672 1510 aeternam
1687 1482 1731 1510 fu-

901 1541 924 1572 ο
939 1539 1002 1567 gere
1012 1530 1230 1557 damnationem.
1245 1530 1330 1557 Serva
1346 1530 1476 1557 mandata
1500 1537 1562 1564 quae
1574 1529 1705 1563 accepisti
1721 1538 1728 1555 :

938 1583 1033 1603 aurem
1049 1581 1124 1602 tuam
1134 1575 1234 1602 inclina
1250 1575 1394 1602 mendico:
1410 1583 1471 1602 cum
1486 1575 1616 1609 opitulari
1632 1581 1731 1601 manus

940 1626 987 1649 tua
1003 1626 1105 1656 potest,
1121 1621 1232 1656 porrige
1246 1621 1389 1656 indigenti.
1405 1621 1511 1648 Minuta
1529 1620 1584 1647 duo
1599 1620 1731 1655 pauperis

939 1667 1029 1695 viduae
1042 1667 1161 1694 antelata
1178 1672 1243 1694 sunt
1260 1667 1388 1694 omnibus
1403 1674 1464 1702 quae
1483 1667 1568 1694 missa
1584 1666 1692 1693 fuerant
1703 1667 1732 1693 in

940 1712 1167 1748 gazophylacium
1179 1713 1213 1739 ".
1227 1712 1418 1740 Juramentum
1438 1720 1493 1740 non
1513 1711 1618 1740 habitet
1639 1712 1666 1739 in
1684 1719 1734 1739 ore

941 1764 1006 1787 tuo:
1024 1767 1087 1787 nam
1103 1760 1150 1795 qui
1169 1760 1244 1795 juvat
1259 1767 1313 1787 non
1339 1760 1501 1793 salvabitur,
1517 1760 1624 1787 tametsi
1641 1759 1734 1787 omnia

941 1810 1077 1842 prmoepta
1089 1814 1201 1834 servare
1216 1806 1351 1834 videatur.
1366 1805 1454 1834 Visita
1468 1806 1607 1833 hominem
1620 1813 1735 1833 carcere

941 1852 1095 1884 detentum,
1114 1856 1144 1879 ut
1166 1851 1288 1879 visitet-is
1315 1860 1330 1879 ιι
1345 1851 1473 1879 Domino.
1486 1851 1604 1879 Assidue
1626 1859 1685 1883 ara,
1702 1855 1730 1878 ct

941 1898 1031 1933 psalle
1053 1897 1081 1925 in
1093 1897 1187 1930 corde,
1204 1902 1234 1925 ιιι
1253 1897 1389 1932 Spiritum
1402 1902 1530 1925 sanctum
1549 1897 1736 1925 contuberna-

942 1942 996 1969 lem
1019 1942 1153 1977 excipias.
1172 1942 1235 1970 Haec
1249 1950 1337 1978 pauca
1352 1943 1386 1970 de
1402 1943 1496 1970 multis
1520 1942 1649 1977 dogmata
1669 1942 1736 1970 cha-

944 1987 1046 2020 ritatis,
1063 1988 1134 2015 bona
1156 1994 1300 2024 pramepta,
1319 1997 1380 2024 quae
1409 1989 1490 2016 ambo
1506 1996 1691 2024 exsequamur
1706 1993 1737 2015 ut

944 2033 1014 2061 salvi
1043 2034 1142 2067 simus,
1160 2035 1187 2062 in
1205 2034 1316 2063 Christo
1342 2035 1405 2062 Jesu
1436 2034 1553 2063 Domino
1571 2039 1679 2069 nostro,
1691 2035 1736 2063 cui

944 2080 1029 2115 gloria
1048 2080 1075 2107 in
1088 2080 1187 2108 saecula
1203 2081 1376 2108 saeculorum.
1395 2081 1494 2108 Amen.

81 2129 207 2164 ἀγαθαὶ,
229 2130 264 2162 ἃς
283 2130 436 2167 ἀμφότεροι
467 2130 631 2166 πράξωμεν,
648 2130 697 2157 καὶ
721 2128 886 2164 σωθείημεν,
905 2128 934 2155 ὲν
951 2127 1062 2164 Χριστῷ
1080 2128 1169 2165 Ἰησοῦ
1184 2127 1223 2164 τῷ
1238 2128 1336 2164 Κυρίῳ
1347 2129 1438 2164 ἡμῶν,
1451 2124 1473 2163 ᾧ
1494 2129 1511 2164 ή
1525 2128 1589 2161 δόξα
1604 2129 1644 2161 είς
1673 2129 1738 2161 τοὺς

82 2179 195 2211 αἰῶνας
211 2178 267 2205 τῶν
282 2178 402 2206 αἰώνων.
425 2179 525 2214 Ἀμήν.

201 2227 265 2255 Ρ¹Ε¹
282 2227 586 2263 (HL-2150549000”:
600 2225 765 2262 ἡγουμένη·
786 2224 887 2262 [χμζῖ]

1084 2221 1166 2250 CXV.
1185 2237 1220 2242 —
1235 2221 1418 2257 Eupltrorymzz
1439 2221 1598 2256 prwposilw.

649 2283 756 2307 Rursum
767 2283 800 2306 de
812 2280 892 2313 ipsius
904 2279 990 2305 matris
1009 2279 1079 2304 obilu
1091 2277 1187 2304 scribit.

130 2337 182 2369 Ὠς
196 2336 270 2364 καλὰ
285 2337 320 2365 τὰ
335 2337 489 2373 γράμματα
516 2337 566 2372 τῆς
588 2336 745 2372 τιμιότητος
763 2343 824 2369 σου,
844 2344 880 2362 κα

981 2335 1068 2368 Quam
1095 2333 1236 2369 praeclarae
1262 2331 1374 2360 fuerunt
1388 2331 1548 2360 reverentia;
1564 2332 1739 2360 tuaelitterazv

80 2384 118 2412 τὸ
139 2384 272 2419 λυπηρὸν
301 2383 514 2419 ἐπιδεικνύμενα
536 2384 588 2419 τῆς
602 2383 650 2410 ἐπὶ
667 2385 701 2419 τῇ
718 2381 781 2419 ὁσίςι
804 2383 893 2419 μητρὶ

81 2430 265 2466 κοιμήσεως,
281 2430 328 2456 καὶ
339 2430 369 2456 τδ
381 2429 587 2465 ὑπομνηστικδν
601 2429 650 2465 τῆς
659 2429 765 2461 ἐλπίδος
779 2429 895 2464 ἔχονται

85 2477 141 2509 Ὠς
155 2477 218 2513 γὰρ
232 2476 265 2503 τὸ
278 2475 368 2511 πάντη
386 2475 493 2503 ἄλυπον
510 2477 558 2504 καὶ
584 2476 690 2511 ἄδακρυ
717 2476 764 2503 ἐπὶ
778 2476 811 2511 τῇ
840 2474 896 2501 τῶν

78 2523 312 2559 κεκοιμημένων
329 2522 477 2555 διαξεύξει,
488 2522 686 2558 κατηγορεῖται
702 2521 897 2557 (ἀναισθησίας

77 2570 147 2606 ’γὰρ
163 2570 347 2605 τεκμήριον)·
362 2567 435 2597 οὕτω
450 2569 481 2596 τὸ
504 2569 592 2604 πέραν
603 2569 651 2595 τοῦ
680 2568 783 2604 μέτρου
814 2567 897 2594 πάλιν

78 2617 292 2644 κατακλᾶσθαι
306 2618 339 2652 τῇ
352 2616 438 2652 λύπῃ,
454 2615 510 2642 τῶν
526 2615 564 2651 μὴ
578 2615 696 2650 ἐχόντων
712 2614 785 2641 ἐστὶν
800 2613 899 2640 ἐλπίδα

81 2663 292 2695 ἀναστάσεως.
320 2663 409 2698 Δεῦρο
431 2662 538 2694 λοιπὸν,
561 2661 666 2697 ἀδελφὴ
684 2661 714 2688 ἐν
738 2659 844 2696 Κυρίῳ,
869 2658 899 2686 τὸ

944 2388 1005 2416 qua:
1019 2385 1046 2408 et
1061 2379 1183 2407 dolorem
1192 2386 1226 2406 ex
1239 2383 1343 2406 sanctae
1353 2378 1450 2405 matris
1462 2378 1538 2405 obitu
1548 2381 1654 2405 testata:
1665 2383 1739 2409 sunt.

946 2432 975 2455 et
993 2427 1051 2462 spei
1075 2426 1241 2453 mentionem
1268 2425 1474 2452 continebant!
1502 2423 1740 2457 Quemadmodum

945 2474 1017 2501 enim
1031 2481 1084 2500 non
1098 2473 1190 2500 dolere
1199 2479 1324 2507 prorsus,
1341 2479 1391 2498 nec
1408 2471 1473 2498 [lere
1493 2475 1667 2498 mortuorum
1679 2470 1739 2498 dis-

945 2519 1081 2551 cessione,
1101 2517 1202 2545 merito
1239 2516 1475 2552 reprehenditur;
1495 2516 1617 2550 stuporis
1640 2516 1741 2551 quippe

946 2570 988 2593 est
1002 2570 1195 2601 argumentum
1213 2574 1219 2592 :
1236 2565 1277 2592 sic
1299 2565 1382 2592 etiam
1402 2564 1473 2591 ultra
1501 2562 1616 2590 modum
1646 2563 1741 2590 dolore

948 2611 1049 2648 frangi,
1067 2619 1163 2639 eorum
1177 2615 1219 2640 est
1236 2611 1282 2646 qui
1305 2611 1518 2639 resurrectionis
1531 2618 1606 2644 spem
1623 2617 1678 2637 non
1692 2609 1741 2636 ha-

949 2658 1025 2686 bent.
1043 2659 1100 2694 Age
1116 2666 1189 2686 nunc
1218 2665 1294 2693 ergo,
1308 2665 1390 2685 soror
1415 2657 1443 2684 in
1474 2657 1602 2689 Domino,
1621 2655 1742 2690 legitimo

124 2722 154 2739 ³⁸
171 2722 257 2749 Joan.
275 2722 380 2754 “1,47.
417 2722 439 2738 ³⁷
451 2720 531 2749 ιῐοιιιι.
549 2729 594 2754 xv,
607 2721 653 2748 ΞΩ.
691 2720 714 2737 ³⁸
727 2719 807 2748 Joan.
821 2726 870 2752 xu,

970 2717 993 2733 ³¹³
1008 2715 1125 2751 Philipp.
1140 2723 1168 2749 Il,
1191 2715 1217 2749 7,
1234 2716 1262 2744 8.
1301 2716 1323 2732 ⁸ο
1347 2714 1428 2743 Hebr.
1441 2723 1460 2748 ι,
1477 2714 1504 2741 5.
1543 2714 1564 2730 “
1583 2713 1683 2749 Ephcs.
1705 2721 1741 2746 ιν,

79 2757 135 2785 29.
183 2759 207 2773 ⁸³
223 2756 285 2785 Job.
303 2766 321 2789 ι,
335 2757 380 2784 il.
418 2757 440 2773 ⁵³
455 2757 540 2785 Marc.
557 2764 605 2789 xu.
621 2757 665 2784 45.

867 2810 983 2840 NOTAE.

129 2876 161 2911 (1
173 2875 198 2910 Ι)
214 2874 246 2902 In
258 2872 319 2907 cod:
336 2872 402 2908 Reg.
425 2873 491 2908 ρλγ¹.
