1912 3080
172 133 241 168 1388

762 137 793 167 S.
810 135 1008 168 THEODORI
1025 134 1200 168 STUDITIE
1391 149 1406 155 -

1733 131 1803 167 1““

170 193 283 229 planctu
302 191 451 228 perfuncti,
463 192 497 220 ad
511 199 560 221 nos
575 192 739 221 redeamus:
755 201 809 221 non
821 198 851 221 ut
860 198 962 221 sancta

1018 195 1106 222 ίκανὸν
1124 194 1171 221 τοῦ
1201 193 1317 226 πένθους
1344 191 1576 228 ἀφοσιωσάμενοι,
1604 192 1645 225 εἰς
1681 191 1804 224 ἑαυτοὺς

169 239 244 267 illius
255 239 434 268 simulacrum
453 247 488 268 ex
503 244 596 268 meme
610 239 774 275 abjiciamus
786 249 794 274 ;
807 241 890 269 absit.
905 240 964 269 Erit

170 285 244 312 enim
262 284 334 319 apud
360 293 412 313 nos
437 285 529 314 omnis
557 286 757 315 adhortationis
787 287 964 322 gubernatio-

172 331 271 366 nisque
287 336 501 359 monumentum
516 340 524 359 :
553 332 601 360 sed
616 336 645 360 ut
667 332 802 360 alacriore
816 333 910 360 animo
923 333 963 360 si-

172 385 245 408 mus,
259 384 292 405 ac
307 385 473 413 peragamus
493 379 661 413 propositum
675 383 813 406 certamen
828 379 963 407 exercita-

173 423 269 451 tionis.
285 422 345 450 Non
357 423 441 459 igitur
449 424 561 459 reliquit
574 428 600 452 te
609 429 697 452 mater
709 425 855 452 immatura
869 430 961 460 aetate,

173 477 224 496 nec
245 469 343 498 rudem
376 478 468 497 rerum
500 470 669 503 divinarum,
700 479 752 500 nec
778 471 961 499 humanarum

171 515 327 550 imperitam
344 524 352 549 ;
368 516 431 547 sed,
448 516 551 544 Christi
563 517 663 552 gratia,
679 517 808 545 omnibus
823 519 908 545 rebus
922 518 966 545 inv

171 566 318 594 structam,
331 566 358 589 et
383 562 448 590 vitae
461 570 514 589 usu
538 563 666 597 peritam,
683 568 711 591 et
736 564 888 598 prudentiae
905 563 964 599 ple-

173 615 249 641 nam,
260 612 288 635 et
309 607 426 636 scientia
442 607 620 642 locupletem,
637 613 665 636 et
687 609 880 644 gubernationi
900 616 962 643 per-

172 652 310 680 idoneam.
327 653 449 688 Cumque
471 654 598 682 humanas
613 655 677 682 vitat
698 654 804 683 deﬁniti
824 657 881 683 sint
894 655 963 688 dies,

171 697 299 732 prospice
315 697 451 732 imprimis
478 699 596 734 propriae
623 699 777 730 securitati,
800 699 963 733 adiutricem

173 750 318 770 assumens
333 743 391 770 sive
405 751 421 770 e
435 743 528 775 domo,
554 744 577 771 si
598 749 737 779 suppetat,
756 744 814 773 sive
829 745 965 773 extrinse-

171 796 230 815 cus.
251 788 356 824 Quippe
370 788 429 815 ﬁeri
451 789 566 816 omnino
583 794 683 824 potest,
712 795 742 817 ut
762 789 892 818 feminam
920 791 965 818 in-

172 834 267 861 venias
292 834 335 862 cui
351 835 461 869 negotia
485 843 548 870 quae
566 835 703 863 interdum
729 841 879 864 occurrunt
895 836 964 864 diﬂi-

1013 241 1161 277 γενώμεθα
1173 249 1181 258 ’
1197 241 1246 276 οὐχ
1261 240 1304 268 ὅτι
1323 239 1451 267 ἐκϐαλεῖν
1465 239 1515 274 τῆς
1541 239 1657 274 καρδίας
1669 239 1701 266 τδ
1715 240 1806 267 ῐνδαλ-

1016 296 1055 323 μα
1070 287 1120 322 τῆς
1134 286 1217 321 ἁγίας
1236 286 1363 322 ἐκείνης·
1387 286 1424 322 μή
1445 294 1474 312 τι
1499 285 1606 320 γένοιτο
1617 292 1625 300 ⁸
1645 284 1689 320 εἴη
1705 285 1759 320 γὰρ
1774 286 1805 313 ἐν

1013 333 1082 368 ἡμῖν
1096 332 1247 368 ὑπόμνημα
1257 331 1350 366 πάσης
1364 331 1567 367 παρακλήσεως
1584 330 1633 357 καὶ
1653 330 1804 366 διακυϐερ-

1014 380 1121 415 νήσεως
1133 385 1141 392 ·
1153 377 1222 405 ἀλλὰ
1239 377 1271 405 τδ
1284 377 1400 412 ἄγεσθαι
1413 376 1606 412 εὐθυμότερον,
1624 377 1671 404 καὶ
1685 376 1805 403 διανύειν

1013 425 1061 453 τὸν
1084 424 1266 461 προκείμενον
1281 424 1376 459 ἀγῶνα
1389 425 1440 459 τῆς
1454 423 1611 458 ἀσκήσεως.
1635 423 1693 449 Οὐκ
1713 423 1805 449 εἴασεν

1013 469 1061 499 οὖν
1078 480 1109 498 σε
1123 472 1153 498 iv
1171 470 1255 506 ἀώρῳ
1266 469 1400 506 ἡλικίᾳιή
1419 469 1522 505 μήτηρ,
1548 469 1602 495 οὐδ’
1629 468 1723 503 ἀμαθῆ
1749 468 1805 495 τῶν

1015 517 1109 550 θείων,
1130 517 1186 544 οὐδ’
1206 516 1322 552 ἄπειρον
1346 515 1402 542 τῶν
1429 515 1459 542 ἐν
1481 515 1542 550 βίῳ,
1558 513 1692 541 πάντοθεν
1712 513 1806 549 χάριτι

1014 563 1135 600 Χριστοῦ
1149 562 1343 598 ἱκανουμένην,
1363 561 1410 588 καὶ
1425 561 1484 597 βίου
1510 560 1654 596 ἔμπειρον,
1670 561 1718 587 καὶ
1738 568 1808 595 φρο-

1017 609 1122 645 νήσεως
1135 607 1275 643 ἔμπλεων,
1300 607 1348 635 καὶ
1368 605 1497 641 γνώσεως
1520 604 1651 641 εὔπορον,
1667 605 1716 632 καὶ
1737 605 1807 632 διοι-

1014 654 1123 689 κήσεως
1137 651 1259 679 εὔθετον.
1278 651 1336 679 Καὶ
1348 651 1462 687 ἡμερῶν
1476 650 1732 686 ἅπηρτισμὲνωντῇ
1747 648 1805 685 ζωῇ

1016 700 1071 727 τῶν
1089 699 1254 734 ἀνθρώπων,
1279 697 1342 742 ξχου
1360 697 1399 734 ιδὴ
1429 697 1482 732 τῆς
1509 697 1614 728 οἰκείας
1641 695 1805 728 ἀσφαλείας.

1014 746 1194 781 λαμϐάνουσα
1207 744 1316 780 βοηθὸν,
1333 744 1390 771 εἴτε
1405 743 1523 777 οἴκοθεν,
1537 743 1627 779 ἄνπερ
1648 742 1694 770 καὶ
1718 742 1806 776 ἐστιν,

1015 792 1071 819 εἴτε
1088 791 1198 824 ἔξωθεν.
1214 791 1272 818 οὐκ
1301 790 1404 825 ἄπορον
1431 789 1487 824 γὰρ
1511 789 1601 824 εὑρεῖν
1619 790 1736 823 γυναῖκα
1760 788 1807 815 ἐπ’

1015 837 1142 865 ἀναθέσει
1156 836 1211 864 τῶν
1220 835 1433 872 συμπιπτόντων
1447 835 1521 862 ἐστιν
1535 835 1580 862 ὅτε
1590 834 1805 869 δυστεκμάρτων

173 880 274 908 cillima
290 881 458 914 committas,
473 889 534 916 quae
553 881 682 917 expedire
708 890 757 918 per
770 890 800 911 se
814 890 893 911 meus
909 891 964 911 una

1018 884 1200 920 πραγμάτων,
1212 879 1250 909 ὧν
1265 881 1315 918 τὴν
1325 881 1404 908 λύσιν
1428 879 1469 913 εἷς
1482 880 1545 912 νοῦς
1561 880 1611 915 οὐχ
1626 877 1683 912 οἶός
1699 880 1730 906 τέ
1745 879 1806 906 ἔστι

172 931 304 960 nequeat.

208 972 328 1000 Attende
342 972 471 1001 similiter
495 973 668 1002 subditarum
686 981 811 1002 sororum
827 975 966 1010 guherna~

174 1017 242 1045 tioui
261 1026 268 1045 :
285 1026 383 1054 regens
399 1019 463 1047 illas
479 1019 506 1046 in
525 1019 655 1053 Domino,
670 1027 734 1048 cum
747 1021 824 1048 omni
839 1020 964 1056 longani-

175 1064 270 1092 mitate
285 1069 314 1092 et
329 1065 571 1094 commiseratione
581 1066 695 1101 exigens
706 1074 767 1101 qua:
777 1071 842 1094 sunt
857 1066 942 1094 ofﬁcii
953 1074 963 1094 τ

173 1116 264 1144 neque
283 1118 385 1146 urgens
398 1110 602 1144 vehementius,
620 1111 668 1139 sed
685 1111 758 1140 sicut
772 1112 864 1139 nutrix
892 1112 965 1141 ﬁlios

174 1162 242 1183 suos
267 1155 374 1189 fovens,
395 1160 536 1191 totamque
551 1162 577 1184 te
604 1157 659 1185 illis
675 1157 835 1192 impendens
852 1167 859 1185 :
880 1158 918 1186 ita
935 1162 966 1186 ut

174 1201 293 1228 animam
315 1202 402 1236 ipsam
422 1210 471 1237 pro
488 1203 542 1230 illis
559 1210 693 1239 exponas,
720 1211 810 1239 neque
830 1203 900 1232 freni
915 1204 966 1232 ha-

176 1246 262 1274 benas
281 1255 297 1274 e
313 1247 456 1274 contrario
482 1249 592 1283 penitus
616 1249 769 1282 remittens,
796 1257 858 1285 quae
881 1257 964 1278 causa

175 1300 238 1320 csse
250 1292 322 1319 solet
341 1292 545 1326 dissolutionis,
558 1294 739 1327 confusionis,
755 1300 782 1323 et
802 1296 905 1324 nullius
920 1304 966 1325 er-

175 1345 209 1372 ga
224 1337 295 1364 filios
310 1337 424 1365 amoris.
440 1338 501 1365 Scis
514 1339 653 1373 quomodo
667 1343 705 1369 te.
721 1345 854 1374 praesente
866 1345 964 1374 matre.

176 1393 286 1420 gereres
307 1393 315 1411 ι
333 1386 388 1413 scis
407 1386 433 1412 in
464 1390 490 1413 te
517 1387 638 1414 omnium
656 1387 765 1414 illarum
792 1388 889 1416 oculos
904 1393 966 1416 tan—

175 1440 258 1467 quam
273 1432 300 1459 in
312 1431 398 1459 Deum
414 1439 474 1460 esse
486 1439 644 1465 conversos,
659 1440 808 1468 personam
829 1438 904 1461 tuam
922 1435 967 1462 in-

176 1478 311 1505 tuentium
328 1477 402 1504 velut
414 1476 630 1505 conciliatricem
647 1478 719 1512 apud
735 1477 832 1505 Deum.
845 1479 923 1512 Quod
941 1479 965 1507 si

177 1523 234 1558 ipsa
260 1524 301 1550 sic
325 1530 408 1557 agas;
425 1522 602 1558 perspicuum
621 1527 664 1551 est
678 1523 751 1551 aliud
773 1523 836 1552 illas
861 1526 966 1559 spirare

178 1569 248 1596 nihil
260 1568 375 1601 debere,
388 1577 471 1604 quam
485 1569 559 1604 quod
577 1574 605 1596 tu
632 1570 762 1604 magistra
777 1577 804 1598 et
827 1571 916 1605 cupis.
941 1575 969 1599 et

177 1615 274 1651 iubes,
289 1621 316 1643 et
334 1615 469 1659 ~enuntias
483 1623 490 1641 :
507 1623 620 1649 prorsus
638 1621 667 1642 ut
678 1617 802 1651 genuinae
818 1616 880 1643 filia:
905 1624 970 1651 erga

179 1666 316 1694 matrem,
348 1666 380 1689 ut
406 1661 528 1689 membra
555 1661 590 1689 de
616 1663 739 1689 membro
754 1670 818 1698 erga
835 1668 925 1697 caput,
941 1667 971 1690 ut

182 1707 265 1736 ﬂores
278 1715 343 1743 erga
360 1708 506 1736 rosarium.
521 1708 562 1736 Ad
576 1708 627 1736 hoe
640 1709 713 1736 enim
729 1715 755 1737 et
770 1710 797 1737 in
807 1718 890 1737 unum
906 1718 972 1737 con-

194 1759 339 1785 venerunt,
350 1754 452 1781 mundo
467 1754 572 1786 relicto,
584 1759 611 1781 et
627 1754 660 1782 iis
675 1755 770 1790 quain
782 1756 884 1783 ntundo
894 1761 969 1790 sunt,

188 1799 354 1834 parentibus
367 1806 400 1826 ac
420 1798 562 1832 fratribus,
580 1801 743 1828 necessariis
761 1806 788 1828 et
804 1801 912 1833 amicis,
930 1802 971 1828 fa-

189 1845 340 1873 cultatibus
350 1849 377 1871 et
388 1844 479 1872 carnis
493 1844 646 1877 affectibus,
659 1846 812 1873 caelibatum
826 1848 969 1881 atnplexm,

179 1890 354 1925 Christoque
367 1890 512 1924 desponsae
530 1898 538 1917 :
551 1895 581 1918 ut
594 1895 689 1918 sancte
700 1895 728 1918 et
741 1893 969 1926 quemadmodum

179 1935 303 1970 virgines
320 1935 400 1962 decet
423 1935 558 1968 viventes,
578 1943 691 1969 regnum
715 1936 848 1964 ccelorum
871 1944 970 1965 conse-

179 1986 310 2016 quantur,
324 1981 481 2014 intrentque
495 1988 557 2008 eum
570 1980 681 2009 Christo
695 1981 722 2009 in
736 1982 875 2010 caelestem
891 1983 969 2010 illum

182 2032 209 2053 ct
224 2026 391 2053 itteﬂabilem
405 2026 557 2053 thalamum
573 2026 735 2061 nuptialem.
751 2026 817 2055 Tale
832 2032 859 2055 et
875 2028 928 2056 illis
941 2032 970 2056 et

181 2072 239 2103 tihi,
270 2072 390 2102 domina,
418 2077 557 2099 certamen
603 2076 646 2100 est
672 2076 700 2099 et
728 2071 888 2107 professio:
907 2081 969 2108 pro-

181 2117 245 2145 inde
257 2117 321 2144 huic
339 2117 513 2145 attendamus
533 2127 540 2145 :
563 2118 590 2145 in
602 2117 653 2145 hac
668 2125 840 2151 moveamur,
851 2123 878 2145 et
891 2119 968 2154 viva-

182 2171 244 2189 tnus
261 2171 267 2189 :
290 2170 344 2189 non
359 2162 412 2189 huc
430 2166 457 2189 et
475 2162 539 2190 illuc
552 2162 742 2197 respicientes,
757 2163 829 2198 quod
845 2163 885 2191 sic
900 2163 987 2197 illud.

1013 929 1116 957 δοῦναι.

1051 976 1136 1011 Ἔχου
1147 975 1179 1010 δὴ
1198 974 1300 1010 ὁμοίως
1315 974 1362 1002 καὶ
1387 973 1438 1008 τῆς
1459 972 1652 1008 κυϐερνήσεως
1669 971 1723 998 τῶν
1752 970 1808 998 ὐπδ

1013 1023 1095 1059 χεῖρα
1108 1021 1244 1055 ἀδελφῶν,
1261 1019 1455 1055 καθηγουμένη
1470 1019 1500 1045 ὲν
1520 1018 1614 1053 Κυρίῳ
1632 1017 1701 1052 μετὰ
1715 1016 1807 1050 πάσης

1015 1067 1218 1104 μακροθυμίας.
1228 1065 1297 1102 μετὰ
1305 1065 1487 1101 συμπαθείας,
1497 1064 1566 1099 μετὰ
1572 1062 1808 1099 ὲκζητήσεωςτῶν

1013 1113 1211 1149 ὀφειλομένων⁸
1226 1112 1293 1148 μήτε
1301 1109 1507 1142 καταπιέζουσα
1514 1108 1648 1145 σφοδρῶς,
1660 1108 1717 1135 ἀλλ’
1726 1107 1764 1140 ὡς
1773 1107 1810 1135 ἂν

1013 1159 1114 1196 τροφὸς
1143 1158 1235 1195 θάλπῃ
1257 1157 1292 1185 τὰ
1318 1157 1419 1192 ἑαυτῆς
1441 1157 1544 1189 τέκνα,
1572 1155 1607 1182 τὰ
1635 1154 1696 1182 κατ’
1722 1154 1810 1186 αὑτὰς

1016 1205 1186 1241 ἀμειϐομένη
1202 1211 1211 1221 ο
1232 1205 1271 1236 ὡς
1292 1203 1339 1231 καὶ
1370 1202 1454 1238 αὐτὴν
1483 1202 1534 1237 τὴν
1558 1201 1648 1237 ψυχὴν
1676 1200 1808 1236 προέσθαι

1014 1250 1086 1287 ὑπὲρ
1104 1251 1196 1278 αὐτῶν
1209 1259 1217 1268 ι
1244 1249 1306 1286 μηδ’
1322 1247 1355 1276 αῦ
1369 1250 1462 1277 ἀνεῖσα
1483 1248 1582 1279 όλικῶς
1590 1248 1640 1279 τὰς
1666 1247 1744 1282 ἡνίας
1759 1245 1807 1272 τοῦ

1015 1297 1145 1334 χαλινοῦ·
1171 1297 1257 1324 αττιον
1280 1295 1336 1331 γὰρ
1349 1295 1429 1323 τοῦτο
1455 1293 1617 1325 διαλύσεως.
1637 1292 1754 1325 ἀταξίας
1777 1299 1809 1318 τε

1015 1345 1064 1371 καὶ
1079 1342 1283 1378 ἁφιλοτεκνίας.
1299 1338 1381 1373 Οἶδας
1395 1342 1470 1373 ὅπως
1487 1339 1622 1374 συνούσης
1636 1338 1685 1374 τῆς
1705 1337 1812 1373 μητρὺς

1017 1390 1139 1422 ἐποίεις·
1151 1388 1227 1421 οἶδας
1248 1389 1289 1415 ὅτι
1303 1388 1329 1415 οι
1350 1387 1486 1423 ὀφθαλμοὶ
1510 1386 1606 1413 πασῶν
1622 1384 1712 1411 αὐτῶν
1726 1385 1766 1414 εἰς
1779 1383 1811 1409 οἱ

1017 1436 1161 1472 β)έπουσιν
1181 1435 1220 1466 ὡς
1234 1435 1274 1465 είς
1304 1433 1382 1464 Θεὸν.
1403 1433 1507 1468 ὁρῶσαι
1522 1431 1555 1458 τδ
1581 1429 1730 1466 πρόσωπόν
1750 1437 1809 1461 σου,

1018 1481 1159 1517 μεσιτεῦον
1175 1481 1272 1512 αὐταῖς
1286 1480 1320 1507 τὰ
1333 1479 1400 1515 πρὸς
1415 1479 1508 1505 αὐτόν.
1537 1478 1569 1504 Εἰ
1583 1477 1611 1504 δὲ
1628 1477 1697 1511 αὑτὴ
1711 1475 1809 1507 οὕτως,

982 1546 1004 1574 C
1019 1527 1099 1562 δῆλον
1111 1527 1153 1554 ὅτι
1174 1527 1318 1558 κάκείναις
1342 1524 1518 1561 ὀφειλόμενόν
1545 1525 1620 1551 ἐστιν
1645 1521 1710 1574 ii)?
1725 1521 1811 1574 μηδὲν

1022 1572 1163 1603 ἀναπνεῖν,
1190 1570 1207 1606 ἢ
1229 1570 1300 1606 ὅπερ
1318 1571 1351 1597 σὺ
1367 1571 1384 1605 ὴ
1406 1569 1566 1600 διδάσκαλος
1586 1569 1634 1595 καὶ
1657 1568 1733 1603 ἐρᾷς1
1763 1567 1813 1593 καὶ

1022 1617 1143 1652 ἑντὲλλῃ.
1153 1615 1201 1643 καὶ
1212 1615 1382 1651 διαγορεύεις
1392 1623 1400 1630 ·
1414 1615 1463 1642 καὶ
1478 1613 1572 1645 ἁπλῶς
1584 1613 1621 1646 ὡς
1644 1613 1726 1640 τέκνα
1741 1613 1813 1646 γνή-

1022 1670 1068 1689 σια
1081 1662 1149 1698 πρὸς
1165 1661 1284 1697 μητέρα,
1296 1660 1335 1692 ὡς
1349 1661 1416 1696 μέλη
1429 1661 1461 1686 ὲκ
1476 1660 1578 1695 μέρους
1593 1658 1659 1694 πρὸς
1677 1657 1810 1692 κεφαλὴν,

1020 1708 1060 1740 ὡς
1075 1707 1143 1742 ἄνθη
1162 1707 1231 1743 πρὸς
1247 1706 1389 1743 ῥοδωνιὰν.
1411 1706 1473 1733 Ἐπὶ
1496 1705 1585 1740 τούτῳ
1598 1705 1653 1740 γὰρ
1679 1704 1728 1731 καὶ
1744 1703 1812 1737 ἕλη-

1020 1753 1150 1781 λύθεισαν
1169 1753 1216 1780 ἐπὶ
1235 1752 1266 1779 τὸ
1277 1752 1353 1785 αὐτὸ,
1371 1750 1573 1778 καταλιποῦσαι
1587 1750 1690 1785 κόσμον
1709 1750 1755 1777 καὶ
1774 1749 1813 1777 τὰ

1021 1800 1053 1827 ὲν
1069 1799 1177 1835 κόσμῳ,
1192 1800 1283 1833 γονεῖς
1298 1807 1328 1825 τε
1338 1799 1387 1825 καὶ
1404 1797 1549 1832 ἀδελφοὺς,
1562 1797 1681 1828 οἰκείους
1700 1797 1747 1822 καὶ
1765 1796 1813 1830 φί-

1021 1845 1096 1878 λους,
1111 1844 1245 1880 ὑπάρξεις
1259 1853 1290 1870 τε
1301 1843 1349 1870 καὶ
1361 1843 1469 1879 σχέσεις
1482 1842 1596 1878 σαρκὸς,
1611 1842 1726 1875 ἀζυγίαν
1737 1842 1812 1875 ἀγα-

1021 1892 1158 1926 πήσασαι,
1176 1889 1226 1917 καὶ
1247 1889 1364 1925 Χριστὸν
1388 1889 1628 1925 νυμφευσάμεναι.
1654 1888 1712 1915 Ἵνα
1726 1887 1813 1920 ὁσίως

1020 1937 1068 1964 καὶ
1081 1936 1317 1972 παρθενοπρεπῶς
1335 1935 1466 1971 ζήσασαι,
1480 1935 1712 1971 κληρονομήσωσι
1729 1934 1809 1968 βασι-

1019 1981 1094 2009 λείαν
1105 1981 1246 2018 οὐρανῶν·
1271 1981 1320 2008 καὶ
1338 1981 1370 2008 τὸ
1385 1981 1454 2016 μετὰ
1478 1980 1598 2016 Χριστοῦ
1619 1980 1753 2007 εἰσελθεῖν
1770 1980 1814 2012 εἰς

1019 2031 1065 2056 τὸν
1091 2028 1218 2064 οὐράνιον
1245 2028 1353 2054 ἐκεῖνον
1376 2026 1424 2053 καὶ⁵
1453 2026 1636 2061 ἁνεκλιὶλητον
1663 2025 1812 2061 νυμφῶνα.

1019 2074 1147 2102 Τοιοῦτον
1160 2074 1210 2101 καὶ
1220 2074 1317 2105 αὑταῖς
1331 2073 1378 2099 καὶ
1386 2072 1438 2105 σοὶ,
1451 2072 1548 2108 κυρία,
1558 2072 1590 2099 τὸ
1602 2071 1750 2107 ἀγώνισμα
1762 2071 1813 2098 καὶ⁵

1019 2120 1199 2155 ἐπάγγελμα*
1220 2118 1310 2154 τούτῳ
1327 2119 1374 2145 καὶ
1395 2119 1576 2155 προσέχωμεν
1590 2126 1597 2133 ·
1615 2119 1645 2144 ὲν
1661 2117 1750 2152 τούτῳ
1762 2118 1813 2145 καὶ

1019 2164 1160 2200 κινὼμεθα
1182 2164 1230 2191 καὶ
1248 2163 1386 2199 διαξῶμεν
1398 2171 1406 2179 ”
1425 2163 1463 2199 μὴ
1479 2163 1683 2191 ἀποϐλέπουσαι
1711 2159 1764 2190 ὧδέ
1779 2172 1812 2190 τε

181 2209 391 2239 monasterium,
408 2208 450 2235 vel
465 2209 506 2236 sic
523 2208 597 2236 aliud
620 2209 830 2237 monasterium.
849 2208 966 2237 Noxium

1020 2211 1111 2243 κάκεῖ,
1127 2210 1168 2236 ὅτι
1182 2208 1270 2240 οὕτως
1286 2209 1376 2235 ἐκεῖνο
1389 2208 1420 2235 τὸ
1445 2209 1637 2243 μοναστὴριον,
1654 2208 1701 2234 καὶ
1718 2207 1813 2240 οὕτως

182 2254 234 2281 hoc
254 2259 295 2281 est
310 2263 318 2280 :
336 2261 397 2280 cum
410 2261 443 2281 ex
472 2258 669 2288 praeceptorum
696 2262 791 2281 norma
810 2254 900 2282 metiri
917 2262 968 2283 nos

181 2300 341 2332 debeat-tus,
356 2307 409 2326 non
424 2304 514 2326 autetn
529 2307 563 2326 ex
590 2300 698 2327 vicinis.
716 2299 785 2327 Hinc
797 2300 870 2327 enim
889 2308 969 2328 nemo

182 2347 340 2380 assequitur
352 2351 380 2373 ut
396 2350 470 2373 recte
482 2346 600 2378 incedat,
619 2345 816 2381 Deoquedigne
837 2347 967 2376 ambulet.

182 2389 252 2422 Quia
264 2397 384 2424 praesens
400 2395 467 2417 tetas
480 2389 621 2425 negligens
634 2394 687 2420 est.
705 2396 732 2418 et
745 2391 779 2418 ab
798 2395 894 2418 exacta
910 2392 968 2419 dis-

182 2436 283 2470 ciplina
308 2436 432 2469 descivit,
447 2441 475 2463 et
497 2436 532 2463 ab
546 2443 578 2462 ea
602 2436 710 2463 vivendi
726 2437 848 2472 regulam
875 2441 968 2472 petere

180 2490 282 2510 vantnn
296 2487 340 2510 est
353 2487 379 2509 ct
399 2483 512 2515 inutile;
545 2483 610 2510 illuc
633 2487 788 2518 spectemus
812 2483 858 2511 ubi
871 2488 966 2512 saneta

182 2529 238 2556 vita
253 2533 279 2556 et
295 2528 411 2556 Domino
425 2529 534 2563 placens
545 2529 722 2563 resplenduit.
739 2528 833 2562 Vides,
850 2537 926 2556 soror
940 2535 967 2556 et

184 2579 276 2602 mater
288 2574 448 2609 spiritualis,
465 2573 696 2608 quemadmodum
713 2574 804 2608 adegit
822 2582 865 2601 me
877 2575 968 2601 chari-

184 2626 228 2648 tas
243 2620 289 2648 Dei
310 2621 422 2648 liberius
436 2620 506 2655 apud
523 2627 572 2647 vos
586 2619 678 2655 loqui?
697 2618 768 2646 Nihil
780 2620 897 2655 amplius
910 2620 967 2648 fac-

182 2672 266 2695 turus
281 2675 367 2700 erant,
381 2667 402 2694 si
417 2668 450 2694 ad
462 2667 549 2702 ipsam
564 2671 702 2702 parentem
716 2674 804 2693 meam
821 2672 848 2694 et
861 2674 967 2702 germa-

185 2722 236 2742 nas
251 2720 361 2741 sorores
372 2713 455 2740 verba
471 2712 607 2740 fecissem.
626 2711 810 2747 Praeterquam
825 2712 897 2747 quod
908 2719 967 2739 om-

182 2768 232 2788 nes
246 2767 346 2794 corpus
362 2759 464 2786 Christi
484 2766 593 2791 sumus,
612 2762 640 2785 et
663 2766 747 2785 unum
762 2758 870 2785 Putrem
887 2758 965 2785 invo-

181 2813 278 2834 camus
292 2806 394 2833 bonum
418 2803 504 2832 Deum
528 2808 666 2832 nostrum.
683 2802 774 2836 Quare
787 2801 886 2830 fratres
899 2810 966 2837 quo-

183 2859 238 2887 que
251 2858 347 2880 omnes
363 2850 489 2884 invicem,
503 2853 531 2878 et
547 2856 647 2885 corpus
664 2855 761 2881 unum,
771 2852 798 2877 et
809 2851 964 2881 consortes.

1019 2255 1050 2282 τὸ
1063 2255 1128 2283 ἄλλο
1153 2255 1347 2289 μοναστήριον.
1377 2253 1514 2288 Βλαϐερδν
1542 2253 1638 2280 τοῦτο’
1655 2255 1688 2289 τῇ
1713 2254 1812 2289 ἐντολῇ

1019 2301 1060 2328 δεῖ
1074 2302 1263 2336 παραμετρεῖν
1278 2300 1402 2331 ἑαυτοὺς,
1427 2299 1495 2326 ἀλλὰ
1514 2299 1552 2336 μὴ
1562 2301 1618 2331 τοῖς
1634 2299 1730 2331 πέλας.
1748 2300 1813 2326 Ἐν-

1018 2347 1113 2373 τεῦθεν
1127 2346 1181 2381 γὰρ
1193 2346 1242 2373 οὐκ
1256 2345 1367 2381 ἔρχεταί
1387 2354 1430 2378 τις
1448 2346 1488 2377 εις
1505 2345 1535 2372 τὸ
1557 2345 1726 2381 ὀρθοποδεῖν,
1747 2345 1811 2372 οὐδὲ

1019 2391 1179 2427 θεοπρεπῶς
1205 2391 1379 2427 πορεύεσθαι.
1408 2391 1522 2427 Ἐπειδὴ
1539 2391 1556 2426 ὴ
1582 2391 1709 2425 παροῦσα
1724 2391 1808 2425 γενεὰ

1018 2437 1067 2465 καὶ
1080 2437 1213 2473 ὀλίγωρός
1240 2438 1325 2470 ἐστιν,
1347 2436 1521 2464 ἐκλελοιπυῖα
1540 2438 1588 2463 τοῦ
1613 2437 1810 2472 ὴκριῦωμένου

1019 2482 1089 2518 βίου.
1106 2483 1154 2510 καὶ
1168 2485 1199 2510 τὸ
1211 2483 1259 2510 ἀπ’
1272 2482 1357 2517 αὐτῆς
1372 2482 1562 2514 κανονίζεσθαι
1580 2482 1665 2508 ἕωλον
1680 2482 1728 2509 καὶ
1740 2482 1810 2508 ἀλυ-

1020 2528 1124 2560 σιτελές
1137 2536 1144 2543 ·
1159 2529 1217 2555 ἐκεῖ
1236 2528 1383 2563 σκοπῶμεν
1396 2526 1427 2554 οῦ
1442 2529 1456 2554 ὁ
1472 2528 1545 2563 ἱερὸς
1564 2527 1633 2563 βίος,
1648 2527 1713 2554 ἔνθα
1727 2528 1814 2563 ἐλαμ-

1016 2574 1067 2610 ψεν
1080 2575 1097 2610 ἡ
1110 2574 1289 2609 εὐαρέστησις
1305 2573 1412 2610 Κυρίῳ.
1428 2572 1521 2609 ὐρᾷς,
1538 2573 1640 2608 ὸδελφὴ
1652 2574 1698 2600 καὶ
1716 2575 1813 2610 μήτηρ

1017 2620 1204 2656 πνευματικὴ,
1215 2620 1291 2652 ὅπως
1306 2629 1340 2656 με
1351 2611 1508 2654 ἠνάγκασε-ι
1517 2620 1534 2655 ὴ
1550 2619 1620 2647 κατὰ
1631 2619 1697 2646 Θεδν
1712 2621 1814 2656 ἀγάπη

1017 2665 1261 2702 παῤῥησιασθῆναι
1286 2667 1316 2693 ὲν
1340 2666 1421 2701 ὑμῖνς
1438 2665 1516 2692 οὐδὲν
1539 2665 1619 2692 πλέον
1640 2665 1752 2700 Εμελλον
1775 2666 1814 2693 ἂν

1017 2713 1115 2743 ποιεῖν⁹
1127 2712 1151 2738 εί
1165 2712 1234 2747 πρὸς
1248 2711 1356 2747 μητέρα
1373 2712 1424 2748 τὴν
1438 2712 1517 2747 ὲμὴν,
1531 2712 1578 2738 καὶ⁵
1596 2712 1663 2746 πρὸς
1688 2711 1813 2746 ἀδελφὰς

1017 2757 1088 2784 κατὰ
1106 2756 1196 2793 σάρκα
1211 2755 1245 2792 ἢν
1261 2766 1307 2792 μοι
1329 2756 1514 2791 διαλέγεσθαι.
1539 2757 1615 2793 Πλὴν
1631 2757 1673 2784 ὅτι
1703 2757 1812 2790 πάντες

1017 2802 1099 2838 σῶμά
1110 2803 1195 2838 ὲσμιν
1209 2803 1341 2838 Χριστοῦ,
1358 2803 1405 2831 καὶ
1415 2803 1464 2831 ινα
1479 2802 1586 2839 πατέρα
1597 2803 1812 2838 ἑπικαλούμιθα

1015 2848 1062 2876 τὸν
1072 2848 1178 2884 ἀγαθὸν
1191 2849 1259 2877 om
1276 2849 1366 2885 ἡμῶν.
1382 2849 1465 2878 ’Ὥστε
1480 2849 1591 2885 ἀδελφοὶ
1611 2849 1710 2882 πάντες
1723 2849 1810 2887 ms-
