1912 3080
63 117 126 151 1385

661 125 929 158 EPISTOLARUM
943 128 1015 158 LIB.
1037 127 1078 158 II.

1622 127 1690 160 13%

60 174 121 206 λων,
133 175 180 201 καὶ
198 175 349 211 σύσσωμοι,
366 177 414 204 καὶ
429 179 609 214 συμμέτοχοι,
625 181 672 208 καὶ
691 182 845 217 συγκληρο-

904 189 924 210 at
948 184 1115 211 cnltmredes.
1146 184 1235 218 Atque
1255 183 1318 211 inde
1334 188 1376 212 est
1397 184 1472 219 quod
1490 192 1542 211 nos
1572 184 1688 211 salutem

59 221 143 256 νόμοι.
158 222 314 249 Κᾶντεῦθεν
324 223 355 249 τὺ
366 224 452 257 φιλεῖν
463 225 537 259 ἡμᾶς
551 226 598 253 καὶ
613 226 747 259 σώζεσθαι
759 228 844 263 ὑμᾶς.

59 268 181 302 ment-:9
193 268 290 304 ἀγαπᾷ
308 268 418 304 Κύριος,
433 271 479 297 καὶ
492 271 660 300 ἐντέταλται.
679 273 785 309 Εἰρήνη
798 282 840 300 σοι

58 315 87 348 τῇ
107 314 189 350 κυρία
210 315 305 350 μητρί.
320 315 423 351 Εἰρήνη
442 319 502 349 ταῖς
525 318 654 353 ἀδελφαῖς
681 320 711 346 ἐν
734 319 846 355 Χριστῷ

65 359 147 394 Ἰησοῦ
162 359 201 391 τῷ
213 361 309 396 Κυρίῳ
319 362 409 396 ἡμῶν.
430 363 528 400 Ἀμήν.

193 416 266 450 Ρκτ
280 417 349 453 (12).
368 433 403 439 -—-
425 415 549 455 Ἰωάννῃ
569 420 704 455 ἐρημίτῃ.
743 420 843 457 [χμη’.]

898 235 1018 258 vestram
1049 237 1176 257 amamus
1201 230 1271 258 sicut
1294 235 1368 257 amat
1397 231 1540 263 Dominus,
1565 238 1597 257 ac
1618 230 1691 258 sicut

898 280 1062 310 praeceptum
1101 278 1153 302 est.
1183 274 1241 302 Pax
1274 275 1322 302 tibi
1349 275 1468 302 domina}
1503 275 1594 302 matri.
1633 274 1689 302 Pax

899 322 1047 349 sororibus
1066 322 1093 350 in
1111 322 1223 350 Christo
1236 321 1304 349 Jesu
1327 321 1444 349 Domino
1465 327 1573 350 nostro.
1589 322 1689 349 Amen.

1100 419 1192 447 CXVI.
1207 436 1241 440 —
1252 420 1350 448 Joanm
1365 421 1493 448 eremitw.

435 476 473 501 De
488 478 593 508 quodam
610 477 716 503 eremita
727 477 847 503 heretico
855 477 885 501 ad
902 476 974 501 fidem
991 477 1137 502 catholicam
1151 478 1305 503 adducenda.

96 524 160 552 Ἡδὺ
175 525 266 562 θέαμα
277 527 380 555 ὁπόταν
394 537 436 560 τις
458 529 594 563 θεάσοιτο,
607 531 687 557 τοῦτο
701 531 749 558 καὶ
776 530 846 565 μετὰ

59 571 106 606 τὴν
127 572 303 608 ἀναχώρησιν
328 575 369 606 εἰς
387 575 451 602 νοῦν
467 576 512 603 ἀεὶ
536 577 704 613 ἀναθεωρεῖν
738 577 846 604 εἴωθεν.

58 619 151 651 Οὕτως
168 618 214 647 οὖν
228 621 277 647 καὶ
298 622 380 657 ἡμεῖς
394 624 418 650 οἱ
440 625 576 655 ταπεινοὶ,
593 624 749 659 θεοτίμητε,
773 622 847 656 ἅπαξ

60 673 89 691 σε
105 665 263 700 βλέψαντες,
279 668 328 694 καὶ
349 667 532 703 ὡμιληκότες,
551 670 602 696 οὐκ
623 668 846 704 ἐπιλελήσμεθα·

59 711 126 737 ἀλλὰ
135 712 341 748 φανταζόμενον
352 714 451 750 ἔχομεν
462 715 492 742 ἐν
505 717 538 752 τῇ
553 715 658 751 διανοίᾳ
669 724 676 730 ⁸
689 715 758 742 αὐτὸ
769 715 849 742 τοῦτο

59 757 221 793 γαννύμενοι
245 759 313 795 ὁρᾷν
337 759 482 796 ἄνθρωπον
503 761 584 793 Θεοῦ,
605 761 745 797 προσώπῳ
758 760 848 787 τεκαὶ

59 803 152 839 ὁμιλίᾳ
169 804 251 840 χάριν
274 804 351 832 θείαν
367 806 522 841 λάμποντα,
555 807 604 834 καὶ
628 808 669 839 είς
693 806 849 841 δοεολογιαν

60 851 127 877 Θεοῦ
147 853 382 888 προτρεπόμενον.
402 853 503 889 Ἔσχες
516 853 545 881 δέ
559 853 639 881 τοῦτο
666 855 700 889 τῇ
727 854 848 889 ἐρημικῇ

63 896 188 931 μονώσει,
215 899 263 925 καὶ
289 900 322 935 τῇ
351 901 540 935 προσευκτικῇ
562 899 761 936 προσελεύσει’
779 899 850 934 λαμ-

62 943 191 977 πρυνθεὶς
214 944 374 977 Μωσαῖκῶς
406 945 457 981 τὴν
484 945 546 980 δψιν
574 946 627 982 πρὸ
654 945 702 972 τοῦ
725 946 848 982 ἀρρήτου

61 990 155 1022 φαους,
170 990 217 1017 Διὸ
237 990 285 1017 καὶ
304 989 387 1023 αὖθις
409 991 561 1027 γλιχόμεθά
589 1000 619 1018 σε
649 991 844 1024 κατοπτεῦσαι,

60 1036 107 1062 καὶ
124 1038 328 1072 συμμετασχεῖν
341 1037 397 1064 τῶν
408 1039 439 1064 ἐν
455 1038 498 1065 σοὶ
515 1038 648 1073 χαρίτων,
665 1038 738 1065 κατὰ
753 1038 846 1064 δευτέ-

60 1090 143 1115 ρωσιν
159 1082 321 1116 ἀγιαστικοῦ
343 1084 558 1120 μετουσιαομοῦ,
577 1085 609 1111 σὺ
627 1085 695 1120 πρὸς
708 1085 785 1118 Θεὸν,
801 1085 849 1112 καὶ

59 1130 139 1162 ἡμεῖς
153 1128 230 1164 παρὰ
245 1129 305 1156 σοῦ.
327 1130 410 1166 Ὁρᾷς
423 1131 486 1158 ὅσον
499 1140 529 1158 σε
554 1131 620 1163 Θεδς
633 1131 770 1165 ἐδόξασεν,
787 1132 850 1158 ἐπεὶ

58 1174 187 1207 ὲδόξασας
196 1175 281 1202 αὐτόν
293 1184 300 1209 ;
319 1176 388 1204 ἀλλὰ
404 1177 452 1203 καὶ
470 1176 511 1204 ἔτι
525 1177 662 1210 δοξάσειεν
676 1179 706 1204 ἐν
719 1178 791 1205 τέλει
801 1178 848 1205 τοῦ

59 1221 129 1255 βίου,
141 1221 362 1257 ἀποπεραίνοντα
371 1222 454 1255 ἀξίως
465 1223 512 1249 τὸν
526 1223 636 1259 δρόμον.
654 1224 735 1259 Ἡμῖν
751 1224 780 1251 δὲ
793 1225 849 1256 τοῖς

57 1268 230 1304 ἁμαρτωλοῖς
245 1268 337 1301 εὔξαιο
353 1269 405 1296 κᾶν
417 1270 552 1304 ἄρξασθαι
568 1270 614 1297 τοῦ
630 1271 764 1306 σωτηρίου
787 1271 850 1307 δρό-

59 1321 128 1348 μου·
157 1315 272 1350 ἐπείπερ
289 1315 399 1350 μακρὰν
428 1316 482 1342 ἀπὸ
502 1316 569 1343 Θεοῦ
593 1317 618 1343 οἱ
645 1317 792 1353 ἐλάχιστοι.
817 1318 849 1344 Ἦ

56 1359 153 1395 πρώτη
167 1360 282 1396 ἐπιϐολὴ
296 1361 343 1387 τοῦ
354 1361 433 1396 λόγου
447 1363 475 1388 ἐν
486 1362 602 1394 τούτοις.

91 1451 142 1482 Τις
157 1451 175 1486 ἡ
191 1451 322 1486 δευτέρα;
345 1452 413 1488 Περὶ
429 1452 593 1480 Θεοκτίστου
619 1454 667 1480 τοῦ
695 1454 827 1490 ἐρημίτου
841 1464 849 1471 ·

55 1497 85 1527 ὃς
101 1497 179 1528 ὅπως
204 1497 337 1533 διερράγη
359 1498 388 1531 ἐξ
408 1499 558 1534 αἱρετικῶν
584 1508 666 1526 τινων
695 1500 850 1527 ὑποθέσεων

56 1542 103 1569 τοῦ
129 1542 256 1577 σώματος
270 1543 321 1578 τῆς
343 1544 519 1580 Ἐκκλησίας,
545 1546 628 1576 αὐτὸς
647 1545 727 1580 ἡμῶν
751 1546 851 1580 μᾶλλον

58 1588 216 1620 ἐπίστασαι,
232 1589 394 1623 τιμιώτατε.
420 1589 494 1625 Πλὴν
519 1590 561 1617 ὅτι
583 1591 631 1617 καὶ
649 1592 730 1626 ἡμεῖς
747 1591 851 1626 προπέ-

935 528 964 556 Si
978 529 1132 563 jucundum
1146 530 1337 565 spectaculum
1346 530 1448 558 viderit
1461 530 1612 566 quispiam,
1626 532 1690 563 hoc.

897 579 925 602 et
935 580 1080 610 postquam
1098 577 1254 609 recesserit,
1268 577 1362 604 animo
1376 584 1484 612 semper
1495 577 1596 605 intueri
1610 579 1690 606 solet.

901 618 949 647 Sic
966 621 1050 655 igitur
1063 625 1090 648 et
1105 629 1156 649 nos
1184 622 1314 654 humiles,
1331 622 1374 649 vir
1387 630 1402 650 tt
1423 622 1479 650 Deo
1503 623 1645 656 honorate,
1658 632 1691 651 ex

898 673 954 700 quo
967 671 994 693 te
1008 667 1093 693 semel
1110 667 1231 694 vidimus
1247 672 1274 695 et
1299 668 1384 695 locuti
1400 673 1491 696 tecum
1513 677 1622 702 sumus,
1639 670 1694 697 mi-

899 711 974 738 nime
989 711 1067 739 obliti
1083 720 1192 744 sumus;
1214 713 1263 740 sed
1276 714 1441 748 impressum
1456 715 1541 741 menti
1558 716 1690 749 gerimus,

900 756 977 784 illum
991 758 1080 793 ipsum
1093 760 1186 787 videre
1196 760 1342 794 gestientes
1355 761 1494 788 hominem
1505 761 1563 794 Dei,
1576 767 1603 789 et
1616 763 1690 789 vultu

898 805 926 829 et
945 804 1038 831 verbis
1070 805 1191 832 divinam
1220 806 1337 839 gratiam
1357 807 1520 841 spirantem,
1539 812 1566 835 et
1595 808 1628 835 ad
1646 808 1692 834 Dei

899 849 995 877 laudes
1012 851 1184 879 incitantcm.
1202 852 1262 880 Hoc
1274 860 1341 879 vero
1357 853 1471 888 adeptus
1496 861 1527 881 es
1551 855 1692 882 eremitira

899 895 1059 930 solitudine,
1077 903 1104 925 et
1124 898 1258 926 orationis
1275 900 1506 934 frequentatione,
1524 901 1622 928 faciem
1647 909 1693 935 ge-

901 950 966 970 rens
988 943 1089 979 Moysis
1111 944 1199 971 instar
1221 945 1354 973 ineffabili
1375 946 1437 973 luce
1461 946 1692 981 resplendentem.

901 989 1035 1023 Quocirca
1053 994 1085 1018 et'
1099 991 1196 1018 iterum
1211 991 1311 1018 intueri
1338 997 1364 1018 te
1375 992 1513 1026 cupimus.
1544 997 1571 1019 et
1599 993 1693 1027 gratia:

900 1037 1035 1064 donorum
1051 1044 1111 1071 «pta:
1122 1037 1149 1064 in
1163 1042 1189 1064 te
1202 1042 1266 1064 sunt
1288 1037 1436 1072 participes
1451 1038 1521 1070 fieri,
1539 1045 1572 1064 ac
1588 1038 1692 1065 sancti-

900 1083 965 1109 tatis
985 1090 1068 1118 quam
1092 1088 1121 1110 tu
1146 1091 1160 1110 a
1183 1084 1251 1115 Deo,
1279 1091 1330 1111 nos
1357 1083 1406 1111 abs
1427 1072 1463 1116 te,
1484 1084 1578 1110 minus
1600 1088 1690 1110 tamen

900 1137 983 1164 quam
999 1133 1101 1164 quanta
1117 1129 1145 1156 in
1163 1134 1189 1157 te
1215 1133 1267 1160 est.
1295 1129 1468 1157 hauriemus.
1489 1128 1574 1157 Vides
1589 1135 1689 1164 quanta

901 1180 928 1203 te
945 1175 1017 1203 Deus
1030 1176 1117 1211 gloria
1145 1175 1278 1208 alfecerit,
1293 1176 1432 1211 quoniam
1453 1181 1480 1203 tu
1510 1177 1586 1203 illum
1606 1177 1690 1212 gloria

901 1223 1036 1250 affecisti?
1063 1223 1152 1258 Atque
1172 1224 1277 1250 utinam
1296 1230 1397 1250 ornare
1418 1227 1443 1250 te
1469 1228 1567 1258 pergat
1591 1223 1618 1250 in
1640 1223 1692 1250 fine

902 1270 973 1300 vitm,
984 1269 1151 1296 curriculum
1162 1273 1191 1296 ut
1203 1277 1252 1302 par
1261 1272 1304 1296 est
1313 1269 1510 1296 absolventem.
1519 1268 1559 1295 Tu
1572 1277 1636 1296 vero
1645 1276 1694 1304 prft

901 1315 981 1342 nobis
997 1321 1045 1341 ora
1063 1314 1263 1349 peccatoribus,
1289 1317 1320 1340 ut
1344 1313 1386 1340 vel
1401 1313 1567 1340 inchoamus
1590 1314 1694 1340 saluta-

900 1368 959 1388 rem
974 1368 1106 1393 cursum;
1122 1361 1224 1395 quippe
1236 1361 1282 1395 qui
1298 1367 1312 1387 a
1325 1360 1380 1387 Deo
1397 1360 1477 1395 longe
1494 1360 1628 1387 absumus
1646 1361 1695 1387 ho-

901 1407 1035 1435 munculi.
1051 1407 1141 1442 Atque
1155 1408 1207 1434 hoc
1221 1407 1340 1441 primum
1352 1406 1491 1433 orationis
1509 1406 1692 1441 propositum.

936 1453 1079 1487 Quodnam
1096 1453 1284 1480 alterum?De
1298 1452 1464 1480 Thcoctisto
1490 1453 1603 1479 eremita
1622 1460 1629 1478 :
1647 1453 1694 1486 qui

901 1508 1021 1535 quonam
1040 1500 1122 1528 modo
1142 1508 1189 1535 per
1205 1499 1353 1527 hazreticas
1376 1499 1510 1534 quasdam
1529 1499 1696 1534 qua'slioncs

901 1546 936 1573 ab
953 1546 1085 1573 Ecclesia
1099 1551 1218 1580 corpore
1232 1545 1358 1573 divulsus
1378 1547 1423 1578 sit,
1441 1545 1500 1580 ipse
1518 1547 1587 1572 nosti
1599 1545 1697 1572 melius

903 1599 985 1626 quam
1009 1599 1070 1623 nos,
1088 1591 1331 1618 reverendissime.
1348 1591 1479 1618 Attamen
1491 1596 1519 1618 et
1534 1591 1585 1625 ipsi
1611 1599 1698 1626 nuper

59 1641 120 1667 pum.
136 1633 339 1668 πλησιάσαντες
354 1636 412 1666 τοῖς
428 1635 489 1662 καθ’
508 1636 583 1671 ἡμᾶς
600 1635 632 1672 ιι.
647 1636 731 1672 ὑμᾶς]
748 1637 848 1663 ἐνδιαι-

904 1637 935 1664 ad
962 1637 1076 1663 cellulas
1091 1641 1198 1663 vestras
1223 1644 1290 1664 cum
1306 1636 1491 1668 venissemus,
1517 1637 1550 1663 de
1576 1636 1699 1663 hominis

57 1680 189 1714 τήμασιν,
206 1680 378 1715 ἐξεμάθομεν
393 1682 469 1717 παρὰ
487 1681 542 1708 τῶν
560 1683 670 1709 εἰδότων
690 1683 725 1709 τὰ
737 1682 785 1709 τοῦ
801 1684 851 1710 ἁν-

57 1726 130 1761 δρός.
148 1727 186 1753 Οὐ
201 1727 255 1762 μὴν
270 1726 337 1753 ἀλλὰ
352 1728 399 1754 καὶ
413 1727 457 1754 διὰ
467 1729 642 1764 γραμμάτων
653 1730 851 1765 ὑπεμνήσαμεν

59 1774 105 1799 καὶ
122 1773 350 1809 παρεκαλέσαμεν
361 1775 529 1809 ἀποσχέσθαι
542 1775 623 1801 αὐτὸν
638 1775 692 1801 τῶν
705 1775 851 1802 σκοτεινῶν

58 1819 172 1845 ἐκείνων
186 1819 233 1846 καὶ
248 1819 447 1854 δαιμονοποιῶν
461 1820 638 1856 φθεγμάτων,
656 1821 808 1856 ὀρθοδοξεῖν
824 1821 852 1848 δὲ

59 1865 161 1900 μᾶλλον
170 1865 217 1892 ἐπί
231 1874 261 1892 τε
271 1866 321 1901 τῆς
336 1866 474 1901 παναγίας
481 1867 625 1900 Θεοτόκον,
639 1869 687 1894 καὶ
699 1868 753 1894 τῶν
763 1868 853 1895 ἄλλων

58 1911 179 1946 τρόπων.
195 1911 255 1939 Νῦν
267 1910 314 1939 οὖν
330 1912 461 1948 Νικάνωρ
473 1914 488 1940 ό
506 1914 642 1949 ἡμέτερος
657 1913 772 1948 ἀδελφὸς
793 1923 853 1948 φοι-

57 1958 144 1993 τήσας
164 1958 236 1993 πρὸς
250 1958 335 1993 ἡμᾶς,
354 1959 523 1995 ἀπήγγειλεν
546 1959 635 1986 ἐλθεῖν
652 1960 692 1991 εἰς
711 1960 853 1994 μετάγνω-

59 2011 100 2030 σιν
111 2004 159 2030 τὸν
175 2004 271 2039 ἄνδρα,
282 2006 328 2031 καὶ
339 2004 443 2032 ἐθέλειν
452 2007 615 2041 ὁμοφρονεῗν
632 2007 665 2041 τῇ
685 1998 835 2041 Ἐκκλησία
843 2014 852 2022 ·

58 2050 150 2084 λέγειν
170 2050 200 2077 δὲ
219 2051 288 2086 μηδὲ
312 2052 432 2087 γράμμα
456 2052 523 2088 ἐμὸν
550 2052 704 2087 εἰληφέναι,
726 2053 853 2080 ἀλλὰκαὶ

58 2097 123 2132 ἐρᾷν
133 2097 277 2130 δέξασθαι.
303 2097 380 2124 Ἐπεὶ
391 2095 450 2131 οὖν,
468 2099 561 2134 Πάτερ
589 2098 662 2132 ἅγιε,
679 2099 834 2134 γέγραπται
845 2107 852 2114 ·

62 2142 94 2169 ’0
104 2143 226 2178 ἐξάγων
237 2142 326 2176 ἀξιον
337 2143 372 2176 ἐξ
383 2144 510 2176 ἀναξίου
523 2144 563 2177 ὡς
573 2145 672 2179 στόμα
683 2153 744 2179 μου
755 2145 852 2172 ἔσται.

58 2191 123 2224 Καὶ,
148 2191 182 2218 '0
204 2191 404 2227 ἀποστρέφων
416 2193 575 2228 ἄνθρωπον
594 2194 628 2221 ἐκ
644 2194 766 2228 πλάνης
781 2195 854 2222 ὀδοῦ

56 2238 163 2270 αὐτοῦ,
181 2239 314 2272 καλύψει
327 2238 445 2273 πλῆθος
459 2239 612 2274 ἁμαρτιῶν
624 2248 631 2256 ·
647 2239 689 2267 δεῖ
704 2240 754 2276 τὴν
771 2241 855 2276 ἁγιω-

58 2284 141 2320 σύνην
159 2293 209 2311 σου
224 2284 412 2321 διαναστῆναι,
425 2286 473 2313 καὶ
486 2286 666 2322 δοῦναιχεῖρα
679 2287 805 2322 βοηθείας
816 2288 854 2323 τῷ

57 2331 243 2365 πλανιιιμινῳ.
275 2331 320 2359 Ἐν
334 2332 423 2368 τούτῳ
454 2333 509 2369 γὰρ
536 2333 603 2360 Θεοῦ
634 2335 765 2369 σονεργδς
790 2335 850 2372 ἔσῃ.

58 2377 157 2404 Ἔσται
173 2377 202 2404 δέ
215 2377 296 2404 τοῦτο
312 2378 390 2412 πῶς;
415 2379 460 2406 ἵνα
470 2379 611 2414 δηλώματι
634 2380 707 2413 dim;
727 2381 773 2407 τὸν
787 2381 852 2408 Θεό-

55 2431 170 2450 κτιστον
179 2423 249 2459 πρὸς
267 2424 308 2455 σέ,
325 2424 413 2456 εῐποις
430 2433 460 2451 τε
482 2425 530 2451 καὶ
540 2425 684 2461 διαλεχϐῇς
699 2426 734 2452 τὰ
748 2427 850 2454 εἰκότα.

58 2469 113 2495 Καὶ
124 2469 150 2496 εἰ
166 2469 217 2504 μὲν
230 2469 321 2505 εὕροις
332 2470 412 2497 αὐτὸν
424 2470 533 2497 εἴκοντα
545 2470 583 2506 τῷ
593 2470 657 2506 θείῳ
667 2471 749 2507 λόγῳ,
765 2472 852 2504 εἴποις

56 2516 105 2542 καὶ
119 2515 190 2550 περὶ
204 2515 273 2550 ἐμοῦ
290 2515 338 2542 τοῦ
356 2516 498 2547 ταπεινοῦ.
515 2518 556 2544 ὃτι
577 2518 616 2548 είς
631 2517 699 2544 αὐτὸ
714 2518 793 2544 τοῦτο
807 2527 853 2545 κε-

56 2562 177 2595 κίνημαι
188 2561 275 2596 φιλῶν
289 2562 339 2597 τὴν
349 2563 488 2598 σωτηρίαν
503 2562 588 2589 αὑτοῦ
600 2569 607 2577 ·
619 2563 671 2589 κᾶν
682 2563 851 2597 δοκιμάζοις,

55 2607 70 2632 ὁ
88 2606 203 2641 Πατὴρ,
213 2607 340 2638 κάκεῖνος
365 2608 426 2643 ἐρᾷ,
450 2607 597 2634 ἐπιστείλω
625 2607 700 2642 αὐτῷ
723 2608 850 2640 εὐθέτως,

57 2652 131 2679 ὥστε
144 2653 347 2688 ἀμφοτέρωθεν
363 2653 543 2688 ἑλκυσθῆναι.
564 2655 611 2680 καὶ
627 2654 793 2690 κερδηθῆναι
804 2655 851 2680 τὸν

58 2699 263 2733 ἀπολλύμενον,
279 2699 365 2726 Τοῦτο
379 2699 435 2736 γὰρ
458 2699 583 2735 βούλεται
600 2699 677 2733 Θεὸς,
698 2700 750 2727 κᾶν
772 2700 851 2727 τοῦτο

903 1682 986 1710 rebus
1006 1690 1040 1710 ex
1059 1683 1092 1709 iis
1116 1682 1161 1717 qui
1191 1686 1325 1709 noverant
1339 1682 1497 1709 didicimus.
1523 1681 1596 1714 Quin
1614 1682 1697 1708 ctiam

904 1736 952 1764 per
969 1729 1074 1755 litteras
1092 1728 1357 1755 commonefecimus
1377 1728 1534 1762 hortatique
1546 1735 1654 1760 sumus,
1670 1733 1701 1754 ut

902 1775 937 1802 ab
962 1775 1142 1802 tenebricosis
1171 1774 1226 1801 illis
1259 1779 1287 1801 et
1309 1774 1491 1801 daemoniacis
1521 1774 1700 1800 εεινιιιοιιίιηις

903 1821 1066 1853 abstineret,
1098 1826 1125 1847 et
1149 1820 1302 1848 orthodoxe
1323 1821 1417 1856 potius
1438 1821 1554 1848 sentiret
1579 1825 1636 1847 tum
1667 1822 1700 1847 tle

904 1867 1078 1895 sanctissima
1097 1866 1225 1901 Deiparn,
1242 1872 1300 1894 tum
1327 1868 1360 1894 de
1377 1867 1439 1894 aliis
1455 1867 1604 1900 capitibus.
1621 1866 1700 1894 Nunc

903 1920 970 1947 ergo
1001 1911 1122 1940 Nicanor
1146 1912 1231 1939 frater
1256 1917 1361 1940 noster
1378 1913 1416 1940 ad
1429 1920 1480 1940 nos
1500 1913 1614 1940 veniens
1631 1913 1701 1941 resi--

904 1961 998 1994 puisse
1027 1959 1168 1986 hominem
1198 1959 1379 1992 renuntiavit,
1411 1959 1536 1994 velleque
1569 1959 1701 1987 Ecclesia:

904 2005 1074 2037 consentire,
1092 2012 1192 2040 negare
1208 2009 1299 2031 autem
1317 2012 1347 2032 sc
1364 2005 1470 2032 litteras
1487 2013 1563 2033 meas
1576 2007 1701 2040 accepis-

905 2057 955 2082 se;
972 2049 1020 2077 sed
1037 2054 1065 2076 et
1083 2048 1147 2076 illas
1163 2055 1270 2084 optare.
1297 2050 1432 2082 Quoniam
1461 2050 1545 2084 igitur
1567 2051 1700 2084 scriptum

905 2101 958 2129 est,
984 2095 1065 2123 Pater
1093 2101 1188 2123 sancte
1205 2104 1211 2122 :
1233 2095 1285 2128 Qui
1306 2095 1393 2122 educit
1407 2096 1516 2131 dignum
1532 2104 1565 2123 ea:
1580 2097 1701 2132 indigno,

904 2144 975 2171 sicut
986 2151 1014 2169 os
1029 2150 1114 2169 meum
1126 2143 1176 2169 erit
1192 2142 1226 2175 “‘,
1249 2145 1277 2169 ct
1291 2151 1298 2168 :
1317 2141 1371 2174 Qui
1379 2143 1496 2169 converti
1507 2143 1600 2177 fecerit
1617 2143 1702 2170 homi-

905 2197 964 2216 nem
979 2189 1011 2215 ab
1025 2196 1116 2216 errore
1124 2188 1173 2216 via:
1189 2195 1254 2220 sum,
1274 2189 1372 2223 aperiet
1383 2188 1581 2215 multitudinem
1607 2197 1701 2222 pecca-

906 2239 994 2262 torum
1010 2234 1048 2266 u‘;
1079 2234 1255 2261 sanctitatem
1273 2241 1347 2261 tuam
1364 2241 1512 2267 exsurgere
1528 2240 1646 2269 oportet,
1673 2240 1702 2262 et

907 2279 1000 2307 auxilii
1021 2286 1131 2306 manum
1149 2279 1289 2313 porrigere
1301 2279 1414 2306 erranti.
1442 2279 1468 2305 ln
1487 2280 1539 2306 hoc
1554 2281 1626 2306 enim
1653 2279 1700 2307 Dei

871 2312 894 2340 θ
906 2326 1014 2360 adiutor
1029 2326 1095 2352 eris.
1114 2312 1167 2358 Qui
1193 2332 1258 2351 vero
1272 2325 1298 2351 id
1315 2325 1380 2352 flet?
1397 2324 1431 2352 Ut
1457 2324 1648 2353 Theoctistum
1666 2327 1699 2352 ad

907 2377 934 2399 te
948 2372 1077 2402 advoces,
1094 2370 1175 2405 eique
1192 2371 1270 2397 dicas
1285 2374 1313 2397 et
1327 2370 1465 2397 edisseras
1480 2378 1544 2405 quze
1567 2379 1617 2405 par
1635 2372 1698 2399 erit.

907 2418 940 2445 Et
951 2417 974 2444 si
986 2417 1099 2451 quidem
1117 2416 1215 2443 cedere
1232 2416 1309 2442 illum
1324 2416 1428 2443 videris
1444 2416 1540 2443 divino
1554 2417 1694 2450 sermoni,-

905 2465 940 2492 de
952 2472 995 2491 mc
1009 2463 1091 2490 etiam
1105 2462 1203 2490 humili
1220 2462 1370 2497 signillces,
1386 2463 1510 2490 eamdem
1524 2471 1612 2490 meatu
1625 2471 1698 2490 mcn~

907 2515 960 2536 tem
990 2516 1060 2541 esse,
1077 2508 1138 2543 ejus
1156 2507 1254 2535 salutis
1282 2507 1420 2535 desiderio
1436 2519 1442 2535 :
1459 2511 1496 2540 et,
1511 2507 1535 2534 si
1555 2508 1697 2542 probabis,

907 2555 998 2586 Pater,
1019 2555 1102 2590 idque
1116 2554 1161 2581 ille
1170 2558 1290 2588 expetet,
1307 2553 1429 2581 scribam
1447 2553 1482 2580 ad
1509 2553 1588 2580 illum
1612 2561 1698 2588 appo-

906 2605 967 2635 site,
983 2609 1013 2631 ut
1030 2608 1145 2638 utraque
1160 2606 1237 2637 parte
1254 2602 1390 2631 trahatur.
1407 2605 1435 2627 et
1451 2600 1623 2635 lucriﬁatqui
1636 2609 1699 2636 per-

905 2652 935 2678 it.
951 2650 1009 2677 lloc
1037 2650 1110 2677 enim
1125 2649 1184 2676 vult
1204 2647 1286 2680 Deus,
1306 2652 1332 2674 et
1347 2646 1431 2682 hujus
1448 2647 1536 2682 gratia
1553 2647 1580 2674 in
1597 2651 1697 2674 terram

904 2698 989 2729 venit.
1005 2697 1075 2732 quod
1085 2696 1213 2730 \perierat
1230 2701 1356 2730 quaerens
1374 2693 1504 2721 reducere
1518 2692 1552 2719 δί
1576 2696 1604 2720 et
1622 2700 1697 2721 amo-

91 2757 116 2773 “
127 2756 234 2785 Jerem.
247 2765 292 2789 xv,
309 2757 354 2786 i9.
393 2758 415 2774 ⁸⁵
426 2757 484 2785 Jac.
498 2766 525 2790 ν,
545 2758 588 2785 ‘20.
629 2758 652 2774 ‘°
661 2758 754 2786 Matth.
770 2767 844 2792 xvnt,
856 2760 899 2789 l5.

841 2818 954 2848 NOTAE.

94 2873 154 2910 (12)
173 2873 202 2901 In
221 2875 282 2901 cod.
296 2874 362 2909 Reg.
380 2875 446 2910 ρκό.

183 2930 320 2960 Pareat.
336 2932 394 2961 Gn.
415 2930 522 2961 XCIX.

1461 2923 1501 2954 ibi
