1912 3080
90 149 159 183 1389

693 142 962 176 EPISTOLARUM
994 143 1068 174 LIB.
1085 142 1126 174 Π.

1657 144 1726 176 I390

86 206 243 243 τυναῖκας,
272 205 314 239 ὡς
332 204 377 240 μὴ
396 205 520 240 ἔχοντες
539 200 625 232 ὦσιν.
656 202 735 234 Ἰδοὺ,
763 199 876 229 δέσποτὸ

952 209 985 228 an
998 201 1123 228 habent“
1139 201 1194 228 sint
1207 201 1241 228 ".
1261 200 1342 232 Ecce,
1359 199 1395 229 mi
1408 200 1531 232 domine,
1548 200 1665 236 adegisti
1682 209 1726 228 mo

89 263 151 290 μου,
163 251 327 289 ἠνάγκασας
343 259 379 287 με
395 251 426 277 τὸ
447 249 587 285 δικαίωμα
604 248 652 275 τοῦ
668 248 737 275 Θεοῦ
751 248 880 282 ἀναγγεῖ-

89 301 129 327 ὶαί
157 308 210 326 σοι.
236 298 405 332 Σπεύσωμεν
423 296 575 331 ἀμφότεροι
592 294 724 330 σωθῆναι.
749 294 880 329 Ἀρκετὺς

85 346 149 382 ἡμῖν
161 347 176 372 ὁ
190 343 388 381 παρεληλυθὼς
405 343 501 379 χρόνος
514 343 563 370 τοῦ
580 342 649 378 βίου,
665 342 696 369 τὺ
711 342 817 377 θέλημα
829 341 879 376 τῆς

87 392 186 428 σαρκὸς
209 390 448 426 κατεργάσασθαι.
475 389 552 420 Νῦν,
568 389 677 424 φησὶνὸ
703 387 875 421 Ἅπόστολος,

84 440 183 472 καιρὸς
194 437 418 472 εὐπρόσδεκτος
430 455 438 468 ,
452 435 512 462 νῦν
525 435 621 470 ἡμέρα
632 435 792 469 σωτηρίας.
812 433 878 461 Ἰδοὺ

85 486 99 511 ὁ
113 484 215 519 ἀγαθὸς
232 484 299 515 Θεὸς
315 483 458 518 ἐκδέχεται
475 481 529 514 ἕως
548 481 668 516 ἐσχάτης
677 472 878 515 ἁναπνοῆςέὸν

86 531 192 566 καρπὸν
211 530 308 566 ἡμῶν·
337 529 375 565 μὴ
391 529 483 555 εἴποι·
513 528 670 561 Ἐκκοψον
696 527 801 558 αὐτὸν,
827 526 879 553 ἵνα

85 579 114 605 τι
125 578 174 604 καὶ
188 578 247 610 τὴν
263 575 322 611 γῆν
345 574 505 609 καταργεῒ;
532 574 571 609 μὴ
589 573 686 610 κλείσῃ
702 572 765 599 καθ’
784 572 874 608 ήμῶν,

85 623 133 650 καὶ
146 622 197 649 οὐκ
211 621 286 648 ἐστιν
301 620 417 654 ἄνοιξις·
436 620 474 655 μὴ
491 619 570 645 λάὃοι
586 619 660 653 ἡμᾶς
672 619 685 645 ὁ
701 617 823 649 διάϐολος
836 617 876 649 είς

87 669 169 704 μέρος
187 666 283 699 αὐτοῦ,
311 665 567 701 συγκολαζομένους
588 663 703 692 αἰώνια·
734 663 772 699 μὴ
795 663 879 698 ἀνάρ-

85 723 184 742 παστοι
197 714 274 748 ἄφνω
291 712 449 748 γενοίμεθα.
463 711 584 742 Ποσάκις
594 711 697 745 ἐγγύας
706 710 876 745 δεδώκαμεν,

84 761 123 792 ὡς
135 761 158 786 εί
168 760 219 794 τῆς
235 758 389 791 ἀσθενείας,
407 758 424 794 ἢ
439 757 517 784 τοῦδε
535 756 584 784 τοῦ
603 756 743 789 κινδύνου,
759 756 775 791 ἣ
793 756 877 791 τῆσδε

85 810 135 840 τῆς
148 807 265 841 θλίψεως
282 806 437 841 ῥυσθῶμεν,
456 804 516 840 Θεῷ
539 805 659 840 γνησίως
675 803 876 838 δουλεύσομεν·

86 854 133 882 καὶ
153 853 235 880 πάλιν
264 851 455 886 ἐπελαϐόμεθα
479 851 536 878 τῶν
557 849 716 886 συνθηκῶν;
742 849 795 881 ἓως
811 849 877 876 πότε

85 880 212 933 ανὲξεται
222 907 230 931 ;
242 899 296 930 ἕως
311 880 470 930 τίνος-ἐάσει
483 906 491 928 ς
513 880 642 932 Ἀνάγκη
652 896 762 928 πάντως
779 880 877 931 μικρὸν
894 880 915 908 Β

84 947 200 982 ὕστερον
210 945 330 978 ἐξελθεῖν
347 944 400 971 τῶν
418 943 537 970 ἐνθένδε.
552 943 598 978 Μὴ
613 942 705 969 τοίνυν
715 941 877 977 εὐρεθῶμεν

84 991 330 1028 ἀπαρασκεύαστοι
357 990 412 1017 τῶν
435 989 549 1024 ἀγαθῶν
571 989 673 1025 ἔργων,
697 989 744 1016 ἵνα
777 988 816 1024 μὴ
847 988 879 1014 τὸ

82 1040 146 1066 οὐαὶ
158 1040 227 1074 ἡμῖν
241 1038 283 1073 είη
296 1036 409 1064 αἰώνιον
422 1036 471 1063 καὶ
483 1035 640 1071 ἀπέραντον
654 1043 662 1051 ⁸
678 1035 737 1062 ἀλλ’
757 1035 787 1061 ἂν
803 1035 875 1061 ἑτοι-

85 1086 171 1121 μασίᾳ
199 1083 420 1120 ειέιαρεστήσεως⁹
441 1082 515 1114 ὅπως
543 1081 756 1116 συμϐασιλεύειν
783 1080 879 1117 Κυρίῳ

83 1130 301 1165 ηταξιωθῶμεν
320 1129 360 1161 είς
375 1128 573 1163 ἁτελευτήτους
586 1127 702 1159 αίῶνας.
720 1127 841 1154 Γένοιτο.

190 1184 259 1211 PII-1'
275 1183 344 1219 (III).
363 1198 398 1203 —
409 1182 595 1218 Εὐφροσύνῃ
609 1182 775 1217 ἡγουμένῃ.
788 1181 881 1218 Ῐχνγ’.]

930 252 961 275 ut
977 247 1080 283 justam
1095 246 1143 274 Dei
1167 247 1257 282 legem
1283 247 1476 274 annuntiarem
1493 246 1552 274 tibi.
1573 246 1728 274 Contenda-

930 302 992 322 mus
1007 294 1088 321 ambo
1101 294 1209 322 utsalvi
1221 293 1318 321 simus.
1334 292 1407 321 Satis
1419 293 1498 321 nobis
1516 293 1600 321 fuerit
1611 297 1726 328 praeter—

930 341 998 368 ilum
1014 340 1079 368 vitae
1105 345 1225 376 tempus,
1243 345 1274 367 ut
1288 340 1424 367 desideria
1436 339 1530 366 carnis
1543 340 1726 374 expleremus.

931 386 1021 419 Nunc,
1035 388 1073 414 ait
1099 386 1259 422 Apostolus,
1277 391 1378 420 tempus
1396 386 1566 420 acceptabile,
1586 394 1655 413 nunc
1670 387 1727 413 dies

929 433 1025 460 salutis
1039 433 1074 459 ⁵⁸.
1097 431 1168 460 Ecce
1187 433 1276 459 bonus
1309 431 1381 459 Deus
1407 439 1496 466 usque
1520 431 1554 458 ad
1572 438 1726 459 extremum

930 479 1057 514 spiritum
1068 482 1212 514 exspectat
1224 478 1342 506 fructum
1355 485 1370 505 a
1382 478 1482 511 nobis;
1498 485 1532 505 ne
1548 477 1640 505 dicat:
1660 478 1729 506 Sur—
1765 471 1767 473 ’

929 526 987 553 cide
1000 526 1088 556 illum.
1103 530 1131 552 ut
1143 524 1206 560 quid
1219 524 1300 551 etiam
1315 529 1413 551 terram
1427 529 1538 558 occupat
1551 524 1592 550 ‘7?
1607 531 1640 551 ne
1652 525 1729 552 clan-

930 571 979 599 dat
998 572 1089 603 nobis,
1106 576 1134 598 et
1147 579 1203 598 non
1220 570 1256 598 sit
1269 570 1315 606 qui
1334 571 1440 606 aperiat
1456 579 1463 597 :
1484 578 1519 598 ne
1536 574 1661 598 assumat
1677 578 1728 598 nos

929 617 1057 646 diabolus
1073 618 1102 645 in
1113 622 1216 645 sortem
1229 624 1307 644 suam
1321 624 1383 643 eum
1401 617 1460 651 ipso
1478 616 1506 643 in
1524 621 1659 644 aeternum
1676 624 1727 651 pu-

929 665 1047 692 niendos
1065 673 1071 690 :
1090 672 1125 691 ne
1137 667 1251 698 repente
1269 663 1356 698 abripi
1375 670 1425 690 nos
1442 663 1596 697 contingat.
1613 662 1729 695 Quoties

929 710 1139 745 spopondimus,
1151 717 1213 741 nos,
1231 709 1254 736 si
1271 709 1306 735 ab
1320 709 1491 741 inllnnitate,
1504 708 1527 736 si
1541 709 1575 735 ah
1588 708 1640 736 hoc
1655 709 1729 743 peri-

929 755 1003 786 culo,
1027 754 1051 782 si
1069 754 1104 782 ab
1119 754 1172 781 hac
1201 761 1324 781 aerumna
1341 754 1535 786 liberaremur,
1554 754 1608 782 Deo
1621 754 1730 782 sincere

928 802 1095 830 servituros:
1111 805 1139 828 et
1150 805 1245 836 postea
1259 800 1416 835 pactionum
1427 800 1504 828 obliti
1519 796 1617 828 sumus
1629 800 1641 827 ?
1652 801 1729 834 Quo-

932 855 1020 883 usque
1036 847 1146 875 tandem
1173 847 1345 874 sustinebit?
1363 854 1509 882 quousque
1522 847 1664 874 cessabit?
1677 847 1730 874 Ne-

928 902 1005 923 cesse
1023 899 1066 922 est
1077 900 1193 929 prorsus
1207 892 1289 928 paulo
1303 897 1366 927 post
1379 893 1444 920 hinc
1459 893 1548 921 abire.
1563 893 1622 921 Non
1643 894 1729 929 igitur

927 940 1170 976 deprehendantur
1184 947 1199 966 a
1213 939 1294 967 bonis
1303 939 1432 974 operibus
1444 939 1583 974 imparati,
1602 948 1636 968 ne
1649 941 1729 969 nobis

927 992 1061 1014 aeternum
1083 990 1111 1013 et
1126 986 1180 1012 line
1201 992 1300 1012 carens
1312 992 1353 1012 var.
1376 985 1505 1012 obveniat
1523 994 1530 1019 ;
1556 985 1605 1013 sed
1621 993 1729 1021 praepa—

927 1036 1024 1060 rantes
1047 1039 1099 1059 nos
1122 1031 1155 1058 ad
1172 1030 1350 1059 obtinendam
1366 1030 1413 1058 Dei
1429 1039 1533 1066 pacem,
1553 1036 1583 1059 ut
1594 1040 1656 1060 cum
1672 1033 1729 1059 Do-

928 1078 1004 1106 mino
1019 1085 1137 1113 regnare
1151 1084 1309 1105 mereamur
1321 1076 1349 1104 in
1369 1078 1470 1105 saecula
1485 1085 1540 1105 non
1558 1078 1727 1106 desinentia.

929 1124 1001 1152 Fiat.

1059 1180 1179 1208 CXVIII.
1193 1196 1227 1201 --
1244 1181 1429 1217 Euphrosynm
1446 1182 1607 1216 praeposita.

203 1240 238 1266 Ut
248 1239 343 1270 matris,
355 1239 429 1270 cujus
441 1239 537 1264 obitum
553 1239 702 1269 deﬂeverat,
720 1239 826 1264 virtutes
839 1237 928 1264 imitari
946 1238 1055 1269 studeat,
1067 1238 1208 1270 praesertim
1222 1238 1247 1263 in
1260 1239 1406 1264 monasterii
1419 1236 1610 1271 gubernatione.

120 1295 202 1331 Ἀρτι
230 1294 333 1330 μᾶλλον
360 1294 530 1330 ἀποδέχομαι
557 1294 609 1330 τὴν
634 1294 783 1330 τιμιότητά
809 1302 857 1321 σου
871 1301 879 1310 ⁸

81 1341 337 1376 ἁποκλαυσαμένην
348 1340 398 1376 τὴν
414 1340 556 1376 μακαρίαν
575 1340 685 1376 μητέρα
697 1348 705 1355 ·
725 1341 771 1367 ὅτε
784 1339 880 1376 ἐξελη-

82 1386 174 1418 λυθὼς
188 1387 202 1413 ὁ
215 1386 369 1421 οἰκονόμος,
384 1386 539 1422 ἀπήγγειλε
552 1385 781 1421 παρακεκλῆσθαι
795 1385 881 1421 αὐτὴν

83 1435 115 1461 ὲν
138 1433 244 1468 Κυρίῳ.
268 1433 325 1467 Ἐφ’
354 1428 376 1466 ᾧ
405 1433 489 1468 καὶὴ
515 1432 683 1464 ταπείνωσίς
716 1440 766 1468 μου
784 1431 879 1467 ἀνείθη

83 1479 278 1515 φροντίζοντος
298 1477 333 1505 τὰ
350 1478 420 1505 κατὰ
441 1478 472 1505 σὲ
497 1478 534 1510 ὡς
557 1477 678 1513 ἀδελφῆς
702 1478 731 1504 ὲν
755 1477 876 1513 Χριστῷ.
892 1495 913 1525 c

83 1527 132 1552 Δεῖ
145 1525 211 1560 γὰρ,
225 1522 248 1552 ὦ
261 1525 357 1560 κυρία,
373 1525 402 1551 ὲν
411 1525 468 1556 τοῖς
485 1524 637 1559 φιλτάτοις,
649 1524 698 1551 καὶ
711 1523 799 1559 τὸτῆς
809 1524 878 1558 ἀγά-

84 1580 141 1608 πης
153 1570 378 1606 ἐνδεικνυμένους
387 1591 394 1603 ,
411 1569 549 1605 πενθῆσαι
562 1569 700 1604 φυσικῶς,
711 1570 760 1595 καὶ
775 1569 815 1604 τῷ
831 1569 880 1603 τῆς

84 1617 194 1648 ἐλπίδος
206 1615 433 1652 ὲπερειδομένους
449 1615 578 1650 δόγματι,
595 1615 807 1650 παρακληθῆναι
819 1613 880 1640 θεο-

84 1662 213 1698 πρεπῶς,
228 1662 289 1697 μηδ’
301 1661 443 1696 ὁποτέρως
457 1661 634 1696 λυμήνασθαι
653 1661 684 1687 τὸ
700 1660 792 1687 καλόν.
809 1661 881 1687 Ἴσον

83 1711 140 1744 γάρ
166 1710 242 1735 ἐστιν
267 1708 437 1744 ἀναλγησίας
461 1709 478 1743 ή
509 1707 683 1744 ὑπέρμετρος
701 1707 879 1743 περιωδυνία.

84 1757 209 1792 Μέτροις
226 1755 352 1790 ἀγόμεθα
364 1755 412 1782 καὶ
423 1755 518 1782 κανόσι
531 1754 627 1787 θείοις,
646 1754 694 1782 καὶ
720 1754 838 1790 μάλιστα
856 1753 881 1779 οἱ

85 1803 116 1830 τὸ
152 1803 202 1837 τῆς
238 1801 409 1836 τελειότητος
453 1800 620 1836 ὲπάγγελμα
660 1799 879 1836 ἐπανῃρημένοι.

86 1849 226 1875 Ἐκλαυσε
240 1844 287 1874 καῖ
304 1843 407 1874 Μωσέα
421 1846 467 1873 τὸν
485 1845 626 1881 θεόπτηνό
642 1845 718 1878 λαὸς,
735 1845 804 1872 ἀλλὰ
818 1853 881 1871 τεσ-

86 1896 244 1931 σαράκοντα
266 1894 392 1930 ἡμέρας·
426 1893 475 1921 καὶ
511 1893 613 1929 Ῥαχὴλ
644 1893 696 1929 τὴν
724 1892 881 1928 θαυμασίαν

91 1941 192 1969 Ἰακὼϐ
206 1942 221 1968 ὀ
234 1943 410 1977 πατριάρχης
432 1941 481 1968 σὺν
497 1940 604 1971 τέκνοις
616 1947 624 1956 ⁸
647 1939 717 1967 ἀλλὰ
737 1938 881 1975 βραχείαις

86 1989 208 2024 ἡμέραις
219 1996 227 2003 ·
253 1989 301 2015 καὶ
316 1987 399 2014 αὐτὸν
417 1987 517 2023 Ἰωσὴφ
532 1987 547 2014 ὀ
578 1985 810 2021 πολυθρύλλητος,
833 1984 883 2012 καὶ

86 2035 187 2065 ἄλλους
202 2034 280 2061 ἄλλοι
299 2033 328 2060 ἐν
343 2042 373 2060 τε
396 2033 503 2069 Παλαιᾷ
517 2033 565 2060 καὶΙ
586 2032 646 2068 Νέᾳ
659 2032 784 2068 Διαθήκῃ
796 2041 804 2048 ι
821 2030 881 2059 ἀλλ’

85 2080 262 2116 ὡρισμένως,
277 2080 325 2106 καὶ
335 2079 386 2107 οὐκ
397 2080 454 2106 ἀεί·
465 2079 537 2106 οὕτω
552 2079 585 2114 δὴ
602 2079 650 2106 καὶ
661 2078 731 2114 αὑτὴ
743 2078 883 2114 ποιήσασα

87 2129 133 2154 καὶ
149 2127 280 2158 ποιοῦσα,
296 2125 437 2162 ἐπαινετὴ,
451 2125 528 2161 παρά
541 2133 572 2152 τε
583 2124 643 2160 Θεῷ
652 2124 700 2151 καὶ
713 2123 880 2161 ἀνθρώποις.

965 1294 1044 1321 Nunc
1065 1293 1122 1329 jam
1143 1294 1232 1330 magis
1246 1294 1328 1322 laudo
1341 1294 1526 1322 reverentiam
1544 1299 1630 1324 tuam.
1654 1292 1729 1329 quod

930 1340 1042 1368 beatam
1059 1345 1174 1368 matrem
1193 1341 1310 1369 dedendi
1327 1341 1409 1368 linem
1423 1340 1498 1375 fecit,
1516 1340 1629 1375 quando
1638 1348 1731 1375 egres-

929 1393 976 1412 sus
988 1385 1164 1413 (Economus
1180 1390 1207 1414 te
1220 1386 1439 1414 consolationem
1457 1387 1484 1414 in
1507 1386 1624 1414 Domino
1646 1387 1732 1414 admi-

929 1431 998 1459 sisse
1011 1432 1190 1460 renuntiavit.
1214 1432 1253 1460 Ex
1270 1440 1326 1468 quo
1339 1437 1366 1460 et
1381 1432 1507 1460 dolorem
1525 1440 1637 1468 quoque
1651 1433 1719 1460 remi

930 1478 966 1505 sit
997 1479 1142 1506 humilitas
1164 1487 1236 1512 mea,
1259 1479 1294 1507 de
1322 1484 1347 1506 te
1371 1483 1505 1514 tanquam
1528 1479 1562 1506 de
1591 1487 1686 1507 sorore
1702 1479 1729 1506 in

931 1524 1043 1551 Christo
1059 1525 1187 1553 sollicita.
1208 1525 1290 1553 Decet
1305 1532 1436 1559 namque,
1455 1525 1579 1558 domina,
1596 1529 1628 1552 ut
1641 1524 1724 1553 amici

933 1569 1006 1598 inter
1019 1578 1049 1598 se
1069 1574 1095 1598 et
1108 1571 1252 1598 charitatis
1278 1571 1417 1606 specimen
1434 1571 1532 1599 dantes
1549 1571 1660 1606 lugeant
1679 1578 1727 1598 na-

933 1620 1000 1643 tura!
1013 1617 1108 1649 ductu,
1129 1621 1156 1644 et
1171 1617 1205 1644 iis
1221 1625 1282 1652 qua:
1303 1625 1366 1652 spes
1378 1617 1458 1645 docet
1474 1617 1563 1644 innixi
1578 1617 1731 1645 secundum

934 1663 1020 1690 Dcum‘
1052 1663 1241 1696 consolentur,
1265 1667 1449 1697 neutramque
1468 1662 1495 1690 in
1521 1667 1627 1698 partem
1645 1663 1732 1690 Itone-

933 1713 1005 1736 stum
1017 1709 1145 1737 violetur.
1168 1709 1219 1736 Par
1244 1709 1318 1736 enim
1340 1713 1381 1737 est
1403 1710 1522 1743 stupori,
1547 1709 1593 1743 qni
1617 1709 1730 1736 modum

933 1756 1041 1783 excedit
1058 1756 1164 1783 nimius
1178 1755 1268 1782 dolor.
1295 1754 1432 1782 Mensuris
1452 1762 1567 1789 agamur
1581 1759 1608 1782 et
1631 1755 1732 1790 regulis

934 1802 1047 1836 divinis,
1063 1810 1114 1830 nos
1129 1801 1251 1829 maxime
1267 1801 1315 1837 qui
1334 1800 1512 1836 perfectionis
1528 1801 1731 1836 professionem

933 1849 1079 1884 elegimus.
1098 1848 1209 1876 Planxit
1224 1852 1251 1875 et
1266 1847 1385 1884 Moysem
1400 1847 1448 1875 Dei
1460 1853 1668 1883 conspectorem
1681 1856 1733 1883 po-

931 1895 1024 1930 pnlus,
1051 1895 1098 1922 sed
1134 1894 1230 1922 diebus
1260 1894 1446 1930 quadraginta
1465 1903 1472 1922 :
1491 1899 1519 1921 et
1539 1893 1732 1921 admirandam

934 1942 1082 1970 Bachelem
1103 1949 1165 1969 cum
1189 1941 1255 1969 ﬁliis
1267 1941 1426 1976 patriarcha
1452 1940 1550 1974 Iacob,
1577 1942 1623 1968 sed
1638 1942 1733 1976 paucis

933 1989 1030 2017 diebus
1049 1995 1058 2016 ι
1077 1992 1104 2015 et
1119 1989 1192 2015 hunc
1204 1988 1295 2023 ipsum
1313 1986 1513 2015 celeberrimus
1526 1987 1639 2022 Joseph,
1651 1987 1736 2015 alios-

934 2042 988 2070 que
1016 2034 1061 2061 alii
1075 2039 1132 2061 tum
1159 2033 1187 2061 in
1203 2033 1311 2065 Vetere,
1329 2038 1385 2061 tum
1403 2033 1431 2060 in
1451 2033 1529 2061 Novo
1543 2033 1733 2066 Testamento,

934 2081 982 2109 sed
995 2086 1072 2109 certo
1084 2087 1218 2115 tempore,
1234 2088 1288 2108 non
1305 2087 1424 2115 semper.
1438 2079 1517 2113 Quod
1530 2084 1557 2107 et
1568 2085 1595 2107 tu
1608 2080 1736 2107 similiter

934 2135 997 2154 cum
1020 2127 1110 2162 egeris
1126 2134 1260 2161 agasque,
1288 2125 1439 2154 laudabilis
1453 2134 1483 2154 es
1506 2127 1578 2161 apud
1604 2126 1691 2153 Deum
1709 2134 1736 2153 et

87 2172 205 2203 Βλέποις
217 2171 262 2198 ἀεὶ
280 2171 351 2198 κατὰ
372 2171 435 2198 νοῦν
454 2170 504 2206 τὴν
521 2170 708 2206 ποθουμένην,
736 2170 784 2197 καὶ
806 2169 876 2204 μάλα

950 2171 1004 2207 pud
1028 2172 1167 2199 homines.
1184 2173 1297 2199 Intuere
1313 2179 1422 2206 semper
1447 2171 1544 2199 animo
1559 2180 1642 2207 quam
1659 2171 1735 2199 desi-

87 2217 285 2254 συμὸουλεύω·
305 2217 335 2250 ὲξ
347 2214 378 2245 οὗ
395 2218 598 2249 εὖκατάνυκτος
615 2216 677 2254 ἔσῃ,
699 2217 878 2252 μισόκοσμος,

87 2265 224 2298 φιλόθεος,
250 2264 465 2300 ἐμπαράσκευος
491 2263 562 2299 πρὸς
587 2262 638 2299 τὴν
662 2263 748 2299 αὐτὴν
773 2262 878 2295 ἔξοδονο

86 2307 115 2338 οὗ
130 2311 158 2337 τί
171 2311 207 2337 ἂν
220 2310 329 2345 γένοιτο
351 2309 556 2346 σωτηριωδέστε
562 2317 625 2345 ρον;

121 2398 160 2425 Τὸ
175 2397 324 2424 πιστευθὲν
338 2406 380 2424 σοι
404 2397 529 2433 ποίμνιον
550 2396 597 2424 τοῦ
625 2396 694 2424 Θεοῦ
723 2396 882 2432 ποιμαίνοις

85 2446 168 2477 ὁσίως
182 2445 222 2477 ὡς
238 2445 332 2480 μήτηρ
344 2445 531 2480 πνευματικὴ,
547 2444 606 2471 ἀλλ’
616 2444 668 2471 οὐκ
684 2444 809 2480 ἄρχουσα
833 2445 883 2472 ἁν-

88 2492 249 2527 θριιιπίνως,
260 2492 299 2524 ὡς
313 2491 436 2519 τυποῦσα
452 2491 486 2518 δι’
501 2491 601 2525 ἑαυτῆς
619 2492 649 2518 ὲν
663 2492 722 2524 τοῖς
742 2491 804 2518 κατ’
839 2492 884 2519 ὲν-

86 2540 181 2574 τολὴν,
196 2540 255 2567 ἀλλ’
272 2539 323 2566 οὐκ
338 2538 492 2566 ἀπαιτοῦσα
515 2538 550 2566 τὰ
585 2538 655 2574 ὑπὲρ
683 2538 818 2575 δύναμιν·
847 2539 885 2571 ὡς

88 2587 189 2623 ἐπίσης
204 2587 235 2613 ὲν
247 2586 349 2617 πάσαις
365 2586 399 2621 τῇ
414 2586 510 2622 ἀγάπῃ
537 2584 791 2621 καταμεριζομὲνη,
825 2585 883 2612 ἀλλ’

87 2631 116 2658 οὐ
147 2630 354 2667 προστιθεμένη
373 2629 440 2666 ἄλλῃ
455 2630 544 2663 ἄλλως
569 2631 604 2658 δι’
627 2631 745 2667 αἵματος
770 2631 882 2667 τρόπον.

92 2676 177 2713 Ὁρᾷς
188 2677 265 2708 ὅπως
274 2675 511 2712 νενομοθετήμεθα
523 2676 590 2713 πρὸς
598 2677 646 2713 τῆς
657 2677 787 2713 ἀληθείας
797 2685 805 2710 ;
822 2676 883 2703 Ἀλ-

932 2218 1014 2246 deras
1033 2227 1039 2245 :
1053 2225 1220 2254 magnopere
1232 2217 1258 2244 id
1273 2218 1393 2252 suadeo;
1406 2225 1440 2244 ex
1454 2225 1509 2253 quo
1522 2223 1549 2246 et
1562 2218 1644 2245 facile
1655 2225 1733 2245 com-

934 2265 1077 2300 pungeris,
1091 2269 1118 2292 et
1143 2265 1238 2292 odium
1255 2264 1380 2299 concipis
1396 2264 1505 2298 mundi,
1523 2272 1645 2292 amorem
1673 2263 1733 2297 Dei,

936 2316 1018 2347 teque
1031 2311 1065 2339 ad
1082 2317 1198 2339 mortem
1213 2312 1301 2347 ipsam
1319 2312 1495 2346 comparabis
1508 2319 1516 2338 :
1531 2319 1588 2347 quo
1598 2310 1663 2347 quid
1672 2318 1735 2339 esse

935 2361 1026 2394 potest
1040 2357 1073 2384 ad
1089 2357 1205 2385 salutem
1218 2356 1470 2384 accommodatius?

968 2403 1151 2432 Commissum
1168 2404 1214 2431 tibi
1234 2403 1281 2431 Dei
1299 2411 1408 2439 gregem
1438 2408 1534 2432 sancte
1556 2404 1688 2440 guberna,
1704 2408 1736 2432 ut

932 2450 1084 2486 spiritualis
1101 2455 1197 2481 mater,
1214 2457 1268 2477 non
1282 2454 1312 2477 ut
1327 2450 1450 2478 humano
1465 2457 1543 2478 more
1558 2451 1708 2486 praesidens
1722 2460 1731 2478 :

934 2501 966 2525 ut
980 2504 1028 2531 per
1038 2497 1153 2529 teipsam
1173 2496 1243 2524 dans
1260 2497 1414 2532 exemplum
1431 2497 1458 2524 in
1480 2497 1514 2525 iis
1530 2505 1591 2532 qua:
1614 2505 1735 2533 pracep-

934 2547 961 2570 ta
978 2546 1052 2575 sunt,
1071 2549 1125 2569 non
1138 2550 1200 2577 quae
1212 2549 1295 2578 supra
1307 2542 1380 2570 vires
1395 2542 1527 2577 exigens;
1544 2549 1672 2578 tanquam
1698 2551 1731 2570 ex

937 2596 1018 2623 aequo
1040 2588 1202 2616 charitalem
1235 2588 1365 2616 onmihos
1380 2588 1549 2624 impertiens,
1566 2597 1618 2616 non
1651 2589 1732 2616 aliam

939 2633 986 2660 alii
1017 2640 1065 2668 per
1107 2632 1234 2661 aﬂeclum
1269 2633 1411 2668 sanguinis
1443 2637 1622 2669 anteponens.
1650 2633 1734 2661 Vides

940 2686 1001 2714 quae
1015 2679 1087 2716 leges
1100 2678 1235 2714 impositae
1251 2679 1332 2708 nobis
1345 2680 1400 2707 siut
1422 2687 1437 2707 a
1448 2679 1562 2708 veritate
1575 2679 1587 2707 ’ί
1603 2679 1655 2708 Sed
1667 2678 1734 2715 quid

141 2745 164 2762 "
179 2744 267 2773 lCor.
285 2745 391 2778 "1,29.
430 2745 488 2773 "II
503 2744 567 2774 Cor.
584 2753 622 2782 νι,
638 2745 666 2775 2.
704 2745 727 2763 "
747 2745 814 2774 Luc.
833 2753 894 2779 xm,
913 2746 938 2774 7.

860 2824 974 2854 ΝΟΤιΕ.

127 2881 184 2917 (lt)
199 2881 229 2911 In
246 2883 309 2911 cod.
325 2882 392 2918 Reg.
416 2884 487 2919 ρκη¹.
