1912 3080
189 134 255 166 i391

786 138 816 167 S.
836 136 1034 168 THEODORI
1054 136 1230 167 STUDIT/E

1764 137 1832 169 1392

187 195 227 221 ait
249 201 364 229 magnus
385 193 510 222 Petrus?
536 194 570 222 Et
590 203 649 222 tum
680 197 834 231 apparuerit
866 197 988 231 princeps

1042 195 1073 222 λὰ
1085 195 1112 222 τί
1125 204 1210 230 φησιν
1224 194 1238 221 ὁ
1254 194 1343 230 μέγας
1369 193 1492 229 Πέτρος;
1519 195 1574 221 Καὶ
1608 196 1832 230 φανερωθέντος

186 246 326 276 pastorum
342 260 349 272 ,
371 241 519 276 percipiatis
540 242 787 270 inmarcescibilem
820 243 913 278 gloria:
942 251 986 269 σοι

187 296 282 315 rouum
305 287 339 314 “.
383 287 492 321 Quanta
504 288 553 316 tibi
576 288 636 316 laus
652 289 705 316 erit
731 297 825 317 coram
848 289 985 322 Domino,

191 335 342 362 iselamare
356 343 363 361 ε
376 334 443 361 Ecce
460 343 506 370 ego
525 340 550 362 et
563 335 659 370 puclla:
674 344 740 371 quas
764 335 861 362 dedisti
877 335 985 362 mihi“.

186 379 291 407 Addam
319 382 347 406 et
374 379 441 406 illud
469 379 559 407 :Nou
594 388 653 406 sum
691 380 852 415 defatigatus
885 385 909 406 te
945 388 988 407 se-

187 433 269 461 quens
288 429 336 452 :et
353 425 424 452 diem
437 425 552 453 hominis
573 435 626 454 non
644 426 793 454 desideravi
807 447 814 459 ,
830 427 938 454 Domine
952 426 985 453 ‘°.

187 472 294 500 Etenim
319 472 360 499 sic
392 479 422 499 se
455 479 500 500 res
528 472 621 505 habet,
651 473 749 500 Omnia
779 472 835 500 Deo
866 472 987 504 dedisti,

187 518 282 546 omnia
299 518 466 545 existimasti
492 522 523 545 ut
536 522 670 551 stercora,
693 523 723 546 ut
742 518 881 546 Christum
904 517 988 545 lucri-

187 563 276 591 facias
293 563 315 579 “
343 583 350 591 .
369 563 472 596 Quare,
499 563 600 598 siquae
628 569 694 591 sunt
718 564 802 592 etiam
835 564 988 592 tribulatio-

187 617 248 642 ncs,
268 609 369 644 quibus
387 608 583 637 conﬂictantur
595 609 640 645 qui
654 610 808 638 secundum
833 610 918 638 Deum
945 610 989 637 vi-

188 661 244 684 tam
273 660 377 692 agunt;
405 655 457 690 fer,
488 656 611 684 domina.
643 655 737 684 Multa:
750 658 819 684 enim
837 657 989 685 tribulatio-

188 702 377 737 nesjustorum
396 702 430 735 ",
458 707 487 730 ut
501 706 616 731 testatur
633 709 745 731 sanctus
760 703 856 736 David,
873 713 933 740 quae
962 709 990 732 et

189 750 219 778 in
235 754 327 777 mente
343 749 413 777 etin
445 749 578 777 sensibus
607 749 642 777 ab
670 750 783 778 inimico
813 751 987 784 excitantur;

187 797 268 831 cujus
299 800 327 824 tu
362 795 480 831 cogitata
530 797 659 831 ignorare
701 797 775 829 noli,
806 797 886 833 cujus
927 806 989 826 ver-

188 843 276 871 sutias
304 843 359 870 tuis
378 843 507 878 precibus
540 847 643 875 averte,
674 842 736 870 Non
751 848 789 870 est
808 844 884 871 nobis
904 844 989 871 collu-

187 889 283 921 ctatio,
300 892 329 916 ut
355 889 393 916 ait
408 889 570 923 Apostolus,
598 889 722 917 adversus
751 898 858 917 carnem
881 895 906 918 et
923 899 986 918 sau-

187 935 303 969 guiuem,
324 934 369 962 sed
381 934 507 962 adversus
521 935 689 970 principatus
707 941 731 962 et
749 941 891 970 potestates
906 944 985 963 mun-

187 980 216 1007 di
229 980 308 1014 hujus
320 980 365 1007 ":
393 988 510 1016 quartun
542 981 657 1016 laqueos
681 981 809 1015 evadere,
836 983 925 1017 magni
944 987 986 1010 est

187 1033 283 1053 revera
296 1027 465 1055 certaminis.
481 1027 609 1054 Animam
625 1026 726 1055 habeas
743 1027 770 1054 in
786 1035 838 1062 qua
854 1033 986 1056 retractes

187 1080 249 1108 qua:
265 1073 437 1107 contingunt.
472 1072 541 1101 Hinc
561 1074 635 1101 enim
650 1073 759 1101 frenum
776 1079 819 1101 est
854 1073 960 1109 peccati
976 1093 984 1106 ,

187 1123 215 1145 et
240 1119 373 1146 auxilium
392 1119 526 1146 divinum.
547 1119 689 1155 Tanquam
712 1128 850 1155 germana
876 1128 986 1148 sorores

189 1163 239 1190 tibi
255 1165 311 1191 sint
342 1164 442 1199 quibus
458 1171 568 1199 praess:
595 1169 702 1199 oportet
725 1165 798 1191 enim
821 1169 849 1191 ut
872 1164 986 1199 singula:

188 1217 254 1237 suos
266 1210 314 1237 tibi
331 1210 445 1238 aii'ectus
462 1215 652 1245 exponaut,et
676 1219 759 1247 quam
778 1211 810 1238 ad
832 1219 890 1238 rem
915 1219 985 1238 una-

188 1264 304 1292 quaeque
319 1256 354 1284 sit
369 1257 533 1291 proclivior:
555 1262 583 1285 tu
600 1265 666 1285 vero
692 1257 752 1284 illas
780 1257 897 1292 benigne
914 1257 987 1285 exci-

188 1304 258 1338 pias,
272 1307 300 1330 et
316 1303 387 1330 hanc
413 1303 524 1338 quidem
538 1304 700 1337 consoleris,
719 1303 784 1331 huic
815 1304 924 1331 animos
938 1304 987 1331 ad-

188 1351 262 1382 das,
282 1350 357 1377 illam
386 1351 544 1384 continues,
578 1354 606 1378 et
623 1353 694 1386 quod
729 1350 843 1386 singulis
874 1350 984 1378 demum

189 1395 256 1423 utile
269 1399 311 1424 est
323 1395 460 1423 conferas.
481 1395 537 1423 Nec
557 1403 623 1424 vero
649 1396 757 1423 taedium
779 1396 830 1423 hac
850 1396 878 1423 in
906 1404 935 1424 re
961 1402 986 1424 te

189 1441 290 1475 capiat.
306 1441 379 1468 Deus
408 1441 519 1476 adiutor
536 1441 670 1469 Dominus
690 1441 872 1469 corroborans
887 1451 894 1476 ;
915 1442 986 1470 inci-

189 1488 298 1522 piamus
314 1495 364 1515 nos
377 1492 505 1522 tantum;
534 1493 561 1515 et
581 1489 641 1523 ipse
669 1489 743 1515 docet
775 1489 914 1515 scientiam
929 1488 952 1504 “
977 1507 984 1516 .

190 1533 318 1560 JEmulor
335 1542 390 1567 vos,
420 1535 510 1569 inquit
541 1534 698 1569 Apostolus,
720 1535 889 1562 wntulalione
914 1535 986 1562 Dei:

191 1580 318 1613 despondi
342 1588 386 1607 vos
415 1580 461 1606 ιιιιὶ
485 1580 552 1613 viro,
580 1581 707 1616 virginem
741 1588 843 1608 castum
869 1582 988 1608 exhibere

192 1626 297 1653 Christo
309 1626 332 1642 ⁸⁸
347 1646 355 1654 .
367 1626 414 1654 Sic
434 1634 478 1654 res
494 1631 604 1654 nostras
618 1634 647 1653 se
658 1626 759 1654 habere
779 1627 878 1661 cogita,
896 1635 986 1662 quan-

192 1677 248 1698 tum
271 1671 355 1706 hujus
369 1672 577 1699 assimilatiouis
592 1679 740 1706 possumus
775 1672 884 1707 assequi
900 1680 907 1705 ;
925 1672 988 1699 licet

191 1718 293 1752 alioqui
309 1723 466 1752 peccatores
483 1718 580 1745 simus.
601 1718 634 1744 Et
651 1717 723 1745 Deus
748 1719 833 1753 pacis,
865 1718 911 1752 qui
941 1725 988 1745 co-

192 1765 348 1800 gnominem
381 1763 456 1799 pacis
486 1764 593 1791 lrencm
620 1769 735 1791 matrem
762 1768 834 1791 tuam
848 1764 880 1791 ad
901 1771 932 1791 se
960 1764 988 1791 in

191 1818 258 1846 pace
269 1815 297 1838 et
307 1811 455 1838 sanctitate
470 1810 635 1845 assumpsit,
651 1819 699 1846 per
717 1810 790 1837 illius
812 1811 928 1846 vestigia
944 1810 987 1838 vi-

193 1863 247 1884 tam
255 1861 283 1884 et
297 1857 534 1884 conversationem
552 1861 626 1883 luant
653 1856 772 1891 dirigere
789 1856 925 1891 dignetur,
939 1864 987 1892 pa-

191 1910 273 1931 scens
283 1907 453 1938 pascentem,
476 1902 627 1937 ducemque
655 1902 805 1935 deducens,
827 1903 855 1930 in
874 1903 985 1931 Christo

1005 875 1025 902 B

389 1959 521 1987 CXIX.—
533 1958 633 1986 Ιησοὸο
654 1959 792 1987 monac/ta.

1037 240 1091 267 τοῦ
1109 240 1334 275 ἀρχιποίμενος,
1359 239 1538 273 κομίσοισθε
1558 238 1613 265 τὸν
1629 240 1833 274 ἀμαράντινον

1037 286 1090 321 τῆς
1109 286 1202 320 δόξης
1218 286 1382 320 στέφανον.
1403 284 1513 312 Ἦλίκον
1531 293 1572 312 σοι
1588 285 1686 321 βοῆσαι
1715 286 1833 316 ἐνώπιον

1038 333 1144 368 Κυρίου
1155 341 1162 348 ·
1181 332 1260 360 Ἰδοὺ
1273 332 1331 367 ἐγὼ
1350 330 1401 358 καὶ
1416 331 1453 358 τὰ
1467 331 1571 358 παιδία
1587 331 1607 359 ii
1620 341 1672 366 μοι
1689 332 1831 366 δέδωκας.

1038 379 1192 415 Προσθείην
1209 379 1230 405 δ’
1243 378 1276 405 ἂν
1291 378 1403 405 κάκεῖνο
1416 385 1423 392 ·
1446 377 1517 413 Ἐγὼ
1535 378 1591 405 οὐκ
1613 378 1765 406 ἐκοπίασα
1778 388 1833 407 7m—

1038 424 1232 452 τακολουθῶν
1244 433 1304 456 σοι,
1323 424 1373 451 καὶ
1387 422 1502 458 ἡμέραν
1523 423 1683 458 ἀνθρώπου
1696 426 1753 452 οὐκ
1780 426 1833 452 ἐπ-

1039 473 1187 507 εθύμησα,
1203 472 1300 506 Κύριε.
1315 471 1370 498 Καὶ
1383 470 1438 505 γὰρ
1457 470 1544 502 οὕτως
1571 470 1638 506 ἔχει.
1655 471 1749 499 Πάντα
1772 471 1833 508 Θεῷ

1038 519 1170 550 δέδωκας,
1187 518 1276 545 πάντα
1289 517 1385 553 ἡγήσω
1399 516 1533 549 σκύϐαλα,
1561 517 1604 543 ἴνα
1618 518 1737 553 Χριστὸν
1766 527 1833 554 κερ-

1038 565 1134 601 δήσῃς.
1152 564 1235 591 Ὥστε
1249 565 1274 590 εί
1287 564 1335 590 καὶ
1346 563 1462 598 θλίψεις,
1485 561 1528 596 αἶς
1546 563 1665 596 συζῶσιν
1696 565 1722 592 οἱ
1753 566 1834 598 θείως

1038 610 1226 642 διαϐιοῦντες,
1241 611 1337 646 φέροις
1347 631 1355 642 ,
1371 611 1597 646 κυρία.Πολλαι
1605 611 1660 646 γὰρ
1671 612 1700 638 al
1714 612 1833 646 θλίψεις

1039 655 1100 682 τῶν
1114 655 1240 682 δικαίων
1250 675 1259 687 ,
1279 655 1318 686 ὡς
1333 655 1382 690 βοᾷ
1395 655 1409 682 ὁ
1426 655 1504 689 ἅγιος
1520 655 1613 689 Δαυῒδ,
1629 657 1732 691 νοητῶς
1744 665 1775 683 τε
1787 657 1835 684 καὶ

1039 702 1180 737 αἰσθητῶς
1198 702 1385 737 ἀναπτάμεναι
1399 702 1474 736 παρὰ
1488 702 1535 728 τοῦ
1552 702 1660 738 ἐχθροῦ.
1676 700 1713 729 Οῦ
1725 704 1761 729 τὰ
1775 703 1835 739 νοή-

1041 759 1116 785 ματα
1135 751 1172 786 μὴ
1185 750 1280 784 ἀγνόει
1294 758 1302 765 ·
1323 747 1354 777 οὗ
1365 749 1414 781 τὰς
1431 750 1572 785 μεθοδείας
1587 751 1649 782 ταῖς
1666 753 1834 786 προσευχαῖς

1039 796 1154 830 τραποῦ.
1171 797 1232 823 οὐκ
1247 796 1334 823 ἐστιν
1350 796 1425 830 ἡμῖν
1437 796 1456 828 ἡ
1473 797 1555 831 πάλη
1584 797 1659 830 πρὸς
1682 795 1754 832 αἷμα
1783 797 1834 824 καὶ

1041 841 1152 876 σάρκα,
1170 842 1208 872 ὥς
1221 851 1305 878 φησιν
1319 843 1334 868 ό
1365 843 1540 875 ’Λπόστολος,
1571 844 1654 870 ἀλλὰ
1678 843 1753 877 πρὸς
1777 844 1833 876 τὰς

1039 887 1134 922 ἀρχὰς
1149 888 1199 915 καὶ
1211 888 1356 921 ἐξουσίας
1371 888 1424 915 τοῦ
1439 888 1511 922 τῇδε
1531 890 1650 923 κόσμου
1662 897 1668 903 ·
1686 886 1724 915 ὧν
1735 889 1834 923 διαφυ-

1040 935 1099 969 γεῖν
1113 934 1163 966 τὰς
1176 935 1304 968 παγίδας,
1315 935 1495 969 ἀγωνιστικὸν
1510 934 1550 970 τῷ
1562 935 1629 962 ὄντι.
1640 935 1733 970 Ἐχοις
1744 936 1834 971 ψυχὴν

1039 980 1069 1006 ὲν
1083 978 1101 1018 ᾖ
1115 980 1242 1016 ἀναθήσῃ
1259 981 1294 1008 τὰ
1308 980 1503 1016 συμϐαίνοντα.
1525 981 1665 1008 Ἐντεῦθεν
1683 982 1738 1017 γὰρ
1758 982 1834 1017 χαλι-

1039 1025 1084 1057 νὸς
1101 1026 1242 1061 ἁμαρτίας
1258 1026 1305 1052 καὶ
1333 1025 1445 1061 βοήθεια
1472 1025 1542 1053 θεία.
1574 1023 1638 1053 Οἷον
1665 1027 1693 1052 αἱ
1718 1027 1833 1061 ἀδελφαὶ

1038 1071 1089 1108 τὴν
1104 1072 1154 1107 σὴν
1169 1072 1280 1107 ἔχουσαι
1298 1072 1469 1108 προστασίαν
1480 1080 1486 1087 ·
1502 1072 1544 1099 δεῖ
1558 1072 1613 1108 γὰρ
1634 1073 1719 1105 αὐτὰς
1741 1074 1835 1100 ἀνατί-

1040 1118 1136 1145 θεσθαί
1156 1127 1197 1145 σοι
1214 1118 1264 1150 τὰς
1279 1118 1387 1147 ἑαυτῶν
1403 1118 1503 1154 ὁρμὰς,
1521 1119 1569 1145 καὶ
1592 1119 1662 1154 πρὸς
1678 1119 1705 1145 τί
1730 1120 1833 1155 ἑκάστη

1040 1164 1274 1200 ἐπιρρεπέστερον
1294 1164 1362 1200 ἔχει,
1379 1166 1426 1192 καὶ
1451 1164 1538 1200 αὐτὴν
1555 1165 1755 1201 ὑποδέχεσθαι·
1785 1167 1834 1193 καὶ

1039 1211 1089 1247 τὴν
1108 1212 1158 1247 μὲν
1174 1213 1354 1248 παρακαλεῖν,
1370 1213 1420 1248 τὴν
1434 1213 1463 1240 δὲ
1494 1213 1707 1249 προθυμεῖσθαι,
1732 1214 1782 1249 τὴν
1803 1215 1832 1242 δὲ

1041 1258 1253 1292 ἁσφαλίζεσοαι,
1288 1260 1335 1285 καὶ
1364 1259 1458 1290 ἁπλῶς
1476 1259 1507 1286 τὺ
1530 1260 1685 1295 πρόσφορον
1712 1259 1835 1291 ἀπάσαις

1040 1304 1221 1340 προσφέρειν.
1239 1305 1295 1330 Καὶ
1321 1305 1405 1340 μήτοι
1427 1305 1579 1340 ἀκηδιάσῃς
1607 1306 1637 1332 ἐν
1661 1305 1741 1341 τῷδε.
1766 1306 1834 1338 Θεὸς

1041 1351 1238 1386 συνασπιστὴς,
1253 1350 1356 1386 Κύριος
1372 1352 1525 1387 ὑπερείδων
1542 1361 1549 1367 ·
1563 1353 1644 1387 ἡμεῖς
1674 1353 1755 1388 μόνον
1780 1354 1834 1388 ἁρ-

1041 1395 1152 1430 ξώμεθα
1166 1405 1174 1412 ·
1186 1397 1233 1424 καὶ
1254 1397 1336 1429 αὐτὸς
1351 1398 1487 1425 διδάσκει
1504 1398 1628 1432 γνῶσιν.
1643 1399 1730 1433 Ζηλῶ
1741 1398 1831 1434 ὑμᾶς,

1041 1444 1124 1478 φησὶν
1139 1444 1153 1469 ὁ
1172 1443 1433 1478 Ἀπόστο).ος,ζ”ήλῳ
1445 1444 1519 1471 Θεοῦ
1537 1453 1544 1460 ·
1557 1445 1741 1481 ἡρμοσάμην
1751 1445 1831 1481 ὑμᾶς

1041 1489 1086 1516 ἐνὶ
1103 1489 1200 1522 ἀνδρὶ,
1215 1489 1368 1524 παρθένον
1383 1489 1482 1524 ἁγνὴν
1503 1492 1699 1525 παραστῆσαι
1713 1491 1753 1525 τῷ
1765 1493 1832 1527 Χρι-

1040 1533 1112 1566 στῷ.
1130 1534 1224 1566 Οὕτως
1240 1535 1417 1569 ὑπολάμϐανε
1431 1536 1465 1561 τὰ
1481 1536 1542 1562 καθ’
1559 1537 1643 1571 ἡμᾶς.
1671 1537 1733 1564 ὅσον
1761 1539 1833 1564 κατὰ

1040 1579 1154 1614 ἔσχατον
1168 1581 1304 1615 ἀπήχημα
1318 1581 1532 1616 ἀφομοιώσεως·
1547 1582 1599 1609 κᾶν
1620 1582 1709 1614 ἄλλως
1739 1583 1833 1618 ἁμαρ-

1038 1626 1120 1652 τωλοὶ
1135 1627 1226 1661 ἡμεῖς.
1239 1627 1295 1653 Καὶ
1307 1628 1320 1653 ὁ
1332 1627 1400 1659 Θεὸς
1413 1628 1463 1662 τῆς
1475 1629 1597 1664 εἰρήνης,
1612 1628 1627 1655 ὁ
1646 1630 1694 1656 καὶ
1708 1629 1756 1665 τὴν
1769 1638 1833 1656 συν-

1039 1670 1147 1705 ώνυμον
1166 1672 1280 1707 είρήνην
1297 1672 1447 1708 κληθεῖσαν
1466 1682 1512 1699 σου
1547 1674 1654 1709 μητέρα
1680 1676 1709 1701 ἐν
1734 1676 1831 1712 εἰρήνῃ

1039 1718 1088 1743 καὶ
1101 1717 1223 1752 ὁσιότητι
1236 1719 1305 1754 πρὸς
1317 1719 1413 1745 ἑαυτὸν
1422 1719 1652 1755 προσλαϐόμενος,
1668 1722 1715 1748 καὶ
1730 1721 1759 1748 σὲ
1769 1722 1832 1748 κατ’

1040 1762 1112 1798 [χνος
1126 1764 1233 1800 ἐκείνης
1248 1765 1437 1792 πολιτεύεσθαι
1453 1766 1591 1799 ἀξιώσειε,
1608 1767 1761 1802 ποιμαίνων
1775 1777 1834 1794 ποι-

1041 1808 1205 1843 μαίνουσαν,
1218 1810 1266 1836 καὶ
1282 1810 1388 1845 ὁδηγῶν
1401 1811 1564 1847 ὁδηγοῦσαν,
1577 1812 1607 1840 ἐν
1625 1813 1701 1848 αὑτῷ
1720 1813 1833 1850 Χριστῷ

1039 1855 1078 1890 τῷ
1107 1854 1167 1891 Θεῴ
1198 1856 1289 1892 ἡμῶν,
1319 1852 1369 1892 ὦὴ
1383 1857 1447 1891 δόξα
1460 1859 1501 1889 είς
1515 1859 1580 1890 τοὺς
1596 1859 1709 1890 αίῶνας.
1732 1859 1832 1895 ’Λμήν.

1039 1900 1095 1929 Deo
1106 1906 1210 1934 uestro,
1233 1903 1278 1930 cui
1294 1904 1378 1938 gloria
1399 1904 1426 1931 in
1448 1905 1558 1932 szecula.
1575 1904 1672 1933 Amen.

1130 1959 1193 1986 ΡΙΘ¹
1209 1959 1275 1995 (15).
1299 1961 1425 1994 Ἰακώϐῳ
1438 1961 1605 1996 μονάζοντι.
1618 1962 1709 1999 [χνδ’.]

284 2018 346 2044 Cum
357 2023 388 2043 eo
404 2018 458 2049 qui,
469 2020 526 2049 post
535 2016 641 2048 lapsum,
654 2016 765 2041 retineat
782 2016 962 2048 episcopatum,
978 2016 1208 2042 communicandum
1219 2024 1269 2041 non
1284 2023 1350 2047 esse,
1360 2016 1458 2042 etiamsi
1470 2023 1584 2042 errorem
1593 2018 1755 2043 damnaverit.

228 2072 348 2100 Tardius
362 2071 443 2098 etiam
460 2070 493 2097 ad
523 2070 729 2098 rescribendum
749 2071 797 2097 tibi
811 2078 861 2098 nos
869 2070 990 2098 accinxi-

193 2128 267 2153 mus,
286 2119 370 2146 frater
388 2117 557 2149 honorande,
574 2122 685 2152 propter
715 2118 846 2152 temporis
870 2117 990 2145 ditiicul-

195 2172 278 2194 tatem
303 2175 310 2192 :
338 2170 458 2192 attamen
482 2164 538 2199 pari
569 2164 712 2192 charitatis
748 2172 877 2192 tuensura
903 2164 991 2192 vicem

194 2212 244 2240 tibi
255 2211 407 2244 reddimus,
419 2211 533 2238 moleste
547 2210 658 2246 quidem
669 2210 919 2238 ferentcsencomia
931 2218 992 2246 quas

195 2262 222 2288 in
243 2267 294 2287 nos
314 2259 486 2293 excogitasti,
501 2259 548 2293 qui
566 2258 647 2285 laude
664 2257 777 2292 dignum
811 2257 880 2284 nihil
904 2258 990 2285 habe-

195 2312 276 2338 mus;
293 2304 409 2331 recreati
426 2308 517 2331 autem
540 2303 645 2330 ardenti
678 2303 737 2330 zelo
762 2308 897 2330 accuratas
920 2310 989 2330 con-

194 2351 357 2379 versationis
377 2355 440 2382 tute,
466 2357 519 2385 qua
540 2357 620 2376 caves
637 2356 670 2376 ne
687 2356 743 2384 quo
766 2349 849 2376 modo
876 2349 990 2384 lepidio-

195 2403 256 2423 rum
291 2394 462 2429 negligentia:
479 2393 648 2429 adjuugaris,
664 2393 698 2420 de
712 2401 765 2428 qua
784 2393 830 2420 tibi
843 2393 934 2420 otnuis
947 2397 990 2421 est

195 2449 298 2469 sermo.
318 2441 374 2477 Ego
389 2448 455 2467 vero
473 2460 480 2473 ,
507 2440 681 2471 charissime.
713 2447 766 2467 non
791 2444 858 2474 puto
885 2439 961 2467 illum
981 2459 990 2473 ,

195 2495 277 2524 quem
295 2487 434 2520 indicasti,
451 2486 492 2514 sic
507 2486 581 2520 loqui
604 2490 652 2513 aut
666 2493 758 2520 agere.
779 2485 840 2518 Quo
857 2486 930 2513 enim
941 2494 991 2521 pa-

195 2539 240 2561 cto
255 2533 301 2569 qui
318 2533 352 2560 ad
366 2533 528 2561 hierarchia:
543 2532 658 2567 gradum
675 2536 822 2567 prorectus
837 2537 890 2565 est,
906 2533 939 2559 ad
949 2532 992 2559 in-

197 2581 260 2607 tima
276 2580 446 2615 deprimatur
459 2579 472 2606 ’ἶ
494 2578 633 2614 quomodo
646 2579 691 2612 qui
707 2577 892 2606 confessionis
902 2583 992 2606 certa-

197 2633 259 2653 men
283 2625 426 2657 sustinuit,
454 2632 517 2652 cum
543 2623 681 2651 illaudatis
707 2623 885 2659 profanisque
919 2625 992 2652 abri-

197 2673 288 2708 piatur
304 2671 316 2698 ‘i
331 2671 379 2699 Ais
406 2671 479 2698 enim
491 2669 627 2697 allii-mare
643 2669 734 2701 illum,
747 2669 821 2703 quod
850 2670 877 2696 in
897 2670 991 2698 cathe-

233 2729 257 2746 ⁵⁸
273 2729 282 2757 Ι
301 2729 374 2757 Petr.
392 2738 407 2756 v
424 2749 431 2760 ,
451 2729 485 2755 4.

196 2765 221 2782 ⁶¹
249 2763 348 2800 Ephes.
365 2773 400 2797 vi,
420 2765 463 2791 12.

540 2728 562 2744 ’³
588 2727 640 2755 lsa.
671 2736 729 2759 vui,
749 2728 791 2755 18.

518 2764 541 2779 ⁸⁸
571 2763 642 2790 Ρειιι.
680 2771 757 2797 xcttt,
798 2763 841 2790 10.
887 2765 909 2780 ⁵⁵
937 2764 957 2791 ll
977 2764 1031 2792 Cor

837 2729 859 2744 ⁸ο
885 2728 987 2756 Jercm.
1005 2737 1073 2762 xvu,
1093 2729 1135 2756 16.

1034 2785 1041 2791 .
1061 2773 1098 2798 xu,
1119 2765 1145 2792 2.

1076 2071 1189 2106 Βραόεῖς
1204 2071 1252 2098 καὶ
1267 2072 1350 2105 ἡμεῖς
1363 2071 1433 2107 πρὸς
1450 2072 1501 2107 τὴν
1513 2071 1568 2098 τῶν
1587 2072 1760 2107 γραμμάτων
1784 2073 1836 2100 ἀνι

1040 2114 1141 2141 τίδοσιν
1156 2116 1369 2151 ἀπηντήκαμεν,
1386 2116 1486 2150 ἀδελφὲ
1507 2117 1668 2152 τιμιώτατε,
1697 2117 1768 2144 οὕτω
1784 2118 1838 2145 τοῦ

1041 2162 1138 2197 χρόνου
1154 2161 1389 2197 δυσκολήσαντος·
1405 2162 1464 2189 ἀλλ’
1494 2162 1568 2197 ὅμως
1597 2163 1772 2198 ἀμειϐόμεθά
1804 2173 1838 2190 σε

1041 2209 1096 2238 τοῖς
1114 2208 1184 2239 ἴσοις
1198 2209 1246 2243 τῆς
1257 2209 1370 2243 ἀγάπης
1390 2209 1501 2246 μέτροις
1511 2219 1518 2225 -
1533 2209 1755 2244 δυσχεραίνοντες
1784 2211 1839 2244 μὲν

1041 2254 1084 2289 ἐφ’
1100 2252 1141 2286 οἷς
1157 2254 1270 2290 ἐξεῦρες
1283 2254 1343 2281 καθ’
1361 2255 1439 2289 ἡμῶν
1454 2255 1615 2290 ἐγκωμίοις,
1632 2255 1671 2286 ὡς
1683 2255 1733 2282 οὐκ
1755 2256 1841 2291 ἑχόν-

1043 2309 1098 2327 των
1112 2301 1226 2327 ἐπαίνου
1253 2300 1333 2335 λόγον
1343 2307 1350 2315 ⁸
1363 2301 1577 2336 εὐφραινόμενοι
1592 2301 1620 2327 δὲ
1634 2301 1681 2326 ἐπὶ
1694 2302 1727 2336 τῇ
1740 2300 1843 2328 διαπύη

1043 2355 1083 2381 ρῳ
1099 2346 1251 2382 ζηλοτυπίᾳ
1271 2347 1319 2382 τῆς
1333 2346 1528 2382 ἡκριϐωμένης
1541 2355 1589 2373 σου
1606 2347 1742 2378 πολιτείας
1756 2355 1762 2362 ·
1782 2356 1822 2382 φυ
1833 2365 1842 2368 -

1041 2391 1195 2428 λαττούσης
1222 2392 1320 2428 ἑαυτὴν
1352 2393 1544 2419 ἀχατὰτακτον
1577 2392 1631 2419 τῶν
1650 2392 1843 2428 χυδαιομένων

1043 2440 1076 2474 τῇ
1092 2439 1251 2475 ἀδιαφορία,
1268 2439 1335 2475 περὶ
1349 2437 1382 2476 ἧς
1399 2448 1440 2466 σοι
1456 2440 1504 2467 καὶ
1520 2441 1535 2466 ὀ
1558 2440 1613 2472 πᾶς
1631 2440 1720 2475 λόγος.
1763 2440 1842 2475 Ἐγὼ

1039 2485 1068 2512 δὲ
1085 2486 1135 2512 οὐκ
1149 2487 1250 2521 οἴομαι,
1282 2487 1405 2521 φίλτατε,
1423 2487 1493 2521 ὅπερ
1516 2488 1657 2522 ὲσήμανας
1686 2487 1842 2523 πρόσωπον

1039 2531 1113 2558 οὕτω
1129 2532 1177 2559 καὶ
1189 2532 1278 2566 λέγειν
1294 2532 1341 2559 καὶ
1355 2532 1498 2568 πράττειν.
1512 2533 1632 2564 Καὶπῶς
1645 2532 1700 2568 γὰρ
1713 2535 1728 2560 ὁ
1744 2535 1772 2560 ἐν
1784 2534 1841 2569 βα-

1040 2578 1102 2614 θμῷ
1112 2578 1253 2613 ἱεραρχίας
1261 2579 1416 2613 ἀνηγμένος
1425 2578 1605 2614 χαμαιζήλως
1615 2580 1708 2613 ἄγοιτο
1717 2588 1725 2612 ;
1734 2579 1795 2612 πῶς
1807 2580 1843 2608 δὲ

1040 2623 1088 2649 καὶ
1105 2623 1119 2648 ὁ
1141 2623 1269 2658 ὴθληκὼς
1296 2624 1331 2650 δι’
1360 2624 1507 2660 ὁμολογίας
1536 2626 1755 2660 συνυποφέρεται
1777 2626 1844 2659 τοῖς

1041 2668 1194 2705 ἁζηλώτοις
1208 2671 1256 2696 καὶ
1266 2670 1387 2705 ἁνιέροις
1401 2679 1410 2704 ;
1425 2670 1479 2706 φὴς
1494 2671 1550 2706 γὰρ
1564 2670 1655 2706 λέγειν
1683 2671 1775 2703 αὐτὸν,
1794 2672 1843 2699 ὅτι

1183 2730 1203 2745 ¹¹
1221 2729 1340 2765 Philipp.
1367 2737 1410 2765 ut,
1426 2730 1453 2759 8.
1509 2731 1531 2746 "
1557 2729 1630 2759 Psal.
1659 2739 1755 2764 xxxtu,
1788 2731 1840 2761 20.

960 2821 1075 2851 NOTAE.

207 2896 211 2901 .
235 2871 292 2906 (l5)
308 2870 337 2898 In
353 2870 414 2899 cod.
438 2871 504 2905 Reg.
523 2873 596 2905 pag’.
