1912 3080
79 162 144 194 13⁵33

674 166 945 196 EPISTULARUM
976 166 1050 197 LIB.
1073 167 1114 198 Π.

1645 171 1710 204 1391

74 223 104 249 τὸ
116 221 282 253 καεέζεσθαι
300 223 341 255 sl;
366 223 554 256 ἑπισκοπεῖον,
570 225 599 250 ὲν
625 221 702 260 ᾧπερ
730 225 858 260 ὴσέϐησεπ

939 232 966 250 ra
982 225 1131 260 episcopali
1143 225 1238 253 sedere
1271 225 1339 253 nihil
1366 226 1509 261 prohibeat
1531 235 1603 261 eum,
1620 231 1709 264 quiin

75 270 87 295 ὁ
101 268 239 303 κατέχων,
255 268 287 295 τὸ
301 268 407 295 κωλῦον
420 270 498 296 οὐδέν
510 277 518 284 '
535 270 584 297 καὶ
600 270 631 297 τὸ
658 272 734 306 παρὰ
763 279 866 305 συγκα-

73 314 200 342 ταὸατῶν
216 315 411 342 ἀνεπισκόπων
425 315 588 348 σιτίζεσθαι,
605 316 682 343 οὐδὲν
692 317 810 352 μάχεται
825 317 865 352 τῷ

74 362 167 388 κανόνι
183 362 234 396 τῆς
247 361 399 393 εὐσεϐείας.
415 362 472 389 Καὶ
485 362 544 394 πῶς
558 362 638 389 τοῦτο
653 364 683 389 οὐ
699 363 817 399 μάχεται
830 365 865 399 τῇ

73 407 204 442 Habita;
220 407 267 433 τοῦ
282 406 361 441 ἁγίου
369 407 452 434 Δαυῖδ
458 407 604 442 ψάλλοντος
617 416 624 422 ·
636 409 760 436 Ἔλαιον
773 409 866 444 ἀμαρο

71 452 170 479 τωλοῦ
179 452 223 487 μὴ
237 453 391 480 λιπανὰτω
404 453 463 488 τὴν
491 454 631 489 κεφαλήν
660 463 732 489 μου.
766 455 820 482 Τοῦ
834 464 865 482 τε

72 499 150 533 ἁγίου
170 498 331 526 Ἀθανασίου
352 501 582 535 προστάσσοντος,
608 501 745 537 μηδεμίαν
766 511 863 529 κοινω-

71 546 130 572 νίαν
146 546 220 580 ἔχειν
234 546 309 581 ἡμᾶς
328 546 397 581 πρὸς
407 547 644 583 τοὺςαίρετικοὺς,
660 548 728 575 ἀλλὰ
744 548 797 584 μὴν
810 557 863 585 μη-

71 591 98 616 δὲ
116 590 187 625 πρὸς
198 591 262 622 τοὺς
285 591 484 624 κοινωνοῦντας
499 593 568 626 μετὰ
582 592 638 620 τῶν
652 593 770 620 ἀσεϐῶν.
801 593 864 626 Πῶς

69 636 96 662 δὲ
109 636 140 662 οὐ
157 636 298 668 κοινωνία,
314 636 395 672 εἴπερ
406 637 448 664 δεῖ
460 638 628 671 καθέζεσθαι
654 640 684 666 ἐν
708 640 784 675 τόπῳ
808 648 863 666 τοι-

69 682 152 718 ούτῳ,
165 684 220 710 κάκ
239 683 295 710 τῶν
306 684 438 711 τοιούτων
450 685 601 717 σιτίζεσθαι
615 695 623 719 ;
641 686 692 713 οὒκ
707 686 764 722 ἔχει
781 687 863 721 φύσιν

69 729 122 756 κᾶν
142 730 180 764 μὴ
196 730 290 756 ἐκεῖσε
306 730 425 766 κάθηταί
446 740 499 764 τις,
525 732 633 759 ἐκεῖθεν
664 733 692 760 δὲ
721 734 860 769 τρέφοιτο,

68 774 138 810 αὑτὴ
165 775 182 809 ἡ
194 773 268 806 δόσις
279 775 328 802 καὶ
338 775 420 810 λῆψις
435 777 580 804 κοινωνίαν
613 779 768 814 ἐργάζοιτο·
795 780 862 815 φησὶ

69 821 124 856 γὰρ
139 821 155 847 ὁ
178 822 341 854 Ἀπόστολος
353 830 361 838 ⁸
376 823 483 850 Οῑδιιτε
498 824 549 850 καί
564 824 649 859 ὑμεῖς
663 825 862 859 Φιλιππήσιοι

69 866 115 893 ὅτι
132 867 184 894 ὅτε
198 867 334 902 ἐξῆλθον
357 869 416 896 ἀπὸ
436 870 636 904 Μακεδονίας,
659 871 783 906 οὐδεμία
811 880 862 906 μοι

76 913 245 947 Ἐκκλησία
260 914 444 950 ἐκοινώνησε
459 916 548 951 χάριν
559 903 673 950 δόσεως
684 925 716 944 τε
728 903 782 944 παὶ
805 903 861 953 ,ζίή-
878 903 899 930 Β

67 965 160 994 pust-te.
174 962 200 988 ει
216 960 260 995 μὴ
275 960 361 995 ὑμεῖς
373 962 472 996 μόνον
482 968 490 976 ·
505 962 550 988 ὅτι
563 962 613 989 καὶ
625 962 660 989 ἐν
674 963 860 990 Θεσσαλονί-

67 1014 105 1040 κῃ
121 1005 204 1038 ἅπαξ
217 1006 267 1033 καὶ
284 1006 332 1039 δὶς
342 1007 388 1040 είς
412 1006 471 1041 τὴν
492 1007 598 1041 χρείαν
622 1016 675 1042 μοι
696 1008 861 1043 ἐπέμψατε.

66 1051 97 1077 Εἰ
123 1049 172 1077 οὖν
193 1050 224 1077 τὸ
240 1050 324 1084 ἅπαξ,
342 1052 389 1078 καὶ
403 1051 444 1084 δὶς
455 1052 557 1085 λαϐεῖν,
576 1053 720 1081 κοινωνίαν
736 1054 861 1090 ἀπέφηνε

65 1098 95 1124 τὸ
123 1098 181 1131 φῶς
194 1098 243 1124 τοῦ
258 1099 426 1133 κόσμου’τὸ
453 1100 498 1126 ἀεὶ
524 1100 677 1135 λαμϐάνειν
707 1101 749 1133 τίς
770 1101 803 1129 ἂν
830 1099 861 1129 εὖ

65 1143 175 1179 φρονῶν
189 1144 220 1170 οὐ
238 1144 365 1178 φεύξοιτο
387 1145 425 1176 ὡς
435 1146 576 1173 ἀντίθετον
592 1147 700 1181 φωτός;

98 1191 148 1216 Δεῖ
163 1190 191 1216 δὲ
212 1190 260 1225 τὴν
287 1191 442 1227 ἁγιωσύνην
456 1200 503 1218 σου
516 1193 647 1225 ἐπιεικῶς
662 1194 711 1220 καὶ
733 1203 861 1222 ταπεινο-

64 1237 175 1272 φῴνως
202 1237 242 1272 τῷ
259 1237 346 1273 Πατρὶ
373 1239 424 1270 τὰς
449 1239 619 1276 ὑπομνήσεις
644 1241 760 1268 είσοῖσαι
775 1250 782 1257 ·
808 1242 861 1269 κᾶν

65 1283 116 1317 μὲν
128 1283 243 1318 πεισθῇ,
261 1284 451 1319 ὲκερδὴσαμεν
466 1285 513 1312 τὸν
539 1286 649 1322 Πατέρα
664 1295 671 1302 ·
704 1289 728 1314 εἰ
754 1288 783 1315 δὲ
809 1289 859 1325 μὴ,

62 1328 93 1355 τὸ
109 1329 219 1355 ἑαυτῶν
236 1329 359 1364 ἀσφαλὲς
381 1331 418 1366 μὴ
450 1331 611 1367 προώμεθα.
639 1333 708 1368 Περὶ
731 1335 787 1373 γὰρ
812 1335 860 1362 τοῦ

61 1375 163 1402 παιδία.
176 1375 367 1410 βαπτίζεσθαι,
392 1376 445 1403 ὑπὸ
455 1377 550 1410 τῶνδε,
566 1379 614 1413 τὴν
628 1379 772 1416 ἐπιστολὴν
796 1381 860 1416 ὅλην

61 1422 96 1457 ἣν
119 1422 189 1459 πρὸς
222 1422 267 1450 τὸν
292 1423 376 1451 αὑτὸν
403 1423 589 1457 ὲγκαλέσαντα
619 1426 684 1461 περλ⁵
705 1425 752 1452 τοῦ
776 1426 859 1454 αὐτοῦ

60 1468 230 1503 πράγματος
246 1467 378 1503 ὲχάραξα,
395 1469 442 1495 καὶ
454 1471 488 1504 τῇ
505 1471 537 1506 σῇ
549 1470 686 1506 τιμιότητι
700 1472 858 1505 ἀπέστειλα,

60 1516 196 1551 περιττὸν
217 1516 393 1552 ἡγησάμενος
408 1517 448 1548 δὶς
467 1519 514 1544 ἐπὶ
536 1518 566 1545 τὸ
584 1519 651 1546 αὐτὸ
668 1519 858 1554 είκαιολογείν.

60 1563 159 1594 Οὕτως
183 1558 231 1589 οὖν
251 1561 306 1597 ἐγὼ
319 1563 471 1595 ὁταπεινδς
486 1564 589 1601 φρονῶ,
617 1565 665 1592 καὶ
690 1567 858 1601 φρονοῦντας
872 1577 893 1606 c

59 1609 125 1640 τοὺς
155 1608 252 1642 ἁγίους
284 1609 350 1644 ὁρῶ,
376 1609 414 1642 ὡς
436 1609 465 1636 δὲ
487 1610 596 1646 ἑκάστῳ
621 1611 696 1638 δοκεῖ
717 1611 789 1647 ἔχειν
812 1611 858 1638 εὖ·

60 1662 148 1690 ροιεν.
172 1655 255 1686 Ἴσως
278 1654 306 1681 δὲ
319 1655 413 1690 φαίηὺ
433 1656 624 1692 ἀρτιζόμενος,
652 1657 684 1684 ὲκ
707 1657 756 1684 τοῦ
777 1657 857 1693 ὀρθο-

60 1700 254 1734 ’ξρονήσαντος
284 1700 332 1727 καὶ
351 1700 561 1736 ὲπιτιμηθέντος
587 1700 658 1728 εἶναι
678 1702 728 1738 τὴν
751 1703 833 1738 λῆψιν
848 1711 856 1718 ·

58 1746 119 1773 ἀλλ’
136 1745 217 1773 οὔπω
228 1746 323 1774 ταῦτα.
338 1747 410 1779 Ἕως
423 1747 486 1775 saw
502 1748 613 1783 κατέχοι
625 1748 676 1784 τὴν
691 1749 855 1784 ἐπισκοπὴν,

58 1792 83 1817 εί
109 1791 162 1818 καὶ
184 1791 222 1826 μὴ
235 1792 383 1828 ίερουργεῖ,
406 1793 474 1828 μηδὲ
489 1793 599 1829 μετέχοι
612 1795 666 1821 τῶν
678 1795 858 1829 ἁγιασμάτων

63 1837 98 1863 Ἦ
124 1836 154 1863 δὲ
170 1837 275 1873 ἀληθὴς
297 1839 436 1873 μετάνοια,
452 1838 490 1875 τῷ
503 1840 609 1874 ἀφῆσαι
624 1841 675 1876 τὴν
692 1841 855 1876 ἐπισκοπὴν,

57 1884 108 1909 καὶ
133 1883 231 1919 πὸρρω
256 1884 395 1917 γενέσθαι,
416 1884 512 1920 ὥσπερ
528 1886 600 1917 τινὲς
625 1887 780 1922 ἐποίησαν·
810 1887 857 1921 ἀφ’

56 1926 96 1956 ὧν
115 1929 239 1961 άὸλαϐὲς
251 1930 282 1956 τὸ
297 1930 462 1965 λαμϐάνειν·
489 1928 596 1967 μεθ’ὧν
613 1932 780 1959 καταδεκτὺν
809 1933 858 1960 καὶ.

56 1976 88 2002 τὸ
115 1975 282 2004 συνεσθίειν.
310 1977 392 2003 Ἄλλο
405 1986 432 2004 τι
443 1977 532 2012 λέγειν
552 1978 602 2005 οὐκ
617 1978 691 2013 ἔχω’
716 1978 733 2014 ἢ
757 1979 787 2004 τὸ
806 1987 858 2005 πα-

57 2021 238 2057 ρακληθῆναί
266 2029 296 2047 σε
304 2021 504 2056 προσεύχεσθαι
519 2022 585 2057 περὶ
601 2023 651 2057 τῆς
665 2022 858 2054 summitati);

58 2076 114 2102 μου
131 2075 138 2082 ·
159 2067 191 2093 οὐ
218 2067 300 2102 μόνον
324 2067 509 2103 ὀρθολεκτεῖν,
525 2068 594 2095 ἀλλὰ
621 2068 669 2095 καὶ
697 2068 856 2104 ὀρθοποδείν

56 2114 128 2148 περὶ
141 2113 193 2149 τὴν
209 2112 321 2148 πρᾶξιν.

128 2175 188 2204 PK’
206 2176 274 2212 (16).
288 2191 324 2197 -—
337 2177 452 2212 Νικήτςι
462 2177 662 2213 τοποτηρητῇ.
686 2177 784 2215 [χνς’,]

918 269 961 297 illa
978 270 1076 298 sedens
1091 270 1175 306 impio
1191 279 1221 299 se
1231 272 1335 307 gessit;
1356 277 1383 300 et
1409 273 1480 308 quod
1495 281 1510 301 a
1541 274 1711 303 condescen-

916 316 1047 344 dentibus
1074 317 1317 352 pseudoepiscopis
1337 318 1415 353 pasci
1431 319 1530 353 ipsum,
1545 320 1653 354 pietatis
1667 330 1711 349 re-

916 362 985 397 gulae
1003 371 1056 390 non
1076 369 1218 399 repugnet.
1236 363 1269 390 Et
1292 372 1347 399 quo
1364 370 1442 400 pacto
1464 366 1571 393 veritati
1587 366 1637 394 hoc
1654 375 1710 395 non

915 414 1047 444 repugnet
1062 409 1074 436 ?
1090 417 1151 437 cum
1165 415 1278 438 sanctus
1295 411 1380 438 David
1404 416 1486 439 canat
1502 412 1534 438 '°:
1550 411 1709 447 Oleumpec-

915 454 1014 480 caloris
1029 462 1082 481 non
1096 455 1243 490 impinguet
1257 460 1335 490 caput
1351 463 1447 488 meum,
1461 460 1489 483 et
1501 461 1614 484 sanctus
1626 457 1711 485 Atha-

915 498 1012 525 nasius
1028 499 1178 533 praecipiat.
1207 507 1241 527 ne
1271 500 1353 526 ullam
1384 507 1446 527 eum
1476 500 1609 528 hatreticis
1632 508 1709 528 contv

915 542 1249 576 munionenthabeamus,
1272 552 1305 571 ac
1330 552 1364 571 tte
1382 552 1452 578 cum.
1469 545 1502 572 iis
1530 545 1641 580 quidem
1661 547 1709 581 qui

914 596 976 616 cum
994 589 1084 624 impiis
1105 590 1324 619 communicant.
1353 590 1405 624 Qui
1428 595 1519 619 autem
1549 594 1710 620 communio

914 642 969 662 non
986 634 1031 668 sit,
1040 635 1064 662 si
1077 636 1125 662 tali
1141 636 1240 663 inloco
1258 637 1371 668 sedere,
1397 641 1482 672 atque
1514 645 1529 664 a
1548 638 1651 666 talibus
1671 639 1710 666 ci-

914 680 979 707 bum
1006 681 1133 716 accipere
1161 682 1316 717 oporteat?
1347 682 1406 710 Non
1435 687 1478 710 est
1503 684 1551 710 ita.
1586 683 1709 713 Tametsi

914 726 1060 760 quisquam
1075 726 1114 753 ibi
1129 735 1184 753 non
1195 727 1300 760 sedeat,
1314 728 1337 755 si
1351 734 1441 755 tamen
1456 729 1517 757 inde
1528 730 1628 762 alatur,
1640 739 1709 766 pra:-

914 771 981 798 bitiu
995 772 1053 806 ipsa
1070 776 1097 800 et
1110 773 1233 807 acceptio
1262 775 1486 802 communionem
1501 775 1610 803 elﬁciet.
1637 775 1709 804 Dicit

912 819 985 846 enint
1008 820 1155 854 Apostolus
1173 828 1180 847 :
1197 820 1278 848 Scitis
1300 825 1326 847 et
1344 829 1402 855 uos,
1428 821 1620 857 Philippenses,
1639 824 1708 858 quod

912 866 1018 901 quando
1034 866 1169 900 profectus
1185 875 1243 893 smn
1267 876 1284 894 a
1299 867 1469 900 Macedonia,
1486 869 1561 896 nulla
1575 870 1640 896 milii
1655 870 1708 897 Ec-

913 913 994 939 clesia
1010 914 1214 940 communicavit
1230 914 1257 940 in
1275 915 1377 941 ratione
1406 915 1463 942 dati
1477 920 1502 942 et
1527 917 1636 950 accepti,
1656 917 1709 944 nisi

914 966 958 985 vos
971 959 1032 990 soli,
1048 959 1111 993 quia
1125 964 1149 985 et
1167 959 1382 987 Thessalonicam
1398 961 1477 987 semel
1493 966 1517 988 et
1538 961 1577 988 bis
1591 962 1618 988 in
1631 971 1709 989 usum

913 1006 979 1033 mihi
1001 1007 1112 1034 misistis
1131 1007 1165 1033 ⁸⁷.
1189 1007 1217 1034 Si
1248 1015 1314 1043 ergo
1342 1008 1426 1036 semel
1445 1013 1472 1036 et
1500 1009 1543 1036 bis
1572 1007 1707 1045 accip‘ere,

913 1054 1133 1080 comntunionem
1155 1054 1302 1088 appellavit
1331 1055 1377 1082 lux
1400 1055 1517 1088 mundi;
1538 1063 1646 1090 semper
1661 1063 1709 1083 ac-

913 1097 1003 1132 cipere
1018 1098 1081 1132 quis
1097 1102 1170 1125 recte
1205 1099 1328 1126 sentiens
1347 1107 1402 1127 non
1433 1099 1551 1135 refugiat
1576 1105 1707 1135 tanquam

913 1145 1010 1172 lumini
1020 1145 1214 1173 contrarium?

948 1190 1060 1226 Oportet
1075 1197 1166 1219 autem
1183 1192 1356 1220 sanctitatem
1378 1196 1455 1219 tuam
1468 1194 1591 1220 modeste
1601 1198 1628 1220 et
1655 1193 1708 1220 hu-

912 1237 1014 1265 militer
1026 1238 1099 1265 Patri
1125 1238 1326 1265 admonitiones
1342 1245 1488 1273 Suggerere
1510 1246 1517 1270 ;
1532 1246 1575 1271 ac,
1592 1239 1616 1266 si
1645 1240 1708 1274 qui-

911 1284 972 1311 dem
993 1292 1155 1318 persuasum
1170 1285 1193 1312 ei
1205 1285 1298 1315 fuerit,
1320 1285 1417 1312 lucrati
1447 1284 1558 1312 Patrem
1582 1293 1679 1313 sumus
1698 1294 1706 1313 :

911 1330 954 1357 sin
969 1330 1154 1365 minus,quod
1170 1334 1259 1358 tutum
1273 1331 1353 1358 nobis
1368 1336 1410 1358 est
1427 1339 1483 1358 non
1514 1331 1680 1366 abjiciatnus
1698 1351 1706 1360 .

913 1375 949 1404 De
966 1376 1115 1404 infantibus
1129 1381 1221 1405 autem
1237 1377 1283 1412 qui
1307 1377 1342 1404 ab
1361 1377 1403 1404 his
1416 1378 1458 1404 vel
1474 1377 1508 1405 ab
1535 1378 1589 1406 illis
1618 1378 1707 1413 bapti-

911 1425 1019 1452 zantur,
1038 1421 1172 1456 integram
1192 1421 1358 1456 pepistolam,
1375 1428 1458 1455 qualn
1481 1421 1515 1448 ad
1542 1429 1604 1449 euttt
1617 1421 1708 1456 ipsum

910 1467 957 1502 qui
978 1467 1141 1495 criminatus
1157 1472 1200 1495 est
1220 1469 1253 1495 de
1270 1469 1366 1495 eadem
1383 1475 1413 1494 re
1438 1468 1558 1501 exaravi,
1579 1468 1612 1495 ad
1630 1475 1708 1496 reve-

911 1514 1027 1541 rentiam
1052 1521 1162 1549 quoque
1172 1518 1247 1541 tuam
1259 1513 1321 1541 misi
1336 1535 1344 1547 ,
1363 1521 1599 1548 supervacaneum
1628 1519 1708 1543 ratus

911 1559 953 1587 bis
971 1560 1005 1587 de
1015 1559 1109 1586 eadem
1126 1567 1156 1586 re
1170 1559 1273 1586 frustra
1296 1559 1383 1593 loqui.
1416 1559 1464 1586 Sic
1489 1560 1575 1595 igitur
1594 1560 1708 1589 humilis

910 1613 959 1641 ego
972 1606 1060 1633 sentio
1074 1613 1081 1632 :
1095 1605 1135 1632 sic
1146 1605 1245 1637 sentio,
1275 1609 1302 1632 et
1314 1609 1426 1633 sanctos
1438 1606 1474 1633 ita
1488 1606 1590 1633 sentire
1603 1606 1682 1634 video
1697 1615 1705 1633 :

911 1657 940 1678 ιιι
960 1652 1078 1686 quisque
1090 1655 1181 1678 autem
1202 1651 1311 1683 sentiet,
1328 1651 1368 1679 sic
1413 1652 1545 1680 inveniat.
1579 1651 1708 1680 Fortasse

909 1701 1000 1724 autent
1027 1696 1127 1724 dixerit
1148 1696 1195 1731 qui
1218 1697 1352 1731 pascitur,
1369 1704 1398 1724 se
1415 1705 1430 1724 a
1449 1703 1523 1724 recte
1545 1697 1677 1725 sentiente
1695 1718 1704 1730 ,

909 1742 1011 1777 quique
1030 1742 1218 1776 paenitentiam
1235 1742 1378 1777 suscepit,
1406 1742 1550 1776 accipere:
1576 1743 1624 1770 sed
1650 1751 1706 1772 non

909 1788 946 1815 ita
963 1793 1014 1814 est.
1039 1787 1168 1820 Quandiu
1207 1795 1272 1814 vero
1305 1788 1404 1815 retinet
1428 1788 1636 1822 episeopatum,
1653 1789 1706 1815 etsi

909 1834 1121 1866 nonsacrilicat,
1140 1841 1191 1861 nec
1221 1833 1308 1861 sacris
1335 1833 1490 1868 participet.
1518 1833 1585 1860 Vera
1612 1840 1706 1862 autent

910 1879 1083 1915 poenitentia,
1101 1880 1293 1914 episcopatum
1311 1879 1448 1912 abdicare,
1467 1884 1493 1906 et
1509 1879 1604 1914 procul
1616 1879 1705 1912 abire,

909 1926 982 1961 quod
1000 1925 1112 1961 quidam
1138 1925 1284 1957 fecerunt;
1302 1933 1318 1952 a
1344 1926 1446 1960 quibus
1474 1925 1599 1960 accipere
1625 1925 1706 1953 inno-

909 1972 983 1998 xiuut
1007 1977 1067 2004 est;
1090 1979 1153 1998 cum
1165 1971 1266 2006 quibus
1286 1975 1315 1998 et
1329 1971 1401 1998 vesci
1430 1970 1471 1998 fas
1486 1976 1539 1998 est.
1567 1971 1647 1997 Aliud
1662 1971 1707 1998 di-

909 2025 971 2045 cere
986 2025 1040 2044 uon
1053 2017 1140 2044 habeo
1157 2035 1165 2048 ,
1177 2016 1229 2043 nisi
1250 2016 1355 2043 hortari
1369 2020 1394 2043 te
1415 2021 1443 2043 ut
1461 2024 1524 2043 ores
1541 2024 1590 2050 pro
1612 2015 1705 2043 humi-

909 2064 988 2091 litate
1004 2070 1064 2090 ntea
1079 2071 1087 2096 ;
1105 2069 1158 2089 non
1175 2062 1265 2089 solum
1278 2067 1308 2088 ut
1327 2068 1400 2089 recte
1415 2062 1529 2096 loquar,
1545 2069 1641 2089 verum
1665 2066 1705 2089 et-

908 2111 961 2137 iam
979 2114 1009 2137 ut
1025 2113 1097 2136 recte
1123 2108 1203 2135 mein
1227 2107 1384 2143 lactisipsis
1404 2116 1511 2142 gerant.

1061 2173 1145 2203 (.XX.
1162 2188 1198 2194 —
1215 2173 1318 2201 Nicetw
1330 2177 1424 2207 locum
1438 2177 1547 2202 tenenti.

391 2257 440 2281 Pro
451 2257 598 2282 muneribus
611 2257 642 2282 ab
656 2257 701 2283 illo
711 2257 795 2282 missis
804 2259 896 2289 gratias
914 2257 974 2289 agit,
984 2263 1012 2281 ac
1021 2255 1115 2280 monita
1124 2254 1242 2280 salutaria
1252 2255 1380 2287 rependit.

95 2320 216 2356 Ἐπειδὴ
229 2321 435 2357 ὲδωροφὸρησεν
450 2322 546 2356 ἡμίνή
563 2321 716 2356 φιλέντολός
738 2329 786 2348 σου
812 2322 856 2348 δε-

944 2318 1172 2354 Quandoquidem
1188 2318 1231 2346 his
1245 2318 1299 2346 illis
1326 2319 1488 2347 muneribus
1503 2327 1565 2352 nos,
1581 2320 1702 2352 domine,

50 2368 112 2402 ξιὰ,
138 2367 223 2394 τοῦτο
236 2368 355 2399 κάκεῖνο,
378 2367 507 2400 δέσποτα,
523 2367 628 2400 δέξοιτο
651 2368 699 2394 καὶ
720 2368 754 2394 τὰ
783 2367 853 2403 πρὸς

47 2414 140 2450 ἡμῶν
164 2413 220 2439 τῶν
234 2412 360 2440 εὐτελῶν.
387 2414 420 2440 Αἱ
433 2413 579 2450 ἡμέτεραι,
593 2412 753 2445 ἀποστολαὶ,
769 2421 854 2448 προσ-

49 2460 153 2496 ευχαὶ,
180 2459 352 2496 εὐχαριστίαι
364 2480 372 2492 ,
389 2460 414 2487 εί
432 2460 461 2486 δέ
480 2468 507 2486 τι
528 2459 575 2486 καὶ
598 2459 693 2494 ἕτερον
706 2459 746 2485 δεῖ
769 2467 854 2494 προσ-

48 2508 161 2539 θεῖναι,
181 2506 333 2532 νουθεσίαι.
353 2505 411 2533 Καὶ
423 2506 494 2538 τίνες
510 2502 590 2532 αὗται
602 2513 610 2539 ;
624 2505 767 2540 φοϐεῖσθαι
781 2505 855 2539 ὑμᾶς

48 2556 98 2582 τὸν
126 2552 211 2586 Θεὸν,
229 2553 322 2579 πίστιν
336 2553 409 2588 ἔχειν
423 2552 518 2588 ὀρθὴν,
536 2551 687 2587 ἀπέχεσθαι
716 2551 856 2585 σαρκικῶν

48 2598 227 2634 ἐπιθυμιῶν,
243 2599 385 2634 πορνείας,
403 2597 538 2633 μοιχείας,
553 2596 735 2632 ἀκαθαρσίας,
765 2597 856 2632 πάσης

46 2647 143 2681 ἄλλης
158 2645 304 2679 ἀσελγείας
318 2653 326 2661 ·
346 2645 484 2681 αίρείσθαι
512 2644 541 2670 δὲ
564 2643 599 2670 τὰ
625 2643 686 2670 θεῖα
711 2644 854 2679 πράττειν,

47 2694 146 2720 ἐλεεῖν
159 2691 280 2726 πτωχὸν,
307 2689 447 2726 φείδεσθαι
469 2690 582 2722 δούλων,
600 2689 708 2725 ὀρέγειν
724 2690 805 2724 χεῖρα
814 2688 854 2724 τῷ

47 2737 187 2774 πλησίον,
203 2738 437 2772 ταπεινοφρονεῖν,
454 2735 672 2772 συνεσταλμένον
695 2733 777 2767 εἶναι,
805 2735 854 2762 καὶ

82 2795 110 2812 ⁸·
152 2793 227 2821 Psal.
251 2800 314 2826 cn,
350 2792 376 2820 5.
437 2793 459 2809 ⁸⁷
487 2791 611 2828 Philipp.
629 2799 666 2824 tv,
689 2791 738 2824 15,
769 2791 811 2819 16.

908 2368 1099 2395 mandatorqu
1123 2373 1222 2393 amans
1242 2367 1353 2394 dextera
1376 2371 1422 2393 tua
1443 2367 1606 2400 cumulavit,
1629 2367 1703 2394 acci-

908 2415 965 2449 piat
989 2413 1111 2441 vicissim
1139 2420 1201 2447 quat
1217 2420 1232 2439 a
1248 2413 1328 2440 nobis
1352 2412 1453 2441 vilibus
1477 2413 1702 2448 proﬁciscuntur.

908 2460 1022 2488 Munera
1036 2465 1130 2487 nostra
1142 2464 1207 2488 sunt
1218 2467 1326 2494 preces,
1344 2460 1496 2495 gratiarum
1514 2460 1648 2491 actiones,
1664 2465 1702 2491 et,

909 2508 931 2535 si
950 2508 1014 2543 quid
1033 2511 1163 2542 prreterea
1193 2511 1235 2534 est
1248 2506 1416 2540 addendum,
1439 2506 1652 2536 admonitiones.
1671 2507 1704 2534 Et

908 2562 1034 2590 quaenam
1056 2553 1116 2581 hae?
1136 2553 1245 2580 Tintere
1260 2561 1308 2581 vos
1323 2553 1421 2586 Deum,
1441 2553 1519 2580 Iidem
1543 2558 1645 2579 rectam
1661 2556 1702 2578 te-

908 2607 984 2632 nere,
999 2599 1137 2627 abstinere
1156 2606 1171 2626 a
1196 2598 1343 2626 desideriis
1358 2597 1527 2628 carnalibus,
1542 2596 1702 2624 fornicatio-

907 2644 961 2677 nis,
978 2644 1114 2678 adulterii,
1137 2644 1314 2679 intpurilatis,
1339 2643 1431 2671 omnis
1454 2644 1568 2671 alterius
1582 2642 1701 2677 impudi-

905 2691 996 2721 citiae;
1023 2691 1104 2718 malle
1121 2697 1213 2718 autem
1222 2691 1315 2718 divina
1329 2690 1455 2726 exsequi,
1475 2696 1626 2725 pauperum
1649 2687 1702 2715 mi-

906 2737 1003 2770 sereri,
1027 2737 1114 2765 servis
1132 2745 1256 2772 parcere,
1279 2745 1390 2765 manum
1416 2736 1537 2772 praebere
1565 2735 1700 2770 proximo,

827 2847 942 2875 ΝΟΤΛΞ.

85 2900 154 2937 (16)
169 2899 199 2928 ltt
214 2899 275 2927 cod.
299 2898 365 2934 lteg.
383 2898 450 2934 p‘m'.
