1912 3080
172 179 244 212 1395

170 238 285 266 humilia
312 236 426 269 sentire,
452 235 582 270 colligere
600 242 641 266 se,
658 242 709 261 nec
723 233 842 261 effusum
854 240 917 261 esse
930 233 962 260 liv
979 236 1001 263 Α

169 283 263 312 centia
284 289 428 315 sensuum,
447 289 496 317 per
522 288 593 316 quos
609 280 714 316 peccatl
732 287 807 306 mors
822 278 964 310 ascendit;

172 329 268 364 paucis
290 331 450 356 contentum
473 334 547 359 esse,
564 334 615 353 non
633 325 760 352 inebriari
772 324 842 356 vino,
861 325 888 351 in
904 333 965 359 quo,

173 380 203 402 ut
218 374 339 409 loquitur
360 373 520 407 Apostolus,
545 377 584 400 est
600 372 710 399 luxuria
719 372 741 387 ⁵³
756 380 764 405 ;
779 378 836 398 non
855 371 967 398 studere

172 420 336 453 avaritiae“,
367 420 397 447 in
419 427 472 455 qua
498 420 577 447 radix
599 423 642 446 est
664 419 798 446 malorum
822 418 966 449 Omnium;

173 467 315 494 assiduum
344 474 406 494 esse
431 467 460 494 in
490 466 673 499 orationibus,
694 466 721 492 in
744 465 919 497 lectionibus,
938 465 966 492 in

174 513 345 548 psalmodiis,
361 513 388 540 in
406 512 503 540 mortis
524 513 712 544 meditatione,
729 512 756 539 in
777 520 830 547 qua
847 516 889 539 est
905 512 968 538 ani-

175 567 226 586 ma:
243 559 420 593 compunctio
438 567 501 586 cttm
519 558 660 594 lacrymis.
678 557 874 593 Lacrymarum
896 557 967 585 enim

175 610 218 633 est
245 612 366 640 praesens
386 605 455 638 vita,
476 612 493 632 ο
517 604 679 636 Christiani,
710 604 758 631 sed
777 611 829 631 non
850 604 968 631 risuum.

175 649 256 678 Nullo
273 650 355 678 modo
367 650 472 685 jurare,
489 657 541 678 nec
552 649 738 677 venerandum
757 649 803 677 Dei
820 657 917 678 nomen
941 649 969 676 itt

174 696 338 731 jurameutis
360 704 493 731 usurpare
510 705 517 724 :
544 696 645 723 salvari
667 695 739 723 enim
759 696 805 730 qui
822 696 899 730 jurat
914 703 968 722 non

177 747 277 777 potest.
295 742 448 770 Immunem
462 750 523 770 esse
538 743 573 769 ab
584 743 648 769 odio
661 742 806 774 Cainitico,
822 743 857 769 ab
872 742 971 769 exitio-

178 795 208 814 sa
220 787 399 820 detractione,
412 787 448 814 ab
457 787 519 814 odio
533 787 578 814 Dei
594 787 716 821 inimico,
732 795 747 814 a
761 787 886 815 convicio
898 788 971 822 quod

178 831 300 859 excludit
315 839 330 859 a
344 839 428 866 regno
444 831 578 859 ctelorutn
593 840 600 858 ι
618 839 709 866 regem
723 831 861 858 honorare
879 839 911 858 ac
925 839 972 866 pa-

770 174 801 203 S.
817 172 1014 204 THEODORI
1035 173 1212 204 STUDlTE

1019 233 1056 268 μὴ
1079 232 1276 267 διακεχυμένον
1296 233 1357 264 ταῖς
1384 232 1540 269 αἰσθήσεσι,
1564 233 1600 261 δι’
1624 230 1663 262 ὧν
1692 235 1811 269 Θάνατος

1016 279 1154 315 ἁμαρτίας
1167 279 1281 311 ἄνεισιν,
1309 279 1478 315 αὐταρκείας
1499 280 1620 316 ἔχεσθαι,
1650 282 1695 318 μὴ
1718 285 1812 318 μεθύο

1015 327 1144 353 σκεσθαι
1160 325 1291 358 οῖνῳ,ἐν
1317 322 1342 359 ᾧ
1374 326 1470 359 ἐστιν,
1493 327 1682 361 ἀποστολικῶς
1709 330 1810 363 εἰπεῖν,

1017 371 1131 399 ἀσωτία
1143 380 1150 387 ’
1168 371 1205 407 μὴ
1227 371 1420 408 φιλαργυρεῖν,
1439 373 1468 400 ὲν
1488 369 1509 407 ᾧ
1523 374 1538 409 ἡ
1551 373 1614 409 ῥίζα
1627 375 1736 402 πάντων
1755 376 1812 403 τῶν

1017 417 1110 444 κακῶν
1127 418 1185 444 ἐστι
1197 426 1205 433 ·
1220 417 1361 453 σχολάζειν
1374 419 1405 445 ὲν
1419 419 1554 455 δεήσεσιν,
1568 421 1597 447 ἐν
1613 421 1812 456 ἀναγνώσεσιν,

1017 465 1046 490 ἐν
1061 463 1244 499 ψαλμῳδίαις,
1260 465 1288 491 ἐν
1304 465 1423 501 μερίμνῃ
1448 465 1577 498 θανάτου,
1596 465 1668 505 ὲφ¹ᾖ
1692 470 1815 495 κατανυ-

1018 509 1059 541 εις
1080 509 1168 545 ψυχῆς
1184 510 1232 537 καὶ
1244 510 1362 547 δάκρυα.
1380 511 1512 547 Δακρύων
1535 512 1590 548 γὰρ
1606 513 1621 539 ὸ
1637 515 1733 550 παρὼν
1744 514 1814 550 βίος,

1018 552 1041 582 ὧ
1062 556 1231 590 Χριστιανοὶ,
1257 556 1316 583 ἀλλ’
1329 557 1358 583 οὺ
1370 556 1509 591 γελώτων.
1521 558 1665 594 Μηδαμῶς
1679 560 1793 594 ὀμνύειν
1804 569 1814 576 ·

1021 601 1089 637 μηδὲ
1107 602 1199 635 ὅρκιον
1210 603 1242 630 τδ
1259 603 1408 638 πολύτιμον
1421 604 1466 631 δνο
1472 613 1512 639 μα
1525 605 1573 631 τοῦ
1587 605 1656 632 Θεοῦ
1678 606 1724 634 διὰ
1752 607 1816 634 στό-

1022 655 1106 682 ματος
1122 647 1216 682 φέρειν
1229 655 1236 663 ·
1254 648 1285 674 οὐ
1304 648 1358 684 γὰρ
1373 648 1434 676 ἐστι
1447 649 1494 676 τὸν
1514 649 1650 685 ὀμνύοντα
1681 652 1816 687 σωθῆναι.

1021 691 1296 727 Καθαρεύεινφθόνου
1305 692 1353 720 τοῦ
1369 693 1483 727 Καῖνου,
1498 695 1666 727 καταλαλιᾶς
1678 698 1728 733 τῆς
1754 697 1818 724 ὀλε-

1022 735 1109 771 θρίου,
1114 737 1210 771 μίσους
1218 737 1264 765 τοῦ
1273 738 1566 776 ἐχθροθέου,λοιδορίας
1574 742 1624 777 τῆς
1634 741 1687 775 ἔξω
1694 743 1819 780 τιθείς-ης

1024 783 1163 818 βασιλείας
1173 785 1203 811 οὐ
1209 785 1307 819 ρανῶν·
1323 786 1407 821 τιμᾷν
1415 786 1461 813 τὸν
1476 787 1600 822 βασιλέα,
1612 789 1675 821 τοὺς
1690 792 1820 826 γεννήτο-

1024 838 1075 864 ρας
1088 837 1095 844 ”
1111 830 1222 866 ἀγαπᾷν
1239 830 1278 862 ὡς
1289 831 1386 858 ἑαυτὸν
1402 832 1452 867 τὴν
1466 833 1614 868 ὁμόζυγον,
1629 835 1677 862 καὶ
1694 835 1732 872 μὴ
1747 845 1820 871 γνω·

179 881 271 904 rentes
284 885 291 903 :
320 875 465 911 coniugem
495 880 525 902 ut
538 875 658 909 seipsum
685 875 798 910 diligere
812 885 820 908 -,
835 883 885 902 nec
898 874 971 901 aliud

1045 872 1110 904 ίζειν
1125 873 1209 909 ἄλλην
1224 874 1347 911 πλευρὰν
1361 876 1507 912 πορνικὴν,
1528 879 1571 913 ἐφ’
1638 880 1707 916 ὀργὴ
1736 881 1819 910 Θεοῦ.

181 921 360 950 foruicarium
385 921 459 949 latus
485 927 663 956 cognoscere,
685 920 712 947 in
726 927 781 954 quo
794 920 833 947 ira
848 923 892 947 est
906 918 952 946 Dei
967 928 974 946 :

1044 921 1163 954 Ιὸρνους
1174 921 1229 956 γὰρ
1242 922 1292 949 καὶ
1298 923 1426 958 μοιχοὺς
1438 925 1537 959 κρινεῖ
1553 927 1569 953 ὀ
1583 926 1666 960 Θεός.
1677 927 1822 956 Παιᾶιόμν

181 967 370 995 Fornicatares
380 967 450 995 enim
459 972 484 994 et
502 967 637 994 adulteros
644 966 777 1001 judicabit
796 966 908 993 Deus".
925 965 973 993 Fi-

180 1013 232 1041 lios
259 1013 412 1041 secundum
442 1012 528 1040 Deum
552 1013 708 1045 instituere,
733 1016 761 1040 et
773 1012 929 1047 exemplum
945 1019 975 1039 se

181 1058 236 1086 illis
251 1058 284 1086 ad
299 1058 472 1093 prudentiam
490 1057 627 1093 pt-tebere;
643 1062 669 1085 et
689 1057 742 1085 alia
755 1065 925 1092 quaecunque
941 1057 974 1085 ad

182 1105 282 1132 animae
298 1105 415 1133 salutem
431 1109 567 1140 praecepta
581 1108 656 1132 sunt.
677 1103 740 1131 Haec
759 1107 834 1135 sunt,
852 1104 973 1136 domine,

182 1159 243 1187 quae
257 1151 373 1187 egregiis
387 1151 550 1179 muneribus
565 1151 619 1178 tuis
633 1150 810 1185 rependimus
831 1159 837 1177 :
859 1158 920 1185 quae
941 1157 976 1178 ne

183 1197 332 1233 spreveris,
346 1198 457 1225 tametsi
472 1197 505 1224 ab
520 1197 656 1224 inltonoro
666 1197 758 1232 capite
778 1195 898 1232 profecta
910 1197 975 1224 sint.

184 1243 233 1270 Dei
248 1243 320 1272 enim
337 1243 465 1273 mandata
476 1243 563 1278 pluris
579 1242 704 1271 facienda
718 1247 783 1270 sunt
796 1249 877 1278 quam
896 1249 978 1270 omne

183 1296 282 1316 aurum
295 1293 323 1317 et
337 1289 407 1324 lapis
420 1289 568 1324 pretiosus.

219 1345 314 1374 CXXI.
334 1362 370 1367 -—-
385 1345 493 1374 Thema:
509 1347 672 1382 patriarcluz
692 1345 946 1383 Hierosolymitano.

1025 965 1128 997 ἑνθέως
1141 966 1177 993 τὰ
1189 967 1283 1001 τέκνα,
1300 969 1348 995 καὶ
1361 969 1458 997 ἑαυτὸν
1482 971 1637 1007 ὑπόδειγμα
1649 973 1753 1000 τιθέναι
1768 975 1822 1009 τῆς

1026 1010 1117 1038 αὐτῶν
1142 1011 1278 1044 συνέσεως
1289 1021 1296 1029 ·
1316 1015 1364 1041 καὶ
1388 1015 1438 1042 ὅσα
1471 1015 1540 1043 ἄλλα
1555 1018 1570 1044 6
1583 1017 1633 1052 τῆς
1648 1019 1758 1054 ἐντολῆς
1773 1020 1822 1047 λό-

1026 1065 1075 1091 γος
1085 1058 1197 1085 ἀπαιτεῖ
1207 1059 1248 1090 είς
1263 1061 1402 1095 σωτηρίαν
1419 1061 1519 1097 ψυχῆς.
1538 1062 1640 1096 Ταῦτα,
1652 1061 1674 1091 ὦ
1690 1065 1820 1098 δέσποτα,

1027 1103 1202 1139 ἁμειπτήρια
1217 1105 1272 1132 τῶν
1287 1106 1380 1133 καλῶν
1401 1115 1449 1134 σου
1480 1109 1608 1144 παροχῶν
1623 1118 1631 1125 ·
1663 1110 1681 1138 ἃ
1695 1111 1733 1147 μὴ
1759 1113 1822 1139 ἀτι-

1028 1148 1138 1183 μάσοις,
1153 1149 1204 1177 κᾶν
1220 1150 1250 1183 ἐξ
1263 1151 1363 1186 ἀτίμου
1379 1153 1515 1188 στόματος
1532 1155 1669 1192 προήχθη.
1685 1156 1754 1184 Θεοῦ
1766 1158 1823 1194 γὰρ

1027 1196 1135 1260 stroke!
1145 1197 1246 1229 παντὸς
1263 1199 1375 1234 χρυσίου
1392 1201 1441 1227 καὶ
1453 1200 1536 1228 λίθων
1553 1201 1710 1238 πολυτίμων
1724 1205 1825 1240 τιμαλ.

1028 1250 1174 1277 φεστεραι.

1038 1346 1118 1374 PKA'
1148 1346 1216 1383 (17).
1228 1364 1263 1369 -
1279 1349 1366 1385 Θωμᾷ
1384 1351 1563 1423 [ἷεξςῆιάρχῃ
1597 1353 1823 1390 Ἱεροσολύμων.

186 1443 283 1471 Gratias
293 1444 345 1477 agit
358 1451 403 1477 pro
414 1445 524 1477 acceptis
534 1445 565 1470 ab
575 1445 632 1477 ipso
643 1445 737 1471 litteris
753 1454 759 1471 :
775 1449 827 1471 tum
837 1446 921 1472 laudat
931 1453 980 1478 quo

392 1495 399 1503 ι
925 1485 966 1503 an.

1044 1449 1214 1513 ιὶίεὲδοριιςειω
1224 1452 1346 1478 adversus
1361 1453 1537 1480 Ieonomachos
1548 1455 1702 1482 defenderit.
1718 1456 1824 1488 (Baron.

222 1529 333 1562 Quanto
352 1535 405 1558 nos
427 1528 547 1557 humiles
561 1528 652 1557 affecti
677 1529 813 1557 fuerimus
827 1530 928 1565 gaudio
947 1538 981 1558 ex
994 1534 1016 1563 α

188 1576 390 1612 sapientissima
414 1583 469 1611 qua
493 1583 544 1604 nos
564 1583 612 1612 per
632 1576 776 1611 epistolam
799 1576 902 1612 dignati
918 1577 984 1604 estis

188 1622 371 1654 allocutione,
397 1621 553 1657 perspicere
573 1626 665 1657 potest
686 1629 814 1657 suprema
845 1621 985 1649 beatitudo

188 1674 280 1697 vestra
299 1677 306 1695 :
322 1668 422 1703 quippe
436 1667 482 1702 qui
498 1668 650 1702 apostolico
668 1668 752 1704 gradu
776 1667 986 1703 supereminen-

189 1720 243 1747 tes,
262 1719 290 1742 et
308 1714 403 1742 fratris
421 1713 529 1742 Domini
547 1722 597 1749 per
609 1714 760 1749 legitimam
782 1714 984 1742 successionem

190 1769 336 1797 personam
355 1765 491 1796 gerentes,
516 1760 559 1788 vel
583 1761 642 1788 solo
664 1761 748 1788 aifatu
772 1761 909 1788 honorare
934 1768 985 1788 nos

192 1807 325 1842 inglorios
353 1807 452 1834 merito
479 1807 631 1841 poteratis:
650 1807 750 1834 nedum
772 1811 910 1834 tantarum
924 1807 986 1833 lau-

192 1852 257 1879 dum
275 1851 406 1887 fastigiis,
427 1859 442 1878 a
457 1851 557 1886 quibus
579 1858 630 1878 nos
654 1855 711 1878 tam
740 1851 819 1886 longe
839 1852 984 1884 absumus,

193 1901 224 1926 ut
247 1904 316 1932 pene
331 1895 460 1923 arbitrari
477 1903 534 1923 non
557 1895 682 1922 ausimus
698 1895 732 1922 de
748 1896 828 1923 nobis
840 1896 910 1924 dicta
929 1896 986 1924 haec

193 1952 208 1969 ιι
229 1943 306 1971 vobis
318 1942 403 1970 fuisse
417 1950 425 1969 :
442 1949 475 1969 ac
491 1949 526 1969 ne
540 1941 622 1969 ullius
641 1941 753 1976 quidem
772 1949 805 1969 ex
819 1942 853 1968 iis
866 1943 913 1977 qui
928 1942 986 1970 for-

194 1990 257 2016 titer
276 1996 306 2016 se
316 1993 460 2025 gesserunt
474 1995 535 2016 esse
552 1987 610 2015 hinc
631 1987 767 2020 encomia,
785 1987 831 2015 sed
848 1988 987 2016 divinissi-

194 2035 231 2062 mi
263 2034 393 2062 antistitis
417 2034 516 2067 nostri,
548 2034 574 2062 iu
598 2042 680 2069 quem
711 2034 809 2062 merito
841 2035 987 2062 conveniat

194 2080 323 2116 qualibet
341 2081 532 2115 cujuscunque
555 2080 722 2108 laudationis
738 2081 838 2108 oratio.
863 2081 916 2108 Sed
940 2081 987 2115 qui

195 2127 273 2154 aliter
300 2125 434 2161 patefacta
465 2125 563 2154 fuisset
595 2126 751 2161 benignitas
779 2131 870 2154 vestra
887 2125 988 2153 divinae

195 2172 303 2204 aemula,
325 2171 377 2199 nisi
392 2172 514 2207 paternis
526 2172 668 2200 affectibus
682 2173 825 2207 splendide
837 2180 909 2200 esset
924 2179 988 2207 pro-

195 2218 252 2245 dita
267 2227 274 2246 :
294 2217 368 2245 sicut
386 2221 413 2245 et
435 2217 501 2245 solis
517 2218 564 2245 lux
586 2225 734 2253 erumpens
759 2218 842 2245 radiis
855 2217 986 2244 dill'undi—
1003 2207 1024 2235 θ

196 2264 256 2292 tur?
281 2263 332 2297 Qui
352 2264 434 2291 aliter
456 2264 594 2292 unanitnis
611 2270 638 2292 et
655 2265 819 2300 conspirans
843 2264 986 2291 nobiscum

196 2318 294 2340 sensus
310 2315 524 2345 agnosceretur;
539 2311 590 2338 nisi
611 2311 645 2339 ab
668 2311 700 2338 iis
720 2316 920 2343 secerneretur,
940 2311 988 2345 qui

196 2358 231 2386 ad
245 2357 430 2391 adversarios,
454 2359 662 2394 qualescunque
678 2359 716 2385 illi
736 2359 802 2390 sint,
824 2364 923 2393 sponte
940 2359 988 2386 de-

195 2404 340 2432 fecerunt‘.l
365 2404 405 2432 De
427 2405 538 2439 quibus,
573 2406 623 2432 etsi
644 2405 774 2434 audacius
795 2406 831 2432 sit
858 2414 872 2432 a
898 2405 987 2438 nobis,

197 2459 305 2486 aequum
332 2455 421 2478 tamen
443 2455 486 2478 est
504 2450 569 2482 dici,
587 2450 652 2485 quid
676 2451 807 2478 tandem?
823 2451 894 2486 quod
909 2451 987 2478 ebul-

198 2498 280 2524 liente
295 2496 406 2526 Ineresis
420 2496 612 2531 persecutione
631 2497 812 2526 conveniebat
830 2497 987 2524 sublimium

198 2544 303 2571 sediunt
334 2544 484 2577 antistites,
504 2549 634 2578 tanquam
654 2544 774 2579 Spiritus
790 2544 942 2579 adjutores,
963 2549 990 2572 et

198 2591 355 2626 apostolicis
378 2590 600 2618 institutionibus
625 2591 729 2626 plenos,
750 2590 871 2618 fraterno
896 2592 989 2620 animo

198 2637 376 2671 commoveri,
402 2645 513 2665 manum
534 2645 583 2672 pro
598 2638 708 2666 veritate
729 2639 899 2667 certantibus
913 2647 990 2666 com-

199 2684 326 2720 patiendo
338 2684 486 2720 porrigere.
506 2684 535 2711 Si
550 2684 614 2719 quid
627 2685 707 2716 enim,
722 2684 770 2717 ait,
785 2685 888 2719 patitur
907 2693 988 2712 unum

233 2741 258 2758 ⁸³
269 2741 368 2777 Epltcs.
383 2750 409 2774 ν.
426 2742 470 2770 18.

1074 1533 1183 1560 Ἦλίκον
1194 1534 1321 1570 ἥσθημεν
1334 1537 1358 1563 οἱ
1371 1536 1497 1563 ταπεινοὶ
1510 1537 1559 1572 τῆς
1573 1538 1618 1565 διὰ
1630 1538 1677 1566 τοῦ
1693 1539 1827 1576 γράμμα-

1033 1586 1080 1610 τος
1094 1579 1233 1614 πανσόφου
1249 1580 1325 1616 ὑμῶν
1340 1582 1560 1617 προσφωνήσεως
1584 1583 1744 1619 ἠξιωμένοι,
1762 1594 1829 1613 συν-

1034 1625 1101 1661 ορᾷν
1132 1626 1251 1661 πάρεστι
1268 1629 1301 1663 τῇ
1318 1628 1455 1664 κορυφαίᾳ
1471 1628 1549 1664 ὑμῶν
1565 1632 1766 1667 μακαριότητιι
1785 1633 1829 1660 οἴη

1034 1680 1067 1706 γε
1080 1671 1120 1707 τῷ
1135 1672 1309 1708 ἀποστολικῷ
1327 1673 1425 1709 βαθμῷ
1449 1674 1697 1709 ὑπερανεστῶτες,
1719 1678 1766 1704 καὶ
1795 1678 1829 1706 τὸ

1035 1717 1083 1743 τοῦ
1098 1717 1259 1752 ἀδελφοθέου
1274 1718 1308 1745 δι’
1321 1718 1434 1754 ἐννόμου
1450 1719 1577 1755 διαδοχῆς
1585 1720 1730 1755 ἐπέχοντες
1741 1723 1830 1759 πρόσ-

1035 1771 1120 1796 ωπον,
1149 1763 1197 1790 καὶ
1221 1763 1286 1800 ψιλῇ
1303 1765 1459 1800 προσρήσει
1475 1766 1559 1801 τιμᾷν
1574 1766 1662 1802 ἔχοιτε
1676 1769 1740 1800 τοὺς
1763 1770 1829 1797 καθ’

1037 1810 1110 1845 ἡμᾶς
1122 1809 1302 1846 ἀγεράστους,
1332 1812 1446 1839 κατὰτὸ
1459 1812 1533 1844 εἰκός
1546 1820 1553 1828 ’
1581 1813 1619 1849 μὴ
1648 1814 1722 1849 ὅτιγε
1750 1815 1834 1852 τηλι-

1036 1856 1141 1883 κούτων
1154 1856 1274 1883 ἐπαίνων
1289 1856 1436 1892 ὑψώμασιν
1451 1866 1458 1874 ’
1475 1855 1513 1885 ὧν
1528 1859 1610 1895 ἡμεῖς
1619 1860 1746 1888 τοσοῦτον
1757 1861 1832 1889 ἀπο-

1036 1903 1142 1939 δέομεν,
1155 1904 1195 1936 ὡς
1220 1903 1321 1939 μικροῦ
1333 1904 1388 1931 δεῖν
1413 1905 1482 1940 μηδὲ
1503 1905 1607 1942 τολμᾷν
1633 1907 1737 1934 οἴεσθαι
1762 1909 1833 1944 περὶ

1036 1950 1115 1985 ήμῶν
1129 1949 1175 1985 ὑφ’
1190 1950 1267 1985 ὑμῶν
1278 1950 1365 1977 ταῦτα
1378 1949 1505 1986 λελέχθαι
1514 1959 1521 1966 ·
1539 1951 1598 1978 ἀλλ’
1611 1952 1671 1979 οὐδέ
1685 1961 1758 1985 τινος
1773 1955 1833 1981 τῶν

1037 1996 1172 2032 ἀνδρικῶν
1186 1993 1256 2023 εῖναι
1266 1995 1301 2023 τὰ
1316 1996 1460 2030 ἐγκώμια·
1476 1997 1562 2032 ἤγουν
1575 1996 1623 2024 τοῦ
1638 1998 1833 2026 Θεσπεσιωτά-

1037 2050 1084 2069 του
1100 2043 1178 2078 ἡμῶν
1192 2042 1389 2079 ἀρχιποίμενος
1400 2050 1407 2057 θ
1420 2042 1463 2077 ἐφ’
1477 2039 1500 2076 ᾧ
1512 2044 1566 2075 πᾶς
1579 2044 1626 2071 καὶ
1635 2045 1735 2077 παντὸς
1750 2046 1764 2072 ὁ
1779 2046 1834 2081 τῆς

1037 2087 1176 2121 εὐφημίας
1193 2088 1305 2120 εἰκότως
1318 2087 1467 2115 ἀνάπτοιτο
1477 2088 1568 2123 λόγος.
1600 2089 1682 2117 Ἀλλὰ
1708 2090 1767 2123 πῶς
1795 2091 1834 2119 ἂν

1038 2132 1124 2164 ἄλλως
1135 2132 1166 2159 τὺ
1177 2133 1343 2169 θεομίμητον
1359 2134 1438 2169 ὑμῶν
1463 2135 1510 2162 καὶ
1535 2135 1750 2172 εὐσυμπάθητον
1774 2138 1835 2164 ὑπ-

1039 2177 1146 2212 εδείχθη
1159 2183 1167 2191 ·
1185 2178 1222 2213 μὴ
1244 2178 1305 2213 οὐχὶ
1317 2180 1378 2211 ταῖς
1399 2180 1552 2214 Πατρικαῖς
1572 2181 1713 2208 διαθέσεσι
1725 2182 1835 2218 θριαμ-

1039 2223 1186 2259 ϐευόμενον
1197 2231 1204 2239 ·
1222 2224 1260 2255 ὡς
1272 2225 1320 2250 καὶ
1334 2225 1410 2260 ἡλίου
1424 2226 1529 2262 ἐξαλμα
1558 2228 1652 2254 ἀκτῖσι
1677 2236 1836 2256 κατασπει-

1041 2271 1171 2306 ρόμενον;
1198 2271 1261 2302 Πῶς
1275 2270 1297 2296 δ’
1310 2270 1344 2298 ἂν
1359 2272 1461 2308 ἑτέρως
1473 2273 1503 2299 τὸ
1518 2273 1662 2309 σύμψυχον
1687 2274 1754 2309 ἡμῖν
1782 2277 1838 2303 καὶ

1039 2315 1199 2352 όμόγνωμον
1232 2316 1387 2354 ἐγνωρίσθη
1403 2326 1410 2333 ·
1441 2318 1479 2354 μὴ
1504 2319 1564 2354 οὐχὶ
1589 2320 1660 2355 πρὸς
1686 2320 1750 2352 τοὺς
1773 2323 1838 2354 τοῖς

1039 2361 1175 2393 ἐναντίοις
1191 2361 1278 2388 ὁποῖοί
1291 2370 1358 2389 ποτε
1380 2360 1450 2398 ἦσαν
1472 2364 1712 2399 αὐτομολήσαντας
1726 2366 1839 2402 διακρι-

1039 2409 1152 2443 νόμενον
1165 2418 1172 2440 ;
1184 2410 1227 2443 ἐφ’
1240 2407 1281 2440 οἷς
1299 2409 1324 2436 εί
1359 2409 1406 2436 καὶ
1421 2409 1567 2446 τολμηρὸν,
1584 2411 1654 2447 πρὸς
1665 2412 1743 2447 ήμῶν
1756 2412 1838 2448 ὅμως

1040 2454 1142 2482 ἔνδικόν
1158 2456 1215 2482 ἐστι
1231 2455 1332 2490 φάναι·
1346 2455 1379 2482 Τί
1389 2455 1487 2489 τοῦτο;
1505 2457 1547 2483 ὅτι
1559 2457 1609 2492 τῆς
1624 2457 1756 2492 αἱρέσεως
1768 2459 1839 2487 διω-

1040 2501 1143 2533 κτικῶς
1155 2502 1404 2538 ἁναπαφλασάσης,
1429 2503 1515 2538 ἐχρῆν
1540 2504 1605 2536 τοὺς
1633 2504 1688 2530 τῶν
1720 2504 1839 2541 ὑψηλῶν

1041 2547 1144 2583 θρόνων
1159 2548 1279 2584 ἐξόχους,
1293 2549 1331 2581 ὡς
1348 2548 1397 2575 τοῦ
1409 2549 1569 2585 Πνεύματος
1585 2550 1760 2586 συμμάχους,
1787 2553 1840 2580 καὶ

1041 2593 1095 2620 τῶν
1112 2595 1300 2622 ἀποστολικῶν
1315 2595 1462 2631 ὑποθηκῶν
1469 2596 1618 2632 ὲμπλέους,
1634 2598 1839 2634 συγκινηθῆναι

1044 2639 1224 2676 φιλαδέλφως,
1242 2643 1321 2678 χεῖρα
1335 2642 1428 2678 ὀρέξαι
1450 2644 1507 2675 τοῖς
1536 2643 1607 2679 ὑπὲρ
1631 2644 1762 2680 ἀληθείας
1784 2646 1841 2672 κά-

1045 2695 1142 2721 μνουσι
1162 2688 1405 2725 σνμπαθοπρεπῶς
1416 2688 1499 2717 ,Είτε
1507 2689 1660 2726 γὰρψησὶ,
1674 2690 1789 2727 πάσχει
1803 2691 1837 2721 ἓν

521 2741 563 2769 ⁶τ¹Ι
577 2741 649 2769 Tim.
668 2749 703 2782 vt,
720 2740 764 2773 1θ,
802 2743 825 2759 ⁷⁸
842 2742 922 2771 llobr.
940 2751 1001 2775 xm,
1023 2744 1050 2770 4.

959 2819 1074 2849 NOTAE.

236 2898 292 2934 (Π)
312 2898 341 2925 ln
358 2898 420 2927 cod.
441 2898 505 2934 Reg.
519 2898 586 2934 ρλβ’.
