1912 3080
38 202 87 234 1397
612 194 881 226 EPISTOLARUM
911 194 985 224 LIB.
1010 193 1051 222 II.
1580 192 1650 226 i398

33 263 114 299 μιιος,
141 259 319 296 συμπόσχει
333 257 432 285 πάντα
447 257 484 285 τὰ
507 257 601 292 μέλη·
625 257 686 284 εἴτε
716 255 788 289 δοξὰ

894 254 1017 286 rntbrum,
1034 252 1232 288 compatiuntur
1244 253 1333 279 omnia
1360 252 1478 279 mtmbra
1496 259 1506 278 :
1528 252 1582 280 sive
1594 252 1649 288 glo-

34 298 90 338 ζιται
110 306 145 334 ἓν
157 305 260 342 μέλος,
276 304 432 339 συγχαΙρει
443 302 542 330 πάντα
554 302 591 330 τὰ
602 302 682 337 μέλη
692 310 700 318 ·
717 310 788 336 κεφα

893 304 942 326 ιιιιι·
971 307 1054 326 unum
1081 299 1238 332 membrum,
1266 298 1431 333 congaudent
1461 299 1551 325 onmia
1566 306 1648 325 mem-

34 346 172 389 λῇςδηλαὸὴ
184 351 268 387 οὔσης
282 350 330 378 τοῦ
359 348 588 385 ὲκκλησιαστικοῦ
617 348 679 376 ὅλου
707 347 788 382 σῶμα

893 355 904 373 1
916 346 936 361 τ’
950 355 958 379 ;
981 346 1045 381 quia
1061 345 1192 373 nimirum
1210 349 1293 380 caput
1310 350 1352 372 est
1368 345 1452 372 totius
1467 345 1648 372 ecclesiastici

32 409 65 431 τις
99 397 221 435 Χριστοῦ
253 397 301 424 τοῦ
340 396 470 433 ἀληθινοῦ
512 396 617 432 Κυρίου
651 395 699 422 καὶ
734 395 785 422 Θεο

895 392 980 427 rporis
1004 391 1141 424 Christus,
1172 398 1255 419 verus
1281 391 1415 418 Dominus
1444 398 1476 418 ac
1501 389 1572 418 Deus
1600 398 1650 418 no-

32 448 42 481 i}
46 445 102 480 μῶν.

855 442 920 465 ster.

55 503 133 536 Ὅπερ
149 500 223 536 ὁτῆς
236 500 345 532 Δύσεως
366 498 546 530 ἁποστολικδς
571 496 721 533 πεπραχὼς
738 497 801 524 ὅσον

892 495 968 529 Quod
999 494 1154 523 Occidentis
1181 494 1350 530 apostolicus
1374 503 1436 522 cum
1461 494 1647 530 praestitisset,

30 547 191 583 ὢνησε,τίδεῖ
205 546 352 580 καζλέγειν
364 554 373 579 ;
388 544 550 581 ἐπιρρώσας
563 543 615 578 μὲν
629 543 664 570 τὰ
687 543 741 570 τῶν
758 543 785 570 ὲν

896 547 987 569 autum
1004 541 1226 577 profuerit,'quid
1241 542 1339 569 attinet
1349 541 1461 568 dicere?
1475 541 1573 576 partim
1588 541 1651 576 qui-

32 594 162 628 ιςταμένων
170 592 212 619 ὅτι
226 591 344 627 μάλιστα
355 590 528 626 φρονήματα.
542 589 629 624 Εἴπερ
642 588 691 615 καὶ
699 597 784 624 σμικρ

892 588 1093 616 mcertantium
1120 594 1227 616 mentes
1253 595 1429 623 summopere
1456 588 1647 616 conﬁrmans:

31 639 83 674 ῥοπὴ
93 638 187 669 σθένος
201 637 329 672 ὲμποιετν
343 636 423 663 εἴωθε
436 635 477 671 τῷ
492 635 635 669 κάμνοντι,
651 635 786 670 έπιρραπί

893 636 989 671 μιῑᾱειιι
1011 636 1140 671 exiguum
1164 639 1332 663 momentum
1351 635 1406 663 vim
1423 640 1451 662 et
1463 636 1549 662 robur
1568 634 1648 662 fessis

31 693 63 715 ea;
69 684 94 710 δὲ
100 683 139 719 τῷ
145 691 216 710 meo
220 682 392 718 ματοκινήτῳ
406 679 515 715 ἐλεγμῷ
520 680 574 707 τῶν
586 679 757 708 ἀσεϐούντων
769 686 785 705 τ

909 681 1098 710 laborantibus
1122 681 1222 709 addere
1251 681 1345 710 solet:
1372 681 1472 716 partim
1499 681 1656 715 impiet'um,

30 731 178 765 φρυάγματα
194 736 202 744 ’
236 726 267 755 οὗ
282 727 308 755 τί
332 728 365 754 ἂν
391 727 499 761 γένοιτο
522 724 780 760 σωτηριωδέστερον

893 728 983 755 imitus
1004 735 1020 756 a
1045 727 1148 763 Spiritu
1171 727 1293 763 profecta
1311 727 1524 762 reprehensione
1537 735 1648 762 compe-

29 773 56 807 ei;
67 776 92 802 δὲ
108 775 192 802 τοῦτο
221 775 310 802 ποιεῖν
324 773 394 806 ὲξὺν,
420 773 534 800 οὐτιπου
560 772 701 807 ποιήσασι,
725 770 784 798 τούν

891 782 960 802 ens:
986 782 1042 809 quo
1069 774 1135 809 quid
1171 774 1230 802 ﬁeri
1260 775 1348 809 potuit
1361 773 1529 801 salutarius?
1547 772 1646 800 Contra

29 823 98 849 miov
110 821 151 854 δὲ,
180 821 232 848 οὐκ
243 820 297 855 ἔχω
323 819 414 853 λέγειν
437 819 452 845 ὁ
469 817 564 850 τάλας,
581 817 652 845 αἰδοῖ
676 815 725 844 τοῦ
753 816 784 852 τῆ

892 828 920 848 ro
939 821 987 856 qui
1000 821 1071 848 idem
1092 821 1181 849 facere
1196 828 1258 848 cum
1273 825 1396 856 possent,
1414 820 1526 847 minime
1539 819 1647 854 praesti-

30 868 215 902 μακαριότητος
230 865 309 901 ἡμῶν
324 865 453 900 ἀγγέλου,
472 864 536 891 ὅσον
552 863 586 890 ἂν
616 863 659 898 εἴη
683 863 714 889 τὸ
738 871 785 890 κατ

891 872 959 898 -ιιηι,
970 867 1060 895 dicere
1068 868 1152 895 miser
1163 875 1260 895 vereor
1271 872 1382 902 propter
1395 867 1483 902 angeli
1496 866 1646 894 beatitudi-

28 915 149 948 ηγέρημα.
175 912 245 939 Ἀλλ’
262 912 354 938 ὲκεϊνα
370 911 420 947 μὲν
434 910 523 946 πέρας
539 910 660 945 εἴληφεν,
675 906 732 936 οἷον
757 918 783 936 κε

893 921 899 940 ι
916 919 1013 941 vestras
1024 914 1217 946 reverentiam,
1229 919 1332 948 quanta
1344 914 1398 940 illis
1408 913 1539 940 debeatur
1557 921 1648 948 repre-

29 961 174 994 ἑξήκουσται
187 959 274 986 ἅπασι
292 967 299 974 -
312 958 360 984 τοῦ
374 956 479 992 ἀγαθοῦ
491 956 560 984 Θεοῦ
571 956 604 983 ἐκ
622 955 711 983 ποδῶν
726 956 784 983 neti

891 959 960 987 nsio.
980 959 1080 986 Verum
1097 960 1154 987 haec
1168 960 1217 993 ita,
1229 964 1257 986 ut
1272 966 1367 986 omnes
1383 959 1542 991 audierunt,
1565 959 1646 986 ﬁnem

30 1013 102 1037 ςιντος
116 1005 167 1031 τὸν
182 1004 321 1039 ἀλιτήριον
334 1002 480 1038 δράκοντα,
493 1001 540 1028 και
565 1009 597 1035 γε
609 1000 718 1036 Θανάτῳ
728 1001 785 1032 ἐξαι

888 1012 960 1040 pere,
973 1005 1028 1033 Deo
1037 1006 1110 1033 bono
1121 1005 1259 1033 funestum
1271 1005 1420 1032 draconem
1432 1005 1643 1037 exterminatus,

28 1050 63 1083 σὶῳ
75 1050 118 1075 καὶ
130 1048 186 1083 τῆς
197 1047 368 1078 ἀποστασίας
382 1046 489 1080 ὲνδίκῳ.
507 1045 544 1072 Οὐ
561 1046 616 1081 μὴν
629 1045 665 1072 τὰ
679 1045 783 1082 παρόντ

905 1051 1017 1087 quidem
1046 1051 1130 1079 atroci
1154 1056 1242 1079 morte
1264 1056 1292 1079 et
1306 1052 1452 1086 apostasize
1467 1056 1645 1085 congruente.

27 1095 97 1127 καθὼς
110 1093 274 1121 ὖπετόπασέ
290 1101 358 1124 πως.
375 1093 437 1119 Ὀτι
450 1092 465 1118 ὀ
477 1091 527 1128 μὲν
539 1091 645 1128 χειμὼν
662 1091 782 1127 παρῆ).οε

893 1105 908 1124 c
935 1101 1027 1125 tamen
1052 1105 1086 1125 eo
1108 1098 1168 1126 loco
1193 1101 1258 1125 sunt
1278 1105 1477 1133 usquequaque
1501 1098 1647 1132 prmsentia

25 1141 115 1167 citizen
130 1140 162 1167 δὲ
179 1139 212 1166 τὸ
222 1138 392 1174 ποθούμενον
405 1138 456 1174 ἔαρ
470 1148 477 1155 ·
492 1138 509 1174 ἢ
534 1139 596 1165 ὅσον
608 1138 717 1172 αῑθριαν
739 1146 780 1164 τιν

891 1151 908 1169 o
925 1143 1083 1177 suspicatus
1094 1151 1133 1170 es.
1149 1143 1284 1176 Quoniam
1300 1143 1388 1171 hiems
1400 1143 1510 1178 quidem
1526 1143 1646 1175 transiit.

25 1188 179 1221 ύπιυγάσαι,
197 1186 247 1213 καὶ
261 1185 341 1220 τήνδε
355 1184 399 1212 διὰ
413 1185 444 1212 τὸ
457 1185 507 1212 ἀπ’
520 1184 585 1219 ἠοῦς
614 1184 706 1219 νέφος.
739 1184 780 1220 ‘Ag

892 1188 975 1215 mlum
993 1193 1083 1215 tamen
1103 1188 1181 1216 adest
1194 1195 1242 1215 ver
1258 1192 1428 1222 exoptatum,
1442 1188 1495 1215 nisi
1509 1193 1647 1222 quatenus

25 1235 68 1259 κεῖν
78 1235 131 1269 γὰρ
148 1231 277 1267 ἡγοῦμαι
294 1231 342 1257 in!
355 1231 405 1266 τῆς
417 1231 522 1263 εἰκόνος
534 1231 615 1258 ὲᾶσαι
636 1230 683 1257 τὸν
709 1230 780 1264 λόγοι

890 1235 986 1262 renitas
1003 1234 1127 1268 quaedam
1143 1233 1265 1269 aﬂ‘ulget.
1283 1239 1311 1262 et
1327 1234 1384 1262 haec
1399 1242 1447 1269 per
1466 1233 1596 1261 nebulum
1611 1234 1645 1260 ah

26 1280 78 1313 μήτε
90 1281 141 1314 τῆς
159 1278 239 1313 ὑμῶν
255 1276 433 1312 μεγαλονοίας
448 1276 611 1312 ὲνδεομένης
635 1276 781 1312 μαθήσεως

891 1288 963 1308 rora.
980 1280 1085 1308 SulIicit
1104 1280 1188 1313 enim,
1213 1281 1321 1315 opinor,
1347 1281 1467 1314 imagine
1486 1279 1646 1307 adumbrari

26 1326 71 1359 μήτ’
84 1326 117 1352 αὖ
133 1324 184 1352 τοῦ
207 1323 304 1359 καιροῦ
316 1322 510 1358 ἐπιτρέποντος
523 1322 608 1357 φαίην
621 1322 781 1356 ὲκδηλότερο

892 1327 1026 1354 nionem:
1056 1327 1120 1362 quia
1136 1334 1187 1354 nec
1208 1327 1300 1354 doceri
1320 1334 1390 1361 opus
1404 1330 1447 1354 est
1471 1325 1647 1360 prudentiam

25 1370 51 1398 υἱ
62 1373 139 1407 χάριν
153 1371 204 1397 καὶ
219 1370 247 1396 αι
263 1369 334 1404 ἱεραὶ
344 1369 421 1404 ὑμῶν
436 1369 547 1404 κεραῖαι
559 1368 726 1395 ἀνεπὶδοτοι.
739 1367 780 1394 Πᾶ

895 1377 984 1405 stram,
1004 1380 1092 1407 neque
1103 1380 1164 1408 ego,
1180 1372 1221 1399 vel
1240 1372 1262 1400 si
1283 1377 1390 1407 tempus
1406 1372 1584 1407 permitteret,
1595 1371 1650 1398 cla-

24 1419 63 1453 τὲρ
74 1418 104 1444 ἂν
117 1417 171 1444 καὶ
185 1416 365 1450 ὲπεδόθησαν,
379 1415 457 1450 ἠμιῖιν
470 1415 525 1441 τῶν
539 1413 657 1441 εὐτελῶν
669 1410 721 1440 ὧδέ
746 1421 779 1439 πο

897 1426 925 1445 ra
938 1417 1068 1446 dicerem.
1083 1419 1150 1451 Quae
1159 1419 1241 1446 etiam
1255 1427 1338 1446 causa
1361 1419 1412 1446 fuit
1434 1426 1485 1445 cur
1501 1419 1572 1446 sacri
1588 1418 1649 1452 api-

24 1462 180 1498 ποῤῥωτέρω
195 1460 242 1487 τοῦ
256 1460 352 1491 ἄστεος
368 1458 614 1496 παρερριμμένων·
632 1458 727 1493 ὥσπερ
754 1466 779 1484 xz

894 1472 897 1490 ι
919 1464 1001 1491 vestri
1029 1465 1190 1499 erogatione
1216 1465 1393 1500 pecuniarum
1419 1464 1568 1492 caruerint.
1598 1464 1649 1497 Qui

22 1510 93 1535 dm
114 1507 227 1543 ἀλλαχῆ
249 1507 304 1534 τῶν
329 1506 516 1541 δεδιωγμένων
527 1515 534 1538 ;
546 1505 602 1532 Καὶ
616 1505 681 1539 γοῦν
694 1504 741 1531 καὶ
755 1504 777 1530 λι

895 1517 927 1536 ιιιι
942 1509 1015 1536 illam
1030 1510 1206 1544 accepissent
1223 1518 1238 1537 a
1258 1510 1337 1537 nobis
1352 1510 1452 1540 nullius
1461 1510 1542 1545 pretii
1563 1510 1650 1537 homi-

23 1554 77 1588 γὶιι,
93 1555 195 1590 ὥσπερ
208 1553 372 1588 ὲποϐοῧμεν,
390 1551 467 1579 οῡπω
481 1552 607 1586 ἐγένοντο
619 1559 626 1567 ι
643 1550 712 1585 πλὴν
723 1551 739 1584 ἡ
755 1558 778 1584 γι

896 1562 934 1582 lus
949 1556 994 1589 qui
1009 1555 1036 1582 in
1055 1555 1128 1582 hunc
1149 1555 1238 1582 locum
1264 1555 1357 1592 procul
1371 1556 1406 1582 ab
1423 1555 1490 1582 urbe
1503 1555 1584 1590 ejecti
1604 1563 1651 1582 su-

23 1601 106 1636 πιμένη
121 1602 162 1633 ὡς
179 1601 210 1626 ὲν
221 1599 262 1635 τῷ
285 1598 458 1634 ὲμσολιμαιῳ
474 1598 611 1633 πιττακίῳ
634 1597 778 1633 δεδήλωται

894 1608 925 1632 Is,
953 1600 1025 1627 sicut
1043 1605 1070 1627 et
1100 1601 1154 1627 alio
1181 1601 1228 1628 alii
1243 1609 1276 1628 ex
1296 1600 1330 1628 iis
1358 1600 1406 1635 qui
1432 1601 1649 1635 persecutionem

24 1647 63 1673 τύν
75 1646 282 1678 ὲτιιδωσάντων,
300 1645 440 1680 εἰληφέναι
459 1645 561 1680 μᾶλλον
575 1644 591 1680 ἢ
605 1643 739 1679 προέσθαι
754 1651 779 1678 χι

894 1650 920 1671 ιιι
935 1646 1031 1680 passi?
1047 1647 1086 1673 Ila
1099 1655 1132 1674 ne
1154 1647 1276 1674 collectae
1293 1646 1402 1682 quidem
1421 1647 1649 1682 quemadmodum

24 1701 54 1727 pw
76 1692 308 1728 ὁμολογούντων·
334 1690 374 1717 ἃιι
406 1689 536 1725 ἠξίωνται
570 1689 713 1716 κοινωνίαν
740 1697 779 1715 τιν

896 1691 1032 1720 aiebamus
1049 1692 1127 1720 facta:
1138 1697 1214 1726 sunt,
1229 1698 1327 1728 praeter
1338 1702 1398 1720 eam
1413 1694 1446 1721 de
1459 1701 1513 1728 qua
1528 1694 1556 1720 in
1571 1693 1651 1720 sche-

24 1743 80 1775 σλείν
90 1743 120 1769 ἐν
131 1743 192 1773 τοῖς
206 1740 370 1775 ἁγιωτάτοις
386 1738 491 1770 τόποις,
510 1736 553 1771 ἐφ’
565 1733 607 1768 οἷς
627 1735 656 1762 τὸ
669 1735 740 1770 μέγα
753 1734 779 1760 τῖ

912 1738 1009 1765 litteris
1030 1739 1130 1767 inserta
1161 1740 1310 1769 indicatum
1324 1745 1367 1768 est
1383 1750 1390 1767 :
1408 1740 1442 1768 iis
1462 1740 1509 1775 qui
1524 1739 1651 1767 contule-

21 1789 146 1819 ιῡπίεεας
163 1785 337 1820 ἀπετελέσθη
364 1785 526 1821 μυστήριον,
539 1782 606 1813 Θεὸς
628 1782 658 1808 ὲν
672 1780 711 1816 τῷ
740 1789 776 1807 κα

900 1788 930 1816 ιι,
946 1785 1086 1819 accepisse
1101 1786 1193 1819 potius
1210 1785 1325 1820 gratiam
1339 1793 1422 1820 quam
1443 1785 1552 1812 dedisse
1567 1784 1652 1819 proii-

21 1834 80 1867 ἠμᾶς
96 1834 196 1869 ὀφθεὶς
213 1833 290 1860 εἴδει.

896 1830 998 1864 nibus;
1015 1831 1089 1867 quod
1106 1831 1179 1870 digiti
1205 1831 1310 1859 fuerint
1323 1832 1370 1867 qui
1385 1831 1570 1860 sanctissimis
1584 1829 1651 1862 locis

20 1880 261 1911 communicarent,
279 1877 307 1907 in
336 1875 437 1911 quibus
470 1881 600 1910 magnum
628 1872 737 1909 pietatis
769 1875 930 1910 mysterium
948 1881 1091 1911 peractum
1107 1880 1160 1910 est,
1188 1876 1260 1905 Deus
1277 1877 1305 1905 in
1333 1878 1424 1913 specie
1442 1883 1536 1907 nostra
1562 1888 1654 1916 appa-

20 1930 81 1953 ιιιι.

47 1995 136 2023 Ὢτοῦ
148 1994 328 2030 ωνιρῤήτου
344 1992 498 2028 θαύματοςι
526 1992 633 2027 ὀνπερ
648 1992 802 2027 ὲγγεγραμ·

896 1990 914 2021 l)
933 1991 1072 2019 ineﬂ‘abile
1085 1998 1203 2026 prorsus
1228 1992 1394 2020 miraculum
1408 1993 1415 2019 l
1431 1992 1518 2026 Quem
1540 1994 1651 2029 quidem

22 2041 89 2074 μνον
100 2042 155 2068 κὰν
170 2041 204 2075 τῇ
225 2040 333 2075 Γραφῇ,
349 2038 609 2074 πατροπαραδότως,
626 2037 687 2073 ἤτοι
705 2037 777 2064 θεοκει

897 2045 937 2064 am
961 2037 1068 2073 pictura
1093 2045 1268 2073 expressum,
1293 2043 1410 2073 paterna
1432 2040 1587 2073 traditione,
1603 2048 1652 2068 seu

21 2087 127 2122 ρ’ἑκτως,
146 2087 244 2122 ἡμεῖς,
257 2085 357 2121 μᾶλλον
375 2085 404 2111 δὲ
422 2085 438 2120 ή
454 2085 499 2110 ὑπ’
513 2083 638 2119 οὐρανὸν,
656 2083 776 2118 ὁμολογο

895 2084 947 2112 tius
966 2084 1060 2111 divina
1076 2091 1142 2112 voce
1154 2092 1215 2116 nos.
1233 2085 1274 2112 vel
1293 2085 1385 2120 potius
1401 2085 1478 2113 orbis
1494 2087 1650 2120 universus,

21 2133 61 2167 μέν
84 2142 114 2160 τε
138 2132 190 2160 καὶ
212 2129 431 2166 προσκυνοῦμεν,
450 2129 480 2163 ἐξ
495 2130 580 2164 αὐτῆς
604 2129 729 2164 βαλὸιδος
755 2137 776 2155 τι

896 2130 1020 2157 niitemur
1055 2134 1083 2157 et
1114 2130 1265 2158 adoramus
1291 2131 1326 2158 ab
1353 2131 1412 2166 ipso
1449 2132 1651 2166 praedicationis

19 2179 202 2213 κηρύγματος.
216 2177 253 2204 οὐ
264 2177 319 2212 γὰρ
329 2176 362 2203 ἂν
371 2176 457 2206 ἄλλως
470 2175 663 2211 ὀμολογηθεῖεν
673 2175 696 2202 Χ
700 2174 774 2210 ριστῆ

894 2175 982 2203 ordio.
1000 2175 1086 2204 Aliter
1098 2176 1171 2204 enim
1194 2185 1248 2203 non
1271 2177 1469 2205 conﬁteremur
1486 2179 1627 2206 Christum
1642 2188 1649 2207 :

19 2224 48 2255 ὥς
60 2226 82 2251 οὶ
99 2223 311 2260 μακαριώτατοι
326 2223 466 2250 διδάσκετε
476 2243 484 2255 ,
495 2222 628 2258 ἦρνηνται
640 2222 669 2248 δὲ
689 2221 774 2248 Ἰουδα

897 2229 927 2252 ιιι
940 2231 990 2252 vos
1007 2224 1160 2251 beatissimi
1175 2224 1291 2256 docetis,
1303 2229 1404 2258 negant
1417 2231 1480 2252 vero
1494 2224 1651 2252 Judteorum

19 2270 65 2300 πῶς
77 2273 101 2299 οι
117 2271 280 2305 δυσώνυμοι
303 2269 493 2305 Εἰκονομάχοι,
505 2268 544 2301 ὡς
567 2268 620 2295 ὑπὸ
645 2268 774 2303 πνεύματη

896 2276 934 2296 πο
961 2269 1135 2297 detestabiles
1168 2268 1355 2301 lconomachi,
1389 2275 1519 2303 tanquam
1543 2277 1558 2296 a
1579 2269 1651 2296 malo

18 2318 129 2354 πονηροῦ
143 2315 350 2352 ὲνεργούμενοι.
366 2316 422 2343 Καὶ
437 2314 466 2342 ὃν
481 2316 542 2347 ταῖς
556 2313 706 2341 θεοκλινέσι
721 2322 773 2348 προ

895 2315 957 2342 iritu
980 2314 1088 2350 agitati.
1113 2314 1200 2348 Quem
1218 2314 1308 2350 ipsum
1326 2319 1354 2342 tu
1378 2315 1580 2349 acceptissimis
1594 2315 1650 2342 Deo

18 2366 101 2398 ωχαίς
131 2364 201 2390 mm
228 2363 382 2396 ποιήσειας,
399 2359 422 2388 ὦ
439 2360 500 2388 θεία
522 2360 571 2388 καὶ
601 2361 662 2396 ιερὰ
687 2360 773 2394 κεφαλ

894 2361 985 2388 ecibus
1007 2360 1155 2396 propitium
1176 2360 1286 2393 reddas,
1312 2368 1329 2388 ο
1349 2361 1474 2388 divinum
1494 2365 1522 2388 et
1538 2358 1649 2388 sacrum

19 2406 145 2442 διτρέψαι
159 2406 210 2441 τὴν
221 2405 373 2433 λαοπλάνον
389 2406 507 2440 αἰρεσιν,
525 2404 628 2439 ἀνάψαι
650 2404 774 2439 ὀρθοδοξίε

894 2412 962 2441 put:
985 2412 1017 2434 ut
1039 2407 1132 2442 populi
1157 2407 1339 2435 seductricem
1364 2407 1491 2434 haeresim
1515 2407 1649 2442 proﬂiget,

19 2452 92 2484 ἣλιον·
115 2451 182 2480 εἶτα
197 2452 246 2479 καὶ
263 2452 337 2488 ἡμᾶς
353 2452 416 2484 τοὺς
434 2453 464 2478 έν
476 2451 581 2482 τέκνοις
601 2459 648 2477 σου
660 2450 774 2477 τελοῦντι

896 2454 975 2488 eique
988 2453 1146 2481 orthodoxae
1168 2453 1252 2480 solem
1273 2453 1406 2481 accendat
1422 2462 1430 2481 :
1448 2452 1548 2481 deinde
1564 2458 1592 2480 et
1603 2461 1651 2480 nos

20 2496 174 2533 ϋαχῐστους
197 2497 440 2533 περιποιήσασθαι,
470 2496 619 2532 ἑπομένους
647 2495 686 2531 τῷ
714 2504 775 2532 μακε

898 2500 904 2527 i
924 2499 1031 2527 minimi
1049 2500 1076 2527 in
1100 2498 1164 2527 ﬁliis
1181 2499 1235 2527 tuis
1252 2507 1359 2532 sumus,
1377 2499 1478 2531 foveat,
1499 2499 1650 2526 beatissimi

22 2544 138 2580 μωτάτῳ
170 2543 259 2578 Πατρὶ
276 2543 324 2570 καὶ
353 2543 477 2580 ἀρχιερεῖ
505 2541 595 2578 ἡμῶν.
630 2540 702 2570 Εἶεν.
733 2541 777 2568 Τοέ

899 2546 948 2573 tris
972 2551 999 2574 et
1019 2546 1144 2581 prtesnlis
1167 2545 1254 2572 nostri
1274 2545 1398 2579 vestigiis
1414 2545 1588 2572 inhaerentes.
1611 2544 1650 2572 lla

21 2587 286 2626 ὶὲνκηρετουμένους
300 2590 363 2624 ὑμῖν
379 2589 503 2624 Παεέρας
519 2589 568 2616 καὶ
587 2588 710 2620 κλεινοὺς
725 2588 776 2616 ὰδεῖ

897 2611 905 2618 .
920 2592 974 2619 Eos
989 2592 1037 2626 qui
1068 2592 1226 2619 ministrant
1244 2591 1322 2619 vobis
1345 2595 1436 2626 patres
1449 2590 1650 2624 praeclarasque

22 2637 76 2668 ςοὶις
97 2636 195 2672 ἡμῶν,
212 2635 269 2669 ἐγώ
294 2644 325 2662 τε
338 2635 387 2662 καὶ
406 2636 420 2662 ὁ
448 2635 513 2671 ἐμὸς
540 2635 667 2669 ἀδελφὸς,
699 2634 777 2661 Θεσσι

895 2642 956 2665 ιιι-ες
986 2642 1104 2669 nostros,
1126 2645 1177 2673 ego
1197 2642 1225 2665 et
1243 2637 1328 2664 frater
1345 2644 1421 2664 meus
1446 2636 1650 2663 Thessalonica:

21 2681 121 2718 bviam:
153 2683 170 2709 ὁ
198 2681 406 2717 ϐεοφιλέστατος
436 2681 661 2717 ἀρχιεπισκοπος,
691 2681 776 2707 πλεῖοι

895 2684 1078 2718 :hiepiscopus
1096 2684 1150 2711 Deo
1177 2684 1360 2712 eharissimus
1386 2682 1534 2718 plurimum
1547 2682 1650 2710 saluta-

12 2723 269 2764 ’προσαγορεύομεψ
289 2728 352 2756 Ἐπὶ
374 2728 428 2765 γὰρ
445 2728 485 2763 τῷ
510 2728 580 2764 ἁγιῳ
594 2737 642 2755 σου
655 2727 767 2764 προσώ-ιι

894 2736 929 2757 ts.
960 2729 1060 2757 Coram
1089 2733 1183 2756 sancta
1206 2728 1279 2756 enim
1305 2728 1377 2756 facie
1399 2733 1457 2761 tua,
1491 2733 1555 2755 ante
1569 2727 1649 2762 pedes

12 2774 64 2810 lzy).
74 2775 131 2801 τῶν
143 2775 236 2802 ποδῶν
250 2783 311 2807 σου,
329 2775 430 2810 μᾶλλον
446 2774 626 2811 εὑλογηθῆναι
648 2773 742 2811 ἄμφω,
757 2783 767 2802 >

895 2783 932 2809 ss,
956 2775 1174 2803 benedictionem
1199 2775 1323 2810 accipere
1340 2783 1391 2803 nos
1408 2774 1505 2803 ambos
1528 2778 1556 2802 et
1568 2778 1650 2808 quot-

24 2818 69 2846 bet
84 2821 140 2848 τῶν
156 2821 207 2848 σὺν
221 2821 298 2857 ἡμῖν,
314 2822 401 2848 εἰπεῖν
416 2821 651 2858 πρεπωδέστερον.

895 2826 923 2850 οι
943 2821 1084 2850 nobiscum
1108 2825 1182 2855 tum,
1207 2822 1292 2850 multo
1307 2821 1514 2850 convenientia:
1531 2820 1648 2849 dicatur.

67 2922 88 2938 "
103 2921 112 2949 i
129 2922 197 2950 Cor.
216 2920 322 2955 xu,26.
