1912 3080
222 197 291 230 1399

360 252 465 281 CXXII.
482 268 516 274 --
534 253 669 280 Theodoro
682 253 870 288 liospitatario.

819 199 849 230 S.
871 198 1067 229 TllEODOlil
1083 198 1259 229 STUDITE

1789 197 1847 230 1400

1196 254 1274 280 PKB’
1286 254 1353 290 (18).
1366 269 1402 275 —
1414 253 1551 288 Θεοδώρῳ
1567 253 1818 293 εενοὸύχῳ.1χνη’.Ῑ

715 311 824 342 Rogatus
836 309 939 342 exponit.
949 316 1004 341 qua:
1013 309 1065 334 sint
1075 309 1182 336 hominis
1192 310 1323 336 Christiani
1334 311 1425 337 ofﬁcia.

253 355 292 382 En
314 355 373 386 tibi,
397 353 521 387 domine,
550 354 659 381 litteras
672 361 742 388 quas
768 355 846 388 petis,
867 358 894 381 ct
909 353 1019 380 absolve
1033 357 1057 383 Α

218 411 268 430 nes
299 402 333 429 ab
362 401 553 428 accusatione.
579 400 636 427 Cur
652 408 727 433 vero,
744 401 829 433 dices,
844 409 898 428 non
916 400 1015 427 citius?

216 450 286 482 Quia
315 447 403 483 pudor
417 447 497 474 nobis
513 451 583 479 erat,
604 447 648 474 vel
669 447 817 480 hortando,
835 448 876 474 Vel
889 447 1014 474 docendo

217 494 397 523 reverentiam
427 497 502 520 tuam
530 492 644 528 alloqui.
659 494 694 520 At
722 493 786 528 quia
800 493 950 524 desideras.
967 500 1013 521 ac-

216 543 285 576 (ripe,
304 540 504 568 amantissime.
519 538 592 566 Nihil
607 548 673 575 ergo
688 540 762 567 aliud
776 545 819 567 est
834 548 916 567 verus
933 540 1012 567 Chri-

216 589 332 619 stianus,
348 595 429 622 quam
442 586 644 613 imitamentum
658 591 686 613 et
704 586 875 620 signaculum
890 586 991 613 Christi
1004 596 1010 613 :

216 643 278 662 cum
306 634 344 661 illi
365 634 507 661 conciliari
525 634 565 661 sic
590 633 699 666 debeat,
724 638 754 660 ut
769 633 891 661 membra
906 634 1013 669 singula

217 680 312 715 rapiti,
326 685 353 707 et
370 679 474 713 palmes
489 679 548 706 viti.
576 679 710 706 Dominus
722 680 823 714 quippe
841 681 899 714 ipse
918 679 985 707 dixit
1003 687 1010 706 :

218 727 272 762 ligo
288 735 346 754 sum
359 728 431 758 vitis.
448 736 491 754 vos
505 728 628 762 palmites
641 727 713 754 7"".
727 727 760 754 Et
772 735 881 754 rursum
893 727 1009 762 Aposto-

216 773 259 800 lus
274 783 280 800 :
301 773 350 800 Vas
366 774 428 800 eatis
443 782 539 807 corpus
568 773 679 806 Christi,
694 778 720 800 et
743 773 860 800 ntembra
882 772 914 800 de
930 781 1012 799 mem-

217 820 304 846 bro".
318 819 448 847 Fructum
470 828 534 854 ergo
554 820 687 853 feramus,
703 819 825 852 domine,
842 828 909 847 uvas
925 820 1012 847 virtu-

217 871 285 897 tum,
299 871 325 893 et
344 874 378 893 ne
398 865 562 893 infructuosi
586 866 683 894 simus.
701 867 746 893 Ait
769 867 841 894 enim
855 866 987 894 Dominus
1004 876 1011 894 :

218 912 310 940 Omnis
323 913 423 947 palntes
443 913 488 948 qui
503 921 556 940 non
571 913 637 947 facit
651 913 771 948 fructum
786 913 894 947 bonum,
911 914 1012 941 excidi-

216 964 270 990 tur,
302 963 326 985 et
357 960 384 986 in
413 960 498 994 ignem
525 959 687 992 mittitur",
718 961 850 995 gehennae
876 960 1012 988 videlicet.

217 1004 413 1032 Formidabiles
435 1005 525 1033 minas
551 1006 804 1040 pertimescamus:
828 1007 1013 1042 glorilicemus

1111 356 1189 386 Ἰδοὺ,
1213 354 1341 387 δέσποτα,
1355 355 1386 382 τὸ
1402 355 1521 391 γράμμα
1533 354 1706 389 ἀπαιτοῦντι,
1723 356 1771 382 καὶ
1789 357 1848 384 ἀπό-

1067 401 1148 428 λυσον
1163 402 1237 437 ἡμᾶς
1253 402 1302 437 τῆς
1327 402 1494 437 ἑγκλήσεως.
1509 403 1559 429 Διὰ
1584 402 1612 430 τί
1634 403 1673 436 δὲ,
1698 403 1791 437 φαίης,
1817 405 1850 439 μὴ

1066 447 1181 482 τάχιον;
1208 448 1270 474 Ὅτι
1292 448 1459 483 αἱδουμὲνως
1492 449 1601 483 εἴχομεν
1633 448 1796 481 νουθετικῶς
1820 451 1849 485 τῇ

1066 492 1203 527 τιμιότητί
1218 501 1265 519 σου
1279 493 1447 529 προσφέρειν
1461 494 1509 520 τὸν
1523 494 1614 528 λόγον.
1635 495 1712 521 Ἐπεὶ
1734 494 1850 530 ποθοίης,

1066 539 1167 572 δέξαιο,
1188 540 1416 575 προσφιλέστατε.
1433 540 1517 567 Οὐδὲν
1531 539 1577 568 οὖν
1593 540 1658 568 ἄλλο
1673 542 1747 568 ἐστὶν
1762 543 1776 569 ὁ
1790 542 1849 577 ἀλη-

1067 589 1116 624 Θὴς
1131 588 1302 624 Χριστιανὸς,
1317 588 1333 624 ἦ
1351 588 1471 622 Χριστοῦ
1488 588 1603 624 μίμημα
1617 589 1663 616 καὶ
1685 589 1850 625 ἀποσφράγι-

1068 643 1123 669 σμα
1148 642 1155 649 ’
1171 633 1298 660 τοσοῦτον
1323 634 1439 668 ὀφείλων
1453 634 1622 661 οἰκειοῦσθαι
1648 635 1733 669 αἰτῷ.
1751 635 1788 667 ὡς
1800 635 1852 670 ἔχει

1068 679 1147 715 μέλος
1162 679 1276 706 ἕκαστον
1293 679 1361 715 πρὸς
1375 680 1507 714 κεφαλὴν,
1523 680 1571 706 καὶ
1588 679 1681 715 κλῆμα
1709 681 1778 715 πρὸς
1804 681 1853 715 ἄμ.

1065 726 1158 753 πελον.
1183 726 1269 758 Αὐτὸς
1294 726 1349 761 γὰρ
1365 726 1498 761 ὀγΚύριος
1524 726 1646 762 εἴρηκεν·
1669 727 1742 761 Ἐγώ
1765 727 1820 761 είμι
1835 727 1852 761 ἡ

1065 771 1210 806 ἄμπελος.
1238 771 1324 806 ὑμεῖς
1340 771 1378 798 τὰ
1396 771 1544 806 κλήματα.
1563 772 1619 798 Καὶ
1643 771 1725 798 πάλιν
1745 772 1759 798 ὁ
1780 772 1854 798 ’Λπό-

1067 818 1160 850 στολιις
1170 826 1176 834 ·
1202 817 1294 852 Ὑμεῖς
1315 818 1387 845 ἐστε
1409 818 1497 852 σῶμα
1513 817 1654 852 Χριστοῦ,
1669 817 1719 844 καὶ
1729 817 1807 852 μέλη
1823 818 1854 844 ἑκ

1063 864 1183 900 μέρους.
1200 865 1466 900 Καρποφορήσωμεν
1481 861 1539 897 οὖν,
1553 862 1576 890 ὧ
1588 863 1716 896 δέσποτα,
1728 865 1791 896 τοὺς
1803 864 1855 891 τῶν

1066 911 1172 947 ἀρετῶν
1189 911 1317 947 βότρυας,
1333 911 1380 938 καὶ
1396 911 1434 946 μὴ
1448 911 1570 946 ἄκαρποι
1583 907 1670 946 ὦμεν.
1688 911 1758 946 Φησὶ
1777 911 1830 946 γὰρ
1842 911 1855 936 ὀ

1067 956 1169 992 Κύριος
1181 964 1188 971 ·
1214 955 1280 984 Πᾶν
1307 955 1410 991 κλῆμα
1423 957 1466 990 μὴ
1493 956 1602 983 ποιοῦν
1619 956 1736 991 καρπὸν
1752 956 1856 990 καλὸν,

1066 1003 1253 1034 ἐκκόπτεται,
1266 1002 1316 1029 καὶ
1332 1004 1373 1034 εὶς
1388 1002 1449 1037 πῦρ
1463 1003 1624 1035 βάλλεται,
1637 1003 1668 1029 τὸ
1679 1003 1729 1038 τῆς
1746 1003 1857 1037 γεέννης

215 1053 299 1078 Deum
313 1051 339 1078 in
354 1059 469 1087 corpore
483 1057 578 1079 nostro
608 1056 635 1079 et
650 1052 676 1079 in
692 1053 789 1087 spiritu
813 1058 919 1080 nostro.
938 1053 1010 1080 Prte-

1070 1050 1176 1086 δηλαδή.
1195 1049 1365 1085 Φοὸηθῶμεν
1380 1049 1430 1084 τὴν
1448 1049 1567 1085 φοϐερὰν
1586 1050 1702 1085 ἀπειλήν
1715 1058 1721 1064 ·
1740 1049 1857 1083 δοξάσω-

215 1098 282 1132 ιὶρίι
299 1098 398 1126 iterum
413 1099 583 1133 Apostolus;
601 1099 662 1134 ejus
677 1100 751 1126 enim
766 1100 848 1127 etiam
868 1105 932 1128 sunt
949 1101 1012 1127 ista:

217 1143 321 1171 'l'olleus
336 1153 397 1179 ergo
414 1146 530 1172 membra
545 1145 655 1179 Christi,
682 1146 783 1181 faciant
798 1148 914 1175 membra
930 1156 1014 1175 mere-

216 1190 311 1217 tricis?
335 1190 411 1217 Absit
423 1191 468 1218 ⁷⁸1
488 1191 534 1219 Sic
559 1191 750 1220 observemus.
766 1194 895 1220 Amemus
915 1201 1014 1222 uxores

216 1242 325 1263 nostras
339 1237 411 1264 sicut
436 1245 552 1272 corpora
568 1242 681 1270 nostra;
701 1244 730 1265 et
743 1239 880 1274 impudica
896 1247 1012 1274 corpora

216 1287 269 1307 non
284 1280 449 1308 amabimus.
470 1279 552 1314 Uxor,
569 1281 669 1316 inquit,
681 1283 769 1309 virum
783 1283 875 1310 timeat
885 1284 918 1310 τ’.
931 1283 1014 1311 Amo-

215 1327 325 1354 iienim
346 1332 450 1354 metum
466 1328 598 1360 miscens,
608 1333 711 1356 rectam
726 1329 811 1357 vitam
826 1331 918 1358 ducet.
933 1329 1012 1363 Filii,

215 1371 316 1400 vbedite
327 1374 492 1408 parcit/ibus,
514 1378 544 1401 ut
560 1382 671 1403 rursum
685 1375 796 1403 dicit“.
813 1376 924 1404 Justum
940 1377 1014 1403 enim

214 1423 255 1444 I-st
270 1423 397 1451 parentes
410 1418 540 1446 honorari
558 1424 585 1447 et
598 1419 624 1446 in
639 1420 718 1447 senio
735 1422 885 1448 sustentari
904 1429 918 1448 a
935 1421 1010 1449 liliis.

215 1463 266 1496 lpsi
284 1463 356 1491 enim
377 1464 430 1492 illis
444 1466 595 1493 secundum
613 1465 698 1493 Deum
713 1472 842 1495 auctores
861 1474 926 1495 sunt
940 1468 1013 1496 vitae.

216 1509 248 1536 l‘it
269 1519 275 1537 :
297 1510 451 1538 Benedictio
463 1513 550 1546 putris
574 1512 665 1546 firmat
680 1513 772 1540 domos
787 1514 906 1547 ﬁliorum
921 1523 930 1547 ;
956 1523 1016 1542 ma—

216 1556 322 1583 ledictio
338 1562 427 1584 autem
448 1559 546 1585 matris
580 1559 701 1585 eradicet
724 1559 897 1594 fundamenta
907 1561 941 1587 Μ.
958 1560 991 1587 Et
1005 1570 1012 1588 :

216 1601 322 1634 Patres,
339 1610 436 1630 rursus
464 1604 511 1637 ait,
530 1603 611 1630 nolite
629 1605 663 1631 ud
686 1605 856 1632 iracundiam
873 1613 1015 1640 provocare

216 1649 287 1683 {ilics
306 1656 423 1677 vestros:
439 1651 485 1677 sed
498 1650 607 1678 educato
621 1651 682 1678 illos
708 1652 736 1679 in
757 1652 900 1687 disciplina
915 1658 939 1680 et
955 1662 1015 1680 cor-

217 1696 332 1730 reptione
344 1696 451 1723 Domitii
460 1697 493 1723 υ.
510 1695 605 1732 Itaque
616 1703 759 1732 parentum
775 1706 846 1733 opus
861 1703 903 1726 est
916 1707 1015 1734 pacare

217 1742 296 1776 tilios,
314 1742 451 1770 instruere
465 1747 492 1771 et
506 1742 627 1770 formare
642 1743 704 1772 illos
719 1744 879 1772 charactere
891 1746 1014 1780 pietatis.

216 1788 286 1822 Quid
300 1789 456 1824 reliquum?
475 1797 571 1817 servos
593 1790 691 1824 subjici
703 1790 824 1818 dominis
836 1799 898 1818 cum
917 1792 1017 1819 timore

216 1839 243 1861 et
265 1839 393 1867 tremore,
422 1835 483 1863 sine
498 1835 572 1868 dolo,
590 1841 617 1863 ct
638 1835 705 1863 forti
718 1837 829 1863 animo:
861 1837 908 1864 sed
924 1842 952 1864 et
965 1838 1016 1865 ilo--

218 1878 307 1906 Iiiiiios
319 1880 488 1908 remittentes
503 1880 603 1914 minas,
616 1880 713 1916 aequali
729 1888 794 1908 cura
809 1889 906 1909 omnes
925 1883 1016 1910 intue-

216 1926 250 1956 ri.
266 1925 384 1953 scientes
399 1934 483 1953 unum
501 1934 562 1954 esse
581 1927 704 1954 omnium
721 1927 866 1955 Dominum
883 1929 967 1956 Deum
976 1929 1008 1957 ⁸³.

1067 1105 1116 1132 μεν
1132 1096 1177 1124 τὸν
1191 1096 1258 1123 Θεὸν
1269 1097 1298 1123 ἐν
1313 1095 1353 1131 τῷ
1378 1097 1486 1131 σώματι
1514 1096 1593 1131 ἡμῶν
1615 1096 1662 1123 καὶ
1679 1098 1707 1123 ἐν
1721 1095 1760 1131 τῷ
1778 1095 1859 1122 πνεύ-

1067 1152 1132 1179 ματι
1147 1143 1236 1179 ἡμῶν,
1248 1142 1363 1170 Κελεύει
1382 1143 1464 1170 πάλιν
1478 1143 1493 1169 ὁ
1518 1143 1689 1174 Ἀτιόςι-τολος⁸
1711 1142 1794 1175 αὐτὸς
1807 1142 1859 1178 γὰρ

1066 1191 1113 1217 καὶ
1127 1190 1230 1217 ταῦτα·
1249 1191 1341 1224 Ἄρας
1355 1188 1413 1217 οὖν
1427 1189 1464 1216 τὰ
1481 1190 1559 1225 μέλη
1574 1189 1715 1223 Χριστοῦ,
1741 1189 1860 1221 ποιήσω

1064 1238 1180 1271 πόρνης
1205 1236 1301 1271 μέλη;
1326 1235 1374 1270 Μὴ
1400 1235 1535 1271 γένοιτο]
1550 1235 1630 1262 Οὕτω
1647 1235 1860 1271 φυλαττώμεθα.

1071 1283 1237 1318 Ἀγαπῶμεν
1261 1282 1311 1314 τὰς
1336 1282 1442 1309 ἑαυτῶν
1470 1283 1616 1315 γυναῖκας,
1632 1282 1670 1313 ὼς
1694 1282 1729 1307 τὰ
1754 1281 1862 1308 ἑαυτῶν

1066 1328 1181 1364 σώματα
1191 1337 1198 1343 ·
1214 1329 1261 1355 καὶ
1277 1328 1328 1355 οὐκ
1345 1327 1554 1364 ὲρασθησόμεϐα
1569 1326 1703 1361 ἀσελγοῦς
1721 1327 1862 1362 σώματος.

1071 1375 1102 1402 Ἡ
1119 1373 1208 1410 γυνὴ,
1232 1374 1326 1409 φησιν,
1347 1374 1398 1401 ἵνα
1411 1373 1540 1408 φοϐῆται
1554 1373 1608 1400 τὸν
1619 1373 1722 1407 ἄνδρα.
1739 1372 1787 1407 Τῷ
1803 1372 1865 1406 φίλ-

1065 1429 1123 1456 τρῳ
1138 1420 1193 1457 γὰρ
1210 1422 1257 1447 τὸν
1275 1421 1357 1455 φόϐον
1374 1420 1507 1456 κιρνῶσα,
1525 1420 1637 1455 ἄριστον
1655 1419 1767 1454 βιώσειε
1796 1418 1864 1454 βίον.

1067 1469 1106 1496 Τὰ
1131 1468 1234 1501 τέκνα,
1261 1468 1432 1495 ὑπακούετε
1458 1467 1521 1500 τοῖς
1548 1467 1702 1502 γονεῦσιν,
1729 1466 1770 1498 ὦς
1799 1473 1867 1500 φησι

1065 1515 1158 1542 πάλιν.
1180 1515 1290 1540 Δίκαιον
1302 1514 1356 1549 γὰρ
1369 1514 1433 1545 τοὺς
1449 1513 1545 1547 γονέας
1559 1512 1691 1547 τιμᾶσθαι
1715 1512 1767 1538 καὶ
1782 1519 1868 1546 γηρο-

1065 1560 1277 1597 κομεῖσθαιύπὸ
1297 1560 1352 1586 τῶν
1369 1559 1481 1587 παίδων,
1497 1559 1579 1586 Αὐτοὶ
1601 1559 1656 1594 γὰρ
1679 1558 1766 1585 αἴτιοι
1798 1557 1869 1593 μετᾶ

1065 1607 1132 1634 Θεὸν
1151 1606 1198 1634 τοῦ
1216 1604 1287 1634 εἶναι
1310 1606 1410 1638 αὐτοὺς
1426 1607 1467 1637 εἰς
1481 1605 1548 1640 φῶς.
1568 1605 1639 1632 Καί·
1659 1605 1798 1640 Εὐλογία
1813 1611 1868 1630 πα-

1065 1653 1135 1687 τρὸς
1147 1652 1277 1687 στηρίξει
1289 1653 1393 1685 οἴκους
1411 1651 1539 1679 τέκνων·
1564 1651 1678 1685 κατάρα
1700 1650 1736 1677 δὲ
1750 1650 1870 1686 μητρὸς

1029 1718 1050 1748 C
1068 1698 1178 1733 ὲκριζοῐ
1189 1698 1320 1733 θεμέλια.
1334 1697 1387 1724 Καί
1397 1705 1404 1713 °
1425 1699 1457 1724 οι
1472 1697 1610 1730 πατέρες,
1625 1695 1707 1748 πάλιν
1730 1697 1816 1732 φησὶ,
1827 1695 1871 1748 μη

1068 1744 1257 1779 παροργίζετε
1273 1744 1310 1770 τὰ
1322 1742 1412 1770 τέκνα
1425 1742 1519 1777 ὑμῶν·
1535 1743 1605 1769 ἀλλ’
1614 1741 1780 1776 ἐκτρέφετε
1792 1741 1872 1769 αὐτὰ

1066 1791 1102 1817 ἐν
1120 1790 1240 1824 παιδείᾳ
1264 1789 1313 1816 καί
1335 1790 1480 1823 νουθεσίᾳ
1504 1789 1626 1822 Κυρίου.
1644 1789 1729 1815 Ὥστε
1747 1788 1802 1815 καὶ
1824 1797 1874 1823 γο-

1067 1837 1159 1864 νεῦσιν
1184 1837 1276 1872 ἔργον,
1297 1837 1451 1872 εἰρηνεύειν
1468 1836 1503 1862 τὰ
1526 1835 1620 1867 τέκνα,
1638 1835 1799 1870 στοιχειοῦν
1825 1834 1873 1862 καὶ

1067 1883 1197 1911 πλάττειν
1213 1883 1356 1915 εὐσεϋεὶας
1373 1883 1538 1919 χαρακτῆρι.
1556 1882 1589 1909 Τί
1613 1882 1726 1915 λοιπόνς
1755 1881 1876 1914 δούλους

1065 1929 1210 1960 δεσπόταις
1233 1929 1434 1956 ὑποτάττεσθαι
1453 1928 1523 1964 μετὰ
1549 1927 1633 1962 φόϐου
1662 1927 1710 1954 καὶ
1740 1929 1875 1964 τρόμου·

218 1971 250 1998 lit
277 1971 321 1999 hic
349 1971 460 2006 quidem
476 1977 519 2000 est
534 1972 664 2005 servitus,
691 1973 765 2001 sicut
787 1980 815 2001 ct
841 1975 943 2010 nuptiae
960 1985 967 2003 :
982 1977 1010 2003 in

1070 1975 1162 2006 ιδόλως
1176 1975 1225 2002 καὶ
1241 1974 1379 2010 εὐψύχως·
1395 1973 1463 2001 ἀλλὰ
1475 1974 1522 2001 καὶ
1534 1974 1599 2005 τοὺς
1613 1973 1755 2005 δεσπότας
1774 1975 1875 2001 ἀνιέν-

218 2016 308 2044 futuro
324 2022 416 2044 autem
431 2017 532 2044 saeculo
545 2022 661 2052 utraque
678 2018 826 2046 cessabunt
840 2027 847 2046 :
862 2027 1013 2055 erroresque

219 2070 303 2089 unum
322 2068 413 2095 erunt,
433 2063 505 2091 sicut
521 2064 622 2098 angeli.

1062 2030 1112 2052 τας
1136 2021 1186 2052 τὰς
1200 2021 1328 2053 ἀπειλὰς,
1345 2021 1485 2056 ἰσομοιρίᾳ
1512 2020 1654 2055 φροντίδος
1675 2021 1744 2053 τοὺς
1763 2021 1878 2052 πάντας

1063 2067 1131 2102 ὁρᾷν
1142 2075 1150 2082 ι
1169 2066 1274 2098 εἰδότας
1289 2066 1331 2093 ὅτι
1353 2064 1513 2100 είςιΚύριος
1526 2065 1647 2098 πάντων,
1670 2067 1685 2092 ὁ
1701 2066 1788 2098 Θεός.
1820 2066 1879 2094 Καὶ

219 2107 234 2136 ζ
241 2109 269 2135 δε
281 2109 330 2144 μὲν
345 2110 362 2145 ή
372 2110 481 2136 δουλεία
497 2110 535 2142 ὡς
553 2111 600 2137 καὶ
611 2111 625 2136 ὁ
638 2110 737 2146 γάμος
753 2111 783 2138 ἐν
792 2111 820 2138 δὲ
837 2111 875 2148 τῷ
890 2112 1016 2148 μέλλοντι
1034 2113 1125 2147 αἰῶνι,
1143 2113 1198 2140 τῶν
1217 2112 1381 2148 ἀμφοτέρων
1411 2111 1554 2148 ἀναίρεσις
1567 2119 1574 2126 ·
1611 2113 1638 2138 οἱ
1662 2112 1776 2145 πάντες
1788 2113 1822 2140 δὲ
1843 2114 1874 2139 ἓν

217 2155 312 2191 ὥσπερ
322 2156 346 2183 οἱ
363 2155 483 2191 ἄγγελοι.

252 2202 438 2236 Quamobrem
461 2203 621 2238 quicunque
634 2204 692 2231 vult
707 2205 800 2232 salvus
814 2205 883 2238 lieri,
899 2206 1012 2242 vigilare

216 2249 298 2276 debet
314 2253 343 2276 ut
357 2249 436 2283 juxta
463 2255 628 2284 praeceptum
643 2249 718 2277 vivat
735 2260 742 2277 :
764 2259 818 2278 non
841 2251 928 2286 juret,
957 2259 1011 2279 non

216 2296 372 2327 extollatur,
397 2302 452 2321 non
482 2295 578 2327 rideat,
605 2303 660 2322 non
683 2296 837 2328 delicietur,
853 2304 907 2323 non
925 2297 1012 2330 ludat,

217 2350 271 2369 non
296 2341 489 2374 excandescat,
509 2349 563 2368 non
591 2341 752 2376 furnicetnr,
769 2351 823 2370 nou
851 2343 1014 2377 inebrietur,

1100 2203 1151 2231 Διά
1164 2202 1245 2230 τοῦτο
1259 2202 1446 2238 γρηγορητέον
1461 2202 1544 2229 παντὶ
1556 2201 1596 2237 τῷ
1609 2201 1716 2229 θέλοντι
1730 2203 1871 2240 σωθῆναι

1065 2251 1128 2278 κατ’
1141 2249 1252 2285 ἐντολὴν
1276 2248 1326 2285 ζῇν
1338 2256 1345 2263 ·
1373 2248 1410 2285 μὴ
1437 2248 1558 2283 ὀμνύειν,
1576 2248 1615 2283 μὴ
1633 2250 1882 2285 μετεωρίζεσθαι,

1069 2297 1107 2332 μὴ
1121 2296 1213 2332 γελᾷν,
1239 2295 1277 2331 μὴ
1303 2295 1421 2331 τρυφᾷν,
1440 2294 1478 2330 μὴ
1497 2294 1617 2327 παίζειν,
1635 2295 1673 2329 μὴ
1693 2295 1884 2330 θυμοῦσθαι,

1070 2342 1107 2378 μὴ
1122 2341 1275 2378 πορνεύειν,
1290 2340 1328 2376 μὴ
1354 2340 1474 2376 μεθύειν,
1488 2339 1526 2375 μὴ
1543 2339 1720 2376 θησαυρίζειν
1744 2342 1863 2377 χρυσόν
1875 2350 1884 2357 ·

219 2397 272 2416 nun
283 2393 429 2424 congrege:
443 2396 541 2415 aurum
555 2396 562 2416 :
578 2387 626 2416 sed
640 2389 724 2424 quid?
741 2374 811 2422 oret,
825 2374 1010 2425 lugeat,'hym;

1070 2374 1136 2415 ἆλλά
1160 2374 1208 2422 τίς
1233 2374 1446 2423 προσεσχεσθαι,
1471 2374 1660 2422 ’πέρσε-κλαίειν,
1686 2374 1884 2423 ὑμν-ολογείν,

219 2443 269 2462 nos
283 2439 385 2467 cantet,
404 2435 534 2462 mandata
550 2442 599 2469 pro
613 2435 718 2463 viribus
739 2441 840 2468 servet,
863 2435 958 2470 paucis
975 2436 1012 2463 sit

217 2485 373 2516 contentus,
389 2480 504 2507 humilia
529 2480 629 2515 sapiat,
651 2481 808 2516 proximum
831 2481 936 2516 diligat,
956 2488 1011 2507 non

219 2529 349 2561 loquatur
367 2527 500 2554 adversus
513 2526 638 2560 fratrem,
657 2535 713 2555 non
733 2528 864 2561 invideat,
883 2536 938 2555 non
948 2535 1010 2555 suc-

217 2576 337 2606 censeat,
351 2577 464 2607 paratus
480 2573 515 2600 sit
530 2581 639 2608 semper
653 2573 686 2600 ad
707 2573 850 2601 subeunda
873 2581 923 2608 pro
938 2579 1012 2601 recto

217 2618 378 2646 discrimina
394 2627 401 2645 :
418 2624 519 2654 praeter
538 2618 642 2646 bonum
665 2618 763 2652 Deum,
786 2619 871 2646 alium
895 2619 921 2645 in
938 2622 1011 2646 terra

219 2673 273 2693 non
304 2665 432 2693 formidet
451 2674 458 2693 :
478 2666 534 2700 regi
563 2665 705 2700 subjectus
721 2666 757 2693 sit
775 2666 801 2692 in
817 2665 851 2693 iis
868 2665 895 2692 in
911 2665 1012 2700 quibus

217 2711 264 2739 Dei
288 2713 447 2739 mamlatum
462 2720 515 2739 non
533 2712 651 2740 violatur
669 2721 676 2738 :
700 2712 814 2740 horreret
835 2712 1014 2748 magistratus

218 2762 347 2792 tanquam
361 2758 512 2793 disciplina:
527 2757 707 2787 administros
723 2768 729 2786 :
743 2759 861 2795 gaudeat
876 2759 904 2786 iu
919 2759 1014 2787 Domi-

264 2814 324 2830 ’Μ’
348 2813 428 2841 Joan.
453 2822 499 2848 xv,
514 2814 540 2841 5.
611 2815 633 2831 "
660 2815 670 2842 l
693 2815 756 2843 Cor.
787 2823 857 2846 xvii.
883 2815 930 2842 ‘22.

217 2848 240 2865 “
251 2849 352 2884 Ephes.
367 2858 404 2882 vr,
419 2850 445 2877 1.
498 2851 519 2866 ⁸¹
541 2850 623 2878 Eccli.
640 2858 681 2883 tu,
695 2851 738 2880 il.

987 2815 1008 2831 ⁷⁷
1024 2814 1122 2842 Matth.
1139 2823 1187 2845 γη,
1203 2815 1246 2842 lt].

777 2851 799 2868 "
816 2851 917 2886 Ephes.
934 2852 1010 2885 νιμί.
1049 2851 1149 2878 “ibid.
1181 2851 1240 2878 5-9.

1066 2435 1248 2462 ὲντολοποιεῖν
1273 2434 1346 2461 κατὰ
1364 2433 1395 2460 τὸ
1420 2434 1545 2465 δυνατὸν,
1561 2433 1796 2470 ὀλιγαρχεῖσοαι,
1831 2444 1887 2462 τα-

1066 2481 1265 2516 πεινοφρονεῖν,
1289 2480 1400 2515 ἀγαπᾷν
1427 2479 1472 2506 τὸν
1495 2479 1620 2514 πλησίον,
1638 2479 1676 2515 μὴ
1696 2481 1887 2509 καταλαλεῖν

1064 2527 1192 2561 ἀδελφοῦ,
1219 2527 1256 2562 μὴ
1272 2526 1391 2561 φθονεῖν,
1406 2527 1445 2561 μὴ
1461 2526 1619 2561 ὀργίζεσθαι
1637 2534 1644 2542 ’
1662 2526 1788 2562 ἕτοιμον
1807 2527 1889 2556 εἶναι

1064 2574 1108 2600 ἀεὶ
1126 2573 1194 2608 πρὸς
1207 2574 1269 2603 τοὺς
1284 2572 1355 2608 ὑπὲρ
1368 2572 1415 2599 τοῦ
1430 2573 1534 2607 ἀγαθοῦ
1548 2572 1700 2605 κινδύνους,
1716 2575 1764 2610 μὴ
1782 2576 1890 2610 φοῦεί-

1067 2619 1130 2646 σθαι
1147 2619 1217 2654 πλὴν
1231 2618 1299 2645 Θεοῦ
1313 2619 1361 2645 τοῦ
1376 2618 1491 2652 ἀγαθοῦ,
1507 2619 1587 2646 ἄλλον
1600 2619 1648 2645 ἐπὶ
1665 2619 1734 2654 γῆς·
1752 2621 1893 2649 ὑποτάτ-

1067 2665 1161 2692 τεσθαι
1174 2665 1280 2700 βασιλεῖ
1291 2665 1321 2692 ἐν
1336 2661 1378 2695 οἷς
1389 2665 1483 2700 ἐντολὴ
1497 2665 1564 2692 θεοῦ
1577 2665 1607 2692 οὒ
1618 2665 1889 2701 παραδλάτττεται’

1066 2712 1151 2747 τιμᾷν
1165 2711 1300 2746 ἄρχοντας
1315 2711 1353 2742 ὠς
1378 2710 1520 2743 διακόνους
1536 2712 1664 2745 εὐταξίας
1676 2721 1684 2728 ·
1709 2715 1846 2750 χαίρειν
1861 2717 1894 2743 ὲν

1068 2757 1164 2793 Κυρίῳ
1180 2757 1296 2783 πάντοτε
1312 2764 1319 2771 ’
1335 2756 1387 2784 κᾶν
1405 2756 1542 2792 σύμϐασις
1553 2755 1608 2784 εἷεν
1620 2757 1777 2793 λυπηρῶν,
1796 2761 1895 2797 εὔχα-

1295 2814 1343 2841 ⁷⁸Ι
1363 2815 1427 2844 Cor.
1448 2823 1485 2849 vi,
1502 2815 1545 2843 l5.
1595 2816 1636 2851 ,η
1655 2815 1773 2852 Ephes.
1796 2826 1827 2851 ν,
1842 2820 1894 2848 55.

1018 2895 1132 2924 NOTJ‘I.

249 2944 306 2978 (18)
326 2943 353 2970 In
370 2944 430 2972 cod.
450 2944 513 2980 Reg.
535 2944 602 2979 ρλ·ίό
