1912 3080
134 132 202 167 1403

724 137 754 166 δ.
775 136 973 167 THEODORI
993 136 1166 169 STUDIT/E

1693 137 1764 173 1404

129 191 287 226 reliquistis,
311 191 334 219 si
365 197 492 227 parentes
516 193 683 228 abnegastis,
697 194 719 221 si
737 194 935 229 virginitatem

973 194 1138 230 ἠρνήσασθε,
1152 195 1176 221 εί
1189 193 1340 229 παρθενίαν
1361 193 1478 225 ansulis,
1494 194 1519 220 ει
1543 193 1654 230 Χριστῷ
1679 195 1765 230 ὲνυμ-

127 237 258 273 elegistis,
272 238 295 265 si
310 237 422 266 Christo
433 239 578 274 desponsae
598 240 674 272 estis,
689 239 711 267 si
729 247 842 274 regnum
861 248 918 268 ca:-

128 283 215 311 lorum
228 285 389 317 adamastis,
408 293 457 312 cur
469 293 524 312 non
537 285 656 313 studium
670 290 789 312 vestrum
806 294 918 313 curam-

127 336 182 364 que
210 337 318 357 omnem
349 331 382 358 ad
413 331 465 358 hoc
487 331 659 359 conferatis?
676 333 826 366 gaudentes
846 333 918 367 quod

127 376 174 402 tali
191 384 304 404 munere
316 381 343 404 et
359 377 414 404 Deo
436 378 553 412 dignata:
575 379 653 410 estis,
667 379 799 413 dignitate
813 379 919 406 incom-

126 422 241 456 parabili
262 430 269 449 :
300 431 354 450 non
377 423 439 451 dico
463 424 613 451 secundum
643 424 761 451 humana
786 433 792 451 :
821 424 918 452 umbra

125 467 198 494 edint
211 467 267 495 haec
279 473 344 496 sunt
364 474 392 496 et
407 470 513 497 s0mnia
525 490 532 502 ,
554 478 615 503 qua:
633 478 695 497 cum
721 471 847 505 praesenti
865 479 919 498 sae-

126 514 189 541 culo
203 514 353 543 interibunt
369 524 376 543 :
393 516 441 544 sed
467 517 618 544 secundum
635 517 788 552 spiritualia
807 525 813 544 :
829 517 917 552 siqni-

125 558 187 586 dem
214 558 354 593 virginitas
382 565 409 587 et
437 565 582 596 paupertas
611 562 682 589 inter
703 562 822 589 maxima
846 563 918 590 dona

126 604 305 639 praecipuum.
322 606 400 639 Quod
412 607 435 634 si
452 615 506 634 non
521 608 693 635 exsatiantur
707 608 754 643 qui
772 609 798 635 in
816 609 918 636 mundo

126 653 201 681 sunt,
221 654 246 676 et
260 651 408 684 acquirunt
426 651 518 678 inania
530 656 557 678 et
571 653 690 687 peritura
708 661 716 680 :
741 661 823 688 quam
842 654 918 681 insa-

127 695 258 723 lurabiles
271 704 320 723 nos
335 704 395 724 esse
415 697 546 725 debemus
562 698 588 724 in
610 699 749 733 perpetuis
762 704 789 726 et
804 699 919 727 inenar-

125 742 260 793 rabilil‘us
284 742 377 770 bonis?
399 743 499 778 Utique
525 743 630 777 hortor,
659 745 753 779 utique
778 745 916 774 obsecro:

124 788 259 823 acquirite
278 790 414 822 caelestia,
433 790 496 818 tiliae
513 790 559 817 Dei
575 795 672 824 estote,
690 791 790 826 regina:
806 791 833 818 in
847 792 918 820 coelo

125 836 261 870 gloriosae,
276 843 383 870 sponsae
396 837 508 870 Christi,
522 836 624 864 Christi
645 837 812 868 cohazredes.
829 838 875 865 lux
890 838 917 865 in

970 240 1100 276 φεύθητε,
1125 241 1150 267 ει
1178 240 1318 276 βασιλείαν
1335 240 1459 276 οὐρανῶν
1474 240 1647 276 ἡγαπήσατε,
1669 243 1696 268 τί
1722 243 1763 278 μὴ

970 287 1060 314 πᾶσαν
1074 286 1152 322 ὑμῶν
1174 286 1224 322 τὴν
1239 286 1357 318 σπουδὴν
1374 287 1420 313 καὶ
1433 287 1571 322 μέριμναν
1599 288 1668 324 πρὸς
1682 289 1765 315 τοῦτο

970 332 1068 367 ἔχοιτε,
1086 332 1230 368 χαίρουσαι
1241 332 1413 359 ὃτιτοιούτου
1425 333 1566 360 θεοσδότου
1581 334 1668 370 δώρου
1683 335 1764 369 ἠξιώ-

971 378 1045 414 θητε,
1058 378 1213 413 ἀξιώματος
1228 377 1433 414 ἀνυπερϐλήτου
1448 384 1456 392 ·
1484 379 1516 405 οὐ
1539 378 1611 413 λέγω
1639 381 1710 407 κατὰ
1727 380 1763 407 τὰ

970 423 1129 459 ἀνθρώπινα
1150 423 1227 459 (σκιά
1242 423 1297 458 γὰρ
1318 423 1406 450 ταῦτα
1426 423 1473 450 καὶ
1489 423 1627 460 ὀνείρατα,
1648 425 1695 451 καὶ
1722 425 1764 459 τῷ

969 470 1084 504 παρόντι
1111 469 1188 496 αἰῶνι
1206 469 1472 505 συγκαταλυόμενα),
1494 470 1563 497 ἀλλὰ
1576 470 1709 497 καὶκατὰ
1727 471 1764 497 τὰ

969 515 1145 550 πνευματικά
1161 524 1167 532 ι
1185 515 1264 551 εῐπερ
1281 515 1415 551 παρθενία
1440 516 1488 542 καὶ
1510 516 1687 551 ἀκτημοσύνη
1706 516 1764 542 τῶν

971 561 1107 596 μεγίστων
1123 560 1233 596 δωρεῶν
1254 560 1285 587 τδ
1304 560 1460 596 ὲξαίρετον;
1476 561 1522 588 καὶ
1539 562 1563 587 εί
1577 561 1763 596 ἀπληστεύον-

968 615 1012 633 ται
1025 607 1049 633 oi
1062 606 1134 633 κατά
1148 606 1251 642 κόσμον
1263 607 1409 641 μετασχεῖν
1419 606 1474 632 τῶν
1487 606 1610 641 ματαίων
1621 606 1667 633 καὶ
1678 606 1764 633 ἀπολ-

968 653 1105 689 λυμένων
1123 653 1151 679 τί
1167 653 1215 680 καὶ
1238 652 1320 679 πόσον
1335 653 1417 688 ἡμεῖς
1442 652 1587 687 ὀφείλομεν
1602 653 1762 689 ἅκορὲστως·

968 700 1040 736 ἔχειν
1055 701 1084 727 ὲν
1098 701 1154 731 τοῖς
1177 699 1331 736 ἀμηρύτοις
1355 699 1404 726 καὶ
1421 699 1613 734 ἀνεχλαλήτοις
1630 698 1758 733 ἀγαθοῖςς

968 746 1033 779 Ναὶ,
1063 745 1225 782 παρακαλῶ·
1255 746 1308 779 ναὶ,
1341 745 1483 779 ἀντιϐολῶ,
1502 745 1713 780 κατακτήσασθε
1726 745 1762 773 τὰ

969 792 1082 827 οὐράνια
1092 799 1099 806 ·
1120 791 1242 826 γένοισθε
1257 791 1325 818 Θεοῦ
1341 791 1505 826 θυγατέρες.
1520 791 1655 826 βασιλίδες
1676 791 1761 827 οὐρα-

969 838 1120 874 νοτίμητοι,
1128 837 1250 873 Χριστοῦ
1265 837 1383 874 νύμφαι,
1399 837 1519 873 Χριστοῦ
1533 837 1760 873 συγκληρονόμοι,

125 882 240 915 mundo,
265 890 356 910 sermo
374 888 497 915 sanctus,
519 884 692 911 conversatio
710 884 789 911 laude
812 883 893 919 digna
909 893 916 911 :
934 908 935 911 η

973 883 1028 918 φῶς
1046 884 1076 910 ἐν
1090 883 1195 919 κόσμῳ,
1206 883 1316 919 λάλημα
1326 882 1415 917 ἅγιον,
1426 882 1576 917 πολίτευμα
1591 882 1759 915 ἀξιέπαινον.

125 932 155 956 ιιι
169 929 290 964 quidem,
314 929 426 956 domina
447 929 561 957 antistes
584 935 610 957 et
635 930 666 957 in
687 929 797 958 Christo
822 930 919 965 praesi-

125 973 203 1005 dens,
219 979 245 1002 et
261 982 309 1003 vos
320 975 426 1010 egregia
443 976 568 1010 pignora,
585 976 647 1003 lilim
662 984 789 1011 superna).
802 975 917 1004 Jerusa-

124 1017 191 1052 lem,
206 1019 234 1046 ln
249 1019 360 1047 Christo
374 1019 438 1048 Jesu
456 1020 572 1048 Domino
597 1025 702 1054 nOstro,
717 1021 760 1048 cui
776 1020 863 1056 gloria
890 1021 919 1048 in

124 1066 233 1094 saecula.
248 1066 345 1094 Amen.

211 1122 330 1152 CXXIV.
345 1139 379 1146 ——
390 1123 540 1153 Caice/tesi;
551 1125 587 1152 ad
598 1125 742 1161 discipulos
754 1134 827 1153 suos.

969 929 1004 955 Σύ
1020 938 1050 956 τε
1061 930 1077 965 ὴ
1091 929 1174 965 κυρία
1187 928 1394 965 καθηγουμένη.
1406 928 1454 955 καὶ
1466 928 1495 954 ἐν
1504 927 1615 963 Χριστῷ
1627 928 1760 964 ἄρχουσα,

968 974 1047 1010 ὑμεῖς
1062 983 1092 1001 τε
1108 975 1136 1001 αἱ
1157 974 1327 1001 καλλίτεκνοι
1345 973 1495 1008 θυγατέρες
1514 972 1634 1007 τῆς,ἆνω
1658 972 1760 1008 Ἰερου-

968 1021 1069 1057 σαλὴμ,
1082 1022 1112 1048 ὲν
1130 1020 1243 1057 Χριστῷ
1261 1020 1350 1057 Ἰησοῦ
1362 1020 1400 1057 τῷ
1415 1021 1512 1057 Κυρίῳ
1523 1019 1613 1056 ἡμῶν,
1626 1018 1649 1055 ᾦ
1666 1021 1683 1057 ἡ
1695 1019 1761 1053 δόξα

967 1067 1007 1099 είς
1019 1067 1084 1099 τοὺς
1096 1067 1209 1099 αἰῶνας.
1234 1067 1332 1103 Ἀμήν.

971 1122 1047 1151 ΡΚΔ¹
1065 1123 1132 1159 (20).
1149 1139 1183 1144 —
1200 1123 1373 1158 Κατήχησις
1388 1123 1474 1159 Ῠπρὸς
1491 1123 1564 1158 τοὺς
1580 1123 1692 1151 ἑαυτοῦ
1703 1131 1762 1159 μα-

1253 1159 1355 1193 θητάςι
1386 1158 1477 1195 [χξξὀ]

602 1213 696 1240 llornm
708 1214 884 1240 contentiones
893 1215 960 1241 inter
970 1221 1009 1246 se,
1019 1218 1047 1240 et
1055 1216 1166 1247 quaedam
1177 1215 1225 1242 alia
1235 1215 1347 1248 castigat.

162 1270 358 1298 Catcchesibus
373 1278 424 1306 ego
442 1270 557 1299 humilis
570 1278 682 1306 operam
696 1273 743 1304 do,
758 1280 812 1300 non
825 1278 919 1300 osten-

127 1315 237 1343 talionis
250 1316 352 1348 studio,
370 1324 461 1351 neque
477 1324 511 1344 ex
536 1318 656 1345 absurda
672 1318 772 1345 mentis
789 1318 916 1353 elatione,

127 1362 174 1390 sed
190 1370 223 1390 ex
242 1367 316 1390 metu
337 1371 369 1391 ac
391 1369 519 1397 tremore,
547 1371 582 1391 ex
600 1364 684 1392 corde
713 1365 795 1393 anxio
812 1369 839 1393 et
854 1365 919 1393 cha-

126 1409 218 1442 ritate,
232 1408 330 1437 fratres
347 1414 504 1445 patresque.
519 1409 648 1439 Amantis
662 1411 796 1446 siquidem
809 1413 917 1447 signum

1008 1272 1110 1308 Ἔργον
1131 1272 1188 1306 ἐγὼ
1203 1273 1218 1298 ὁ
1234 1271 1360 1303 ταπεινὸς
1376 1271 1529 1308 ἐργάζομαι
1555 1271 1585 1299 ἐν
1611 1272 1673 1304 ταῖς
1696 1280 1762 1299 κατ-

970 1319 1113 1354 ηχήσεοιν,
1134 1319 1183 1346 οὐκ
1194 1319 1224 1353 ἐξ
1239 1319 1456 1356 ἐπιτηδεύματος
1473 1318 1673 1355 φανητιασμοῦ,
1700 1319 1762 1346 οὐδὲ

968 1364 1023 1390 ἀπὸ
1040 1365 1232 1400 συνεπάρσεως
1246 1365 1365 1398 διανοίας
1382 1365 1540 1392 ἀλλοκότου·
1561 1365 1619 1392 ἀλλ’
1632 1367 1665 1392 ἐκ
1676 1365 1760 1400 φόϐου

968 1411 1016 1437 καὶ
1029 1411 1143 1446 τρόμου,
1162 1410 1192 1444 ἐξ
1206 1412 1337 1439 ἐπιπόνου
1357 1413 1470 1447 καρδίας
1487 1412 1535 1439 καὶ
1548 1412 1669 1448 ἀγάπης,
1684 1413 1762 1439 ἀδελ-

125 1461 166 1484 est
185 1456 300 1483 sollicite
314 1456 423 1484 docere.
444 1456 542 1490 Argue,
566 1457 666 1492 inquit,
688 1457 806 1492 increpa,
822 1466 935 1493 ορμον-ι

973 1456 1016 1490 φοὶ
1041 1457 1088 1483 καὶ
1104 1456 1236 1492 ΙΙατέρες.
1250 1456 1337 1493 Εἴπερ
1352 1457 1513 1492 ἀγαπῶντος
1529 1458 1630 1492 δεῖγμα
1643 1458 1674 1484 τὸ
1697 1459 1761 1485 km-

126 1507 198 1536 tune,
223 1504 370 1537 importune
380 1504 414 1530 ⁸⁵.
436 1503 476 1530 Ad
505 1504 573 1537 haec,
599 1504 718 1536 hortare,
743 1505 867 1538 instrue,
891 1509 919 1533 et

125 1558 295 1585 quaecunque
321 1545 379 1577 alia
402 1550 484 1577 habet
512 1550 554 1577 lcx
579 1550 626 1578 Dei
653 1559 685 1578 ac
698 1552 832 1586 praecipit.
848 1551 919 1585 Quid

125 1603 192 1631 ergo
204 1595 359 1629 signiﬁcare
372 1595 500 1623 volumus
516 1595 559 1622 his
573 1596 687 1624 verbis?
702 1597 739 1624 De
754 1598 918 1632 petulantia;

125 1642 199 1678 quod
233 1641 267 1670 ad
297 1642 477 1677 psalmodiam
494 1650 508 1669 a
524 1642 577 1678 piis
605 1647 633 1670 et
657 1643 793 1678 religiosis
818 1644 918 1677 vocati,

126 1696 181 1716 non
196 1688 268 1716 sicut
290 1688 367 1716 decet
382 1688 534 1716 convenitis
557 1693 584 1716 et
596 1692 702 1716 noctem
725 1689 825 1717 ducitis
844 1698 852 1717 :
871 1689 920 1717 sed

125 1735 153 1763 in
178 1735 323 1762 verborum
347 1734 581 1767 contentionibus,
605 1735 756 1770 primisque
773 1736 914 1764 consessi-

125 1782 188 1809 bus.
204 1781 367 1816 Anticipasti
380 1785 420 1814 tu,
445 1781 545 1816 inquit,
559 1786 644 1809 etme
664 1788 718 1808 non
743 1781 921 1816 exspectasti.

126 1828 268 1865 Propriam
294 1837 401 1857 caenam
416 1829 570 1864 sumpsisti,
591 1833 618 1856 et
635 1836 679 1856 me
695 1836 750 1856 non
766 1829 918 1857 advocasti.

125 1874 183 1911 Ego
202 1875 317 1903 chorum
333 1875 506 1908 moderabor,
523 1879 550 1902 et
569 1882 624 1902 non
651 1879 691 1906 tu,
709 1875 808 1909 inquit.
831 1875 920 1911 Atque

125 1921 186 1949 haec
198 1921 224 1948 in
253 1920 375 1948 Ecclesia
392 1929 399 1947 :
416 1924 498 1955 atque
521 1919 580 1947 haec
607 1919 783 1947 audientibus
805 1919 858 1947 illis
872 1920 921 1955 qui

126 1968 279 1996 invitarunt
297 1976 305 1995 :
329 1974 363 1994 ex
381 1967 482 2002 quibus
497 1965 537 1993 ira
553 1966 665 2001 quidem
680 1966 773 1993 divina
793 1966 921 1994 invisibi-

126 2007 172 2046 lis,
185 2013 263 2041 dolor
280 2021 344 2040 vero
363 2017 390 2040 et
416 2012 531 2040 olfensio
552 2017 646 2047 aperta
670 2012 857 2039 invitantium.
878 2012 921 2040 An

126 2065 286 2096 potestatem
313 2067 367 2086 non
392 2059 512 2091 habetis,
530 2059 553 2086 si
573 2059 639 2094 quid
659 2059 792 2087 molestiae
805 2058 921 2091 incidat,

126 2106 253 2142 privatim
269 2105 416 2133 accusandi
441 2110 548 2138 mutuo,
564 2110 591 2132 et
606 2113 668 2141 qua;
690 2110 839 2133 occurrunt
855 2113 922 2133 con-

972 1500 1060 1537 μελῶς
1085 1501 1234 1529 παιδεύειν.
1264 1502 1423 1537 Ἕλεγξον,
1447 1503 1539 1538 φησὶν,
1569 1503 1761 1538 ἐπιτίμησον,

969 1547 1125 1580 εὐκαίρως,
1143 1547 1284 1582 ἀκαίρως.
1304 1549 1382 1575 Ἐπεὶ
1407 1549 1455 1576 καὶ
1481 1549 1684 1585 παρακάλεσον,
1701 1558 1764 1577 νου-

970 1592 1093 1627 θέτησον,
1118 1592 1169 1619 ὅσα
1189 1592 1257 1620 ἄλλα
1281 1594 1295 1620 ό
1311 1593 1358 1620 τοῦ
1374 1593 1443 1620 Θεοῦ
1455 1594 1536 1630 νόμος
1562 1594 1618 1629 ἔχει
1638 1595 1686 1621 καὶ
1703 1595 1764 1621 δια-

970 1638 1122 1666 κελεύεται.
1138 1639 1171 1666 Τί
1188 1640 1221 1675 δὴ
1233 1637 1281 1667 οὖν
1295 1640 1419 1676 βούλεταί
1441 1643 1513 1677 μοιρ
1525 1641 1603 1676 λόγος
1623 1642 1764 1677 ὑποδηλῶ-

971 1692 1017 1710 σαι
1030 1693 1037 1717 ;
1050 1684 1118 1720 Περὶ
1134 1684 1258 1718 ἀταξίας’
1274 1686 1316 1712 ὄτι
1327 1686 1563 1722 προσκαλούμενοι
1577 1687 1629 1714 ὑπὸ
1643 1688 1763 1714 εὐσεϐῶν

970 1730 1010 1762 εἰς
1026 1730 1195 1765 ψαλμῳδίας,
1216 1731 1248 1758 οὐ
1265 1732 1336 1758 κατά
1348 1732 1379 1759 τὸ
1393 1733 1536 1768 πρεπῶδες
1553 1734 1763 1770 συναθροίζεσθε

971 1777 1019 1804 καὶ
1033 1778 1213 1813 παννυχίζετε
1224 1799 1232 1812 ,
1246 1779 1303 1806 ἀλλ’
1334 1780 1364 1806 ἐν
1390 1780 1569 1816 λογομαχίαις
1587 1782 1635 1808 καὶ
1654 1790 1762 1817 πρωτο-

971 1824 1101 1857 κλισίαις.
1113 1825 1272 1861 Προῦλαϐες
1285 1827 1330 1859 σὺ,
1346 1827 1424 1863 φησὶ,
1444 1828 1516 1863 κάμὶ
1531 1828 1583 1855 οὐκ
1606 1827 1762 1863 ἀνέμεινας.

971 1870 1009 1897 Τδ
1034 1871 1099 1899 ῐδιον
1122 1871 1231 1899 δεῖπνον
1261 1871 1374 1907 ἔφαγες,
1405 1873 1476 1908 κάμὲ
1507 1873 1539 1900 οὐ
1569 1873 1762 1904 συνεκάλεσας.

978 1916 1049 1952 Ἐγὼ
1065 1918 1312 1954 κανοναρχήσαιμι,
1328 1918 1386 1946 ἀλλ’
1405 1919 1436 1946 οὐ
1451 1919 1495 1952 σὺ,
1510 1919 1587 1954 φησί.
1603 1919 1659 1946 Καὶ
1676 1918 1765 1947 ταῦτα

972 1961 1001 1989 ἐν
1023 1962 1166 1999 ἐκκλησίᾳ·
1187 1963 1234 1990 καὶ
1246 1963 1331 1990 ταῦτα.
1345 1964 1498 1991 ἀκουόντων
1511 1964 1565 1991 τῶν
1578 1964 1760 2000 κεκληκότων·

972 2007 1015 2043 ἐφ’
1028 2006 1069 2040 οἷς
1081 2008 1150 2045 ὀργὴ
1167 2009 1217 2044 μὲν
1231 2009 1299 2036 Θεοῦ
1312 2010 1436 2046 ἀοράτως
1449 2018 1457 2026 ⁸
1480 2010 1553 2046 λύπη
1571 2011 1600 2038 δὲ
1614 2012 1660 2038 καὶ
1676 2010 1764 2047 βλάϐη

972 2054 1177 2091 ὁμολογουμένη
1192 2055 1248 2082 τῶν
1263 2055 1448 2091 κεκληκότων.
1464 2056 1511 2093 Μὴ
1525 2057 1581 2092 γὰρ
1607 2057 1699 2093 χώραν
1712 2057 1765 2086 οὐκ

974 2099 1065 2136 ἔχητε,
1082 2101 1107 2127 ει
1125 2100 1173 2128 καί
1187 2109 1214 2128 τι
1229 2100 1334 2135 γίνοιτο
1345 2101 1498 2135 θλιπτικδν,
1514 2103 1554 2135 εις
1565 2102 1595 2129 τδ
1613 2102 1668 2138 ἰδίᾳ
1683 2103 1764 2137 ἐγκα-

126 2151 237 2180 ciliandi
249 2158 297 2186 per
327 2151 542 2179 satisfactionem
567 2154 595 2177 et
617 2157 767 2186 congruam
785 2151 925 2179 humilita-

976 2146 1033 2173 λείν
1043 2146 1179 2182 ἀλλήλοις,
1195 2147 1242 2173 καὶ
1254 2146 1289 2174 τὰ
1302 2147 1496 2182 συμπίπτοντα
1515 2148 1714 2176 καταλλάσσειν
1729 2148 1763 2176 δι’

126 2198 200 2226 tem?
229 2197 281 2225 Sed
309 2196 395 2225 frater
426 2205 488 2225 cum
503 2197 588 2225 fratre
613 2198 766 2229 contendit.
781 2197 921 2232 irascitur,

127 2244 226 2280 injuria
240 2243 333 2277 allicit,
346 2244 504 2272 indecenter
515 2252 545 2272 se
559 2244 628 2280 gerit
642 2244 667 2271 in
680 2244 768 2272 oculis
782 2245 920 2272 omnium.

127 2291 150 2319 0
175 2290 375 2327 petulantiam?
391 2297 408 2317 ο
431 2290 553 2317 alienum
578 2298 593 2317 a
612 2290 757 2318 monachis
777 2294 923 2326 spectacu-

127 2337 183 2364 lum
201 2337 209 2363 ι
223 2343 240 2364 o
254 2336 409 2364 divinarum
423 2335 513 2371 legum
528 2335 732 2371 contemptum!

165 2406 267 2452 lieinde
295 2432 378 2452 causa
400 2425 547 2461 praeposito
566 2425 736 2452 attribuitur.
761 2423 853 2459 Talis,
877 2424 922 2452 in-

973 2192 1123 2226 ἀπολογίας
1135 2193 1183 2219 καὶ
1198 2193 1247 2228 τῆς
1257 2192 1372 2229 δεούσης
1384 2193 1594 2228 ταπεινώσεως;
1610 2194 1680 2221 Ἀλλ’
1689 2194 1765 2221 ἀδελ-

975 2238 1025 2273 φὸς
1041 2237 1101 2273 μετ’
1115 2238 1229 2273 ἀδελφοῦ
1244 2239 1372 2274 μάχεται,
1387 2239 1538 2275 ὀργίζεται,
1548 2240 1663 2276 ὑϐρίζει,
1676 2241 1765 2277 ἀσχη-

975 2283 1062 2319 μονεῖ,
1085 2284 1133 2310 ἐπὶ
1151 2284 1298 2320 προσώπου
1317 2285 1437 2313 πάντων.
1455 2287 1488 2314 Ὢ
1510 2286 1560 2321 τῆς
1582 2286 1716 2320 ἀταξίαςι
1741 2286 1765 2314 ὦ

972 2329 1023 2364 τῆς
1046 2329 1184 2365 ἀμονάχου
1203 2329 1337 2367 θεωρίαςῐ
1354 2331 1376 2358 ὣ
1391 2331 1442 2367 τῆς
1466 2331 1697 2368 καταφρονήσεως
1710 2333 1765 2361 τῶν

976 2374 1058 2402 θείων
1072 2375 1162 2411 νόμων
1174 2377 1182 2403 l

1011 2418 1077 2448 Εἶτα
1100 2421 1117 2457 ἡ
1138 2421 1212 2448 αίτία
1232 2422 1279 2450 ἐπὶ
1304 2422 1350 2449 τὸν
1379 2423 1598 2458 καθηγούμενον.
1625 2423 1762 2455 Τοιούτου,

127 2470 238 2506 quiunt,
264 2469 388 2505 magistri
404 2470 471 2498 tales
494 2474 522 2497 et
535 2469 672 2504 discipuli.
689 2469 788 2496 Annon
806 2475 920 2496 exosum

976 2467 1054 2503 φησὶ,
1069 2466 1230 2495 διδασκάλου
1245 2469 1399 2505 τηλικοῦτοι
1415 2469 1463 2496 καὶ
1483 2470 1614 2506 μαθηταί.
1626 2464 1691 2505 τΑρ⁸
1708 2469 1763 2502 οὐιδ

129 2524 173 2544 me
187 2515 220 2543 iis
244 2516 326 2543 etiam
344 2516 393 2551 qui
412 2516 439 2544 in
455 2517 523 2543 urbe
538 2521 602 2543 sunt
623 2514 801 2542 reddidistis?
819 2515 919 2542 Annon

978 2512 1091 2548 μισητόν
1106 2521 1139 2548 με
1155 2514 1324 2550 πεποιήκατε
1340 2515 1387 2541 καὶ
1405 2516 1460 2547 τοῖς
1473 2516 1502 2542 ὲν
1518 2515 1595 2542 ἀστει
1608 2524 1616 2548 ;
1628 2513 1693 2551 'Ap‘
1708 2515 1779 2550 οὐχιι

129 2561 293 2597 praeclarum
326 2569 446 2593 nomen,
472 2560 545 2596 quod
570 2560 597 2587 in
627 2563 723 2587 sancta
751 2559 923 2586 fraternitate

974 2558 1005 2585 τὸ
1020 2559 1102 2586 καλὸν
1115 2559 1201 2594 ὄνομα
1212 2559 1242 2586 τὸ
1256 2561 1405 2596 ἐπικληθὲν
1418 2562 1466 2588 ἐπὶ
1479 2563 1512 2597 τῇ
1529 2562 1590 2597 aut;
1604 2561 1767 2596 ἀδελφότητι

130 2613 224 2636 nostra
242 2607 409 2636 celebratum
423 2607 484 2640 fuit,
501 2608 529 2635 in
547 2606 717 2634 contrarium
732 2606 926 2634 convertitur?

976 2604 1066 2641 ἡμῶν,
1086 2605 1125 2637 είς
1145 2606 1300 2633 τούναντίον
1325 2608 1542 2643 περιτρέπεταις
1573 2606 1702 2643 Μάχεσθε
1722 2608 1770 2634 καὶ

131 2654 264 2690 Pugnatis
285 2659 312 2682 et
329 2654 496 2690 belligeratis
511 2663 518 2681 :
546 2652 691 2683 comeditis
706 2657 735 2681 et
749 2653 853 2687 bibitis,
868 2659 922 2680 non

977 2651 1120 2688 πολεμεῖτε
1134 2660 1140 2667 ·
1168 2651 1290 2688 τρώγετε
1311 2653 1359 2681 καὶ
1380 2654 1472 2682 πίνετε
1483 2662 1491 2670 '
1507 2654 1557 2681 οὐκ
1570 2653 1705 2688 εὐλαϐῶςι
1720 2653 1771 2688 οὐχ

178 2712 200 2728 ⁸⁸
217 2711 239 2739 ιι
261 2710 332 2740 Tim.
348 2718 386 2743 tv,
406 2710 434 2738 ἱ.

892 2796 1007 2825 NOTAE.

174 2856 230 2892 αθ)
243 2857 272 2886 ln
291 2858 352 2886 cod.
367 2857 434 2893 Reg.
461 2855 532 2892 ρλς’.
