1912 3080
174 125 240 157 1407

763 126 793 156 S.
812 125 1010 158 THEODORI
1029 124 1205 157 STUDIT/E

1731 121 1801 153 1408

172 171 268 210 (naues
288 189 394 217 sponsae
409 182 511 210 Christi
526 191 533 209 :
548 182 625 218 virgo
641 190 823 218 unaquaeque,
842 189 874 212 ut
885 184 959 212 Can-

1016 184 1106 219 δμῶν·
1127 183 1214 210 πᾶσαι
1240 180 1345 216 νύμφαι
1366 178 1502 215 Χριστοῦ·
1524 178 1628 213 ἑκάστη
1652 177 1800 212 παρθένος,

172 227 284 255 ticorum
301 229 390 255 verbis
405 228 501 263 loquar
519 228 609 255 hortus
624 229 775 263 conclusus,
792 229 852 263 fons
869 231 960 265 signa-

173 280 213 301 ms
224 275 259 307 9°,
270 282 333 301 rosa
348 275 411 302 boni
432 275 525 302 odoris
539 274 606 307 Deo,
624 275 712 302 lilium
732 275 957 311 incorruptiouis.

171 319 193 345 0
209 320 350 354 pulchrum
369 319 543 353 paradisuml
563 327 580 346 ο
596 324 715 354 pratum,
735 327 790 354 quo
807 320 960 348 delectatur

171 365 259 393 Deus.
279 366 404 393 Christus
418 365 445 392 in
461 366 551 393 medio
565 371 700 397 vestrum,
717 367 765 401 qui
785 366 893 402 lignum
917 370 962 395 est

172 414 242 438 vitae.

207 458 258 486 Sed
276 459 406 494 quoniam
425 459 458 486 ad
479 459 696 494 experimentum
715 459 961 495 probationemque

172 503 282 531 virtutis
306 510 347 531 est
369 504 452 531 etiam
475 505 558 531 arbor
588 504 679 536 vetita,
706 512 767 539 qua:
788 505 902 539 pulchra
925 505 961 534 ad

171 550 423 584 contemplanduut,
446 558 498 578 uec
524 555 565 578 est
593 559 660 578 sane
682 551 709 578 id
738 551 811 586 quod
834 551 959 584 videtur;

172 595 228 622 imo
250 603 343 623 amara
367 601 393 624 et
419 596 561 623 mortifera
585 596 608 624 si
631 597 748 624 edatur:
765 601 792 624 et
814 596 880 632 quid
909 596 961 624 ltoc

171 642 244 668 aliud
269 647 310 669 est
331 650 414 677 quam
435 643 572 678 voluptas,
588 651 642 678 qua
669 643 724 669 Eva
747 643 834 677 prima
859 649 961 678 parens

170 693 249 722 capta
270 687 328 715 est?
345 688 557 717 Commouemus
577 697 627 716 vos
644 693 671 716 et
686 689 837 722 hortamur,
859 696 894 716 tte
909 697 961 716 un-

171 741 254 768 quam
273 733 402 761 lethalem
425 734 544 762 fructum
564 735 716 768 attingatis,
732 735 781 762 sed
800 735 960 764 mandatum

170 778 312 814 arripiatis
335 779 452 814 speciosi
468 781 650 815 undequaque
663 788 695 808 ac
711 780 767 807 veri
791 781 879 815 reipsa
901 781 962 808 ιω-

170 829 242 856 ctus,
260 825 444 852 obedientiam
461 830 488 852 et
501 825 682 853 humilitatem
700 825 870 857 excolentes,
892 826 960 854 cha-

1016 230 1191 267 ¹ᾼσματικῶς
1213 228 1319 260 εἰπεῖν,
1346 225 1444 261 κῆπος
1474 224 1700 259 κεκλεισμένος,
1717 226 1804 258 πηγὴ

1008 275 1245 312 ἐσφραγισμένη,
1263 273 1339 310 ῥόδον
1350 272 1482 308 εὐοσμίας
1496 271 1577 304 Θεοῦ,
1589 272 1683 306 κρῖνον
1693 271 1802 305 ἀχραν-

1008 323 1086 354 τὶαςῐ
1111 323 1144 348 Ὢ
1168 320 1251 349 καλοῦ
1276 319 1463 355 παραδείσουῑ
1479 319 1511 345 Ὤ
1530 317 1668 353 λειμῶνος
1691 317 1803 352 θεοτερ-

1008 369 1088 401 ποῦς.
1105 367 1223 404 Χριστὸς
1241 368 1271 394 ὲν
1289 366 1365 403 μέσῳ
1387 364 1477 401 ὑμῶν,
1490 365 1521 397 ὃς
1535 365 1595 391 ἐστι
1611 363 1642 391 τὸ
1656 363 1736 397 ξύλον
1748 365 1802 399 τῆς

1009 416 1092 451 ζωῆς-

1051 461 1223 498 Ἀλλ’ὲπειδὴ
1238 459 1308 496 πρὸς
1317 459 1417 492 πεῖραν
1432 457 1480 485 καὶ
1493 457 1611 493 δοκιμὴν
1621 456 1724 492 ἀρετῆς
1737 457 1800 483 ἐστι

1009 508 1098 536 καὶτὸ
1111 507 1196 543 φυτὸν
1205 506 1236 534 τὸ
1243 505 1432 541 ἀπειρημένον
1442 513 1449 520 ·
1466 505 1534 540 ὅπερ
1547 502 1648 539 ὡραῖον
1660 503 1700 534 είς
1711 510 1803 529 κατα-

1010 556 1118 590 νόησιν’
1131 555 1162 582 οὺ
1174 554 1228 590 μὴν
1241 553 1309 588 ὅπερ
1315 551 1440 588 φαίνοιτό
1453 550 1540 584 ἐστιν,
1552 550 1622 577 ἀλλὰ
1634 549 1733 584 πικρὸν
1751 548 1802 575 καὶ

1010 601 1160 635 θανάσιμον
1185 601 1219 636 τῇ
1239 597 1401 635 μεταλήψει-
1411 598 1459 625 καὶ
1467 597 1494 624 τί
1504 596 1595 629 τοῦτο,
1604 595 1707 631 ἀλλ’[ἣ]
1718 593 1802 630 ἠδονὴ

1010 646 1055 681 ὑφ’
1069 643 1104 682 ἧς
1116 645 1189 672 ὲὰλω
1204 644 1261 671 Εὕα
1274 645 1291 680 ὴ
1303 643 1475 680 προμήτωρ;
1489 641 1738 677 ὑπομιμνήσκομεν
1753 639 1803 666 καὶ¹

1011 691 1208 728 παραινοῦμεν,
1225 691 1332 725 μήποτε
1342 687 1464 724 ἅψασθαι
1486 687 1558 723 ὑμᾶς
1578 685 1625 712 τοῦ
1650 684 1803 720 θανασίμου

1011 735 1135 770 καρποῦ·
1151 734 1220 762 ἀλλά
1234 733 1457 770 μεταλαμϐάνειν
1469 731 1648 767 τῆςὲντολῆς
1667 730 1714 757 τοῦ
1731 739 1804 757 παν-

1011 781 1113 817 ωραίου
1140 781 1189 808 καὶ
1214 779 1344 815 ἀληθινοῦ
1362 779 1400 811 ὡς
1420 778 1530 813 ἀληθῶς
1546 777 1673 813 καρποῦ·
1693 777 1804 812 ὑπακοῇ

1011 827 1059 854 καὶ
1085 825 1324 862 ταπεινοφροσύνῃ
1349 824 1544 860 κεκρημένας·
1573 823 1671 860 ἀγάπῃ
1698 823 1731 858 τῇ
1760 823 1803 854 είς

171 870 281 898 ritatent
298 871 332 898 ad
348 871 465 899 invicem
488 876 516 899 et
533 880 647 899 vacuam
664 872 766 899 invidia
790 871 959 906 atquitatem,

1016 873 1131 909 ἀλλήλας
1143 873 1189 900 καὶ
1203 871 1329 907 ἀφθονίᾳ,
1347 869 1528 906 ἀκτημοσὺνῃ
1542 870 1592 897 καὶ
1614 868 1801 904 είρηνοποιίᾳ.

171 922 383 953 paupertatem,
411 918 543 954 pacisque
570 926 665 946 curam
698 925 724 947 et
749 920 883 948 studium.
915 920 961 948 Sic

172 962 246 990 enim
265 963 389 991 viventes
409 963 601 998 glorilicabitis
619 963 705 992 Deum
728 965 756 992 in
777 973 895 1002 corpore
915 973 962 993 ve-

171 1013 229 1035 stro
246 1013 273 1036 et
289 1008 316 1036 in
336 1009 446 1044 spiritu,
464 1009 536 1036 sicut
556 1014 670 1038 sanctus
690 1012 821 1045 praedicat
842 1013 961 1047 Aposto-

171 1055 260 1082 lus".
299 1054 345 1083 Sic
369 1059 397 1082 et
423 1055 541 1090 amplius
573 1057 824 1092 multiplicabimiui
844 1059 908 1085 :sic
934 1062 962 1085 et

171 1101 328 1128 sanctitatis
357 1109 458 1129 nomen
482 1102 510 1129 in
537 1102 589 1130 ltac
611 1103 666 1130 vita
688 1103 860 1135 obtinebitis,
880 1108 907 1131 et
933 1104 961 1131 in

171 1147 265 1173 l‘uturo
291 1147 392 1174 sa‘eulo
421 1147 509 1181 gloria
539 1147 621 1175 simul
650 1148 791 1176 lruemini.
818 1149 960 1184 Scriptum

171 1198 213 1220 est
231 1203 236 1221 :
252 1192 282 1220 Si
297 1194 485 1228 tompatimur,
498 1199 522 1221 et
534 1194 836 1230 conglorificabt‘mur".
850 1196 884 1222 Et
894 1195 960 1231 quid

171 1239 281 1266 tandem
319 1239 398 1267 vobis
425 1239 556 1267 decorum
587 1241 693 1275 magis?
724 1241 789 1276 quid
817 1242 962 1276 augustius

171 1292 254 1318 quant
273 1284 318 1311 Dei
333 1285 402 1313 tilias
413 1285 478 1316 dici.
494 1293 572 1313 sacra
586 1285 711 1318 donaria,
730 1288 830 1322 templa
845 1287 961 1322 virgini-

173 1330 257 1357 tatis?
270 1330 337 1357 Cum
352 1338 417 1365 ergo
435 1330 493 1358 haec
513 1331 549 1358 ita
571 1332 637 1365 sint,
655 1331 781 1367 gaudete,
803 1339 913 1360 sorores
933 1333 961 1360 in

170 1375 293 1409 Christo,
320 1377 447 1412 gaudete,
480 1376 544 1404 odio
570 1377 704 1406 habentes
740 1378 868 1406 allectum
897 1387 962 1415 erga

171 1430 255 1450 carne
271 1423 392 1457 junctos,
412 1423 476 1450 odio
491 1423 623 1451 ltabentcs
637 1428 740 1451 sortem
760 1424 788 1451 in
809 1428 882 1452 terra
897 1433 962 1459 pos-

172 1469 274 1502 sidere,
302 1469 366 1497 odio
396 1469 529 1497 habentes
559 1469 650 1497 omnia
681 1477 742 1505 qua:
770 1470 904 1505 optabilia
932 1471 961 1498 in

174 1517 277 1543 mundo
296 1521 360 1544 sunt
374 1524 381 1543 :
397 1516 527 1551 quoniam
546 1517 719 1544 conversatio
731 1522 823 1544 vestra
841 1517 869 1544 in
884 1517 961 1545 ctelis

173 1566 232 1592 est,
258 1566 285 1588 et
311 1561 456 1589 Imreditas
480 1569 594 1596 regnum
620 1562 766 1595 caelorum,
790 1567 817 1590 et
843 1570 962 1598 sponsus

174 1607 302 1635 Christus
316 1607 384 1643 ipse,
401 1608 448 1643 qui
465 1615 513 1636 vos
525 1608 634 1636 vocavit
650 1609 779 1643 utipsum
792 1610 961 1644 sequamini:

173 1654 221 1691 qui
246 1659 273 1681 et
300 1662 348 1682 vos
380 1662 428 1689 per
462 1656 740 1688 consummationem,
772 1656 800 1683 in
823 1657 963 1685 caslestem

176 1701 326 1727 thalamum
340 1708 402 1728 cutn
424 1700 604 1736 prudentibus
619 1701 773 1737 virginibus
798 1702 962 1731 introducet.

176 1747 239 1775 llaec
254 1756 305 1782 ego
323 1747 429 1781 paucis,
448 1751 479 1773 ιιι
496 1746 654 1782 agnoscatis
669 1755 713 1774 me
732 1747 758 1774 in
774 1747 878 1783 Spiritu
900 1756 966 1776 san-

175 1798 220 1820 cto
234 1797 362 1827 tauquam
376 1799 485 1820 sorores
497 1799 544 1819 vos
559 1792 700 1826 habuisse,
712 1792 846 1829 vobisque
861 1794 966 1829 optima

175 1840 268 1867 omnia
283 1843 427 1874 exoptare.

316 1898 436 1929 CXXVI.
451 1913 487 1919 —
499 1898 639 1926 Monac/tis
654 1898 820 1927 Pltott'nttdit'.

1012 918 1092 946 Οὕτω
1104 918 1160 954 γὰρ
1172 917 1279 954 βιοῦσαι
1293 917 1432 951 δοξάσοιτε
1447 917 1496 944 τὸν
1507 916 1575 943 Θεὸν
1591 916 1620 943 ὲν
1635 915 1674 950 τῷ
1691 915 1802 950 σώματι

1012 965 1090 1000 ὑμῶν
1106 965 1154 992 καὶ
1172 965 1201 991 ὲν
1217 964 1257 1000 τῷ
1268 963 1421 999 πνεύματι²
1437 963 1509 990 καθὰ
1525 962 1576 998 βοᾷ
1593 962 1608 989 ὁ
1623 962 1697 998 ἱερὸς
1717 961 1803 989 ’Λπό-

1013 1009 1201 1042 στολος·οῦτω
1216 1010 1262 1037 καὶ
1276 1009 1377 1045 μᾶλλον
1389 1008 1613 1044 πληθυνθήσεσθε
1624 1016 1631 1023 ·
1644 1007 1717 1035 οὕτω
1731 1007 1801 1034 κάν-

1011 1057 1100 1083 ταῦθα
1116 1055 1339 1092 ὀνομασθήσεσθε
1355 1056 1468 1091 ὀνόματι
1481 1055 1633 1090 ὁσιότητος,
1657 1054 1704 1080 καὶ
1721 1055 1749 1080 ὲν
1763 1053 1804 1088 τῷ

1013 1101 1138 1136 μέλλοντι
1155 1102 1234 1128 αἰῶνι
1257 1100 1522 1137 συνδοξασθήσεσθε.
1540 1100 1633 1134 Ειπερ
1649 1100 1704 1136 γὰρ
1726 1107 1805 1134 συμ-

1012 1148 1180 1183 πάσχομεν,
1203 1148 1254 1175 καὶ
1276 1147 1604 1182 συνδοξασθησόμεθα,
1633 1147 1803 1182 γέγραπται.

1013 1194 1068 1220 Καὶ
1081 1193 1107 1220 τί
1122 1193 1215 1220 λοιπὸν
1227 1193 1393 1229 ὡραιότερον
1410 1192 1505 1228 ὑμῶν;
1528 1193 1553 1219 τί
1569 1192 1598 1218 δὲ
1614 1191 1806 1227 σεϐασμιώτε-

1013 1247 1079 1275 ρον;
1096 1239 1251 1275 θυγατέρας
1269 1239 1337 1266 Θεοῦ
1360 1239 1514 1272 καλεῖσθαι,
1534 1238 1711 1274 ἀναθήματα,
1730 1239 1804 1274 ἱερὰ,

1013 1287 1094 1318 ναοὺς
1109 1286 1271 1322 παρθενίας.
1298 1285 1376 1313 Ἐπεὶ
1395 1283 1442 1313 οὖν
1451 1285 1550 1318 ταῦτα,
1574 1286 1698 1322 χαίρετε,
1723 1285 1805 1312 ἀδελ-

1012 1331 1064 1366 φαὶ
1078 1333 1108 1358 ὲν
1134 1331 1240 1366 Κυρίῳ,
1265 1331 1389 1367 χαίρετε,
1413 1330 1543 1367 μισοῦσαι
1562 1330 1611 1365 τὴν
1637 1330 1727 1365 χαρὰν
1755 1328 1806 1356 τοῦ

1013 1378 1132 1414 κόσμου·
1156 1378 1284 1414 μισοῦσαι
1294 1378 1325 1405 τὸ
1342 1378 1410 1414 πρὸς
1434 1378 1500 1409 τοὺς
1525 1376 1596 1404 κατὰ
1612 1377 1701 1411 σάρκα
1718 1375 1804 1407 ἰδίους

1012 1425 1187 1461 προσπαθές·
1211 1424 1340 1460 μισοῦσαι
1371 1424 1402 1450 τὸ
1429 1423 1531 1459 κλῆρον
1551 1423 1625 1458 ἔχειν
1651 1423 1700 1449 ἐπὶ
1732 1423 1806 1458 γῆς·

1015 1471 1142 1508 μισοῦσαι
1154 1471 1188 1498 τὰ
1204 1471 1276 1498 κατά
1286 1470 1389 1506 κόσμον
1408 1469 1513 1506 ἐραστὰ
1526 1469 1646 1497 ἅπαντα.
1672 1469 1807 1504 Ἐπείπερ

1013 1518 1091 1553 ὑμῶν
1113 1518 1145 1544 τὸ
1157 1517 1308 1552 πολίτευμα
1330 1518 1359 1544 ὲν
1380 1516 1518 1551 οὐρανοῖς,
1542 1516 1591 1543 καὶ
1615 1515 1769 1551 κληρουχία
1787 1516 1806 1551 ἡ

1017 1564 1141 1600 βασιλεία
1155 1563 1210 1590 τῶν
1221 1563 1360 1599 οὐρανῶν·
1378 1563 1428 1590 καὶ
1440 1562 1557 1599 νυμφίος
1572 1562 1654 1594 αὐτὸς
1673 1561 1806 1598 Χριστὸς.

1015 1611 1029 1638 ό
1043 1610 1186 1646 κεκληκὼς
1197 1610 1270 1645 ὑμᾶς
1281 1609 1370 1637 ὀπίσω
1380 1609 1464 1637 αὑτοῦ
1486 1609 1644 1636 ἀκολουθεῖν
1654 1616 1662 1625 ·
1683 1609 1732 1635 καὶ
1746 1610 1806 1636 εἰσ-

1016 1655 1089 1688 άξων
1105 1655 1151 1682 διὰ
1165 1654 1334 1687 τελειώσεως
1352 1656 1393 1687 είς
1406 1655 1453 1681 τὸν
1474 1653 1638 1690 ἐπουράνιον
1654 1653 1801 1689 νυμφῶνα,

1018 1703 1088 1738 μετά
1115 1702 1170 1729 τῶν
1206 1701 1349 1738 φρονίμων
1380 1701 1535 1736 παρθένων.
1574 1699 1669 1726 Ταῦτα
1702 1699 1731 1726 δὲ
1761 1697 1809 1725 ἐπ’

1015 1748 1124 1783 ὀλίγον,
1146 1748 1184 1780 ὡς
1215 1748 1249 1776 ἂν
1273 1747 1362 1782 γνῶτε
1381 1747 1422 1774 ὅτι
1453 1748 1483 1775 ὲν
1514 1746 1655 1781 Πνεύματι
1673 1745 1745 1781 ἁγίῳ
1768 1746 1807 1777 ὠς

1015 1795 1134 1830 ἀδελφὰς
1160 1795 1234 1830 ὑμᾶς
1264 1793 1459 1830 λελογίσμεθα,
1486 1792 1535 1820 καὶ
1568 1791 1742 1828 ὲπευχόμεθα
1771 1791 1809 1818 τὰ

1015 1841 1171 1877 κρείττονα.

1015 1902 1102 1935 PKC."
1116 1899 1184 1936 (22).
1213 1915 1250 1921 -
1293 1899 1367 1962 Τοῖξι
1387 1898 1534 1971 μοῖιέκῖῒς
1569 1896 1625 1925 τοῦ
1647 1899 1810 1925 diciturcu-

1367 1944 1413 1962 ου.
1438 1945 1454 1970 χ
1471 1938 1487 1962 ’.
1700 1959 1708 1966 ,

1367 1944 1413 1962 ου.
1426 1938 1487 1970 [χω.

206 1990 244 2015 De
256 1991 335 2014 morte
347 1987 450 2018 abbatis,
461 1993 534 2018 quam
544 1986 627 2011 laudat
640 1993 646 2010 ε
658 1988 712 2011 tum
724 1986 756 2012 de
766 1993 923 2019 successore,
940 1996 1016 2021 quem
1024 1990 1137 2016 hortatur
1149 1994 1176 2017 ut
1186 1991 1253 2016 bene
1269 1990 1364 2023 praesit,
1376 1997 1404 2016 ac
1421 1992 1565 2022 monachos,
1577 1994 1606 2016 ut
1620 1990 1645 2016 ei
1665 1993 1777 2022 pareant.

213 2043 348 2071 Lwtitiam
377 2041 487 2076 quidem
519 2040 598 2068 vobis
626 2039 725 2071 allert.
752 2039 867 2074 fratres,
892 2042 966 2076 quod

177 2091 278 2122 scribo,
306 2090 353 2117 sed
372 2096 509 2116 summam
530 2087 670 2116 tristitiam
687 2094 879 2124 argumentum
897 2090 966 2117 scri-

177 2138 278 2174 ptionis
295 2146 301 2164 :
315 2136 379 2171 quia
394 2135 543 2171 dereliquit
556 2142 604 2163 vos
616 2139 709 2170 pastor
722 2136 821 2169 bonus,
836 2135 920 2164 Pater
936 2138 964 2165 in

178 2183 303 2216 Domino,
317 2182 371 2213 via.
384 2183 438 2209 dux
458 2185 485 2208 et
499 2181 603 2213 lumen,
619 2182 667 2216 qui
687 2182 780 2210 multis
798 2182 878 2210 annis
894 2184 965 2211 mul-

178 2235 220 2259 tas
233 2237 298 2257 oves
314 2229 397 2264 pavit,
411 2234 438 2256 et
453 2228 560 2256 caulam
574 2229 695 2257 alumnis
713 2229 822 2264 plenam
842 2231 965 2265 reliquit,

178 2275 273 2311 viginti
291 2279 483 2302 numerantem
497 2281 580 2309 supra
597 2274 732 2302 ducentos
750 2275 814 2302 :vir
834 2284 968 2304 veneran-

178 2321 241 2353 dus,
255 2326 282 2349 et
296 2321 395 2348 divina:
406 2320 502 2355 gratiae
517 2327 631 2355 compos
647 2329 655 2348 :
669 2320 805 2349 candidus
819 2321 967 2350 admodum

178 2368 294 2403 capillis,
307 2373 333 2395 et
346 2367 494 2394 candidum
514 2367 598 2394 simul
618 2374 666 2395 eor
682 2375 796 2402 gerens;
812 2367 889 2396 dives
902 2369 968 2397 cha.

178 2414 278 2446 ritate,
307 2413 446 2448 ditiorqne
472 2413 663 2441 misericordia
688 2422 696 2440 :
720 2413 846 2448 plurimis
872 2422 969 2443 revera

180 2461 328 2488 \irtutibus
343 2463 471 2493 ornatus,
487 2467 523 2487 tte
537 2459 660 2495 singulas
672 2460 840 2488 recensendo
859 2461 968 2496 longio-

178 2515 237 2535 rem
261 2507 360 2534 faciam
384 2506 550 2535 orationem.
582 2505 675 2533 Eheu!
703 2506 790 2533 eheu!
813 2514 868 2542 quo
885 2510 967 2541 pacto

178 2554 271 2589 gravia
287 2553 346 2580 haec
362 2561 417 2580 non
437 2553 511 2580 sint?
526 2559 582 2587 quo
598 2556 678 2587 pacto
691 2560 745 2580 non
759 2552 906 2580 luctuosa?
919 2558 967 2581 aut

179 2599 242 2634 quis
257 2599 411 2627 desolatum
426 2599 544 2634 posthac
555 2606 664 2634 gregem
680 2606 734 2626 non
750 2599 850 2631 videat,
867 2599 890 2626 si
905 2599 968 2634 quis

178 2654 210 2673 ea
227 2649 332 2681 spectet
354 2652 416 2680 quae
439 2644 617 2672 acciderunt?
633 2643 731 2672 Verum
753 2645 820 2680 quid
838 2645 968 2673 tandem?

181 2690 278 2720 Utrum
302 2691 329 2718 in
347 2693 422 2718 luctu
435 2690 636 2726 persistemus?
652 2698 688 2718 an
716 2698 835 2718 maerore
852 2691 966 2726 dejicie-

1056 2044 1155 2079 Χαρᾶς
1170 2043 1222 2079 μὲν
1239 2043 1256 2078 ὴ
1273 2044 1420 2079 προγραφὴ
1437 2044 1513 2079 ὑμῖν,
1528 2044 1655 2078 ἀδελφοί·
1674 2043 1764 2079 λύπης
1777 2043 1809 2071 δὲ

1018 2089 1061 2116 ὅτι
1073 2089 1191 2124 μάλιστα
1207 2089 1223 2124 ἡ
1238 2089 1285 2115 ἐπὶ
1298 2089 1329 2115 τὸ
1342 2089 1461 2125 γράφειν
1486 2089 1614 2122 ὑπόθεσις
1624 2098 1631 2106 ·
1648 2091 1691 2117 ὅτι
1711 2090 1810 2117 ἀπολέ-

1017 2135 1112 2162 λοιπεν
1126 2135 1223 2170 ὑμᾶςό
1239 2135 1343 2171 ποιμὴν
1360 2136 1374 2162 ό
1391 2135 1484 2168 καλὸς,
1503 2137 1517 2163 ὁ
1540 2136 1569 2162 ὲν
1588 2135 1685 2171 Κυρίῳ
1699 2136 1809 2171 Πατὴρ,

1016 2182 1030 2208 ὀ
1045 2182 1142 2217 deum
1159 2183 1207 2209 καὶ
1225 2183 1351 2218 φωστὴρ,
1370 2182 1385 2208 ό
1411 2181 1522 2214 πολλοῖς
1546 2181 1621 2209 ἔτεσι
1646 2182 1695 2209 καὶ
1719 2183 1810 2210 πολλὰ

1017 2227 1143 2263 πρόϐατα
1171 2228 1321 2263 ποιμάνας,
1350 2228 1398 2255 καὶ
1423 2228 1474 2264 τὴν
1490 2227 1567 2255 λείαν
1601 2228 1685 2261 ἐάσας
1715 2229 1810 2265 πλήρη

1017 2273 1196 2310 θρεμμάτων.
1229 2274 1319 2311 Εἴπερ
1358 2275 1388 2302 ὲν
1417 2274 1566 2307 διακοσίοις
1596 2275 1673 2311 παρὰ
1705 2277 1812 2303 εἴκοσιν

1017 2319 1211 2356 ὴριθμημένην
1221 2328 1228 2335 ·
1249 2321 1263 2348 ὁ
1276 2320 1419 2356 αἰδέσιμος
1433 2320 1504 2356 ἀνὴρ
1519 2321 1570 2348 καὶ
1591 2321 1704 2356 χάριτος
1733 2321 1812 2353 θείας

1020 2366 1151 2401 μέτοχος·
1169 2367 1183 2393 ό
1197 2366 1296 2399 λευκὸς
1307 2367 1379 2402 ἄγαν
1393 2366 1444 2401 τὴν
1463 2367 1555 2403 τρίχα,
1579 2367 1626 2395 καὶ
1649 2367 1691 2394 ἔτι
1714 2367 1811 2394 λελευ-

1018 2412 1156 2448 κασμένος
1165 2412 1215 2449 τὴν
1226 2413 1356 2450 καρδίαν·
1379 2415 1393 2441 ό
1409 2413 1538 2446 πλούσιος
1551 2413 1602 2449 τὴν
1618 2414 1742 2450 ἀγάπην,
1764 2415 1812 2441 καὶ

1020 2458 1221 2496 πλουσιώτερος
1235 2460 1286 2495 τὴν
1300 2459 1505 2496 ἐλεημοσύνην·
1530 2461 1545 2487 ὁ
1557 2460 1681 2487 πλείοσιν
1698 2461 1812 2495 ἀρεταῖς

1019 2505 1060 2538 ὡς
1073 2505 1182 2542 ἀληθῶς
1194 2506 1478 2542 κατακεκοσμημένος
1488 2514 1496 2521 ·
1510 2507 1555 2534 ἳνα
1584 2506 1622 2542 μὴ
1646 2507 1676 2533 ἓν
1699 2507 1761 2533 καθ’
1781 2507 1812 2533 ἓν

1020 2551 1262 2588 ἀπαριθμούμενος
1287 2553 1393 2588 μακρὸν
1415 2553 1520 2589 εὑρεθῶ
1542 2553 1695 2580 ἀποτείνων
1719 2553 1810 2587 λόγον.

1024 2597 1074 2624 ὨΙ
1091 2597 1132 2624 Gil
1151 2599 1209 2630 πῶς
1225 2599 1255 2625 οὐ
1278 2598 1365 2625 ταῦτα
1382 2598 1530 2632 θλιπτικά;
1553 2598 1612 2631 πῶς
1624 2599 1654 2625 δὲ
1669 2598 1719 2625 οὐκ
1728 2599 1811 2633 ὀδυρ-

1020 2644 1103 2677 τικάς
1121 2644 1180 2676 πῶς
1201 2644 1231 2671 δὲ
1252 2644 1303 2671 οὐκ
1318 2644 1363 2672 ἐπ’
1386 2645 1506 2681 ἐρημίας
1523 2646 1540 2680 ή
1566 2646 1669 2681 θεωρία
1682 2646 1733 2680 τῆς
1748 2645 1812 2672 ποί-

1022 2699 1092 2726 μνης
1106 2691 1169 2718 ὅσον
1183 2691 1254 2718 κατά
1281 2692 1317 2718 τὰ
1331 2691 1492 2727 cede-avra;
1513 2691 1594 2720 Ἀλλά
1607 2692 1634 2719 τί
1649 2691 1725 2728 ipa;
1748 2692 1813 2720 ἑπι-

214 2762 239 2779 "
249 2761 328 2790 Cant.
346 2769 383 2793 tv,
400 2760 444 2788 12.
483 2760 504 2776 ⁹¹
518 2759 527 2786 Ι
544 2760 608 2788 Cor.
628 2768 666 2793 vt,
680 2759 725 2789 ΞΟ.
764 2761 786 2777 ⁹¹
799 2760 879 2789 Rom.
895 2769 954 2794 VIII.
970 2762 1015 2789 ΓΙ.

937 2807 1050 2838 ΝΟΤίΕ.

221 2855 277 2890 (22)
291 2855 320 2883 In
339 2855 402 2884 cod.
420 2855 486 2890 Reg.
501 2854 570 2890 ρλη’.
