1912 3080
74 123 139 156 Ιίοῇ

668 126 939 158 EPISTOLARUM
964 127 1038 158 LIB.
1066 128 1109 157 ll.

1638 124 1706 159 1410

73 182 213 217 μείνωμεν
239 180 280 215 τῷ
309 180 421 216 nivem;
444 183 661 219 κατηφιὰσωμεν
695 184 862 220 δυσθυμότε-

915 195 977 215 mus
999 186 1142 214 animum?
1165 193 1201 214 an
1228 185 1318 214 dolori
1343 185 1576 214 succumbemus‘!
1597 185 1706 221 Nequa-

73 233 131 261 ρον;
157 224 338 259 ὲναφεθῶμεν
361 224 400 259 τῷ
424 226 526 259 πάθει;
557 227 709 262 Οὺμενοῦν,
729 226 752 255 ὦ
786 229 864 256 ἀδελ-

71 271 130 306 φοί⁶
146 270 206 297 ἀλλ’
225 270 328 303 ειδότες
346 271 388 298 ὅτι
404 271 495 308 δόγμα
518 272 586 300 Θεοῦ
604 274 687 300 πᾶσιν
710 274 866 311 ἀνθρώποις

71 320 108 350 εἱς
124 318 235 352 γένεσιν
249 317 375 345 ἐλθοῦσιν
388 316 470 351 αὖθις
481 319 621 352 ἀναλύειν.
638 320 687 347 καὶ
704 320 754 357 τὴν
770 321 863 356 κρείτ-

70 373 132 391 τονα
149 365 197 390 καὶ
211 364 344 399 ἀπήμονα
357 364 579 400 μεταλαμϐάνειν
596 365 681 402 ζωὴν,
696 364 730 402 ἧς
752 366 864 403 ἀπαρχὴ

70 410 187 445 Χριστὸς
195 411 208 436 ὁ
220 410 287 442 Θεὸς
300 410 390 446 ἡμῶν,
401 412 416 438 ὸ
425 411 476 447 τῆς
489 411 561 447 ζωῆς
571 412 703 448 ἀρχηγός·
719 413 864 448 παρακλη-

70 457 162 492 θῶμεν
182 456 356 492 παρακλήσει
371 457 452 490 Θεοῦ,
469 458 509 490 εις
523 458 638 490 ἑαυτοὺς
650 458 796 494 γενώμεθα
807 466 813 474 ·
825 459 866 486 εί-

70 512 167 538 πωμεν
177 512 183 519 ·
201 503 233 530 '0
245 504 355 538 Κύριος
369 503 493 537 ἔδωκεν,
505 505 522 532 ό
530 504 639 538 Κύριος
653 505 805 539 ἀφείλετο,
818 505 865 532 τὸν

69 551 152 578 καλὸν
166 551 342 584 διδάσκαλον,
361 552 409 579 τὸν
433 552 505 588 ἱερὸν
524 552 715 588 καθηγεμόνα.
746 553 792 585 Τίς
808 553 864 589 γάρ

69 597 155 624 ἐστιν
165 597 324 632 ἅνθρωπος
338 597 373 631 ὃς
384 597 515 633 ζήσεται,
524 599 575 626 καί
586 600 642 627 οὐκ
652 600 758 634 ὄψεται
770 600 864 628 θάνα-

69 651 141 676 τον;
158 643 202 670 ἵνα
217 644 265 670 τοῦ
293 645 430 680 ἡμετέρου
447 645 555 681 Πατρὸς
568 645 727 678 ξενοπαθεῖν
744 646 863 683 ἔχωμεν.

69 688 319 727 Εὑχαριστ[ητ]έον
338 691 379 718 ὅτι
392 690 514 718 τοιούτου
529 691 680 728 ὴξιώμεθα⁸
692 693 740 720 καὶ
755 693 798 720 ὅτι
812 693 865 726 ἕως

69 737 173 772 γήρους
186 737 234 764 καὶ
248 736 396 772 πρεσϐείου
414 738 431 774 ἡ
442 738 556 774 χρονικὴ
569 739 724 775 παράτασις
736 748 743 756 ·
762 740 809 766 κα¹ι
822 740 864 767 ὅτι

68 791 100 817 γε
116 782 309 817 ἐγκατέλιπεν,
325 783 376 810 οὐκ
394 783 644 818 ἀπροστατεύτους,
654 785 715 812 οὐδὲ
730 785 862 821 ἐρήμους

70 829 138 855 ἀλλὰ
151 830 200 856 καὶ
213 829 362 864 εὐλόγησεν
388 829 488 862 ὲξόδια,
514 831 562 857 καὶ
577 831 715 866 ἐπηύξατο
727 831 861 867 ἁρμόδια·

69 876 114 902 καὶ
130 875 181 902 ἕνα
196 875 252 903 τῶν
269 877 317 903 σὺν
329 877 394 912 ὑμῖν
406 877 577 913 κατέστησεν
594 878 639 913 ἐφ’
652 879 726 914 ὑμᾶς
740 888 862 915 προστα-

69 923 221 950 τεύσοντα·
251 923 282 951 ὃν
310 924 501 960 παραινοῦμεν
528 925 670 958 ζώσασθαι
686 927 736 959 ’ὡς
759 927 863 955 τέλειον

69 970 154 1006 ἄνδρα
167 971 218 1006 τὴν
233 970 330 1006 ὀσφῦν,
341 971 391 998 καὶ
403 972 622 1009 Χριστομιμήτῳ
635 973 800 1001 ταπεινώσει
813 975 864 1010 τῆς

70 1016 302 1053 ὲμπιστευθείσης
319 1017 397 1053 αὑτῷ
410 1017 549 1051 διακονίας
568 1018 696 1054 ἔχεσθαι·
708 1020 802 1047 κανόνι
815 1021 864 1048 καὶ

71 1063 138 1098 ἴχνει
156 1062 206 1090 τοῦ
235 1064 374 1100 μακαρίου
396 1064 502 1091 ἐκείνου
528 1064 718 1101 πορευόμενον
735 1065 774 1102 τῷ
799 1065 862 1093 κατ’

70 1108 180 1144 ἐντολὴν
193 1108 262 1136 Θεοῦ
283 1109 366 1145 λόγῳ.

104 1154 325 1190 Παρακαλοῦμεν
339 1155 368 1182 δὲ
381 1155 514 1188 ὡσαύτως
534 1158 582 1185 καὶ
599 1157 683 1194 ὑμᾶς,
703 1153 754 1194 τῆν
776 1158 863 1194 καλὴν

69 1201 250 1236 ἀδελφότητα,
271 1201 428 1238 ὁμογνὼμῳ
454 1203 548 1230 πίστει
577 1213 607 1231 τε
631 1206 678 1232 καὶ
706 1206 801 1244 ἀγάπῃ
822 1206 862 1242 τῷ

70 1251 219 1283 νεοκτίστῳ
231 1247 402 1283 καθηγεμόνι
413 1248 537 1276 ὑπείκειν
551 1250 580 1277 ὲν
591 1251 688 1286 Κυρίῳ
698 1259 706 1267 ο
717 1251 764 1278 καὶ
777 1251 862 1285 δεῖξαι

69 1294 109 1320 ὅτι
121 1293 208 1325 ὅντως
224 1295 238 1320 ὁ
254 1294 321 1326 Θεὸς
336 1295 366 1322 ὲν
380 1295 445 1330 ὑμῖν
463 1296 538 1322 ἐστι·
559 1296 608 1323 καὶ
626 1298 641 1323 ὁ
669 1297 743 1329 ὅσιος
766 1297 861 1334 Πατὴρ

70 1339 299 1376 προθυμούμενος
312 1340 360 1368 καὶ
385 1340 504 1368 συνδέων
529 1341 647 1374 πάντας,
679 1342 721 1374 είς
735 1343 863 1378 ὁμόνοιάν

70 1395 99 1413 τε
114 1387 162 1413 καὶ
179 1386 346 1422 σύμπνοιαν.
360 1387 426 1421 Ναὶ,
439 1387 553 1423 ἀδελφοὶ
571 1388 734 1424 ἐπιπόθητοι
744 1397 752 1404 ·
775 1389 863 1422 οὕτως

71 1433 176 1466 ἔσεσθε,
218 1433 291 1460 οὕτω
324 1433 504 1470 παγιώθητε·
537 1434 591 1462 κᾶν
610 1436 686 1462 πᾶσα
713 1435 786 1471 ἀρχὴ
811 1436 862 1463 οὐκ

72 1479 223 1515 εὐμάρειαν
244 1479 322 1515 ἔχοι·
348 1479 439 1515 χρόνῳ
451 1479 480 1507 δὲ
502 1480 647 1516 προίοῦσα,
667 1482 708 1513 εἰς
723 1481 780 1514 ἕξιν
800 1483 863 1509 ἐπι-

73 1525 239 1561 στημονικὴν
267 1525 450 1553 καθίσταται·
477 1527 547 1563 μηδὲ
571 1528 724 1563 ὁμοιωθῆτε
745 1529 803 1560 τοῖς
829 1529 862 1555 ὲκ

915 241 1012 268 quam,
1034 233 1152 260 fratres?
1175 233 1222 260 sed
1237 240 1300 260 eum
1321 234 1442 260 sciamus
1457 236 1589 261 statutum
1613 240 1674 260 esse
1689 239 1706 260 ι

915 279 972 307 Deo
992 280 1121 307 omnibus
1141 280 1168 306 in
1195 279 1284 307 lucem
1311 279 1510 314 prodeuntibus
1537 279 1704 312 hominibus,

915 334 1026 354 rursum
1048 327 1183 361 dissolvi,
1207 333 1235 354 et
1257 327 1398 354 meliorem
1426 326 1546 360 malique
1566 331 1705 360 expertem

915 373 998 400 vitam
1021 373 1161 408 recipere,
1189 373 1270 407 cujus
1294 372 1423 408 primitiae
1450 372 1612 400 Christus"
1633 373 1707 400 Deus

915 425 1010 447 noster
1038 420 1086 455 qui
1112 420 1243 455 princeps
1267 423 1311 447 est
1338 419 1420 451 vitm;
1451 419 1626 446 consolemur
1655 425 1706 446 nos

915 466 1105 494 consolatione
1121 466 1179 499 Dei,
1192 465 1226 493 ad
1240 474 1290 494 nos
1302 466 1378 501 ipsos
1389 465 1547 497 redeamus,
1563 464 1688 492 dicamus
1698 472 1705 478 ·

915 511 1046 539 Dominus
1065 511 1147 545 dedit,
1173 511 1305 538 Dominus
1328 510 1441 538 abstuli:
1452 510 1476 526 “
1495 510 1597 537 bonum
1619 510 1708 544 magi-

915 562 1017 590 strum,
1039 564 1148 584 sacrum
1176 556 1373 584 institutorem.
1391 546 1554 588 Quis‘enim
1575 560 1613 582 est
1629 555 1706 581 homo

915 604 962 638 qui
977 604 1041 631 vivet
1055 607 1080 630 et
1104 611 1155 630 non
1169 603 1266 630 videbit
1285 608 1398 629 mortem
1409 602 1453 629 "?
1468 607 1498 628 ut
1511 601 1602 629 Patris
1620 601 1707 629 nostri

915 649 1083 677 desiderium
1097 648 1169 677 ferre
1179 656 1383 676 assuescamus.
1399 647 1518 682 Agendae
1536 652 1601 675 sunt
1613 648 1707 682 gratia

915 695 989 730 quod
1008 695 1090 722 talem
1106 695 1197 730 adepti
1215 694 1330 727 fuimus,
1352 699 1380 722 et
1401 693 1475 727 quod
1499 693 1533 721 ad
1549 698 1705 728 provectam

917 748 1004 776 usque
1017 746 1126 768 aetatem
1146 741 1312 775 seniumque
1326 740 1489 775 perductum
1506 744 1549 767 est
1565 741 1626 774 eius
1644 740 1707 767 vitae

915 791 1035 820 tempus,
1049 790 1077 813 et
1091 786 1166 820 quod
1182 786 1242 813 sine
1256 789 1363 813 rectore
1385 792 1435 813 nos
1452 793 1504 813 non
1520 785 1641 819 reliquit,
1657 793 1707 812 nec

916 833 1076 866 solitarios;
1093 832 1140 860 sed
1157 837 1185 859 et
1204 833 1299 860 abiens
1320 832 1471 864 benedixit,
1489 832 1705 870 etgongruentia

880 868 903 898 Β
917 883 1043 914 precatus
1059 883 1111 908 est.
1131 883 1159 906 et
1178 886 1264 905 unum
1280 885 1295 906 e
1310 878 1391 906 vobis
1408 868 1552 905 constituit
1563 877 1609 913 qui
1627 877 1706 904 vobis

914 926 1008 960 praesit
1024 933 1030 952 :
1047 933 1130 960 quem
1152 926 1296 952 hortamur
1313 928 1344 951 ut
1360 928 1490 959 tanquam
1507 924 1549 951 vir
1568 923 1707 959 perfectus

914 972 1023 1000 lumbos
1038 971 1174 1006 accingat,
1189 975 1216 999 et
1238 971 1341 998 Christi
1357 970 1456 998 aetitula
1474 970 1631 997 humilitate
1651 970 1705 996 im-

913 1017 1034 1053 positum
1049 1017 1102 1045 sibi
1125 1017 1308 1044 ministerium
1329 1016 1521 1050 amplectatur,
1538 1015 1609 1043 beati
1630 1015 1705 1042 illius

914 1064 1015 1099 regulae
1030 1067 1058 1091 et
1076 1063 1198 1098 vestigiis
1212 1063 1353 1096 incedens,
1371 1062 1424 1090 hoc
1443 1067 1495 1095 est,
1516 1062 1563 1090 Dei
1581 1062 1663 1089 verbo
1677 1065 1705 1089 et

913 1109 1055 1139 mandato.

949 1155 1099 1183 Hortamur
1111 1159 1203 1184 autem
1218 1160 1246 1183 et
1260 1163 1310 1183 vos
1331 1160 1447 1190 pariter.
1470 1156 1630 1190 praeclaram
1648 1155 1705 1183 fra—

913 1203 1083 1235 ternitatem,
1102 1207 1132 1229 ut
1146 1202 1270 1229 unanimi
1287 1201 1339 1229 fide
1363 1206 1390 1229 et
1411 1201 1544 1229 charitale
1567 1209 1638 1229 novo
1661 1210 1706 1229 re-

913 1250 984 1277 ctori
999 1249 1198 1284 obtemperetis
1212 1249 1239 1276 in
1253 1248 1370 1276 Domino
1382 1257 1388 1275 :
1400 1249 1607 1283 ostendatisque
1620 1249 1703 1276 Deum

913 1304 1009 1324 revera
1035 1296 1107 1323 inter
1132 1303 1181 1324 vos
1208 1303 1281 1327 esse,
1310 1299 1494 1330 sanctumque
1517 1294 1638 1327 Patrem.
1656 1295 1704 1329 qui

913 1349 1011 1370 omnes
1027 1341 1172 1372 accendat,
1197 1346 1399 1377 connectatque
1420 1342 1455 1369 ad
1479 1341 1656 1369 concordiam
1678 1345 1706 1369 et

913 1395 1092 1416 consensum.
1107 1387 1218 1423 Utique,
1232 1387 1331 1415 fratres
1346 1387 1540 1418 amantissimi.
1553 1388 1593 1415 sic
1605 1393 1703 1420 estote,

913 1434 954 1462 sic
973 1434 1166 1462 stabiliamini.
1195 1433 1326 1468 Quamvis
1349 1434 1516 1469 principium
1542 1441 1625 1461 omne
1649 1442 1702 1461 non

914 1481 1007 1509 statim
1022 1479 1181 1508 facilitatem
1195 1480 1294 1506 habt-al.
1310 1489 1315 1507 :
1333 1487 1480 1514 progressu
1495 1485 1584 1506 tamen
1599 1485 1706 1514 tempo-

914 1527 954 1554 ris
973 1535 1052 1554 usum
1067 1531 1094 1554 et
1108 1526 1252 1554 scientiam
1275 1525 1448 1560 adipiscitur.
1467 1525 1521 1553 Nec
1540 1526 1645 1553 similes
1663 1526 1705 1553 eis

72 1557 151 1603 solli»;
162 1557 222 1606 (sic;
237 1572 384 1608 φιλαρχίας
404 1557 533 1606 ἀστάτοις
556 1557 604 1602 καλ
630 1557 860 1610 ἀνεττιστήμοσιν.

915 1571 1034 1604 fueritis,
1050 1572 1098 1607 qui
1115 1580 1147 1600 ex
1163 1557 1328 1599 dominandi
1346 1571 1439 1599 studio
1458 1572 1573 1606 inquieti
1600 1577 1706 1600 suntet

77 1617 186 1652 Ἐπειδὴ
197 1618 227 1645 δὲ
243 1619 290 1645 ἐπὶ
316 1618 398 1654 ξυροῦ
414 1620 445 1646 τὸ
466 1619 514 1646 τοῦ
537 1620 660 1656 διωγμοῦ
676 1622 806 1657 πρᾶγμα,
823 1621 862 1658 μὴ

73 1664 206 1699 προδῶτε,
223 1664 301 1699 ὑμῶν
318 1665 425 1701 δέομαι,
438 1665 489 1701 τὴν
506 1665 611 1697 πίστιν,
631 1666 700 1702 μηδὲ
717 1667 767 1702 τὴν
786 1667 863 1693 εὐσέ-

71 1712 161 1737 6ειαν²
174 1710 236 1737 ἀλλ’
257 1712 282 1738 εί
310 1711 370 1747 ἥξει
396 1712 531 1748 μηδαμῶς
545 1713 604 1743 τοῖς
629 1714 782 1748 αῑρετικοτς
797 1713 862 1741 καθ’

71 1754 124 1783 οἷον
139 1757 242 1792 δήποτε
257 1757 359 1793 τρόπον
369 1758 589 1793 συνυπαχθῆναι.
605 1759 641 1785 Φέ
647 1767 719 1794 ροιτε
728 1759 861 1794 γενναίως

72 1803 162 1830 πάντα
187 1802 305 1839 δεύτερα
326 1804 485 1840 ἡγούμενοι,
517 1804 554 1840 μὴ
575 1805 656 1840 μόνον
674 1806 862 1842 μοναστήρια,

70 1849 118 1875 καὶ
146 1849 180 1875 τὰ
208 1849 239 1875 ὲν
267 1850 460 1885 μοναστηρίοις
490 1849 609 1881 ἅπαντα.
635 1850 688 1877 κᾶν
707 1848 762 1878 εἷεν
792 1850 863 1886 ὑπὲρ

70 1896 128 1922 λίαν
145 1895 250 1930 ἄπειρα
259 1904 266 1910 ·
282 1896 350 1923 ἀλλὰ
364 1897 420 1931 γὰρ
433 1897 483 1924 καὶ
495 1897 530 1925 τὰ
541 1897 648 1924 ἑαυτῶν
664 1897 793 1932 σώματα·
810 1897 860 1933 τὴν

70 1942 157 1977 καλὴν
186 1942 336 1977 φυγαδείαν
368 1944 504 1979 ἑλόμενοι,
539 1944 653 1971 καὶτὸν
675 1944 723 1971 τοῦ
740 1943 863 1980 διωγμοῦ

72 1989 251 2024 μακαρισμὸν
276 1990 494 2025 στεφανούμενοι
533 1990 579 2018 τὸν
608 1990 788 2026 ὐπερένδοξον
815 1990 864 2017 καὶ

71 2035 303 2071 ὑπερθαύμαστον
314 2043 322 2052 ·
335 2036 408 2063 καθὰ
426 2036 475 2063 καὶ
489 2036 647 2064 ἐντέταλται
663 2036 728 2072 ὑμῖν
741 2037 756 2063 ό
770 2037 862 2072 μακά-

72 2090 140 2116 ριος.
171 2082 204 2109 El
232 2082 261 2108 δὲ
285 2083 328 2109 ὅτι
357 2083 429 2109 ἑάλω
446 2083 567 2114 ἐκεῖνος’
587 2083 633 2110 ναὶ
660 2083 707 2109 καὶ
735 2082 788 2117 φεῦ
812 2082 864 2117 τῆς

70 2129 170 2164 ἦττηςῑ
189 2128 260 2164 πλὴν
277 2128 318 2155 ὅτι
329 2128 533 2164 ἀνακέκληταιο
554 2128 625 2164 πλὴν
640 2128 682 2156 ὅτι
700 2127 862 2164 ἐπιτετίμη-

70 2183 125 2208 ται,
156 2175 206 2201 καὶ
236 2175 307 2210 μετὰ
332 2175 388 2202 τῶν
418 2175 540 2202 εὐσεϐῶν
569 2176 722 2210 συνῆπται,
740 2175 789 2202 καὶ
819 2172 862 2206 εἷς

914 1618 1088 1653 impatientes
1097 1618 1260 1653 disciplinae.
1272 1616 1408 1645 Caeterum
1418 1617 1547 1652 quoniam
1559 1618 1585 1644 in
1596 1626 1704 1645 summo

913 1665 1076 1692 discrimine
1088 1663 1289 1699 persecutionis
1305 1671 1461 1695 versantur,
1479 1664 1559 1691 ﬁdem
1572 1669 1703 1696 vestram,

913 1711 1041 1743 obsecro,
1059 1710 1243 1746 pietatemque
1260 1718 1296 1737 ne
1316 1710 1441 1745 prodatis
1455 1718 1463 1737 :
1479 1709 1527 1738 sed
1545 1710 1566 1738 si
1582 1711 1703 1743 ingruat,

913 1757 1028 1785 minime
1056 1764 1119 1784 cum
1149 1756 1288 1784 haereticis
1315 1764 1483 1792 quocunque
1510 1762 1589 1791 pacto
1615 1757 1704 1784 abdu-

913 1804 1027 1832 camini.
1049 1802 1125 1832 Forti
1142 1803 1235 1830 animo
1257 1803 1401 1835 sustinete,
1420 1803 1514 1830 omnia
1536 1803 1705 1838 posthaben-

914 1855 968 1883 tes,
983 1858 1039 1878 non
1058 1850 1147 1878 solum
1163 1849 1343 1883 monasteria,
1363 1853 1391 1877 et
1404 1857 1574 1884 quaecunque
1595 1851 1623 1876 in
1645 1857 1706 1876 mo.

913 1897 1043 1925 nasteriis
1063 1900 1141 1930 sunt,
1165 1896 1318 1931 quamlibet
1340 1904 1423 1931 supra
1446 1896 1557 1923 modum
1577 1896 1633 1924 sint
1655 1904 1706 1924 co.

913 1943 1002 1978 piosa,
1019 1943 1067 1970 sed
1085 1943 1196 1978 propria
1211 1943 1295 1970 etiam
1309 1950 1424 1978 corpora
1437 1943 1598 1977 :pulchratn
1612 1942 1703 1978 fugam

913 1989 1058 2024 eligentes.
1087 1994 1115 2016 et
1141 1989 1342 2024 persecutionis
1371 1989 1542 2017 beatitudine
1568 1989 1706 2022 coronati,

913 2043 975 2071 quae
997 2035 1111 2071 gloriam
1133 2035 1322 2063 incredibilem
1346 2040 1374 2062 et
1388 2035 1580 2062 admirabilem
1599 2035 1704 2062 habet:

913 2082 1146 2117 quemadmodum
1170 2082 1267 2110 beatus
1291 2081 1375 2109 etiam
1394 2081 1441 2109 ille
1461 2081 1538 2109 vobis
1564 2082 1703 2116 prteccpit.

913 2129 992 2163 Quod
1016 2129 1040 2157 si
1063 2129 1126 2164 quis
1149 2129 1255 2156 victum
1280 2128 1359 2155 illum
1388 2127 1476 2155 fuisse
1496 2128 1582 2160 dicat,
1608 2128 1704 2163 utique

913 2180 941 2203 et
956 2175 1125 2211 deploranda
1146 2175 1240 2203 clades
1258 2183 1265 2201 :
1282 2179 1311 2202 at
1332 2178 1481 2202 revocatus
1495 2179 1547 2207 est,
1573 2179 1601 2201 at
1617 2174 1706 2209 poeni-

71 2221 128 2248 ἐστι
149 2221 205 2248 τῶν
217 2221 343 2256 ἀδελφῶν
366 2222 414 2248 καὶ
433 2221 567 2258 Πατέρων
579 2221 660 2256 ἡμῶν
671 2230 677 2236 ·
693 2221 790 2248 καθότι
815 2221 862 2248 καὶ

915 2222 1030 2250 tentiam
1053 2222 1119 2256 egit,
1139 2225 1167 2248 at
1183 2221 1236 2256 piis
1253 2226 1421 2257 aggregatus
1443 2226 1496 2254 est,
1513 2229 1641 2256 unusque
1664 2225 1706 2249 est

71 2267 242 2294 εὶσδέδεκται
257 2267 327 2303 πρὸς
354 2268 401 2295 τοῦ
414 2267 599 2304 ίεροτελεστοῦ
624 2267 705 2303 ἡμῶν
718 2276 863 2303 μακαριω-

70 2313 153 2340 τάτου
185 2314 372 2349 πατριάρχου.
399 2313 494 2341 Ταῦτα
532 2310 579 2340 οὖν
610 2313 723 2347 ειδότες,
740 2313 862 2348 ἀδελφοὶ,

70 2359 256 2395 εὐψυχήσατε,
270 2360 469 2396 εὐτακτήσατε,
491 2357 523 2386 εὖ
543 2359 687 2395 πράξοιτε,
703 2361 733 2386 ἐν
747 2359 860 2395 Χριστῷ

77 2407 166 2441 Ἰησοῦ
196 2406 236 2442 τῷ
258 2407 355 2442 Κυρίῳ
375 2407 466 2442 ήμῶν,
492 2406 522 2439 ὃς
541 2407 669 2433 κάκεῖνον
692 2406 865 2433 ἀναπαύσειε

73 2454 143 2488 μετὰ
167 2453 293 2486 δικαίων,
321 2453 370 2480 καὶ
395 2454 468 2488 ὑμᾶς
497 2452 692 2488 καταρτίσειεν
722 2453 751 2480 ὲν
777 2453 863 2480 πᾶσιν

71 2500 195 2534 ἀγαθοῖς,
207 2500 386 2536 ἠγαπημένοι
399 2499 479 2536 ἡμῶν
492 2499 614 2534 ἀδελφοί.

213 2596 288 2624 PKZ'
297 2597 366 2632 (25).
383 2596 483 2630 Πέτρῳ
495 2596 632 2629 Νικαίας.
650 2594 743 2631 [χοα.]

911 2268 1028 2295 fratrum
1044 2267 1213 2302 Patrumque
1226 2271 1398 2295 nostrorum.
1411 2267 1507 2303 Itaque
1521 2271 1647 2302 receptus
1663 2271 1706 2293 est

912 2312 995 2339 etiam
1019 2311 1054 2338 ab
1081 2311 1209 2339 antistite
1233 2315 1341 2344 nostro,
1358 2311 1518 2339 beatissimo
1536 2311 1703 2347 patriarcha.

913 2356 977 2385 Hac
988 2356 1074 2392 igitur
1090 2364 1153 2384 cum
1169 2356 1247 2384 vobis
1263 2362 1406 2392 comperta
1422 2357 1489 2389 sint,
1505 2356 1615 2388 fratres,
1631 2357 1704 2384 bono

914 2402 1012 2430 animo
1037 2407 1137 2433 estote,
1152 2402 1330 2438 disciplinam
1346 2408 1464 2436 servate,
1483 2403 1552 2431 bene
1570 2403 1656 2430 valete
1677 2403 1704 2429 in

917 2448 1027 2476 Christo
1041 2447 1106 2476 Jesu
1128 2448 1246 2476 Domino
1270 2452 1379 2481 nostro,
1404 2450 1452 2484 qui
1480 2455 1508 2476 et
1531 2449 1569 2476 illi
1584 2450 1704 2484 quietem

918 2495 1020 2522 tribuat
1040 2503 1102 2523 cum
1115 2495 1211 2530 justis,
1228 2500 1258 2524 et
1272 2503 1320 2523 vos
1339 2497 1366 2523 in
1384 2496 1465 2523 bonis
1480 2496 1607 2523 omnibus
1620 2495 1705 2530 perli-

918 2541 982 2573 ciat,
1000 2540 1093 2569 dilecti
1106 2541 1207 2569 fratres
1221 2542 1320 2569 nostri.

1107 2597 1238 2625 CXXVII.
1250 2612 1285 2618 —
1298 2596 1381 2625 Petro
1401 2597 1510 2626 Nimia.

463 2662 625 2696 Apologetica
635 2663 753 2687 adversus
769 2647 969 2688 calumniatores.
982 2664 1083 2696 (Baron.
1095 2673 1137 2693 an.
1149 2666 1205 2697 825,
1218 2673 1245 2691 n.
1264 2666 1315 2698 19.)

105 2719 166 2749 Νῦν
202 2719 371 2756 εὐοδοὺμεθα
404 2718 558 2746 ἐπιστεῖλαι
588 2719 621 2754 τῇ
657 2719 780 2754 πατρικῇ
812 2727 861 2746 σου

106 2781 131 2798 ’³
143 2780 152 2806 l
164 2779 231 2808 Cor.
241 2786 287 2811 xv,
303 2779 338 2806 ΞΟ

387 2777 473 2806 "Job
488 2786 507 2812 ι,
523 2777 569 2806 21.
606 2778 630 2794 ’³
643 2776 717 2805 Psal.
736 2785 816 2810 xvm,
833 2777 878 2805 49.

952 2720 1031 2750 Nunc
1056 2725 1211 2758 opportuna
1244 2721 1382 2750 scribendi
1411 2726 1532 2757 paterna:
1564 2720 1706 2750 sanctitati

828 2823 945 2853 ΝΟΤᾸΕ.

108 2873 165 2909 (25)
178 2872 209 2901 tn
225 2872 286 2900 cod.
299 2871 366 2908 Reg.
397 2870 462 2907 ρλϐ’.
