1912 3080
196 133 265 167 “ll

195 196 252 219 tua:
273 190 355 218 datur
378 191 502 223 occasio.
518 191 671 227 postquam
697 192 735 220 ab
761 193 859 221 exsilio
884 194 986 221 reversi
1000 200 1027 230 Α

195 245 304 265 sumus.
334 237 477 272 Siquidem
505 237 635 265 incursus
654 238 776 266 Arabum
804 246 855 266 nos
879 246 989 274 quoque

196 284 315 311 humiles
337 291 400 311 cum
425 284 488 312 aliis
501 284 647 319 permultis
666 284 781 319 ejiciens
800 285 834 311 ab
855 285 987 320 hospitio,

197 330 224 357 in
245 330 398 365 principem
419 330 537 358 insulam
565 336 628 358 ante
651 331 748 358 urbem
765 331 867 366 abegit.
889 331 917 359 In
935 340 988 367 qua

196 377 298 412 quibus
313 377 446 405 aerumnis
457 377 546 404 affecti
560 377 694 405 fuerimus
710 378 808 412 partim
824 386 839 405 a
855 378 990 414 profugo-

197 431 259 451 rum
275 428 389 458 urgente
403 431 453 450 nos
466 424 557 456 turba,
571 423 670 458 partim
683 423 717 450 ab
732 428 800 450 testu
816 429 843 451 et
857 425 938 459 aquis
955 423 990 451 ad

198 475 293 505 potum
327 469 442 496 minime
468 469 587 502 idoneis,
619 469 686 504 quid
714 477 784 504 opus
810 475 854 498 est
877 470 990 497 dicere?

198 515 295 543 Postea
320 523 396 547 vero,
425 520 455 542 ut
477 516 540 542 inde
557 515 696 551 progressi
719 523 816 543 sumus
841 515 875 542 ad
901 516 989 543 vicina

198 561 367 589 Chalceduni
387 562 458 592 loca,
480 561 514 588 ad
531 561 583 588 ista
599 562 655 588 duo
674 561 800 594 accessit,
825 566 853 588 et
876 561 929 588 hoc
950 561 991 588 al-

200 611 301 638 terunt,
321 608 394 642 quod
419 607 446 634 in
473 607 665 642 gravissimum
690 607 838 634 incidimus
865 607 990 634 morbum

199 653 247 688 qui
272 654 405 680 miserum
433 660 535 687 corpus
563 657 687 680 nostrum
717 657 789 680 totos
811 657 915 687 septem
931 653 991 681 dies

201 708 293 726 rerum
315 699 458 726 doloribus
477 698 573 726 alllixit
590 710 596 726 :
614 704 696 734 atque
723 704 753 726 ut
780 698 865 726 semel
890 699 989 732 dicam,

201 745 281 779 plane
297 745 468 772 laboriosum
487 745 539 771 iter
560 749 685 771 nostrum
705 743 767 772 fuit.
789 745 917 772 Attamen
939 745 990 771 tria

201 789 259 816 lizec
274 789 368 816 divino
389 797 502 816 munere
524 789 604 816 nobis
622 789 782 824 obtigerunt
799 798 805 816 :
821 789 940 824 printum
962 792 992 816 ut

201 835 390 864 beatissimum
408 834 563 869 pontiﬁcem
586 838 712 862 nostrum
727 834 922 866 salutaremus.
948 841 992 861 sa-

201 880 258 906 cris
274 879 335 914 ejus
354 879 485 914 precibus
498 879 638 913 fruentes;
652 879 751 907 deinde
765 881 815 907 hos
828 886 909 915 atque
929 879 990 907 illos
1007 877 1027 904 Β

200 933 295 953 sacros
309 926 404 953 Patres
422 933 454 953 ac
468 926 584 959 fratres;
608 934 640 954 ac
656 926 748 959 tertio,
772 931 800 953 ut
819 926 988 962 objectiones

200 979 228 1001 ct
260 973 474 1001 criminationes
506 972 554 1000 Dei
584 972 774 1000 misericordia
802 973 989 1008 diluerentur,

199 1027 270 1054 quas
289 1023 386 1046 contra
412 1027 474 1050 nos,
498 1019 594 1046 nescio
619 1019 703 1051 unde,
727 1018 899 1046 suscitarunt
914 1019 991 1054 pacis

200 1066 326 1101 opiﬁces.
352 1065 560 1093 Schismaticos.
580 1072 631 1093 nos
654 1070 734 1092 antea
759 1065 954 1100 depinxerunt,
974 1073 990 1093 a

199 1112 283 1139 divini
299 1112 440 1147 pontiﬁcis
457 1112 543 1139 nostri
568 1111 710 1139 consortio
731 1119 846 1139 aversos
860 1120 868 1139 :
885 1112 990 1146 privata

199 1159 363 1186 auctoritate
391 1165 456 1185 usos
471 1157 556 1185 fuisse
579 1157 750 1184 aﬂirmarunt
771 1157 798 1184 in
814 1165 910 1184 eorum
933 1164 992 1192 pue-

200 1205 263 1236 nis,
294 1203 340 1238 qui
365 1204 501 1230 liazi-etica:
532 1203 721 1230 communioni
751 1202 992 1230 adhaeset‘untzet

199 1251 253 1279 alia
273 1251 358 1277 multa
373 1258 433 1284 quae
455 1249 569 1285 epistola
585 1249 726 1277 includere
741 1249 879 1277 diﬁicilius
898 1253 950 1277 est.

237 1297 340 1324 Verum
359 1297 392 1323 ad
414 1295 534 1330 singula,
558 1300 588 1322 ut
602 1295 732 1327 diximus,
752 1296 855 1322 auxilio
876 1303 989 1330 precum

201 1349 312 1371 tuarum
331 1342 456 1377 apposite
477 1342 686 1376 respondentes,
697 1345 725 1368 et
741 1348 804 1368 cum
823 1348 904 1369 sacro
923 1348 992 1376 pou-

203 1390 275 1418 tiﬂce
293 1396 388 1418 nostro
405 1390 610 1417 communicare
625 1397 675 1416 nos
690 1389 873 1421 ostendimus,
893 1389 941 1423 qui
963 1392 990 1416 et

201 1444 309 1463 summa
326 1435 498 1463 humanitate
512 1442 563 1462 nos
575 1434 693 1469 excepit,
709 1439 737 1462 et
751 1439 875 1462 amanter
889 1439 992 1461 tracta-

202 1483 240 1509 vit
258 1486 286 1509 et
304 1481 421 1513 dimisit,
445 1481 520 1508 nulla
543 1481 683 1508 tuentiOne
707 1480 778 1507 facta
803 1487 910 1512 eorum,
931 1487 992 1515 qua:

204 1536 253 1563 per
265 1528 358 1555 dolum
374 1528 491 1555 conﬁcta
505 1527 624 1554 fuerant.
641 1526 797 1560 Quinetiam
810 1534 872 1554 cum
889 1526 992 1554 mentio

201 1575 280 1602 ﬁeret
305 1574 338 1601 de
364 1573 479 1601 Domino
502 1574 582 1600 beato
607 1573 723 1601 Tarasio
747 1574 821 1609 (nam
849 1577 876 1600 et
897 1573 932 1600 ab
959 1580 992 1600 eo

204 1621 343 1653 dixerant,
360 1619 470 1646 Patrum
483 1619 588 1646 scilicet
601 1623 749 1652 amatores,
765 1627 815 1645 nos
831 1618 991 1652 descivisse,

203 1672 231 1693 et
249 1667 398 1694 secundam
421 1666 447 1693 in
468 1664 557 1692 Nicaea
573 1672 698 1693 sanctam
716 1664 863 1700 synodum,
879 1664 992 1692 localetn

203 1714 362 1748 appellare),
378 1719 428 1740 nos
437 1720 506 1740 vero
522 1712 700 1748 probavimus
710 1717 737 1739 et
752 1711 828 1738 illum
846 1711 872 1738 in
890 1711 994 1738 sanctis

203 1760 334 1788 Patribus
361 1759 474 1791 habere,
497 1764 525 1786 et
549 1759 684 1795 synodum
708 1758 800 1785 verbis
827 1758 995 1793 scriptisque

203 1806 403 1833 mcunienicam
419 1805 543 1833 conﬁteri
560 1814 567 1832 :
586 1805 649 1832 licet
673 1804 779 1839 uspiam
799 1804 946 1839 aliquando
967 1808 996 1831 et

203 1852 296 1886 aliquo
317 1852 398 1879 modo
419 1856 446 1878 et
460 1851 626 1886 quibusdam
653 1850 733 1878 aliter
757 1850 993 1886 responderimus.

204 1899 272 1931 Quin
287 1898 399 1933 quidem
422 1904 477 1925 non
501 1901 620 1932 oportet,
645 1897 718 1924 sicut
733 1904 784 1924 nec
810 1904 841 1924 ea
854 1905 916 1932 quae
935 1903 994 1925 tum

205 1945 286 1972 aliter
300 1948 360 1972 acta
375 1943 499 1977 fuerunt,
515 1951 591 1971 nunc
605 1943 745 1977 inquirere
758 1947 785 1971 et
803 1943 944 1971 refricare.
965 1942 995 1971 ld

203 1992 278 2019 cnim
298 1991 434 2018 tumultus
451 1997 564 2021 causam
584 1990 697 2025 praebet.
713 1997 764 2018 nec
778 1989 993 2018 emolumentum

205 2037 291 2064 ullum
308 2036 398 2068 aﬁert,
415 2036 462 2064 sed
480 2036 675 2064 altercationes
689 2035 781 2070 potius
798 2040 825 2063 et
840 2035 994 2064 oﬁ‘endicu-

203 2084 262 2111 lum
279 2083 412 2111 Ecclesia:
427 2083 485 2110 Dei.
504 2083 562 2110 Hoc
575 2088 602 2111 et
616 2083 664 2110 illo
684 2083 765 2110 modo
784 2083 811 2110 lii
831 2088 859 2110 et
871 2083 910 2110 illi
926 2083 995 2111 scri-

205 2136 321 2166 pserunt
348 2137 381 2157 ac
401 2134 519 2165 egerunt
535 2139 542 2157 :
558 2129 660 2165 singuli
685 2137 715 2157 se
736 2129 879 2156 veritatem
902 2134 996 2157 tenere

204 2176 381 2203 arbitrantes.
404 2175 494 2202 Multis
518 2175 610 2208 annis,
629 2179 659 2202 ut
685 2175 770 2208 nosti,
793 2175 993 2209 amantissime,

793 136 824 167 S.
843 135 1042 168 THEODORI
1059 134 1236 168 S’I‘UDlTAi.l

1038 193 1195 229 ἁγιωσύνῃ·
1222 191 1342 229 ὁπηνίκα
1377 190 1642 227 ἀνθυπιστρέψαμεν
1662 189 1714 226 τῆς
1743 199 1833 226 φυγα-

1040 239 1131 272 δείας·
1150 239 1268 275 ἐπείπερ
1295 239 1312 274 ἡ
1337 238 1393 266 τῶν
1422 237 1565 274 Ἀρῤάὸων
1582 237 1678 272 ἔφοδος
1697 236 1747 264 σὺν
1767 237 1835 264 πολ-

1040 285 1094 318 λοῖς
1113 286 1203 317 ἄλλοις
1228 286 1275 313 καὶ
1291 286 1365 321 ἡμᾶς
1388 285 1451 316 τοὺς
1473 284 1620 315 ταπεινοὺς
1639 282 1755 318 μεθεῖσα
1782 285 1835 318 τῆς

1041 331 1143 365 ξενίας,
1157 332 1287 366 ἀπήγαγε
1313 331 1366 366 πρὸ
1384 330 1430 357 τοῦ
1444 330 1541 361 ἄστεος
1569 330 1598 356 ἐν
1626 328 1660 366 τῇ
1686 329 1835 365 Πριγκίπῳ

1041 379 1125 413 νήσῳ.
1156 375 1233 415 Ἑνῇ
1257 378 1319 404 ὅσον
1346 377 1628 412 ἐταλαιπωρήσαμεν,
1657 375 1712 403 ἀπο
1738 384 1768 402 τε
1784 375 1833 402 τοῦ

1041 424 1199 458 συνέχοντος
1215 423 1288 458 ἡμᾶς
1313 421 1514 458 φυγαδευτικοῦ
1536 421 1603 448 λαοῦ
1619 426 1626 435 ⁸
1650 420 1697 447 τοῦ
1712 426 1742 447 τε
1768 417 1836 447 καύ-

1042 478 1140 503 σωνος,
1154 469 1272 496 καὶτῶν
1301 468 1442 495 δυσπότων
1468 467 1584 499 ὑδάτων,
1604 466 1630 492 τί
1654 466 1695 493 δεῖ
1718 466 1766 493 καὶ
1789 465 1837 492 λέ-

1040 525 1116 551 γειν;
1135 514 1202 543 Εἶτα
1218 515 1314 551 ἐπειδὴ
1331 513 1494 551 προῦὁημεν
1523 513 1666 548 ἐγγυτέρω
1690 513 1762 539 κατά
1785 512 1838 547 τὴν

1041 563 1211 597 Χαλκηδόνα,
1231 562 1289 588 ἐκεῖ
1313 563 1371 588 τοῖν
1393 561 1466 588 δυοῖν
1486 559 1615 596 θάτερον·
1642 559 1837 593 κατεπέσαμεν

1042 610 1071 637 ἐν
1086 609 1214 644 ἀσθενείᾳ
1227 609 1361 643 δυσοίστῳ
1374 608 1542 643 νεφριτικοῖς
1560 606 1654 639 πόνοις
1664 604 1838 643 παιδευούσῃ

1042 655 1120 690 ήμῶν
1132 656 1180 690 τὴν
1197 654 1315 687 ἐλεεινὴν
1332 654 1421 689 σάρκα
1439 654 1537 688 μέχρις
1551 652 1747 688 ἐδδοματιαιου
1762 652 1836 687 χρό-

1041 710 1102 728 νου·
1115 701 1165 728 καὶ
1181 700 1279 732 ἁπλῶς
1302 701 1402 731 εἰπεῖν,
1418 699 1615 734 ἁργαλεωτέρα
1631 697 1710 734 ἡμῶν
1731 698 1748 733 ἡ
1776 697 1837 730 ὁδὸς

1042 747 1176 781 ἐγεγόνει.
1193 746 1291 781 Ὅμως
1309 746 1374 782 τρία
1399 745 1617 780 ταῦταγέγονεν
1639 745 1705 779 ἡμῖν
1726 743 1838 771 ἐπιτεύ-

1042 802 1137 829 γματα
1150 793 1221 820 Θεοῦ
1241 793 1352 828 χιίιριτι⁹
1368 792 1415 819 τόν
1427 800 1458 819 τε
1473 790 1683 827 μακαριώτατον
1695 790 1776 826 ήμῶν
1786 792 1837 827 ἀρ-

1043 839 1136 876 χιερέα
1159 840 1349 875 προσκυνῆσαι
1370 837 1568 873 κομισαμένοις
1589 837 1640 869 τὰς
1659 837 1737 871 ἱερὰς
1753 842 1838 871 προσ-

1041 886 1123 920 ευχὰς
1137 885 1235 912 αὑτοῦ·
1266 885 1364 912 ἔπειτα
1381 883 1476 923 τούσδε
1494 883 1543 910 καὶ
1562 883 1657 910 τούσδε
1676 883 1731 909 τῶν
1752 882 1837 917 ιερῶν

1042 933 1171 967 Πατέρων
1182 932 1231 959 καὶ
1242 931 1364 967 ἀδελφῶν
1377 939 1385 947 ·
1398 930 1447 958 καὶ
1460 930 1563 965 τρίτον,
1577 930 1607 957 τὸ
1622 929 1749 957 διαλῦσαι
1762 929 1837 957 ἐλέει

1041 978 1108 1006 Θεοῦ
1121 979 1169 1011 τὰς
1187 980 1330 1010 ἐνστάσεις
1355 977 1404 1004 καὶ
1425 977 1687 1012 ἀντιπαραστάσεις,
1713 976 1747 1008 ἃς
1771 974 1837 1003 καθ’

1040 1026 1122 1061 ἡμῶν
1136 1025 1186 1052 οὐκ
1198 1022 1247 1051 οἷδ’
1261 1024 1323 1051 ὅθεν
1345 1023 1454 1059 ἀνῆψαν
1468 1024 1492 1050 οῐ
1505 1023 1556 1058 τῆς
1566 1023 1681 1060 εἰρήνης
1699 1022 1835 1058 δημιουρ-

1042 1071 1085 1106 γοί
1095 1079 1102 1087 ι
1116 1069 1313 1106 σχισματικοὺς
1329 1069 1404 1105 ἡμᾶς
1419 1068 1711 1104 προανεζωγράφησαν
1726 1068 1776 1103 τῆς
1786 1067 1836 1095 τοῦ

1043 1117 1187 1145 θεσπεσίου
1210 1117 1289 1152 ὴμῶν
1312 1116 1466 1152 ἀρχιερέως
1487 1115 1652 1150 συναφείας·
1685 1115 1837 1150 ίδιονὸμους

1041 1163 1215 1199 ἀπεφήναντο
1227 1156 1260 1190 ἐν
1276 1164 1338 1194 ταῖς
1360 1163 1517 1199 ἐπιτιμιαις
1544 1162 1598 1189 τῶν
1624 1161 1787 1189 ἑαλωκότων
1801 1163 1836 1198 τῇ

1041 1210 1168 1245 αἱρετικῇ
1184 1208 1324 1244 κοινωνίᾳ.

1080 1297 1167 1325 ’Δλλα
1192 1297 1260 1325 ἄττα
1288 1297 1491 1333 ἐργωδέστερον
1514 1297 1553 1332 τῷ
1569 1297 1715 1333 γράμματι
1739 1297 1839 1324 ἐπικυ-

1042 1344 1126 1371 κλεῖν.
1157 1344 1241 1379 Πλὴν,
1261 1342 1300 1375 ὡς
1327 1343 1504 1379 προείρηται,
1527 1344 1622 1379 εὐχαῖς
1647 1352 1695 1370 σου
1718 1343 1787 1379 πρὸς
1807 1343 1839 1369 ἒν

1042 1390 1157 1417 ἕκαστον
1186 1390 1394 1425 ἀπαντήσαντες
1421 1389 1593 1422 εὖθυδόλως,
1617 1389 1667 1416 καὶ
1691 1389 1738 1416 τοῦ
1760 1388 1837 1424 ἱεροῦ

1041 1437 1058 1471 ἡ
1064 1435 1122 1471 μῶν
1132 1435 1301 1471 πατριάρχου
1316 1435 1471 1462 κοινωνικοὶ
1481 1433 1552 1462 εἶναι
1563 1435 1789 1470 ἀποδεδείχαμενε
1806 1435 1838 1468 ὃς

1042 1482 1091 1508 καὶ
1104 1481 1173 1516 μετὰ
1188 1480 1413 1516 ὑπερϐαλλούσης
1428 1480 1663 1515 συγκαταὸἀσεως
1673 1481 1722 1507 καὶ
1739 1479 1838 1513 ἐδέξα-

1042 1536 1073 1555 το
1090 1528 1138 1555 καὶ
1157 1527 1403 1563 ἐφιλοφρονήσατο,
1427 1527 1476 1554 καὶ
1500 1526 1660 1553 ἀπέστειλεν
1683 1526 1774 1561 ἡμᾶς·
1799 1526 1836 1561 μή

1045 1582 1118 1605 τινος
1129 1574 1210 1608 λόγου
1226 1574 1280 1600 τῶν
1296 1572 1526 1608 σκαιωρηθέντων
1540 1572 1836 1608 ἐπιμνηματισθέντος·

1045 1620 1076 1646 οὺ
1089 1620 1142 1655 μὴν
1154 1619 1280 1646 ἀλλὰκαὶ
1292 1618 1340 1645 τοῦ
1361 1618 1458 1654 κυρίου
1474 1618 1612 1654 Ταρασίου
1632 1619 1680 1646 καὶ
1699 1618 1728 1644 ἐν
1748 1619 1839 1652 ἁγίοις

1048 1665 1302 1702 μνημονευομένου·
1321 1663 1426 1699 ἔφασαν
1440 1663 1493 1700 γὰρ
1513 1665 1538 1690 οἱ
1553 1663 1636 1699 δῆθεν
1655 1664 1839 1699 φιλοπάτορες

1047 1713 1094 1740 καὶ
1107 1711 1203 1738 τούτου
1213 1712 1288 1746 ἡμᾶς
1295 1710 1457 1746 διεσχῖσθαι,
1472 1710 1521 1738 καὶ
1536 1710 1588 1746 τήν
1603 1719 1634 1745 γε
1648 1711 1678 1737 ἐν
1692 1710 1797 1746 Νικαίᾳ⁵
1806 1711 1839 1737 τδ

1046 1759 1170 1794 δεύτερον
1181 1757 1262 1793 ἀγίαν
1279 1757 1388 1784 σύνοδον
1400 1757 1518 1792 τοπικὴν
1526 1756 1674 1784 ἀποκαλεῖν
1685 1765 1694 1774 ο
1709 1757 1791 1792 ἡμεῖς
1807 1756 1838 1784 δδ

1048 1803 1272 1841 συνεστησάμεθα
1281 1804 1406 1835 ἑαυτοὺς,
1413 1803 1461 1830 καὶ
1470 1802 1552 1830 αὑτὸν
1559 1803 1588 1830 ἐν
1600 1802 1740 1839 Πατράσιν
1749 1802 1840 1837 ἁγίοις

1047 1851 1138 1887 ἔχειν·
1150 1850 1197 1878 καὶ
1211 1850 1261 1885 τήν
1287 1857 1320 1884 γε
1339 1848 1450 1875 σύνοδον
1470 1848 1666 1884 οίκουμενικὴν
1691 1848 1837 1883 ὁμολογεῖν

1041 1897 1193 1932 ἐγγράφως
1205 1905 1235 1923 τε
1243 1896 1290 1923 καὶ
1301 1895 1449 1931 ἀγράφως·
1464 1895 1489 1921 ει
1503 1894 1551 1921 καί
1564 1903 1627 1926 που,
1643 1894 1690 1920 καί
1705 1893 1840 1926 ποτερα(

1047 1952 1107 1975 πως
1116 1943 1162 1970 καί
1175 1951 1246 1969 τισιν
1262 1941 1454 1976 ἀπεκρίθημεν
1465 1940 1578 1975 ἑτέρως.
1597 1940 1631 1966 Ἀ
1645 1939 1676 1966 οὐ
1692 1939 1733 1966 δεῖ
1742 1939 1839 1976 ὥσπερ

1047 1989 1095 2017 καὶ
1112 1990 1148 2016 τὰ
1162 1987 1315 2025 τηνικαῦτα
1341 1987 1445 2022 ἑτέρως
1465 1987 1651 2022 πεπραγμένα
1666 1985 1714 2013 νῦν
1736 1985 1840 2021 ἀναζηιε

1047 2037 1103 2063 τεῖν
1117 2035 1166 2062 καὶ
1184 2035 1357 2068 ἀναξαίνειν⁸
1376 2033 1435 2060 ἐστι
1454 2033 1509 2069 γὰρ
1533 2033 1656 2068 ταραχῆς
1671 2032 1768 2064 αἴτιον,
1788 2032 1840 2058 καὶ

1047 2081 1122 2108 οὐδὲν
1134 2080 1226 2114 ὄνησιν
1248 2079 1332 2114 φέρον
1341 2085 1348 2093 '
1362 2077 1379 2114 ἢ
1397 2077 1497 2113 μᾶλλον
1508 2076 1675 2112 λογομαχίαν
1696 2077 1743 2104 καὶ
1754 2085 1842 2111 προσδ

1047 2126 1137 2161 κοπὴν
1157 2127 1191 2161 τῇ
1210 2123 1361 2160 Ἐκκλησία
1387 2123 1436 2150 τοῦ
1462 2123 1549 2149 Θεοῦ·
1568 2123 1656 2155 οὕτως
1674 2123 1722 2150 καὶ
1734 2123 1840 2157 οὕτως,

1047 2173 1102 2200 οἶδε
1114 2173 1160 2199 καὶ
1176 2171 1242 2204 οἵδε,
1255 2170 1389 2206 ἔγραψαν,
1405 2169 1535 2205 ἔδρασαν,
1561 2169 1673 2196 ἔκαστοι
1688 2169 1718 2196 τὺ
1736 2168 1842 2204 ἀληθὲς

204 2226 348 2257 peractum
369 2221 431 2253 fuit,
457 2221 530 2256 quod
558 2221 584 2248 in
614 2229 662 2249 ore
688 2228 763 2249 nunc
792 2226 834 2249 est
859 2222 991 2255 omnium,

1047 2218 1119 2254 ἔχειν
1136 2218 1265 2252 οἰόμενοι.
1276 2217 1400 2251 Μακροῖς
1409 2215 1557 2248 ἔτεσιν,ώς
1576 2213 1664 2247 οἶσθα,
1677 2214 1841 2250 τριπόθητε,

204 2268 334 2302 quodque
350 2267 452 2295 Orienti
467 2272 549 2302 atque
559 2267 702 2295 Occidenti
717 2267 836 2295 innotuit
847 2275 908 2303 qua:
919 2273 996 2303 gesta

203 2318 232 2342 et
245 2315 351 2349 scripta
374 2317 440 2342 sunt
455 2318 581 2341 evertere
595 2318 692 2341 neutra
712 2321 777 2348 pars
796 2319 896 2349 potest.
918 2314 997 2343 Nunc

204 2365 314 2395 tempus
330 2364 372 2387 est
389 2359 557 2391 concordiae,
571 2367 646 2387 nunc
671 2364 780 2395 tempus
803 2360 829 2387 in
849 2367 996 2388 commune

205 2407 375 2434 decertandi.
391 2406 492 2433 Eorum
503 2405 551 2441 qui
565 2405 632 2441 quid
643 2406 790 2441 scripsere,
803 2411 993 2440 monumenta,

205 2453 228 2482 si
245 2453 356 2488 quidem
377 2458 450 2481 recte
464 2453 565 2480 habere
580 2453 698 2488 posteris
710 2453 886 2487 videbuntur,
910 2459 994 2482 eruttt

204 2500 285 2527 laude
301 2499 382 2534 digna
400 2507 407 2526 :
425 2499 468 2526 sin
483 2499 585 2532 minus,
602 2506 693 2527 secus.
709 2498 811 2527 Fidelis
826 2507 926 2533 sermo,
942 2507 994 2528 nec

202 2545 279 2573 aliud
294 2546 346 2573 hac
359 2545 393 2573 de
401 2553 431 2573 re
444 2545 536 2573 dicere
550 2545 626 2577 libet.
641 2553 731 2580 neque
745 2545 772 2572 in
789 2553 923 2580 praesens,
942 2553 992 2574 ne-

201 2599 258 2628 que
272 2591 298 2618 in
317 2595 470 2626 posterum.
484 2591 518 2618 Et
534 2590 670 2624 ostendet,
693 2590 793 2626 inquit,
811 2591 871 2619 dies
889 2592 995 2620 revela-

202 2637 300 2670 tionis,
323 2642 351 2665 et
374 2637 545 2665 novissimus
568 2637 640 2672 ignis
662 2644 718 2672 quo
737 2636 900 2672 judicantur
916 2637 992 2671 taeta

203 2687 299 2712 nostra
322 2688 350 2711 et
367 2688 519 2719 purgantur
528 2684 563 2710 ".
583 2682 647 2711 Haec
663 2682 764 2718 partim
782 2682 908 2718 'quidem,
930 2688 992 2711 tan-

203 2737 285 2765 quam
298 2729 431 2757 nnanimo
442 2729 512 2764 patri
527 2733 554 2756 et
565 2729 640 2762 pacis
653 2729 759 2756 auctori
772 2737 779 2761 ;
795 2729 895 2764 partim
907 2729 990 2757 etiant

203 2776 268 2810 quia
295 2775 400 2803 doloris
425 2775 650 2803 commemoratio
675 2774 806 2803 solatium
832 2775 992 2804 dolentibus

203 2821 302 2849 aﬂerre
320 2821 473 2854 consuevit,
501 2821 658 2850 necessario
683 2829 700 2849 a
722 2829 767 2850 me
786 2821 889 2857 scripta
916 2827 991 2851 sunt.

239 2879 264 2895 "
277 2877 300 2906 ιι
310 2877 407 2907 Thess.
425 2887 446 2912 ι,
462 2877 488 2912 7,
507 2878 533 2906 8.

1046 2265 1077 2292 τὸ
1094 2264 1292 2300 θρυλλούμενον
1320 2261 1521 2298 κατεπράχθη,
1544 2262 1673 2298 ’Λνατολῇ
1692 2262 1740 2290 καὶ
1754 2262 1840 2289 Δύσει

1044 2310 1184 2346 γνώριμον
1197 2309 1366 2344 γενόμενονε·
1387 2308 1422 2336 τὰ
1437 2308 1621 2344 πεπραγμένα
1646 2309 1693 2335 καὶ
1709 2316 1841 2344 γεγραμ-

1047 2357 1125 2393 μένα,
1143 2356 1200 2383 οὗθ’
1219 2356 1314 2391 ἕτερον
1331 2355 1416 2390 μέρος
1440 2354 1607 2390 ἀνατρέπειν
1629 2350 1687 2381 οἷόν
1707 2363 1738 2381 τε
1762 2355 1836 2382 ἐστι.

1044 2402 1102 2430 Νῦν
1119 2402 1215 2437 καιρὸς
1229 2400 1368 2435 ὁμονοίας,
1393 2399 1441 2426 νῦν
1468 2399 1564 2435 καιρὸς
1580 2398 1786 2434 συναθλήσεως·
1802 2399 1839 2426 τὰ

1047 2446 1342 2482 ἐγκαταλείμματατοῦ
1352 2445 1533 2482 γεγραφότος,
1544 2447 1568 2472 εἰ
1581 2446 1630 2482 μὲν
1642 2445 1672 2473 εὖ
1681 2445 1752 2478 ἒξειν
1764 2445 1841 2472 δοκεῖ

1047 2495 1104 2526 τοῖς
1123 2493 1273 2529 μετέπειτα
1284 2492 1397 2518 ἐπαίνου
1406 2491 1499 2519 ἔνδικα
1509 2500 1516 2508 υ
1528 2492 1553 2518 ει
1561 2491 1591 2518 δὲ
1607 2492 1656 2527 μὴ.
1668 2491 1837 2519 τούναντίον.

1045 2541 1145 2573 Πιστὸς
1157 2541 1172 2567 ὁ
1188 2540 1276 2574 λόγος,
1288 2539 1340 2566 καὶ
1355 2538 1420 2575 περὶ
1432 2538 1529 2566 τούτου
1540 2538 1633 2573 λέγειν
1650 2538 1714 2565 ἄλλο
1725 2539 1758 2565 οὐ
1770 2537 1838 2573 βου-

1045 2587 1163 2623 λόμεθα·
1179 2585 1241 2613 οὔτε
1254 2584 1313 2618 νῦν,
1326 2583 1388 2612 οὔτε
1400 2584 1470 2620 πρὸς
1485 2584 1516 2612 τὸ
1535 2584 1610 2620 ἑξῆς.
1627 2584 1683 2611 Καὶ
1699 2583 1838 2619 δηλώσει,

1045 2633 1138 2669 φησιν,
1157 2633 1174 2667 ἡ
1187 2632 1238 2666 τῆς
1258 2630 1457 2665 ἀποκαλύψεως
1478 2630 1588 2666 ἡμέρα,
1612 2631 1661 2657 καὶ
1686 2630 1717 2657 τὸ
1740 2630 1840 2657 τελευ-

1043 2681 1118 2707 ταῖον
1132 2678 1197 2714 πῦρ,
1209 2674 1231 2712 ᾧ
1242 2677 1364 2714 κρίνεται
1379 2677 1427 2704 καὶ
1446 2677 1607 2713 καθαίρεται
1635 2676 1669 2704 τὰ
1699 2675 1837 2712 ἡμέτερα,

1047 2725 1141 2753 Ταῦτα
1148 2724 1217 2759 ὁμοῦ
1232 2724 1282 2760 μέν
1297 2723 1335 2755 ὡς
1348 2723 1434 2758 Πατρὶ
1451 2723 1588 2759 συμψύχῳ
1599 2723 1648 2750 καὶ
1664 2722 1837 2759 είρηνάρχῳ·

1045 2771 1114 2808 ὀμοῦ
1128 2771 1157 2797 δὲ
1174 2771 1222 2798 καὶ
1244 2770 1285 2803 είς
1302 2769 1334 2796 τὸ
1355 2769 1474 2802 ἐξειπεῖν
1494 2769 1529 2797 τὰ
1547 2769 1670 2806 λυπηρὰ,
1689 2769 1838 2806 ῥᾳστώνην

1045 2818 1099 2848 οῐδι
1126 2819 1221 2855 φέρειν
1240 2818 1269 2846 ἐν
1297 2817 1354 2850 τοῖς
1380 2817 1582 2854 ὀδυνωμένοις,
1606 2817 1765 2851 ἀναγκαίως
1790 2817 1838 2851 γι-
