1912 3080
94 107 158 140 1413

684 110 955 142 EPISTULARUM
985 109 1060 140 LIB.
1085 110 1125 140 ll.

1651 106 1721 140 1414

91 172 221 199 γραπται.
247 164 280 191 El
297 163 326 191 δὲ
346 164 541 200 παρακληθεὶς
560 165 647 202 ὀφθῇς
665 167 733 202 ἡμῖν
754 169 813 200 τοῖς
833 176 880 194 τα-

939 167 1011 201 Quod
1031 167 1054 196 si
1072 167 1277 196 consolatorem
1290 171 1317 195 te
1332 166 1413 195 nobis
1430 167 1581 195 humilibus
1596 167 1721 203 praebue-

91 210 201 241 πεινοῖς,
226 208 312 235 κόπον
342 208 454 243 ἀγάπης
479 208 754 244 ἀναλαμϐανόμενος,
768 210 881 242 πάντως

92 256 170 286 ἰδίους
194 255 269 290 ἡμᾶς
293 255 438 290 ποιήσειας
463 254 528 290 περὶ
551 255 651 283 πάντα.
677 256 708 282 οι
734 256 782 283 σὺν
812 256 882 291 ἡμῖν

92 301 324 337 προσαγορεύουσι
340 301 456 327 πλεῖστα
471 300 521 336 τὴν
546 300 705 337 ἁγιωσύνην
730 310 788 329 σου.
807 302 881 334 Τοὺς

93 349 137 374 σὺν
151 348 192 374 σοὶ
204 347 254 374 καὶ
270 347 351 383 ἡμεῖς
367 346 483 373 πλεῖστα
502 346 768 383 προσφθεγγόμεθα,
791 356 880 375 πανα-

91 401 216 428 γιωτατε.

213 451 292 479 PKH'
304 450 372 488 (24).
386 451 485 486 Μαρίᾳ
498 451 741 486 παρθενευούσῃ.
779 451 876 489 [χος’.]

932 215 984 247 ris,
1005 213 1148 242 charitatis
1172 213 1297 241 laborem
1323 213 1497 248 suscipiens;
1517 214 1631 242 omnino
1657 219 1720 242 tuos

933 268 986 288 nos
1001 260 1101 288 reddes
1117 260 1146 288 in
1170 260 1313 289 omnibus.
1330 260 1382 294 Qui
1406 261 1553 288 nobiscum
1576 265 1642 288 sunt
1655 269 1721 289 san-

933 306 1056 334 ctitatem
1072 311 1148 334 tuam
1168 306 1318 342 plurimum
1337 307 1457 334 salutant
1473 316 1480 334 :
1496 315 1544 335 eos
1565 308 1611 342 qui
1631 312 1721 335 tecum

934 356 1001 380 sunt
1013 352 1166 380 salutamus
1181 356 1210 380 et
1223 360 1276 380 nos
1290 352 1454 388 plurimum,
1471 353 1655 385 sanctissime.

1016 452 1161 481 CXXVIII.
1172 467 1209 474 —
1224 452 1320 481 Maria
1335 453 1514 488 uirginitatem
1533 453 1638 481 calenti.

735 509 775 536 De
788 510 904 536 laudibus
916 509 1075 543 virginitatis.

132 561 244 598 Ἐπειδὴ
267 562 316 589 καὶ
341 562 416 594 ἅπαξ
442 562 490 589 καὶ
513 562 554 595 δὶς
580 563 733 597 ἀποστολὰς
764 563 884 599 ἐφθάσα-

95 617 144 644 μεν
161 608 237 644 παρὰ
251 608 301 644 τῆς
312 608 474 643 τιμιότητός
492 617 540 636 σου
564 609 707 643 δέξασθαι,
732 609 884 643 ἀναγκαῖον

94 655 241 692 ἐκρίναμεν
260 654 298 690 μὴ
314 655 396 690 μόνον
418 654 484 691 ψιλῇ
506 656 670 692 προσρήσει,
687 656 757 683 ἀλλὰ
771 657 818 683 καὶ
840 655 885 683 διὰ

94 702 261 737 γράμματος
277 700 500 736 προσαγορεῦσαι
514 701 566 737 τὴν
584 701 806 737 σεμνοπρέπειαν
823 708 882 728 cou-

94 749 141 775 καὶ
155 748 186 774 οὺ
201 746 329 774 τοσοῦτον
357 747 402 774 διὰ
421 747 472 780 τὰς
487 747 657 780 ἀποστολὰς,
681 748 743 774 ὅσον
765 746 810 774 διὰ
825 745 885 783 σὴν

96 792 251 829 σεμνότητά
266 801 325 820 σου.
343 792 527 828 Μανθάνομεν
541 792 596 829 γὰρ
613 793 654 819 ὄτι
669 793 716 820 τὸν
739 794 768 820 ὲν
782 791 887 828 παρθε-

95 839 138 876 νίᾳ
152 839 210 875 βίον
235 839 351 875 ἑλομένη
376 838 514 865 δουλεύειν
525 838 564 875 τῷ
589 838 686 874 Κυρίῳ
709 837 845 871 κατεδέξω
858 839 887 866 ὲν

92 887 216 923 ὁσιότητι
237 887 286 914 καὶ
315 886 484 923 δικαιοσύνῃ.
505 886 539 914 Τί
565 886 620 922 γὰρ
637 887 764 922 κρεῖττον
782 885 887 920 παρθε-

96 933 152 966 νίας
166 941 174 966 ;
205 930 240 969 ἦς
271 933 288 968 ἡ
316 933 440 969 μέριμνα
466 932 526 964 πῶς
542 932 637 968 ἀρέσει
653 931 692 967 τῷ
707 931 815 967 Κυρίῳ,
827 930 887 962 πῶς

971 563 1110 598 Quoniam
1131 564 1217 592 semel
1230 564 1384 600 iterumque
1396 572 1411 592 a
1425 564 1578 592 reverentia
1593 568 1641 592 tua
1655 573 1725 592 nun-

935 609 988 638 tias
1011 610 1182 646 accepimus.
1207 611 1394 639 necessarium
1414 611 1543 639 duximus
1565 619 1620 638 non
1643 611 1725 638 nudis

935 655 1026 684 solum
1046 656 1150 689 verbis,
1174 656 1222 684 sed
1237 657 1319 684 etiam
1345 657 1445 684 litteris
1463 656 1540 684 ali‘ari
1563 657 1724 692 gravitatem

936 706 1010 729 tuam
1028 711 1036 730 :
1053 709 1142 737 neque
1157 702 1211 730 hoc
1228 707 1281 730 tam
1298 707 1410 738 propter
1420 703 1545 736 nuntias,
1561 710 1643 738 quam
1660 710 1725 738 pro-

934 752 996 783 pter
1020 747 1260 775 honoriticentiam
1287 753 1373 776 tuam.
1399 748 1563 776 Audivimus
1588 749 1662 776 enim
1687 753 1724 783 te,

935 798 1062 829 suscepta
1075 794 1245 829 virginitatis
1264 794 1450 829 professione,
1476 793 1594 822 Domino
1609 795 1636 822 in
1661 802 1726 822 san-

934 841 1029 867 ctitate
1047 840 1190 874 etjustitia
1217 841 1323 868 servire
1348 841 1538 868 constituisse.
1563 840 1633 874 Quid
1644 839 1724 869 'enim

935 886 1112 921 praestantius
1136 885 1306 921 virginitate,
1333 886 1413 921 cujus
1437 894 1504 914 cura
1524 891 1567 914 est
1585 887 1726 922 quomodo

934 932 1042 968 placeat
1064 931 1224 967 Domino",
1245 932 1386 968 quomodo
1413 932 1506 967 futura
1529 933 1601 961 bona
1628 941 1725 961 conse-

94 966 270 1012 ἐπιτεύξεται
356 966 510 1015 έλλόντων
525 966 638 1014 ἀγαθῶν
650 984 659 993 ’
683 977 742 1010 πῶς
755 966 884 1013 δυνηθείη

939 966 1048 1015 quatur,
1064 979 1206 1015 quomodo
1222 966 1387 1014 multiplices
1401 983 1485 1014 queat
1497 979 1599 1006 diaboli
1615 978 1726 1007 fraudes

92 1025 239 1060 διαδράσαι
253 1024 304 1056 τὰς
317 1023 505 1055 πολυπλόκους
519 1023 661 1059 μεθοδείας
682 1022 731 1050 τοῦ
747 1022 884 1050 διαϐόλου.

99 1071 128 1098 'ﬂ
139 1071 169 1098 δὲ
180 1071 234 1098 ὑπὸ
245 1071 334 1106 γάμον
342 1069 470 1103 τελοῦσα,
481 1069 652 1102 τούναντίον,
664 1068 726 1101 πῶς
735 1068 831 1105 ἀρέσει
846 1068 885 1104 τῷ

93 1116 183 1152 ἀνδρὶ,
193 1115 254 1147 πῶς
267 1116 318 1148 τὰς
333 1114 381 1142 τοῦ
395 1114 500 1150 κόσμου
511 1112 542 1141 εὖ
555 1113 673 1149 διαθείη’
686 1114 704 1148 ἡ
722 1112 886 1148 περικλυζο-

95 1162 163 1198 μένη
174 1163 232 1195 τοῖς
241 1161 374 1198 ἁλμυροῖς
383 1160 488 1196 κύμασι
497 1160 545 1187 τοῦ
560 1159 631 1196 βίου,
641 1160 670 1186 ὲν
679 1159 719 1195 τῷ
730 1158 886 1195 φροντίζειν

95 1210 159 1247 πρὶ
171 1210 277 1236 τέκνων
287 1217 319 1235 τε
331 1209 381 1235 καὶ
394 1207 498 1234 δούλων
514 1207 561 1234 καὶ
571 1206 700 1234 δουλίδων
709 1215 717 1223 ·
733 1206 781 1233 καὶ
788 1205 842 1241 πρό
853 1213 886 1240 γε

94 1256 211 1289 τούτων,
228 1256 263 1282 τὰ
274 1255 340 1291 περ).
354 1254 504 1290 ἀρέσκειαν
516 1253 564 1280 τοῦ
582 1252 679 1289 ἀνδρός
689 1261 697 1268 ·
712 1251 790 1279 οὔπω
805 1252 885 1279 δυνα-

96 1302 167 1337 μένη
186 1300 475 1337 ὑπερανεστάναιτῶν
496 1299 622 1335 στροφῶν
637 1299 686 1337 τοᾷ
706 1298 823 1333 κόσμου,
838 1297 887 1324 καὶ

94 1335 131 1384 τῷ
148 1335 199 1382 τῆς
211 1335 332 1380 διανοίας
343 1347 437 1383 πτερῷ
454 1346 632 1382 κουφίζεσθαι
644 1335 714 1381 πρὸς
725 1344 838 1380 Κύριον.
850 1344 887 1371 Σὺ

92 1393 151 1428 οὖν,
164 1392 189 1422 ὦ
200 1394 333 1430 καλλίστη
350 1393 500 1429 γυναικῶν,
514 1391 639 1428 μακαρία
653 1391 690 1423 ὡς
701 1390 822 1425 ἀληθῶς,
839 1390 887 1417 καὶ

93 1440 302 1476 ςρισμακαρία.
316 1440 358 1466 ὅτι
371 1439 421 1474 τὴν
436 1439 544 1474 ἀγαθὴν
561 1437 659 1474 μερίδα
672 1436 798 1469 ἐξελέξω,
816 1436 887 1471 μετὰ

94 1487 208 1522 Μαρίαν
236 1486 347 1521 ὲκείνην
374 1486 424 1521 τὴν
448 1485 583 1520 ἀοίδιμον,
614 1483 698 1511 οἱονεὶ
725 1481 887 1518 παρακαθε-

94 1531 200 1566 ζομένη
220 1530 298 1566 παρὰ
308 1531 373 1561 τοὺς
386 1530 469 1561 πόδας
482 1528 529 1555 τοῦ
553 1528 642 1564 Ἰησοῦ
655 1548 663 1562 ,
687 1527 736 1555 καὶ
749 1527 889 1554 ἀκούουσα

91 1576 127 1603 δι’
141 1577 412 1613 ἀπραγμονεστέρου
433 1575 493 1611 βίου
515 1574 562 1601 τὸν
577 1574 658 1608 λόγον
675 1573 760 1600 αὐτοῦ
771 1581 778 1588 ·
803 1573 887 1609 ἡγία-

936 1024 1086 1052 declinare.
1113 1023 1181 1058 Quae
1207 1031 1273 1053 vero
1294 1025 1471 1052 matrimonio
1496 1024 1607 1060 alligata
1634 1028 1686 1058 est,
1710 1032 1726 1052 e

937 1071 1088 1102 contrario.
1109 1071 1249 1106 quomodo
1266 1071 1371 1105 placeat
1385 1071 1445 1098 viro
1456 1071 1490 1104 ’⁸,
1510 1071 1649 1106 quomodo
1665 1078 1727 1106 quae

937 1116 1032 1144 mundi
1055 1121 1119 1144 sunt
1141 1121 1216 1144 recte
1236 1121 1374 1151 procuret,
1398 1117 1502 1144 amaris
1517 1118 1581 1144 vita:
1596 1117 1726 1145 ﬂuctibus

936 1169 1070 1197 :estuans,
1094 1163 1160 1191 dum
1175 1163 1295 1192 sollicita
1309 1169 1352 1191 est
1368 1163 1402 1192 de
1415 1164 1520 1197 liberis,
1538 1164 1682 1198 servisque
1700 1169 1728 1191 et

937 1211 1086 1242 ancillulis,
1105 1215 1133 1238 et
1156 1218 1214 1246 pra:
1236 1210 1280 1238 his
1304 1210 1447 1243 omnibus,
1469 1218 1571 1238 curans
1588 1218 1650 1246 qua
1666 1211 1727 1238 viro

937 1262 1013 1292 grata
1031 1257 1087 1284 sint
1105 1266 1112 1284 :
1127 1258 1248 1284 nomium
1267 1257 1359 1285 valens
1375 1257 1469 1284 mundi
1485 1258 1621 1285 versutias
1634 1264 1727 1285 trans-

937 1301 1064 1334 cendere,
1085 1306 1112 1329 et
1126 1302 1225 1329 mentis
1245 1302 1297 1329 alis
1317 1301 1428 1329 evolare
1451 1302 1485 1329 ad
1502 1301 1662 1330 Dominum.
1686 1302 1726 1329 Tu

937 1354 1013 1381 ergo.
1038 1346 1204 1374 feminarum
1229 1345 1469 1381 praestantissima,
1490 1346 1569 1373 beata
1591 1353 1685 1373 revera
1701 1350 1728 1372 et

938 1398 981 1422 ter
995 1394 1086 1423 beata.
1106 1394 1172 1428 quia
1184 1393 1318 1428 optimam
1333 1396 1438 1427 partem
1452 1391 1569 1427 elegisti,
1588 1395 1650 1426 post
1668 1391 1728 1418 Ma-

938 1439 1007 1467 riam
1038 1440 1112 1467 illam
1140 1439 1369 1471 celeberrimam,
1403 1438 1501 1466 sedens
1528 1437 1728 1472 quodammodo

939 1493 1020 1514 secus
1039 1486 1124 1520 pedes
1136 1485 1201 1512 Iesu
1214 1485 1238 1500 "
1256 1493 1264 1512 :
1279 1488 1305 1512 et
1322 1491 1372 1519 per
1387 1484 1550 1518 quietiorem
1566 1484 1651 1510 vitam
1669 1491 1730 1510 ver‘

939 1534 1003 1562 bum
1026 1533 1100 1561 illius
1124 1532 1250 1564 audiens,
1266 1531 1450 1559 Sanctiﬁcasti
1485 1531 1612 1565 teipsam,
1644 1530 1728 1558 vitam

940 1583 1015 1607 tuam
1036 1579 1092 1606 Deo
1116 1578 1143 1605 in
1163 1585 1265 1604 munus
1284 1575 1413 1604 oll‘erens.
1435 1575 1591 1603 Nobilitasti
1616 1575 1729 1610 sangui-

96 1632 144 1656 σας
162 1623 268 1658 ἑαυτὴν
282 1622 320 1654 ὡς
335 1621 478 1657 κειμήλιον
490 1620 552 1655 Θεῷ
575 1619 731 1655 ἀναθεμένη
751 1619 800 1655 τὴν
814 1619 884 1654 ζωήν

940 1633 1002 1654 nent
1023 1629 1102 1652 tuum
1115 1624 1141 1650 in
1159 1623 1264 1658 Spiritu
1279 1627 1386 1655 sancto,
1403 1622 1618 1657 pulcherrimum
1634 1629 1730 1648 exem-

97 1678 154 1697 σου.
183 1668 376 1703 Ἐξευγένισας
389 1668 420 1694 τὺ
431 1665 502 1702 αἷμά
522 1675 569 1693 σου
585 1667 615 1693 ὲν
644 1666 784 1702 Πνεύματι
806 1665 888 1701 ἁγίῳ,

96 1717 180 1744 καλὸν
207 1716 362 1750 ὑπόδειγμα
384 1713 486 1749 ἑαυτὴν
511 1713 683 1749 προθεμένη.
711 1712 743 1739 Τί
769 1712 824 1748 γὰρ
843 1712 891 1739 καὶ

96 1761 281 1798 κερδήσουσιν
305 1760 334 1787 αἰ
356 1759 410 1786 ὑπὸ
430 1758 566 1794 ζυγόνςεί
597 1759 634 1794 μή
649 1766 678 1784 τι
701 1757 756 1793 ἄρα
775 1758 892 1793 ἐκζητή-

97 1817 170 1836 cursv
198 1807 247 1834 καὶ
267 1807 458 1842 ψηλαφήσοιεν
486 1807 535 1832 καὶ
553 1804 636 1832 αὐταὶ
668 1805 715 1831 τὸν
742 1804 809 1832 Θεὸν
828 1804 891 1832 καθ’

94 1857 159 1882 ὅσον
174 1851 233 1881 οἷόν
257 1861 299 1880 τε.
327 1852 396 1887 Οὐχὶ
421 1852 509 1880 πᾶσαι
525 1851 654 1885 συζυγίαι
672 1849 892 1885 ἀποζεύγνυνται

95 1902 142 1929 διὰ
171 1900 308 1933 θανάτου;
332 1898 381 1934 οὐχ
402 1898 440 1930 ὡς
468 1897 536 1934 όναρ
558 1897 594 1924 τὰ
628 1897 718 1933 ὡραῖα
751 1897 800 1924 τοῦ
827 1898 892 1934 τῇδε

95 1949 156 1984 βίον
183 1946 372 1981 ἀπέρχονται;
397 1945 467 1972 Ὀσα
482 1944 511 1971 δὲ
530 1943 595 1979 περὶ
606 1944 652 1970 τὸν
667 1943 757 1978 γάμον
772 1943 890 1972 ὲλεεινάί

94 1995 119 2021 οἱ
146 1994 204 2029 μὲν
241 1991 367 2023 ἄπαιδες,
393 1991 418 2018 oi.
443 1989 473 2017 δὲ
507 1988 685 2021 κακόπαιδες.
717 1989 824 2023 Πενίαι,
844 1990 893 2017 καὶ

93 2041 231 2068 πλοῦτοι·
250 2039 278 2065 at
304 2037 354 2074 μὲν
365 2036 522 2069 πιέζουσαι,
547 2037 595 2063 καὶ
616 2036 698 2063 οἱονεὶ
726 2037 894 2072 ἀποτηγανί-

94 2088 210 2120 ζουσαι“
239 2086 264 2112 oi.
299 2084 328 2111 δὲ
359 2083 629 2119 μεταρῤιπτούμενοι
666 2082 704 2114 ὡς
738 2083 768 2110 ὲν
798 2083 894 2115 κύϐοις

94 2137 127 2163 ἐκ
142 2134 233 2163 τῶνδε
255 2134 296 2164 εις
317 2132 411 2159 τόνδε·
437 2130 576 2162 παστάδες
600 2130 796 2166 ὲγειρόμεναι·
824 2129 894 2158 ἀλλὰ

95 2183 142 2209 καὶ
167 2181 242 2216 μετὰ
261 2179 379 2215 θρήνους
405 2177 630 2213 καταλυόμιναιι
651 2177 748 2213 θρῆνοι
770 2177 819 2204 καὶ
844 2185 894 2204 κο·

93 2229 176 2256 -τετοί
189 2237 198 2244 ·
240 2224 438 2260 ἀλλεπάλληλοι
461 2223 621 2260 συμφοραί⁶
657 2221 696 2251 ὧν
736 2223 844 2260 πλήρης
878 2224 893 2251 ό

92 2274 164 2309 βίος,
180 2272 231 2299 καὶ
245 2271 281 2298 τὰ
293 2270 507 2307 παραδείγματα
520 2268 574 2303 πρὸ
590 2267 751 2304 ὀφθαλμῶν.

940 1672 1015 1708 plum
1037 1671 1065 1698 in
1084 1676 1110 1698 te
1127 1670 1186 1704 ipsa
1207 1676 1373 1704 proponens.
1392 1667 1464 1701 Quid
1479 1668 1552 1695 enim
1570 1667 1639 1694 lucri
1660 1666 1730 1694 refe-

941 1723 1002 1746 rent
1024 1724 1085 1753 quae
1109 1716 1160 1744 sub
1183 1715 1250 1750 jugo
1277 1718 1352 1747 sunt,
1382 1715 1435 1741 nisi
1458 1718 1486 1741 et
1518 1714 1584 1748 ipsa!
1606 1718 1730 1748 quaerant

941 1769 969 1792 et
993 1765 1142 1790 attrectent
1171 1760 1258 1788 Deum
1284 1764 1419 1795 quantum
1445 1759 1606 1794 possunt'?
1631 1759 1730 1785 Annon

942 1808 1071 1843 conjugia
1094 1806 1187 1835 omnia
1211 1810 1301 1833 morte
1323 1804 1531 1832 dissolvuntur?
1546 1805 1644 1831 Annon
1669 1811 1731 1837 spe-

942 1855 1018 1884 ciosa
1045 1854 1129 1889 hujus
1157 1853 1220 1880 vitae
1251 1852 1353 1879 abeunt
1380 1851 1469 1878 instar
1498 1850 1620 1878 somnii?
1642 1848 1731 1883 Quam

942 1901 1030 1929 multa
1043 1908 1109 1928 vero
1122 1900 1148 1927 in
1161 1898 1265 1934 nuptiis
1277 1897 1452 1925 miseranda?
1465 1896 1511 1924 alii
1524 1896 1617 1924 liberis
1626 1899 1730 1928 carent,

943 1949 990 1976 alii
1005 1948 1141 1984 pessimos
1161 1947 1274 1974 habent.
1291 1945 1417 1981 Egestas,
1432 1948 1460 1971 et
1476 1943 1578 1971 divitiae
1594 1952 1602 1970 :
1618 1943 1664 1971 illa
1681 1950 1732 1970 an-

942 2003 1021 2031 gens,
1050 1997 1078 2021 et
1105 1992 1309 2028 quodammodo
1336 1997 1496 2025 excoqueus
1519 1998 1527 2023 ;
1553 1990 1595 2017 hte
1618 1989 1652 2017 ab
1680 1989 1733 2016 isto

943 2041 979 2068 ad
1005 2039 1099 2071 illum,
1129 2038 1249 2065 talorum
1278 2037 1376 2069 instar,
1399 2036 1579 2070 emigrantes.
1607 2033 1733 2061 Thalami

944 2083 1080 2120 nuptiales
1100 2082 1244 2114 exstructi,
1258 2081 1306 2109 sed
1331 2084 1360 2108 et
1384 2088 1448 2107 cum
1469 2080 1544 2107 luctu
1571 2078 1706 2106 destructi
1724 2088 1731 2106 :

943 2130 1063 2158 lamenta
1086 2133 1115 2156 et
1132 2128 1269 2163 planctus,
1295 2130 1323 2153 et
1339 2125 1451 2152 alternae
1470 2123 1654 2157 calamitates,
1670 2124 1734 2159 qui-

943 2175 996 2204 bus
1010 2174 1112 2203 referta
1126 2177 1168 2201 est
1181 2173 1247 2206 vita,
1261 2177 1289 2200 et
1300 2179 1419 2208 quorum
1431 2171 1558 2207 exempla
1574 2172 1610 2199 ob
1625 2170 1732 2199 oculos.

127 2320 168 2346 Σὺ
185 2318 217 2345 δι
239 2317 344 2344 τούτων
364 2316 475 2344 πάντων
489 2315 648 2349 ἀπέφυγες,
677 2314 884 2350 καλλιπάρθενε,

979 2312 1020 2339 Tu
1035 2318 1100 2338 vero
1108 2309 1166 2338 haec
1175 2309 1268 2336 omnia
1276 2308 1397 2341 evasisti,
1409 2308 1485 2344 virgo
1492 2306 1732 2344 praestantissima,

90 2364 270 2393 κατοικοῦσα
289 2363 466 2399 μονοτρόπως
485 2363 514 2389 ὲν
533 2361 618 2397 οἴκῳ-
636 2361 828 2397 φυλαττομένη
852 2361 891 2394 ὼς

91 2412 174 2448 ῥόδον
191 2410 308 2441 εὐωδίας
323 2408 417 2444 Κυρίῳ
431 2409 466 2444 τῇ
485 2407 633 2444 παρθενίᾳ·
644 2407 745 2443 ἔχουσα
758 2407 891 2442 μενοῦνγε

90 2458 211 2488 πάντως
233 2456 282 2482 καὶ
306 2454 436 2481 θλιπτικὰ
460 2452 493 2480 ἐκ
520 2462 552 2480 τε
576 2453 684 2489 ὁρατῶν
701 2454 749 2479 καὶ
765 2453 891 2488 ἀοράτων

89 2504 217 2540 ἐχθρῶν.
231 2501 343 2536 Ἐπειδὴ
355 2502 421 2528 ὅπου
432 2501 564 2536 ἀνάθημα
574 2499 681 2536 Κυρίῳ,
691 2500 750 2526 ἐκεῖ
763 2501 777 2526 ὁ
790 2499 892 2536 λῃστὴς

89 2549 242 2585 ἐφεδρεύει
257 2548 358 2583 κλέψαι
369 2548 417 2575 καὶ
431 2547 549 2583 συλῆσαι
564 2546 594 2573 τὸ
606 2546 689 2581 ἱερόν.
705 2545 787 2573 Ἀλλὰ
797 2545 894 2581 θάρσει

89 2598 120 2623 ἒν
147 2595 263 2631 Κυρίῳ,
280 2596 310 2622 ὲν
326 2591 349 2629 ᾧ
363 2594 508 2626 πέποιθας,
521 2594 551 2620 ὲν
576 2589 598 2627 ᾧ
614 2592 740 2628 στέργεις
761 2592 826 2623 τοὺς
848 2592 895 2618 κό-

89 2652 185 2675 mur
202 2643 245 2670 ὅτι
270 2641 354 2674 αὐτὸς
374 2641 462 2677 φύλαξ
483 2641 536 2676 τῆς
552 2640 628 2676 ζωῆς
658 2647 723 2667 σουο
747 2639 894 2675 ἐπίκουρος

944 2358 1060 2387 seorsim
1086 2355 1160 2384 domi
1185 2355 1323 2386 habitans,
1348 2358 1378 2381 ut
1405 2354 1567 2381 suaveolens
1595 2361 1655 2381 rasa
1687 2362 1734 2389 per

943 2404 1125 2439 virginitatem
1135 2401 1250 2428 Domino
1257 2399 1393 2427 custodita
1407 2408 1414 2427 :
1428 2399 1532 2426 habens
1543 2403 1570 2426 et
1581 2399 1638 2433 ipsa
1655 2406 1734 2433 pror-

945 2458 993 2478 sus
1006 2448 1197 2477 tribulationes
1208 2454 1225 2475 a
1233 2446 1389 2474 visibilibus
1402 2450 1430 2473 et
1442 2445 1628 2473 invisibilibus
1638 2445 1733 2472 inimi—

944 2498 985 2526 cis
1001 2507 1008 2525 :
1025 2497 1126 2532 quippe
1140 2496 1186 2523 ubi
1199 2494 1344 2522 donarium
1359 2498 1402 2521 cst
1416 2492 1543 2525 Domino,
1558 2493 1594 2520 ibi
1609 2492 1653 2520 l'ur
1666 2493 1732 2521 insi-

943 2545 1045 2576 diatur,
1065 2547 1097 2570 ut
1118 2542 1191 2578 quod
1206 2549 1315 2569 sacrum
1338 2546 1381 2568 cst
1397 2540 1485 2576 rapiat
1496 2545 1521 2567 et
1538 2540 1708 2573 depraedetur
1723 2549 1730 2567 :

943 2591 990 2619 sed
1005 2590 1113 2618 confide
1129 2590 1155 2617 in
1171 2588 1298 2623 Domino,
1317 2588 1345 2615 in
1364 2595 1420 2623 quo
1444 2594 1520 2622 spem
1536 2586 1686 2619 collocasti,
1703 2587 1731 2613 in

942 2645 998 2673 quo
1013 2644 1152 2666 erumnas
1168 2636 1358 2672 amplecteris:
1371 2634 1502 2671 quoniam
1516 2634 1574 2670 ipse
1584 2638 1676 2662 custos
1691 2638 1733 2661 est

127 2725 152 2742 ’⁷
164 2723 178 2751 ι
196 2723 262 2752 Cor.
282 2731 333 2756 vn,
349 2723 395 2751 52.
432 2724 455 2740 ⁵·
471 2723 537 2752 ibid.
559 2723 604 2751 54.
642 2722 665 2739 ⁹⁹
679 2722 746 2751 an.
762 2730 788 2755 χ,
806 2723 850 2755 42.

939 2723 974 2747 ct.
994 2727 1062 2752 xvn,
1079 2718 1125 2745 27.

863 2776 978 2806 ΝΟΤΕ.

128 2838 196 2870 (Si)
209 2837 238 2865 In
258 2837 318 2865 cod.
335 2837 401 2872 Reg.
417 2841 490 2872 ρμα’.
