  <div class='ocr_page' id='page_1' title='image "/cluster/home/n/w/nwhite01/storage/ocr_20150623/99/njp.32101010943858/779.png"; bbox 0 0 1912 3080; ppageno 0'>
   <div class='ocr_carea' id='block_1_1' title="bbox 189 123 264 158">
    <p class='ocr_par' dir='ltr' id='par_1_1' title="bbox 189 123 264 158">
     <span class='ocr_line' id='line_1_1' title="bbox 189 123 264 158; baseline -0.027 0"><span class='ocrx_word' id='word_1_1' title='bbox 189 123 264 158; x_wconf 70' lang='grc'><strong>1415</strong></span> 
     </span>
    </p>
   </div>
   <div class='ocr_carea' id='block_1_2' title="bbox 785 123 1225 156">
    <p class='ocr_par' dir='ltr' id='par_1_2' title="bbox 785 123 1225 156">
     <span class='ocr_line' id='line_1_2' title="bbox 785 123 1225 156; baseline 0 -2"><span class='ocrx_word' id='word_1_2' title='bbox 785 125 817 154; x_wconf 86' lang='lat' dir='ltr'><strong>S.</strong></span> <span class='ocrx_word' id='word_1_3' title='bbox 834 124 1030 156; x_wconf 79' lang='lat' dir='ltr'><strong>TlIEODORI</strong></span> <span class='ocrx_word' id='word_1_4' title='bbox 1051 123 1225 156; x_wconf 61' lang='lat' dir='ltr'><strong>STUDITE</strong></span> 
     </span>
    </p>
   </div>
   <div class='ocr_carea' id='block_1_3' title="bbox 1751 113 1820 146">
    <p class='ocr_par' dir='ltr' id='par_1_3' title="bbox 1751 113 1820 146">
     <span class='ocr_line' id='line_1_3' title="bbox 1751 113 1820 146; baseline 0 -1"><span class='ocrx_word' id='word_1_5' title='bbox 1751 113 1820 146; x_wconf 76' lang='grc'><strong>1416</strong></span> 
     </span>
    </p>
   </div>
   <div class='ocr_carea' id='block_1_4' title="bbox 185 173 975 216">
    <p class='ocr_par' dir='ltr' id='par_1_4' title="bbox 185 179 975 215">
     <span class='ocr_line' id='line_1_4' title="bbox 185 179 975 215; baseline 0 -7"><span class='ocrx_word' id='word_1_6' title='bbox 185 181 249 208; x_wconf 64' lang='lat' dir='ltr'><strong>vita</strong></span> <span class='ocrx_word' id='word_1_7' title='bbox 272 185 335 213; x_wconf 70' lang='lat' dir='ltr'><strong>tuae,</strong></span> <span class='ocrx_word' id='word_1_8' title='bbox 353 179 463 215; x_wconf 79' lang='lat' dir='ltr'><strong>adiutor</strong></span> <span class='ocrx_word' id='word_1_9' title='bbox 481 185 508 207; x_wconf 90' lang='lat' dir='ltr'><strong>et</strong></span> <span class='ocrx_word' id='word_1_10' title='bbox 520 180 667 208; x_wconf 75' lang='lat' dir='ltr'><strong>auxiliator</strong></span> <span class='ocrx_word' id='word_1_11' title='bbox 681 180 709 208; x_wconf 91' lang='lat' dir='ltr'><strong>in</strong></span> <span class='ocrx_word' id='word_1_12' title='bbox 726 180 975 209; x_wconf 84' lang='lat' dir='ltr'><strong>tribulationibus:</strong></span> 
     </span>
    </p>
   </div>
   <div class='ocr_carea' id='block_1_5' title="bbox 1030 173 1819 216">
    <p class='ocr_par' dir='ltr' id='par_1_5' title="bbox 1032 173 1819 216">
     <span class='ocr_line' id='line_1_5' title="bbox 1032 173 1819 216; baseline -0.013 -8"><span class='ocrx_word' id='word_1_13' title='bbox 1032 182 1080 208; x_wconf 70' lang='grc' dir='ltr'>καὶ</span> <span class='ocrx_word' id='word_1_14' title='bbox 1097 181 1195 216; x_wconf 79' lang='grc' dir='ltr'>βοηθὸς</span> <span class='ocrx_word' id='word_1_15' title='bbox 1210 180 1240 206; x_wconf 82' lang='grc' dir='ltr'>ὲν</span> <span class='ocrx_word' id='word_1_16' title='bbox 1256 179 1316 210; x_wconf 74' lang='grc' dir='ltr'>ταῖς</span> <span class='ocrx_word' id='word_1_17' title='bbox 1331 177 1457 212; x_wconf 77' lang='grc' dir='ltr'>θλίψεσιν</span> <span class='ocrx_word' id='word_1_18' title='bbox 1473 176 1504 206; x_wconf 76' lang='grc' dir='ltr'>ὃς</span> <span class='ocrx_word' id='word_1_19' title='bbox 1519 174 1566 202; x_wconf 72' lang='grc' dir='ltr'><strong>καὶ</strong></span> <span class='ocrx_word' id='word_1_20' title='bbox 1584 173 1696 201; x_wconf 83' lang='grc' dir='ltr'>τελειῶν</span> <span class='ocrx_word' id='word_1_21' title='bbox 1712 181 1761 200; x_wconf 70' lang='grc' dir='ltr'><strong>σου</strong></span> <span class='ocrx_word' id='word_1_22' title='bbox 1773 173 1819 199; x_wconf 70' lang='grc' dir='ltr'>τθιν</span> 
     </span>
    </p>
   </div>
   <div class='ocr_carea' id='block_1_6' title="bbox 184 227 977 262">
    <p class='ocr_par' dir='ltr' id='par_1_6' title="bbox 184 227 977 262">
     <span class='ocr_line' id='line_1_6' title="bbox 184 227 977 262; baseline 0 -8"><span class='ocrx_word' id='word_1_23' title='bbox 184 227 233 262; x_wconf 90' lang='lat' dir='ltr'><strong>qui</strong></span> <span class='ocrx_word' id='word_1_24' title='bbox 249 234 360 254; x_wconf 87' lang='lat' dir='ltr'><strong>cur5um</strong></span> <span class='ocrx_word' id='word_1_25' title='bbox 383 230 459 253; x_wconf 87' lang='lat' dir='ltr'><strong>tuntn</strong></span> <span class='ocrx_word' id='word_1_26' title='bbox 477 233 682 257; x_wconf 80' lang='lat' dir='ltr'><strong>eonsummans.</strong></span> <span class='ocrx_word' id='word_1_27' title='bbox 699 227 802 254; x_wconf 65' lang='lat' dir='ltr'><strong>caelesti</strong></span> <span class='ocrx_word' id='word_1_28' title='bbox 823 234 907 262; x_wconf 74' lang='lat' dir='ltr'><strong>regno</strong></span> <span class='ocrx_word' id='word_1_29' title='bbox 925 234 977 254; x_wconf 86' lang='lat' dir='ltr'><strong>suo</strong></span> 
     </span>
    </p>
   </div>
   <div class='ocr_carea' id='block_1_7' title="bbox 187 270 977 306">
    <p class='ocr_par' dir='ltr' id='par_1_7' title="bbox 187 270 977 306">
     <span class='ocr_line' id='line_1_7' title="bbox 187 270 977 306; baseline 0 -7"><span class='ocrx_word' id='word_1_30' title='bbox 187 277 214 299; x_wconf 89' lang='lat' dir='ltr'><strong>te</strong></span> <span class='ocrx_word' id='word_1_31' title='bbox 237 272 347 305; x_wconf 79' lang='lat' dir='ltr'><strong>dignam</strong></span> <span class='ocrx_word' id='word_1_32' title='bbox 373 270 482 298; x_wconf 75' lang='lat' dir='ltr'><strong>emt-iet.</strong></span> <span class='ocrx_word' id='word_1_33' title='bbox 498 271 560 298; x_wconf 64' lang='lat' dir='ltr'><strong>Haec</strong></span> <span class='ocrx_word' id='word_1_34' title='bbox 572 278 586 298; x_wconf 80' lang='lat' dir='ltr'><strong>a</strong></span> <span class='ocrx_word' id='word_1_35' title='bbox 602 271 682 298; x_wconf 87' lang='lat' dir='ltr'><strong>nobis</strong></span> <span class='ocrx_word' id='word_1_36' title='bbox 698 271 889 305; x_wconf 75' lang='lat' dir='ltr'><strong>peccatoribus</strong></span> <span class='ocrx_word' id='word_1_37' title='bbox 912 279 977 306; x_wconf 89' lang='lat' dir='ltr'><strong>pro-</strong></span> 
     </span>
    </p>
   </div>
   <div class='ocr_carea' id='block_1_8' title="bbox 187 316 974 350">
    <p class='ocr_par' dir='ltr' id='par_1_8' title="bbox 187 316 974 350">
     <span class='ocr_line' id='line_1_8' title="bbox 187 316 974 350; baseline -0.001 -6"><span class='ocrx_word' id='word_1_38' title='bbox 187 318 240 344; x_wconf 87' lang='lat' dir='ltr'><strong>lata</strong></span> <span class='ocrx_word' id='word_1_39' title='bbox 265 321 338 345; x_wconf 85' lang='lat' dir='ltr'><strong>sunt.</strong></span> <span class='ocrx_word' id='word_1_40' title='bbox 360 321 389 344; x_wconf 87' lang='lat' dir='ltr'><strong>ut</strong></span> <span class='ocrx_word' id='word_1_41' title='bbox 403 317 475 344; x_wconf 81' lang='lat' dir='ltr'><strong>scias</strong></span> <span class='ocrx_word' id='word_1_42' title='bbox 491 320 517 344; x_wconf 89' lang='lat' dir='ltr'><strong>te</strong></span> <span class='ocrx_word' id='word_1_43' title='bbox 533 316 635 344; x_wconf 88' lang='lat' dir='ltr'><strong>Domini</strong></span> <span class='ocrx_word' id='word_1_44' title='bbox 654 317 782 344; x_wconf 77' lang='lat' dir='ltr'><strong>famulam</strong></span> <span class='ocrx_word' id='word_1_45' title='bbox 810 324 860 343; x_wconf 91' lang='lat' dir='ltr'><strong>nos</strong></span> <span class='ocrx_word' id='word_1_46' title='bbox 880 317 974 350; x_wconf 89' lang='lat' dir='ltr'><strong>etiam,</strong></span> 
     </span>
    </p>
   </div>
   <div class='ocr_carea' id='block_1_9' title="bbox 184 361 976 396">
    <p class='ocr_par' dir='ltr' id='par_1_9' title="bbox 184 361 976 396">
     <span class='ocr_line' id='line_1_9' title="bbox 184 361 976 396; baseline 0.001 -8"><span class='ocrx_word' id='word_1_47' title='bbox 184 363 231 396; x_wconf 85' lang='lat' dir='ltr'><strong>qui</strong></span> <span class='ocrx_word' id='word_1_48' title='bbox 249 362 365 389; x_wconf 82' lang='lat' dir='ltr'><strong>Domino</strong></span> <span class='ocrx_word' id='word_1_49' title='bbox 392 362 496 389; x_wconf 80' lang='lat' dir='ltr'><strong>servire</strong></span> <span class='ocrx_word' id='word_1_50' title='bbox 519 362 673 393; x_wconf 78' lang='lat' dir='ltr'><strong>studemus,</strong></span> <span class='ocrx_word' id='word_1_51' title='bbox 690 362 793 389; x_wconf 85' lang='lat' dir='ltr'><strong>habere</strong></span> <span class='ocrx_word' id='word_1_52' title='bbox 811 362 859 389; x_wconf 91' lang='lat' dir='ltr'><strong>tibi</strong></span> <span class='ocrx_word' id='word_1_53' title='bbox 878 361 976 390; x_wconf 76' lang='lat' dir='ltr'><strong>fratres</strong></span> 
     </span>
    </p>
   </div>
   <div class='ocr_carea' id='block_1_10' title="bbox 186 407 977 444">
    <p class='ocr_par' dir='ltr' id='par_1_10' title="bbox 186 407 977 444">
     <span class='ocr_line' id='line_1_10' title="bbox 186 407 977 444; baseline 0.003 -10"><span class='ocrx_word' id='word_1_54' title='bbox 186 409 213 435; x_wconf 89' lang='lat' dir='ltr'><strong>in</strong></span> <span class='ocrx_word' id='word_1_55' title='bbox 232 407 345 442; x_wconf 86' lang='lat' dir='ltr'><strong>Spiritu,</strong></span> <span class='ocrx_word' id='word_1_56' title='bbox 360 409 431 435; x_wconf 92' lang='lat' dir='ltr'><strong>sicut</strong></span> <span class='ocrx_word' id='word_1_57' title='bbox 451 412 478 434; x_wconf 92' lang='lat' dir='ltr'><strong>et</strong></span> <span class='ocrx_word' id='word_1_58' title='bbox 493 413 591 435; x_wconf 89' lang='lat' dir='ltr'><strong>natura</strong></span> <span class='ocrx_word' id='word_1_59' title='bbox 621 415 769 435; x_wconf 84' lang='lat' dir='ltr'><strong>conservos</strong></span> <span class='ocrx_word' id='word_1_60' title='bbox 789 417 796 435; x_wconf 92' lang='lat'>:</span> <span class='ocrx_word' id='word_1_61' title='bbox 816 408 863 444; x_wconf 88' lang='lat' dir='ltr'><strong>qui</strong></span> <span class='ocrx_word' id='word_1_62' title='bbox 885 413 912 436; x_wconf 81' lang='lat' dir='ltr'><strong>et</strong></span> <span class='ocrx_word' id='word_1_63' title='bbox 928 415 977 443; x_wconf 88' lang='lat' dir='ltr'><strong>pro</strong></span> 
     </span>
    </p>
   </div>
   <div class='ocr_carea' id='block_1_11' title="bbox 187 454 537 482">
    <p class='ocr_par' dir='ltr' id='par_1_11' title="bbox 187 454 537 482">
     <span class='ocr_line' id='line_1_11' title="bbox 187 454 537 482; baseline 0 -1"><span class='ocrx_word' id='word_1_64' title='bbox 187 454 339 481; x_wconf 81' lang='lat' dir='ltr'><strong>reverentia</strong></span> <span class='ocrx_word' id='word_1_65' title='bbox 355 459 400 482; x_wconf 85' lang='lat' dir='ltr'><strong>tua</strong></span> <span class='ocrx_word' id='word_1_66' title='bbox 415 461 537 482; x_wconf 86' lang='lat' dir='ltr'><strong>oramus.</strong></span> 
     </span>
    </p>
   </div>
   <div class='ocr_carea' id='block_1_12' title="bbox 356 552 791 582">
    <p class='ocr_par' dir='ltr' id='par_1_12' title="bbox 356 552 791 582">
     <span class='ocr_line' id='line_1_12' title="bbox 356 552 791 582; baseline 0.002 -2"><span class='ocrx_word' id='word_1_67' title='bbox 356 552 476 580; x_wconf 77' lang='lat' dir='ltr'><strong>CXXIX.</strong></span> <span class='ocrx_word' id='word_1_68' title='bbox 491 568 528 574; x_wconf 91' lang='lat'><strong><em>-—</em></strong></span> <span class='ocrx_word' id='word_1_69' title='bbox 541 553 622 581; x_wconf 80' lang='lat' dir='ltr'><strong>Leoni</strong></span> <span class='ocrx_word' id='word_1_70' title='bbox 640 554 791 582; x_wconf 61' lang='lat' dir='ltr'><strong>“cellario.</strong></span> 
     </span>
    </p>
   </div>
   <div class='ocr_carea' id='block_1_13' title="bbox 1029 218 1820 262">
    <p class='ocr_par' dir='ltr' id='par_1_13' title="bbox 1029 218 1820 262">
     <span class='ocr_line' id='line_1_13' title="bbox 1029 218 1820 262; baseline -0.013 -8"><span class='ocrx_word' id='word_1_71' title='bbox 1029 227 1141 262; x_wconf 75' lang='grc' dir='ltr'>δρόμον,</span> <span class='ocrx_word' id='word_1_72' title='bbox 1170 226 1250 259; x_wconf 76' lang='grc' dir='ltr'>ἀξίαν</span> <span class='ocrx_word' id='word_1_73' title='bbox 1265 233 1296 252; x_wconf 93' lang='grc' dir='ltr'><strong>σε</strong></span> <span class='ocrx_word' id='word_1_74' title='bbox 1318 225 1427 259; x_wconf 82' lang='grc' dir='ltr'>ποιήσει</span> <span class='ocrx_word' id='word_1_75' title='bbox 1453 222 1505 257; x_wconf 83' lang='grc' dir='ltr'>τῆς</span> <span class='ocrx_word' id='word_1_76' title='bbox 1527 220 1655 257; x_wconf 81' lang='grc' dir='ltr'>οὐρανίου</span> <span class='ocrx_word' id='word_1_77' title='bbox 1680 218 1820 255; x_wconf 73' lang='grc' dir='ltr'>βασιλείας</span> 
     </span>
    </p>
   </div>
   <div class='ocr_carea' id='block_1_14' title="bbox 1030 265 1820 304">
    <p class='ocr_par' dir='ltr' id='par_1_14' title="bbox 1030 265 1820 304">
     <span class='ocr_line' id='line_1_14' title="bbox 1030 265 1820 304; baseline -0.011 -4"><span class='ocrx_word' id='word_1_78' title='bbox 1030 272 1124 300; x_wconf 80' lang='grc' dir='ltr'>αὑτοῦ.</span> <span class='ocrx_word' id='word_1_79' title='bbox 1153 272 1246 299; x_wconf 83' lang='grc' dir='ltr'>Ταῦτά</span> <span class='ocrx_word' id='word_1_80' title='bbox 1276 279 1317 297; x_wconf 88' lang='grc' dir='ltr'><strong>σοι</strong></span> <span class='ocrx_word' id='word_1_81' title='bbox 1347 270 1414 304; x_wconf 79' lang='grc' dir='ltr'>παρ’</span> <span class='ocrx_word' id='word_1_82' title='bbox 1454 268 1534 304; x_wconf 80' lang='grc' dir='ltr'>ἡμῶν</span> <span class='ocrx_word' id='word_1_83' title='bbox 1561 267 1615 294; x_wconf 85' lang='grc' dir='ltr'><strong>τῶν</strong></span> <span class='ocrx_word' id='word_1_84' title='bbox 1647 265 1820 302; x_wconf 76' lang='grc' dir='ltr'><strong>ἁμαρτωλῶν</strong></span> 
     </span>
    </p>
   </div>
   <div class='ocr_carea' id='block_1_15' title="bbox 1028 310 1818 352">
    <p class='ocr_par' dir='ltr' id='par_1_15' title="bbox 1028 310 1818 352">
     <span class='ocr_line' id='line_1_15' title="bbox 1028 310 1818 352; baseline -0.008 -10"><span class='ocrx_word' id='word_1_85' title='bbox 1028 317 1274 352; x_wconf 66' lang='grc' dir='ltr'>προσπεφώνηταν</span> <span class='ocrx_word' id='word_1_86' title='bbox 1286 314 1330 341; x_wconf 84' lang='grc' dir='ltr'>ἶνα</span> <span class='ocrx_word' id='word_1_87' title='bbox 1341 314 1440 348; x_wconf 72' lang='grc' dir='ltr'>εἰδείης</span> <span class='ocrx_word' id='word_1_88' title='bbox 1455 313 1497 340; x_wconf 81' lang='grc' dir='ltr'>ὅτι</span> <span class='ocrx_word' id='word_1_89' title='bbox 1511 313 1527 347; x_wconf 81' lang='grc' dir='ltr'>ἡ</span> <span class='ocrx_word' id='word_1_90' title='bbox 1547 311 1596 338; x_wconf 84' lang='grc' dir='ltr'><strong>τοῦ</strong></span> <span class='ocrx_word' id='word_1_91' title='bbox 1615 311 1720 347; x_wconf 84' lang='grc' dir='ltr'>Κυρίου</span> <span class='ocrx_word' id='word_1_92' title='bbox 1736 310 1818 346; x_wconf 75' lang='grc' dir='ltr'>δούλη</span> 
     </span>
    </p>
   </div>
   <div class='ocr_carea' id='block_1_16' title="bbox 1028 356 1818 398">
    <p class='ocr_par' dir='ltr' id='par_1_16' title="bbox 1028 356 1818 398">
     <span class='ocr_line' id='line_1_16' title="bbox 1028 356 1818 398; baseline -0.011 -8"><span class='ocrx_word' id='word_1_93' title='bbox 1028 363 1075 390; x_wconf 77' lang='grc' dir='ltr'>καὶ</span> <span class='ocrx_word' id='word_1_94' title='bbox 1099 363 1175 398; x_wconf 78' lang='grc' dir='ltr'>ἡμᾶς</span> <span class='ocrx_word' id='word_1_95' title='bbox 1203 362 1268 393; x_wconf 79' lang='grc' dir='ltr'>τοὺς</span> <span class='ocrx_word' id='word_1_96' title='bbox 1296 360 1462 390; x_wconf 80' lang='grc' dir='ltr'><strong>σπεύδοντας</strong></span> <span class='ocrx_word' id='word_1_97' title='bbox 1485 357 1623 385; x_wconf 79' lang='grc' dir='ltr'><strong>δουλεύειν</strong></span> <span class='ocrx_word' id='word_1_98' title='bbox 1647 356 1687 392; x_wconf 84' lang='grc' dir='ltr'>τῷ</span> <span class='ocrx_word' id='word_1_99' title='bbox 1709 356 1818 392; x_wconf 82' lang='grc' dir='ltr'>Κυρίῳ,</span> 
     </span>
    </p>
   </div>
   <div class='ocr_carea' id='block_1_17' title="bbox 1029 403 1821 444">
    <p class='ocr_par' dir='ltr' id='par_1_17' title="bbox 1029 403 1821 444">
     <span class='ocr_line' id='line_1_17' title="bbox 1029 403 1821 444; baseline -0.01 -8"><span class='ocrx_word' id='word_1_100' title='bbox 1029 409 1102 444; x_wconf 72' lang='grc' dir='ltr'>ἔχεις</span> <span class='ocrx_word' id='word_1_101' title='bbox 1120 409 1192 435; x_wconf 80' lang='grc' dir='ltr'>κατὰ</span> <span class='ocrx_word' id='word_1_102' title='bbox 1215 407 1323 442; x_wconf 85' lang='grc' dir='ltr'>πνεῦμα</span> <span class='ocrx_word' id='word_1_103' title='bbox 1345 405 1477 440; x_wconf 80' lang='grc' dir='ltr'>ἀδελφούς</span> <span class='ocrx_word' id='word_1_104' title='bbox 1491 413 1549 436; x_wconf 83' lang='grc' dir='ltr'>σου,</span> <span class='ocrx_word' id='word_1_105' title='bbox 1565 404 1661 439; x_wconf 78' lang='grc' dir='ltr'>ὥσπερ</span> <span class='ocrx_word' id='word_1_106' title='bbox 1679 403 1728 430; x_wconf 74' lang='grc' dir='ltr'>καὶ</span> <span class='ocrx_word' id='word_1_107' title='bbox 1754 403 1821 438; x_wconf 78' lang='grc' dir='ltr'>ὁμο-</span> 
     </span>
    </p>
   </div>
   <div class='ocr_carea' id='block_1_18' title="bbox 1030 448 1821 487">
    <p class='ocr_par' dir='ltr' id='par_1_18' title="bbox 1030 448 1821 487">
     <span class='ocr_line' id='line_1_18' title="bbox 1030 448 1821 487; baseline -0.009 -6"><span class='ocrx_word' id='word_1_108' title='bbox 1030 453 1140 486; x_wconf 81' lang='grc' dir='ltr'>δούλους</span> <span class='ocrx_word' id='word_1_109' title='bbox 1163 453 1234 481; x_wconf 84' lang='grc' dir='ltr'>κατὰ</span> <span class='ocrx_word' id='word_1_110' title='bbox 1257 452 1352 487; x_wconf 81' lang='grc' dir='ltr'>φύσιν,</span> <span class='ocrx_word' id='word_1_111' title='bbox 1378 450 1619 486; x_wconf 80' lang='grc' dir='ltr'>ὑπερευχομένους</span> <span class='ocrx_word' id='word_1_112' title='bbox 1640 458 1688 476; x_wconf 85' lang='grc' dir='ltr'><strong>σου</strong></span> <span class='ocrx_word' id='word_1_113' title='bbox 1705 448 1754 484; x_wconf 82' lang='grc' dir='ltr'>τῆς</span> <span class='ocrx_word' id='word_1_114' title='bbox 1779 457 1821 474; x_wconf 87' lang='grc' dir='ltr'>τι-</span> 
     </span>
    </p>
   </div>
   <div class='ocr_carea' id='block_1_19' title="bbox 1032 500 1170 535">
    <p class='ocr_par' dir='ltr' id='par_1_19' title="bbox 1032 500 1170 535">
     <span class='ocr_line' id='line_1_19' title="bbox 1032 500 1170 535; baseline 0 -9"><span class='ocrx_word' id='word_1_115' title='bbox 1032 500 1170 535; x_wconf 73' lang='grc' dir='ltr'>μιόεητος.</span> 
     </span>
    </p>
   </div>
   <div class='ocr_carea' id='block_1_20' title="bbox 1095 549 1747 590">
    <p class='ocr_par' dir='ltr' id='par_1_20' title="bbox 1095 549 1747 590">
     <span class='ocr_line' id='line_1_20' title="bbox 1095 549 1747 590; baseline -0.009 -8"><span class='ocrx_word' id='word_1_116' title='bbox 1095 555 1173 582; x_wconf 86' lang='grc' dir='ltr'><strong>ΡΚΘ¹</strong></span> <span class='ocrx_word' id='word_1_117' title='bbox 1192 553 1260 590; x_wconf 71' lang='lat'><strong>(25).</strong></span> <span class='ocrx_word' id='word_1_118' title='bbox 1279 553 1432 581; x_wconf 82' lang='grc' dir='ltr'>-Λέοντι</span> <span class='ocrx_word' id='word_1_119' title='bbox 1449 551 1648 585; x_wconf 71' lang='grc' dir='ltr'>σακελλαρίῳ.</span> <span class='ocrx_word' id='word_1_120' title='bbox 1666 549 1747 586; x_wconf 59' lang='lat' dir='ltr'><strong>[xm]</strong></span> 
     </span>
    </p>
   </div>
   <div class='ocr_carea' id='block_1_21' title="bbox 401 609 1596 645">
    <p class='ocr_par' dir='ltr' id='par_1_21' title="bbox 401 609 1596 645">
     <span class='ocr_line' id='line_1_21' title="bbox 401 609 1596 645; baseline -0.003 -8"><span class='ocrx_word' id='word_1_121' title='bbox 401 611 611 644; x_wconf 84' lang='lat' dir='ltr'><strong>Disceptationem</strong></span> <span class='ocrx_word' id='word_1_122' title='bbox 623 613 656 638; x_wconf 87' lang='lat' dir='ltr'><strong>de</strong></span> <span class='ocrx_word' id='word_1_123' title='bbox 668 612 816 645; x_wconf 82' lang='lat' dir='ltr'><strong>imaginibus</strong></span> <span class='ocrx_word' id='word_1_124' title='bbox 828 619 908 638; x_wconf 83' lang='lat' dir='ltr'><strong>coram</strong></span> <span class='ocrx_word' id='word_1_125' title='bbox 926 612 1078 645; x_wconf 78' lang='lat' dir='ltr'><strong>imperatore</strong></span> <span class='ocrx_word' id='word_1_126' title='bbox 1095 613 1152 638; x_wconf 82' lang='lat' dir='ltr'><strong>ﬂeri</strong></span> <span class='ocrx_word' id='word_1_127' title='bbox 1165 619 1215 638; x_wconf 86' lang='lat' dir='ltr'><strong>non</strong></span> <span class='ocrx_word' id='word_1_128' title='bbox 1225 611 1421 637; x_wconf 84' lang='lat' dir='ltr'><strong>debere.Baron.</strong></span> <span class='ocrx_word' id='word_1_129' title='bbox 1432 617 1472 634; x_wconf 88' lang='lat' dir='ltr'><strong>an.</strong></span> <span class='ocrx_word' id='word_1_130' title='bbox 1485 609 1559 640; x_wconf 66' lang='lat' dir='ltr'><strong>82m.</strong></span> <span class='ocrx_word' id='word_1_131' title='bbox 1570 609 1596 634; x_wconf 86' lang='lat'><strong>9.</strong></span> 
     </span>
    </p>
   </div>
   <div class='ocr_carea' id='block_1_22' title="bbox 221 665 972 703">
    <p class='ocr_par' dir='ltr' id='par_1_22' title="bbox 221 665 972 703">
     <span class='ocr_line' id='line_1_22' title="bbox 221 665 972 703; baseline 0.004 -10"><span class='ocrx_word' id='word_1_132' title='bbox 221 665 324 702; x_wconf 77' lang='lat' dir='ltr'><strong>ingenti</strong></span> <span class='ocrx_word' id='word_1_133' title='bbox 339 667 486 701; x_wconf 79' lang='lat' dir='ltr'><strong>gratiarum</strong></span> <span class='ocrx_word' id='word_1_134' title='bbox 498 671 525 694; x_wconf 87' lang='lat' dir='ltr'><strong>et</strong></span> <span class='ocrx_word' id='word_1_135' title='bbox 538 668 745 702; x_wconf 84' lang='lat' dir='ltr'><strong>responsionum</strong></span> <span class='ocrx_word' id='word_1_136' title='bbox 754 676 822 703; x_wconf 88' lang='lat' dir='ltr'><strong>quas</strong></span> <span class='ocrx_word' id='word_1_137' title='bbox 829 669 972 701; x_wconf 85' lang='lat' dir='ltr'><strong>debemus.</strong></span> 
     </span>
    </p>
   </div>
   <div class='ocr_carea' id='block_1_23' title="bbox 187 712 971 749">
    <p class='ocr_par' dir='ltr' id='par_1_23' title="bbox 187 712 971 749">
     <span class='ocr_line' id='line_1_23' title="bbox 187 712 971 749; baseline 0.004 -11"><span class='ocrx_word' id='word_1_138' title='bbox 187 712 298 739; x_wconf 85' lang='lat' dir='ltr'><strong>nomine</strong></span> <span class='ocrx_word' id='word_1_139' title='bbox 309 712 444 742; x_wconf 75' lang='lat' dir='ltr'><strong>obstrirti.</strong></span> <span class='ocrx_word' id='word_1_140' title='bbox 458 719 569 746; x_wconf 81' lang='lat' dir='ltr'><strong>parvam</strong></span> <span class='ocrx_word' id='word_1_141' title='bbox 585 714 732 748; x_wconf 81' lang='lat' dir='ltr'><strong>quamdam</strong></span> <span class='ocrx_word' id='word_1_142' title='bbox 761 714 844 741; x_wconf 88' lang='lat' dir='ltr'><strong>debiti</strong></span> <span class='ocrx_word' id='word_1_143' title='bbox 867 719 971 749; x_wconf 86' lang='lat' dir='ltr'><strong>partem</strong></span> 
     </span>
    </p>
   </div>
   <div class='ocr_carea' id='block_1_24' title="bbox 185 758 973 794">
    <p class='ocr_par' dir='ltr' id='par_1_24' title="bbox 185 758 973 794">
     <span class='ocr_line' id='line_1_24' title="bbox 185 758 973 794; baseline 0.004 -10"><span class='ocrx_word' id='word_1_144' title='bbox 185 758 300 785; x_wconf 80' lang='lat' dir='ltr'><strong>reddere</strong></span> <span class='ocrx_word' id='word_1_145' title='bbox 312 766 362 785; x_wconf 89' lang='lat' dir='ltr'><strong>nos</strong></span> <span class='ocrx_word' id='word_1_146' title='bbox 377 765 520 786; x_wconf 85' lang='lat' dir='ltr'><strong>censemus</strong></span> <span class='ocrx_word' id='word_1_147' title='bbox 530 767 577 794; x_wconf 91' lang='lat' dir='ltr'><strong>per</strong></span> <span class='ocrx_word' id='word_1_148' title='bbox 587 759 691 787; x_wconf 81' lang='lat' dir='ltr'><strong>litteras</strong></span> <span class='ocrx_word' id='word_1_149' title='bbox 707 760 739 787; x_wconf 91' lang='lat' dir='ltr'><strong>ad</strong></span> <span class='ocrx_word' id='word_1_150' title='bbox 757 760 973 788; x_wconf 85' lang='lat' dir='ltr'><strong>laudatissimam</strong></span> 
     </span>
    </p>
   </div>
   <div class='ocr_carea' id='block_1_25' title="bbox 186 803 974 834">
    <p class='ocr_par' dir='ltr' id='par_1_25' title="bbox 186 803 974 834">
     <span class='ocr_line' id='line_1_25' title="bbox 186 803 974 834; baseline 0.005 -4"><span class='ocrx_word' id='word_1_151' title='bbox 186 811 218 831; x_wconf 85' lang='lat' dir='ltr'><strong>ac</strong></span> <span class='ocrx_word' id='word_1_152' title='bbox 231 803 496 831; x_wconf 83' lang='lat' dir='ltr'><strong>desideratissimam</strong></span> <span class='ocrx_word' id='word_1_153' title='bbox 516 805 703 832; x_wconf 76' lang='lat' dir='ltr'><strong>excellentiam</strong></span> <span class='ocrx_word' id='word_1_154' title='bbox 722 810 795 833; x_wconf 91' lang='lat' dir='ltr'><strong>tuam</strong></span> <span class='ocrx_word' id='word_1_155' title='bbox 812 807 846 833; x_wconf 86' lang='lat' dir='ltr'><strong>ab</strong></span> <span class='ocrx_word' id='word_1_156' title='bbox 862 806 974 834; x_wconf 86' lang='lat' dir='ltr'><strong>humili-</strong></span> 
     </span>
    </p>
   </div>
   <div class='ocr_carea' id='block_1_26' title="bbox 185 844 975 881">
    <p class='ocr_par' dir='ltr' id='par_1_26' title="bbox 185 844 975 881">
     <span class='ocr_line' id='line_1_26' title="bbox 185 844 975 881; baseline 0.005 -5"><span class='ocrx_word' id='word_1_157' title='bbox 185 854 241 877; x_wconf 86' lang='lat' dir='ltr'><strong>tate</strong></span> <span class='ocrx_word' id='word_1_158' title='bbox 251 844 343 876; x_wconf 76' lang='lat' dir='ltr'><strong>nostra</strong></span> <span class='ocrx_word' id='word_1_159' title='bbox 352 855 486 877; x_wconf 74' lang='lat' dir='ltr'><strong>exaratos.</strong></span> <span class='ocrx_word' id='word_1_160' title='bbox 497 849 563 877; x_wconf 87' lang='lat' dir='ltr'><strong>Nam</strong></span> <span class='ocrx_word' id='word_1_161' title='bbox 575 857 601 878; x_wconf 91' lang='lat' dir='ltr'><strong>et</strong></span> <span class='ocrx_word' id='word_1_162' title='bbox 611 860 682 878; x_wconf 88' lang='lat' dir='ltr'><strong>nunc</strong></span> <span class='ocrx_word' id='word_1_163' title='bbox 693 852 794 879; x_wconf 85' lang='lat' dir='ltr'><strong>Silvani</strong></span> <span class='ocrx_word' id='word_1_164' title='bbox 807 852 899 881; x_wconf 82' lang='lat' dir='ltr'><strong>fratris</strong></span> <span class='ocrx_word' id='word_1_165' title='bbox 909 861 975 881; x_wconf 86' lang='lat' dir='ltr'><strong>cau-</strong></span> 
     </span>
    </p>
   </div>
   <div class='ocr_carea' id='block_1_27' title="bbox 185 895 973 934">
    <p class='ocr_par' dir='ltr' id='par_1_27' title="bbox 185 895 973 934">
     <span class='ocr_line' id='line_1_27' title="bbox 185 895 973 934; baseline 0.006 -13"><span class='ocrx_word' id='word_1_166' title='bbox 185 903 216 922; x_wconf 84' lang='lat' dir='ltr'><strong>sa</strong></span> <span class='ocrx_word' id='word_1_167' title='bbox 225 895 289 930; x_wconf 88' lang='lat' dir='ltr'><strong>quid</strong></span> <span class='ocrx_word' id='word_1_168' title='bbox 303 895 550 929; x_wconf 78' lang='lat' dir='ltr'><strong>respoadcbimus?</strong></span> <span class='ocrx_word' id='word_1_169' title='bbox 564 896 813 933; x_wconf 85' lang='lat' dir='ltr'><strong>Primumquidem,</strong></span> <span class='ocrx_word' id='word_1_170' title='bbox 827 899 899 934; x_wconf 92' lang='lat' dir='ltr'><strong>quod</strong></span> <span class='ocrx_word' id='word_1_171' title='bbox 911 907 973 926; x_wconf 88' lang='lat' dir='ltr'><strong>cum</strong></span> 
     </span>
    </p>
   </div>
   <div class='ocr_carea' id='block_1_28' title="bbox 185 942 975 977">
    <p class='ocr_par' dir='ltr' id='par_1_28' title="bbox 185 942 975 977">
     <span class='ocr_line' id='line_1_28' title="bbox 185 942 975 977; baseline 0.004 -9"><span class='ocrx_word' id='word_1_172' title='bbox 185 949 247 968; x_wconf 89' lang='lat' dir='ltr'><strong>cum</strong></span> <span class='ocrx_word' id='word_1_173' title='bbox 261 942 287 968; x_wconf 91' lang='lat' dir='ltr'><strong>in</strong></span> <span class='ocrx_word' id='word_1_174' title='bbox 305 947 480 977; x_wconf 85' lang='lat' dir='ltr'><strong>censpectum</strong></span> <span class='ocrx_word' id='word_1_175' title='bbox 491 950 571 969; x_wconf 90' lang='lat' dir='ltr'><strong>suum</strong></span> <span class='ocrx_word' id='word_1_176' title='bbox 590 942 732 971; x_wconf 86' lang='lat' dir='ltr'><strong>admiserit</strong></span> <span class='ocrx_word' id='word_1_177' title='bbox 751 943 808 971; x_wconf 88' lang='lat' dir='ltr'><strong>Deo</strong></span> <span class='ocrx_word' id='word_1_178' title='bbox 821 944 903 971; x_wconf 87' lang='lat' dir='ltr'><strong>chara</strong></span> <span class='ocrx_word' id='word_1_179' title='bbox 913 945 975 972; x_wconf 74' lang='lat' dir='ltr'><strong>ani—</strong></span> 
     </span>
    </p>
   </div>
   <div class='ocr_carea' id='block_1_29' title="bbox 186 986 972 1021">
    <p class='ocr_par' dir='ltr' id='par_1_29' title="bbox 186 986 972 1021">
     <span class='ocr_line' id='line_1_29' title="bbox 186 986 972 1021; baseline 0.006 -9"><span class='ocrx_word' id='word_1_180' title='bbox 186 993 229 1012; x_wconf 88' lang='lat' dir='ltr'><strong>ma</strong></span> <span class='ocrx_word' id='word_1_181' title='bbox 244 991 301 1018; x_wconf 84' lang='lat' dir='ltr'><strong>tua,</strong></span> <span class='ocrx_word' id='word_1_182' title='bbox 316 987 394 1021; x_wconf 87' lang='lat' dir='ltr'><strong>quasi</strong></span> <span class='ocrx_word' id='word_1_183' title='bbox 413 994 497 1013; x_wconf 91' lang='lat' dir='ltr'><strong>unum</strong></span> <span class='ocrx_word' id='word_1_184' title='bbox 509 994 542 1014; x_wconf 73' lang='lat' dir='ltr'><strong>ex</strong></span> <span class='ocrx_word' id='word_1_185' title='bbox 555 986 972 1021; x_wconf 81' lang='lat' dir='ltr'><strong>l&#39;amiliaribus,melleaali&#39;abili-</strong></span> 
     </span>
    </p>
   </div>
   <div class='ocr_carea' id='block_1_30' title="bbox 185 1031 975 1069">
    <p class='ocr_par' dir='ltr' id='par_1_30' title="bbox 185 1031 975 1069">
     <span class='ocr_line' id='line_1_30' title="bbox 185 1031 975 1069; baseline 0.006 -12"><span class='ocrx_word' id='word_1_186' title='bbox 185 1035 251 1062; x_wconf 87' lang='lat' dir='ltr'><strong>tate,</strong></span> <span class='ocrx_word' id='word_1_187' title='bbox 269 1031 403 1066; x_wconf 81' lang='lat' dir='ltr'><strong>hilarique</strong></span> <span class='ocrx_word' id='word_1_188' title='bbox 419 1031 495 1058; x_wconf 83' lang='lat' dir='ltr'><strong>vultu</strong></span> <span class='ocrx_word' id='word_1_189' title='bbox 517 1039 578 1059; x_wconf 87' lang='lat' dir='ltr'><strong>cum</strong></span> <span class='ocrx_word' id='word_1_190' title='bbox 594 1032 706 1060; x_wconf 85' lang='lat' dir='ltr'><strong>homine</strong></span> <span class='ocrx_word' id='word_1_191' title='bbox 722 1034 797 1060; x_wconf 89' lang='lat' dir='ltr'><strong>tenui</strong></span> <span class='ocrx_word' id='word_1_192' title='bbox 814 1034 975 1069; x_wconf 80' lang='lat' dir='ltr'><strong>colloquens</strong></span> 
     </span>
    </p>
   </div>
   <div class='ocr_carea' id='block_1_31' title="bbox 185 1077 976 1116">
    <p class='ocr_par' dir='ltr' id='par_1_31' title="bbox 185 1077 976 1116">
     <span class='ocr_line' id='line_1_31' title="bbox 185 1077 976 1116; baseline 0.005 -12"><span class='ocrx_word' id='word_1_193' title='bbox 185 1085 218 1105; x_wconf 85' lang='lat' dir='ltr'><strong>ac</strong></span> <span class='ocrx_word' id='word_1_194' title='bbox 233 1082 364 1105; x_wconf 83' lang='lat' dir='ltr'><strong>tractans.</strong></span> <span class='ocrx_word' id='word_1_195' title='bbox 374 1077 476 1106; x_wconf 86' lang='lat' dir='ltr'><strong>Deinde</strong></span> <span class='ocrx_word' id='word_1_196' title='bbox 495 1078 567 1113; x_wconf 92' lang='lat' dir='ltr'><strong>quod</strong></span> <span class='ocrx_word' id='word_1_197' title='bbox 579 1078 614 1106; x_wconf 89' lang='lat' dir='ltr'><strong>de</strong></span> <span class='ocrx_word' id='word_1_198' title='bbox 626 1079 710 1106; x_wconf 86' lang='lat' dir='ltr'><strong>rebus</strong></span> <span class='ocrx_word' id='word_1_199' title='bbox 723 1080 836 1113; x_wconf 85' lang='lat' dir='ltr'><strong>nostris,</strong></span> <span class='ocrx_word' id='word_1_200' title='bbox 852 1080 899 1115; x_wconf 91' lang='lat' dir='ltr'><strong>qui</strong></span> <span class='ocrx_word' id='word_1_201' title='bbox 913 1088 976 1116; x_wconf 86' lang='lat' dir='ltr'><strong>pec-</strong></span> 
     </span>
    </p>
   </div>
   <div class='ocr_carea' id='block_1_32' title="bbox 186 1123 976 1159">
    <p class='ocr_par' dir='ltr' id='par_1_32' title="bbox 186 1123 976 1159">
     <span class='ocr_line' id='line_1_32' title="bbox 186 1123 976 1159; baseline 0.004 -10"><span class='ocrx_word' id='word_1_202' title='bbox 186 1128 294 1150; x_wconf 88' lang='lat' dir='ltr'><strong>catores</strong></span> <span class='ocrx_word' id='word_1_203' title='bbox 321 1131 427 1157; x_wconf 88' lang='lat' dir='ltr'><strong>sutuus,</strong></span> <span class='ocrx_word' id='word_1_204' title='bbox 441 1128 469 1150; x_wconf 87' lang='lat' dir='ltr'><strong>et</strong></span> <span class='ocrx_word' id='word_1_205' title='bbox 490 1124 524 1150; x_wconf 90' lang='lat' dir='ltr'><strong>de</strong></span> <span class='ocrx_word' id='word_1_206' title='bbox 549 1123 693 1159; x_wconf 88' lang='lat' dir='ltr'><strong>utriusque</strong></span> <span class='ocrx_word' id='word_1_207' title='bbox 716 1129 839 1152; x_wconf 87' lang='lat' dir='ltr'><strong>nostrum</strong></span> <span class='ocrx_word' id='word_1_208' title='bbox 865 1125 976 1152; x_wconf 83' lang='lat' dir='ltr'><strong>humilis</strong></span> 
     </span>
    </p>
   </div>
   <div class='ocr_carea' id='block_1_33' title="bbox 187 1168 976 1204">
    <p class='ocr_par' dir='ltr' id='par_1_33' title="bbox 187 1168 976 1204">
     <span class='ocr_line' id='line_1_33' title="bbox 187 1168 976 1204; baseline 0.005 -9"><span class='ocrx_word' id='word_1_209' title='bbox 187 1169 310 1204; x_wconf 79' lang='lat' dir='ltr'><strong>corporis</strong></span> <span class='ocrx_word' id='word_1_210' title='bbox 323 1168 480 1196; x_wconf 87' lang='lat' dir='ltr'><strong>intirmitate</strong></span> <span class='ocrx_word' id='word_1_211' title='bbox 493 1169 630 1197; x_wconf 84' lang='lat' dir='ltr'><strong>sciscitata</strong></span> <span class='ocrx_word' id='word_1_212' title='bbox 643 1170 687 1201; x_wconf 89' lang='lat' dir='ltr'><strong>sit,</strong></span> <span class='ocrx_word' id='word_1_213' title='bbox 703 1174 731 1198; x_wconf 94' lang='lat' dir='ltr'><strong>et</strong></span> <span class='ocrx_word' id='word_1_214' title='bbox 742 1170 805 1197; x_wconf 89' lang='lat' dir='ltr'><strong>aliis</strong></span> <span class='ocrx_word' id='word_1_215' title='bbox 816 1171 906 1198; x_wconf 87' lang='lat' dir='ltr'><strong>modis</strong></span> <span class='ocrx_word' id='word_1_216' title='bbox 919 1179 976 1199; x_wconf 71' lang='lat' dir='ltr'><strong>sua!</strong></span> 
     </span>
    </p>
   </div>
   <div class='ocr_carea' id='block_1_34' title="bbox 186 1213 976 1248">
    <p class='ocr_par' dir='ltr' id='par_1_34' title="bbox 186 1213 976 1248">
     <span class='ocr_line' id='line_1_34' title="bbox 186 1213 976 1248; baseline 0.004 -8"><span class='ocrx_word' id='word_1_217' title='bbox 186 1215 214 1241; x_wconf 87' lang='lat' dir='ltr'><strong>in</strong></span> <span class='ocrx_word' id='word_1_218' title='bbox 232 1221 282 1240; x_wconf 87' lang='lat' dir='ltr'><strong>nos</strong></span> <span class='ocrx_word' id='word_1_219' title='bbox 297 1214 438 1241; x_wconf 86' lang='lat' dir='ltr'><strong>charitatis</strong></span> <span class='ocrx_word' id='word_1_220' title='bbox 455 1213 579 1242; x_wconf 72' lang='lat' dir='ltr'><strong>affectum</strong></span> <span class='ocrx_word' id='word_1_221' title='bbox 595 1214 756 1248; x_wconf 88' lang='lat' dir='ltr'><strong>ostenderit,</strong></span> <span class='ocrx_word' id='word_1_222' title='bbox 773 1215 842 1243; x_wconf 84' lang='lat' dir='ltr'><strong>adeo</strong></span> <span class='ocrx_word' id='word_1_223' title='bbox 855 1219 884 1242; x_wconf 94' lang='lat' dir='ltr'><strong>ut</strong></span> <span class='ocrx_word' id='word_1_224' title='bbox 901 1215 976 1243; x_wconf 87' lang='lat' dir='ltr'><strong>dice-</strong></span> 
     </span>
    </p>
   </div>
   <div class='ocr_carea' id='block_1_35' title="bbox 186 1259 977 1296">
    <p class='ocr_par' dir='ltr' id='par_1_35' title="bbox 186 1259 977 1296">
     <span class='ocr_line' id='line_1_35' title="bbox 186 1259 977 1296; baseline 0.003 -10"><span class='ocrx_word' id='word_1_225' title='bbox 186 1259 322 1294; x_wconf 80' lang='lat' dir='ltr'><strong>retzEgo</strong></span> <span class='ocrx_word' id='word_1_226' title='bbox 340 1260 368 1286; x_wconf 89' lang='lat' dir='ltr'><strong>in</strong></span> <span class='ocrx_word' id='word_1_227' title='bbox 393 1260 576 1294; x_wconf 82' lang='lat' dir='ltr'><strong>suspicionem</strong></span> <span class='ocrx_word' id='word_1_228' title='bbox 598 1261 669 1295; x_wconf 91' lang='lat' dir='ltr'><strong>apud</strong></span> <span class='ocrx_word' id='word_1_229' title='bbox 695 1268 742 1288; x_wconf 88' lang='lat' dir='ltr'><strong>eos</strong></span> <span class='ocrx_word' id='word_1_230' title='bbox 770 1261 816 1296; x_wconf 93' lang='lat' dir='ltr'><strong>qui</strong></span> <span class='ocrx_word' id='word_1_231' title='bbox 839 1267 904 1296; x_wconf 70' lang='lat' dir='ltr'><strong>erga</strong></span> <span class='ocrx_word' id='word_1_232' title='bbox 928 1268 977 1289; x_wconf 85' lang='lat' dir='ltr'><strong>ves</strong></span> 
     </span>
    </p>
   </div>
   <div class='ocr_carea' id='block_1_36' title="bbox 185 1305 976 1344">
    <p class='ocr_par' dir='ltr' id='par_1_36' title="bbox 185 1305 976 1344">
     <span class='ocr_line' id='line_1_36' title="bbox 185 1305 976 1344; baseline 0.003 -12"><span class='ocrx_word' id='word_1_233' title='bbox 185 1306 257 1333; x_wconf 90' lang='lat' dir='ltr'><strong>male</strong></span> <span class='ocrx_word' id='word_1_234' title='bbox 282 1305 370 1333; x_wconf 81' lang='lat' dir='ltr'><strong>ali‘ecti</strong></span> <span class='ocrx_word' id='word_1_235' title='bbox 386 1310 451 1333; x_wconf 89' lang='lat' dir='ltr'><strong>sunt</strong></span> <span class='ocrx_word' id='word_1_236' title='bbox 467 1307 557 1339; x_wconf 88' lang='lat' dir='ltr'><strong>venio,</strong></span> <span class='ocrx_word' id='word_1_237' title='bbox 577 1306 650 1341; x_wconf 89' lang='lat' dir='ltr'><strong>quod</strong></span> <span class='ocrx_word' id='word_1_238' title='bbox 665 1306 771 1344; x_wconf 82' lang='lat' dir='ltr'><strong>Studita</strong></span> <span class='ocrx_word' id='word_1_239' title='bbox 789 1306 839 1334; x_wconf 91' lang='lat' dir='ltr'><strong>sim</strong></span> <span class='ocrx_word' id='word_1_240' title='bbox 864 1315 872 1334; x_wconf 89' lang='lat'><strong>:</strong></span> <span class='ocrx_word' id='word_1_241' title='bbox 888 1310 916 1334; x_wconf 87' lang='lat' dir='ltr'><strong>et</strong></span> <span class='ocrx_word' id='word_1_242' title='bbox 928 1307 976 1334; x_wconf 87' lang='lat' dir='ltr'><strong>de-</strong></span> 
     </span>
    </p>
   </div>
   <div class='ocr_carea' id='block_1_37' title="bbox 187 1351 975 1388">
    <p class='ocr_par' dir='ltr' id='par_1_37' title="bbox 187 1351 975 1388">
     <span class='ocr_line' id='line_1_37' title="bbox 187 1351 975 1388; baseline 0 -10"><span class='ocrx_word' id='word_1_243' title='bbox 187 1356 356 1385; x_wconf 63' lang='lat' dir='ltr'><strong>precaretur,</strong></span> <span class='ocrx_word' id='word_1_244' title='bbox 383 1359 417 1379; x_wconf 91' lang='lat' dir='ltr'><strong>ne</strong></span> <span class='ocrx_word' id='word_1_245' title='bbox 443 1352 510 1379; x_wconf 89' lang='lat' dir='ltr'><strong>tanti</strong></span> <span class='ocrx_word' id='word_1_246' title='bbox 538 1352 641 1379; x_wconf 84' lang='lat' dir='ltr'><strong>amoris</strong></span> <span class='ocrx_word' id='word_1_247' title='bbox 671 1351 828 1387; x_wconf 70' lang='lat' dir='ltr'><strong>coniunctio</strong></span> <span class='ocrx_word' id='word_1_248' title='bbox 851 1359 975 1388; x_wconf 83' lang='lat' dir='ltr'><strong>unquam</strong></span> 
     </span>
    </p>
   </div>
   <div class='ocr_carea' id='block_1_38' title="bbox 186 1397 977 1434">
    <p class='ocr_par' dir='ltr' id='par_1_38' title="bbox 186 1397 977 1434">
     <span class='ocr_line' id='line_1_38' title="bbox 186 1397 977 1434; baseline 0.003 -10"><span class='ocrx_word' id='word_1_249' title='bbox 186 1397 374 1425; x_wconf 78' lang='lat' dir='ltr'><strong>labefactetur.</strong></span> <span class='ocrx_word' id='word_1_250' title='bbox 390 1397 452 1426; x_wconf 68' lang='lat' dir='ltr'><strong>Haec</strong></span> <span class='ocrx_word' id='word_1_251' title='bbox 470 1406 519 1426; x_wconf 90' lang='lat' dir='ltr'><strong>nos</strong></span> <span class='ocrx_word' id='word_1_252' title='bbox 535 1399 630 1426; x_wconf 87' lang='lat' dir='ltr'><strong>omnia</strong></span> <span class='ocrx_word' id='word_1_253' title='bbox 648 1399 831 1427; x_wconf 85' lang='lat' dir='ltr'><strong>devinxerunt</strong></span> <span class='ocrx_word' id='word_1_254' title='bbox 843 1403 872 1427; x_wconf 83' lang='lat' dir='ltr'><strong>et</strong></span> <span class='ocrx_word' id='word_1_255' title='bbox 890 1399 977 1434; x_wconf 81' lang='lat' dir='ltr'><strong>magis</strong></span> 
     </span>
    </p>
   </div>
   <div class='ocr_carea' id='block_1_39' title="bbox 187 1444 978 1480">
    <p class='ocr_par' dir='ltr' id='par_1_39' title="bbox 187 1444 978 1480">
     <span class='ocr_line' id='line_1_39' title="bbox 187 1444 978 1480; baseline 0 -9"><span class='ocrx_word' id='word_1_256' title='bbox 187 1445 329 1480; x_wconf 72' lang='lat' dir='ltr'><strong>magisque</strong></span> <span class='ocrx_word' id='word_1_257' title='bbox 342 1445 369 1472; x_wconf 92' lang='lat' dir='ltr'><strong>in</strong></span> <span class='ocrx_word' id='word_1_258' title='bbox 382 1444 488 1472; x_wconf 78' lang='lat' dir='ltr'><strong>sincera</strong></span> <span class='ocrx_word' id='word_1_259' title='bbox 499 1444 645 1472; x_wconf 79' lang='lat' dir='ltr'><strong>dilectione</strong></span> <span class='ocrx_word' id='word_1_260' title='bbox 659 1444 859 1472; x_wconf 80' lang='lat' dir='ltr'><strong>conﬁrmarunt</strong></span> <span class='ocrx_word' id='word_1_261' title='bbox 874 1448 905 1472; x_wconf 91' lang='lat' dir='ltr'><strong>ut</strong></span> <span class='ocrx_word' id='word_1_262' title='bbox 920 1445 978 1472; x_wconf 78' lang='lat' dir='ltr'><strong>haec</strong></span> 
     </span>
    </p>
   </div>
   <div class='ocr_carea' id='block_1_40' title="bbox 185 1488 977 1524">
    <p class='ocr_par' dir='ltr' id='par_1_40' title="bbox 185 1488 977 1524">
     <span class='ocr_line' id='line_1_40' title="bbox 185 1488 977 1524; baseline -0.001 -8"><span class='ocrx_word' id='word_1_263' title='bbox 185 1489 269 1516; x_wconf 80' lang='lat' dir='ltr'><strong>verba</strong></span> <span class='ocrx_word' id='word_1_264' title='bbox 293 1496 490 1524; x_wconf 85' lang='lat' dir='ltr'><strong>usurparemus</strong></span> <span class='ocrx_word' id='word_1_265' title='bbox 509 1498 515 1516; x_wconf 96' lang='lat'><strong>:</strong></span> <span class='ocrx_word' id='word_1_266' title='bbox 530 1488 686 1523; x_wconf 81' lang='lat' dir='ltr'><strong>Nunquam,</strong></span> <span class='ocrx_word' id='word_1_267' title='bbox 706 1496 723 1516; x_wconf 94' lang='lat' dir='ltr'><strong>o</strong></span> <span class='ocrx_word' id='word_1_268' title='bbox 736 1488 851 1516; x_wconf 90' lang='lat' dir='ltr'><strong>Domine</strong></span> <span class='ocrx_word' id='word_1_269' title='bbox 865 1489 977 1517; x_wconf 88' lang='lat' dir='ltr'><strong>univer-</strong></span> 
     </span>
    </p>
   </div>
   <div class='ocr_carea' id='block_1_41' title="bbox 188 1535 1011 1581">
    <p class='ocr_par' dir='ltr' id='par_1_41' title="bbox 188 1535 1011 1581">
     <span class='ocr_line' id='line_1_41' title="bbox 188 1535 1011 1581; baseline 0.001 -19"><span class='ocrx_word' id='word_1_270' title='bbox 188 1541 292 1567; x_wconf 82' lang='lat' dir='ltr'><strong>somm,</strong></span> <span class='ocrx_word' id='word_1_271' title='bbox 305 1535 429 1562; x_wconf 78' lang='lat' dir='ltr'><strong>oblivisci</strong></span> <span class='ocrx_word' id='word_1_272' title='bbox 443 1542 493 1562; x_wconf 82' lang='lat' dir='ltr'><strong>nos</strong></span> <span class='ocrx_word' id='word_1_273' title='bbox 510 1535 585 1562; x_wconf 87' lang='lat' dir='ltr'><strong>sinas</strong></span> <span class='ocrx_word' id='word_1_274' title='bbox 597 1535 699 1570; x_wconf 76' lang='lat' dir='ltr'><strong>egregii</strong></span> <span class='ocrx_word' id='word_1_275' title='bbox 717 1535 909 1568; x_wconf 83' lang='lat' dir='ltr'><strong>benefactoris,</strong></span> <span class='ocrx_word' id='word_1_276' title='bbox 919 1535 976 1568; x_wconf 82' lang='lat' dir='ltr'><strong>ﬁdi,</strong></span> <span class='ocrx_word' id='word_1_277' title='bbox 990 1552 1011 1581; x_wconf 67' lang='grc' dir='ltr'><strong>ο</strong></span> 
     </span>
    </p>
   </div>
   <div class='ocr_carea' id='block_1_42' title="bbox 187 1581 974 1617">
    <p class='ocr_par' dir='ltr' id='par_1_42' title="bbox 187 1581 974 1617">
     <span class='ocr_line' id='line_1_42' title="bbox 187 1581 974 1617; baseline 0.003 -10"><span class='ocrx_word' id='word_1_278' title='bbox 187 1581 335 1613; x_wconf 85' lang='lat' dir='ltr'><strong>unanimis,</strong></span> <span class='ocrx_word' id='word_1_279' title='bbox 363 1581 472 1616; x_wconf 88' lang='lat' dir='ltr'><strong>probati</strong></span> <span class='ocrx_word' id='word_1_280' title='bbox 498 1582 638 1614; x_wconf 82' lang='lat' dir='ltr'><strong>amatoris,</strong></span> <span class='ocrx_word' id='word_1_281' title='bbox 666 1582 738 1609; x_wconf 87' lang='lat' dir='ltr'><strong>sacri</strong></span> <span class='ocrx_word' id='word_1_282' title='bbox 767 1582 897 1614; x_wconf 85' lang='lat' dir='ltr'><strong>hominis,</strong></span> <span class='ocrx_word' id='word_1_283' title='bbox 925 1590 974 1617; x_wconf 88' lang='lat' dir='ltr'><strong>per</strong></span> 
     </span>
    </p>
   </div>
   <div class='ocr_carea' id='block_1_43' title="bbox 186 1627 975 1664">
    <p class='ocr_par' dir='ltr' id='par_1_43' title="bbox 186 1627 975 1664">
     <span class='ocr_line' id='line_1_43' title="bbox 186 1627 975 1664; baseline 0.003 -10"><span class='ocrx_word' id='word_1_284' title='bbox 186 1628 279 1654; x_wconf 89' lang='lat' dir='ltr'><strong>omnia</strong></span> <span class='ocrx_word' id='word_1_285' title='bbox 293 1632 320 1654; x_wconf 89' lang='lat' dir='ltr'><strong>et</strong></span> <span class='ocrx_word' id='word_1_286' title='bbox 336 1627 364 1654; x_wconf 93' lang='lat' dir='ltr'><strong>in</strong></span> <span class='ocrx_word' id='word_1_287' title='bbox 379 1628 508 1655; x_wconf 87' lang='lat' dir='ltr'><strong>omnibus</strong></span> <span class='ocrx_word' id='word_1_288' title='bbox 523 1628 621 1655; x_wconf 87' lang='lat' dir='ltr'><strong>tutoris</strong></span> <span class='ocrx_word' id='word_1_289' title='bbox 636 1636 667 1656; x_wconf 87' lang='lat' dir='ltr'><strong>ac</strong></span> <span class='ocrx_word' id='word_1_290' title='bbox 682 1629 800 1663; x_wconf 87' lang='lat' dir='ltr'><strong>patroni,</strong></span> <span class='ocrx_word' id='word_1_291' title='bbox 814 1628 934 1664; x_wconf 86' lang='lat' dir='ltr'><strong>Herique</strong></span> <span class='ocrx_word' id='word_1_292' title='bbox 948 1633 975 1656; x_wconf 87' lang='lat' dir='ltr'><strong>et</strong></span> 
     </span>
    </p>
   </div>
   <div class='ocr_carea' id='block_1_44' title="bbox 187 1673 976 1702">
    <p class='ocr_par' dir='ltr' id='par_1_44' title="bbox 187 1673 976 1702">
     <span class='ocr_line' id='line_1_44' title="bbox 187 1673 976 1702; baseline 0.003 -2"><span class='ocrx_word' id='word_1_293' title='bbox 187 1673 296 1701; x_wconf 89' lang='lat' dir='ltr'><strong>Domini</strong></span> <span class='ocrx_word' id='word_1_294' title='bbox 322 1674 409 1701; x_wconf 90' lang='lat' dir='ltr'><strong>nostri</strong></span> <span class='ocrx_word' id='word_1_295' title='bbox 429 1683 435 1700; x_wconf 88' lang='lat'><strong>:</strong></span> <span class='ocrx_word' id='word_1_296' title='bbox 452 1674 499 1701; x_wconf 89' lang='lat' dir='ltr'><strong>sed</strong></span> <span class='ocrx_word' id='word_1_297' title='bbox 517 1674 618 1702; x_wconf 67' lang='lat' dir='ltr'><strong>haereat</strong></span> <span class='ocrx_word' id='word_1_298' title='bbox 635 1675 662 1702; x_wconf 88' lang='lat' dir='ltr'><strong>in</strong></span> <span class='ocrx_word' id='word_1_299' title='bbox 675 1675 754 1702; x_wconf 88' lang='lat' dir='ltr'><strong>nobis</strong></span> <span class='ocrx_word' id='word_1_300' title='bbox 769 1674 871 1702; x_wconf 77' lang='lat' dir='ltr'><strong>inﬁxus</strong></span> <span class='ocrx_word' id='word_1_301' title='bbox 897 1682 976 1702; x_wconf 86' lang='lat' dir='ltr'><strong>amor</strong></span> 
     </span>
    </p>
   </div>
   <div class='ocr_carea' id='block_1_45' title="bbox 187 1716 977 1755">
    <p class='ocr_par' dir='ltr' id='par_1_45' title="bbox 187 1716 977 1755">
     <span class='ocr_line' id='line_1_45' title="bbox 187 1716 977 1755; baseline 0.004 -10"><span class='ocrx_word' id='word_1_302' title='bbox 187 1719 269 1746; x_wconf 90' lang='lat' dir='ltr'><strong>etiam</strong></span> <span class='ocrx_word' id='word_1_303' title='bbox 287 1725 345 1754; x_wconf 80' lang='lat' dir='ltr'><strong>post</strong></span> <span class='ocrx_word' id='word_1_304' title='bbox 361 1724 486 1753; x_wconf 85' lang='lat' dir='ltr'><strong>mortem,</strong></span> <span class='ocrx_word' id='word_1_305' title='bbox 503 1728 612 1755; x_wconf 88' lang='lat' dir='ltr'><strong>unaque</strong></span> <span class='ocrx_word' id='word_1_306' title='bbox 627 1720 654 1747; x_wconf 91' lang='lat' dir='ltr'><strong>in</strong></span> <span class='ocrx_word' id='word_1_307' title='bbox 669 1716 761 1748; x_wconf 76' lang='lat' dir='ltr'><strong>futuro</strong></span> <span class='ocrx_word' id='word_1_308' title='bbox 775 1721 875 1749; x_wconf 69' lang='lat' dir='ltr'><strong>saeculo</strong></span> <span class='ocrx_word' id='word_1_309' title='bbox 889 1721 977 1748; x_wconf 89' lang='lat' dir='ltr'><strong>comi-</strong></span> 
     </span>
    </p>
   </div>
   <div class='ocr_carea' id='block_1_46' title="bbox 189 1765 976 1801">
    <p class='ocr_par' dir='ltr' id='par_1_46' title="bbox 189 1765 976 1801">
     <span class='ocr_line' id='line_1_46' title="bbox 189 1765 976 1801; baseline 0.001 -9"><span class='ocrx_word' id='word_1_310' title='bbox 189 1769 272 1798; x_wconf 87' lang='lat' dir='ltr'><strong>tetur,</strong></span> <span class='ocrx_word' id='word_1_311' title='bbox 284 1766 395 1800; x_wconf 87' lang='lat' dir='ltr'><strong>quando</strong></span> <span class='ocrx_word' id='word_1_312' title='bbox 409 1773 459 1792; x_wconf 87' lang='lat' dir='ltr'><strong>nos</strong></span> <span class='ocrx_word' id='word_1_313' title='bbox 473 1765 589 1793; x_wconf 80' lang='lat' dir='ltr'><strong>invicem</strong></span> <span class='ocrx_word' id='word_1_314' title='bbox 605 1767 765 1801; x_wconf 78' lang='lat' dir='ltr'><strong>cognituros</strong></span> <span class='ocrx_word' id='word_1_315' title='bbox 780 1774 935 1801; x_wconf 86' lang='lat' dir='ltr'><strong>speramus,</strong></span> <span class='ocrx_word' id='word_1_316' title='bbox 949 1771 976 1793; x_wconf 91' lang='lat' dir='ltr'><strong>et</strong></span> 
     </span>
    </p>
   </div>
   <div class='ocr_carea' id='block_1_47' title="bbox 188 1812 976 1848">
    <p class='ocr_par' dir='ltr' id='par_1_47' title="bbox 188 1812 976 1848">
     <span class='ocr_line' id='line_1_47' title="bbox 188 1812 976 1848; baseline 0.001 -9"><span class='ocrx_word' id='word_1_317' title='bbox 188 1813 428 1848; x_wconf 78' lang='lat' dir='ltr'><strong>congratulaturos</strong></span> <span class='ocrx_word' id='word_1_318' title='bbox 443 1812 467 1839; x_wconf 94' lang='lat' dir='ltr'><strong>in</strong></span> <span class='ocrx_word' id='word_1_319' title='bbox 481 1813 535 1839; x_wconf 90' lang='lat' dir='ltr'><strong>Deo</strong></span> <span class='ocrx_word' id='word_1_320' title='bbox 548 1813 582 1840; x_wconf 86' lang='lat' dir='ltr'><strong>iis</strong></span> <span class='ocrx_word' id='word_1_321' title='bbox 598 1821 643 1847; x_wconf 90' lang='lat' dir='ltr'><strong>qm</strong></span> <span class='ocrx_word' id='word_1_322' title='bbox 660 1812 779 1848; x_wconf 86' lang='lat' dir='ltr'><strong>Spiritus</strong></span> <span class='ocrx_word' id='word_1_323' title='bbox 793 1813 912 1848; x_wconf 88' lang='lat' dir='ltr'><strong>impulsu</strong></span> <span class='ocrx_word' id='word_1_324' title='bbox 925 1821 976 1840; x_wconf 90' lang='lat' dir='ltr'><strong>nos</strong></span> 
     </span>
    </p>
   </div>
   <div class='ocr_carea' id='block_1_48' title="bbox 187 1858 974 1894">
    <p class='ocr_par' dir='ltr' id='par_1_48' title="bbox 187 1858 974 1894">
     <span class='ocr_line' id='line_1_48' title="bbox 187 1858 974 1894; baseline 0.001 -9"><span class='ocrx_word' id='word_1_325' title='bbox 187 1859 317 1886; x_wconf 81' lang='lat' dir='ltr'><strong>amarint.</strong></span> <span class='ocrx_word' id='word_1_326' title='bbox 336 1858 434 1886; x_wconf 85' lang='lat' dir='ltr'><strong>Verum</strong></span> <span class='ocrx_word' id='word_1_327' title='bbox 453 1859 516 1886; x_wconf 86' lang='lat' dir='ltr'><strong>hinc</strong></span> <span class='ocrx_word' id='word_1_328' title='bbox 531 1859 674 1893; x_wconf 85' lang='lat' dir='ltr'><strong>egrediens</strong></span> <span class='ocrx_word' id='word_1_329' title='bbox 689 1859 788 1890; x_wconf 85' lang='lat' dir='ltr'><strong>oratio,</strong></span> <span class='ocrx_word' id='word_1_330' title='bbox 811 1859 837 1886; x_wconf 91' lang='lat' dir='ltr'><strong>in</strong></span> <span class='ocrx_word' id='word_1_331' title='bbox 860 1859 974 1894; x_wconf 89' lang='lat' dir='ltr'><strong>duplici,</strong></span> 
     </span>
    </p>
   </div>
   <div class='ocr_carea' id='block_1_49' title="bbox 187 1903 977 1939">
    <p class='ocr_par' dir='ltr' id='par_1_49' title="bbox 187 1903 977 1939">
     <span class='ocr_line' id='line_1_49' title="bbox 187 1903 977 1939; baseline 0 -8"><span class='ocrx_word' id='word_1_332' title='bbox 187 1904 210 1931; x_wconf 90' lang='lat' dir='ltr'><strong>si</strong></span> <span class='ocrx_word' id='word_1_333' title='bbox 232 1904 322 1939; x_wconf 75' lang='lat' dir='ltr'><strong>iubes.</strong></span> <span class='ocrx_word' id='word_1_334' title='bbox 339 1908 501 1939; x_wconf 78' lang='lat' dir='ltr'><strong>argumento</strong></span> <span class='ocrx_word' id='word_1_335' title='bbox 521 1904 685 1930; x_wconf 88' lang='lat' dir='ltr'><strong>versabitur.</strong></span> <span class='ocrx_word' id='word_1_336' title='bbox 700 1903 730 1930; x_wconf 90' lang='lat' dir='ltr'><strong>In</strong></span> <span class='ocrx_word' id='word_1_337' title='bbox 755 1904 845 1939; x_wconf 84' lang='lat' dir='ltr'><strong>priore</strong></span> <span class='ocrx_word' id='word_1_338' title='bbox 867 1904 977 1939; x_wconf 81' lang='lat' dir='ltr'><strong>itaque,</strong></span> 
     </span>
    </p>
   </div>
   <div class='ocr_carea' id='block_1_50' title="bbox 186 1949 977 1986">
    <p class='ocr_par' dir='ltr' id='par_1_50' title="bbox 186 1949 977 1986">
     <span class='ocr_line' id='line_1_50' title="bbox 186 1949 977 1986; baseline -0.001 -8"><span class='ocrx_word' id='word_1_339' title='bbox 186 1951 234 1986; x_wconf 88' lang='lat' dir='ltr'><strong>qui</strong></span> <span class='ocrx_word' id='word_1_340' title='bbox 249 1959 346 1978; x_wconf 78' lang='lat' dir='ltr'><strong>sensus</strong></span> <span class='ocrx_word' id='word_1_341' title='bbox 360 1957 423 1978; x_wconf 85' lang='lat' dir='ltr'><strong>tuus</strong></span> <span class='ocrx_word' id='word_1_342' title='bbox 442 1949 534 1981; x_wconf 84' lang='lat' dir='ltr'><strong>fuerit,</strong></span> <span class='ocrx_word' id='word_1_343' title='bbox 549 1950 661 1977; x_wconf 83' lang='lat' dir='ltr'><strong>domine</strong></span> <span class='ocrx_word' id='word_1_344' title='bbox 676 1950 723 1983; x_wconf 85' lang='lat' dir='ltr'><strong>mi,</strong></span> <span class='ocrx_word' id='word_1_345' title='bbox 743 1950 813 1977; x_wconf 91' lang='lat' dir='ltr'><strong>idem</strong></span> <span class='ocrx_word' id='word_1_346' title='bbox 831 1955 859 1978; x_wconf 84' lang='lat' dir='ltr'><strong>et</strong></span> <span class='ocrx_word' id='word_1_347' title='bbox 884 1955 977 1978; x_wconf 86' lang='lat' dir='ltr'><strong>noster</strong></span> 
     </span>
    </p>
   </div>
   <div class='ocr_carea' id='block_1_51' title="bbox 188 1995 587 2031">
    <p class='ocr_par' dir='ltr' id='par_1_51' title="bbox 188 1995 587 2031">
     <span class='ocr_line' id='line_1_51' title="bbox 188 1995 587 2031; baseline -0.003 -8"><span class='ocrx_word' id='word_1_348' title='bbox 188 1997 251 2023; x_wconf 89' lang='lat' dir='ltr'><strong>erit.</strong></span> <span class='ocrx_word' id='word_1_349' title='bbox 268 1995 314 2023; x_wconf 90' lang='lat' dir='ltr'><strong>Sic</strong></span> <span class='ocrx_word' id='word_1_350' title='bbox 335 1996 420 2031; x_wconf 81' lang='lat' dir='ltr'><strong>igitur</strong></span> <span class='ocrx_word' id='word_1_351' title='bbox 435 1995 587 2023; x_wconf 89' lang='lat' dir='ltr'><strong>ordiamur.</strong></span> 
     </span>
    </p>
   </div>
   <div class='ocr_carea' id='block_1_52' title="bbox 1064 656 1803 704">
    <p class='ocr_par' dir='ltr' id='par_1_52' title="bbox 1064 656 1803 704">
     <span class='ocr_line' id='line_1_52' title="bbox 1064 656 1803 704; baseline -0.009 -8"><span class='ocrx_word' id='word_1_352' title='bbox 1064 668 1167 696; x_wconf 81' lang='grc' dir='ltr'>Πολλοῦ</span> <span class='ocrx_word' id='word_1_353' title='bbox 1185 668 1283 704; x_wconf 78' lang='grc' dir='ltr'><strong>χρέους</strong></span> <span class='ocrx_word' id='word_1_354' title='bbox 1299 656 1480 702; x_wconf 59' lang='grc' dir='ltr'>εὖχαριστιῶν</span> <span class='ocrx_word' id='word_1_355' title='bbox 1496 665 1546 692; x_wconf 73' lang='grc' dir='ltr'>καὶ</span> <span class='ocrx_word' id='word_1_356' title='bbox 1564 663 1718 698; x_wconf 85' lang='grc' dir='ltr'>ἀπολογιῶν</span> <span class='ocrx_word' id='word_1_357' title='bbox 1734 664 1803 690; x_wconf 81' lang='grc' dir='ltr'>ὑπεύ</span> 
     </span>
    </p>
   </div>
   <div class='ocr_carea' id='block_1_53' title="bbox 1029 709 1818 749">
    <p class='ocr_par' dir='ltr' id='par_1_53' title="bbox 1029 709 1818 749">
     <span class='ocr_line' id='line_1_53' title="bbox 1029 709 1818 749; baseline -0.009 -7"><span class='ocrx_word' id='word_1_358' title='bbox 1029 716 1102 743; x_wconf 89' lang='grc' dir='ltr'>θυνοι</span> <span class='ocrx_word' id='word_1_359' title='bbox 1134 715 1222 746; x_wconf 72' lang='grc' dir='ltr'>ὄντες,</span> <span class='ocrx_word' id='word_1_360' title='bbox 1265 713 1368 749; x_wconf 87' lang='grc' dir='ltr'>μικράν</span> <span class='ocrx_word' id='word_1_361' title='bbox 1389 719 1452 739; x_wconf 84' lang='grc' dir='ltr'>τινα</span> <span class='ocrx_word' id='word_1_362' title='bbox 1479 710 1628 746; x_wconf 77' lang='grc' dir='ltr'>νομίζομεν</span> <span class='ocrx_word' id='word_1_363' title='bbox 1663 709 1818 736; x_wconf 73' lang='grc' dir='ltr'><strong>ἀποδιδόναι</strong></span> 
     </span>
    </p>
   </div>
   <div class='ocr_carea' id='block_1_54' title="bbox 1028 756 1820 797">
    <p class='ocr_par' dir='ltr' id='par_1_54' title="bbox 1028 756 1820 797">
     <span class='ocr_line' id='line_1_54' title="bbox 1028 756 1820 797; baseline -0.005 -11"><span class='ocrx_word' id='word_1_364' title='bbox 1028 761 1139 797; x_wconf 71' lang='grc' dir='ltr'>ὀφειλὴν</span> <span class='ocrx_word' id='word_1_365' title='bbox 1155 761 1184 787; x_wconf 84' lang='grc' dir='ltr'><strong>ἐν</strong></span> <span class='ocrx_word' id='word_1_366' title='bbox 1203 762 1264 793; x_wconf 81' lang='grc' dir='ltr'>ταῖς</span> <span class='ocrx_word' id='word_1_367' title='bbox 1282 760 1351 796; x_wconf 75' lang='grc' dir='ltr'>πρὸς</span> <span class='ocrx_word' id='word_1_368' title='bbox 1366 759 1415 793; x_wconf 81' lang='grc' dir='ltr'>τὴν</span> <span class='ocrx_word' id='word_1_369' title='bbox 1441 757 1621 792; x_wconf 80' lang='grc' dir='ltr'>πανεύφημον</span> <span class='ocrx_word' id='word_1_370' title='bbox 1644 756 1691 783; x_wconf 77' lang='grc' dir='ltr'>καὶ</span> <span class='ocrx_word' id='word_1_371' title='bbox 1706 756 1820 790; x_wconf 81' lang='grc' dir='ltr'>παμπό-</span> 
     </span>
    </p>
   </div>
   <div class='ocr_carea' id='block_1_55' title="bbox 1029 801 1818 843">
    <p class='ocr_par' dir='ltr' id='par_1_55' title="bbox 1029 801 1818 843">
     <span class='ocr_line' id='line_1_55' title="bbox 1029 801 1818 843; baseline -0.005 -10"><span class='ocrx_word' id='word_1_372' title='bbox 1029 807 1111 843; x_wconf 78' lang='grc' dir='ltr'>θητόν</span> <span class='ocrx_word' id='word_1_373' title='bbox 1127 815 1174 833; x_wconf 80' lang='grc' dir='ltr'><strong>σου</strong></span> <span class='ocrx_word' id='word_1_374' title='bbox 1200 806 1339 841; x_wconf 77' lang='grc' dir='ltr'>ὑπεροχὴν</span> <span class='ocrx_word' id='word_1_375' title='bbox 1368 804 1421 830; x_wconf 77' lang='grc' dir='ltr'>ὑπὸ</span> <span class='ocrx_word' id='word_1_376' title='bbox 1446 804 1496 838; x_wconf 82' lang='grc' dir='ltr'>τῆς</span> <span class='ocrx_word' id='word_1_377' title='bbox 1519 802 1711 834; x_wconf 81' lang='grc' dir='ltr'><strong>ταπεινώσεως</strong></span> <span class='ocrx_word' id='word_1_378' title='bbox 1737 801 1818 837; x_wconf 79' lang='grc' dir='ltr'>ἡμῶν</span> 
     </span>
    </p>
   </div>
   <div class='ocr_carea' id='block_1_56' title="bbox 1029 848 1817 889">
    <p class='ocr_par' dir='ltr' id='par_1_56' title="bbox 1029 848 1817 889">
     <span class='ocr_line' id='line_1_56' title="bbox 1029 848 1817 889; baseline -0.008 -10"><span class='ocrx_word' id='word_1_379' title='bbox 1029 852 1281 889; x_wconf 78' lang='grc' dir='ltr'>ὲγχαραττομέναις</span> <span class='ocrx_word' id='word_1_380' title='bbox 1296 850 1463 882; x_wconf 76' lang='grc' dir='ltr'>ἐπιστολαῖς.</span> <span class='ocrx_word' id='word_1_381' title='bbox 1488 849 1564 876; x_wconf 76' lang='grc' dir='ltr'>Ἐπεὶ</span> <span class='ocrx_word' id='word_1_382' title='bbox 1580 849 1627 875; x_wconf 69' lang='grc' dir='ltr'>καὶ</span> <span class='ocrx_word' id='word_1_383' title='bbox 1641 848 1688 875; x_wconf 91' lang='grc' dir='ltr'><strong>νῦν</strong></span> <span class='ocrx_word' id='word_1_384' title='bbox 1710 848 1757 874; x_wconf 77' lang='grc' dir='ltr'><strong>ἐπὶ</strong></span> <span class='ocrx_word' id='word_1_385' title='bbox 1778 848 1817 883; x_wconf 80' lang='grc' dir='ltr'>τῷ</span> 
     </span>
    </p>
   </div>
   <div class='ocr_carea' id='block_1_57' title="bbox 1026 894 1818 933">
    <p class='ocr_par' dir='ltr' id='par_1_57' title="bbox 1026 894 1818 933">
     <span class='ocr_line' id='line_1_57' title="bbox 1026 894 1818 933; baseline -0.008 -7"><span class='ocrx_word' id='word_1_386' title='bbox 1026 898 1134 933; x_wconf 77' lang='grc' dir='ltr'>ἀδελφῷ</span> <span class='ocrx_word' id='word_1_387' title='bbox 1152 896 1300 932; x_wconf 81' lang='grc' dir='ltr'>Σιλουανῷ,</span> <span class='ocrx_word' id='word_1_388' title='bbox 1317 896 1343 923; x_wconf 85' lang='grc' dir='ltr'><strong>τί</strong></span> <span class='ocrx_word' id='word_1_389' title='bbox 1368 897 1415 923; x_wconf 74' lang='grc' dir='ltr'>καὶ</span> <span class='ocrx_word' id='word_1_390' title='bbox 1434 895 1680 931; x_wconf 83' lang='grc' dir='ltr'>ἀπολογησόμεθα;</span> <span class='ocrx_word' id='word_1_391' title='bbox 1708 894 1818 930; x_wconf 85' lang='grc' dir='ltr'>πρῶτον</span> 
     </span>
    </p>
   </div>
   <div class='ocr_carea' id='block_1_58' title="bbox 1029 939 1818 980">
    <p class='ocr_par' dir='ltr' id='par_1_58' title="bbox 1029 939 1818 980">
     <span class='ocr_line' id='line_1_58' title="bbox 1029 939 1818 980; baseline -0.006 -9"><span class='ocrx_word' id='word_1_392' title='bbox 1029 944 1077 980; x_wconf 77' lang='grc' dir='ltr'>μὲν</span> <span class='ocrx_word' id='word_1_393' title='bbox 1102 945 1143 971; x_wconf 85' lang='grc' dir='ltr'><strong>δτι</strong></span> <span class='ocrx_word' id='word_1_394' title='bbox 1164 943 1250 975; x_wconf 76' lang='grc' dir='ltr'>οὕτως</span> <span class='ocrx_word' id='word_1_395' title='bbox 1273 943 1355 970; x_wconf 69' lang='grc' dir='ltr'>αὑτὸν</span> <span class='ocrx_word' id='word_1_396' title='bbox 1374 944 1533 978; x_wconf 80' lang='grc' dir='ltr'>προσήκατο</span> <span class='ocrx_word' id='word_1_397' title='bbox 1551 941 1615 967; x_wconf 87' lang='grc' dir='ltr'>ίδείν</span> <span class='ocrx_word' id='word_1_398' title='bbox 1640 941 1658 976; x_wconf 86' lang='grc' dir='ltr'>ὴ</span> <span class='ocrx_word' id='word_1_399' title='bbox 1690 939 1818 975; x_wconf 84' lang='grc' dir='ltr'>θεοφιλής</span> 
     </span>
    </p>
   </div>
   <div class='ocr_carea' id='block_1_59' title="bbox 1027 984 1815 1024">
    <p class='ocr_par' dir='ltr' id='par_1_59' title="bbox 1027 984 1815 1024">
     <span class='ocr_line' id='line_1_59' title="bbox 1027 984 1815 1024; baseline -0.006 -9"><span class='ocrx_word' id='word_1_400' title='bbox 1027 997 1075 1016; x_wconf 84' lang='grc' dir='ltr'><strong>σου</strong></span> <span class='ocrx_word' id='word_1_401' title='bbox 1090 988 1163 1024; x_wconf 73' lang='grc' dir='ltr'>ψυχή</span> <span class='ocrx_word' id='word_1_402' title='bbox 1178 996 1184 1003; x_wconf 90' lang='grc'><strong>·</strong></span> <span class='ocrx_word' id='word_1_403' title='bbox 1202 989 1240 1020; x_wconf 85' lang='grc' dir='ltr'>ὡς</span> <span class='ocrx_word' id='word_1_404' title='bbox 1261 987 1311 1014; x_wconf 64' lang='grc' dir='ltr'><strong>ἕνα</strong></span> <span class='ocrx_word' id='word_1_405' title='bbox 1333 988 1394 1014; x_wconf 79' lang='grc' dir='ltr'>τινὰ</span> <span class='ocrx_word' id='word_1_406' title='bbox 1417 987 1472 1013; x_wconf 82' lang='grc' dir='ltr'>τῶν</span> <span class='ocrx_word' id='word_1_407' title='bbox 1501 986 1625 1021; x_wconf 85' lang='grc' dir='ltr'>συνήθων</span> <span class='ocrx_word' id='word_1_408' title='bbox 1639 992 1646 1000; x_wconf 95' lang='grc'><strong>·</strong></span> <span class='ocrx_word' id='word_1_409' title='bbox 1674 984 1815 1020; x_wconf 83' lang='grc' dir='ltr'>μειλιχίῳ,</span> 
     </span>
    </p>
   </div>
   <div class='ocr_carea' id='block_1_60' title="bbox 1026 1031 1819 1071">
    <p class='ocr_par' dir='ltr' id='par_1_60' title="bbox 1026 1031 1819 1071">
     <span class='ocr_line' id='line_1_60' title="bbox 1026 1031 1819 1071; baseline -0.005 -10"><span class='ocrx_word' id='word_1_410' title='bbox 1026 1035 1087 1071; x_wconf 75' lang='grc' dir='ltr'>ῆθει</span> <span class='ocrx_word' id='word_1_411' title='bbox 1112 1034 1160 1060; x_wconf 77' lang='grc' dir='ltr'>καὶ</span> <span class='ocrx_word' id='word_1_412' title='bbox 1191 1033 1345 1069; x_wconf 78' lang='grc' dir='ltr'>εὖπροσίτῳ</span> <span class='ocrx_word' id='word_1_413' title='bbox 1374 1031 1515 1068; x_wconf 81' lang='grc' dir='ltr'><strong>προσώπῳ</strong></span> <span class='ocrx_word' id='word_1_414' title='bbox 1548 1031 1741 1066; x_wconf 83' lang='grc' dir='ltr'>συλλαλήσασα</span> <span class='ocrx_word' id='word_1_415' title='bbox 1770 1031 1819 1058; x_wconf 84' lang='grc' dir='ltr'>καὶ</span> 
     </span>
    </p>
   </div>
   <div class='ocr_carea' id='block_1_61' title="bbox 1027 1077 1820 1116">
    <p class='ocr_par' dir='ltr' id='par_1_61' title="bbox 1027 1077 1820 1116">
     <span class='ocr_line' id='line_1_61' title="bbox 1027 1077 1820 1116; baseline -0.006 -8"><span class='ocrx_word' id='word_1_416' title='bbox 1027 1080 1265 1116; x_wconf 82' lang='grc' dir='ltr'>συνανακραθεῖσα</span> <span class='ocrx_word' id='word_1_417' title='bbox 1291 1080 1361 1115; x_wconf 82' lang='grc' dir='ltr'>μετὰ</span> <span class='ocrx_word' id='word_1_418' title='bbox 1395 1078 1443 1105; x_wconf 84' lang='grc' dir='ltr'><strong>τοῦ</strong></span> <span class='ocrx_word' id='word_1_419' title='bbox 1478 1077 1615 1110; x_wconf 84' lang='grc' dir='ltr'>εὐτελοῦς,</span> <span class='ocrx_word' id='word_1_420' title='bbox 1644 1078 1760 1104; x_wconf 77' lang='grc' dir='ltr'>Ἔπειτα</span> <span class='ocrx_word' id='word_1_421' title='bbox 1783 1077 1820 1103; x_wconf 83' lang='grc' dir='ltr'>τὰ</span> 
     </span>
    </p>
   </div>
   <div class='ocr_carea' id='block_1_62' title="bbox 1027 1124 1818 1162">
    <p class='ocr_par' dir='ltr' id='par_1_62' title="bbox 1027 1124 1818 1162">
     <span class='ocr_line' id='line_1_62' title="bbox 1027 1124 1818 1162; baseline -0.006 -8"><span class='ocrx_word' id='word_1_422' title='bbox 1027 1127 1092 1162; x_wconf 74' lang='grc' dir='ltr'>περὶ</span> <span class='ocrx_word' id='word_1_423' title='bbox 1111 1126 1190 1162; x_wconf 79' lang='grc' dir='ltr'>ἡμῶν</span> <span class='ocrx_word' id='word_1_424' title='bbox 1218 1126 1273 1153; x_wconf 82' lang='grc' dir='ltr'>τῶν</span> <span class='ocrx_word' id='word_1_425' title='bbox 1302 1124 1472 1161; x_wconf 80' lang='grc' dir='ltr'><strong>ἁμαρτωλῶν</strong></span> <span class='ocrx_word' id='word_1_426' title='bbox 1497 1124 1584 1156; x_wconf 75' lang='grc' dir='ltr'>οὕτως</span> <span class='ocrx_word' id='word_1_427' title='bbox 1611 1124 1818 1158; x_wconf 84' lang='grc' dir='ltr'>συνανακρτναι,</span> 
     </span>
    </p>
   </div>
   <div class='ocr_carea' id='block_1_63' title="bbox 1026 1170 1820 1209">
    <p class='ocr_par' dir='ltr' id='par_1_63' title="bbox 1026 1170 1820 1209">
     <span class='ocr_line' id='line_1_63' title="bbox 1026 1170 1820 1209; baseline -0.006 -8"><span class='ocrx_word' id='word_1_428' title='bbox 1026 1175 1076 1209; x_wconf 82' lang='grc' dir='ltr'>τήν</span> <span class='ocrx_word' id='word_1_429' title='bbox 1102 1182 1132 1200; x_wconf 87' lang='grc' dir='ltr'><strong>τε</strong></span> <span class='ocrx_word' id='word_1_430' title='bbox 1160 1173 1206 1200; x_wconf 84' lang='grc' dir='ltr'><strong>τοῦ</strong></span> <span class='ocrx_word' id='word_1_431' title='bbox 1235 1172 1400 1208; x_wconf 78' lang='grc' dir='ltr'><strong>ἀμφοτέρων</strong></span> <span class='ocrx_word' id='word_1_432' title='bbox 1428 1171 1507 1207; x_wconf 79' lang='grc' dir='ltr'>ἡμῶν</span> <span class='ocrx_word' id='word_1_433' title='bbox 1532 1170 1663 1198; x_wconf 76' lang='grc' dir='ltr'>ταπεινοῦ</span> <span class='ocrx_word' id='word_1_434' title='bbox 1692 1170 1820 1205; x_wconf 82' lang='grc' dir='ltr'>σώματος</span> 
     </span>
    </p>
   </div>
   <div class='ocr_carea' id='block_1_64' title="bbox 1026 1215 1819 1253">
    <p class='ocr_par' dir='ltr' id='par_1_64' title="bbox 1026 1215 1819 1253">
     <span class='ocr_line' id='line_1_64' title="bbox 1026 1215 1819 1253; baseline -0.008 -7"><span class='ocrx_word' id='word_1_435' title='bbox 1026 1219 1186 1251; x_wconf 80' lang='grc' dir='ltr'>ἀσθένειαν,</span> <span class='ocrx_word' id='word_1_436' title='bbox 1208 1219 1257 1245; x_wconf 79' lang='grc' dir='ltr'>καὶ</span> <span class='ocrx_word' id='word_1_437' title='bbox 1283 1218 1331 1253; x_wconf 87' lang='grc' dir='ltr'>τὴν</span> <span class='ocrx_word' id='word_1_438' title='bbox 1363 1216 1446 1251; x_wconf 83' lang='grc' dir='ltr'>ἄλλην</span> <span class='ocrx_word' id='word_1_439' title='bbox 1470 1216 1612 1252; x_wconf 83' lang='grc' dir='ltr'>ὑποφῆναι</span> <span class='ocrx_word' id='word_1_440' title='bbox 1640 1215 1819 1250; x_wconf 72' lang='grc' dir='ltr'>ἀγαπητικὴν</span> 
     </span>
    </p>
   </div>
   <div class='ocr_carea' id='block_1_65' title="bbox 1028 1261 1819 1295">
    <p class='ocr_par' dir='ltr' id='par_1_65' title="bbox 1028 1261 1819 1295">
     <span class='ocr_line' id='line_1_65' title="bbox 1028 1261 1819 1295; baseline -0.006 -3"><span class='ocrx_word' id='word_1_441' title='bbox 1028 1265 1214 1292; x_wconf 80' lang='grc' dir='ltr'>συνδιάθεσιν·</span> <span class='ocrx_word' id='word_1_442' title='bbox 1243 1264 1281 1295; x_wconf 86' lang='grc' dir='ltr'><strong>ὡς</strong></span> <span class='ocrx_word' id='word_1_443' title='bbox 1302 1263 1430 1290; x_wconf 88' lang='grc' dir='ltr'>τοσοῦτον</span> <span class='ocrx_word' id='word_1_444' title='bbox 1453 1263 1556 1290; x_wconf 73' lang='grc' dir='ltr'>εἰπεῖν’</span> <span class='ocrx_word' id='word_1_445' title='bbox 1583 1263 1626 1289; x_wconf 81' lang='grc' dir='ltr'>ὅτι</span> <span class='ocrx_word' id='word_1_446' title='bbox 1648 1262 1696 1289; x_wconf 78' lang='grc' dir='ltr'>καὶ</span> <span class='ocrx_word' id='word_1_447' title='bbox 1732 1261 1819 1288; x_wconf 67' lang='grc' dir='ltr'>Στουι</span> 
     </span>
    </p>
   </div>
   <div class='ocr_carea' id='block_1_66' title="bbox 1027 1306 1818 1346">
    <p class='ocr_par' dir='ltr' id='par_1_66' title="bbox 1027 1306 1818 1346">
     <span class='ocr_line' id='line_1_66' title="bbox 1027 1306 1818 1346; baseline -0.006 -9"><span class='ocrx_word' id='word_1_448' title='bbox 1027 1311 1128 1346; x_wconf 78' lang='grc' dir='ltr'>διώτης</span> <span class='ocrx_word' id='word_1_449' title='bbox 1160 1309 1350 1343; x_wconf 80' lang='grc' dir='ltr'>ὑποπτεύομαι</span> <span class='ocrx_word' id='word_1_450' title='bbox 1373 1309 1441 1343; x_wconf 77' lang='grc' dir='ltr'>πρός</span> <span class='ocrx_word' id='word_1_451' title='bbox 1469 1316 1551 1334; x_wconf 89' lang='grc' dir='ltr'>τινων</span> <span class='ocrx_word' id='word_1_452' title='bbox 1577 1307 1632 1334; x_wconf 80' lang='grc' dir='ltr'>τῶν</span> <span class='ocrx_word' id='word_1_453' title='bbox 1668 1306 1818 1337; x_wconf 76' lang='grc' dir='ltr'><strong>ἀντιθέτως</strong></span> 
     </span>
    </p>
   </div>
   <div class='ocr_carea' id='block_1_67' title="bbox 1029 1353 1819 1391">
    <p class='ocr_par' dir='ltr' id='par_1_67' title="bbox 1029 1353 1819 1391">
     <span class='ocr_line' id='line_1_67' title="bbox 1029 1353 1819 1391; baseline -0.004 -9"><span class='ocrx_word' id='word_1_454' title='bbox 1029 1355 1096 1391; x_wconf 71' lang='grc' dir='ltr'>πρὸς</span> <span class='ocrx_word' id='word_1_455' title='bbox 1122 1356 1195 1390; x_wconf 82' lang='grc' dir='ltr'>ὑμᾶς</span> <span class='ocrx_word' id='word_1_456' title='bbox 1211 1356 1348 1391; x_wconf 74' lang='grc' dir='ltr'>ἐχόντων’</span> <span class='ocrx_word' id='word_1_457' title='bbox 1366 1355 1414 1382; x_wconf 79' lang='grc' dir='ltr'>καὶ</span> <span class='ocrx_word' id='word_1_458' title='bbox 1440 1354 1472 1381; x_wconf 78' lang='grc' dir='ltr'>τὸ</span> <span class='ocrx_word' id='word_1_459' title='bbox 1494 1353 1666 1386; x_wconf 71' lang='grc' dir='ltr'>ἀπεύξασθαι</span> <span class='ocrx_word' id='word_1_460' title='bbox 1684 1354 1721 1389; x_wconf 87' lang='grc' dir='ltr'>μή</span> <span class='ocrx_word' id='word_1_461' title='bbox 1750 1359 1819 1380; x_wconf 84' lang='grc' dir='ltr'>ποτε</span> 
     </span>
    </p>
   </div>
   <div class='ocr_carea' id='block_1_68' title="bbox 1032 1398 1820 1436">
    <p class='ocr_par' dir='ltr' id='par_1_68' title="bbox 1032 1398 1820 1436">
     <span class='ocr_line' id='line_1_68' title="bbox 1032 1398 1820 1436; baseline -0.005 -8"><span class='ocrx_word' id='word_1_462' title='bbox 1032 1401 1161 1436; x_wconf 84' lang='grc' dir='ltr'>γενέσθαι</span> <span class='ocrx_word' id='word_1_463' title='bbox 1187 1401 1247 1428; x_wconf 78' lang='grc' dir='ltr'>τινὰ</span> <span class='ocrx_word' id='word_1_464' title='bbox 1279 1401 1383 1436; x_wconf 84' lang='grc' dir='ltr'>τρῶσιν</span> <span class='ocrx_word' id='word_1_465' title='bbox 1410 1401 1461 1436; x_wconf 86' lang='grc' dir='ltr'><strong>τῆς</strong></span> <span class='ocrx_word' id='word_1_466' title='bbox 1497 1399 1668 1435; x_wconf 76' lang='grc' dir='ltr'>τηλικαύτης</span> <span class='ocrx_word' id='word_1_467' title='bbox 1706 1398 1820 1434; x_wconf 84' lang='grc' dir='ltr'>φιλικῆς</span> 
     </span>
    </p>
   </div>
   <div class='ocr_carea' id='block_1_69' title="bbox 1028 1445 1820 1482">
    <p class='ocr_par' dir='ltr' id='par_1_69' title="bbox 1028 1445 1820 1482">
     <span class='ocr_line' id='line_1_69' title="bbox 1028 1445 1820 1482; baseline -0.004 -8"><span class='ocrx_word' id='word_1_468' title='bbox 1028 1447 1216 1482; x_wconf 77' lang='grc' dir='ltr'><strong>ἀνακράσεως.</strong></span> <span class='ocrx_word' id='word_1_469' title='bbox 1241 1447 1327 1474; x_wconf 85' lang='grc' dir='ltr'>Τοῦτο</span> <span class='ocrx_word' id='word_1_470' title='bbox 1345 1447 1406 1474; x_wconf 82' lang='grc' dir='ltr'>ὅλον</span> <span class='ocrx_word' id='word_1_471' title='bbox 1417 1446 1536 1478; x_wconf 81' lang='grc' dir='ltr'><strong>ἐξένισεν</strong></span> <span class='ocrx_word' id='word_1_472' title='bbox 1567 1447 1652 1482; x_wconf 74' lang='grc' dir='ltr'>ἡμᾶς,</span> <span class='ocrx_word' id='word_1_473' title='bbox 1680 1445 1728 1472; x_wconf 74' lang='grc' dir='ltr'>καὶ</span> <span class='ocrx_word' id='word_1_474' title='bbox 1752 1453 1820 1471; x_wconf 88' lang='grc' dir='ltr'>συν-</span> 
     </span>
    </p>
   </div>
   <div class='ocr_carea' id='block_1_70' title="bbox 1029 1491 1822 1529">
    <p class='ocr_par' dir='ltr' id='par_1_70' title="bbox 1029 1491 1822 1529">
     <span class='ocr_line' id='line_1_70' title="bbox 1029 1491 1822 1529; baseline -0.003 -10"><span class='ocrx_word' id='word_1_475' title='bbox 1029 1492 1162 1529; x_wconf 78' lang='grc' dir='ltr'>ερῤίζωαε</span> <span class='ocrx_word' id='word_1_476' title='bbox 1195 1493 1295 1528; x_wconf 79' lang='grc' dir='ltr'>μᾶλλον</span> <span class='ocrx_word' id='word_1_477' title='bbox 1331 1493 1378 1519; x_wconf 79' lang='grc' dir='ltr'>καὶ</span> <span class='ocrx_word' id='word_1_478' title='bbox 1410 1492 1512 1528; x_wconf 83' lang='grc' dir='ltr'>μᾶλλον</span> <span class='ocrx_word' id='word_1_479' title='bbox 1540 1492 1569 1518; x_wconf 80' lang='grc' dir='ltr'><strong>ὲν</strong></span> <span class='ocrx_word' id='word_1_480' title='bbox 1597 1493 1631 1528; x_wconf 84' lang='grc' dir='ltr'>τῇ</span> <span class='ocrx_word' id='word_1_481' title='bbox 1673 1491 1822 1526; x_wconf 74' lang='grc' dir='ltr'><strong>εἰλικρινεῖ</strong></span> 
     </span>
    </p>
   </div>
   <div class='ocr_carea' id='block_1_71' title="bbox 1029 1535 1820 1575">
    <p class='ocr_par' dir='ltr' id='par_1_71' title="bbox 1029 1535 1820 1575">
     <span class='ocr_line' id='line_1_71' title="bbox 1029 1535 1820 1575; baseline -0.004 -9"><span class='ocrx_word' id='word_1_482' title='bbox 1029 1539 1114 1574; x_wconf 83' lang='grc' dir='ltr'>αὐτῆς</span> <span class='ocrx_word' id='word_1_483' title='bbox 1129 1539 1267 1575; x_wconf 80' lang='grc' dir='ltr'>ἀγαπήσει</span> <span class='ocrx_word' id='word_1_484' title='bbox 1281 1539 1316 1566; x_wconf 84' lang='grc' dir='ltr'>τὰ</span> <span class='ocrx_word' id='word_1_485' title='bbox 1331 1539 1400 1566; x_wconf 76' lang='grc' dir='ltr'>αὐτὰ</span> <span class='ocrx_word' id='word_1_486' title='bbox 1420 1538 1557 1572; x_wconf 80' lang='grc' dir='ltr'>λέγοντες·</span> <span class='ocrx_word' id='word_1_487' title='bbox 1577 1538 1623 1571; x_wconf 84' lang='grc' dir='ltr'><strong>Μή</strong></span> <span class='ocrx_word' id='word_1_488' title='bbox 1642 1546 1719 1569; x_wconf 85' lang='grc' dir='ltr'>ποτε,</span> <span class='ocrx_word' id='word_1_489' title='bbox 1739 1535 1761 1564; x_wconf 78' lang='grc' dir='ltr'>ὦ</span> <span class='ocrx_word' id='word_1_490' title='bbox 1775 1537 1820 1563; x_wconf 81' lang='grc' dir='ltr'><strong>δέ-</strong></span> 
     </span>
    </p>
   </div>
   <div class='ocr_carea' id='block_1_72' title="bbox 1029 1583 1821 1620">
    <p class='ocr_par' dir='ltr' id='par_1_72' title="bbox 1029 1583 1821 1620">
     <span class='ocr_line' id='line_1_72' title="bbox 1029 1583 1821 1620; baseline -0.005 -7"><span class='ocrx_word' id='word_1_491' title='bbox 1029 1594 1125 1619; x_wconf 83' lang='grc' dir='ltr'>σποτα,</span> <span class='ocrx_word' id='word_1_492' title='bbox 1151 1586 1205 1612; x_wconf 79' lang='grc' dir='ltr'><strong>τῶν</strong></span> <span class='ocrx_word' id='word_1_493' title='bbox 1237 1586 1367 1613; x_wconf 82' lang='grc' dir='ltr'>ἁπάντων</span> <span class='ocrx_word' id='word_1_494' title='bbox 1389 1585 1460 1620; x_wconf 80' lang='grc' dir='ltr'>δῲης</span> <span class='ocrx_word' id='word_1_495' title='bbox 1483 1586 1550 1620; x_wconf 83' lang='grc' dir='ltr'>ἡμῖν</span> <span class='ocrx_word' id='word_1_496' title='bbox 1577 1583 1753 1611; x_wconf 72' lang='grc' dir='ltr'>ἐπιλαθέσθαι</span> <span class='ocrx_word' id='word_1_497' title='bbox 1769 1583 1821 1609; x_wconf 62' lang='grc' dir='ltr'>τοῦ</span> 
     </span>
    </p>
   </div>
   <div class='ocr_carea' id='block_1_73' title="bbox 1028 1629 1820 1666">
    <p class='ocr_par' dir='ltr' id='par_1_73' title="bbox 1028 1629 1820 1666">
     <span class='ocr_line' id='line_1_73' title="bbox 1028 1629 1820 1666; baseline -0.004 -8"><span class='ocrx_word' id='word_1_498' title='bbox 1028 1631 1110 1658; x_wconf 86' lang='grc' dir='ltr'>καλοῦ</span> <span class='ocrx_word' id='word_1_499' title='bbox 1129 1632 1273 1666; x_wconf 79' lang='grc' dir='ltr'>εὐεργέτου</span> <span class='ocrx_word' id='word_1_500' title='bbox 1285 1652 1293 1663; x_wconf 81' lang='lat'><strong><em>.</em></strong></span> <span class='ocrx_word' id='word_1_501' title='bbox 1303 1632 1350 1658; x_wconf 86' lang='grc' dir='ltr'><strong>τοῦ</strong></span> <span class='ocrx_word' id='word_1_502' title='bbox 1362 1633 1458 1658; x_wconf 79' lang='grc' dir='ltr'>πιστοῦ</span> <span class='ocrx_word' id='word_1_503' title='bbox 1477 1630 1632 1666; x_wconf 66' lang='grc' dir='ltr'>συμύύχου,</span> <span class='ocrx_word' id='word_1_504' title='bbox 1644 1629 1691 1656; x_wconf 79' lang='grc' dir='ltr'><strong>τοῦ</strong></span> <span class='ocrx_word' id='word_1_505' title='bbox 1704 1629 1820 1664; x_wconf 77' lang='grc' dir='ltr'>δοκίμου</span> 
     </span>
    </p>
   </div>
   <div class='ocr_carea' id='block_1_74' title="bbox 1028 1675 1821 1714">
    <p class='ocr_par' dir='ltr' id='par_1_74' title="bbox 1028 1675 1821 1714">
     <span class='ocr_line' id='line_1_74' title="bbox 1028 1675 1821 1714; baseline -0.004 -10"><span class='ocrx_word' id='word_1_506' title='bbox 1028 1677 1155 1713; x_wconf 76' lang='grc' dir='ltr'>ἐραστοῦ,</span> <span class='ocrx_word' id='word_1_507' title='bbox 1169 1679 1216 1704; x_wconf 88' lang='grc' dir='ltr'><strong>τοῦ</strong></span> <span class='ocrx_word' id='word_1_508' title='bbox 1245 1678 1319 1711; x_wconf 69' lang='grc' dir='ltr'>ἱεροῦ</span> <span class='ocrx_word' id='word_1_509' title='bbox 1339 1678 1495 1714; x_wconf 80' lang='grc' dir='ltr'>ἀνθρώπου,</span> <span class='ocrx_word' id='word_1_510' title='bbox 1517 1676 1565 1704; x_wconf 83' lang='grc' dir='ltr'><strong>τοῦ</strong></span> <span class='ocrx_word' id='word_1_511' title='bbox 1592 1676 1665 1703; x_wconf 81' lang='grc' dir='ltr'>κατὰ</span> <span class='ocrx_word' id='word_1_512' title='bbox 1682 1675 1772 1702; x_wconf 82' lang='grc' dir='ltr'>πάντα</span> <span class='ocrx_word' id='word_1_513' title='bbox 1789 1675 1821 1701; x_wconf 87' lang='grc' dir='ltr'><strong>ὲν</strong></span> 
     </span>
    </p>
   </div>
   <div class='ocr_carea' id='block_1_75' title="bbox 1029 1721 1820 1758">
    <p class='ocr_par' dir='ltr' id='par_1_75' title="bbox 1029 1721 1820 1758">
     <span class='ocr_line' id='line_1_75' title="bbox 1029 1721 1820 1758; baseline -0.004 -9"><span class='ocrx_word' id='word_1_514' title='bbox 1029 1724 1095 1749; x_wconf 82' lang='grc' dir='ltr'>πᾶσι</span> <span class='ocrx_word' id='word_1_515' title='bbox 1122 1723 1169 1749; x_wconf 77' lang='grc' dir='ltr'>καὶ</span> <span class='ocrx_word' id='word_1_516' title='bbox 1196 1723 1348 1758; x_wconf 84' lang='grc' dir='ltr'>προστάτου</span> <span class='ocrx_word' id='word_1_517' title='bbox 1374 1723 1422 1749; x_wconf 73' lang='grc' dir='ltr'>καὶ</span> <span class='ocrx_word' id='word_1_518' title='bbox 1448 1722 1609 1757; x_wconf 79' lang='grc' dir='ltr'>κηδεμόνος,</span> <span class='ocrx_word' id='word_1_519' title='bbox 1636 1721 1683 1748; x_wconf 80' lang='grc' dir='ltr'>καὶ</span> <span class='ocrx_word' id='word_1_520' title='bbox 1712 1721 1820 1756; x_wconf 81' lang='grc' dir='ltr'>Κυρίου</span> 
     </span>
    </p>
   </div>
   <div class='ocr_carea' id='block_1_76' title="bbox 1031 1765 1822 1802">
    <p class='ocr_par' dir='ltr' id='par_1_76' title="bbox 1031 1765 1822 1802">
     <span class='ocr_line' id='line_1_76' title="bbox 1031 1765 1822 1802; baseline -0.004 -8"><span class='ocrx_word' id='word_1_521' title='bbox 1031 1767 1111 1802; x_wconf 77' lang='grc' dir='ltr'>ἡμῶν</span> <span class='ocrx_word' id='word_1_522' title='bbox 1130 1767 1178 1794; x_wconf 70' lang='grc' dir='ltr'>καὶ</span> <span class='ocrx_word' id='word_1_523' title='bbox 1191 1767 1328 1794; x_wconf 86' lang='grc' dir='ltr'>Δεσπότου</span> <span class='ocrx_word' id='word_1_524' title='bbox 1340 1776 1347 1784; x_wconf 75' lang='grc' dir='ltr'><strong><em>ο</em></strong></span> <span class='ocrx_word' id='word_1_525' title='bbox 1370 1767 1428 1794; x_wconf 83' lang='grc' dir='ltr'>ἀλλ’</span> <span class='ocrx_word' id='word_1_526' title='bbox 1444 1767 1487 1802; x_wconf 87' lang='grc' dir='ltr'>εἴη</span> <span class='ocrx_word' id='word_1_527' title='bbox 1502 1767 1532 1794; x_wconf 78' lang='grc' dir='ltr'>τὸ</span> <span class='ocrx_word' id='word_1_528' title='bbox 1546 1767 1659 1802; x_wconf 79' lang='grc' dir='ltr'>φίλτρον</span> <span class='ocrx_word' id='word_1_529' title='bbox 1684 1766 1732 1792; x_wconf 84' lang='grc' dir='ltr'>καὶ</span> <span class='ocrx_word' id='word_1_530' title='bbox 1749 1765 1822 1800; x_wconf 77' lang='grc' dir='ltr'>μετὰ</span> 
     </span>
    </p>
   </div>
   <div class='ocr_carea' id='block_1_77' title="bbox 1029 1812 1824 1848">
    <p class='ocr_par' dir='ltr' id='par_1_77' title="bbox 1029 1812 1824 1848">
     <span class='ocr_line' id='line_1_77' title="bbox 1029 1812 1824 1848; baseline -0.001 -10"><span class='ocrx_word' id='word_1_531' title='bbox 1029 1813 1133 1847; x_wconf 79' lang='grc' dir='ltr'>πότμον</span> <span class='ocrx_word' id='word_1_532' title='bbox 1146 1812 1268 1845; x_wconf 81' lang='grc' dir='ltr'>ὲνιζάνον</span> <span class='ocrx_word' id='word_1_533' title='bbox 1289 1814 1318 1840; x_wconf 82' lang='grc' dir='ltr'>ἐν</span> <span class='ocrx_word' id='word_1_534' title='bbox 1330 1813 1398 1848; x_wconf 78' lang='grc' dir='ltr'>ἡμῖν</span> <span class='ocrx_word' id='word_1_535' title='bbox 1409 1821 1417 1828; x_wconf 88' lang='grc'>·</span> <span class='ocrx_word' id='word_1_536' title='bbox 1436 1813 1537 1848; x_wconf 74' lang='grc' dir='ltr'>μᾶλλον</span> <span class='ocrx_word' id='word_1_537' title='bbox 1557 1812 1586 1839; x_wconf 85' lang='grc' dir='ltr'>δὲ</span> <span class='ocrx_word' id='word_1_538' title='bbox 1599 1813 1647 1839; x_wconf 81' lang='grc' dir='ltr'>καὶ</span> <span class='ocrx_word' id='word_1_539' title='bbox 1662 1819 1785 1847; x_wconf 83' lang='grc' dir='ltr'>συμμετε</span> <span class='ocrx_word' id='word_1_540' title='bbox 1790 1820 1824 1846; x_wconf 90' lang='grc' dir='ltr'><strong>ρ-</strong></span> 
     </span>
    </p>
   </div>
   <div class='ocr_carea' id='block_1_78' title="bbox 1028 1855 1823 1894">
    <p class='ocr_par' dir='ltr' id='par_1_78' title="bbox 1028 1855 1823 1894">
     <span class='ocr_line' id='line_1_78' title="bbox 1028 1855 1823 1894; baseline -0.001 -10"><span class='ocrx_word' id='word_1_541' title='bbox 1028 1858 1141 1892; x_wconf 81' lang='grc' dir='ltr'>χύμενον</span> <span class='ocrx_word' id='word_1_542' title='bbox 1165 1859 1195 1885; x_wconf 83' lang='grc' dir='ltr'><strong>ὲν</strong></span> <span class='ocrx_word' id='word_1_543' title='bbox 1213 1858 1253 1894; x_wconf 84' lang='grc' dir='ltr'>τῷ</span> <span class='ocrx_word' id='word_1_544' title='bbox 1283 1859 1408 1893; x_wconf 83' lang='grc' dir='ltr'>μέλλοντι</span> <span class='ocrx_word' id='word_1_545' title='bbox 1430 1858 1521 1891; x_wconf 78' lang='grc' dir='ltr'>αἰῶνι,</span> <span class='ocrx_word' id='word_1_546' title='bbox 1549 1859 1578 1885; x_wconf 84' lang='grc' dir='ltr'><strong>ὲν</strong></span> <span class='ocrx_word' id='word_1_547' title='bbox 1603 1855 1626 1892; x_wconf 82' lang='grc' dir='ltr'>ᾧ</span> <span class='ocrx_word' id='word_1_548' title='bbox 1652 1858 1823 1893; x_wconf 79' lang='grc' dir='ltr'>πιστεύομεν</span> 
     </span>
    </p>
   </div>
   <div class='ocr_carea' id='block_1_79' title="bbox 1028 1904 1823 1940">
    <p class='ocr_par' dir='ltr' id='par_1_79' title="bbox 1028 1904 1823 1940">
     <span class='ocr_line' id='line_1_79' title="bbox 1028 1904 1823 1940; baseline 0 -10"><span class='ocrx_word' id='word_1_549' title='bbox 1028 1904 1173 1939; x_wconf 77' lang='grc' dir='ltr'>γνωρίζειν</span> <span class='ocrx_word' id='word_1_550' title='bbox 1195 1904 1330 1940; x_wconf 80' lang='grc' dir='ltr'>ἀλλήλους</span> <span class='ocrx_word' id='word_1_551' title='bbox 1344 1913 1352 1921; x_wconf 88' lang='grc'><strong>·</strong></span> <span class='ocrx_word' id='word_1_552' title='bbox 1376 1905 1424 1932; x_wconf 84' lang='grc' dir='ltr'><strong>καί</strong></span> <span class='ocrx_word' id='word_1_553' title='bbox 1446 1905 1609 1940; x_wconf 85' lang='grc' dir='ltr'>συγχαίρειν</span> <span class='ocrx_word' id='word_1_554' title='bbox 1629 1906 1658 1931; x_wconf 82' lang='grc' dir='ltr'>ὲν</span> <span class='ocrx_word' id='word_1_555' title='bbox 1677 1904 1737 1940; x_wconf 84' lang='grc' dir='ltr'><strong>Θεῷ</strong></span> <span class='ocrx_word' id='word_1_556' title='bbox 1753 1904 1823 1936; x_wconf 74' lang='grc' dir='ltr'>τοὺς</span> 
     </span>
    </p>
   </div>
   <div class='ocr_carea' id='block_1_80' title="bbox 1027 1948 1822 1986">
    <p class='ocr_par' dir='ltr' id='par_1_80' title="bbox 1027 1948 1822 1986">
     <span class='ocr_line' id='line_1_80' title="bbox 1027 1948 1822 1986; baseline 0.001 -11"><span class='ocrx_word' id='word_1_557' title='bbox 1027 1948 1197 1984; x_wconf 83' lang='grc' dir='ltr'>φιλήσαντας</span> <span class='ocrx_word' id='word_1_558' title='bbox 1215 1950 1329 1982; x_wconf 68' lang='grc' dir='ltr'>ἑαυτοὺς</span> <span class='ocrx_word' id='word_1_559' title='bbox 1345 1951 1614 1986; x_wconf 85' lang='grc' dir='ltr'>πνευματοκινήτως.</span> <span class='ocrx_word' id='word_1_560' title='bbox 1641 1950 1710 1977; x_wconf 82' lang='grc' dir='ltr'>Ἀλλ’</span> <span class='ocrx_word' id='word_1_561' title='bbox 1725 1949 1822 1976; x_wconf 78' lang='grc' dir='ltr'>ἐντεῦ-</span> 
     </span>
    </p>
   </div>
   <div class='ocr_carea' id='block_1_81' title="bbox 1027 1994 1821 2039">
    <p class='ocr_par' dir='ltr' id='par_1_81' title="bbox 1027 1994 1821 2039">
     <span class='ocr_line' id='line_1_81' title="bbox 1027 1994 1821 2039; baseline 0.001 -17"><span class='ocrx_word' id='word_1_562' title='bbox 1027 1994 1073 2022; x_wconf 84' lang='grc' dir='ltr'><strong>θεν</strong></span> <span class='ocrx_word' id='word_1_563' title='bbox 1098 1996 1113 2022; x_wconf 82' lang='grc' dir='ltr'><strong><em>ὁ</em></strong></span> <span class='ocrx_word' id='word_1_564' title='bbox 1138 1996 1216 2030; x_wconf 83' lang='grc' dir='ltr'>λόγος</span> <span class='ocrx_word' id='word_1_565' title='bbox 1233 1995 1370 2031; x_wconf 85' lang='grc' dir='ltr'>μετελθὼν</span> <span class='ocrx_word' id='word_1_566' title='bbox 1391 1997 1420 2022; x_wconf 85' lang='grc' dir='ltr'><strong>ὲν</strong></span> <span class='ocrx_word' id='word_1_567' title='bbox 1440 1997 1501 2028; x_wconf 83' lang='grc' dir='ltr'>ταῖς</span> <span class='ocrx_word' id='word_1_568' title='bbox 1530 1996 1608 2023; x_wconf 74' lang='grc' dir='ltr'>δυσὶν</span> <span class='ocrx_word' id='word_1_569' title='bbox 1637 1997 1821 2039; x_wconf 62' lang='grc' dir='ltr'><strong>ὑποθέσεσινν</strong></span> 
     </span>
    </p>
   </div>
   <div class='ocr_carea' id='block_1_82' title="bbox 188 2037 1822 2078">
    <p class='ocr_par' dir='ltr' id='par_1_82' title="bbox 188 2037 1822 2078">
     <span class='ocr_line' id='line_1_82' title="bbox 188 2037 1822 2078; baseline 0 -9"><span class='ocrx_word' id='word_1_570' title='bbox 188 2041 369 2076; x_wconf 69' lang='grc' dir='ltr'>ἰνδιατρίψειε</span> <span class='ocrx_word' id='word_1_571' title='bbox 386 2041 456 2068; x_wconf 82' lang='grc' dir='ltr'>κατὰ</span> <span class='ocrx_word' id='word_1_572' title='bbox 475 2041 525 2076; x_wconf 83' lang='grc' dir='ltr'><strong>τὴν</strong></span> <span class='ocrx_word' id='word_1_573' title='bbox 544 2041 686 2068; x_wconf 78' lang='grc' dir='ltr'>κέλευσιν·</span> <span class='ocrx_word' id='word_1_574' title='bbox 703 2040 750 2066; x_wconf 72' lang='grc' dir='ltr'><strong>ὲπὶ</strong></span> <span class='ocrx_word' id='word_1_575' title='bbox 777 2039 827 2075; x_wconf 80' lang='grc' dir='ltr'>μὲν</span> <span class='ocrx_word' id='word_1_576' title='bbox 846 2037 893 2067; x_wconf 77' lang='grc' dir='ltr'><strong>οῦν</strong></span> <span class='ocrx_word' id='word_1_577' title='bbox 922 2040 972 2075; x_wconf 82' lang='grc' dir='ltr'><strong>τῆς</strong></span> <span class='ocrx_word' id='word_1_578' title='bbox 989 2039 1111 2075; x_wconf 80' lang='grc' dir='ltr'>πρώτης,</span> <span class='ocrx_word' id='word_1_579' title='bbox 1144 2041 1182 2072; x_wconf 79' lang='grc' dir='ltr'><strong>ὡς</strong></span> <span class='ocrx_word' id='word_1_580' title='bbox 1204 2040 1287 2076; x_wconf 77' lang='grc' dir='ltr'>ἔχεις,</span> <span class='ocrx_word' id='word_1_581' title='bbox 1302 2041 1316 2067; x_wconf 85' lang='grc' dir='ltr'>ὁ</span> <span class='ocrx_word' id='word_1_582' title='bbox 1331 2041 1426 2076; x_wconf 83' lang='grc' dir='ltr'>κύριος</span> <span class='ocrx_word' id='word_1_583' title='bbox 1460 2041 1551 2076; x_wconf 83' lang='grc' dir='ltr'>ἡμῶν,</span> <span class='ocrx_word' id='word_1_584' title='bbox 1569 2041 1658 2074; x_wconf 78' lang='grc' dir='ltr'>οὕτως</span> <span class='ocrx_word' id='word_1_585' title='bbox 1673 2043 1721 2069; x_wconf 73' lang='grc' dir='ltr'>καὶ</span> <span class='ocrx_word' id='word_1_586' title='bbox 1734 2037 1822 2078; x_wconf 73' lang='grc' dir='ltr'>ἡμεῖς</span> 
     </span>
    </p>
   </div>
   <div class='ocr_carea' id='block_1_83' title="bbox 185 2085 884 2122">
    <p class='ocr_par' dir='ltr' id='par_1_83' title="bbox 185 2085 884 2122">
     <span class='ocr_line' id='line_1_83' title="bbox 185 2085 884 2122; baseline -0.004 -7"><span class='ocrx_word' id='word_1_587' title='bbox 185 2086 376 2122; x_wconf 83' lang='grc' dir='ltr'>διατιθέμεθα.</span> <span class='ocrx_word' id='word_1_588' title='bbox 395 2086 609 2121; x_wconf 87' lang='grc' dir='ltr'>Προδιαιτείσθω</span> <span class='ocrx_word' id='word_1_589' title='bbox 621 2086 649 2112; x_wconf 70' lang='grc' dir='ltr'>δὲ</span> <span class='ocrx_word' id='word_1_590' title='bbox 664 2087 678 2113; x_wconf 78' lang='grc' dir='ltr'>ὁ</span> <span class='ocrx_word' id='word_1_591' title='bbox 694 2086 772 2120; x_wconf 81' lang='grc' dir='ltr'>λόγος</span> <span class='ocrx_word' id='word_1_592' title='bbox 787 2085 884 2117; x_wconf 78' lang='grc' dir='ltr'>οὕτως·</span> 
     </span>
    </p>
   </div>
   <div class='ocr_carea' id='block_1_84' title="bbox 224 2133 976 2168">
    <p class='ocr_par' dir='ltr' id='par_1_84' title="bbox 224 2133 976 2168">
     <span class='ocr_line' id='line_1_84' title="bbox 224 2133 976 2168; baseline 0 -7"><span class='ocrx_word' id='word_1_593' title='bbox 224 2134 364 2162; x_wconf 85' lang='lat' dir='ltr'><strong>Homicida</strong></span> <span class='ocrx_word' id='word_1_594' title='bbox 379 2138 522 2168; x_wconf 81' lang='lat' dir='ltr'><strong>postquam</strong></span> <span class='ocrx_word' id='word_1_595' title='bbox 539 2133 627 2160; x_wconf 86' lang='lat' dir='ltr'><strong>victus</strong></span> <span class='ocrx_word' id='word_1_596' title='bbox 648 2133 740 2165; x_wconf 79' lang='lat' dir='ltr'><strong>fuerit,</strong></span> <span class='ocrx_word' id='word_1_597' title='bbox 752 2133 856 2160; x_wconf 85' lang='lat' dir='ltr'><strong>debitas</strong></span> <span class='ocrx_word' id='word_1_598' title='bbox 869 2133 976 2168; x_wconf 65' lang='lat' dir='ltr'><strong>legibus</strong></span> 
     </span>
    </p>
   </div>
   <div class='ocr_carea' id='block_1_85' title="bbox 187 2178 975 2216">
    <p class='ocr_par' dir='ltr' id='par_1_85' title="bbox 187 2178 975 2216">
     <span class='ocr_line' id='line_1_85' title="bbox 187 2178 975 2216; baseline -0.003 -9"><span class='ocrx_word' id='word_1_599' title='bbox 187 2187 284 2216; x_wconf 63' lang='lat' dir='ltr'><strong>poenas</strong></span> <span class='ocrx_word' id='word_1_600' title='bbox 297 2179 382 2206; x_wconf 87' lang='lat' dir='ltr'><strong>dabit.</strong></span> <span class='ocrx_word' id='word_1_601' title='bbox 394 2178 472 2207; x_wconf 78' lang='lat' dir='ltr'><strong>Nunc</strong></span> <span class='ocrx_word' id='word_1_602' title='bbox 483 2184 574 2207; x_wconf 86' lang='lat' dir='ltr'><strong>autem</strong></span> <span class='ocrx_word' id='word_1_603' title='bbox 592 2179 670 2207; x_wconf 82' lang='lat' dir='ltr'><strong>civile</strong></span> <span class='ocrx_word' id='word_1_604' title='bbox 683 2179 782 2206; x_wconf 90' lang='lat' dir='ltr'><strong>bellum</strong></span> <span class='ocrx_word' id='word_1_605' title='bbox 797 2180 883 2211; x_wconf 85' lang='lat' dir='ltr'><strong>adest,</strong></span> <span class='ocrx_word' id='word_1_606' title='bbox 892 2179 975 2212; x_wconf 87' lang='lat' dir='ltr'><strong>quod,</strong></span> 
     </span>
    </p>
   </div>
   <div class='ocr_carea' id='block_1_86' title="bbox 189 2223 976 2259">
    <p class='ocr_par' dir='ltr' id='par_1_86' title="bbox 189 2223 976 2259">
     <span class='ocr_line' id='line_1_86' title="bbox 189 2223 976 2259; baseline -0.001 -7"><span class='ocrx_word' id='word_1_607' title='bbox 189 2225 261 2252; x_wconf 85' lang='lat' dir='ltr'><strong>sicut</strong></span> <span class='ocrx_word' id='word_1_608' title='bbox 282 2224 334 2252; x_wconf 87' lang='lat' dir='ltr'><strong>alia</strong></span> <span class='ocrx_word' id='word_1_609' title='bbox 352 2225 398 2251; x_wconf 74' lang='lat' dir='ltr'><strong>ira:</strong></span> <span class='ocrx_word' id='word_1_610' title='bbox 414 2224 513 2251; x_wconf 61' lang='lat' dir='ltr'><strong>divina</strong></span> <span class='ocrx_word' id='word_1_611' title='bbox 527 2225 614 2259; x_wconf 73' lang='lat' dir='ltr'><strong>signa,</strong></span> <span class='ocrx_word' id='word_1_612' title='bbox 630 2229 710 2251; x_wconf 48' lang='lat' dir='ltr'><strong>terra!</strong></span> <span class='ocrx_word' id='word_1_613' title='bbox 727 2227 819 2250; x_wconf 89' lang='lat' dir='ltr'><strong>motus</strong></span> <span class='ocrx_word' id='word_1_614' title='bbox 832 2228 860 2250; x_wconf 91' lang='lat' dir='ltr'><strong>et</strong></span> <span class='ocrx_word' id='word_1_615' title='bbox 880 2223 976 2257; x_wconf 80' lang='lat' dir='ltr'><strong>fames,</strong></span> 
     </span>
    </p>
   </div>
   <div class='ocr_carea' id='block_1_87' title="bbox 188 2270 976 2307">
    <p class='ocr_par' dir='ltr' id='par_1_87' title="bbox 188 2270 976 2307">
     <span class='ocr_line' id='line_1_87' title="bbox 188 2270 976 2307; baseline -0.003 -9"><span class='ocrx_word' id='word_1_616' title='bbox 188 2271 329 2307; x_wconf 78' lang='lat' dir='ltr'><strong>eluviones</strong></span> <span class='ocrx_word' id='word_1_617' title='bbox 351 2271 435 2298; x_wconf 88' lang='lat' dir='ltr'><strong>maris</strong></span> <span class='ocrx_word' id='word_1_618' title='bbox 455 2275 538 2305; x_wconf 79' lang='lat' dir='ltr'><strong>atque</strong></span> <span class='ocrx_word' id='word_1_619' title='bbox 560 2270 703 2304; x_wconf 85' lang='lat' dir='ltr'><strong>incendia;</strong></span> <span class='ocrx_word' id='word_1_620' title='bbox 728 2272 760 2297; x_wconf 91' lang='lat' dir='ltr'><strong>ad</strong></span> <span class='ocrx_word' id='word_1_621' title='bbox 776 2270 976 2305; x_wconf 84' lang='lat' dir='ltr'><strong>correptionem</strong></span> 
     </span>
    </p>
   </div>
   <div class='ocr_carea' id='block_1_88' title="bbox 188 2316 976 2351">
    <p class='ocr_par' dir='ltr' id='par_1_88' title="bbox 188 2316 976 2351">
     <span class='ocr_line' id='line_1_88' title="bbox 188 2316 976 2351; baseline -0.004 -6"><span class='ocrx_word' id='word_1_622' title='bbox 188 2323 311 2345; x_wconf 85' lang='lat' dir='ltr'><strong>nostram</strong></span> <span class='ocrx_word' id='word_1_623' title='bbox 336 2324 352 2345; x_wconf 88' lang='lat' dir='ltr'><strong>a</strong></span> <span class='ocrx_word' id='word_1_624' title='bbox 377 2316 432 2344; x_wconf 86' lang='lat' dir='ltr'><strong>Deo</strong></span> <span class='ocrx_word' id='word_1_625' title='bbox 455 2321 497 2345; x_wconf 83' lang='lat' dir='ltr'><strong>est</strong></span> <span class='ocrx_word' id='word_1_626' title='bbox 510 2317 586 2350; x_wconf 88' lang='lat' dir='ltr'><strong>justo</strong></span> <span class='ocrx_word' id='word_1_627' title='bbox 599 2316 703 2351; x_wconf 86' lang='lat' dir='ltr'><strong>judicio</strong></span> <span class='ocrx_word' id='word_1_628' title='bbox 715 2316 872 2348; x_wconf 78' lang='lat' dir='ltr'><strong>excitatum,</strong></span> <span class='ocrx_word' id='word_1_629' title='bbox 888 2321 915 2343; x_wconf 85' lang='lat' dir='ltr'><strong>et</strong></span> <span class='ocrx_word' id='word_1_630' title='bbox 929 2323 976 2350; x_wconf 80' lang='lat' dir='ltr'><strong>po-</strong></span> 
     </span>
    </p>
   </div>
   <div class='ocr_carea' id='block_1_89' title="bbox 188 2359 976 2397">
    <p class='ocr_par' dir='ltr' id='par_1_89' title="bbox 188 2359 976 2397">
     <span class='ocr_line' id='line_1_89' title="bbox 188 2359 976 2397; baseline -0.003 -10"><span class='ocrx_word' id='word_1_631' title='bbox 188 2361 245 2397; x_wconf 91' lang='lat' dir='ltr'><strong>puli</strong></span> <span class='ocrx_word' id='word_1_632' title='bbox 270 2361 324 2387; x_wconf 90' lang='lat' dir='ltr'><strong>vim</strong></span> <span class='ocrx_word' id='word_1_633' title='bbox 354 2365 468 2391; x_wconf 80' lang='lat' dir='ltr'><strong>lautam,</strong></span> <span class='ocrx_word' id='word_1_634' title='bbox 488 2365 589 2395; x_wconf 88' lang='lat' dir='ltr'><strong>quanta</strong></span> <span class='ocrx_word' id='word_1_635' title='bbox 609 2359 697 2394; x_wconf 90' lang='lat' dir='ltr'><strong>periit,</strong></span> <span class='ocrx_word' id='word_1_636' title='bbox 715 2360 877 2394; x_wconf 78' lang='lat' dir='ltr'><strong>absumpsit.</strong></span> <span class='ocrx_word' id='word_1_637' title='bbox 896 2360 976 2387; x_wconf 79' lang='lat' dir='ltr'><strong>Post-</strong></span> 
     </span>
    </p>
   </div>
   <div class='ocr_carea' id='block_1_90' title="bbox 188 2405 976 2441">
    <p class='ocr_par' dir='ltr' id='par_1_90' title="bbox 188 2405 976 2441">
     <span class='ocr_line' id='line_1_90' title="bbox 188 2405 976 2441; baseline -0.001 -9"><span class='ocrx_word' id='word_1_638' title='bbox 188 2413 269 2441; x_wconf 84' lang='lat' dir='ltr'><strong>quam</strong></span> <span class='ocrx_word' id='word_1_639' title='bbox 292 2413 357 2440; x_wconf 81' lang='lat' dir='ltr'><strong>ergo</strong></span> <span class='ocrx_word' id='word_1_640' title='bbox 383 2405 514 2433; x_wconf 89' lang='lat' dir='ltr'><strong>misertus</strong></span> <span class='ocrx_word' id='word_1_641' title='bbox 545 2405 676 2433; x_wconf 80' lang='lat' dir='ltr'><strong>Dominus</strong></span> <span class='ocrx_word' id='word_1_642' title='bbox 704 2405 810 2440; x_wconf 77' lang='lat' dir='ltr'><strong>plagam</strong></span> <span class='ocrx_word' id='word_1_643' title='bbox 836 2405 976 2439; x_wconf 86' lang='lat' dir='ltr'><strong>repressit,</strong></span> 
     </span>
    </p>
   </div>
   <div class='ocr_carea' id='block_1_91' title="bbox 191 2449 977 2485">
    <p class='ocr_par' dir='ltr' id='par_1_91' title="bbox 191 2449 977 2485">
     <span class='ocr_line' id='line_1_91' title="bbox 191 2449 977 2485; baseline -0.001 -8"><span class='ocrx_word' id='word_1_644' title='bbox 191 2451 305 2478; x_wconf 88' lang='lat' dir='ltr'><strong>minime</strong></span> <span class='ocrx_word' id='word_1_645' title='bbox 316 2450 372 2477; x_wconf 81' lang='lat' dir='ltr'><strong>vult</strong></span> <span class='ocrx_word' id='word_1_646' title='bbox 382 2450 544 2485; x_wconf 84' lang='lat' dir='ltr'><strong>superstites</strong></span> <span class='ocrx_word' id='word_1_647' title='bbox 560 2450 666 2484; x_wconf 87' lang='lat' dir='ltr'><strong>perire;</strong></span> <span class='ocrx_word' id='word_1_648' title='bbox 684 2449 787 2484; x_wconf 89' lang='lat' dir='ltr'><strong>alioqui</strong></span> <span class='ocrx_word' id='word_1_649' title='bbox 803 2457 977 2476; x_wconf 87' lang='lat' dir='ltr'><strong>communem</strong></span> 
     </span>
    </p>
   </div>
   <div class='ocr_carea' id='block_1_92' title="bbox 189 2494 976 2530">
    <p class='ocr_par' dir='ltr' id='par_1_92' title="bbox 189 2494 976 2530">
     <span class='ocr_line' id='line_1_92' title="bbox 189 2494 976 2530; baseline -0.003 -8"><span class='ocrx_word' id='word_1_650' title='bbox 189 2495 314 2522; x_wconf 91' lang='lat' dir='ltr'><strong>omnium</strong></span> <span class='ocrx_word' id='word_1_651' title='bbox 335 2494 453 2528; x_wconf 79' lang='lat' dir='ltr'><strong>etadem.</strong></span> <span class='ocrx_word' id='word_1_652' title='bbox 475 2494 708 2530; x_wconf 84' lang='lat' dir='ltr'><strong>quemadmodum</strong></span> <span class='ocrx_word' id='word_1_653' title='bbox 725 2494 819 2521; x_wconf 88' lang='lat' dir='ltr'><strong>diluvii</strong></span> <span class='ocrx_word' id='word_1_654' title='bbox 843 2498 976 2528; x_wconf 86' lang='lat' dir='ltr'><strong>tempore,</strong></span> 
     </span>
    </p>
   </div>
   <div class='ocr_carea' id='block_1_93' title="bbox 190 2539 977 2576">
    <p class='ocr_par' dir='ltr' id='par_1_93' title="bbox 190 2539 977 2576">
     <span class='ocr_line' id='line_1_93' title="bbox 190 2539 977 2576; baseline -0.003 -8"><span class='ocrx_word' id='word_1_655' title='bbox 190 2541 350 2569; x_wconf 82' lang='lat' dir='ltr'><strong>induxisset.</strong></span> <span class='ocrx_word' id='word_1_656' title='bbox 372 2540 444 2573; x_wconf 85' lang='lat' dir='ltr'><strong>Quid</strong></span> <span class='ocrx_word' id='word_1_657' title='bbox 471 2540 574 2576; x_wconf 75' lang='lat' dir='ltr'><strong>igitur?</strong></span> <span class='ocrx_word' id='word_1_658' title='bbox 598 2539 710 2567; x_wconf 84' lang='lat' dir='ltr'><strong>Servari</strong></span> <span class='ocrx_word' id='word_1_659' title='bbox 736 2539 794 2567; x_wconf 88' lang='lat' dir='ltr'><strong>vult</strong></span> <span class='ocrx_word' id='word_1_660' title='bbox 809 2546 856 2567; x_wconf 86' lang='lat' dir='ltr'><strong>eos</strong></span> <span class='ocrx_word' id='word_1_661' title='bbox 871 2540 917 2574; x_wconf 90' lang='lat' dir='ltr'><strong>qui</strong></span> <span class='ocrx_word' id='word_1_662' title='bbox 933 2547 977 2566; x_wconf 67' lang='lat' dir='ltr'><strong>reo</strong></span> 
     </span>
    </p>
   </div>
   <div class='ocr_carea' id='block_1_94' title="bbox 192 2585 974 2620">
    <p class='ocr_par' dir='ltr' id='par_1_94' title="bbox 192 2585 974 2620">
     <span class='ocr_line' id='line_1_94' title="bbox 192 2585 974 2620; baseline -0.003 -6"><span class='ocrx_word' id='word_1_663' title='bbox 192 2587 249 2614; x_wconf 89' lang='lat' dir='ltr'><strong>licti</strong></span> <span class='ocrx_word' id='word_1_664' title='bbox 265 2591 339 2619; x_wconf 92' lang='lat' dir='ltr'><strong>sunt,</strong></span> <span class='ocrx_word' id='word_1_665' title='bbox 351 2591 379 2614; x_wconf 90' lang='lat' dir='ltr'><strong>et</strong></span> <span class='ocrx_word' id='word_1_666' title='bbox 391 2586 469 2614; x_wconf 85' lang='lat' dir='ltr'><strong>venia</strong></span> <span class='ocrx_word' id='word_1_667' title='bbox 485 2587 585 2620; x_wconf 67' lang='lat' dir='ltr'><strong>dignos</strong></span> <span class='ocrx_word' id='word_1_668' title='bbox 600 2585 669 2613; x_wconf 84' lang='lat' dir='ltr'><strong>lteri.</strong></span> <span class='ocrx_word' id='word_1_669' title='bbox 684 2585 729 2612; x_wconf 84' lang='lat' dir='ltr'><strong>Ait</strong></span> <span class='ocrx_word' id='word_1_670' title='bbox 751 2585 823 2612; x_wconf 90' lang='lat' dir='ltr'><strong>enim</strong></span> <span class='ocrx_word' id='word_1_671' title='bbox 839 2585 865 2612; x_wconf 87' lang='lat' dir='ltr'><strong>in</strong></span> <span class='ocrx_word' id='word_1_672' title='bbox 883 2585 974 2612; x_wconf 83' lang='lat' dir='ltr'><strong>Evan-</strong></span> 
     </span>
    </p>
   </div>
   <div class='ocr_carea' id='block_1_95' title="bbox 191 2630 974 2668">
    <p class='ocr_par' dir='ltr' id='par_1_95' title="bbox 191 2630 974 2668">
     <span class='ocr_line' id='line_1_95' title="bbox 191 2630 974 2668; baseline -0.003 -8"><span class='ocrx_word' id='word_1_673' title='bbox 191 2632 285 2668; x_wconf 72' lang='lat' dir='ltr'><strong>geliis’</strong></span> <span class='ocrx_word' id='word_1_674' title='bbox 299 2641 306 2660; x_wconf 90' lang='lat'><strong>:</strong></span> <span class='ocrx_word' id='word_1_675' title='bbox 319 2632 463 2664; x_wconf 78' lang='lat' dir='ltr'><strong>Dimittite,</strong></span> <span class='ocrx_word' id='word_1_676' title='bbox 473 2637 498 2659; x_wconf 84' lang='lat' dir='ltr'><strong>et</strong></span> <span class='ocrx_word' id='word_1_677' title='bbox 512 2632 660 2659; x_wconf 78' lang='lat' dir='ltr'><strong>dimittetur</strong></span> <span class='ocrx_word' id='word_1_678' title='bbox 672 2631 753 2658; x_wconf 75' lang='lat' dir='ltr'><strong>vobis.</strong></span> <span class='ocrx_word' id='word_1_679' title='bbox 768 2630 801 2658; x_wconf 83' lang='lat' dir='ltr'><strong>Et</strong></span> <span class='ocrx_word' id='word_1_680' title='bbox 815 2631 884 2658; x_wconf 83' lang='lat' dir='ltr'><strong>beati</strong></span> <span class='ocrx_word' id='word_1_681' title='bbox 899 2630 974 2658; x_wconf 85' lang='lat' dir='ltr'><strong>Pauli</strong></span> 
     </span>
    </p>
   </div>
   <div class='ocr_carea' id='block_1_96' title="bbox 191 2677 979 2713">
    <p class='ocr_par' dir='ltr' id='par_1_96' title="bbox 191 2677 979 2713">
     <span class='ocr_line' id='line_1_96' title="bbox 191 2677 979 2713; baseline -0.001 -8"><span class='ocrx_word' id='word_1_682' title='bbox 191 2685 279 2707; x_wconf 79' lang='lat' dir='ltr'><strong>voce:</strong></span> <span class='ocrx_word' id='word_1_683' title='bbox 298 2677 340 2707; x_wconf 77' lang='grc' dir='ltr'>Νε</span> <span class='ocrx_word' id='word_1_684' title='bbox 356 2678 414 2713; x_wconf 73' lang='lat' dir='ltr'><strong>quia</strong></span> <span class='ocrx_word' id='word_1_685' title='bbox 436 2678 536 2705; x_wconf 82' lang='lat' dir='ltr'><strong>malum</strong></span> <span class='ocrx_word' id='word_1_686' title='bbox 553 2686 600 2712; x_wconf 84' lang='lat' dir='ltr'><strong>pro</strong></span> <span class='ocrx_word' id='word_1_687' title='bbox 615 2678 686 2706; x_wconf 87' lang='lat' dir='ltr'><strong>malo</strong></span> <span class='ocrx_word' id='word_1_688' title='bbox 702 2677 783 2704; x_wconf 79' lang='lat' dir='ltr'><strong>alicui</strong></span> <span class='ocrx_word' id='word_1_689' title='bbox 802 2677 895 2704; x_wconf 80' lang='lat' dir='ltr'><strong>reddat</strong></span> <span class='ocrx_word' id='word_1_690' title='bbox 907 2697 914 2707; x_wconf 83' lang='lat'><strong>.</strong></span> <span class='ocrx_word' id='word_1_691' title='bbox 934 2677 979 2704; x_wconf 71' lang='lat' dir='ltr'><strong>sed</strong></span> 
     </span>
    </p>
   </div>
   <div class='ocr_carea' id='block_1_97' title="bbox 226 2746 466 2776">
    <p class='ocr_par' dir='ltr' id='par_1_97' title="bbox 226 2746 466 2776">
     <span class='ocr_line' id='line_1_97' title="bbox 226 2746 466 2776; baseline -0.004 -1"><span class='ocrx_word' id='word_1_692' title='bbox 226 2747 237 2764; x_wconf 80' lang='grc'><strong><em>²</em></strong></span> <span class='ocrx_word' id='word_1_693' title='bbox 250 2747 346 2776; x_wconf 80' lang='lat' dir='ltr'><strong>Matth.</strong></span> <span class='ocrx_word' id='word_1_694' title='bbox 367 2755 404 2776; x_wconf 78' lang='lat' dir='ltr'><strong>VI.</strong></span> <span class='ocrx_word' id='word_1_695' title='bbox 421 2746 466 2774; x_wconf 77' lang='grc'><strong>14.</strong></span> 
     </span>
    </p>
   </div>
   <div class='ocr_carea' id='block_1_98' title="bbox 1060 2128 1822 2166">
    <p class='ocr_par' dir='ltr' id='par_1_98' title="bbox 1060 2128 1822 2166">
     <span class='ocr_line' id='line_1_98' title="bbox 1060 2128 1822 2166; baseline 0.001 -10"><span class='ocrx_word' id='word_1_696' title='bbox 1060 2129 1190 2160; x_wconf 81' lang='grc' dir='ltr'>Φονίσκος</span> <span class='ocrx_word' id='word_1_697' title='bbox 1208 2129 1254 2156; x_wconf 74' lang='grc' dir='ltr'><strong>ἐπ’</strong></span> <span class='ocrx_word' id='word_1_698' title='bbox 1267 2128 1301 2156; x_wconf 79' lang='grc' dir='ltr'>ἂν</span> <span class='ocrx_word' id='word_1_699' title='bbox 1315 2129 1450 2165; x_wconf 82' lang='grc' dir='ltr'>κρατηθῇ,</span> <span class='ocrx_word' id='word_1_700' title='bbox 1465 2129 1579 2162; x_wconf 76' lang='grc' dir='ltr'>δικαίως</span> <span class='ocrx_word' id='word_1_701' title='bbox 1601 2130 1728 2157; x_wconf 75' lang='grc' dir='ltr'>ἀποτίσει</span> <span class='ocrx_word' id='word_1_702' title='bbox 1748 2130 1822 2166; x_wconf 76' lang='grc' dir='ltr'>πρὸς</span> 
     </span>
    </p>
   </div>
   <div class='ocr_carea' id='block_1_99' title="bbox 1025 2174 1821 2212">
    <p class='ocr_par' dir='ltr' id='par_1_99' title="bbox 1025 2174 1821 2212">
     <span class='ocr_line' id='line_1_99' title="bbox 1025 2174 1821 2212; baseline 0 -10"><span class='ocrx_word' id='word_1_703' title='bbox 1025 2175 1073 2202; x_wconf 84' lang='grc' dir='ltr'><strong>τοῦ</strong></span> <span class='ocrx_word' id='word_1_704' title='bbox 1086 2176 1170 2210; x_wconf 82' lang='grc' dir='ltr'>νόμον</span> <span class='ocrx_word' id='word_1_705' title='bbox 1186 2174 1235 2210; x_wconf 87' lang='grc' dir='ltr'><strong>τὴν</strong></span> <span class='ocrx_word' id='word_1_706' title='bbox 1247 2175 1450 2210; x_wconf 82' lang='grc' dir='ltr'>ἀντισηκοῦσαν</span> <span class='ocrx_word' id='word_1_707' title='bbox 1468 2176 1576 2212; x_wconf 82' lang='grc' dir='ltr'>ποινήν.</span> <span class='ocrx_word' id='word_1_708' title='bbox 1593 2176 1663 2203; x_wconf 83' lang='grc' dir='ltr'>Νυνὶ</span> <span class='ocrx_word' id='word_1_709' title='bbox 1677 2175 1706 2202; x_wconf 72' lang='grc' dir='ltr'>δὲ</span> <span class='ocrx_word' id='word_1_710' title='bbox 1727 2175 1821 2211; x_wconf 68' lang='grc' dir='ltr'>ἐμφύ-</span> 
     </span>
    </p>
   </div>
   <div class='ocr_carea' id='block_1_100' title="bbox 1026 2220 1821 2257">
    <p class='ocr_par' dir='ltr' id='par_1_100' title="bbox 1026 2220 1821 2257">
     <span class='ocr_line' id='line_1_100' title="bbox 1026 2220 1821 2257; baseline -0.001 -8"><span class='ocrx_word' id='word_1_711' title='bbox 1026 2222 1084 2254; x_wconf 81' lang='grc' dir='ltr'>λιος</span> <span class='ocrx_word' id='word_1_712' title='bbox 1099 2222 1218 2257; x_wconf 79' lang='grc' dir='ltr'>πόλεμος</span> <span class='ocrx_word' id='word_1_713' title='bbox 1238 2221 1383 2257; x_wconf 85' lang='grc' dir='ltr'>πρόκειται</span> <span class='ocrx_word' id='word_1_714' title='bbox 1396 2229 1403 2236; x_wconf 89' lang='grc'>·</span> <span class='ocrx_word' id='word_1_715' title='bbox 1418 2221 1448 2253; x_wconf 84' lang='grc' dir='ltr'>ὃς</span> <span class='ocrx_word' id='word_1_716' title='bbox 1462 2220 1557 2257; x_wconf 84' lang='grc' dir='ltr'>ὥσπερ</span> <span class='ocrx_word' id='word_1_717' title='bbox 1575 2222 1605 2249; x_wconf 86' lang='grc' dir='ltr'><strong>αί</strong></span> <span class='ocrx_word' id='word_1_718' title='bbox 1618 2221 1696 2248; x_wconf 81' lang='grc' dir='ltr'>ἄλλαι</span> <span class='ocrx_word' id='word_1_719' title='bbox 1714 2221 1821 2257; x_wconf 83' lang='grc' dir='ltr'>θεομη-</span> 
     </span>
    </p>
   </div>
   <div class='ocr_carea' id='block_1_101' title="bbox 1027 2265 1820 2302">
    <p class='ocr_par' dir='ltr' id='par_1_101' title="bbox 1027 2265 1820 2302">
     <span class='ocr_line' id='line_1_101' title="bbox 1027 2265 1820 2302; baseline 0 -8"><span class='ocrx_word' id='word_1_720' title='bbox 1027 2267 1100 2294; x_wconf 86' lang='grc' dir='ltr'>νίαι·</span> <span class='ocrx_word' id='word_1_721' title='bbox 1130 2266 1236 2301; x_wconf 79' lang='grc' dir='ltr'>σεισμοί</span> <span class='ocrx_word' id='word_1_722' title='bbox 1263 2274 1294 2292; x_wconf 81' lang='grc' dir='ltr'><strong>τε</strong></span> <span class='ocrx_word' id='word_1_723' title='bbox 1324 2266 1372 2292; x_wconf 78' lang='grc' dir='ltr'>καὶ</span> <span class='ocrx_word' id='word_1_724' title='bbox 1397 2265 1489 2300; x_wconf 79' lang='grc' dir='ltr'>λιμοὶ,</span> <span class='ocrx_word' id='word_1_725' title='bbox 1517 2267 1736 2302; x_wconf 76' lang='grc' dir='ltr'>καταποντισμοὶ</span> <span class='ocrx_word' id='word_1_726' title='bbox 1768 2267 1820 2294; x_wconf 78' lang='grc' dir='ltr'>καὶ</span> 
     </span>
    </p>
   </div>
   <div class='ocr_carea' id='block_1_102' title="bbox 1029 2311 1820 2348">
    <p class='ocr_par' dir='ltr' id='par_1_102' title="bbox 1029 2311 1820 2348">
     <span class='ocr_line' id='line_1_102' title="bbox 1029 2311 1820 2348; baseline 0 -9"><span class='ocrx_word' id='word_1_727' title='bbox 1029 2312 1183 2347; x_wconf 77' lang='grc' dir='ltr'>ἐμπρήσεις</span> <span class='ocrx_word' id='word_1_728' title='bbox 1225 2311 1302 2346; x_wconf 81' lang='grc' dir='ltr'>παρὰ</span> <span class='ocrx_word' id='word_1_729' title='bbox 1325 2311 1392 2338; x_wconf 79' lang='grc' dir='ltr'>Θεοῦ</span> <span class='ocrx_word' id='word_1_730' title='bbox 1417 2311 1486 2347; x_wconf 81' lang='grc' dir='ltr'>πρὸς</span> <span class='ocrx_word' id='word_1_731' title='bbox 1507 2313 1698 2347; x_wconf 80' lang='grc' dir='ltr'>σωφρονισμὸν</span> <span class='ocrx_word' id='word_1_732' title='bbox 1726 2312 1820 2348; x_wconf 84' lang='grc' dir='ltr'>ἡμῶν,</span> 
     </span>
    </p>
   </div>
   <div class='ocr_carea' id='block_1_103' title="bbox 1028 2356 1820 2393">
    <p class='ocr_par' dir='ltr' id='par_1_103' title="bbox 1028 2356 1820 2393">
     <span class='ocr_line' id='line_1_103' title="bbox 1028 2356 1820 2393; baseline 0.001 -9"><span class='ocrx_word' id='word_1_733' title='bbox 1028 2358 1120 2392; x_wconf 75' lang='grc' dir='ltr'>δικαίᾳ</span> <span class='ocrx_word' id='word_1_734' title='bbox 1126 2357 1215 2392; x_wconf 79' lang='grc' dir='ltr'>κρίσει</span> <span class='ocrx_word' id='word_1_735' title='bbox 1224 2357 1420 2392; x_wconf 72' lang='grc' dir='ltr'>ἁνερῤιπίσθη,</span> <span class='ocrx_word' id='word_1_736' title='bbox 1429 2356 1548 2384; x_wconf 70' lang='grc' dir='ltr'>ὀλέσασα</span> <span class='ocrx_word' id='word_1_737' title='bbox 1555 2357 1683 2384; x_wconf 83' lang='grc' dir='ltr'>τοσοῦτον</span> <span class='ocrx_word' id='word_1_738' title='bbox 1689 2358 1820 2393; x_wconf 75' lang='grc' dir='ltr'>ἀριθμὸν,</span> 
     </span>
    </p>
   </div>
   <div class='ocr_carea' id='block_1_104' title="bbox 1026 2400 1820 2438">
    <p class='ocr_par' dir='ltr' id='par_1_104' title="bbox 1026 2400 1820 2438">
     <span class='ocr_line' id='line_1_104' title="bbox 1026 2400 1820 2438; baseline 0.001 -9"><span class='ocrx_word' id='word_1_739' title='bbox 1026 2403 1088 2434; x_wconf 81' lang='grc' dir='ltr'>ὅσος</span> <span class='ocrx_word' id='word_1_740' title='bbox 1099 2403 1147 2429; x_wconf 85' lang='grc' dir='ltr'>καὶ</span> <span class='ocrx_word' id='word_1_741' title='bbox 1161 2402 1265 2429; x_wconf 83' lang='grc' dir='ltr'>ὡλλυτο</span> <span class='ocrx_word' id='word_1_742' title='bbox 1275 2411 1282 2418; x_wconf 88' lang='grc'><strong>·</strong></span> <span class='ocrx_word' id='word_1_743' title='bbox 1304 2403 1366 2429; x_wconf 67' lang='grc' dir='ltr'>ἐπεὶ</span> <span class='ocrx_word' id='word_1_744' title='bbox 1384 2400 1432 2429; x_wconf 78' lang='grc' dir='ltr'>οὖν</span> <span class='ocrx_word' id='word_1_745' title='bbox 1450 2402 1662 2438; x_wconf 72' lang='grc' dir='ltr'>σπλαγχνισθεὶς</span> <span class='ocrx_word' id='word_1_746' title='bbox 1675 2404 1820 2430; x_wconf 70' lang='grc' dir='ltr'>κτκὸπακι</span> 
     </span>
    </p>
   </div>
   <div class='ocr_carea' id='block_1_105' title="bbox 1025 2447 1819 2484">
    <p class='ocr_par' dir='ltr' id='par_1_105' title="bbox 1025 2447 1819 2484">
     <span class='ocr_line' id='line_1_105' title="bbox 1025 2447 1819 2484; baseline 0 -9"><span class='ocrx_word' id='word_1_747' title='bbox 1025 2449 1076 2482; x_wconf 86' lang='grc' dir='ltr'>τὴν</span> <span class='ocrx_word' id='word_1_748' title='bbox 1086 2448 1201 2484; x_wconf 81' lang='grc' dir='ltr'>θραῦσιν</span> <span class='ocrx_word' id='word_1_749' title='bbox 1216 2448 1329 2483; x_wconf 81' lang='grc' dir='ltr'>Κύριος,</span> <span class='ocrx_word' id='word_1_750' title='bbox 1344 2448 1374 2474; x_wconf 76' lang='grc' dir='ltr'>οὺ</span> <span class='ocrx_word' id='word_1_751' title='bbox 1389 2447 1514 2483; x_wconf 87' lang='grc' dir='ltr'>βούλεται</span> <span class='ocrx_word' id='word_1_752' title='bbox 1525 2449 1588 2480; x_wconf 84' lang='grc' dir='ltr'>τοὺς</span> <span class='ocrx_word' id='word_1_753' title='bbox 1600 2448 1819 2483; x_wconf 75' lang='grc' dir='ltr'>ὑπολειφθέντας</span> 
     </span>
    </p>
   </div>
   <div class='ocr_carea' id='block_1_106' title="bbox 1026 2494 1820 2530">
    <p class='ocr_par' dir='ltr' id='par_1_106' title="bbox 1026 2494 1820 2530">
     <span class='ocr_line' id='line_1_106' title="bbox 1026 2494 1820 2530; baseline -0.001 -8"><span class='ocrx_word' id='word_1_754' title='bbox 1026 2495 1165 2522; x_wconf 80' lang='grc' dir='ltr'>δλλυσθαι.</span> <span class='ocrx_word' id='word_1_755' title='bbox 1191 2494 1269 2522; x_wconf 76' lang='grc' dir='ltr'>Ἐπεὶ</span> <span class='ocrx_word' id='word_1_756' title='bbox 1288 2495 1396 2526; x_wconf 81' lang='grc' dir='ltr'>πάντως</span> <span class='ocrx_word' id='word_1_757' title='bbox 1414 2495 1594 2530; x_wconf 81' lang='grc' dir='ltr'>πανολεθρίαν</span> <span class='ocrx_word' id='word_1_758' title='bbox 1609 2495 1820 2530; x_wconf 80' lang='grc' dir='ltr'>είργάσατο,ὼ;</span> 
     </span>
    </p>
   </div>
   <div class='ocr_carea' id='block_1_107' title="bbox 1027 2540 1818 2575">
    <p class='ocr_par' dir='ltr' id='par_1_107' title="bbox 1027 2540 1818 2575">
     <span class='ocr_line' id='line_1_107' title="bbox 1027 2540 1818 2575; baseline 0.001 -8"><span class='ocrx_word' id='word_1_759' title='bbox 1027 2541 1074 2567; x_wconf 77' lang='grc' dir='ltr'><strong>ὲπὶ</strong></span> <span class='ocrx_word' id='word_1_760' title='bbox 1094 2541 1142 2568; x_wconf 79' lang='grc' dir='ltr'><strong>τοῦ</strong></span> <span class='ocrx_word' id='word_1_761' title='bbox 1169 2540 1376 2575; x_wconf 82' lang='grc' dir='ltr'>κατακλυσμοῦ.</span> <span class='ocrx_word' id='word_1_762' title='bbox 1394 2540 1475 2568; x_wconf 77' lang='grc' dir='ltr'>Ἀλλὰ</span> <span class='ocrx_word' id='word_1_763' title='bbox 1497 2541 1540 2574; x_wconf 60' lang='lat' dir='ltr'><strong>si;</strong></span> <span class='ocrx_word' id='word_1_764' title='bbox 1569 2541 1601 2568; x_wconf 83' lang='grc' dir='ltr'>τὸ</span> <span class='ocrx_word' id='word_1_765' title='bbox 1633 2541 1818 2568; x_wconf 79' lang='grc' dir='ltr'>διασεσῶσθαι</span> 
     </span>
    </p>
   </div>
   <div class='ocr_carea' id='block_1_108' title="bbox 1027 2587 1818 2622">
    <p class='ocr_par' dir='ltr' id='par_1_108' title="bbox 1027 2587 1818 2622">
     <span class='ocr_line' id='line_1_108' title="bbox 1027 2587 1818 2622; baseline -0.001 -7"><span class='ocrx_word' id='word_1_766' title='bbox 1027 2588 1092 2619; x_wconf 78' lang='grc' dir='ltr'>τοὺς</span> <span class='ocrx_word' id='word_1_767' title='bbox 1106 2587 1248 2620; x_wconf 80' lang='grc' dir='ltr'>ὲαθέντας,</span> <span class='ocrx_word' id='word_1_768' title='bbox 1263 2588 1311 2614; x_wconf 73' lang='grc' dir='ltr'>καὶ</span> <span class='ocrx_word' id='word_1_769' title='bbox 1335 2587 1443 2622; x_wconf 77' lang='grc' dir='ltr'>φειδοῦς</span> <span class='ocrx_word' id='word_1_770' title='bbox 1467 2587 1596 2622; x_wconf 77' lang='grc' dir='ltr'>γενέσθαι</span> <span class='ocrx_word' id='word_1_771' title='bbox 1616 2587 1726 2620; x_wconf 80' lang='grc' dir='ltr'>ἀξίους·</span> <span class='ocrx_word' id='word_1_772' title='bbox 1748 2589 1818 2622; x_wconf 74' lang='grc' dir='ltr'>φησι</span> 
     </span>
    </p>
   </div>
   <div class='ocr_carea' id='block_1_109' title="bbox 1030 2633 1816 2669">
    <p class='ocr_par' dir='ltr' id='par_1_109' title="bbox 1030 2633 1816 2669">
     <span class='ocr_line' id='line_1_109' title="bbox 1030 2633 1816 2669; baseline 0.001 -9"><span class='ocrx_word' id='word_1_773' title='bbox 1030 2634 1085 2669; x_wconf 83' lang='grc' dir='ltr'><strong>γὰρ</strong></span> <span class='ocrx_word' id='word_1_774' title='bbox 1106 2635 1135 2661; x_wconf 80' lang='grc' dir='ltr'><strong>ὲν</strong></span> <span class='ocrx_word' id='word_1_775' title='bbox 1149 2634 1207 2666; x_wconf 86' lang='grc' dir='ltr'>τοῖς</span> <span class='ocrx_word' id='word_1_776' title='bbox 1226 2633 1414 2668; x_wconf 81' lang='grc' dir='ltr'>Εὑαγγελίοις·</span> <span class='ocrx_word' id='word_1_777' title='bbox 1439 2634 1547 2668; x_wconf 70' lang='grc' dir='ltr'>Ἅφετε</span> <span class='ocrx_word' id='word_1_778' title='bbox 1568 2634 1618 2661; x_wconf 71' lang='grc' dir='ltr'>καὶ</span> <span class='ocrx_word' id='word_1_779' title='bbox 1630 2633 1816 2668; x_wconf 73' lang='grc' dir='ltr'>ἀφεθήσεται</span> 
     </span>
    </p>
   </div>
   <div class='ocr_carea' id='block_1_110' title="bbox 1032 2679 1816 2716">
    <p class='ocr_par' dir='ltr' id='par_1_110' title="bbox 1032 2679 1816 2716">
     <span class='ocr_line' id='line_1_110' title="bbox 1032 2679 1816 2716; baseline 0.001 -10"><span class='ocrx_word' id='word_1_780' title='bbox 1032 2680 1113 2715; x_wconf 68' lang='grc' dir='ltr'><strong>ὑμῖν,</strong></span> <span class='ocrx_word' id='word_1_781' title='bbox 1127 2681 1182 2707; x_wconf 77' lang='grc' dir='ltr'><strong>Καὶ</strong></span> <span class='ocrx_word' id='word_1_782' title='bbox 1204 2679 1248 2706; x_wconf 83' lang='grc' dir='ltr'><strong>διὰ</strong></span> <span class='ocrx_word' id='word_1_783' title='bbox 1264 2679 1311 2708; x_wconf 83' lang='grc' dir='ltr'><strong>τοῦ</strong></span> <span class='ocrx_word' id='word_1_784' title='bbox 1328 2680 1465 2716; x_wconf 86' lang='grc' dir='ltr'>μακαρίου</span> <span class='ocrx_word' id='word_1_785' title='bbox 1486 2679 1607 2706; x_wconf 64' lang='grc' dir='ltr'>Παύλουη</span> <span class='ocrx_word' id='word_1_786' title='bbox 1624 2680 1674 2714; x_wconf 72' lang='grc' dir='ltr'><strong>Μή</strong></span> <span class='ocrx_word' id='word_1_787' title='bbox 1697 2681 1740 2712; x_wconf 72' lang='grc' dir='ltr'>εἰς</span> <span class='ocrx_word' id='word_1_788' title='bbox 1756 2688 1816 2708; x_wconf 72' lang='grc' dir='ltr'>τινι</span> 
     </span>
    </p>
   </div>
   <div class='ocr_carea' id='block_1_111' title="bbox 939 2793 1056 2822">
    <p class='ocr_par' dir='ltr' id='par_1_111' title="bbox 939 2793 1056 2822">
     <span class='ocr_line' id='line_1_111' title="bbox 939 2793 1056 2822; baseline -0.009 0"><span class='ocrx_word' id='word_1_789' title='bbox 939 2793 1056 2822; x_wconf 60' lang='grc' dir='ltr'><strong>ΝΟΤΕ.</strong></span> 
     </span>
    </p>
   </div>
   <div class='ocr_carea' id='block_1_112' title="bbox 227 2840 581 2878">
    <p class='ocr_par' dir='ltr' id='par_1_112' title="bbox 227 2840 581 2878">
     <span class='ocr_line' id='line_1_112' title="bbox 227 2840 581 2878; baseline -0.006 -9"><span class='ocrx_word' id='word_1_790' title='bbox 227 2841 283 2878; x_wconf 74' lang='grc'><strong>(25)</strong></span> <span class='ocrx_word' id='word_1_791' title='bbox 301 2841 330 2869; x_wconf 91' lang='lat' dir='ltr'><strong>ln</strong></span> <span class='ocrx_word' id='word_1_792' title='bbox 347 2840 408 2869; x_wconf 85' lang='lat' dir='ltr'><strong>eod.</strong></span> <span class='ocrx_word' id='word_1_793' title='bbox 424 2840 490 2876; x_wconf 69' lang='lat' dir='ltr'><strong>Reg.</strong></span> <span class='ocrx_word' id='word_1_794' title='bbox 509 2842 581 2876; x_wconf 64' lang='grc' dir='ltr'>ρμγθ.</span> 
     </span>
    </p>
   </div>
  </div>
