1912 3080
88 140 142 174 illi

665 148 934 179 EPISTULARUM
963 149 1037 179 LIB.
1065 150 1104 180 Π.

1636 153 1706 185 illS

88 202 164 228 xux'v
175 201 242 227 ἀντὶ
265 202 361 229 κακοῦ
377 203 544 231 ἀποδιδότω
554 213 560 220 ·
582 205 664 233 ἀλλὰ
685 207 814 234 πάντοτε
830 208 861 234 τό

915 208 984 243 quod
1001 208 1097 235 bonum
1112 213 1150 235 est
1165 210 1304 235 sectamini
1323 210 1349 236 in
1367 211 1488 243 invicem,
1503 217 1528 238 ct
1543 212 1571 237 in
1582 219 1672 239 attines
1685 213 1704 242 ’,

88 246 182 282 ἀγαθὸν
205 247 337 280 διώκετε,
355 249 404 276 καὶ
419 251 462 283 εἰς
479 251 649 285 ἀλλήλους,
662 253 710 279 καὶ
724 255 769 285 εἰς
786 253 861 279 πάν-

87 294 189 327 τας.οὐ
209 295 263 330 μὴν
287 296 505 333 ἀνεπιτιμήτως.
538 299 615 326 Ἐπεὶ
634 301 681 327 καὶ
706 302 778 328 Κὰῖν
813 311 861 336 φο-

89 340 170 372 νεύσας
202 340 250 367 «tv
272 341 408 376 ἀδελφὸν,
439 343 469 369 τὺ
491 343 631 377 πολυειδὲς
654 347 702 373 καὶ
733 347 862 382 ᾀδόμενον

88 385 207 420 ἐπιτίμιον
234 387 348 418 εἰκότως
386 389 508 424 εἴληφεν.
551 391 762 428 Ἐπιτετίμηται
793 395 862 430 πρὸς

89 432 168 458 ἑαυτοῦ
205 434 252 458 καὶ
289 434 406 469 Λάμεχ,
434 437 481 462 καὶ
509 437 711 474 Ἀὃεσσαλὼμ,
747 441 862 475 ἀδελφὸν

93 477 184 511 Ἀμνὼν
200 479 322 511 κτείνας,
333 480 400 516 ἐάθη
418 481 471 507 ὑπὸ
484 482 531 508 τοῦ
547 484 663 517 πατρὸς,
681 486 752 512 κατὰ
766 487 797 513 τὸ
810 487 862 514 ὑπὸ

88 524 129 558 τῆς
147 525 324 560 Θεοκοήτιδος
356 528 505 563 πρόϐλημα
531 529 684 562 ἇκταντοςί
706 533 753 559 καὶ
780 534 862 566 αὐτὸς

87 569 156 596 Δαυῖδ
167 571 215 597 οὐκ
231 571 358 599 ἐϐούλετο
372 574 418 600 τὸν
436 575 627 611 Ἀδεσσαλὼμ,
639 577 685 604 τὸν
699 579 863 615 πατρολῴαν

87 617 222 644 κτενέσθαι.
243 618 313 644 Ἀλλ’
327 619 387 645 οὐδὲ
398 620 464 652 τοὺς
475 624 769 659 συναποστατήσαντας
787 625 862 661 αὐτῷ
884 622 885 625 ¹

88 663 146 696 μετὰ
160 663 208 698 τὴν
221 663 323 690 παῧσιν
339 665 386 691 τοῦ
400 666 521 702 πολέμου
537 668 694 704 γέγραπται
709 671 861 705 προστάξαι

91 708 254 743 φονεύεσθαι·
269 711 388 738 τοσαῦτα
407 712 446 743 ὡς
465 715 524 740 κατ’
540 715 676 751 ἐπιτομὴν
693 717 758 752 περὶ
772 718 862 745 τοῦδε.

91 754 218 790 Ἐλεήμων
244 756 300 792 γὰρ
324 757 389 785 ὣνό
414 758 491 790 Θεὸς,
514 760 587 787 θέλει
613 761 648 788 δι’
674 763 863 798 ἐπιτιμήσεων

87 800 158 835 ήτουν
170 802 294 837 ὲξοριῶν,
308 803 449 837 φυλακῶν,
459 805 548 832 ἄλλων
563 808 646 834 τινῶν
658 808 816 836 ὑποθέσεων
832 811 862 837 τὸ

86 846 126 881 τῆς
141 849 286 880 μετανοίας
303 850 397 883 αὐτοῖς
411 852 456 878 διὰ
470 852 543 887 ζωῆς
559 855 763 889 συντηρεῖσθαι.

119 894 174 921 Ἐπὶ
188 895 218 921 δὲ
233 898 267 931 τῇ
280 897 363 932 ἑτέρᾳ
374 898 516 931 ὑποθέσει,
527 900 553 926 τί
566 903 614 927 καὶ
630 902 743 937 gadium;
761 903 862 936 εἰδότος

85 948 123 967 σου
137 941 181 967 τοῦ
204 943 355 978 ὲχὲφρονος
378 945 425 971 καὶ
452 946 617 982 δραστηρίου
634 948 681 975 νοῦ
705 949 740 975 τὰ
759 950 859 977 πάντα.

86 987 124 1018 Εἰς
138 989 201 1015 αὐτὸ
211 989 292 1016 τοῦτο
303 991 319 1025 ἡ
329 990 376 1017 τοῦ
388 992 577 1027 προάρξαντος
590 994 706 1026 Λέοντος
721 994 845 1028 ἔνστασις
853 1017 860 1030 ,

85 1034 188 1069 συνᾶραι
207 1035 282 1070 ἡμᾶς
299 1035 378 1070 λόγον
394 1038 464 1071 μετὰ
483 1038 538 1065 τῶν
555 1039 719 1075 ἑτεροδόξων
734 1049 741 1056 ·
754 1041 862 1067 ἀντιθε-

84 1079 154 1111 τιχῶς
175 1081 269 1116 κρίσιν
296 1082 470 1116 ἀποισοντος,
495 1084 533 1116 ὡς
547 1085 684 1120 ἐνόμιζεν.
714 1086 795 1114 Ἀλλὰ
814 1088 862 1114 καὶ

83 1125 154 1152 αὺτοῦ
166 1127 216 1162 ἤδη
232 1128 280 1154 τοῦ
293 1127 483 1163 βασιλεύοντος
497 1132 514 1166 ὴ
524 1132 593 1167 αὐτὴ
606 1131 731 1164 ἔνστασις
743 1133 863 1167 ὁπηνίκα

85 1172 146 1198 κατὰ
159 1174 310 1208 πρόσωπον
323 1175 376 1210 πρὸ
392 1176 477 1210 τριῶν
493 1177 562 1204 ἐτῶν
575 1177 699 1215 διελέχθη
716 1180 782 1215 ἡμῖν
791 1189 798 1195 ·
813 1182 863 1208 οὐκ

82 1216 154 1243 αὑτοῦ
164 1217 293 1253 λέγοντος
304 1221 408 1255 κρίνειν
428 1222 479 1257 τὴν
492 1223 675 1258 διαδικασίαν,
687 1225 754 1252 ἀλλὰ
769 1226 864 1253 τοῦτον

83 1263 198 1291 κάκεῖνον
220 1265 276 1292 τῶν
298 1266 378 1302 δῆθεν
401 1269 564 1304 όμοφρόνων
589 1270 666 1305 ἡμῖν.
705 1271 775 1298 Ἀλλ’
800 1271 863 1299 οὔτε

81 1309 152 1344 ἡμεῖς
171 1312 195 1338 οἱ
221 1312 357 1347 παρόντες
381 1314 452 1341 κατὰ
476 1315 638 1352 πρόσωπον·
653 1316 715 1344 οὔτε
727 1318 742 1344 ό
759 1317 864 1351 κλεινὸς

82 1356 152 1389 ἡμῶν
165 1358 315 1392 ἀρχιερεὺς
326 1359 467 1395 ἠνέσχετο.
483 1361 521 1393 ὡς
536 1361 671 1398 ἔκθεσμον
682 1364 729 1390 καὶ
741 1364 844 1391 ὀθνεῖον
853 1373 862 1381 ⁶

80 1400 141 1436 ὅπερ
156 1403 203 1428 καὶ
230 1403 342 1438 ἀληθὲς,
367 1406 531 1441 παμπόθητε
547 1408 626 1442 ἡμῶν
647 1408 785 1436 δέσποτα·
803 1411 863 1437 οὐδὲ

80 1445 127 1481 γὰρ
143 1448 208 1482 περὶ
226 1448 363 1482 βιωτικῶν
375 1451 422 1477 καὶ
438 1452 578 1486 σαρκικῶν
593 1454 607 1479 ὁ
621 1453 716 1488 λόγος·
732 1451 770 1481 ὧν
784 1455 864 1490 βασι-

79 1489 133 1522 λεὺς
144 1492 175 1518 τὸ
189 1493 293 1528 κράτος
308 1493 365 1528 ἔχει
389 1495 437 1521 τοῦ
465 1496 578 1531 κρίνειν,
603 1498 650 1524 καὶ
675 1497 706 1524 τὸ
739 1489 864 1533 βιώτικὸν

79 1539 214 1573 κριτήριον
227 1547 234 1553 ·
250 1538 319 1566 ἀλλὰ
329 1540 394 1575 περὶ
408 1540 488 1567 θείων
499 1542 546 1568 καὶ
555 1543 690 1576 οὐρανίων
703 1543 862 1579 δογμάτων,

78 1581 90 1607 ὃ
107 1583 194 1616 ἄλλοις
218 1585 270 1612 οὐκ
285 1586 495 1622 ἐπιτέτραπται,
513 1587 529 1623 ἢ
555 1589 690 1622 ἐκείνοις,
716 1587 757 1623 οἷς
779 1600 863 1626 φησιν

78 1628 150 1659 uitii;
165 1631 180 1657 ό
192 1631 262 1663 Θεὸς
276 1632 362 1667 Λόγος
373 1641 379 1647 ·
394 1633 474 1661 Ὅσα
485 1634 525 1661 ἂν
535 1634 649 1670 δήσητε
660 1636 710 1663 ἐπὶ
726 1637 782 1672 τῆς
795 1637 862 1672 γῆς,

77 1673 153 1702 ἔσται
167 1675 316 1712 δεδεμένα
340 1679 375 1706 ἑν
398 1679 439 1712 τῷ
455 1681 586 1715 οὐρανῷ,
607 1683 657 1710 καὶ
672 1683 730 1710 ὅσα
743 1683 781 1712 ὃν
807 1685 862 1711 ,λύ-

77 1727 143 1754 σητε
158 1722 209 1749 ἐπὶ
237 1723 295 1757 τῆς
322 1724 389 1759 τῆς,
416 1725 502 1753 ἔσται
525 1728 680 1762 λελυμένα
701 1729 736 1756 ἐν
754 1729 794 1762 τῷ
814 1732 864 1757 οὐ-

75 1766 160 1800 ρανῷ.
177 1769 260 1801 Τίνες
278 1770 307 1796 δὲ
327 1768 400 1797 οὗτοι
417 1773 442 1798 οἱ
461 1773 669 1808 ὲντεταλμένοις
692 1775 861 1806 ’Λπόστολοι,

77 1813 118 1839 καὶ
130 1815 153 1840 οἱ
170 1815 278 1842 τούτων
296 1816 425 1853 διάδοχοι.
439 1818 520 1850 Τίνες
535 1819 557 1846 δ’
569 1818 618 1846 οὖν
627 1822 651 1846 οἱ
678 1821 813 1856 διάδοχοι;
834 1822 862 1848 '0

76 1859 120 1894 τῆς
136 1861 287 1898 Ῥωμαίων
302 1864 360 1890 νυνὶ
377 1865 577 1901 πρωτόθρονος,
594 1867 608 1894 ό
624 1867 674 1902 τῆς
688 1868 863 1895 Κωνσταντιο-

76 1908 226 1941 νουπόλεως
237 1910 415 1945 δευτερεύων,
434 1911 640 1948 Ἀλεξανδρείας
652 1921 680 1939 τε
695 1913 742 1939 καὶ
761 1914 863 1940 Ἀντιο-

75 1954 155 1988 χείας,
167 1956 218 1982 καὶ
231 1957 246 1982 ὁ
273 1956 478 1993 Ἱεροσολύμων.
500 1958 585 1985 Τοῦτο
602 1959 634 1985 τὸ
657 1959 863 1995 πεντακόρυφον

75 2001 169 2035 κράτος
180 2003 238 2038 τῆς
259 2003 435 2039 Ἐκκλησίας.
455 2005 536 2040 Παρὰ
553 2005 661 2036 τούτοις
672 2005 703 2032 τὸ
715 2005 770 2032 τῶν
782 2006 863 2033 θείων

74 2043 215 2080 δογμάτων
230 2048 386 2084 κριτήριον.
401 2050 540 2076 Βασιλέων
557 2050 585 2077 δὲ
606 2051 655 2077 καὶ
666 2050 819 2086 ἡγεμόνιον,
832 2052 864 2078 τὸ

75 2096 284 2130 συνεπικουρεῖν
303 2096 350 2122 καὶ
374 2096 635 2132 συνεπισφραγίζειν
647 2097 683 2123 τὰ
698 2097 861 2133 δεδογμένα-

75 2137 117 2164 καὶ
135 2139 313 2167 διαλλάττειν
339 2141 374 2168 τὰ
404 2142 546 2178 σαρκικῶς
567 2142 781 2178 διαφοροὺμενα.
806 2144 864 2170 Οὐκ

74 2183 131 2211 ἄλλο
144 2195 170 2213 τι
192 2187 225 2214 ὲν
247 2189 304 2219 τοῖς
325 2188 408 2220 θείοις
427 2189 571 2224 δόγμασιν,
596 2189 659 2216 οὔτε
674 2190 779 2217 δέδοται
794 2191 864 2226 πρὸς

74 2228 144 2263 Θεοῦ,
166 2232 235 2260 οὔτε
252 2235 436 2270 γενησόμενον
449 2236 590 2270 στήσεται.
603 2236 653 2262 Διὰ
670 2235 749 2262 τοῦτο
766 2237 865 2263 ἀπεόο-
881 2251 902 2278 D

73 2277 190 2313 κιμάσθη
211 2279 261 2306 ἐπὶ
279 2279 327 2306 τοῦ
359 2280 494 2316 δόγματος
514 2281 570 2307 τῶν
593 2281 679 2308 θείων
703 2282 814 2308 εἰκόνων
831 2281 865 2308 τὰ

71 2322 113 2349 ἐπὶ
132 2324 180 2351 τοῦ
198 2324 287 2352 πάλαι
304 2326 513 2353 Κωνσταντίνου
539 2327 587 2354 καὶ
602 2327 717 2358 Λέοντος
732 2327 865 2363 βασιλικῷ

72 2367 163 2402 κράτει
185 2370 238 2396 καὶ
264 2370 360 2406 θράσει
376 2371 606 2407 συνεδριασθέντα
622 2380 652 2398 τε
671 2372 718 2399 καὶ
741 2372 866 2408 βατταρί-

71 2413 165 2441 σθέντα
174 2424 183 2431 ·
197 2416 246 2450 ἐφ’
259 2415 300 2448 οἷς
310 2417 417 2453 ἐτμήθη
429 2419 445 2452 ἡ
456 2418 521 2453 τῇδε
534 2418 682 2453 Ἐκκλησία
696 2419 750 2445 τῶν
763 2419 864 2454 ἐτέρων

70 2462 207 2498 τεττάρων
235 2462 468 2498 ἀναθεματισμοῖς
494 2463 703 2499 ὑποὸαλ>,ομὲνη
721 2465 844 2496 αἰωνίοις
857 2485 863 2496 ,

71 2509 198 2543 σφραγῖδι
229 2509 279 2535 τοῦ
303 2509 382 2542 ἁγίου
405 2511 574 2546 Πνεὺματος.
607 2509 673 2537 Εἶτα
706 2511 775 2545 ἐλέῳ
797 2511 865 2537 Θεοῦ

70 2553 168 2591 ἠγέρθη
185 2554 277 2590 κέρας
288 2555 444 2590 όρθοδοξίας
457 2557 504 2582 ἐπὶ
519 2556 636 2591 Εἰρήνης
661 2557 710 2591 τῆς
732 2557 803 2584 πάνυ
817 2557 865 2583 σὺν

69 2600 103 2634 τῷ
126 2601 219 2636 αὐτῆς
238 2600 368 2636 passam
381 2610 387 2617 ·
405 2602 448 2635 ἐφ’
465 2599 498 2638 ἦε
526 2602 652 2638 συνήφθη
669 2603 703 2628 τὰ
732 2602 865 2629 διεστῶτα

71 2647 166 2683 μέχρις
178 2649 302 2679 Λέοντος
311 2648 358 2674 τοῦ
369 2648 524 2684 προσεχοῦς
536 2658 542 2663 ·
557 2649 600 2683 ἐφ’
610 2645 631 2682 ᾧ
643 2647 720 2680 αὖθις
732 2647 865 2683 διετμήθη

70 2695 159 2729 ήτῇδε
180 2694 349 2729 Ἐκκλησία,
366 2695 625 2730 ἁναθεματιζομένη
648 2695 701 2722 ὑπὸ
723 2695 779 2721 τῶν
795 2703 864 2729 προ-

70 2739 148 2776 τέρων
168 2740 342 2777 ἰσορρόπως.

913 255 948 281 At
961 262 1015 280 nott
1032 254 1092 280 sine
1105 255 1202 280 multa.
1220 253 1287 280 Nam
1301 260 1327 281 et
1342 255 1408 283 Cain
1422 264 1483 283 cum
1504 257 1615 284 fratrem
1630 259 1705 285 occi-

913 301 1008 332 disset,
1025 300 1219 327 multiformem
1239 306 1266 327 et
1281 302 1444 328 celebratam
1471 310 1579 337 puniant
1599 305 1698 331 merito

913 347 1008 374 subiit.
1034 347 1145 374 l’mnam
1161 354 1270 381 quoque
1286 356 1300 374 a
1333 348 1423 380 seipso
1439 350 1546 383 repetiit
1559 349 1678 377 Lamech
1695 370 1704 382 ,

912 398 939 420 et
955 393 1087 423 Absalon,
1103 393 1150 427 qui
1167 391 1278 419 fratrem
1293 393 1402 420 Amnon
1424 400 1545 428 nccarat,
1568 403 1582 422 a
1606 401 1682 430 patre
1697 417 1704 425 .

911 439 989 473 juxta
1005 437 1175 466 Tltecuitidis
1192 438 1345 474 problema,
1358 447 1530 474 nequaquam
1544 449 1631 468 caesus
1645 446 1704 473 est;

913 491 965 511 nec
983 484 1102 512 Absalou
1126 486 1294 520 parricidam
1308 493 1389 513 suunt
1408 487 1496 514 occidi
1515 487 1625 514 volebat
1648 489 1707 523 ipse

913 529 1009 562 David,
1025 531 1071 558 sed
1089 538 1178 565 neque
1193 539 1241 559 eos
1259 532 1306 567 qui
1326 539 1390 559 cum
1412 532 1508 560 eodem
1533 533 1705 565 defecerant,

912 581 975 610 post
988 576 1051 603 belli
1065 577 1147 604 linem
1161 579 1257 612 perimi
1269 579 1387 612 jussisse
1402 572 1541 613 proditqu
1552 587 1604 608 est.
1620 580 1658 608 Ac
1673 582 1706 608 tle

914 620 957 647 his
984 620 1116 649 hactenus
1139 622 1225 649 veluti
1250 623 1425 657 compendio.
1451 623 1608 652 Misericors
1634 626 1704 652 cnim

915 666 986 694 Deus
1000 674 1049 702 per
1067 668 1266 703 castigationes
1278 689 1285 701 ,
1310 669 1336 696 id
1353 673 1395 696 est
1409 689 1416 700 ,
1435 671 1544 702 exsilia,
1559 679 1684 698 carceres
1697 691 1705 703 ,

912 717 940 740 et
953 713 1064 745 similia,
1079 715 1270 749 paenitentiam
1285 715 1319 742 ab
1334 715 1390 743 illis
1406 720 1461 744 tota
1475 717 1530 744 vita
1547 718 1604 744 vult
1616 718 1709 745 obser-

913 767 982 786 νου.

881 894 901 921 Β
949 894 987 922 De
1001 894 1088 922 altero
1106 901 1197 923 autem
1211 895 1300 930 capite
1320 897 1386 931 quid
1403 897 1542 931 dicamus,
1570 907 1632 926 cum
1647 907 1710 934 per-

913 945 1006 974 specta
1026 940 1081 967 sint
1100 941 1192 967 omnia
1210 941 1336 975 prudenti
1359 950 1391 969 ac
1406 943 1501 970 solerti
1522 945 1607 971 tuenti
1633 946 1709 972 tute?

913 985 1014 1013 Eodem
1035 987 1166 1013 nimirum
1189 988 1318 1014 tendebat
1333 988 1434 1016 Leonis
1453 997 1541 1023 nuper
1559 991 1708 1025 imperato-

913 1031 952 1058 ris
969 1035 1103 1063 conatus,
1123 1036 1152 1058 ιιι
1178 1040 1228 1060 nos
1254 1040 1316 1060 ettm
1348 1034 1525 1062 heterodoxis
1551 1044 1706 1064 sertnonem

913 1077 1103 1105 conferremus
1121 1079 1293 1114 disceptante
1313 1080 1378 1107 illo:
1392 1085 1422 1108 ut
1445 1082 1613 1109 contrariam
1628 1083 1707 1110 nobis

914 1124 1078 1151 sententiam
1100 1123 1194 1157 ferret,
1216 1125 1287 1152 sicut
1308 1127 1431 1160 putabat.
1446 1127 1517 1160 Quin
1537 1132 1563 1155 ct
1578 1128 1637 1162 ejus
1659 1130 1706 1163 qui

914 1177 988 1196 nunc
1005 1169 1138 1204 imperat,
1165 1178 1244 1198 mens
1261 1172 1355 1198 eadem
1380 1171 1451 1204 fuit,
1479 1181 1540 1200 cum
1567 1178 1630 1201 ante
1652 1179 1708 1200 trcs

914 1222 1002 1242 annos
1027 1216 1170 1243 uobiscum
1200 1224 1293 1244 coram
1313 1217 1379 1252 egit,
1404 1218 1441 1245 ita
1459 1223 1547 1246 tamen
1562 1224 1592 1246 ut
1605 1227 1708 1254 nequa-

914 1270 996 1297 quam
1013 1262 1134 1297 judicem
1151 1270 1181 1290 se
1196 1262 1320 1290 futurum
1338 1264 1455 1295 diceret,
1475 1265 1521 1292 sed
1537 1266 1610 1293 hunc
1626 1271 1708 1300 atque

915 1307 991 1334 illum
1018 1308 1124 1335 scilicet
1147 1316 1180 1335 ex
1201 1309 1234 1336 iis
1260 1309 1307 1343 qui
1323 1309 1471 1337 nobiscum
1488 1311 1582 1350 eadem
1604 1312 1708 1338 sentic-

915 1354 990 1381 bant.
1009 1354 1062 1381 Sed
1077 1362 1166 1390 neque
1183 1362 1234 1382 nos
1250 1355 1298 1389 qui
1317 1361 1466 1389 praesentes
1475 1356 1638 1391 "aderamus,
1657 1366 1708 1385 ne—

914 1409 969 1436 que
983 1401 1103 1436 inclytus
1121 1401 1244 1436 pontifex
1263 1406 1359 1429 noster
1384 1402 1410 1430 id
1437 1403 1508 1434 tulit,
1528 1403 1629 1438 quippe
1655 1404 1709 1431 ini-

915 1455 1000 1482 quum
1023 1453 1051 1474 et
1076 1447 1209 1480 alienum,
1227 1448 1301 1482 quod
1317 1455 1385 1476 sane
1402 1456 1496 1475 verum
1512 1454 1554 1476 est
1566 1469 1573 1480 ,
1597 1449 1709 1477 domine

915 1493 953 1520 mi
965 1493 1210 1521 desideratissime.
1224 1493 1284 1521 Non
1299 1495 1373 1521 enim
1391 1494 1425 1522 de
1439 1495 1520 1522 rebus
1539 1495 1632 1523 saeculi
1646 1504 1708 1523 car—

917 1541 1016 1575 nisque
1030 1548 1125 1568 sermo
1140 1544 1192 1573 est,
1203 1541 1237 1568 de
1252 1541 1353 1575 quibus
1370 1541 1512 1576 judicaudi
1526 1549 1608 1576 penes
1623 1543 1709 1577 impeo

918 1591 1036 1613 ratorem
1052 1591 1171 1621 potestas
1185 1591 1236 1619 est,
1249 1591 1277 1614 et
1292 1587 1427 1621 judicium
1445 1588 1575 1614 szeculare
1589 1596 1596 1614 :
1610 1589 1657 1616 sed
1675 1589 1709 1615 de

917 1632 1018 1660 divinis
1036 1640 1068 1660 ac
1081 1633 1241 1660 coelestibus
1261 1633 1445 1668 dogmatibus.
1469 1640 1531 1667 quae
1556 1634 1617 1660 aliis
1634 1642 1710 1661 cont-

918 1678 1000 1706 utissa
1014 1686 1068 1706 non
1084 1684 1150 1706 sunt
1166 1686 1249 1714 quam
1263 1679 1296 1705 iis
1310 1679 1411 1713 quibus
1429 1679 1499 1706 Deus
1518 1679 1576 1714 ipse
1587 1679 1707 1707 Verbum

917 1724 1004 1752 dixit:
1022 1724 1191 1759 Quwctmque
1219 1724 1365 1759 ligaverilis
1405 1733 1482 1759 super
1508 1729 1605 1751 (errant
1630 1731 1708 1752 erunt

916 1769 1001 1805 ligata
1028 1775 1053 1797 et
1076 1771 1104 1796 in
1128 1770 1191 1797 cwlo
1207 1777 1216 1796 :
1232 1774 1257 1797 et
1277 1778 1437 1805 qumcunth
1466 1770 1596 1797 solveritis
1631 1779 1710 1804 super

918 1822 1027 1848 terram,
1044 1821 1122 1843 erunt
1138 1816 1226 1843 soluta
1238 1822 1262 1843 ιιι
1279 1818 1305 1842 in
1320 1817 1382 1843 uela
1396 1817 1417 1844 ‘.
1438 1817 1554 1850 Quinam
1575 1822 1663 1845 autem
1680 1819 1706 1845 lti

917 1867 983 1890 suttt
998 1863 1100 1897 quibus
1123 1863 1174 1889 hoc
1192 1862 1301 1897 jussum
1321 1863 1389 1889 fuit?
1413 1863 1535 1897 Apostoii
1560 1867 1586 1891 ct
1612 1872 1707 1891 eorum

917 1916 1101 1936 successores.
1120 1908 1236 1941 Quinam
1259 1915 1342 1943 porro
1367 1913 1432 1935 sunt
1448 1909 1643 1936 successores?
1657 1909 1708 1942 Qui

919 1955 1069 1982 Romanam
1096 1962 1170 1982 nunc
1191 1955 1308 1990 primam
1333 1955 1424 1982 sedem
1441 1960 1534 1982 tenet:
1565 1956 1610 1990 qui
1634 1955 1708 1983 Con-

919 2000 1189 2035 stantiuopolitauam
1206 2001 1353 2028 secundum
1367 2010 1374 2034 ;
1410 2009 1456 2036 qut
1474 2002 1686 2029 Alexandrinam
1700 2023 1708 2035 ,

917 2052 944 2074 et
974 2045 1193 2076 Antiochenam,
1218 2050 1245 2072 et
1270 2045 1316 2080 qui
1335 2045 1622 2082 llierosolytttitattant_
1648 2046 1711 2074 llaec

917 2092 1088 2127 quinivertex
1115 2095 1235 2126 potestas
1263 2091 1393 2119 Ecclesia:
1416 2101 1422 2118 :
1447 2100 1530 2126 penes
1562 2092 1612 2119 hos
1641 2093 1711 2120 divi-

917 2145 1015 2165 norum
1042 2137 1199 2171 dogmatqu
1226 2136 1375 2169 judicium.
1413 2137 1612 2171 Imperatorem
1646 2145 1711 2164 vero

917 2189 944 2212 et
960 2183 1108 2219 prrcsidunt
1123 2187 1165 2210 est
1183 2190 1261 2217 opem
1289 2182 1369 2215 ferre,
1398 2187 1425 2210 et
1448 2185 1628 2218 comprobare
1650 2193 1711 2219 quat

918 2230 1028 2258 decreta
1052 2233 1136 2261 sunt,
1166 2234 1192 2256 et
1219 2229 1397 2256 reconciliare
1413 2229 1460 2264 qui
1485 2230 1633 2257 carnaliter
1652 2231 1710 2257 dis-

916 2277 1005 2304 sident
1028 2284 1061 2303 ac
1084 2275 1252 2311 discrepant.
1282 2275 1359 2302 llaud
1397 2276 1470 2302 aliud
1498 2277 1645 2311 quidquam
1677 2277 1710 2304 de

916 2323 1016 2350 divinis
1030 2322 1219 2356 dogmatibus,
1235 2330 1324 2357 neque
1341 2330 1356 2348 a
1372 2321 1429 2349 Deo
1443 2323 1573 2349 traditum
1591 2328 1642 2354 est,
1660 2331 1710 2350 nec

916 2370 939 2398 si
955 2370 1011 2402 liat,
1027 2369 1120 2396 stabit.
1145 2368 1293 2404 Propterea
1309 2369 1425 2403 explosa
1437 2374 1463 2396 et
1477 2369 1576 2404 rejects
1595 2369 1710 2396 fuerunt

916 2417 989 2444 citca
1012 2415 1169 2442 divinarum
1199 2415 1350 2449 imaginum
1368 2416 1464 2449 dogma
1480 2435 1488 2446 ,
1516 2423 1546 2442 ca
1570 2423 1631 2450 qua:
1659 2417 1709 2443 sub

916 2462 1099 2489 Constantino
1114 2461 1232 2496 quodam
1248 2465 1274 2487 et
1289 2460 1381 2487 Leone
1399 2461 1474 2495 regia
1491 2464 1610 2495 polentia
1624 2465 1708 2496 atque

917 2507 1031 2534 audacia
1059 2507 1086 2533 in
1111 2505 1294 2533 conciliabulo
1322 2511 1382 2532 acta
1408 2511 1435 2532 et
1469 2513 1608 2540 perperam
1636 2507 1710 2534 dicta

917 2557 991 2580 sunt.
1008 2553 1132 2585 Quorum
1154 2560 1237 2579 causa
1261 2551 1351 2578 divisa
1378 2552 1435 2578 lucc
1465 2557 1559 2579 nostra
1589 2551 1710 2580 Ecclesia

917 2600 968 2627 fuit
992 2607 1007 2626 ιι
1023 2599 1127 2627 caeteris
1138 2605 1266 2634 quatuor,
1294 2597 1531 2625 anatltcmatismis
1549 2598 1645 2626 affecta
1662 2607 1711 2634 pe—

917 2647 1050 2674 rennibus
1067 2667 1074 2679 ,
1095 2646 1264 2681 approbante
1278 2644 1382 2680 Spiritu
1405 2649 1512 2672 sancto.
1537 2644 1603 2672 Post
1632 2646 1710 2678 lucc,

917 2692 973 2720 Ι)οο
989 2692 1147 2723 miserante,
1158 2697 1280 2719 erectum
1297 2695 1339 2717 est
1358 2698 1445 2718 cornu
1460 2691 1521 2718 lidei
1537 2691 1709 2725 orthodoxzc,

918 2746 1017 2774 magna
1032 2739 1110 2766 Irene
1127 2738 1273 2773 imperiutn
1288 2736 1431 2764 obtinente
1447 2744 1509 2764 cum
1525 2737 1637 2764 surculo
1649 2745 1711 2770 suo,

70 2794 119 2822 quo
140 2792 274 2822 tempore
289 2795 351 2822 quae
371 2786 478 2815 divulsa
503 2792 583 2815 erant
601 2788 766 2815 coaluerunt
793 2795 881 2822 usque
901 2787 935 2813 ad
961 2785 1117 2821 proximum
1142 2784 1260 2813 Leonem
1279 2793 1286 2811 :
1303 2783 1354 2811 sub
1370 2791 1424 2818 qtto
1451 2783 1551 2812 iterum
1574 2784 1711 2821 discerpta

71 2840 107 2861 est
119 2833 252 2862 Ecclesia
265 2838 406 2866 nostra,et
419 2833 454 2861 ab
466 2834 563 2862 iisdem
578 2835 680 2870 pariter
690 2835 867 2863 anathemate
886 2834 1026 2861 damnata.

115 2883 150 2910 ‘l
170 2882 283 2910 Thess.
307 2889 340 2913 v,
358 2882 402 2910 l5.
454 2882 465 2898 ⁸
483 2882 578 2911 Matth.
601 2892 656 2916 xw,
678 2884 719 2912 l9.

217 2929 358 2962 Γιτηοι..
379 2931 438 2960 (in.
455 2931 562 2962 XCIX.

1491 2927 1531 2959 45
