1912 3080
192 126 260 160 1419

190 228 278 255 culari
293 227 399 262 judicio
424 227 547 254 divinum
570 226 707 261 judicium
728 231 915 261 comparetur,
933 230 981 252 aut

192 279 222 301 nt
244 274 381 301 coalescat
411 272 469 300 haec
498 272 623 300 Ecclesia
653 280 707 299 non
743 272 981 300 consentientibus

190 320 312 355 quinque
335 319 512 354 patriarchis.
529 319 607 352 Quod
623 319 645 346 si
664 324 741 354 roget
754 318 909 354 quispiam,
925 326 981 353 quo

191 373 270 402 pacto
293 368 320 394 id
345 368 405 394 ﬁeri
427 367 537 403 possit?
564 366 593 394 Si
612 367 758 400 excedant,
774 367 907 401 inquam,
933 365 980 393 Dei

192 415 321 442 Eeclesiis
338 414 499 441 heterodoxi
512 434 520 446 ,
546 418 573 440 et
598 413 737 448 propriam
753 412 846 440 sedem
867 412 982 447 recipiat

190 459 330 494 quondam
344 459 516 493 Nicephorus
534 466 611 486 sacer
627 459 793 494 patriarcha.
811 458 873 492 Qui,
887 463 982 486 coacto

191 515 286 534 eorum
309 511 446 533 conventu
477 513 539 532 cum
563 505 665 539 quibus
687 510 827 533 certamen
852 505 984 533 sustinuit

193 553 227 584 (si
242 553 299 579 heri
324 560 377 579 non
398 553 487 586 possit
504 557 533 579 ut
554 552 588 578 ab
608 552 670 580 aliis
698 551 869 586 patriarchis
893 551 984 579 adsint

194 598 286 624 vicarii
299 617 306 629 ,
323 597 396 632 quod
413 602 487 624 certe
503 597 560 624 lieri
579 602 686 632 potest,
707 597 730 624 si
746 598 812 625 velit
835 597 984 631 imperator

194 642 396 670 Occidentalem
416 643 561 675 interesse,
579 643 623 670 cui
638 648 665 671 et
680 648 802 678 potestas
818 651 925 670 summa
937 643 984 670 de-

195 688 380 723 fertursynodi
393 689 593 723 mctnnenicze),
609 693 726 715 attamen
749 696 841 722 pacem
857 688 986 715 conﬁciat

193 739 220 761 et
234 735 458 768 conjunctionem
473 753 480 764 .
506 735 649 769 synodicas
666 742 731 761 suas
747 734 781 761 ad
799 734 896 769 prima:
911 735 984 762 sedis

192 781 337 815 prwsulem
371 780 514 807 mittendo.
546 780 625 813 Quod
647 781 670 807 si
693 781 746 808 hoc
772 781 886 808 minime
918 789 984 816 pro—

193 827 239 854 bet
265 827 432 861 imperator,
453 827 639 861 deﬂexitque,
664 832 695 854 ut
729 827 788 861 ipse
814 828 871 861 ait,
896 835 911 854 a
937 835 984 854 ve-

787 128 817 158 S.
833 127 1033 158 THEODORI
1052 127 1226 157 STUDITE

226 179 298 208 Fieri
317 188 383 215 ergo
402 179 476 208 nulla
500 180 607 207 ratione
623 184 725 215 potest,
746 179 873 212 domine,
888 185 919 207 nt
932 188 981 207 s:e-
993 181 1019 210 Α

1755 126 1822 157 1420

1075 180 1230 215 ’Λμήχανον
1244 176 1291 206 οὖν
1313 179 1398 211 ἐστιν,
1413 175 1438 206 ὦ
1463 179 1593 212 δέσποτα,
1618 179 1738 216 βιωτικῷ
1758 190 1820 216 κρι-

1031 225 1117 261 τηρίῳ
1128 225 1353 261 παραϐάλλεσθαι
1367 225 1397 251 τὸ
1406 225 1477 252 θεῖον
1485 225 1641 260 κριτήριον,
1653 225 1669 260 ῆ
1680 226 1821 261 συναφθῆ-

1031 281 1075 298 ναι
1091 272 1171 308 τήνδε
1187 272 1239 307 τὴν
1260 271 1436 306 Ἐκκλησίαν,
1452 271 1490 306 μὴ
1501 272 1562 307 οὐχὶ
1575 272 1759 305 ὁμονοούντων
1768 273 1822 299 τῶν

1032 319 1114 345 πέντε
1140 318 1331 353 πατριαρχῶν.
1358 319 1390 345 ΕΞ
1421 318 1451 344 δέ
1469 327 1511 349 τις
1536 318 1655 353 ἐρωτοίη
1688 319 1736 346 καὶ
1763 319 1822 350 πῶς

1032 365 1170 400 ἐνδέχεται
1182 363 1262 391 τοῦτο
1277 364 1424 399 γενέσθαι·
1443 364 1482 400 τῷ
1502 366 1632 400 ἐκστῆναι
1652 365 1716 397 τοὺς
1730 365 1823 401 ἑτερο-

1033 411 1126 444 δόξους
1147 411 1202 438 τῶν
1226 411 1274 438 τοῦ
1302 411 1369 438 Θεοῦ
1393 411 1578 447 Ἐκκλησιῶν·
1604 412 1652 439 καὶ
1675 411 1823 439 ἀπολαῦεῖν

1035 457 1082 482 τὸν
1097 457 1198 483 οἰκεῖον
1212 457 1307 492 θρόνον
1319 457 1476 492 Νικηφόρον
1487 457 1532 483 τὸν
1552 457 1624 491 ἱερὸν
1638 457 1822 493 πατριάρχην·

1033 501 1063 533 ὃς
1089 501 1271 536 συνεδρεύσας
1302 502 1360 536 μεθ’
1386 498 1424 528 ὧν
1440 501 1609 536 συνήθλησεν
1625 503 1660 537 (εἰ
1684 503 1734 529 οὐκ
1750 502 1824 530 ἑνδέ-

1035 556 1113 583 χεται
1123 549 1156 574 ὲκ
1170 548 1225 574 τῶν
1236 548 1324 575 ἄλλων
1335 548 1515 583 πατριαρχῶν
1529 550 1659 583 παρεῖναι
1670 549 1824 584 ἀντιπροσ-

1034 594 1136 626 ώπους.
1156 595 1245 630 Ὅπερ
1270 595 1383 622 δυνατόν
1399 595 1485 628 ἐστιν,
1503 596 1526 621 εὶ
1547 595 1619 622 θέλοι
1635 595 1761 630 βασιλεὺς
1780 595 1826 622 τὸν

1035 641 1067 666 ὲκ
1081 640 1189 672 Δύσεως
1206 642 1337 676 παρεῖναι
1351 648 1357 655 ·
1419 641 1468 667 καὶ
1485 640 1514 667 τὸ
1538 640 1639 675 κράτος
1657 640 1827 676 ἀναφέρεται

1035 687 1084 721 τῆς
1100 687 1297 722 οἱκουμενικῆς
1315 686 1450 722 συνόδου),
1478 686 1647 722 ἀποπεράνοι
1672 686 1706 713 ἄν
1733 686 1764 713 τὸ
1776 687 1827 722 τῆς

1035 735 1160 770 εἰρήνης,
1174 734 1263 761 καὶτὸ
1273 733 1325 769 τῆς
1335 733 1487 767 συναφείας
1502 733 1713 769 βραϐευτήριον,
1729 734 1826 768 δηλον-

1036 781 1076 807 ότι
1096 780 1131 807 δι’
1156 781 1266 807 οἰκείων
1283 780 1431 808 συνοδικῶν
1444 780 1685 814 ἀποστελλομένων
1699 779 1738 814 τῷ
1750 788 1828 814 πρω-

1036 828 1167 863 τοθρόνῳ.
1185 828 1217 854 Et
1241 827 1270 854 δὲ
1297 827 1327 854 οὐ
1344 827 1424 854 τοῦτο
1444 827 1626 854 καταδεκτέον
1644 826 1684 861 τῷ
1710 827 1827 862 βασιλεῖ,

193 874 274 901 ritate
288 873 462 907 Nicephorus
477 873 632 908 patriarcha
647 881 654 900 :
671 874 804 901 mittenda
821 879 863 901 est
878 874 911 901 ad
929 873 984 901 R0-

1038 874 1086 900 καὶ
1112 873 1150 905 ὣς
1165 882 1233 909 φησι
1259 873 1424 909 παρετράπη
1452 873 1502 900 σὺν
1528 874 1596 908 ἡμῖν
1623 873 1672 908 τῆς
1697 873 1829 909 ἀληθείας

194 928 308 948 manum
326 929 359 948 ex
379 926 495 955 utraque
512 925 589 955 parte
604 921 704 956 legatio
716 942 724 953 ,
746 926 771 948 et
786 922 848 948 inde
863 922 926 956 ﬁdei
941 930 987 948 ac-

194 968 315 1002 cipienda
336 967 478 995 certitudo.
498 968 606 994 Etenim
632 968 672 995 sic
697 975 740 995 res
764 967 868 1000 habet,
887 973 936 1001 ut,
962 968 985 995 si

193 1015 301 1042 aberret
318 1023 390 1042 unus
405 1023 420 1041 e
437 1014 615 1049 patriarclxis,
634 1022 649 1040 a
670 1014 777 1041 cateris
796 1013 922 1049 ejusdem
940 1022 986 1041 or-

193 1060 282 1093 dinis,
310 1061 542 1095 quemadmodum
569 1060 681 1087 divinus
709 1059 857 1095 Dionysius
883 1061 986 1094 tradit,

192 1106 395 1133 correctionem
409 1105 548 1138 admittat,
567 1113 622 1132 non
642 1105 677 1132 ab
693 1105 904 1139 imperatoribus
917 1106 987 1140 judi-

193 1156 455 1187 cetur:exsurgant
482 1152 547 1179 licet
573 1159 668 1179 omnes
695 1155 831 1186 quotquot
863 1160 986 1186 unquam

193 1198 307 1226 fuerunt
341 1199 523 1232 imperatores
546 1197 703 1225 orthodoxi.
731 1198 819 1232 Atque
845 1198 896 1225 hoc
919 1205 986 1226 sane

193 1248 277 1279 caput
298 1244 441 1278 despicere
467 1243 581 1270 minime
604 1243 685 1270 debet
708 1243 857 1278 imperator
883 1248 986 1278 noster,

194 1289 243 1317 sed
266 1294 330 1317 ante
345 1289 438 1316 omnia
456 1289 547 1324 magni
572 1288 665 1316 facere
678 1314 684 1322 ,
702 1289 732 1316 in
755 1297 810 1324 quo
834 1294 861 1316 et
880 1289 986 1324 imperii

194 1335 322 1368 felicitas,
347 1340 374 1362 et
395 1335 470 1370 justo
494 1335 628 1370 regnandi
657 1343 758 1362 munus
785 1336 905 1370 positum
933 1339 985 1363 est.

195 1381 276 1408 Aliud
295 1381 363 1408 nihil
380 1382 516 1408 sentimus
531 1389 582 1408 nos
599 1381 716 1408 humiles
733 1386 760 1409 et
775 1381 889 1417 indigni.
906 1390 988 1410 oran-

198 1433 238 1455 tes
262 1435 312 1462 pro
339 1427 469 1462 optabilis
487 1427 550 1454 vitae
574 1431 628 1454 tua:
648 1427 838 1462 prosperitate.
865 1427 894 1455 Si
922 1429 987 1463 quid

195 1473 315 1508 denique
330 1473 395 1501 huic
412 1473 535 1508 epistola)
550 1473 642 1506 deest,
669 1473 704 1501 de
717 1481 751 1501 eo
768 1474 987 1501 venerandorum

194 1518 375 1553 vestigiorum
405 1522 516 1544 tuorum
539 1517 669 1544 adorator
691 1518 851 1546 tabellarius
873 1526 987 1554 respon-

196 1564 282 1592 debit.

320 1619 428 1647 CXXX.
441 1636 476 1642 —
488 1620 675 1648 Cizarensium
692 1620 867 1653 fraternitati.

1036 919 1195 955 Νικηφόρος
1222 920 1236 946 ὸ
1252 920 1396 955 πρόεδρος,
1421 919 1451 951 ἐξ
1473 919 1604 954 ἐκατέρου
1631 920 1732 954 μέρους
1758 920 1829 945 ἀπο-

1036 965 1165 992 σταλτέον
1181 966 1252 1000 πρὸς
1272 965 1317 992 τὸν
1341 964 1464 1001 Ῥώμης.
1484 965 1627 992 Κάκεῖθεν
1642 964 1775 999 δεχέσθω
1793 964 1829 991 τὸ

1036 1012 1178 1046 ἀσφαλὲς
1195 1012 1251 1046 τῆς
1266 1013 1408 1045 πίστεως.
1426 1012 1483 1039 Καὶ
1513 1012 1568 1047 γὰρ
1590 1011 1677 1044 οὕτως
1700 1011 1776 1047 ἔχει·
1802 1012 1829 1037 ει

1038 1060 1207 1094 παρατραπῇ
1224 1055 1266 1090 εἷς
1280 1058 1313 1085 ὲκ
1328 1059 1384 1084 τῶν
1399 1057 1580 1093 πατριαρχῶν
1591 1057 1644 1084 ὑπὸ
1656 1057 1711 1083 τῶν
1726 1058 1829 1091 ὁμοτα-

1036 1106 1103 1140 γῶν,
1120 1105 1192 1132 καθά
1204 1106 1309 1141 φησινό
1321 1105 1393 1137 θεῖος
1410 1105 1562 1135 Διονύσιος.
1573 1105 1622 1140 τὴν
1638 1104 1830 1140 ἐπανόρθωσιν

1036 1152 1184 1188 λήψεσθαι,
1197 1153 1247 1187 οὐχ
1261 1152 1314 1178 ὑπὸ
1331 1152 1465 1187 βασιλέων
1481 1152 1638 1187 κρίνεσθαι’
1658 1152 1712 1178 κᾶν
1730 1152 1832 1184 ἐξανα-

1038 1198 1122 1224 στῶσι
1137 1198 1239 1229 πάντες
1249 1199 1275 1224 oi
1283 1197 1514 1234 ὁρθοδοξήσαντες
1524 1197 1644 1232 βασιλεῖς
1655 1206 1661 1212 ·
1675 1198 1723 1224 καὶ
1732 1197 1830 1223 τούτου

1036 1245 1084 1271 τοῦ
1113 1245 1262 1279 κεφαλαίου
1284 1245 1333 1271 οῦκ
1358 1244 1462 1279 ὀφείλει
1486 1243 1632 1278 ἁφειδῆσαι
1659 1244 1674 1270 ὀ
1700 1243 1832 1279 βασιλεὺς

1037 1290 1126 1325 ήμ-ῶν.
1148 1290 1229 1317 Ἀλλὰ
1255 1291 1303 1317 καὶ
1321 1290 1375 1326 πρὸ
1401 1290 1510 1318 πάντων
1527 1299 1559 1325 γε
1577 1290 1720 1325 φροντίσαι
1732 1297 1741 1306 ο
1764 1290 1793 1316 ὲν
1807 1286 1834 1325 ᾧ

1037 1337 1086 1364 καὶ
1100 1337 1131 1363 τὸ
1147 1337 1285 1372 βασίλειον
1306 1338 1444 1373 μακάριον
1457 1346 1464 1352 ·
1480 1337 1528 1363 καὶ
1541 1337 1572 1363 τὸ
1590 1336 1742 1371 βασιλεύειν
1754 1336 1831 1362 ἐννό-

1039 1390 1098 1417 μως
1111 1381 1274 1417 δεδώρηται.
1294 1382 1376 1408 Ἀλλο
1392 1391 1418 1407 τι
1442 1382 1472 1408 οὐ
1497 1381 1651 1417 φρονοῦμεν
1667 1382 1692 1408 οἱ
1706 1381 1834 1407 ταπεινοὶ

1038 1428 1086 1455 καὶ
1116 1428 1237 1460 ἀνάξιοι’
1267 1428 1481 1464 ὑπερευχόμενοι
1507 1429 1556 1463 τῆς
1588 1427 1755 1454 πολυεύκτου
1783 1435 1834 1454 σου

1039 1474 1165 1507 εὐζωτας.
1193 1474 1225 1501 Εἰ
1250 1475 1279 1501 δέ
1306 1483 1333 1501 τι
1350 1475 1459 1506 ἐλλιπὲς
1479 1474 1508 1499 ἐν
1534 1475 1591 1505 τοῖς
1618 1474 1792 1508 γράμμασιν,
1819 1473 1836 1498 ὁ

1039 1521 1238 1556 προσκυνητὴς
1257 1520 1313 1547 τῶν
1331 1520 1433 1556 τιμίων
1452 1529 1500 1547 σου
1517 1520 1597 1555 ἰχνῶν
1622 1520 1670 1546 καὶ
1684 1519 1836 1554 ἐπιστολή-

1002 1557 1024 1587 C
1041 1566 1123 1602 φόρος
1139 1567 1350 1602 ἀπολογήσεται.

1128 1623 1179 1651 PA'
1198 1624 1265 1659 (26).
1281 1639 1316 1644 --
1331 1623 1371 1658 Τῇ
1381 1623 1716 1659 ἀδε.1ςρότητιΚιζάρων.
1731 1621 1836 1659 [χπδ”.]

707 1677 745 1702 De
761 1677 830 1703 obitu
844 1678 949 1709 abbatis,
962 1686 1037 1711 quem
1060 1688 1211 1713 magnopere
1229 1682 1319 1706 laudat.

232 1734 350 1762 Nuntius
358 1734 531 1761 dormitionis
540 1734 692 1768 spiritualis
702 1733 791 1763 Patris
803 1736 890 1763 nostri
903 1744 936 1763 ac
948 1744 991 1764 ve-

197 1782 257 1815 stri,
269 1782 441 1810 dilectissimi
451 1781 563 1813 fratres,
573 1781 693 1808 animam
703 1787 824 1809 nostram
831 1787 990 1810 consterna-

198 1829 248 1862 vit,
264 1833 294 1856 ut
308 1836 358 1863 par
369 1833 437 1860 erat,
450 1828 636 1862 acerbumque
651 1827 783 1862 gemitum
809 1828 903 1856 elicuit
914 1849 921 1861 ,
936 1838 990 1856 non

197 1876 300 1902 mortui
317 1883 418 1907 causa;
438 1875 534 1901 beatus
548 1875 623 1902 enim
642 1874 697 1906 ille,
713 1882 760 1909 qui
776 1874 884 1901 beatam
902 1875 990 1902 vitam

197 1920 660 1955 consummavit:quandoquidem
684 1925 711 1947 et
736 1919 838 1954 probus
854 1920 906 1947 fuit
930 1929 989 1947 mo-

197 1968 304 1995 nachus
322 1973 349 1995 et
366 1967 498 2002 praeclare
512 1974 542 1994 se
557 1966 681 1994 exercuit
697 1974 784 2001 usque
806 1967 840 1994 ad
858 1967 965 1994 senium
980 1987 989 2000 ,

196 2014 325 2049 quodque
340 2019 423 2049 caput
439 2018 492 2046 est,
513 2013 695 2041 orthodoxam
715 2013 795 2040 ﬁdem
820 2021 990 2042 conservans

196 2062 269 2088 inter
283 2060 490 2095 persecutiones
499 2065 527 2088 et
543 2065 686 2096 susceptas
699 2067 750 2096 pro
761 2064 836 2088 recto
850 2068 989 2088 mrumnas

198 2107 318 2134 excessit
350 2115 365 2134 ρ
392 2107 448 2134 vita
467 2127 475 2140 ,
505 2107 619 2142 justitiaz
648 2108 852 2142 quodammodo
879 2112 990 2142 propter

196 2153 298 2180 Christi
312 2152 516 2181 confessionem
531 2161 633 2180 corona
652 2153 797 2180 redimitus
810 2161 816 2180 :
831 2153 879 2181 sed
899 2153 988 2181 nostri

196 2206 296 2232 causa,
321 2203 368 2226 aut
394 2199 479 2226 vestri
517 2199 641 2234 ipsorum
660 2199 768 2233 potius,
786 2199 833 2234 qui
862 2199 986 2227 derelicti

196 2245 280 2277 estis,
305 2245 379 2273 velut
401 2252 467 2280 grex
489 2245 553 2272 boni
579 2245 698 2280 pastoris
720 2246 797 2274 obitu
828 2246 986 2274 destitutus.

196 2290 344 2318 Enimvero
383 2291 654 2319 eommiserationem
688 2291 867 2326 doloremque
896 2292 988 2320 cordis

197 2341 329 2372 provocat
354 2337 481 2372 praasulis
496 2338 652 2365 recordatio
666 2357 673 2370 ,
696 2337 760 2364 dum
774 2339 897 2364 animum
915 2338 988 2365 subit

1084 1738 1118 1765 ῚΙ
1148 1738 1262 1773 ἀγγελία
1290 1739 1340 1773 τῆς
1379 1737 1537 1773 κοιμήσεως
1565 1736 1613 1763 τοῦ
1645 1735 1839 1770 πνευματικοῦ

1042 1785 1122 1820 ἡμῶν
1151 1787 1198 1811 καὶ
1229 1784 1306 1819 ὑμῶν
1343 1784 1469 1819 Πατρὸς,
1502 1782 1677 1818 ἠγαπημένοι
1710 1781 1840 1815 ἀδελφοὶ,

1043 1832 1174 1867 ὲθρόησεν
1200 1832 1279 1867 ἡμῶν
1298 1831 1348 1866 τὴν
1374 1830 1476 1866 ψυχὴν,
1499 1830 1538 1861 ὡς
1556 1830 1586 1856 τὸ
1609 1830 1693 1861 είκδς,
1718 1829 1765 1855 καὶ
1795 1830 1842 1860 εἱς

1043 1877 1196 1913 στεναγμὸν
1211 1878 1300 1912 ἤγαγε
1313 1877 1469 1904 θλιπτικόν’
1482 1877 1512 1903 οὐ
1529 1875 1574 1902 διὰ
1586 1875 1632 1902 τὸν
1645 1874 1821 1910 κοιμηθέντα
1833 1883 1839 1889 ·

1043 1924 1178 1958 μακάριος
1205 1925 1260 1958 γὰρ
1290 1924 1396 1955 ἐκεῖνος
1427 1923 1557 1959 μακαρίῳ
1584 1922 1634 1957 βίῳ
1666 1921 1842 1953 τελειωθεὶς,

1042 1970 1136 2004 ἐπειδὴ
1155 1970 1202 1996 καὶ
1226 1970 1350 2004 μονὰξων
1375 1970 1505 2005 δόκιμος·
1521 1970 1568 1996 καὶ
1590 1969 1643 2000 ἕως
1663 1969 1765 2004 γήρους
1790 1968 1842 2000 ἐξ·

1041 2015 1172 2052 ησκηκὼς
1182 2016 1293 2053 ἄριστα,
1305 2016 1392 2043 καὶτὸ
1401 2016 1563 2050 κεφάλαιον,
1576 2014 1779 2050 πεφυλαγμένῃ
1789 2017 1843 2041 καὶ

1041 2062 1175 2098 ὀρθοδόξῳ
1201 2063 1292 2090 πίστει
1309 2064 1379 2098 μετὰ
1402 2063 1532 2098 διωγμῶν
1547 2063 1596 2089 καὶ
1618 2062 1673 2089 τῶν
1698 2062 1769 2096 ὑπὲρ
1787 2061 1842 2088 τοῦ

1041 2108 1125 2135 καλοῦ
1143 2109 1335 2145 ταλαιπωριῶν
1361 2108 1531 2144 ἐξεληλυθὼς
1555 2108 1610 2135 τῶν
1638 2107 1756 2141 ἐνθένδε,
1787 2109 1844 2134 καὶ

1040 2157 1123 2183 οἱονεὶ
1145 2156 1373 2191 ἐστεφανωμένος
1388 2157 1438 2191 τῆς
1456 2156 1528 2191 ὑπὲρ
1546 2155 1668 2192 Χριστοῦ
1685 2154 1844 2190 ὁμολογίας

1039 2201 1199 2237 δικαιοσύνῃ
1210 2209 1218 2216 '
1233 2201 1303 2228 ἀλλὰ
1320 2201 1354 2227 δι’
1379 2201 1465 2237 ἡμᾶς,
1484 2200 1588 2236 μᾶλλον
1610 2200 1640 2226 δὲ
1651 2200 1725 2235 ὑμᾶς
1735 2200 1843 2232 αὐτοὺς

1041 2248 1111 2285 [εοά.
1143 2248 1209 2283 Reg.
1235 2248 1283 2274 καὶ
1316 2246 1392 2283 τοὺς]
1419 2247 1602 2282 ὲναφεθέντας
1632 2246 1671 2278 ὡς
1707 2245 1844 2281 ποίμνιον

1039 2292 1215 2328 ἠπορημένον
1238 2293 1272 2328 τῇ
1298 2292 1345 2319 τοῦ
1374 2292 1459 2319 καλοῦ
1488 2292 1619 2326 ποιμένος
1653 2291 1842 2326 μεταστάσει.

1042 2339 1098 2365 Καὶ
1113 2338 1167 2374 γὰρ
1186 2338 1261 2365 ἓλκει
1279 2339 1348 2374 πρὸς
1362 2337 1455 2365 οἶκτον
1468 2339 1516 2365 καὶ
1531 2337 1700 2372 συντριμμδν
1717 2337 1845 2372 καρδίας

196 2374 352 2419 cujnsmodi
369 2384 450 2411 fuerit
466 2385 526 2419 ejus
547 2384 573 2411 in
598 2384 715 2412 Domino
736 2384 899 2418 gubernatio
913 2395 918 2411 ;
934 2393 986 2419 quo

1041 2386 1058 2420 ή
1086 2384 1133 2410 τοῦ
1156 2385 1330 2419 προεστῶτος
1360 2385 1467 2420 μνήμη,
1500 2384 1730 2420 ἀναθεωρουμένη
1761 2387 1844 2411 κατὰ

197 2435 276 2464 pacto
302 2430 375 2457 hunc
400 2430 511 2464 quidem
535 2430 686 2464 collapsum
714 2430 854 2457 solabatur
871 2450 878 2462 ,
911 2429 988 2456 illum

195 2484 261 2504 vero
277 2476 449 2512 pervicacem
480 2477 664 2511 objurgabat:
685 2475 770 2502 alium
797 2475 876 2502 frena
901 2477 991 2502 detre-

197 2527 317 2550 ctantem
335 2523 508 2554 hortabatur,
523 2523 606 2550 alium
633 2521 989 2557 torpescentemexcitabat,

196 2569 408 2597 mansuetudine
425 2574 452 2597 et
465 2569 594 2604 :equitate
611 2576 710 2602 regens
726 2567 760 2595 ad
783 2567 869 2602 ipsius
884 2567 990 2595 Domini

197 2615 366 2650 exemplum,
383 2615 429 2650 qui
445 2616 515 2643 dixit
531 2623 538 2642 :
555 2615 656 2642 Discite
672 2622 688 2640 a
704 2621 745 2640 me
763 2613 826 2649 quia
840 2613 912 2640 mitis
930 2622 989 2640 sum

196 2665 221 2687 et
238 2660 347 2687 humilis
367 2661 464 2688 corde'
480 2670 487 2689 :
505 2665 587 2696 atque
601 2660 628 2687 in
645 2659 772 2687 omnibus
788 2659 910 2694 demum,
926 2660 988 2694 qui—

197 2705 250 2732 bus
268 2705 296 2732 in
319 2705 411 2733 medio
428 2710 550 2734 vestrum
568 2705 641 2733 velut
655 2705 736 2733 stella
752 2705 886 2733 matutina
905 2704 988 2732 reful-

235 2762 246 2778 '
260 2761 357 2790 Matth.
373 2770 413 2797 xl,
428 2762 474 2790 29.

1041 2429 1122 2455 τόπον
1139 2430 1185 2456 καὶ
1201 2429 1301 2464 τρόπον
1323 2429 1373 2464 τῆς
1401 2430 1429 2455 ἐν
1453 2429 1548 2466 Κυρίῳ
1568 2430 1753 2465 ἀφηγήσεω;’
1773 2430 1845 2457 πῶς

1040 2475 1070 2502 ὃν
1089 2475 1138 2510 μὲν
1169 2475 1323 2510 παρεκάλει
1352 2475 1562 2510 συμπίπτοντα⁶
1579 2476 1609 2503 ὃν
1634 2476 1662 2502 δὲ
1676 2475 1844 2510 ἐπέπληττε

1040 2519 1263 2555 θρασυνόμενον
1294 2519 1388 2554 ἕτερον
1415 2520 1613 2555 προσεκαλεῖτο
1635 2520 1844 2554 ἁφηνιάζοντα,

1041 2566 1089 2593 καὶ
1118 2565 1198 2592 ἄλλον
1230 2564 1353 2597 διῦπνιζε
1380 2565 1593 2601 νωθρευόμενον,
1622 2565 1759 2600 πραότητι
1787 2568 1847 2593 καὶ

1042 2611 1179 2644 ἐπιεικείᾳ
1193 2611 1304 2644 διέπων,
1316 2610 1390 2638 κατὰ
1408 2611 1524 2646 μίμησιν
1539 2611 1622 2638 αὐτοῦ
1641 2611 1688 2638 τοῦ
1708 2611 1849 2644 εἰπόντος

1043 2658 1182 2684 Δεσπὸτου
1196 2666 1204 2673 ·
1220 2657 1337 2685 Maior-:16
1355 2658 1406 2685 ἀπ’
1424 2657 1498 2693 ἐμοῦ
1518 2657 1563 2684 ὅτι
1585 2657 1682 2692 πρᾶός
1702 2659 1764 2692 ειμι
1783 2659 1846 2685 καὶ

1041 2705 1184 2738 ταπεινὸς
1197 2703 1234 2740 τῇ
1258 2704 1364 2739 καρδίᾳ
1375 2713 1385 2738 ;
1407 2706 1453 2732 καὶ
1467 2704 1559 2737 ἁπλῶς
1582 2705 1611 2732 ἐν
1628 2705 1711 2732 πᾶσιν
1737 2701 1777 2737 οἷς
1791 2703 1847 2732 δια

963 2808 1080 2837 NOTAE.

233 2856 289 2892 (26)
302 2857 331 2885 In
347 2858 408 2886 cod.
425 2858 490 2894 Reg.
504 2859 573 2894 ρμεν.
