1912 3080
91 147 147 181 1421
672 142 941 174 EPISTOLARUM
969 142 1041 174 LIB.
1053 178 1056 182 ,
1068 143 1108 172 n.
1634 142 1702 174 1422

87 207 197 240 ἔπρεπεν
211 205 241 231 ἐν
262 203 338 239 μέσῳ
352 203 428 240 ὑμῶν
439 203 476 235 ὡς
495 203 606 234 ἑωθινὸς
621 202 710 238 ἀστήρ
722 211 730 218 -
746 202 864 228 ἄλλωστε

924 207 954 229 ιιι
968 210 974 227 :
989 209 1052 228 cum
1074 201 1225 236 przcsertim
1247 208 1280 227 ex
1302 201 1430 228 diuturna
1449 202 1532 229 etiam
1553 208 1703 229 consuetu-

87 252 128 279 καὶ
142 251 181 286 τῷ
200 250 369 286 πολυχρονίῳ
381 250 437 276 ἔθει
447 269 454 282 ,
473 248 599 284 βαρύνειν
614 248 694 275 εἴωθε
710 249 760 284 τὴν
774 248 864 283 ψυχὴν

924 248 979 275 line
995 255 1109 283 gravare
1131 247 1252 274 animum
1278 248 1452 275 vehementer
1477 248 1565 276 soleat
1589 253 1703 283 paterna

90 296 184 331 σφόδρα
196 296 210 322 ὁ
228 296 277 321 τοῦ
291 295 399 330 [ἰατρὸς
415 294 565 330 χωρισμός.

924 294 1065 329 separatio.

121 341 200 368 Ἀλλὰ
214 341 241 368 τί
263 341 427 376 ποιήσομεν,
447 340 568 374 ἀδελφοὶ,
583 339 652 375 πρὸς
679 339 762 374 νόμον
793 337 862 365 Θεοῦ

952 338 1006 366 Sed
1031 338 1096 373 quid
1125 345 1248 372 agemus,
1279 337 1387 371 fratres,
1411 339 1541 366 adversus
1560 337 1606 366 Dei
1618 339 1702 374 legem

87 387 150 413 οὕτω
165 387 311 413 κελεύοντα
323 394 330 402 ⁸
348 386 393 421 Γῆ
407 384 444 418 εἷ,
463 385 512 413 καὶ
547 387 590 419 εις
605 385 665 419 γῆν
690 385 864 418 ἀπελεύσῃ;

89 433 182 469 μᾶλλον
195 433 223 460 δὲ
240 433 358 468 ἐκδημία
386 432 454 468 προς
472 432 585 467 Κύριον,
602 433 618 466 ὴ
630 431 777 464 διάζευξις.
800 431 865 457 Ἐπ-

87 478 187 514 ετράπη
204 478 254 514 τὴν
283 478 461 513 μετάστασιν,
491 477 538 504 καὶ
553 476 649 511 ἐξῆλθε
664 476 711 502 τοῦ
727 475 863 510 σώματος.

91 523 237 559 Ἐχωρίσθη
262 524 310 558 ἀφ’
336 523 423 558 ὑμῶν,
451 522 500 548 καὶ
525 521 678 557 προσετέθη
707 520 778 555 πρὸς
802 520 866 551 τοὺς

87 571 202 604 πατέρας
224 569 320 596 αὑτοῦ.
335 569 426 596 Καλὸν
452 568 607 602 ὑπόδειγμα
624 567 670 594 τὸν
696 565 794 593 ἑαυτοῦ
809 565 866 601 βίον

86 616 129 650 τῆς
143 615 245 651 ἀρετῆς
267 614 396 649 ὁμοίωσιν
422 612 661 648 ὲγκαταλελοιπὼς
684 612 761 646 ὑμῖν.
775 611 807 638 Τί
820 610 866 637 οὖν

86 662 174 688 λοιπόν
189 662 250 688 ἐστι
265 661 295 687 τὸ
311 660 496 696 ζητούμενον;
511 659 559 691 Εἰς
578 659 692 689 ἑαυτοὺς
705 659 777 693 ὑμᾶς
788 657 866 692 γενέ-

86 708 153 741 σθαι,
172 707 220 734 καὶ
244 706 577 743 παρακαλέσαιάλλή).ους
590 707 619 732 ἐν
634 705 773 740 Πνεύματι
785 704 865 739 ἁγίῳ.

87 755 136 781 Καὶ
149 754 242 785 καθὼς
257 754 321 788 ὑμῖν
336 754 413 780 εἴασε
428 753 475 779 τὸν
495 752 590 787 κύριον
622 751 764 779 ’Λντώνιον
797 749 866 777 καθ-

915 385 957 412 sic
984 385 1186 420 praecipientem
1202 394 1208 412 :
1235 385 1319 412 Terra
1338 393 1375 417 es,
1391 391 1417 412 et
1431 386 1458 412 in
1476 391 1574 412 terram
1590 390 1703 413 reverte-

917 428 955 455 ris
970 428 980 443 ⁸
995 429 1006 454 ?
1019 428 1090 461 Quin
1106 429 1197 464 potius
1219 429 1350 464 profectio
1363 434 1405 457 est
1418 430 1452 457 ad
1472 429 1628 461 Dominum,
1647 431 1706 458 luce

916 474 1074 508 disjunctio.
1089 474 1184 502 Jussus
1199 481 1241 503 est
1256 476 1384 510 migrare,
1406 481 1433 503 et
1452 477 1519 503 abiit
1533 483 1566 503 ex
1579 483 1703 511 corpore.

917 521 1065 555 Scparatus
1090 526 1159 549 esta
1187 522 1274 555 vobis,
1295 527 1322 550 et
1340 523 1481 558 appositus
1507 527 1550 550 est
1565 524 1598 550 ad
1614 529 1705 558 patres

917 574 992 598 suos,
1034 568 1196 602 praeclarum
1225 569 1366 603 exemplar
1394 577 1472 597 suam
1503 569 1590 604 ipsius
1622 571 1706 597 vitam

917 612 1026 640 virtutis
1047 613 1160 648 elligiem
1183 613 1261 642 vobis
1273 615 1440 650 relinquens.
1456 615 1527 648 Quid
1546 622 1611 651 ergo
1623 620 1708 643 restat

918 657 1110 693 inquirendum
1128 660 1139 686 ’ἰ
1153 660 1188 688 Ut
1200 660 1233 687 ad
1247 669 1297 688 vos
1313 661 1388 696 ipsos
1401 662 1530 694 redeatis,
1546 667 1574 690 et
1589 662 1706 690 invicem

918 712 966 732 vos
995 706 1175 734 consolemini
1196 707 1223 734 in
1247 706 1350 742 Spiritu
1370 712 1476 735 sancto.
1495 708 1526 735 Et
1542 709 1607 743 quia
1620 709 1709 736 domi-

918 757 984 777 num
1011 752 1160 779 Antonium
1190 757 1323 780 rectorem
1353 754 1431 781 vobis
1468 754 1597 786 instituit,
1612 755 1708 782 eadem

86 799 247 834 ηγούμενον,
263 797 302 833 τῷ
319 797 395 833 αὐτῷ
413 796 507 823 κανόνι
524 796 641 827 καὶτοῖς
665 795 757 825 αὐτοῖς
781 795 867 828 ἴχνεσι

924 804 1037 829 norma,.
1052 797 1205 832 iisdemque
1224 799 1335 833 pietatis
1359 800 1482 835 vestigiis
1496 800 1576 827 iidem
1592 808 1707 828 conser-

86 845 130 880 τῆς
160 844 304 875 εὐσεϐείας
337 842 514 878 ἀπάρξασθαι
551 842 624 876 ὑμᾶς
663 839 866 870 πολιτεύεσθαι,

924 848 1025 876 rantes,
1039 848 1066 870 et
1080 851 1130 878 pro
1144 852 1177 871 eo
1189 845 1244 879 pati
1260 845 1348 879 parati
1370 846 1412 872 vel
1431 854 1517 881 usque
1529 847 1562 873 ad
1582 851 1708 880 mortem,

87 889 270 926 φρουροῦντας
284 889 334 923 τὴν
348 888 452 920 πίστιν,
470 887 518 914 καὶ
543 886 615 922 ὑπὲρ
631 886 718 921 αὐτῆς
739 892 867 912 κακοπα-

924 889 942 916 si
953 898 1023 925 opus
1037 890 1083 923 sit,
1095 891 1172 925 juxta
1186 897 1347 926 przesentcm
1365 893 1593 927 persecutionem.
1605 886 1711 920 Verita-

88 936 148 968 θεῖν,
176 936 202 962 εί
219 935 286 967 δέοι,
320 935 402 970 μέχρι
420 933 550 965 Θανάτου,
571 932 642 959 κατᾶ
666 931 712 958 τὸν
746 930 870 966 παρόντα

924 939 973 962 tem
1007 935 1101 970 utique
1126 943 1300 971 nequaquam
1336 937 1469 971 prodatis,
1492 937 1711 972 charitatemque

87 983 205 1018 διωγμόν
220 990 228 998 ·
248 981 296 1008 καὶ
329 980 464 1016 μηδαμῶς
483 979 631 1015 προδοῦναι
659 978 708 1012 τὴν
729 977 870 1013 ἀλήθειαν,

86 1030 132 1064 τήν
146 1037 178 1054 τε
194 1027 307 1062 ἀγάπην
329 1026 397 1061 πρὸς
417 1025 562 1061 ἀλλήλους,
589 1025 637 1051 καὶ
663 1024 712 1059 τὴν
732 1023 802 1058 πρὸς
824 1022 872 1050 τὸν

87 1074 292 1110 καθηγούμενον
324 1073 449 1107 ὑπακοὴν
467 1072 551 1098 παντὶ
575 1071 663 1097 σθένει
683 1068 871 1096 ἀσπάσασθαι.

87 1121 170 1148 Τοῦτο
191 1121 246 1157 γὰρ
257 1121 326 1156 πρὸς
341 1120 391 1150 τὴν
407 1119 485 1154 ὑμῶν
503 1117 656 1154 σωτηρίαν
676 1117 755 1143 τοῦτο
767 1115 872 1151 καύχη-

87 1176 123 1202 μα
135 1167 186 1194 καὶ
206 1167 247 1202 τῷ
264 1165 392 1201 μακαρίῳ
417 1165 516 1198 ἐκείνῳ
541 1165 581 1195 εἰς
603 1163 713 1198 ἡμέραν
730 1162 849 1197 Χριστοῦ
863 1169 870 1176 ·

85 1212 160 1239 τοῦτο
178 1213 227 1238 καὶ
240 1212 308 1247 ἡμῖν
323 1213 380 1242 τοῖς
398 1211 485 1245 φίλοις
497 1210 544 1236 καὶ
564 1209 690 1243 ἀδελφοῖς
715 1207 793 1243 ὑμῶν
807 1207 873 1243 ἐρα-

87 1257 250 1292 σμιώτατον.
283 1254 362 1282 Οὕτω
390 1256 444 1290 γὰρ
478 1253 695 1290 περιπατοῦντες
729 1252 872 1283 κάλλιστα,

85 1303 157 1335 ἕξετε
187 1303 261 1338 ἡμᾶς
274 1301 475 1336 συνεπομένους
491 1300 566 1335 ὑμῖν,
581 1300 642 1326 ὅσον
659 1296 715 1325 οἷόν
728 1306 768 1330 τε,
781 1298 821 1329 εις
836 1297 872 1323 τὰ

86 1348 154 1384 πρὸς
179 1349 295 1384 Κύριον,
315 1347 424 1381 ἀδελφοὶ
437 1346 609 1382 τιμιώτατοι.

85 1402 470 1440 ΡΔΔ’.(27).-Κατηχητικὴ
480 1401 554 1437 πρὸς
562 1401 633 1434 τοὺς
639 1399 898 1436 ἐαυτοῦμιιθητάς.

921 979 991 1008 inter
1013 988 1061 1008 vos
1086 985 1221 1010 mutuam.
1237 986 1263 1008 ct
1284 982 1468 1009 obedientiam
1495 991 1558 1018 erga
1574 988 1709 1011 rectorem

920 1034 971 1062 pro
990 1026 1095 1054 viribus
1115 1027 1242 1054 omnibus
1265 1027 1476 1062 amplectamini.
1503 1028 1560 1056 lloc
1588 1029 1659 1055 enim
1676 1029 1710 1056 ad

923 1071 1038 1098 salutem
1054 1077 1171 1099 vestram
1190 1080 1197 1099 :
1214 1071 1272 1099 haac
1285 1072 1365 1099 beato
1386 1072 1424 1099 illi
1441 1072 1468 1100 in
1486 1073 1528 1101 die
1542 1073 1652 1101 Domini
1668 1075 1712 1102 [ιι-

922 1120 982 1143 tura
1003 1117 1128 1151 gloriatio
1143 1125 1151 1145 :
1181 1116 1233 1144 hoc
1248 1125 1357 1152 quoque
1383 1118 1474 1153 nobis,
1491 1119 1588 1147 amicis
1614 1125 1641 1148 et
1656 1120 1712 1148 fra—

922 1163 1010 1191 tribus
1021 1164 1131 1196 vestris,
1156 1164 1369 1199 optatissimum.
1398 1165 1443 1193 Sic
1465 1166 1537 1194 enim
1560 1167 1714 1195 rectissime

922 1209 1105 1242 ambulantes,
1130 1217 1181 1237 nos
1201 1210 1302 1245 pariter
1323 1215 1460 1240 sectantes
1484 1212 1510 1239 in
1535 1213 1577 1240 via
1593 1213 1712 1246 Domini,

922 1261 1055 1290 quantum
1071 1255 1113 1284 l'as
1125 1257 1189 1289 erit,
1204 1256 1351 1290 habebitis,
1369 1256 1467 1286 fratres
1483 1259 1712 1288 ruverendissimi.

998 1399 1115 1427 CXXXI.
1131 1415 1165 1420 —
1177 1400 1340 1428 Calen/retice
1355 1401 1389 1428 ad
1411 1409 1471 1428 suos
1489 1402 1642 1436 discipulos.

659 1459 721 1484 Vitae
731 1458 873 1484 monasticae
884 1457 962 1483 ol'licia
977 1459 1141 1484 commendat.

118 1515 273 1549 Θεόδωρος
300 1514 461 1549 ἐλάχιστος
480 1513 683 1547 πρεσϐύτερος
709 1512 870 1547 mainly-01’)-

962 1511 1115 1538 Theodorus
1131 1511 1256 1539 minimus
1284 1511 1418 1546 presbyter
1437 1510 1526 1538 Studié
1545 1511 1713 1546 prapost'tus,

83 1570 176 1595 μενος
190 1560 251 1587 τῶν
261 1560 418 1592 Στουδίου,
431 1557 636 1592 ἠγαπημένοις
659 1557 803 1592 ἀδελφοῖς
812 1565 873 1591 μου

84 1607 133 1634 καί
166 1605 384 1641 πνευματικοῖς
401 1605 494 1637 υἱέσι,
519 1603 582 1636 τοῖς
605 1603 655 1630 διὰ
675 1604 786 1637 Κύριον
815 1599 874 1629 ὧδε

84 1653 211 1681 κάκεῖσε
227 1652 469 1687 διεσπαρμένοις.
778 1647 874 1684 [χπε’.]

119 1710 213 1745 Χάρις
235 1709 301 1742 ὑμῖν
322 1707 370 1734 καὶ
402 1707 498 1742 εἰρήνη
526 1705 580 1732 ἀπὸ
602 1703 671 1731 Θεοῦ
693 1703 802 1739 Πατρδς
826 1703 875 1730 καὶ

83 1755 191 1793 Κυρίου
217 1754 305 1789 Ὶησοῦ
332 1755 450 1790 Χριστοῦ
473 1752 522 1778 τοῦ
539 1752 726 1787 χαρισαμένου
742 1751 808 1785 ὑμῖν
829 1750 874 1777 τὸν

84 1803 157 1838 ὑπὲρ
168 1801 218 1828 τοῦ
234 1801 366 1836 ὀνόματος
381 1798 464 1826 αὐτοῦ
477 1798 606 1834 διωγμόν.
624 1799 671 1830 Ὃς
685 1798 733 1824 καὶ
750 1798 775 1823 ει
789 1796 873 1832 lum;-

85 1850 131 1884 ρὸς
161 1847 238 1875 κατὰ
268 1847 368 1881 σάρκα,
394 1845 464 1872 ἀλλὰ
486 1844 635 1880 χαροποιὺς
662 1843 734 1870 κατὰ
749 1842 873 1878 πνεῦμα·

85 1893 279 1930 μιαρισμῶν
301 1892 356 1928 γὰρ
378 1891 528 1918 Θεολέκτων
548 1889 646 1922 αἴτιος,
663 1889 710 1916 καὶ
735 1889 875 1923 στεφάνων

82 1940 208 1968 αἰωνίων
225 1939 366 1974 πρόξενος.
387 1934 424 1964 Οὖ
447 1937 527 1972 χάριν
544 1935 622 1970 κάγὼ
640 1936 655 1962 ὁ
675 1934 787 1970 εὐτελὴς
804 1935 876 1969 χαρᾷ

82 1986 175 2021 χαίρω
189 1985 239 2011 καὶ
253 1983 413 2018 ἀγαλλιάσει
428 1981 614 2017 ἁγαλλιῶμαι,
627 1982 669 2008 ὅτι
680 1980 801 2015 ὴξίωμαι
812 1980 875 2011 τοὺς

81 2031 169 2066 ἐμοὺς
184 2028 345 2064 ἀγαπητοὺς
359 2028 423 2054 ἰδεῖν
438 2028 468 2054 ὲν
475 2026 587 2062 τοιαύτῃ
605 2028 742 2062 προκοπῇ,
759 2027 789 2053 ἐν
799 2026 875 2061 τηλι-

81 2076 176 2112 κοΰτῳ
187 2075 286 2111 βαθμῷ
294 2076 343 2110 τῆς
351 2073 437 2108 καλῆς
443 2072 601 2108 ὁμολογίας,
612 2072 646 2107 ἣν
655 2072 875 2107 ὡμολογήσαμεν

80 2122 205 2149 ὲνώπιον
227 2120 295 2147 Θεοῦ
324 2120 371 2147 καὶ
395 2118 558 2154 ἀνθρώπων,
577 2119 742 2153 προσκυνεῖν
758 2117 875 2153 Χριστὸν

79 2166 316 2203 ἐγγεγραμμένον
327 2166 411 2201 ἠγουν
423 2163 653 2197 ἐξεικονισμένον,
668 2162 760 2194 καθὼς
774 2163 874 2193 πάντες

79 2215 104 2241 οἱ
116 2215 202 2248 ἅγιοι
211 2212 333 2247 Πατέρες
347 2210 438 2246 ἡμῶν.
447 2209 536 2236 Μόνον
547 2208 699 2244 παρακαλῶ
712 2208 760 2235 καὶ
774 2208 875 2242 ὑπομι-

80 2261 216 2297 μνῄσκω.
225 2259 308 2292 ἀξίως
315 2257 361 2284 τοῦ
377 2256 544 2291 Εὑαγγελίου
554 2255 601 2282 τοῦ
612 2255 733 2290 Χριστοῦ
743 2255 815 2289 ὑμᾶς
824 2263 874 2281 ⁴πο-

78 2305 256 2333 λιτεύεσθαι.
265 2303 323 2339 Τὴν
335 2301 509 2338 ἀναστροφὴν
522 2300 599 2336 ὑμῶν
613 2300 726 2335 ἔχοντας
738 2301 835 2336 καλὴν,
847 2301 877 2326 ὲν

77 2351 120 2384 οἷς
128 2349 292 2386 διατρίὸετε
306 2349 354 2376 καὶ
360 2348 453 2380 τόποις
463 2347 511 2374 καὶ
522 2346 679 2382 προσώποις
689 2354 696 2361 ·
704 2347 750 2373 τὸν
756 2346 834 2381 λόγον
849 2348 877 2373 ἐν

78 2398 181 2434 χάριτι
208 2395 290 2423 ἅλατι
306 2394 477 2430 ἡρτυμένον·
494 2392 543 2429 τὴν
556 2393 613 2425 ’ἐξιν
643 2392 773 2428 εὐλαϐείᾳ
789 2401 875 2428 μεμε-

79 2443 245 2478 στωμένην.
271 2439 328 2476 Τὴν
346 2439 448 2475 βρῶσιν
465 2439 514 2465 καὶ
542 2439 592 2473 τὴν
615 2438 695 2464 πόσιν
726 2438 877 2474 αὐταρκείᾳ

77 2487 281 2525 τετηρημένην
291 2494 297 2501 ·
309 2486 340 2513 τὸ
353 2486 456 2520 ἔνδυμα
469 2485 516 2511 καὶ
528 2484 646 2520 βάδισμα
661 2485 768 2511 συνέσει
777 2484 877 2511 τεθεω-

78 2534 225 2568 ρημένον·
242 2531 280 2563 ὡς
303 2531 337 2558 ἂν
362 2530 501 2565 φωτισμός
516 2530 577 2556 ἐστε
604 2530 658 2556 τῶν
681 2529 794 2563 λαῖκῶν,
809 2530 877 2557 ἀλλὰ

78 2579 118 2615 μὴ
148 2577 334 2606 τούναντίον
368 2577 497 2608 ὑπόθεσις
530 2576 608 2608 θείας
640 2576 876 2612 ἑξομολογήσεως,

77 2623 153 2650 ἀλλὰ
170 2624 214 2659 μὴ
232 2623 399 2650 τούναντίον.
427 2621 579 2654 Ἕκαστος
604 2620 701 2653 καθὼς
720 2621 809 2647 ἔλαϐε
820 2620 875 2655 χά-

74 2678 199 2706 ρισμα,
224 2670 268 2702 εις
283 2668 409 2702 ἑαυτοὺς
430 2667 504 2695 αὐτὸ
523 2666 719 2700 διοικοῦντες,
733 2667 773 2700 ὡς
789 2667 876 2695 καλοὶ

112 2760 126 2776 ⁸
142 2760 223 2788 Gen.
247 2767 290 2788 ιιι.
305 2760 347 2789 19.

924 1558 1026 1585 dilectis
1048 1558 1177 1593 fratribus
1200 1559 1276 1590 meis,
1292 1563 1317 1585 et
1342 1558 1406 1592 filiis
1417 1557 1601 1592 spiritualibu:
1620 1558 1670 1586 huc
1689 1563 1715 1586 et

924 1603 989 1630 illuc
1001 1608 1108 1639 propter
1129 1604 1272 1631 Dominum
1293 1603 1430 1638 dispersis.

961 1696 1053 1724 Gratia
1070 1697 1147 1724 vobis
1160 1702 1187 1724 et
1201 1705 1253 1732 pax
1273 1706 1288 1725 a
1304 1698 1359 1725 Deo
1381 1698 1462 1727 Patre
1477 1705 1505 1727 et
1518 1699 1633 1728 Domino
1650 1699 1715 1728 Iesu

925 1740 1046 1774 Christo,
1061 1742 1107 1777 qui
1122 1742 1197 1770 dedit
1211 1744 1288 1771 vobis
1297 1752 1346 1779 pro
1362 1745 1447 1780 ipsius
1463 1746 1574 1773 nomine
1585 1753 1714 1780 persecu-

927 1787 1026 1814 tionem
1046 1788 1102 1822 pati
1117 1797 1125 1819 ;
1138 1797 1198 1823 qua:
1213 1791 1264 1817 etsi
1279 1791 1362 1818 tristis
1375 1796 1417 1819 est
1427 1792 1577 1819 secundum
1592 1800 1714 1824 carnem,

925 1838 954 1861 at
978 1835 1079 1863 latitia:
1101 1836 1180 1871 plena
1204 1837 1354 1864 secundum
1369 1839 1505 1873 spiritum.
1520 1838 1588 1866 Nam
1603 1845 1630 1867 et
1648 1839 1715 1868 bca~

926 1880 1073 1908 titudinum
1097 1882 1253 1910 divinarum
1277 1892 1361 1912 causa
1384 1890 1436 1919 est,
1449 1890 1476 1913 et
1492 1891 1655 1915 atternarum
1670 1895 1716 1915 co-

925 1933 1056 1954 ronarum
1080 1929 1262 1957 conciliatrix.
1285 1930 1457 1966 Quapropter
1478 1937 1506 1960 et
1518 1940 1568 1968 ego
1591 1933 1715 1968 abiectus

926 1972 1024 2007 gaudio
1036 1975 1141 2008 gaudeo
1155 1980 1182 2002 et
1195 1977 1377 2004 exsultatione
1392 1979 1512 2011 exsulto,
1532 1979 1607 2014 quod
1616 1980 1716 2015 dignus

926 2018 1035 2046 habitus
1049 2020 1099 2046 sim
1113 2021 1160 2055 qui
1178 2021 1291 2050 dilectos
1313 2031 1388 2051 meos
1404 2025 1523 2052 viderem
1539 2025 1607 2054 adeo
1623 2027 1715 2062 profe-

926 2065 1007 2098 cisse,
1021 2073 1053 2092 ac
1067 2068 1225 2101 pervenisse
1239 2070 1272 2095 ad
1288 2069 1432 2097 subllmcm
1448 2072 1563 2106 gradum
1578 2074 1716 2108 praeclara:

925 2112 1117 2146 confessionis,
1142 2121 1223 2148 quam
1241 2122 1334 2142 coram
1367 2115 1423 2143 Deo
1437 2122 1465 2144 et
1477 2117 1635 2147 hominibus
1651 2127 1715 2155 pro-

927 2156 992 2185 fessi
1007 2165 1113 2191 sumus,
1133 2159 1166 2186 dc
1183 2160 1323 2189 adorando
1336 2161 1445 2190 Christo
1459 2164 1563 2199 pictura
1575 2166 1632 2193 sive
1645 2167 1715 2194 ima<

927 2203 989 2237 giae
1003 2211 1144 2238 expresso,
1160 2205 1237 2240 juxta
1252 2214 1347 2235 omnes
1357 2214 1467 2236 sanctos
1486 2209 1580 2238 Patres
1595 2216 1714 2244 nostros,

926 2247 1017 2276 Unum
1043 2249 1139 2277 hortor
1159 2255 1186 2278 et
1211 2259 1311 2280 moneo
1334 2261 1393 2286 vos,
1418 2259 1449 2282 ut
1472 2257 1616 2285 ambuletis
1634 2258 1716 2293 digne

925 2295 1073 2330 Evangelio
1098 2297 1211 2331 Christi,
1231 2299 1330 2325 bonam
1350 2300 1509 2329 exhibentes
1529 2305 1715 2331 conversatio-

927 2351 988 2370 nem
1002 2347 1132 2376 vestram,
1145 2344 1245 2379 quibus
1261 2345 1287 2372 in
1301 2346 1368 2373 locis
1379 2350 1406 2374 et
1417 2347 1579 2382 quibuscum
1591 2351 1716 2383 personis

928 2390 1026 2426 degilis
1043 2399 1050 2423 ;
1065 2398 1219 2419 sermonem
1235 2392 1262 2418 in
1275 2392 1368 2427 gratiae
1388 2394 1445 2420 sale
1457 2395 1595 2423 conditum
1613 2405 1620 2430 ;
1639 2401 1715 2426 teno-

931 2443 987 2462 rem
996 2436 1079 2463 animi
1094 2436 1340 2471 circumspectione
1349 2439 1470 2474 plenum,
1481 2441 1571 2468 cibum
1582 2447 1608 2470 et
1621 2449 1715 2478 potum

929 2479 1095 2516 frugalitate,
1110 2484 1236 2510 vestitum
1262 2488 1288 2511 et
1315 2484 1453 2513 incessum
1480 2488 1623 2522 prudentia
1647 2494 1716 2516 tem-

930 2532 1065 2560 peratum,
1086 2531 1117 2554 nt
1133 2528 1210 2557 laicis
1233 2529 1280 2556 lux
1302 2530 1372 2563 sitis,
1392 2538 1447 2558 non
1469 2537 1563 2560 contra
1582 2543 1589 2560 :
1618 2534 1716 2563 divinae

930 2573 1111 2600 confessionis
1135 2581 1336 2609 argumentum,
1355 2583 1409 2602 non
1431 2581 1524 2604 contra
1542 2586 1549 2604 :
1571 2578 1716 2615 Unusquis-

930 2626 979 2653 que
990 2619 1059 2646 sicut
1075 2621 1175 2655 accepit
1187 2623 1301 2655 gratiam
1316 2623 1343 2649 in
1358 2621 1513 2650 alterutrum
1528 2624 1605 2652 illam
1629 2626 1716 2653 adnui-

932 2665 1086 2698 niurantes,
1104 2670 1230 2702 tanquam
1246 2668 1306 2695 boni
1330 2668 1523 2703 dispensatore:
1543 2670 1716 2706 multiformis

864 2821 980 2851 NOTE.

111 2866 178 2902 (27)
201 2865 231 2893 In
245 2866 309 2898 cod.
322 2867 390 2903 Reg.
410 2871 486 2903 ρμιῗ.
