1912 3080
186 150 254 182 1423

777 147 808 177 S.
827 146 1023 176 TlIEODORI
1045 146 1217 177 STUDlT/E

1742 147 1808 178 1424

184 207 279 242 gratia:
293 206 351 238 Dei,
373 205 445 232 sicut
475 204 607 239 scriptum
639 209 690 231 est.
718 203 747 231 Si
768 204 826 239 quis
844 205 971 239 loquitur,

1025 206 1175 239 οἰκονόμοι
1201 204 1344 237 ποικίλης
1361 203 1481 238 χάριτος
1501 203 1585 235 Θεοῦ,
1604 203 1695 235 καθὼς
1708 204 1809 240 γέγρα-

1010 255 1101 277 ’πτπι-
1115 250 1152 277 El
1162 251 1354 283 τιςλαλεῖὼς
1366 250 1546 285 λόγιαθεοῦ,
1560 249 1629 276 ἀλλὰ
1645 251 1681 286 μὴ
1698 260 1810 285 ματαιο-

183 259 309 288 tanquam
324 260 456 279 sermones
471 251 530 282 Dei,
546 259 599 277 non
626 251 772 278 inanitates
788 260 794 278 :
813 252 837 278 si
849 253 906 285 quis
923 252 973 278 nti-

183 301 290 333 nistrat,
309 304 433 334 tauquam
454 306 485 325 ea:
502 298 596 324 virtute
609 298 628 330 ",
649 305 703 324 non
722 306 770 332 per
797 299 972 332 superbiant:

183 345 206 372 si
230 347 290 380 quis
322 345 427 371 laborat
449 342 565 377 propriis
585 342 722 373 manibus,
756 349 790 368 ne
819 342 910 376 gravis
926 342 973 373 sit,

184 399 238 417 non
257 396 346 417 autent
365 398 398 416 ue
425 394 554 422 tanquam
570 387 675 414 otiosus
698 387 843 414 damnetur
867 391 893 413 et
920 393 972 412 non

184 436 338 462 manducet.
357 433 385 460 Si
399 434 459 468 quis
477 434 503 460 in
527 433 655 459 omnibus
672 432 832 459 mandatum
847 431 974 466 exsequi—

184 487 238 515 tur,
256 485 285 508 ut
304 481 446 515 operarius
464 480 520 510 Dt-i,
537 487 590 506 non
608 484 697 506 autem
714 486 747 505 ne
768 479 926 506 scandalum
939 479 975 506 sit

183 528 329 562 proximo;
350 531 377 552 ct
401 531 430 552 ιιι
457 526 483 552 in
506 526 634 552 omnibus
657 525 823 561 gloriticetur
840 524 924 557 Deus,
948 529 975 551 et

183 580 233 608 ego
244 573 327 599 miser
339 571 462 604 audiens,
475 572 610 599 exbilarer
626 576 653 598 et
675 572 820 607 gaudeam.

218 673 327 700 Cernite
339 681 483 708 perversas
499 673 717 708 conspirationes
735 682 741 699 :
763 673 865 700 cernite
876 672 976 707 perni—

184 720 285 748 ciosam
316 720 488 746 libertatem:
514 720 617 746 cernite
637 719 833 746 adulteriorum
858 724 975 746 matrem

183 765 356 793 edacitatem.
376 765 471 793 Nullus
496 772 558 792 cum
583 765 698 791 muliere
718 764 891 799 colloquatur
916 765 976 792 sine

184 811 368 838 necessitate:
394 810 486 837 nullus
508 810 600 837 sedeat
619 810 759 838 solitarius
775 819 782 838 :
798 811 889 838 nullus
912 818 976 838 ava~

185 857 254 883 ῖὶιὶιο
279 856 396 888 studeat,
418 856 494 882 luero
516 855 623 883 lucrum
654 856 795 891 adjiciens,
823 861 850 884 et
877 864 974 883 aurum

184 910 301 936 augens,
322 903 348 930 in
364 911 418 938 quo
430 903 506 930 radix
525 906 568 930 est
583 903 696 937 peccati,
717 907 743 930 et
760 902 836 929 Judze
851 903 940 937 portio
951 902 972 929 ⁸.

182 947 278 976 Nullus
293 953 442 983 comparet.
464 956 526 975 cum
544 949 722 975 monasticam
750 948 901 976 libertatem
914 955 976 983 pos-

184 994 279 1026 sideat,
294 995 446 1029 emptitium
461 1002 582 1022 servum.
595 995 634 1022 E0
643 1002 730 1029 usque
742 995 815 1022 enim
829 1001 974 1029 progressa

183 1044 226 1067 est
247 1040 428 1075 quorumdam
444 1041 575 1075 nequitia,
592 1041 638 1075 qui
662 1040 769 1068 vitiosis
788 1039 929 1068 alIectibus
945 1048 975 1068 se

184 1087 385 1121 mancipatum,
400 1091 426 1113 ct
437 1088 596 1114 monasticae
607 1087 746 1122 dignitatis
757 1087 891 1121 iacturam
904 1087 974 1114 fece-

183 1139 257 1160 runt.
273 1132 369 1160 Nullus
384 1133 448 1161 vino
458 1142 488 1160 se
502 1133 658 1168 ingurgitet,
668 1134 828 1168 Apostolum
839 1133 972 1160 audiens:

183 1178 290 1206 Modico
303 1180 362 1205 vino
379 1184 461 1212 utere,
479 1185 585 1214 propter
598 1179 762 1206 stomachum
780 1183 851 1206 tuum
877 1183 902 1206 et
917 1188 974 1206 ere—

185 1225 245 1251 tn-as
269 1225 439 1259 inﬁrmitates
462 1231 523 1252 tuas
539 1226 560 1252 ’.
590 1225 628 1252 Ex
650 1225 749 1260 quibus
773 1225 855 1252 rebus
878 1225 973 1252 incen-

184 1269 287 1296 duntur
313 1270 443 1297 adversus
474 1271 593 1298 animam
624 1271 745 1298 carnalia
777 1270 922 1302 desideria,
946 1275 974 1297 et

184 1315 309 1342 exuritur
334 1316 431 1343 domus
451 1317 508 1349 Dei,
523 1317 569 1352 qui
587 1317 700 1344 interior
716 1317 798 1344 homo
813 1322 905 1344 noster
921 1321 972 1344 est.

185 1361 238 1389 Sed
261 1366 391 1396 tanquam
416 1362 537 1397 hospites
555 1368 582 1390 et
594 1363 729 1399 peregrini
755 1364 852 1396 simus,
872 1363 973 1398 singuli

183 1413 316 1441 vestrum,
330 1407 439 1442 fratres,
457 1409 483 1435 in
501 1409 553 1436 hac
564 1409 754 1443 persecutione
765 1409 843 1444 quasi
857 1409 971 1436 morien-

184 1459 233 1486 tes,
245 1459 269 1481 et
282 1462 339 1481 ecce
352 1455 460 1482 vivimus
477 1462 486 1481 :
505 1459 533 1481 ut
549 1455 674 1490 castigati
686 1459 709 1481 et
729 1463 779 1482 non
791 1455 947 1489 mortiﬁcati
963 1463 972 1482 :

183 1500 260 1534 quasi
275 1500 373 1532 tristes,
385 1508 486 1534 semper
499 1505 586 1527 autem
599 1501 740 1535 gaudentes
753 1508 762 1528 :
779 1501 846 1528 sicut
857 1506 970 1535 egentes,

991 880 1011 907 B

1024 297 1118 330 λογίας
1133 305 1139 312 ·
1158 297 1185 323 εἴ
1203 305 1248 330 τις
1269 296 1415 328 διακονεῖ,
1439 297 1480 329 ὡς
1503 296 1539 328 ἐξ
1555 297 1672 330 ισχύος,
1689 297 1756 323 ἀλλὰ
1772 297 1809 333 μὴ

1024 343 1085 370 καθ’
1121 336 1326 378 ὑπερηφανίαν·
1345 343 1375 368 ετ
1389 351 1431 374 τις
1465 341 1612 377 ἐργάζεται
1643 343 1703 374 ταῖς
1731 342 1810 374 ἰδίαις

1025 389 1113 424 χερσὶ,
1135 389 1203 424 πρὸς
1236 389 1265 415 τὸ
1288 388 1324 424 μὴ
1347 388 1482 423 ἐπιϐαρὴς
1509 386 1589 420 εἶναι,
1618 388 1685 414 ἀλλὰ
1718 388 1755 422 μὴ
1772 388 1809 417 ὡς

1024 435 1109 471 ἀργὸς
1140 435 1375 470 κατακρινόμενος
1407 435 1454 461 καὶ
1472 434 1519 460 τοῦ
1545 434 1658 461 ἐσθίειν.
1680 434 1713 460 Εἴ
1730 443 1771 465 τις
1782 439 1811 460 εν

1025 483 1093 508 πᾶσι
1105 481 1166 508 κατ’
1190 480 1300 516 ἐντολὴν
1313 481 1440 517 πράσσει,
1455 480 1493 511 ὡς
1512 481 1634 516 ἐργάτης
1646 480 1725 512 Θεοῦ,
1744 481 1812 507 ἀλλὰ

1027 527 1064 563 μὴ
1078 527 1150 554 κατὰ
1170 527 1318 554 σκάνδαλον
1351 527 1513 562 γιγνόμενος
1536 526 1582 552 τοῦ
1602 526 1688 558 πέλας
1700 535 1706 542 ·
1724 526 1767 553 ἵνα
1782 529 1811 553 ἐν

1027 574 1093 600 πᾶσι
1121 573 1265 608 δοξάζηται
1294 574 1308 599 ὀ
1329 572 1414 604 Θεός·
1443 573 1522 606 κάγὼ
1552 574 1566 600 ὁ
1589 573 1673 605 τάλας
1693 573 1811 605 ἀκούων,

1026 619 1137 654 εὐουμῶ
1154 620 1201 645 καὶ
1214 619 1312 654 χαίρω.

1060 675 1177 701 Βλέπετε
1190 675 1253 707 τοὺς
1278 676 1381 707 κακοὺς
1405 675 1610 709 συνδυασμούς·
1634 675 1747 710 βλέπετε
1763 675 1812 712 τὴν

1026 721 1151 756 ὀλεθρίαν
1163 721 1321 757 παρρησίαν
1334 730 1340 737 ·
1356 721 1470 757 βλέπετε
1494 721 1544 758 τὴν
1569 721 1732 757 πορνοποιὸν
1747 722 1812 757 ἀδη-

1027 768 1145 802 φαγίαν·
1167 769 1247 803 μήτις
1270 767 1338 802 μετὰ
1354 767 1484 802 γυναικὸς
1502 767 1630 802 ὀμιλείτω
1645 767 1709 793 ἄνευ
1725 768 1812 802 ἀνάγ-

1027 822 1091 848 κης·
1111 814 1191 849 μήτις
1211 814 1413 848 μεμονωμένως
1430 813 1603 844 καθεζέσοω·
1618 813 1699 848 μήτις
1712 813 1812 848 φιλαρ-

1026 859 1147 894 γυρεῑτω
1172 859 1290 894 κέρματι
1318 859 1408 894 κέρμα
1434 859 1605 894 προστιθεὶς,
1643 859 1691 886 καὶ
1723 859 1812 892 αὔξων

1026 905 1148 941 χρυσίον,
1165 906 1194 932 ὲν
1211 902 1232 939 ᾧ
1248 905 1371 940 ριζοῢται
1388 907 1404 941 ὴ
1421 905 1552 941 ἁμαρτία,
1570 906 1617 932 καὶ
1633 907 1650 941 ἡ
1673 906 1751 941 μερὶς
1765 905 1812 932 τοῦ

1033 949 1127 977 Ἰούδα.
1143 951 1233 986 Μήτις
1246 950 1452 986 ἀπεμπολείτω,
1473 951 1523 986 τὴν
1537 951 1687 986 μοναχικὴν
1701 951 1813 977 ἐλευθε-

1027 995 1088 1030 ρίαν
1115 995 1264 1030 κτώμενος,
1299 995 1495 1032 ἀργυρώνητον
1516 997 1618 1023 δοῦλον.
1643 997 1732 1032 Μέχρι
1758 997 1813 1032 γὰρ

1024 1041 1100 1068 τοῦδε
1120 1042 1238 1077 ἔφθασεν
1260 1042 1277 1078 ἥ
1301 1051 1383 1069 τινων
1412 1042 1540 1078 πονηρία,
1568 1043 1756 1069 δουλωθέντων
1779 1045 1811 1078 τῇ

1025 1087 1207 1123 προσπαθείᾳ,
1223 1089 1271 1114 καὶ⁹
1291 1088 1504 1114 ἀπολωλεκότων
1520 1088 1551 1114 τὸ
1568 1089 1713 1124 μοναχικὸν
1729 1089 1812 1122 ἀξίω-

1026 1139 1074 1164 μα.
1087 1132 1177 1167 Μήτις
1196 1132 1402 1166 οἰνοφλυγείτω,
1422 1132 1528 1160 ἀκούων
1553 1133 1601 1160 τοῦ
1627 1134 1790 1161 Ἀποστόλου
1803 1143 1811 1150 ·

1030 1175 1136 1210 Ὀλίγῳ
1155 1177 1226 1209 οἴνῳ
1246 1177 1319 1212 χρῶ,
1334 1177 1383 1204 διὰ
1413 1179 1466 1205 τὸν
1494 1179 1650 1213 στόμαχον
1672 1187 1731 1206 σου
1762 1179 1813 1207 καὶ

1024 1220 1077 1252 τὰς
1091 1221 1209 1254 πυκνάς
1231 1229 1289 1248 σου
1314 1222 1484 1256 ἀσθενείας.
1510 1224 1569 1258 Ἀφ’
1593 1219 1630 1249 ὧν
1643 1224 1810 1251 ἀνάπτονται

1024 1267 1095 1294 κατὰ
1107 1267 1156 1302 τῆς
1168 1269 1257 1303 ψυχῆς
1278 1270 1305 1295 αἱ
1334 1271 1466 1304 σαρκικαὶ
1487 1269 1642 1305 ἐπιθυμίαι,
1663 1270 1710 1296 καὶ
1725 1271 1813 1305 ἐμπυ-

1025 1314 1131 1348 ριζεται
1157 1314 1171 1340 ὁ
1200 1313 1274 1346 οἶκος
1301 1315 1347 1341 τοῦ
1376 1316 1455 1348 Θεοῦ,
1482 1316 1512 1348 ὃς
1534 1317 1632 1343 same
1649 1317 1703 1343 ἔσω
1732 1317 1812 1352 ἡμῶν

1023 1359 1178 1394 ἅνθρωπος.
1209 1359 1279 1386 Ἀλλ’
1294 1361 1332 1392 ὡς
1356 1360 1426 1393 ξένοι
1448 1362 1496 1388 καὶ
1515 1361 1702 1396 παρεπίδημοι
1723 1359 1811 1397 ὦμεν,

1023 1402 1045 1431 ὧ
1061 1406 1180 1440 ἀδελφοὶ,
1194 1407 1311 1438 ἕκαστος
1324 1407 1401 1442 ὑμῶν
1429 1408 1458 1433 ὲν
1473 1408 1541 1443 τῷδε
1563 1408 1601 1443 τῷ
1624 1408 1747 1443 διωγμῷ,
1771 1409 1813 1441 ὡς

1022 1450 1281 1484 ἀποθνήσκοντες,
1299 1452 1348 1478 καὶ
1367 1452 1430 1479 ἰδοὺ
1448 1453 1541 1487 ζῶμεν
1552 1462 1559 1469 ·
1582 1454 1622 1486 ὡς
1634 1454 1809 1488 παιδευόμε-

1022 1505 1079 1529 νοι,
1094 1497 1144 1524 καὶ
1156 1497 1199 1532 μὴ
1211 1499 1436 1533 θανατούμενοι·
1453 1499 1493 1531 ὡς
1505 1501 1701 1534 λυπούμενοι,
1719 1500 1764 1527 ἀεὶ
1778 1501 1813 1527 δὲ

183 1546 281 1572 multos
300 1551 388 1573 autent
410 1546 587 1581 spiritualiter
608 1546 822 1581 locupletantes;
846 1551 971 1582 tanquam

1025 1543 1180 1578 χαίροντες
1195 1553 1201 1558 ·
1219 1545 1259 1577 ὡς
1271 1545 1391 1579 πτωχοὶ,
1420 1546 1537 1572 πολλοὶ)
1564 1546 1598 1572 δὲ
1619 1547 1812 1581 πνευματικῶς

185 1592 251 1618 nihil
262 1593 395 1624 Itabentes.
415 1598 437 1619 et
450 1593 538 1620 omnia
556 1594 719 1627 possidentes
732 1594 766 1626 ¹⁰,
792 1598 823 1621 ut
841 1594 972 1629 apostoli-

184 1638 224 1665 cis
235 1639 327 1666 verbis
351 1643 470 1666 utamur.
482 1638 559 1667 Oculi
584 1639 637 1666 mei
662 1647 770 1675 semper
782 1641 820 1667 'ad
840 1648 890 1668 vos
903 1648 973 1675 quos

183 1684 329 1712 desidero:
351 1693 398 1712 cor
425 1693 514 1712 meum
536 1685 564 1712 in
583 1685 660 1712 vobis
678 1686 755 1713 ardet
782 1686 810 1714 in
836 1686 971 1714 Domino:

185 1738 282 1757 sensus
309 1731 361 1757 mei
381 1731 577 1765 pereelluntur.
591 1739 653 1758 cum
674 1731 817 1759 sinistrum
830 1733 972 1767 quidpiam

183 1777 266 1803 audio
283 1777 315 1803 de
329 1777 438 1810 aliquo:
455 1784 517 1804 cum
532 1777 636 1811 accipio
655 1778 825 1805 aversionem
838 1778 894 1805 Deo
907 1786 972 1806 exo-

182 1830 252 1855 sam,
270 1822 402 1858 lacrymas
414 1822 528 1850 tundunt
538 1823 619 1850 oculi.
631 1823 885 1852 Conterituranima
901 1833 971 1858 mea,

183 1868 207 1895 si
221 1868 330 1902 quando
347 1873 443 1896 contra
466 1869 638 1896 traditionem
651 1874 678 1896 et
691 1871 926 1902 constitutionem.
944 1875 972 1899 et

183 1921 278 1940 eorum
292 1922 353 1949 qum
362 1920 424 1942 ante
438 1914 510 1942 dicta
524 1920 588 1942 sunt
599 1917 860 1944 demonstrationem
872 1918 970 1945 ambu-

186 1961 221 1987 let
239 1961 300 1995 quis
316 1960 400 1987 Deum
418 1968 470 1987 non
483 1969 591 1988 amans.
608 1962 731 1995 Exiistis,
747 1968 849 1997 patres,
863 1971 896 1990 ex
912 1972 972 1990 mo-

186 2006 305 2034 nasterio
322 2006 354 2033 ad
372 2007 495 2033 altiorem
515 2007 603 2034 lucem
619 2009 826 2042 persecutionis.
842 2009 971 2044 Nunquid

181 2052 254 2080 enim
270 2052 303 2080 ad
322 2052 458 2085 tenebras,
476 2052 594 2087 Spiritus
609 2053 739 2088 impulsu,
757 2055 868 2083 discreti
882 2056 916 2083 ab
927 2057 970 2083 in-

181 2097 269 2124 vicem
293 2098 410 2125 sumus?
434 2097 562 2132 Nunquid
583 2102 612 2124 ut
639 2099 799 2134 voluptuose
817 2101 971 2128 vivamus?

181 2142 310 2177 Nunquld
335 2143 406 2171 Deus
420 2151 475 2171 non
499 2144 593 2172 videt!
617 2143 744 2180 Nunquid
770 2146 803 2173 ad
828 2146 969 2174 hominum

181 2196 263 2216 aures
290 2196 360 2223 opus
378 2189 594 2225 uniuscujusque
608 2198 662 2218 non
678 2191 810 2226 pervenit,
822 2199 878 2227 quo
890 2193 968 2220 modo

181 2234 380 2261 eonversemini
393 2235 405 2261 ?

214 2335 288 2368 Htec,
300 2336 347 2371 qui
356 2336 572 2369 servoshabetis,
587 2336 678 2364 audite
690 2345 697 2370 ;
707 2336 754 2372 qui
766 2337 818 2365 soli
828 2337 966 2372 habitatis,

180 2382 227 2417 qui
247 2382 376 2409 mulieres
395 2382 549 2415 sectamini,
566 2390 600 2409 ne
624 2383 689 2417 quid
717 2384 836 2417 amplius
852 2384 941 2411 dicam
957 2393 966 2412 :

180 2428 267 2461 avari,
294 2428 432 2463 gyrovagi.
456 2427 515 2454 Non
546 2428 633 2456 libens
657 2428 792 2463 vitupero,
814 2429 965 2463 ignoscite:

179 2474 227 2501 sed
241 2481 314 2508 asgre
329 2480 439 2505 accuso,
456 2477 585 2508 tanquam
598 2474 630 2500 ad
644 2473 696 2500 hoc
705 2474 872 2501 constitutus
888 2483 894 2501 :
910 2473 967 2501 Im-

179 2519 246 2554 plet:
265 2519 392 2554 gaudium
411 2527 507 2551 meum,
529 2519 600 2553 ﬁlii,
617 2523 646 2545 ut
669 2519 738 2546 idem
752 2520 908 2554 inpiatis“,
924 2527 969 2547 ea-

178 2566 240 2593 dem
254 2573 349 2592 norma
362 2565 516 2597 ambulatis,
537 2565 606 2592 bona
618 2565 741 2600 exempla
758 2570 785 2592 et
803 2566 968 2594 documenta

178 2612 206 2639 in
220 2611 328 2639 animas
343 2611 507 2639 intuentium
527 2611 714 2644 imprimenles
730 2611 762 2638 ad
777 2612 891 2646 gloriam
907 2611 967 2646 Dei,

177 2657 210 2685 ad
221 2658 305 2685 decus
324 2661 445 2684 vestrum
470 2657 634 2689 immortale,
660 2657 693 2684 ad
708 2657 829 2685 laetitiam
855 2666 966 2693 quoque

178 2711 266 2731 meam
292 2703 339 2738 qui
358 2707 485 2738 peccator
504 2710 575 2734 sum,
601 2702 634 2729 ad
654 2702 763 2730 laudem
788 2703 966 2732 fraternitatis

177 2754 274 2778 vestrae
286 2749 313 2776 in
339 2748 450 2776 Christo
465 2747 529 2775 Jcsu
547 2747 660 2774 Domino
683 2753 796 2782 nostro;
816 2749 859 2776 cui
878 2749 962 2785 gloria

208 2862 221 2878 '
238 2861 246 2888 l
263 2861 334 2890 Petr.
349 2871 385 2894 tv,
403 2863 446 2895 10,
465 2863 508 2890 Η.
549 2863 560 2878 ⁸
575 2862 583 2889 l
600 2861 671 2889 Tim.
692 2866 727 2894 vl,
747 2862 786 2890 l0.

826 2863 834 2877 '
853 2861 861 2888 l
879 2863 948 2890 Tim.
968 2870 994 2895 v,
1023 2861 1069 2888 ‘25.

1024 1589 1237 1622 πλουτίζοντες
1250 1599 1258 1606 ·
1276 1590 1316 1623 ὡς
1331 1591 1428 1625 μηδὲν
1441 1591 1578 1626 ἔχοντες.
1593 1592 1642 1620 καὶ
1658 1593 1695 1619 τὰ
1709 1593 1810 1620 πάντα

1024 1635 1213 1670 κατέχοντες,
1230 1637 1418 1669 ἁποστολικῶς
1433 1637 1531 1665 εἰπεῖν.
1553 1639 1584 1665 Οἱ
1599 1638 1735 1673 ὀφθαλμοί
1758 1648 1811 1674 μου

1023 1681 1067 1708 διὰ
1081 1683 1182 1714 παντὸς
1195 1682 1263 1715 πρὸς
1284 1682 1357 1717 ὑμᾶς
1370 1683 1433 1715 τοὺς
1447 1683 1585 1718 ποθητούς
1608 1693 1659 1718 μου
1670 1693 1677 1699 ·
1703 1686 1719 1720 ἡ
1743 1694 1814 1720 καρ-

1023 1726 1066 1753 δία
1084 1736 1135 1762 μου
1152 1727 1285 1764 καιομένη
1299 1728 1327 1754 ἐν
1343 1729 1408 1763 ὑμῖν
1423 1729 1452 1755 ὲν
1466 1729 1561 1764 Κυρίῳ
1574 1738 1580 1744 ·
1603 1729 1814 1766 τὰαίσθητήριά

1024 1782 1075 1809 μου
1092 1773 1246 1809 μαιμάσσει
1271 1783 1316 1808 με,
1338 1775 1421 1809 ἡνίκα
1435 1775 1546 1801 ἀκούσω
1570 1776 1711 1811 ἀπευκτὴν
1726 1776 1814 1811 ἀκοὴν

1022 1820 1069 1846 ἐπί
1095 1828 1164 1846 τινι·
1182 1820 1226 1846 ἐπ’
1251 1819 1284 1846 ἂν
1314 1819 1393 1855 μάθω
1423 1821 1561 1856 ἐκτροπὴν
1588 1821 1768 1856 θεομίσητον·
1787 1823 1814 1848 οἱ

1022 1865 1157 1900 ὀφθαλμοί
1185 1874 1236 1901 μου
1266 1866 1417 1900 κατάγουσι
1434 1867 1552 1902 δάκρυα.
1592 1866 1623 1893 Ἦ
1651 1867 1724 1902 ψυχή
1758 1876 1814 1903 μου

1023 1911 1207 1946 συντρίϐεται,
1229 1911 1331 1938 ὁπόταν
1355 1912 1430 1947 παρὰ
1455 1913 1505 1947 τὴν
1535 1912 1684 1947 παράδοσιν
1702 1913 1748 1939 καὶ
1761 1922 1815 1940 κα-

1021 1956 1153 1984 τάστασιν
1166 1958 1213 1984 καὶ
1233 1957 1282 1993 τὴν
1295 1958 1350 1984 τῶν
1365 1959 1572 1994 προειρημένων
1583 1959 1715 1992 ἑκφανσιν
1730 1968 1815 1995 περι-

1021 2005 1103 2030 πατεῖ
1124 2005 1138 2031 ὁ
1156 2004 1309 2038 ἀφιλόθεος.
1336 2005 1542 2041 Ἐξεληλύθατε,
1559 2003 1581 2032 ὧ
1608 2006 1742 2042 Πατέρες,
1756 2007 1814 2034 ἀπὸ

1020 2049 1067 2076 τοῦ
1084 2050 1267 2085 μοναστηρὶου
1284 2050 1324 2081 εἱς
1344 2050 1512 2086 ὑψηλότερον
1529 2050 1597 2085 φάος
1613 2051 1660 2076 τοῦ
1673 2051 1810 2086 διωγμοῦ.

1020 2095 1066 2130 Μὴ
1088 2094 1142 2130 γὰρ
1158 2096 1198 2127 εἰς
1223 2095 1404 2122 ὲπισκότωσιν
1422 2096 1589 2132 διῃρέθημεν
1612 2097 1660 2122 ἀπ’
1683 2096 1813 2131 ἀλλήλων

1019 2141 1303 2176 πνευματοκινήτως;
1326 2142 1364 2176 μὴ
1391 2142 1445 2176 γὰρ
1469 2142 1513 2168 ἵνα
1535 2142 1695 2178 περιπαθῶς
1717 2141 1813 2176 ζήσω-

1021 2195 1089 2222 μεν;
1106 2186 1144 2222 μὴ
1164 2187 1219 2222 γὰρ
1233 2187 1247 2213 ὁ
1268 2187 1334 2219 Θεὸς
1348 2187 1397 2222 οὐχ
1412 2188 1481 2223 όρᾷ;
1509 2188 1547 2224 μὴ
1576 2188 1631 2223 γὰρ
1651 2188 1702 2215 οὐκ
1724 2189 1813 2214 ἀκου-

1020 2233 1082 2259 στὸν
1098 2234 1223 2267 γίγνεται
1254 2233 1370 2260 ἑκάστου
1397 2233 1427 2260 τὸ
1458 2234 1550 2269 ἔργον,
1578 2235 1653 2266 ὅπως
1672 2235 1813 2271 ἀναστρὲο

1019 2279 1133 2313 eomes;

1053 2337 1086 2364 Οἱ
1101 2336 1163 2368 τοὺς
1178 2336 1288 2368 δούλους
1302 2337 1419 2372 ἔχοντες,
1434 2337 1522 2364 ταῦτα
1538 2336 1653 2364 ἀκούετε
1663 2345 1670 2352 ·
1687 2337 1711 2363 oi
1724 2346 1812 2372 μονο-

1017 2384 1153 2415 κάϐιστοι,
1169 2384 1194 2410 οἱ
1220 2384 1450 2419 γυναικιζόμενοι,
1472 2385 1516 2411 ἵνα
1539 2384 1607 2419 μήτι
1624 2383 1703 2411 πλέον
1718 2384 1812 2418 λέγω·

1017 2430 1042 2457 οἱ
1060 2430 1234 2465 φιλάργυροι,
1260 2431 1284 2456 οἱ
1308 2429 1460 2466 φιλόγυροι.
1486 2431 1542 2465 Οὐχ
1569 2429 1640 2456 ἑκὼν
1665 2429 1811 2462 ὀνειδίζω,

1019 2476 1176 2509 σύγγνωτε·
1209 2475 1277 2502 ἀλλὰ
1293 2474 1383 2502 πονῶν
1408 2475 1566 2511 κατηγορῶ,
1594 2475 1631 2506 ὡς
1659 2475 1699 2506 εἰς
1723 2474 1812 2502 τοῦτο

1021 2521 1156 2556 κείμενος.
1180 2519 1364 2554 Πληρώσατέ
1376 2529 1436 2555 μου
1453 2519 1511 2554 τὴν
1531 2519 1638 2554 χαρὰν,
1656 2517 1680 2547 ὦ
1701 2520 1810 2553 τέκνα,

1017 2568 1068 2594 ἵνα
1083 2567 1115 2594 τὸ
1130 2567 1203 2594 αὐτὸ
1223 2566 1367 2601 φρονῆτε,
1393 2565 1432 2601 τῷ
1447 2566 1522 2602 αὐτῷ
1538 2567 1662 2601 στοιχῆτε
1685 2567 1783 2594 κανόνι
1801 2576 1809 2582 ·

1017 2610 1107 2644 ἀγαθὰ
1125 2610 1311 2645 ὑποδείγματα
1325 2610 1372 2636 καὶ
1397 2610 1583 2645 ὑπομνήματα
1602 2611 1812 2645 ἐναποσφραγί-

1018 2655 1109 2687 ζοντες
1129 2657 1188 2687 ταῖς
1201 2656 1301 2691 ψυχαῖς
1324 2655 1378 2682 τῶν
1402 2655 1542 2692 ὁρώντων,
1558 2656 1600 2688 εἰς
1628 2656 1707 2688 δόξαν
1722 2656 1809 2687 Θεοῦ,

1017 2703 1057 2733 ei;
1078 2702 1157 2732 κλέος
1183 2702 1260 2736 ὑμῶν
1288 2701 1429 2734 ἄσϐεστον,
1454 2702 1494 2732 εἰς
1521 2701 1689 2737 εὐφροσύνην
1712 2702 1811 2737 κάμοῦ

1017 2747 1064 2773 τοῦ
1087 2747 1263 2782 ἁμαρτωλοῦ,
1277 2750 1317 2778 εις
1334 2747 1444 2774 ἔπαινον
1460 2747 1510 2782 τῆς
1530 2747 1712 2783 ἀδελφότητος
1725 2747 1811 2783 ὑμῶν

1108 2862 1128 2877 ¹⁰
1144 2860 1164 2888 ll
1178 2861 1241 2889 Cor.
1259 2869 1294 2889 vt.
1315 2862 1342 2890 9.
1371 2861 1393 2878 ¹¹
1412 2861 1530 2897 Philipp.
1546 2869 1577 2896 n,
1595 2861 1622 2889 2.
