1912 3080
97 162 164 196 1425

689 165 961 196 EPISTOLARUM
988 167 1064 198 LIB.
1079 167 1131 196 'Il.

1661 165 1731 199 1426

96 221 123 247 ἒν
134 218 246 256 Χριστῷ
271 218 357 254 Ἰησοῦ
373 219 411 254 τῷ
435 219 530 255 Κυρίῳ
547 219 626 255 ἡμῶν
640 228 646 235 ·
666 217 688 254 ᾦ
710 221 726 255 ὴ
755 221 819 252 δόξα
839 222 886 248 καὶ

953 226 963 248 ι
978 221 1122 256 imperintn
1142 228 1203 248 cum
1221 221 1300 248 Patre
1313 226 1340 248 et
1362 221 1464 255 Spiritu
1491 227 1598 253 sancto,
1615 230 1687 249 lllltlc
1704 228 1731 249 ct

95 268 123 294 τὸ
137 267 248 303 κράτος.
266 266 324 301 ἅμα
339 266 379 301 τῷ
396 267 486 303 Πατρὶ
501 268 549 294 καὶ
573 268 612 303 τῷ
633 268 705 303 ἁγίῳ
734 269 885 304 Πνεύματι,

95 313 140 340 νῦν
170 313 218 345 καὶ
244 311 289 338 ἀεὶ
321 312 367 339 καὶ
394 312 436 343 είς
462 313 526 344 τοὺς
551 313 653 345 αἰῶνας
684 313 740 341 τῶν
767 314 886 341 αἰώνων.

101 359 195 394 Ἀμήν.

176 417 252 443 ΡΛΒ¹
271 417 339 452 (28).
353 432 390 437 --
403 416 443 451 Τῇ
453 416 608 452 ἡγουμένῃ
633 418 747 452 Ἰγ-νῶν.
786 417 884 454 [χπξ’.]

941 275 1050 302 semper
1063 272 1091 295 et
1106 267 1133 294 in
1149 267 1247 295 saecula
1264 266 1438 294 saeculorum.
1453 267 1551 294 Amen.

1094 413 1223 441 CXXXII.
1233 428 1268 433 —
1277 413 1434 448 Prmposita:
1445 412 1582 448 Ignorant.

564 475 595 500 lit
611 475 848 506 sanctimonialibus,
866 476 958 506 quibus
976 476 1078 507 przeest,
1091 473 1124 498 sit
1143 471 1267 503 exemplo.

141 527 321 563 Απεδεξάμην
329 527 379 563 τὴν
390 528 532 556 εὑλάϐειάν
545 538 603 561 σου,
619 530 721 566 ἀδελφὴ
735 532 763 558 ὲν
778 532 885 567 Κυρίῳ,

95 574 140 600 καὶ
154 575 197 608 ἐφ’
217 571 257 605 οἷς
287 575 454 607 ἀπέστειλας
470 575 578 611 δώροις·
596 577 644 603 καὶ
657 577 686 603 ὲν
704 574 747 609 αἶς
762 577 886 604 διαθέσε-

95 627 136 645 σιν
151 619 355 655 ὑπολαμϐάνεις
384 621 418 648 τὰ
449 622 512 648 καθ’
532 623 616 657 ἡμᾶς.
644 623 714 649 Ἀλλ’
729 624 759 650 οὐ
782 625 887 651 τοιοῦτο

95 666 174 700 ἡμεῖς
189 674 196 679 ·
212 665 238 691 οῖ
263 674 295 699 γε
311 665 372 692 οὐδὲ
403 667 512 699 ἑαυτοῖς
542 668 691 702 ἀρχοῦντες
718 670 746 695 ἐν
762 669 886 703 ἀγαθοῖς,

96 712 155 743 πῶς
181 712 213 739 ἂν
228 711 319 744 ἄλλοις
347 713 530 749 μεταδοίημεν
555 715 734 749 ἀγαθοειδοῦς
756 716 885 744 διδασκα-

95 758 172 792 ὶίας;
191 758 300 784 Γένοιτο
324 757 353 784 δὲ
370 759 443 786 κατὰ
472 760 521 796 τὴν
543 762 638 788 πίστιν
653 771 701 788 σου
727 763 888 799 θεοπρεπῶς

96 804 298 837 πολιτεύεσθαι,
317 805 363 831 τὸν
385 806 415 832 ἐν
430 806 565 842 παρθενίᾳ
586 807 641 842 βίον
659 808 814 844 ἀμέμπτως
827 809 887 835 δια-

95 849 237 876 τελοῦσαν·
261 849 292 876 οὐ
321 851 374 885 μὴν
388 871 395 883 ,
429 851 497 877 ἀλλὰ
527 853 574 878 καὶ
592 853 638 879 τὸν
653 854 703 889 τῆς
720 855 888 889 προστασίας

974 529 1106 556 Pietatem
1123 533 1199 556 tuam
1226 527 1333 555 laudavi
1348 535 1381 554 ac
1395 526 1519 561 probavi,
1533 532 1613 553 soror
1632 526 1659 552 in
1681 525 1734 552 Do-

939 577 1025 607 mino.
1039 580 1096 603 tum
1116 575 1143 602 in
1166 575 1200 602 iis
1229 575 1309 602 donis
1336 582 1397 609 qum
1424 573 1535 605 misisti,
1557 578 1615 600 tum
1646 573 1672 599 in
1701 580 1734 598 eo

938 622 1036 649 aﬂ‘ectu
1059 629 1114 656 quo
1134 625 1227 648 nostra
1247 620 1358 654 accipis.
1379 619 1453 646 Nihil
1476 619 1566 646 simile
1591 623 1681 645 autem
1706 618 1734 645 in

938 667 1019 695 nobis
1031 667 1138 701 est.qui
1153 674 1214 693 cuin
1233 674 1282 693 nec
1301 666 1369 693 satis
1388 665 1440 700 ipsi
1457 664 1582 692 instructi
1596 673 1611 691 a
1633 665 1734 692 virtute

938 715 1037 746 simus,
1054 713 1193 747 quomodo
1207 712 1268 740 aliis
1293 712 1446 739 doctrinam
1463 711 1573 738 virtutis
1593 710 1734 745 imperlie-

939 759 1020 787 mus?
1040 759 1252 787 Utinamautetn
1278 758 1428 785 secundum
1441 758 1521 784 [idem
1542 761 1616 784 tuam
1642 757 1734 783 divino

939 812 1015 832 more
1032 804 1215 836 converseris,
1235 804 1375 843 vitantque
1399 803 1426 830 in
1447 803 1604 837 virginitate
1620 809 1734 837 peragas

939 851 1096 886 inculpale:
1111 856 1194 886 alque
1210 853 1278 877 adeo
1305 851 1473 885 pra-rectura:
1499 857 1608 884 quoque
1632 856 1733 875 munus

96 896 201 931 βαθμὸν
214 896 407 931 ἀκατακρίτως
422 898 578 933 περιέπειν.
595 899 665 926 Ἴσοι
679 900 734 934 γὰρ
753 901 791 934 ὡς
803 901 887 928 πολύ-

950 898 1000 925 Line
1018 898 1230 933 reprehensione
1248 898 1339 924 obeas!
1361 898 1421 924 Scis
1438 897 1509 923 enim
1525 905 1580 923 rem
1596 903 1657 923 esse
1671 903 1733 922 cum

97 941 194 977 μισθον
211 942 242 968 τὸ
266 943 382 977 πρᾶγμα
399 950 406 957 ·
431 943 490 969 ἀλλ’
512 941 560 971 οὗν
586 953 617 978 γε
645 946 702 976 τοῖς
735 945 772 981 μὴ
806 955 888 982 προσ-

95 989 190 1023 έχουσι
202 988 250 1014 καὶ
263 989 444 1021 ἐπικίνδυνον,
456 989 550 1025 ψυχῶν
558 991 654 1026 ἅρχειν
663 991 716 1017 τῶν
728 993 889 1019 κατέἰκόνα

95 1034 164 1060 θεοῦ
193 1035 399 1068 πεποιημένων.
432 1036 476 1067 Ὠς
506 1035 552 1063 οὖν
583 1039 612 1064 ὲν
642 1038 738 1074 Κυρίῳ
766 1039 888 1074 ἄρχουσα

95 1083 176 1117 ἡγοῦ,
194 1083 242 1110 καὶ
259 1083 405 1110 κατενοδοῦ
421 1084 471 1119 τῆς
496 1085 616 1120 ποίμνης
629 1094 687 1116 σου,
700 1087 801 1118 παντὸς
818 1088 888 1120 ἀγα-

96 1129 144 1156 θοῦ
155 1129 330 1164 προτύπωμα
340 1129 439 1165 ἑαυτὴν
447 1131 553 1158 τιθεῖσα
563 1139 571 1147 ο
589 1131 633 1158 ἵνα
645 1132 765 1168 ἁξιωθῇς
781 1133 869 1159 εἰπεῖν
881 1141 886 1147 ·

101 1174 175 1202 Ἰδοὺ
195 1174 264 1210 ἐγὼ,
281 1175 329 1201 καὶ
348 1175 384 1202 τὰ
411 1176 506 1203 παιδία
525 1177 544 1204 ίὶ
558 1186 608 1212 μοι
623 1177 737 1204 ἔδωκεν
765 1180 781 1205 ό
805 1179 889 1212 Θεός.

96 1220 162 1252 Θεὸς
177 1221 233 1255 γὰρ
248 1221 429 1256 παραδέδωκε
447 1231 489 1249 σοι
509 1223 558 1254 τὰς
575 1223 664 1258 ψυχὰς
678 1224 712 1250 δι’
728 1225 870 1259 ἁποταγῆς
881 1233 888 1240 ”

97 1266 143 1291 καὶ
159 1265 236 1301 αὑτῷ
246 1265 300 1293 δεῖν
311 1275 341 1292 σε
355 1267 440 1299 αὐτὰς
456 1269 591 1302 προσάξαι
605 1269 643 1300 ὡς
659 1269 754 1296 ουσίαν
771 1271 888 1306 εὐπρόσ-

98 1311 191 1338 ἰεκτον
206 1319 213 1326 ·
234 1313 286 1338 κᾶν
301 1312 390 1348 τούτῳ
420 1313 506 1345 πολύς
521 1323 568 1341 σου
582 1316 596 1342 ὁ
611 1315 706 1350 μισθὸς
724 1316 752 1342 ὲν
767 1316 890 1351 οὐρανοῖς

97 1357 225 1391 ὑπάρξει.
241 1357 357 1384 Δίδασκε
373 1358 455 1389 αὐτὰ,
473 1358 596 1386 νουθέτει
612 1360 646 1386 τὰ
661 1360 785 1395 σωτήρια
797 1360 891 1386 ἐντάλ-

100 1411 173 1438 ματα
189 1423 198 1436 ,
216 1403 310 1430 ποθεῖν
325 1404 406 1438 μόνον
427 1405 556 1440 Χριστὸν,
575 1405 644 1432 ἀλλὰ
669 1406 705 1440 μὴ
720 1407 826 1442 σάρκας
843 1407 890 1433 καὶ

98 1449 206 1484 αἵματα
217 1457 223 1462 ·
241 1450 420 1485 ἁκτημονείν,
437 1451 507 1478 ἀλλὰ
520 1451 604 1487 μηδὲν
631 1451 707 1487 ἔχειν
724 1453 890 1487 ἱδιόκτητοψ

98 1494 302 1530 ἀπροσπαθεῖν,
340 1496 408 1523 ἀλλὰ
438 1497 475 1532 μὴ
512 1497 688 1532 φιλοῖδιάςειν
723 1498 793 1534 πρὸς
829 1500 892 1530 τοὺς

98 1541 332 1576 ἀγχιστεύοντας·
362 1542 593 1578 προθυμοεργεῖν,
619 1544 687 1571 ἀλλὰ
714 1545 892 1580 μὴοκνηρῶς

99 1587 172 1622 ἔχειν
187 1588 256 1623 πρὸς
270 1588 319 1623 τὴν
331 1589 461 1625 ἄσκησιν.
479 1590 529 1616 Ἂν
547 1591 601 1626 γὰρ
625 1590 723 1623 οὕτως,
740 1593 892 1626 ἀπαντήσει

97 1633 198 1664 αὐταῖς
211 1634 226 1659 ὁ
239 1634 354 1668 νυμφίος
369 1635 490 1669 Χριστὸς
504 1636 601 1671 μικρὸν
616 1635 733 1672 ὓστερον
744 1636 892 1673 λαμπαδη-

98 1679 261 1714 φορούσαις,
276 1681 324 1706 καὶ
338 1681 564 1716 ἁπαντηθήπεται
576 1683 735 1718 περιχαρῶς
746 1693 752 1699 ·
768 1684 892 1710 ἀσπάσε-

96 1734 146 1753 ται
162 1725 211 1752 καὶ
237 1727 444 1762 ὰσπασθήσεται
462 1728 635 1764 ἱεροπρεπῶς
648 1737 654 1744 ·
672 1728 773 1761 ἀνοίξει
796 1730 894 1761 αὑταῖς

97 1773 147 1798 τὸν
169 1773 296 1808 οὐράνιον
323 1774 371 1800 καὶ
393 1775 603 1810 ἀχειρότευκτον
630 1775 780 1810 νυμφῶνα·
810 1775 893 1802 δώσει

98 1818 199 1850 αὑταῖς
212 1818 351 1853 βασιλείαν
362 1819 496 1854 οὐρανῶν,
521 1819 628 1856 τρυφὴν
647 1821 826 1856 παραδείσου,
845 1821 894 1847 πό-

100 1866 344 1901 ματαὰθανασίας,
355 1867 538 1902 γλυκάσματα
546 1867 686 1900 ἀειζωίας·
696 1867 801 1894 ὲνδύσει
810 1868 896 1899 αὑτὰς

98 1912 298 1948 περιϐλήματα
308 1913 453 1948 φωτοειδῆ,
462 1915 596 1949 κοσμήσει
608 1914 722 1949 κόσμοις
729 1914 894 1949 ἀφθαρσίας,

98 1961 334 1994 νυμφαγωγικοῐς
348 1959 511 1995 διαδήμασιν
525 1967 533 1974 ·
551 1960 689 1994 ἐμπλήσει
701 1959 755 1986 τῶν
772 1959 896 1994 ἀπείρων

98 2004 228 2038 ἀγαθῶν,
244 2005 283 2036 εἰς
301 2004 402 2036 αἰῶνας
417 2004 533 2032 αἰώνων.
555 2005 604 2032 Διὰ
622 2005 710 2031 ταῦτα
731 2005 779 2032 καὶ
798 2005 830 2032 σὺ
845 2006 897 2032 κά-

97 2050 194 2076 κεῖναι
223 2049 376 2084 μοχθήσατε
389 2056 396 2064 ·
414 2049 528 2081 διώξατε
541 2048 572 2085 [1³.
598 2048 783 2084 ἐμοχθήσατε]
804 2048 896 2084 ἡμέρᾳ

96 2095 153 2122 καὶ
167 2094 260 2130 ἡμέρᾳ
270 2093 490 2128 κατεργάζεσθαι
501 2094 551 2129 τὴν
561 2094 665 2120 ἑαυτῶν
675 2093 822 2130 σωτηρίανι
832 2093 898 2120 ἁνα-

95 2140 208 2176 ψύχετε
217 2141 277 2172 ταῖς
296 2140 387 2167 ἐλπίσι
396 2149 403 2155 ·
414 2140 542 2168 σὸέννυτε
558 2141 589 2168 τὸ
602 2141 820 2176 ὲπεισαγὸμενον
840 2140 897 2176 πῦρ

96 2190 184 2225 παρᾶ
198 2189 246 2215 τοῦ
259 2188 358 2224 ἐχθροῦ
373 2189 402 2215 ὲν
414 2189 530 2224 ψυχαῖς,
541 2189 579 2224 τῷ
595 2188 660 2224 θείῳ
688 2188 770 2224 ἔρωτι
781 2196 788 2203 ·
803 2187 844 2214 ὅτι
865 2188 898 2214 ἂν

94 2234 352 2271 ἂλλοὲπαχθὲςτῆς
361 2236 513 2271 ἀσκήσεως.
523 2236 588 2267 Ταῖς
596 2235 746 2270 ἁναλήψεσι
753 2235 808 2261 τῶν
817 2234 897 2261 θείων

93 2281 333 2316 ἄναγνωσμάτων
361 2290 390 2308 τε
428 2281 476 2308 καὶ
504 2282 636 2318 ᾀσμάτων
673 2281 897 2317 παραμυθεῖσθε,

93 2328 345 2364 ἶπεριφρουροῡσαι
357 2328 406 2354 τιια)⁸
420 2328 452 2355 τὸ
476 2327 659 2363 ἀκοινώνητον
673 2328 724 2362 τῆς
740 2328 872 2364 αἱρέσεως
888 2336 897 2343 ⁸

90 2375 160 2403 κᾶν
176 2375 226 2410 δὲῃ
238 2374 310 2410 ὑπὲρ
328 2374 411 2401 αὑτοῦ
433 2374 531 2402 παθεῖν
547 2383 574 2401 τι
591 2374 673 2410 μέχρι
691 2374 739 2401 καὶ
753 2373 872 2401 θανάτου
889 2381 896 2388 '

92 2420 244 2458 μηδαμῶς
261 2419 412 2460 προέμεναι
437 2421 487 2455 τὴν
511 2419 614 2447 πίστιν.
642 2420 698 2454 Τῆς
713 2419 767 2455 γὰρ
786 2419 899 2454 ἀγάπης

88 2467 229 2504 Χριστοῦ
252 2468 328 2495 οὐδὲν
347 2468 564 2503 προτιμότερον·
595 2467 688 2499 καθὼς
702 2467 850 2499 ἀπέδειξαν
869 2468 898 2494 αἱ

88 2514 270 2546 ἀπἀιὼνος
288 2515 418 2550 παρθένοι
439 2515 521 2550 μέχρι
548 2514 596 2541 τοῦ
623 2513 723 2549 δεῦρο’
748 2514 899 2548 ἐπειδήπερ

87 2562 163 2591 eis}.
181 2561 230 2587 καὶ
245 2561 294 2587 νῦν
315 2561 493 2596 διωκόμεναι.
508 2560 554 2587 καὶ
576 2560 630 2587 τῶν
653 2559 742 2595 μονῶν
755 2559 899 2591 ἐξωθεῖται

86 2607 149 2635 διὰ
181 2605 312 2640 Χριστὸν,
333 2606 350 2640 ἢ
377 2606 523 2641 μετασχεῖν
553 2605 600 2631 τοῦ
636 2604 775 2640 αἱρετικοῦ
805 2605 899 2640 ἄρτου.

88 2652 203 2681 Ταῦτα
222 2651 260 2683 ὡς
278 2651 350 2678 κατὰ
364 2651 482 2687 Χριστὸν
505 2651 605 2686 ἀδελφῇ
618 2650 687 2687 οὔσῃ
708 2651 756 2678 καὶ
771 2651 899 2686 θυγατρὶ,

39 2704 42 2705 ⁷
87 2697 241 2736 γέγραφά
268 2706 310 2724 σοι
328 2697 377 2725 καὶ
401 2698 462 2729 ταῖς
492 2697 561 2733 μετὰ
586 2697 636 2724 σέ⁴
663 2697 700 2729 ὡς
726 2697 759 2724 ἂν
781 2697 847 2729 ἴδοις
861 2697 902 2723 ὅτι

130 2790 166 2808 ι’
181 2789 236 2817 Isa.
253 2795 313 2820 vni,
336 2787 377 2814 l8.

941 944 1041 979 ingenti
1051 943 1175 971 mercede
1183 944 1370 978 conjunctam,
1381 942 1426 969 sed
1437 947 1463 968 et
1473 942 1505 969 iis
1514 942 1559 976 qui
1569 945 1633 968 sunt
1643 941 1733 967 minus

939 990 1023 1021 cauti,
1038 990 1151 1024 periculi
1168 990 1286 1024 plenam.
1303 996 1419 1023 praeesse
1440 988 1541 1014 animis
1556 988 1588 1014 ad
1603 987 1734 1013 similitu-

939 1036 1031 1063 dinem
1065 1035 1111 1062 Dei
1140 1036 1270 1063 conditis.
1288 1035 1383 1070 Itaque
1410 1039 1539 1069 tanquam
1566 1034 1592 1060 in
1618 1033 1735 1060 Domino

940 1082 1107 1109 moderatrix
1125 1088 1252 1117 przeesto,
1270 1086 1297 1108 et
1313 1089 1421 1116 gregem
1439 1086 1514 1107 tuum
1539 1079 1656 1106 feliciter
1672 1087 1735 1114 rege

941 1128 1056 1162 teipsanl
1072 1128 1162 1155 omnis
1175 1128 1237 1155 boni
1254 1127 1370 1162 cﬂigiem
1386 1127 1513 1162 prximus
1535 1135 1542 1159 ;
1557 1125 1683 1160 utpossis
1694 1126 1737 1151 di-

940 1173 1098 1200 cere:Ecce
1112 1182 1158 1208 ego
1187 1179 1213 1200 et
1226 1174 1332 1208 puellae,
1360 1181 1425 1208 quas
1449 1173 1521 1199 dedit
1540 1172 1604 1198 mihi
1622 1171 1734 1198 Deus".

942 1219 1066 1247 Tradidit
1079 1221 1152 1247 enim
1169 1220 1216 1247 libi
1231 1220 1338 1246 animas
1350 1218 1420 1246 Deus
1430 1227 1477 1254 per
1489 1217 1734 1245 renuntiationem:

942 1271 1024 1300 atque
1037 1266 1070 1292 ad
1090 1266 1179 1300 ipsum
1202 1265 1299 1292 adduci
1317 1273 1331 1292 a
1349 1270 1374 1292 le
1388 1265 1437 1292 has
1464 1269 1582 1299 oportet,
1604 1269 1735 1299 tanquam

943 1311 1062 1338 hostiam
1090 1316 1376 1345 at-ecplamzramque
1402 1310 1436 1337 ob
1466 1318 1522 1337 rem
1547 1309 1667 1336 maxima
1688 1308 1738 1336 tibi

942 1366 1047 1385 merces
1063 1359 1089 1384 in
1110 1358 1187 1385 curiis
1205 1357 1267 1384 erit.
1285 1357 1338 1384 llas
1354 1357 1433 1390 doce,
1450 1357 1582 1384 salutaria
1607 1356 1650 1383 his
1667 1363 1736 1390 prte-

943 1404 1232 1439 ceplaingerc,unum
1254 1411 1347 1429 amare
1374 1402 1528 1432 CIII-istum.
1548 1410 1602 1429 non
1624 1410 1735 1429 carnem

942 1455 971 1476 et
983 1450 1156 1484 sanguinem,
1176 1450 1283 1484 inopem
1312 1449 1394 1476 vitam
1420 1449 1530 1481 ducere,
1547 1448 1614 1475 nihil
1637 1448 1737 1475 habere

943 1495 1082 1529 privatim,
1097 1495 1171 1521 nullo
1190 1495 1286 1521 alfectu
1302 1494 1398 1526 teneri,
1415 1502 1463 1521 nec
1475 1494 1644 1529 propinquos
1656 1500 1737 1528 pecu—

945 1541 1049 1567 liariter
1068 1540 1204 1576 diligeret:
1222 1541 1325 1567 alacres
1351 1540 1481 1567 exhibere
1507 1548 1546 1573 se,
1571 1547 1621 1568 nec
1635 1548 1695 1567 esse
1709 1539 1736 1566 in

907 1578 927 1605 ε
945 1587 1069 1614 instituto
1087 1588 1239 1614 monastieo
1270 1595 1378 1621 segnes.
1409 1586 1477 1614 Nam
1496 1587 1519 1614 si
1544 1588 1580 1614 ita
1607 1587 1653 1620 sit,
1671 1587 1739 1622 ipsis

945 1642 1010 1661 suas
1031 1634 1169 1668 lampades
1184 1634 1340 1668 gerentibus
1356 1633 1435 1668 patilo
1453 1638 1515 1668 post
1528 1641 1646 1668 sponsus
1662 1634 1740 1660 Clu-i-

945 1687 1004 1708 stus
1014 1685 1149 1709 occurret.
1168 1685 1196 1707 et
1207 1680 1439 1714 excipieturidem
1453 1687 1514 1706 cum
1530 1679 1740 1714 gaudio,sarros

945 1726 1066 1754 vicissitn
1084 1726 1199 1760 accipiet
1212 1734 1243 1752 ac
1255 1725 1349 1753 reddet
1361 1726 1659 1760 amplexus,cm|cstem
1672 1726 1741 1760 ipsis

945 1781 997 1800 nec
1012 1771 1196 1799 tnanufactum
1214 1772 1362 1799 thalamum
1375 1772 1489 1806 aperiet,
1509 1771 1622 1799 donabit
1645 1772 1685 1799 eis
1700 1779 1741 1798 re-

946 1827 1029 1855 gnum
1045 1819 1189 1850 cualorum,
1209 1818 1329 1852 paradisi
1346 1818 1525 1853 voluptatem,
1542 1818 1668 1851 potiones
1685 1817 1737 1844 im-

946 1863 1133 1896 mertalitatis,
1157 1864 1320 1891 suavitatem
1344 1863 1408 1890 vita:
1431 1863 1629 1897 sempiternae:
1648 1863 1742 1890 induet

947 1919 994 1938 eas
1010 1910 1110 1937 amictu
1124 1909 1226 1942 lucido,
1245 1909 1460 1944 incorruptionis
1474 1909 1574 1936 decore
1584 1908 1742 1939 exornabit,

947 1959 1068 1994 sponsali
1078 1958 1246 1986 diademate:
1257 1957 1408 1984 innttmeris
1419 1956 1498 1984 bonis
1506 1956 1533 1985 in
1544 1956 1741 1991 sempiternum

947 2013 1034 2033 aevum
1057 2004 1217 2032 cumulabit.
1248 2003 1363 2038 Propter
1385 2003 1478 2030 ltaacet
1492 2007 1520 2029 tu
1533 2007 1560 2029 et
1578 2003 1630 2029 illae
1641 2009 1740 2029 ternm-

948 2060 999 2079 nas
1008 2051 1158 2086 pertulistis
1168 2059 1174 2077 :
1184 2058 1283 2086 magno
1292 2050 1383 2077 studio
1392 2049 1514 2084 quotidie
1523 2050 1657 2076 enitentes
1667 2053 1695 2075 ut
1703 2056 1744 2075 sa-

948 2098 1032 2125 lutem
1049 2102 1167 2125 vestram
1182 2096 1374 2132 operaremini.
1389 2095 1456 2131 Spes
1473 2103 1521 2123 vos
1535 2096 1579 2122 illa
1596 2096 1700 2122 reﬁciat
1711 2103 1743 2122 ac

949 2149 1062 2173 recreet.
1080 2144 1224 2171 lnductum
1238 2143 1265 2169 in
1280 2143 1388 2170 animos
1410 2142 1444 2169 ab
1457 2141 1634 2177 hosteignem
1649 2142 1743 2168 divino

950 2199 1044 2218 amore
1067 2190 1245 2226 exstinguite.
1263 2188 1341 2222 Quod
1354 2188 1376 2216 si
1387 2188 1452 2223 quid
1469 2189 1543 2215 aliud
1559 2188 1586 2215 in
1600 2188 1743 2222 disciplina

915 2257 937 2286 θ
951 2246 1032 2274 grave
1046 2242 1087 2265 est
1102 2245 1134 2265 ac
1152 2237 1314 2267 molestum,
1336 2235 1362 2262 id
1390 2235 1507 2262 lectione
1532 2243 1609 2262 sacra
1636 2239 1744 2269 arrepta

953 2284 1117 2319 bymnisqne
1133 2282 1417 2311 decantandislcniter
1434 2289 1466 2308 ac
1482 2282 1613 2316 mitigate,
1629 2282 1664 2307 ab
1688 2281 1753 2307 ηε·-

952 2330 1035 2358 retica
1049 2330 1242 2358 communione
1258 2329 1354 2356 sedulo
1369 2333 1496 2355 caventes
1509 2337 1515 2354 :
1527 2328 1568 2354 vel
1583 2328 1606 2355 si
1633 2335 1745 2354 necesse

953 2377 989 2403 sit
1011 2377 1093 2411 hujus
1110 2376 1148 2403 rei
1164 2383 1247 2403 causa
1278 2383 1366 2410 usque
1382 2375 1415 2401 ad
1437 2379 1554 2401 mortem
1587 2373 1654 2409 pati,
1671 2373 1745 2399 nullo

952 2427 1033 2458 pacto
1052 2422 1209 2457 abjicientcs
1220 2421 1312 2449 tidem.
1325 2421 1398 2448 Nihil
1414 2421 1487 2447 enim
1510 2420 1690 2455 praestabilius
1704 2424 1746 2446 est

953 2469 1055 2497 Christi
1073 2469 1208 2496 charitate
1225 2478 1232 2496 :
1250 2468 1479 2504 qncmadmmlum
1506 2475 1560 2502 pra:
1579 2475 1607 2495 se
1624 2467 1746 2494 tulerunt

953 2515 987 2542 ab
1000 2515 1075 2542 omni
1091 2523 1148 2542 arvo
1160 2515 1280 2550 virgines
1290 2523 1377 2549 usque
1393 2515 1425 2541 ad
1438 2514 1601 2541 huncdicm.
1617 2513 1746 2545 Quandu-

953 2561 1063 2594 quidem
1082 2569 1155 2588 nunc
1166 2568 1274 2596 quoque
1291 2565 1356 2587 Slllll.
1371 2568 1432 2595 qtllE
1445 2565 1593 2591 vexantur,
1614 2565 1695 2593 atque
1713 2567 1744 2585 ον

953 2608 1127 2634 tnonasteriis
1142 2612 1251 2642 propter
1269 2607 1408 2634 Christum
1425 2610 1543 2633 extrusa:
1555 2610 1627 2636 sunt,
1645 2614 1678 2632 ne
1691 2606 1746 2631 Inc-

953 2654 1069 2680 reticum
1091 2661 1186 2688 panem
1203 2653 1410 2688 partituparent.
1427 2652 1489 2678 Haec
1500 2651 1547 2678 tibi
1560 2657 1687 2686 tanquam
1703 2660 1746 2677 sn-

954 2698 1009 2726 rori
1036 2699 1063 2726 in
1079 2699 1188 2728 Christo
1212 2708 1243 2728 ac
1266 2699 1327 2727 lilia:
1343 2699 1451 2734 scripsi,
1469 2699 1541 2727 etiis
1567 2706 1625 2734 quo:
1657 2703 1757 2725 tecum,

870 2831 987 2860 NOTAE.

137 2891 206 2927 (89)
222 2890 251 2919 In
264 2891 326 2920 cod.
339 2891 404 2927 Reg.
423 2890 494 2928 ρμζ¹.
