1912 3080
206 167 274 200 1m
735 178 739 179 ν
798 163 829 193 s.
849 162 1044 192 THEODOItI
1062 161 1233 193 STUDI'l‘zE
1758 158 1822 192 1428

202 227 282 252 sunt:
291 226 320 249 ut
332 219 467 255 intelligas
474 224 498 247 et
507 225 679 247 communem
689 216 768 244 nobis
782 217 924 244 Dominum
935 223 991 242 am-

1045 215 1134 246 κοινός
1149 215 1222 241 ἐστιν
1239 215 1252 240 ό
1266 214 1403 249 Δεσπότης
1419 212 1583 248 ἀμφοτέρων
1601 213 1696 248 ἡμῶν·
1725 213 1773 240 καὶ
1789 213 1822 245 ὡς

202 269 294 297 bobus
305 274 376 300 esse,
385 270 413 293 et
424 270 557 301 quantum
570 271 665 290 omnes
676 270 736 290 esse
747 262 837 289 salvos
847 265 973 296 optemus
983 280 991 292 ,

1044 259 1173 294 φιλοῦμεν
1189 259 1293 290 πάντας
1309 258 1444 290 σώζεσθαι
1460 265 1467 273 ·
1485 257 1523 289 ὡς
1540 257 1598 288 ἑνὸς
1612 257 1688 289 ὅντες
1701 257 1822 292 σώματος

203 315 304 350 quippe
322 313 369 348 qui
384 312 439 339 sint
454 311 535 338 unius
558 309 680 344 corporis
698 308 812 339 Christi,
825 313 990 342 atqueeer

1044 304 1170 341 Χριστοῦ,
1188 305 1236 332 καὶ
1254 305 1302 331 ἀπ’
1319 304 1402 331 αὐτοῦ
1421 303 1532 338 ἀδελφοὶ
1550 303 1675 338 ἀλλήλων
1689 303 1822 339 χρηματί-

203 349 303 388 fratres
318 359 434 386 invicem
450 356 590 392 appellati.
605 355 673 383 Nam
689 355 716 381 in
734 353 844 381 Christo
858 352 922 380 Jesu
939 360 991 379 non

1044 351 1135 384 ζοντες
1149 358 1158 367 ·
1173 352 1202 377 ὲν
1216 351 1270 386 γὰρ
1296 350 1408 386 Χριστῷ
1428 349 1527 385 Ἰησοῦ,
1546 350 1615 377 οὔτε
1635 350 1738 384 ἄρσεν,
1759 350 1824 377 οὔτε

200 412 240 434 est
255 405 389 433 masculus
402 412 482 439 neque
505 402 614 437 femina,
628 401 672 428 sed
694 400 783 427 omnia
792 404 817 426 et
831 400 858 426 in
873 397 991 425 omnibus

1044 397 1122 432 θῆλυ
1132 417 1139 430 ,
1159 397 1239 424 ἀλλὰ
1254 397 1353 424 πάντα
1368 396 1418 423 καὶ
1441 396 1517 425 πᾶσι
1535 396 1672 431 Χριστός,
1689 396 1718 429 ὃς
1732 396 1825 424 διασώ-

202 452 323 479 Cltristus
333 451 365 482 ι’,
375 449 422 484 qui
436 453 463 476 et
475 456 524 475 vos
538 452 566 474 et
582 454 632 473 nos
654 450 743 473 servet
759 443 922 471 incolumes.

1046 452 1102 470 σειε
1116 443 1165 470 καὶ
1175 443 1247 478 ὑμᾶς
1259 443 1307 469 καὶ
1320 443 1403 478 ἡμᾶς.

215 508 359 537 CXXXIII.
369 506 541 541 —Epltraim
554 511 577 533 et
586 504 718 540 Agat/toni
740 503 892 538 ueterisque
903 502 978 537 ﬁliis.

1045 503 1130 530 PAF'.
1143 503 1317 538 -Ὲφραῒμ,
1332 503 1382 529 καὶ
1405 501 1552 536 Ἀγάθωνι,
1575 501 1625 529 καὶ
1637 501 1699 535 τοῖς
1712 500 1825 534 λοιποῖς

1326 538 1458 570 τέκνοις.
1475 537 1573 573 [χπη¹.]

805 595 832 619 ln
844 594 938 619 obitum
952 595 1078 620 Laurentii
1089 595 1224 627 prmpositi.

237 651 314 684 Quod
327 651 424 678 beatus
436 648 600 676 Laurentius
614 648 685 675 diem
702 647 781 679 obiit,
796 655 870 675 mors
884 647 990 682 illiqui-

201 699 263 725 dem
274 703 323 732 pro
336 696 430 730 requie
446 700 485 722 est
502 703 510 720 :
525 702 586 722 nam
598 695 642 729 qui
655 693 742 729 possit
755 694 855 720 nonita
863 693 990 720 esseviro

202 742 293 770 bono?
310 742 387 768 illum
405 741 431 767 in
445 741 526 774 hujus
541 740 603 767 vita:
619 747 730 774 egressu
754 739 832 773 quies
851 746 865 765 a
893 745 990 765 moria-

201 787 277 815 sticae
293 785 513 817 vitaelaboribus,
532 784 573 811 vel
590 785 680 818 potius
691 792 705 810 a
722 784 866 811 vexatione
880 789 990 818 propter

199 831 333 867 justitiam
346 830 472 864 excipiet,
496 831 658 865 ntigrantcm
672 831 704 856 ad
722 830 865 856 Dominum
885 839 892 856 :
911 830 990 863 cujus

200 879 332 905 virtutum
348 882 431 904 testes
450 875 655 911 quamplurimi.
669 875 753 903 Vobis
775 880 876 907 autent,
892 875 991 903 fratres

199 923 433 955 revereudissimi,
444 922 542 949 deinde
550 927 577 949 et
585 922 664 949 nobis
680 921 839 954 humilibus,
851 921 928 948 triste
939 922 991 948 hoc

199 976 227 997 et
239 969 368 997 acerbum
383 968 493 1000 accidit,
508 968 554 1002 qui
571 968 714 1002 probatum
731 968 894 994 monachum
917 967 987 994 ami-

200 1016 298 1047 simus,
319 1014 500 1042 reverendum
527 1014 651 1046 fratrem,
667 1015 844 1041 constitutum
863 1021 893 1041 ut
909 1018 991 1048 caput

199 1064 274 1087 esset.
296 1067 328 1087 ac
357 1059 508 1094 spiritualis
521 1059 571 1085 vix:
594 1058 659 1085 dux.
675 1057 727 1084 Sed
758 1058 869 1085 tristitia
899 1063 989 1085 tamen

200 1107 324 1141 utrisque
350 1114 428 1134 versa
439 1109 481 1133 est
504 1105 531 1132 in
553 1105 694 1139 gaudium,
709 1104 782 1139 quod
808 1105 913 1132 electus
942 1104 989 1131 Dei

201 1157 295 1188 raptus
308 1157 349 1180 est
363 1160 378 1179 a
396 1152 486 1183 nobis,
501 1151 596 1186 optimi
610 1151 659 1178 Dei
687 1151 779 1185 jussu,
794 1152 819 1178 in
846 1150 992 1178 sanctitate

199 1204 227 1226 et
241 1199 358 1234 justitia.
375 1198 546 1233 Quapropter
558 1202 585 1224 et
599 1205 649 1232 ego
667 1198 780 1225 humilis
794 1198 911 1232 gaudeo,
928 1205 988 1232 gra-

201 1245 331 1279 tulorque
354 1244 432 1272 vobis
443 1244 514 1279 quod
541 1244 594 1270 tale
609 1251 656 1271 ras
677 1244 710 1270 ad
742 1243 827 1270 Deum
857 1243 991 1278 praemisi-

202 1297 266 1318 mus
280 1299 286 1317 :
303 1297 396 1317 revera
411 1289 484 1317 enim
501 1297 549 1316 vas
576 1289 718 1316 electionis
743 1288 904 1316 Laurentius
927 1289 989 1322 luit,

202 1335 321 1369 primum
338 1333 448 1369 quidem
464 1334 570 1361 sincera
588 1334 792 1362 reuuntiatione
819 1340 900 1370 atque
923 1335 989 1363 obe-

203 1380 317 1411 dientia,
336 1379 435 1406 deinde
460 1379 551 1407 studio
575 1387 776 1415 progressuque
797 1381 939 1414 virtutum,
955 1381 990 1409 ob

203 1433 274 1460 quas
287 1431 314 1453 et
328 1426 482 1453 sacerdotio
496 1426 597 1461 dignus
610 1431 651 1453 est
663 1426 783 1460 habitus,
798 1435 830 1454 ac
842 1429 989 1455 multorum

204 1473 319 1499 fratrum
337 1471 527 1507 praefecturam
541 1473 673 1507 suscepit,
695 1473 745 1500 hos
758 1473 875 1508 benigne
891 1481 989 1509 regens

202 1518 279 1546 utilis
294 1518 382 1554 gregi,
398 1518 453 1546 Deo
466 1519 560 1546 vivens
578 1525 671 1546 revera
687 1527 719 1545 ac
748 1520 894 1554 praeposito
923 1528 986 1551 suo,
1005 1533 1026 1562 ϐ

202 1573 257 1592 non
273 1565 387 1597 mundo,
399 1572 449 1592 nec
463 1565 558 1592 mundi
570 1563 688 1600 negotiis
701 1574 708 1592 :
721 1565 801 1600 cujus
821 1569 849 1593 et
869 1571 932 1593 nota
943 1575 991 1593 ex-

203 1610 265 1637 silia
290 1616 399 1645 propter
415 1611 572 1642 Dominum,
586 1616 613 1638 et
626 1611 786 1640 vexationes
803 1616 858 1639 tum
886 1613 993 1647 prim-es

203 1661 263 1683 tum
288 1657 451 1691 posteriores
467 1665 475 1684 :
490 1657 568 1692 cujus
583 1664 610 1684 et
626 1658 744 1693 speciosi
769 1659 860 1693 pedes,
878 1664 907 1686 ut
930 1666 993 1686 cum

204 1702 345 1738 Scriptura
359 1702 476 1738 loquar:
489 1711 551 1730 cum
568 1703 621 1731 huc
635 1708 663 1731 et
678 1704 742 1731 illuc
754 1704 852 1736 obiret,
867 1709 894 1731 et
908 1713 993 1732 evan-

203 1748 334 1783 gelizaret
355 1747 487 1776 fratribus
504 1750 635 1776 salutaria
654 1753 799 1784 prtecepta.
816 1750 992 1785 Unguentum

204 1794 358 1830 spiritualis
374 1795 434 1829 ejus
460 1795 545 1822 sudor
559 1804 566 1822 :
582 1802 628 1822 ros
647 1802 735 1827 sacer,
752 1800 890 1822 certamen
918 1795 992 1823 illius

203 1846 231 1868 et
245 1841 354 1868 virtutis
374 1840 553 1868 curriculum.
570 1840 621 1873 Qui
639 1840 666 1867 in
682 1840 734 1868 hac
757 1840 882 1875 praesenti
901 1847 993 1875 perse-

203 1888 315 1915 cutione
334 1892 504 1922 assumptus,
518 1887 584 1921 quid
597 1886 671 1913 aliud
688 1894 769 1921 quant
795 1885 993 1913 beatitudinem

203 1941 219 1960 a
235 1933 350 1960 Domino
379 1933 521 1962 obtinuit?
536 1932 570 1960 Et
583 1940 656 1960 nunc
670 1932 715 1960 ille
742 1933 851 1967 quidem
876 1933 904 1960 in
922 1933 993 1960 cmlo

204 1984 256 2011 est,
272 1979 300 2005 in
316 1978 440 2006 eamdem
454 1987 517 2006 cum
532 1979 672 2007 sodalibus
688 1979 824 2006 civitatem
836 1979 971 2014 ascriptus
984 1988 991 2006 :

205 2033 256 2053 nos
271 2030 362 2052 autem
385 2025 476 2052 adhuc
489 2025 515 2052 in
528 2025 678 2053 certamine
697 2025 846 2057 constituti,
864 2029 946 2059 atqtte
966 2026 994 2052 in

203 2077 280 2099 metu
310 2080 344 2099 ne
358 2072 528 2106 dejiciamur.
544 2070 636 2106 Neque
648 2071 721 2099 enim
738 2075 929 2099 consummata
943 2071 995 2098 ho-

205 2116 272 2143 mini
288 2115 404 2143 felicitas
419 2117 490 2144 inest.
505 2120 567 2143 ante
582 2123 725 2144 excessum
739 2124 754 2143 e
771 2116 825 2143 vita
845 2125 852 2143 :
872 2123 934 2143 cum
959 2115 996 2143 sit

204 2159 326 2187 incertus
339 2160 440 2187 exitus.

1075 649 1136 676 Ὀτι
1170 648 1305 684 ἐκοιμήθη
1330 649 1346 674 ό
1372 648 1505 683 μακάριος
1525 647 1707 683 Λαυρέντιος,
1733 648 1826 682 ἐκείνῳ

1040 694 1090 729 μὲν
1110 695 1266 726 ἀνάπαυσις
1293 695 1307 721 ὁ
1326 693 1459 724 θάνατος·
1475 693 1553 728 ἀνδρὶ
1566 694 1621 729 γὰρ
1646 694 1742 730 ἀγαθῷ
1769 695 1826 726 πῶς

1039 741 1099 776 οὐχὶ
1114 741 1192 768 τοῦτο
1205 741 1399 776 ἀπαντήσεται,
1411 740 1465 767 ἀπὸ
1482 740 1575 767 κόπων
1582 741 1738 775 ἀσκητικῶν
1748 750 1828 776 μετα-

1040 786 1119 814 δὰντι
1140 787 1187 813 τοῦ
1199 787 1268 822 βίου,
1290 787 1389 821 μᾶλλον
1401 787 1429 813 δὲ
1444 786 1498 814 ἀπὸ
1510 785 1558 813 τοῦ
1570 787 1641 813 κατά
1657 787 1829 823 δικαιοσύνην

1006 850 1027 877 Β
1043 832 1164 868 διωγμοῦ
1179 833 1362 868 ὲνδημήσαντι
1375 833 1443 867 πρὸς
1462 832 1563 867 Κύριον
1576 840 1584 847 ·
1595 829 1626 859 οὗ
1648 832 1702 859 τῶν
1724 833 1829 868 ἀρετῶν

1045 878 1134 913 μάρτυ
1140 886 1184 912 ρες
1191 878 1298 911 πολλοῖς
1309 878 1387 912 Ὑμῖν
1393 877 1421 904 δὲ
1427 877 1538 912 συνέὸη.
1545 877 1653 912 ἀδελφοὶ
1659 877 1828 912 τιμιώτατοι,

1044 926 1105 951 ἐπεὶ
1121 927 1169 951 καὶ
1184 926 1250 960 ἡμῖν
1262 926 1320 956 τοῖς
1335 925 1473 956 ταπεινοῖς
1483 924 1514 950 τὸ
1527 924 1659 959 λυπηρὸν,
1679 924 1828 951 ἀπολέσασι

1043 970 1156 1006 δόκιμον
1186 971 1335 1006 μοναστὴν,
1369 970 1460 1005 τίμιον
1484 970 1609 1004 ἀδελφὸν,
1639 970 1680 1000 εἰς
1707 971 1829 1005 κεφαλὴν

1044 1017 1248 1051 καθιστάμενον
1263 1017 1313 1051 τῆς
1326 1015 1398 1042 κατά
1415 1015 1504 1050 ψυχὴν
1525 1015 1646 1050 ὁδηγίας.
1667 1015 1737 1042 Ἀλλ*
1754 1016 1829 1051 ὅμως

1044 1062 1074 1087 τὶ)
1089 1061 1211 1097 λυπηρὸν
1226 1061 1266 1092 εἰς
1279 1060 1365 1096 χαρὰν
1377 1061 1542 1096 ἀμφοτέροις
1557 1062 1728 1097 περιετράπη
1739 1081 1746 1093 ,
1763 1062 1831 1088 διότι

1044 1107 1172 1138 ἐκλεκτὸς
1185 1107 1252 1133 Θεοῦ
1270 1108 1284 1133 ό
1300 1107 1452 1142 ἁρπασθεὶς
1469 1107 1515 1141 ἀφ’
1530 1106 1608 1142 ἡμῶν
1621 1107 1746 1134 κελεύσει
1761 1107 1831 1134 Θεοῦ

1043 1152 1090 1179 τοῦ
1106 1152 1221 1187 ἀγαθοῦ,
1241 1153 1269 1179 ὲν
1283 1152 1402 1189 ὁσιότητι
1417 1153 1464 1179 καὶ
1478 1152 1648 1188 δικαιοσύνῃ.
1662 1154 1708 1179 Διὸ
1719 1154 1799 1188 κάγὼ
1816 1155 1833 1180 ό

1042 1199 1172 1230 ταπεινὸς
1187 1199 1274 1234 χαίρω
1293 1200 1340 1225 καὶ¹
1355 1200 1496 1234 συγχαίρω
1523 1200 1587 1235 ὑμῖν
1602 1219 1609 1232 ,
1627 1200 1668 1226 ὅτι
1685 1200 1834 1235 παρεπέμ-

1043 1243 1135 1279 ψαμεν
1154 1244 1223 1278 πρδς
1234 1243 1280 1270 τὸν
1300 1244 1366 1270 Θεὸν
1381 1243 1540 1279 τηλικοῦτον
1566 1245 1673 1276 σκεῦος.
1696 1246 1833 1280 Ἐκλογῆς

1044 1288 1099 1323 γὰρ
1115 1289 1211 1320 σκεῦος
1229 1289 1267 1321 ὡς
1278 1289 1386 1325 ἀληθῶς
1400 1291 1576 1326 Λαυρέντιος,
1598 1292 1706 1327 πρῶτον
1721 1292 1773 1327 μὲν
1788 1293 1834 1320 διὰ

1043 1334 1094 1369 τῆς
1112 1334 1245 1369 ἀψευδοῦς
1260 1336 1402 1371 ἀποταγῆς
1411 1336 1458 1362 καὶ
1472 1337 1611 1372 ὑποταγῆς
1623 1345 1630 1352 ·
1649 1337 1778 1373 δεύτερον
1788 1338 1834 1365 διὰ

1043 1379 1093 1414 τῆς
1107 1380 1250 1415 φιλαρέτου
1271 1381 1389 1416 σπονδῆς
1412 1390 1441 1407 τε
1458 1382 1504 1408 καὶ
1519 1383 1676 1417 προκοπῆς’
1690 1383 1719 1416 ἐξ
1730 1380 1770 1410 ὧν
1783 1384 1834 1411 καὶ

1044 1426 1195 1461 ἱερωσύνης
1212 1427 1336 1461 ἠξίωται,
1351 1428 1399 1454 καί¹
1414 1428 1520 1455 πολλῶν
1533 1429 1654 1464 ἀδελφῶν
1666 1430 1835 1461 ἐπιστασίας

1043 1471 1187 1504 ἀνεδέξατο
1200 1471 1320 1508 ἀξίωμα,
1336 1474 1456 1509 φιλητῶς
1472 1475 1630 1509 ποιμαίνειν
1640 1476 1783 1511 χρήσιμος
1799 1477 1834 1511 τῇ

1044 1519 1154 1555 ποίμνῃ·
1163 1518 1217 1551 ζῶν
1225 1519 1282 1545 6εῶ
1295 1519 1387 1556 καὶτῷ
1397 1520 1518 1555 καθηγοῦ
1523 1522 1595 1557 μένῳ
1602 1522 1639 1553 ὡς
1646 1522 1767 1557 ἀληθῶς,
1776 1522 1838 1549 ἀλλ’

1043 1566 1073 1592 οὐ
1085 1565 1180 1600 κόσμῳ
1195 1567 1310 1597 καὶτοῖς
1325 1566 1396 1593 κατὰ
1411 1567 1513 1601 κόσμον
1537 1568 1697 1602 πράγμασιν
1709 1575 1717 1583 ·
1738 1565 1772 1594 οὗ
1789 1569 1838 1595 καὶ

1044 1610 1148 1645 ὲξορίαι
1163 1610 1208 1637 διὰ
1223 1610 1336 1645 Κύριον,
1361 1611 1409 1638 καὶ
1422 1611 1550 1647 διωγμοὶ,
1562 1613 1610 1639 καὶ
1627 1613 1766 1648 πρότερον
1788 1614 1840 1640 καὶ

1045 1655 1159 1691 ὕστερον
1173 1663 1180 1670 ·
1197 1653 1228 1683 οὗ
1244 1657 1291 1683 καὶ
1304 1657 1329 1683 οἱ
1343 1657 1420 1687 πόδες
1430 1657 1536 1692 ὡραῖοι,
1560 1657 1705 1692 γραφικῶς
1720 1659 1818 1685 εἰπεῖν
1829 1679 1839 1691 ,

1043 1697 1095 1728 ὧδέ
1109 1710 1139 1728 τε
1157 1703 1238 1729 κάκεῖ
1258 1702 1422 1738 περιιόντος,
1439 1703 1487 1729 καὶ
1512 1703 1762 1739 εὐαγγελιζομένου
1781 1706 1842 1735 τοῖς

1044 1748 1170 1782 ἀδελφοῖς
1207 1747 1242 1774 τὰ
1275 1749 1399 1783 σωτήρια
1438 1749 1649 1784 ἐπαγγέλματα.
1674 1750 1788 1785 Μύρον,
1825 1751 1841 1777 ὁ

1044 1794 1231 1828 πνευματικὸς
1242 1794 1325 1820 αὑτοῦ
1341 1794 1419 1830 ἱδρώς
1431 1802 1437 1809 ·
1453 1795 1548 1830 δρόπος
1562 1796 1643 1831 ἱερὸς,
1656 1797 1670 1822 ὁ
1683 1797 1843 1831 ἐναγώνιος

1044 1839 1126 1867 αὑτοῦ
1143 1840 1243 1876 δρόμος
1254 1841 1304 1876 τῆς
1320 1841 1432 1876 ἀρετῆς.
1452 1842 1500 1873 Ὃς
1517 1842 1701 1877 προσληφθεὶς
1714 1844 1746 1870 ὲν
1762 1843 1847 1879 αὐτῷ

1044 1886 1084 1922 τῷ
1099 1886 1214 1922 παρόντι
1232 1886 1356 1922 διωγμῷ,
1372 1887 1399 1913 τί
1414 1887 1478 1914 ἄλλο
1499 1887 1516 1923 ἢ
1534 1888 1579 1914 τὸν
1594 1889 1646 1915 ὑπὸ
1659 1889 1769 1925 Κυρίου
1786 1899 1846 1925 μα-

1045 1932 1181 1966 καρισμὸν
1195 1932 1362 1967 ἁνεδήσατο;
1377 1932 1432 1959 Καὶ
1459 1933 1507 1960 νῦν
1527 1934 1631 1966 ἐκεῖνος
1648 1934 1696 1969 μέν
1712 1935 1796 1961 ἐστιν
1815 1936 1848 1962 ὲν

1044 1977 1151 2012 οὐρανῷ
1169 1977 1348 2011 συμπολεύων
1363 1979 1419 2009 τοῖς
1435 1978 1600 2013 όμοταγέσιν
1616 1986 1622 1993 ·
1647 1979 1729 2013 ἡμεῖς
1751 1979 1784 2005 δὲ
1803 1979 1849 2006 ἔτι

1045 2022 1092 2048 ἐπὶ
1105 2022 1152 2049 τοῦ
1177 2023 1282 2056 ἀγῶνος
1311 2023 1470 2058 ἱστάμενοι,
1495 2023 1543 2050 καὶ
1567 2024 1613 2050 ἐπὶ
1629 2023 1712 2058 φόϐον
1728 2027 1850 2061 τροπῆς

1045 2068 1178 2102 κείμενοι,
1201 2068 1239 2095 Ob
1258 2069 1313 2104 γάρ
1329 2070 1389 2095 ἐστι
1411 2070 1586 2105 μακαρισμὸς
1606 2070 1709 2102 τέλειος
1727 2072 1850 2108 ἀνθρὼ-

1046 2122 1100 2150 mp,
1116 2115 1168 2146 ἕως
1181 2115 1375 2147 ἀποῦιώσεως,
1389 2115 1435 2143 διὰ
1451 2117 1481 2143 τὸ
1495 2117 1593 2152 ἄδηλον
1612 2118 1662 2153 τῆς
1680 2118 1849 2157 ἐκϐάσεως.

242 2206 425 2239 Quamobrem
442 2206 556 2233 obsecro
580 2213 638 2238 vos,
654 2206 761 2239 fratres,
778 2211 808 2234 ut
828 2207 946 2242 vigiletis
960 2215 991 2234 ac

1079 2207 1126 2233 Διὸ
1157 2208 1309 2242 παρακαλῶ
1344 2209 1435 2244 ὑμᾶς,
1462 2210 1588 2244 ἀδελφοὶ,
1615 2213 1771 2246 γρηγορεῐν
1799 2214 1852 2240 καὶ

205 2251 292 2278 sobrii
310 2251 381 2284 sitis,
409 2252 521 2278 utvirili
536 2260 569 2278 ae
591 2252 653 2278 forti
684 2252 777 2279 animo
799 2252 826 2279 in
853 2253 994 2287 proposito

205 2299 356 2326 certamine
371 2304 428 2325 tum
444 2298 630 2333 intelligibilis,
649 2303 704 2326 tum
728 2299 870 2326 sensibilis
900 2307 994 2334 perse—

204 2345 335 2372 cutionis.
350 2344 403 2378 Qui
418 2345 490 2372 enim
512 2345 661 2375 secundum
682 2345 768 2372 Deum
786 2345 863 2378 vivit,
888 2353 994 2380 semper

204 2391 308 2426 patitur
327 2391 545 2425 persecutionem
577 2390 612 2418 ab
643 2391 774 2418 invisibili
796 2397 935 2422 vexatoro.
963 2395 994 2417 ut

204 2441 330 2464 teneatur
339 2436 442 2471 peccati
453 2436 569 2470 laqueo:
584 2444 700 2472 quem,o
713 2436 816 2464 strenui
828 2436 927 2464 Christi
942 2437 994 2463 mi-

204 2483 278 2515 lites,
293 2482 442 2517 fugiamus.
459 2482 536 2515 Qute‘
551 2490 633 2516 porro
651 2482 721 2518 fugae
738 2483 808 2509 ratio
822 2483 884 2517 estJ
895 2482 996 2518 Nempe

204 2528 228 2555 si
239 2527 291 2556 sub
307 2528 408 2563 potenti
425 2535 507 2555 manu
530 2527 576 2555 Dei
599 2528 698 2560 simus,
710 2528 737 2555 in
755 2528 882 2555 omnibus
899 2528 924 2555 ei
938 2529 996 2563 pla-

205 2577 309 2600 centes.
334 2573 360 2599 Id
375 2580 439 2600 vero
459 2573 678 2608 conscquemini,
702 2573 724 2601 si
744 2581 798 2600 non
824 2581 858 2600 ex
882 2573 994 2608 proprio

204 2619 337 2646 arbitratu
351 2619 398 2646 sed
419 2627 452 2647 ex
479 2619 618 2647 communi
635 2619 694 2654 lege
720 2619 834 2646 vivatis:
860 2619 991 2647 habentes

204 2665 329 2693 videlicet
342 2665 451 2693 fratrem
462 2666 590 2700 Ephraim
607 2666 633 2692 in
644 2665 780 2701 prtepositi
790 2665 991 2700 vicem.quem-

205 2711 350 2738 admodum
366 2716 394 2739 et
416 2711 460 2738 ille
475 2712 626 2743 consensit,
641 2717 668 2739 et
687 2718 738 2739 nos
757 2711 860 2739 assensi
882 2719 989 2744 sumus,

204 2760 231 2783 et
245 2763 354 2791 tempus
369 2765 401 2784 ac
424 2757 494 2784 ratio
512 2757 661 2792 postulant.
676 2756 736 2784 Sint
756 2757 850 2784 omnia
867 2764 992 2784 commu-

205 2801 249 2829 nia
264 2811 270 2829 :
285 2810 374 2830 meum
385 2810 416 2830 ac
427 2807 505 2830 tuum
524 2803 629 2830 exsulet
647 2811 653 2830 :
672 2802 790 2831 Charitas
809 2803 989 2839 exprimatur,

239 2882 261 2898 "
282 2881 370 2910 (λειω.
389 2891 426 2917 ut,
438 2883 474 2911 28
489 2891 496 2917 ;
512 2884 618 2921 Coloss;
631 2892 670 2917 ιιι,
686 2883 729 2911 Η.

1043 2253 1148 2288 νήφειν,
1167 2254 1339 2288 ἀνδρίζεσθαι
1373 2255 1420 2282 καὶ
1436 2255 1633 2291 κραταιοῦσθαι
1658 2258 1687 2283 ἐν
1712 2258 1760 2292 τῷ
1779 2268 1856 2295 προ-

1044 2301 1164 2335 κειμένῳ
1200 2301 1286 2334 άγῶνι
1323 2301 1371 2328 τοῦ
1416 2311 1447 2328 τε
1492 2303 1590 2338 νοητοῦ
1623 2304 1670 2330 καὶ
1701 2305 1853 2341 αἰσθητοῦ

1043 2345 1177 2381 διωγμοῦ.
1207 2346 1355 2374 Δεδίωκται
1386 2348 1440 2383 γὰρ
1472 2349 1517 2375 ἀεὶ
1542 2350 1556 2375 ὁ
1582 2350 1653 2376 κατά
1678 2349 1750 2377 Θεὸν
1790 2352 1855 2385 ζῶν

1044 2392 1098 2418 ὑπὸ
1123 2392 1170 2418 τοῦ
1198 2393 1314 2428 ἀοράτου
1347 2393 1462 2420 διώκτου
1491 2395 1532 2426 εἰς
1555 2395 1706 2437 κατάληψιν
1747 2398 1856 2435 ἁμαρ-

1043 2438 1118 2469 τίας·
1141 2438 1170 2464 ὃν
1193 2438 1323 2474 φύγωμεν
1356 2441 1477 2473 γενναῖοι
1508 2441 1673 2476 στρατιῶται
1700 2442 1854 2478 Χριστοῦ.

1045 2483 1108 2515 Πῶς
1132 2483 1160 2510 δὲ
1179 2483 1239 2510 ἔστι
1254 2485 1371 2518 φογεῖν;
1401 2484 1446 2520 Τῷ
1463 2484 1516 2512 ὑπὸ
1531 2485 1581 2520 τὴν
1604 2487 1743 2521 κραταιὰν
1762 2491 1858 2525 χεῖρα

1043 2529 1091 2556 τοῦ
1121 2530 1190 2557 Θεοῦ
1222 2531 1372 2565 γενέσθαι,
1395 2531 1440 2558 διὰ
1473 2533 1522 2568 τῆς
1553 2534 1594 2565 εἰς
1626 2533 1698 2560 ἀπαν
1740 2536 1859 2571 εὐαρε-

1046 2575 1169 2610 στήσεως
1181 2575 1275 2603 αὑτοῦ.
1307 2577 1405 2604 Ἔσται
1421 2577 1450 2603 δὲ
1474 2577 1568 2609 τοῦτο,
1586 2578 1635 2605 ἐὰν
1658 2578 1696 2613 μὴ
1726 2579 1860 2609 ἰδιοϐού-

1045 2620 1109 2652 λως,
1138 2621 1206 2647 ἀλλά
1235 2622 1415 2654 κοινοῦιακῶς
1429 2622 1531 2658 ζήσητε
1545 2632 1552 2639 ’
1576 2623 1698 2659 δηλονότι
1725 2625 1859 2661 ἔχοντες

1043 2664 1091 2690 τὸν
1121 2665 1237 2699 ἀδελφὸν
1272 2666 1392 2702 Ἐφραῗμ
1427 2667 1699 2703 προκαθηγούμενον,
1746 2672 1861 2705 καθὼς

1045 2710 1172 2743 κάκεῖνος
1200 2711 1286 2743 εἴασε,
1317 2713 1365 2738 καὶ
1391 2713 1472 2748 ἡμεῖς
1501 2714 1731 2750 συνευδοκοῦμεν,
1762 2719 1821 2746 καὶ
1842 2721 1860 2746 ὁ

1045 2755 1142 2791 χρόνος
1169 2756 1216 2782 καὶ
1239 2757 1253 2782 ό
1271 2756 1372 2792 τρόπος
1399 2757 1540 2792 ἀπαιτοίη.
1571 2759 1713 2786 Ἔστωσαν
1750 2764 1861 2792 πάντα

1046 2802 1134 2835 κοινὰ,
1150 2801 1181 2828 τὸ
1198 2801 1266 2838 ὲμὺν
1278 2803 1326 2829 καὶ
1340 2801 1386 2830 σὺν
1401 2802 1566 2839 ὲξοριζέσοω
1577 2813 1584 2821 ο
1603 2805 1620 2840 ἡ
1635 2805 1735 2842 ἀγάπη
1753 2816 1860 2846 χαρα-
