1912 3080
171 133 237 164 1431

168 199 280 226 pascere
295 199 327 218 ac
343 198 447 225 regere.
465 190 509 216 Sic
521 189 595 216 enim
610 196 739 223 tnagnum
758 187 868 214 Petrum
885 194 962 213 eom-
977 190 999 216 Α

168 238 250 273 pellat
263 247 269 264 :
282 238 311 264 Si
323 238 412 272 diligis
426 245 476 268 me,
493 244 571 271 pasce
582 243 640 262 oves
655 243 724 261 meas
742 234 775 260 ιθ.
788 234 962 266 lterumque:

168 283 200 310 Si
224 284 387 316 separaveria
418 284 563 317 pretiosum
587 290 602 308 ιι
630 281 685 311 vili.
708 280 784 315 quasi
815 287 842 305 os
878 285 964 304 omam

168 329 220 354 eris
233 329 263 354 ".
286 329 325 355 Ac
342 337 451 355 rursum
470 337 476 354 :
494 327 547 359 Qui
566 327 679 354 converti
691 326 780 360 fecerit
803 328 964 359 precatorem

170 375 202 400 ab
218 382 307 401 errore
322 375 370 401 via:
391 383 456 406 sua',
467 373 580 400 salvabit
593 374 710 399 animum
725 371 782 405 ejus
798 379 813 396 a
829 375 922 401 morte,
939 374 964 395 et

170 421 266 454 aperiet
291 420 487 447 trtzftitudinem
510 418 740 454 peccatorum'".
761 417 860 452 Siquis
891 416 963 443 enim

170 467 301 494 advolans
323 475 356 493 ex
372 467 531 494 dominandi
547 467 694 502 cupiditate
711 465 848 501 pastorale
865 463 964 499 pedum

170 513 293 547 arripiat,
313 513 426 540 odiosus
441 513 487 539 ille
501 517 580 540 estet
600 512 804 539 abominandus
828 510 896 544 Deo,
914 516 965 536 nec

171 558 288 584 salutem
318 558 398 584 alteri
422 564 510 592 parat.
533 566 585 586 nec
612 559 671 593 ipse
690 557 878 591 consequitur.
916 555 965 581 Sin

171 609 286 632 γοεοιιιε
301 613 315 632 3
335 605 389 632 D60
402 614 435 633 ac
447 614 551 634 morem
569 613 668 641 gCI'CllS
682 604 873 640 praefecturam
892 601 966 629 acci-

171 651 238 686 piat,
254 655 281 678 et
294 651 317 678 is
329 652 435 679 amicus
451 651 506 678 Deo
524 651 738 686 intelligetur,et
754 650 824 677 idem
837 648 915 675 alteri
933 655 965 675 ac

171 695 223 722 sibi
248 695 365 723 salutem
395 696 499 724 atTeret.
532 696 760 731 Quandoquidem
791 695 874 729 igitur
908 693 966 727 ipsa

171 741 212 768 sic
231 745 328 768 vocata
351 739 391 772 es,
408 741 499 776 gaude
525 746 552 768 et.
570 741 636 768 time
655 749 662 767 :
689 739 755 766 illud
787 738 898 773 quidem
931 735 966 761 ob

171 793 248 820 spem
272 795 280 818 ;
300 786 372 812 istud
387 793 450 812 vero
470 785 505 812 ob
519 784 745 813 sollicitudinem.
760 783 806 810 Sic
818 783 924 818 pra-sis.
939 785 967 808 et.

173 840 304 866 prospere
318 840 393 866 agas,
405 839 531 865 pascens,
545 838 700 866 gerensque
710 831 743 857 de
756 837 881 856 sororum
899 837 965 856 COII‘

174 877 301 904 tubernio
320 884 427 903 curam.
447 876 564 903 Terrent
586 880 610 902 te
631 883 663 902 ea
684 883 746 909 qua:
764 874 836 900 fama
862 879 965 907 narrat,

175 923 268 957 inquis
299 931 306 949 :
336 923 383 949 sed
409 921 493 948 habes
518 921 671 955 adjutorem
703 919 798 950 Deum,
817 917 967 952 eﬂicaxque

174 974 361 995 matcrnarmn
376 975 487 1002 precum
503 966 648 993 auxilium.
664 965 692 992 lu
706 965 781 991 illum
799 972 893 991 curam
909 972 968 991 om-

174 1023 236 1042 nem
255 1019 328 1041 tuam
351 1013 450 1047 ahjicc,
471 1017 498 1040 ct
520 1013 579 1047 ipse
595 1011 722 1046 expedita
740 1011 835 1038 elliciet
852 1011 967 1037 consilia

174 1067 232 1089 tua.
246 1061 344 1088 Deesse
365 1060 413 1087 tibi
425 1060 544 1094 aliquem
563 1058 667 1086 dixeris
686 1058 734 1093 qui
754 1061 780 1084 te
800 1057 851 1084 rite
866 1057 963 1084 defen-

174 1109 240 1135 dat?
251 1108 298 1135 sed
313 1107 458 1142 prmsidem
474 1107 560 1133 habes
574 1105 662 1139 ipsum
679 1112 759 1139 quem
773 1104 892 1131 dilexisti
911 1103 967 1130 Do-

175 1155 305 1182 minum:
334 1153 432 1181 deinde
455 1158 481 1179 et
497 1152 638 1179 custodem
665 1151 726 1177 vita:
750 1156 802 1177 tum
828 1150 966 1185 angelum,

175 1200 222 1235 qui
240 1204 266 1227 te
282 1207 314 1226 ex
330 1198 405 1226 omni
422 1197 496 1225 malo
507 1197 616 1231 eripiat.
632 1196 723 1229 Quare
736 1203 770 1222 ne
780 1195 895 1222 demitte
909 1196 969 1222 ani—

176 1254 263 1278 mum,
296 1245 346 1272 sed
372 1244 467 1278 erige:
484 1243 579 1270 tirmas
607 1242 717 1275 adhibe,
743 1250 796 1268 non
818 1242 970 1269 imbecillas

175 1294 249 1320 vires
264 1300 270 1317 ε
287 1291 459 1326 prospiciens
476 1290 589 1325 integra;
610 1289 758 1315 valetudini
783 1288 919 1323 corporis,
941 1292 971 1315 ut

177 1339 234 1366 Deo
247 1337 299 1365 rite
311 1337 426 1370 servias,
446 1342 473 1363 et
487 1343 597 1363 sorores
612 1343 702 1370 regas,
720 1343 751 1362 ac
767 1343 876 1362 sorores
891 1335 971 1362 vicis-

177 1385 230 1411 sim
262 1384 317 1419 (ad
332 1384 405 1418 ipsas
421 1383 494 1409 enim
523 1387 699 1409 convertatur
728 1383 836 1416 oratio;
851 1387 879 1407 ut
899 1387 972 1408 recte

178 1428 375 1464 gubernantur,
392 1435 424 1454 ac
436 1427 563 1462 religiose
582 1432 741 1462 pascantur,
775 1431 800 1453 te
817 1435 899 1454 unam
915 1427 972 1461 spi-

178 1480 283 1506 rantes.
307 1478 333 1501 te
350 1482 441 1501 veram
456 1479 571 1501 matrem
587 1479 778 1509 agnoscentes,
794 1482 826 1500 ac
842 1482 872 1501 SC
898 1473 972 1500 ilIVl-

179 1529 237 1548 cem
254 1521 359 1548 SillCCl‘C
376 1525 517 1555 cogitatas.

217 1566 286 1594 Nam
311 1567 356 1594 tibi
371 1567 433 1594 talis
467 1567 543 1593 adest
568 1567 715 1594 concordia
743 1566 909 1598 animorum,
938 1566 976 1592 ibi

180 1614 310 1642 Christus
339 1614 366 1640 iu
399 1611 545 1644 mcdi'o,ct
574 1613 658 1640 beata:
675 1613 736 1640 vita:
762 1612 974 1640 consummatio.

182 1661 271 1689 Vitam
283 1661 356 1687 enim
377 1660 486 1687 beatam
499 1660 603 1694 adepta}
622 1665 695 1692 sunt,
713 1659 899 1694 virginitatem
918 1668 976 1685 ani-

181 1708 273 1743 plexa,
291 1712 318 1734 et
338 1707 479 1734 Christum
507 1715 637 1742 sponsum
662 1707 805 1738 habentes,
822 1714 876 1733 non
906 1714 978 1733 mor-

184 1754 252 1782 tales
280 1761 390 1789 procos,
428 1761 546 1788 quorum
577 1753 691 1780 molesta
715 1753 883 1779 consociatio
912 1756 976 1784 est,

182 1803 210 1826 et
245 1807 306 1834 quae
334 1799 416 1834 paulo
445 1803 506 1834 pest
538 1798 684 1833 disjunctio
712 1798 761 1830 ﬁt,
788 1800 873 1825 multo
903 1806 979 1824 acer-

183 1846 255 1874 hior.
286 1845 374 1879 Quem
406 1854 470 1873 vero
507 1853 639 1880 sponsum
658 1845 759 1871 habent
783 1845 933 1875 Christum,
955 1845 978 1871 is

184 1900 325 1927 nunquam
349 1892 488 1918 moritur:
506 1891 554 1918 sed
569 1897 596 1918 ct
612 1892 668 1918 vita
679 1891 801 1918 oumium
813 1895 865 1918 est.
880 1891 912 1917 Et
925 1899 979 1917 una

184 1945 246 1964 cum
260 1945 292 1964 eo
307 1936 494 1972 ingredientur
523 1936 598 1970 ipsae,
615 1940 709 1961 votum
729 1939 868 1961 servantes
894 1935 980 1961 abstiv

185 1983 296 2013 nentiaa.
312 1983 339 2010 iu
358 1982 496 2009 caelestem
514 1981 676 2008 thalamum.
694 1981 779 2007 lidant
795 1980 856 2012 illic,
874 1980 977 2012 bibant,

185 2030 352 2060 vestiantur,
374 2028 513 2062 'quidquid
530 2035 564 2055 ex
588 2036 640 2055 ustt
661 2028 722 2054 vitm
751 2032 793 2054 est
807 2027 942 2061 accipiant
964 2035 979 2053 a

185 2074 336 2110 perspicaci
364 2073 497 2101 charitate
515 2079 559 2100 tua
577 2082 584 2101 :
600 2073 821 2109 quandoquidem
834 2073 979 2108 Apostolus

186 2121 225 2148 ait
242 2131 249 2149 :
265 2120 311 2147 Ita
327 2120 511 2147 desiderantes
528 2128 583 2150 vos,
602 2120 695 2154 cupide
709 2119 858 2147 volebamus
876 2121 980 2146 tradere

185 2168 258 2194 rubis
276 2176 329 2194 non
350 2167 436 2194 solum
453 2166 627 2202 Evangelium
641 2167 699 2198 Dei,
715 2167 759 2194 sed
775 2168 855 2194 etiam
875 2168 979 2194 animus

186 2219 291 2241 nostras
309 2214 341 2240 ³³.
363 2213 423 2241 Sint
443 2214 525 2241 tnodo
546 2214 629 2241 unius
657 2215 812 2247 sententias,
837 2215 976 2249 uniusque
992 2211 1014 2238 ι)

187 2260 296 2292 mentis,
309 2261 429 2286 auitnam
451 2267 533 2286 unam
552 2260 684 2287 habentes
704 2269 710 2286 ε
725 2269 775 2286 una
791 2260 825 2288 sit
842 2251 979 2294 voluntas,

186 2305 346 2333 communia
356 2305 460 2336 omnia,
474 2305 612 2340 peculiare
626 2306 704 2338 nihil,
721 2306 829 2333 diversa
842 2314 978 2340 nusquam

187 2353 346 2379 sententia:
371 2356 397 2378 et
424 2351 591 2386 pet'l‘eceriut
608 2352 700 2379 omnia
723 2360 784 2387 qua).
811 2353 845 2379 ad
863 2353 979 2380 salutem

188 2398 344 2425 necessaria
371 2405 422 2424 :ac
450 2397 643 2424 brevissimum
659 2403 683 2425 et
707 2398 845 2432 egregium
860 2398 982 2425 coenobi-

187 2443 247 2470 ticze
263 2443 324 2470 vita:
336 2442 506 2469 curriculum
524 2450 645 2469 emensa:
660 2442 686 2469 in
705 2447 867 2477 perpetuum
885 2443 978 2469 exsul-

189 2490 285 2516 tahunt
313 2496 377 2516 cum
405 2488 515 2523 egregia
539 2493 585 2516 tua
608 2497 640 2516 ac
665 2490 793 2524 religiosa
819 2495 916 2516 matre.
935 2490 980 2517 Sic

187 2534 260 2561 enim
277 2534 384 2568 insigne
403 2534 572 2567 emnobium,
592 2538 619 2561 et
633 2542 694 2569 quae
717 2534 844 2569 prazclare
861 2536 981 2562 admini-

188 2585 268 2612 strat,
285 2582 425 2608 communi
455 2581 550 2608 lictitia
575 2581 761 2616 perfruentur,
780 2586 807 2608 et
823 2586 903 2608 erunt
917 2590 980 2609 eum

189 2629 305 2655 Domin
316 2636 434 2663 semper.
447 2627 548 2655 Nostra
564 2628 623 2654 haec
638 2628 731 2654 brevis
744 2627 901 2662 nulliusquc
919 2636 981 2663 prc-

189 2674 218 2701 tii
243 2675 371 2702 allocutio
385 2681 436 2702 est.
459 2674 500 2701 Tu
515 2681 579 2701 vero
592 2694 599 2706 ,
616 2673 739 2706 domina,
756 2682 842 2708 pauca
864 2675 920 2702 lnec
935 2683 979 2702 se-

189 2722 263 2748 mina
293 2722 445 2756 excipiens,
462 2729 495 2747 ex
512 2721 597 2755 teipsa
626 2728 686 2755 quae
702 2720 800 2747 desunt
816 2720 902 2755 adjice
922 2730 928 2747 :
949 2729 981 2749 ac

190 2775 239 2802 p:o
257 2768 336 2794 nobis
352 2767 542 2802 peccatoribus
553 2774 646 2801 preces
660 2766 774 2793 fundere
795 2775 827 2794 ne
842 2767 980 2802 graveris:

989 1541 1011 1569 C

228 2875 250 2890 ¹⁶
263 2873 341 2902 Joan.
365 2882 420 2908 xxt,
439 2875 483 2902 18.
523 2875 543 2891 ’⁷
559 2874 658 2904 Jercm.
675 2882 720 2907 xv,
744 2874 784 2902 l9.
829 2875 867 2891 “'*
880 2873 937 2902 Jac.

776 131 805 158 S.
822 128 1019 158 ’l‘llEODORI
1034 126 1207 156 STUDITE

975 2884 1003 2909 ν,
1020 2875 1065 2903 20.

1736 120 1807 153 1432

1014 186 1050 216 ὡς
1063 185 1093 211 τδ
1111 184 1266 219 ποιμαίνειν
1282 183 1328 210 καὶ
1341 182 1448 218 ὁδηγεῖν
1471 182 1534 213 τοὺς
1551 180 1712 216 ἑπομένους.
1736 181 1808 215 Φησὶ

1016 231 1071 266 γὰρ
1085 231 1154 266 πρὸς
1173 231 1218 257 τὸν
1234 230 1320 265 μέγαν
1336 230 1439 265 Πέτρον
1451 237 1458 245 ι
1486 230 1522 256 El
1539 228 1657 263 ἀγαπᾷς
1673 235 1722 262 με,
1739 228 1807 254 ποί-

1013 287 1103 314 μαινε
1117 278 1153 305 τὰ
1172 277 1306 312 πρόειιτά
1321 286 1392 311 μου.
1416 277 1472 304 Καὶ
1505 276 1603 302 πάλινσ
1638 275 1671 302 ’0
1691 275 1808 309 ἐξάγων

1017 325 1104 357 ἄξιον
1119 325 1153 357 ἐξ
1164 324 1302 356 ἀναξίου,
1319 324 1360 356 ὡς
1375 323 1473 357 στόμα
1486 332 1544 357 μου
1555 323 1624 357 ἔσῃ.
1641 323 1696 350 Καὶ
1712 322 1805 349 πάλιν·

1024 372 1054 398 '0
1072 371 1260 405 ἐπιστρέψας
1276 370 1454 405 ἁμαρτωλὸν
1478 369 1512 395 ἐκ
1530 369 1650 403 πλάνης
1663 368 1735 395 ὀδοῦ
1750 370 1806 395 αὺ-

1016 418 1082 450 τοῦ,
1098 417 1190 444 σώσει
1201 417 1310 451 ψυχὴν
1322 416 1415 443 αὑτοῦ
1431 417 1465 443 ἐκ
1482 415 1625 447 θανάτου,
1649 415 1699 442 καὶ
1711 415 1807 442 καλύ-

1016 466 1067 499 Ψει
1083 464 1201 498 πλῆθος
1208 463 1369 498 ἁμαρτιῶν.
1384 463 1435 490 ’Ἂν
1448 463 1498 498 μὲν
1521 463 1575 498 γὰρ
1586 462 1739 498 ἐπιτρέχων
1754 471 1807 494 τις,

1017 511 1049 537 ἐκ
1059 510 1205 545 φιλαρχίας
1215 509 1348 545 δράξηται
1359 510 1408 544 τῆς
1421 508 1604 544 ποιμαντικῆς
1619 507 1717 542 ράὁδου
1730 528 1738 540 ,
1760 516 1809 541 μι-

1018 557 1100 593 σητὺς
1114 558 1161 584 καὶ
1178 557 1353 588 ἀπόπτυστος
1364 555 1434 591 Θεῷ,
1450 555 1512 582 οὔτε
1524 555 1628 587 σώζων,
1646 555 1707 582 οὔτε
1722 554 1810 586 σωζό-

1020 613 1110 640 μενος.
1129 605 1177 630 "Av
1185 603 1214 630 δὲ
1230 603 1343 638 κληθεὶς
1357 602 1390 629 δι’
1403 601 1529 638 ὑπακοὴν
1543 601 1611 628 Θεοῦ
1626 601 1737 636 δέξηται
1755 600 1807 636 τὴν

1017 650 1201 687 προστασίαν,
1215 649 1263 675 καὶ
1280 648 1356 683 φίλος
1372 647 1432 682 Θεῷ
1445 648 1493 674 καὶ
1508 647 1603 679 σώζων
1622 647 1671 673 καὶ
1686 646 1810 681 σωζόμε-

1018 705 1062 727 νος
1086 694 1326 730 ἀποδειχθήσεται.
1346 693 1455 729 Ἐπειδὴ
1474 693 1502 720 δὲ
1523 694 1593 729 αὑτὴ
1606 693 1692 725 οὕτως
1709 692 1811 728 κέκλη-

1020 752 1076 774 σαι,
1092 744 1172 778 χαῖρε
1189 742 1237 769 καὶ
1255 742 1343 777 τρέμε
1356 750 1362 757 ·
1390 741 1420 768 τὸ
1447 741 1498 776 μὲν
1521 741 1566 768 διὰ
1582 741 1631 776 τὴν
1643 740 1740 767 ἐλπίδα
1754 761 1761 773 ,
1779 741 1812 767 τὸ

1018 789 1046 816 δὲ
1060 789 1105 816 διὰ
1122 790 1173 824 τὴν
1184 788 1306 823 ἀγωνίαν
1318 795 1324 802 ·
1344 787 1413 822 ἡγοῦ
1429 788 1477 814 καὶ
1498 788 1647 814 κατίυοδοῦ
1659 808 1666 818 ,
1693 788 1810 821 ποιμαί-

1018 843 1104 861 νουσα
1116 834 1164 861 καὶ
1183 833 1351 869 διαφέρουσα
1374 834 1425 868 τὴν
1439 833 1570 868 φροντίδα
1593 833 1643 868 τῆς
1658 833 1811 868 ἀδελφότη-

1019 889 1076 912 τος.
1104 879 1234 916 Ὀρῤωδεῖ
1255 887 1286 906 σε
1305 879 1341 906 τὰ
1366 877 1554 914 θρυλλούμενα
1578 878 1615 910 ὡς
1646 879 1723 913 φής·
1750 879 1810 906 ἀλλ’

1021 926 1094 961 ἔχεις
1107 925 1174 952 Θεὸν
1189 925 1348 961 ἐπίκουρον,
1366 923 1500 960 συνεργίᾳ.
1518 924 1573 951 τῶν
1589 924 1749 960 προσευχῶν
1759 926 1811 959 τῆς

1023 970 1137 1005 μητρός.
1167 969 1226 1004 Ἐφ’
1241 967 1263 1003 ᾧ
1280 970 1330 1005 τὴν
1354 970 1491 1005 μέριμναν
1508 979 1555 997 σου
1579 969 1749 1004 ὲπιρριψοις,
1760 970 1810 996 καὶ

1021 1016 1104 1047 αὐτὸς
1119 1017 1227 1052 ποιήσει
1241 1018 1324 1052 ῥάους
1352 1019 1403 1049 τὰς
1433 1017 1570 1049 διαθέσεις
1590 1026 1650 1045 σου.
1664 1018 1721 1044 Οὐκ
1738 1017 1812 1052 ἔχειν

1021 1062 1113 1096 λέγοις
1129 1063 1192 1090 τινὰ
1208 1063 1256 1090 τὸν
1279 1063 1488 1098 προστατοῦντά
1511 1072 1560 1090 σου
1586 1064 1725 1099 γνησίως;
1739 1063 1812 1090 Ἀλλ’

1024 1108 1098 1143 ἔχεις
1115 1109 1160 1136 τὸν
1174 1111 1371 1145 πρωτοστάτην
1390 1110 1472 1138 αὑτὸν
1486 1110 1516 1136 ὃν
1531 1110 1678 1145 ἠγάπησας
1696 1110 1811 1146 Κύριοψ

1022 1154 1120 1181 ἔπειτα
1139 1155 1244 1182 καὶτὸν
1260 1156 1369 1191 φύλακα
1385 1158 1435 1191 τῆς
1448 1157 1521 1190 ζωῆς
1533 1165 1580 1183 σου
1601 1156 1729 1191 ἄγγελον,
1747 1157 1813 1192 ῥυό-

1025 1201 1107 1236 μενόν
1134 1210 1163 1228 σε
1180 1203 1213 1229 ἐκ
1241 1202 1342 1235 παντὸς
1368 1203 1467 1232 κακοῦ,
1489 1203 1536 1229 Διὺ
1562 1203 1678 1238 εὐϐόμει
1706 1203 1754 1230 καὶ
1775 1203 1814 1238 μὴ

1024 1247 1125 1282 ἀθύμει
1136 1256 1142 1262 ·
1160 1248 1293 1283 εὖρώστει
1305 1248 1354 1275 καὶ
1365 1248 1402 1284 μὴ
1410 1248 1548 1285 ἀῤῥώστει
1557 1258 1564 1265 ·
1578 1249 1707 1284 πρόνοιαν
1720 1249 1814 1276 ποιοῦ-

1025 1303 1058 1320 σα
1080 1294 1131 1329 τῆς
1156 1294 1263 1327 εὐεξίας
1288 1294 1335 1321 τοῦ
1363 1295 1508 1329 σώματος·
1536 1296 1580 1322 ἵνα
1602 1296 1731 1332 δουλεύῃς
1752 1297 1815 1332 Θεῷ

1025 1341 1194 1376 ἀρκούντως,
1212 1342 1261 1368 καὶ
1273 1341 1372 1377 διὲπῃς
1384 1341 1434 1373 τὰς
1445 1342 1576 1377 ἀδελφάς.
1593 1343 1683 1369 Κοιὶαὶ
1699 1343 1816 1377 ἀδελφαὶ

1025 1388 1107 1414 πάλιν
1123 1396 1129 1402 ’
1148 1387 1216 1424 πρὸς
1230 1388 1316 1420 αὑτὰς
1331 1389 1385 1423 γὰρ
1409 1388 1423 1414 ὁ
1438 1388 1517 1422 λόγος
1535 1390 1730 1426 ἐπιστρέφοιτο
1743 1398 1750 1406 ·
1772 1390 1816 1416 ἴνα

1026 1434 1150 1460 ἕπωνται
1166 1434 1237 1460 κατὰ
1254 1435 1345 1469 λόγον,
1357 1434 1406 1462 καὶ
1419 1435 1621 1469 ποιμαίνωνται
1633 1436 1796 1470 θεοπρεπῶς
1807 1455 1815 1468 .

1028 1480 1058 1506 σὲ
1089 1481 1170 1515 μόνον
1187 1481 1387 1513 ἁναπνέουσαι,
1414 1481 1462 1507 καὶ
1484 1481 1514 1507 σὲ
1546 1482 1653 1517 μητέρα
1682 1482 1817 1518 ἀληθινὴν

1027 1527 1220 1561 γνωρίζουσαι,
1237 1527 1285 1554 καὶ
1297 1527 1446 1562 συγγόνους
1459 1528 1586 1562 ἀψευδεῖς
1601 1529 1731 1564 ἀλλήλας.

1064 1573 1151 1599 Ὅπου
1170 1574 1224 1608 γὰρ
1238 1575 1254 1608 ἡ
1269 1573 1383 1608 τοιαύτη
1401 1574 1541 1609 συμψυχία
1561 1575 1706 1610 πάρεστιν,
1726 1577 1788 1602 ἐκεῖ
1805 1576 1819 1602 ὁ

1027 1619 1145 1654 Χριστὸς
1160 1620 1190 1646 ὲν
1207 1620 1292 1654 μέσῳ,
1305 1620 1378 1655 καὶὴ
1402 1621 1527 1655 μακαρία
1540 1621 1599 1656 ζωὴ
1613 1621 1794 1657 τελειουμένη
1810 1629 1817 1636 '

1030 1665 1168 1700 μακαρίαν
1181 1666 1236 1701 γὰρ
1247 1666 1319 1701 ζωὴν
1336 1667 1439 1693 εἴλοντο
1450 1667 1600 1701 παρθενίαν
1612 1668 1818 1702 ἁσπασὰμεναι,

1029 1711 1077 1738 καὶ
1099 1712 1217 1747 Χριστὸν
1247 1713 1363 1747 νυμφίον
1383 1712 1505 1748 ἔχουσαι,
1517 1714 1564 1740 καὶ
1592 1714 1642 1740 οὐκ
1668 1715 1819 1750 ὲπικήρους

1031 1759 1186 1793 μνήστορας
1202 1766 1208 1773 ⁸
1223 1756 1260 1785 ὧν
1275 1760 1291 1792 ὴ
1309 1759 1441 1794 συνάφεια
1463 1761 1591 1796 ὀδυνηρὰ,
1606 1761 1652 1787 καὶ
1677 1762 1693 1796 ἡ
1721 1761 1820 1797 μικρὸν

1030 1803 1145 1837 ὕστερον
1180 1803 1316 1836 διάζευξις
1351 1804 1554 1839 ἀλγεινοτὲρα·
1587 1805 1616 1831 ὃν
1641 1806 1669 1832 δὲ
1700 1806 1820 1841 νυμφίον

1029 1850 1122 1883 ἔχουσι
1135 1849 1263 1884 Χριστὸν,
1281 1849 1380 1876 οὔποτε
1399 1850 1567 1885 ἀποθνήσκει
1579 1858 1586 1865 ·
1607 1851 1675 1878 ἀλλὰ
1699 1851 1748 1878 καὶ
1761 1851 1819 1886 ζωή

1030 1896 1088 1922 ἐστι
1103 1896 1157 1922 τῶν
1173 1896 1304 1923 ἁπάντων
1321 1905 1327 1912 ·
1344 1897 1391 1923 καὶ
1407 1897 1655 1923 συνειςελεύσονται
1669 1897 1753 1932 αὐτῷ,
1772 1906 1821 1932 τη-

1033 1941 1127 1977 ροῦσαι
1142 1942 1173 1968 τὸ
1185 1942 1350 1977 ἐπάγγελμα
1363 1944 1413 1978 τῆς
1428 1943 1566 1979 νηστείας,
1581 1944 1620 1975 εἰς
1630 1945 1676 1970 τὸν
1691 1944 1820 1979 οὐράνιον

1030 1988 1162 2022 νυμφώνα
1175 1996 1182 2005 ’
1192 1989 1239 2015 καὶ
1263 1990 1436 2023 φαγὲτωσαν,
1451 1990 1499 2016 καὶ
1521 1991 1668 2023 πιέτωσαν,
1683 1991 1729 2016 καὶ
1751 1991 1821 2017 ἐνδι-

1030 2034 1231 2066 δυσκὲσῡωσαν,
1243 2036 1291 2062 καὶ
1304 2036 1318 2062 ὅ
1335 2045 1360 2062 τι
1376 2036 1410 2062 ἂν
1423 2035 1487 2063 ἄλλο
1498 2036 1628 2071 χρειῶδες
1643 2037 1820 2071 λαμϐανέτω-

1032 2089 1083 2107 σαν
1099 2082 1168 2116 προς
1184 2081 1236 2115 τῆς
1249 2081 1421 2116 εὐδιακρέτου
1437 2090 1484 2108 σου
1508 2082 1662 2116 Beneﬁcia;
1677 2091 1684 2097 ·
1702 2083 1819 2118 ἐπείπερ

1032 2126 1114 2162 φησὶν
1127 2128 1141 2153 ὁ
1166 2127 1327 2158 Ἀπόστολος
1340 2135 1346 2140 ·
1361 2127 1461 2160 Οὕτως
1477 2129 1654 2162 Ιμειρόμενοι
1664 2128 1757 2162 ὑμῶν,
1772 2130 1820 2155 εὑ-

1031 2172 1182 2207 δοκοῦμεν
1203 2173 1381 2207 μεταδοῦναι
1401 2175 1483 2209 ὑμῖν,
1500 2176 1535 2200 οὺ
1550 2175 1647 2209 μόνον
1673 2175 1706 2201 τὸ
1725 2176 1820 2210 Εὐαγ-

1029 2219 1131 2253 γέλιον
1148 2219 1202 2246 τοῦ
1226 2219 1310 2252 Θεοῦ,
1332 2220 1412 2247 ἀλλὰ
1434 2220 1483 2247 καὶ
1505 2221 1558 2254 τὰς
1575 2221 1691 2247 ἑαυτῶν
1705 2220 1818 2255 ⁴ψυχάς.

1030 2265 1119 2292 Μόνον
1148 2266 1439 2301 ὀμογνωμονείτωσαν,
1466 2268 1719 2303 συμφρονείτωσαν,
1755 2269 1820 2304 μίαν

1030 2310 1120 2346 ψυχὴν
1151 2311 1285 2346 ἔχουσαι,
1311 2312 1340 2338 ἓν
1369 2312 1487 2348 Θέλημα,
1506 2314 1594 2340 πάντα
1622 2314 1709 2347 κοινὰ,
1736 2314 1820 2349 μηδὲν

1033 2354 1195 2389 ἰδιόκτητον,
1213 2356 1298 2392 μηδὲν
1319 2357 1507 2393 ἑτερόγνωμον
1522 2367 1529 2374 ·
1544 2359 1593 2385 καὶ
1606 2359 1637 2385 τὸ
1651 2360 1707 2386 πᾶν
1723 2360 1820 2391 αὑταῖς

1032 2401 1081 2436 τῆς
1102 2401 1241 2437 σωτηρίας
1263 2402 1450 2437 ἐξείργασται·
1482 2405 1529 2430 καὶ
1550 2405 1564 2431 ὁ
1589 2405 1720 2440 σύντομος
1745 2406 1820 2432 καὶὸ

1031 2447 1175 2481 πάγκαλος
1187 2448 1235 2474 τοῦ
1258 2450 1430 2476 κοινοδιακοῦ
1451 2451 1509 2486 βίου
1531 2452 1632 2488 δρόμος
1655 2453 1819 2488 διήνυσται·

1033 2495 1079 2520 καὶ
1099 2494 1275 2529 χορεύσουσιν
1293 2496 1333 2527 εἰς
1355 2497 1457 2529 αἰῶνας
1473 2498 1528 2524 τῶν
1549 2499 1654 2526 αἰώνων
1682 2501 1751 2535 μετὰ
1773 2500 1820 2527 σοῦ

1032 2540 1081 2573 τῆς
1103 2540 1191 2575 καλῆς
1209 2541 1311 2576 μητρὸς
1329 2543 1376 2569 καὶ
1392 2543 1546 2579 θεόφρονος.
1562 2545 1640 2571 Οὕτω
1657 2545 1711 2580 γὰρ
1724 2547 1754 2572 τὸ
1771 2555 1819 2572 κα-

1034 2584 1079 2611 λὸν
1095 2585 1239 2619 κοινόῆιον,
1256 2588 1303 2614 καὶ
1316 2589 1332 2622 ἡ
1360 2589 1450 2620 καλῶς
1465 2591 1648 2626 ποιμαίνουεα
1667 2592 1820 2628 εὐφρανθή-

1035 2640 1127 2658 σονται
1139 2632 1294 2666 ὁμοδίαιτον
1314 2634 1496 2672 εὐφροσύνην,
1513 2638 1560 2664 καὶ
1577 2638 1684 2665 ἔσονται
1703 2639 1751 2665 σὺν
1767 2639 1820 2665 Κυ-

1037 2677 1086 2712 ρίῳ
1106 2679 1233 2706 πάντοτε.
1253 2679 1327 2715 Αὕτη
1353 2681 1431 2716 ἡμῶν
1460 2683 1476 2718 ἡ
1504 2683 1590 2718 μικρὰ
1614 2684 1661 2710 καὶ
1682 2683 1819 2719 μηδαμινὴ

1035 2724 1228 2759 προσφώνησις
1241 2733 1248 2740 ’
1269 2726 1300 2752 σὺ
1325 2727 1364 2757 δὲ.
1379 2728 1472 2763 κυρία,
1488 2729 1521 2755 τὰ
1543 2729 1647 2764 βραχέα
1676 2730 1820 2766 σπέρματα

1035 2769 1166 2803 λαϐοῦσα,
1189 2772 1254 2806 παρ’
1271 2772 1374 2809 ἑαυτῆς
1396 2774 1514 2809 πρόσθες
1528 2777 1561 2802 τὰ
1582 2776 1759 2803 ἐλλείποντα·
1777 2775 1821 2802 καὶ

1119 2877 1140 2893 ¹³
1156 2877 1166 2905 l
1182 2877 1278 2908 Thess.
1297 2887 1325 2913 n,
1347 2881 1374 2908 8.
