1912 3080
78 131 145 164 1433

674 133 949 165 EPISTOLARUM
965 131 1054 165 iL‘IB.
1075 133 1117 162 ll.

1638 134 1709 166 1434

73 191 276 228 προσεύχεσθαι
296 192 363 228 περὶ
374 192 455 227 ἡμῶν
468 192 522 219 τῶν
535 192 708 227 ἁμαρτωλῶν
725 192 861 227 παρακλή-

917 195 946 218 υι
961 199 1023 226 quae
1037 192 1169 219 docemus
1192 198 1250 224 ore,
1265 198 1296 218 ea
1311 199 1393 226 opere
1407 192 1538 227 perlicere
1553 194 1710 228 conspicia-

73 239 133 274 θητι
149 247 157 254 σ
176 239 220 264 ἵνα
234 235 273 265 ὧν
284 238 373 272 λόγων
387 238 471 273 ἐσμὲν
485 238 652 269 διδάσκαλοι,
669 238 773 265 τούτων
788 240 866 274 ἐνερ-

72 286 128 319 γεῖς
144 285 275 320 ὀφθῶμεν
301 285 458 320 πράκτορες
471 292 479 299 ·
498 285 546 311 καὶ
567 284 700 320 σωθῶμεν
727 285 777 311 σὺν
799 285 864 320 ὑμῖν

72 333 99 358 ἐν
111 334 146 368 τῇ
167 331 296 367 βασιλείᾳ
308 331 363 358 τῶν
375 330 513 366 οὐρανῶν,

210 399 286 427 ΡΛΕ¹
296 399 363 436 (26).
378 414 411 420 -——
426 398 629 433 Κατηχητική.
647 398 742 435 [luat]

918 245 991 271 mur,
1005 245 1037 264 ac
1053 237 1121 265 salvi
1135 235 1276 264 vobiscum
1294 237 1381 264 simus
1392 238 1418 265 in
1434 245 1520 274 regno
1535 239 1683 267 caelorum.

1129 397 1261 425 CXXXV.
1270 386 1305 419 ξ·-
1319 397 1497 427 Catechetica.

462 455 568 481 Pietatis
584 456 731 480 documenta
748 456 822 481 tradit
834 457 860 481 in
871 461 991 482 sacratum
1003 456 1201 488 Quadragesimae
1212 460 1319 488 tempus.

105 510 169 537 Ὀτι
181 510 353 545 ἐπεζήτησεν
374 509 390 545 ἡ
411 510 540 544 τιμιότης
564 518 611 535 σου
625 509 706 544 λόγον
719 510 861 542 νουθεσίας

71 557 146 593 παρὰ
159 557 210 592 τῆς
230 555 426 586 ταπεινώσεως
450 555 529 590 ἡμῶν
542 564 549 570 ·
566 556 614 582 καὶ
635 556 650 582 ὸ
675 555 754 589 λόγος
784 556 863 591 ἡμῶν

71 602 294 638 ἐξουθενημένος,
307 602 353 629 καὶ
377 604 391 629 ὁ
406 602 462 637 βίος
477 602 557 637 ἡμῶν
570 602 754 638 ἡμελημένος.
768 603 864 638 Ὅμως

69 652 108 677 ὅτι
130 651 240 687 ἐρῶμεν
264 651 314 684 τῆς
344 650 483 685 σωτηρίας
504 658 551 676 σου
566 670 573 682 ,
601 650 695 676 καθότι
720 651 768 676 καὶ
792 659 862 686 παρ-

70 696 145 728 θένος
169 693 196 722 εἴ
220 695 314 730 νύμφη
349 695 489 731 Χριστοῦ,
521 695 663 730 κειμήλιον
691 696 836 730 ἁγιότητος
853 716 860 728 ,

71 744 115 770 καὶ
139 741 233 774 καθὼς
258 743 292 768 ὲκ
318 741 508 777 πεποιθήσεως
534 741 674 776 ἐπιζητεῖς
703 742 782 777 ἡμῶν
809 742 858 777 τὴν

70 788 227 815 νουθεσίαν·
240 788 382 822 ἐπιζητεῖς
401 788 431 814 δὲ
458 787 542 822 αὐτὴν
564 787 608 814 διὰ
621 787 669 823 τὴν
688 787 734 814 ἐπὶ
761 787 859 822 θύραις

67 833 257 868 ἐφισταμένην
294 833 375 867 ἁγίαν
401 833 628 868 τεσσαρακοστήν
645 840 651 847 ·
674 833 721 859 καὶ
745 833 762 868 ὴ
792 832 860 867 ἁλη-

68 881 128 915 ῡινὴ
162 879 299 914 παρθένος
320 878 440 914 Χριστοῦ
467 879 517 905 οὐκ
542 879 571 905 ὲν
608 878 728 914 ἡμέραις
754 879 861 913 ἀφωρι-

69 926 195 961 σμέναις,
208 924 265 951 ἀλλ’
284 925 313 950 ἐν
328 924 410 950 παντὶ
425 923 525 959 καιρῷ,
543 923 591 950 καὶ
606 924 635 950 ὲν
651 923 755 959 ἑκάστῃ
770 923 862 959 ἡμέρᾳ

68 973 145 1007 ζητεί
154 971 213 1003 πῶς
227 971 320 1007 ἀρέσει
329 970 367 1005 τῷ
381 971 476 1005 Κυρίῳ
487 970 535 997 καὶ
545 969 663 1005 Νυμφίῳ
675 970 770 1004 αὐτῆς.
785 969 862 1004 Ἔχει

69 1020 96 1046 δὲ
111 1028 140 1045 τι
167 1019 278 1049 πάντως
301 1019 376 1045 καὶὸ
401 1017 455 1044 τῶν
486 1017 618 1052 νηστειῶν
643 1017 739 1052 χρόνος
763 1016 862 1051 ἰδίωμα

70 1062 188 1101 σποῖιδῆς
212 1065 342 1100 ἐναρέτου
363 1065 432 1100 πρὸς
447 1064 491 1091 τὸν
503 1065 564 1090 ὅλον
585 1063 709 1090 ἐνιαυτὸν
726 1072 733 1078 ·
746 1071 861 1098 τοιγαρα

69 1113 124 1144 οὖν¹
138 1109 161 1139 ὧ
173 1112 340 1147 τιμιωτάτη,
355 1111 400 1138 τὸν
416 1111 520 1146 συνήθη
547 1119 594 1138 σου
619 1110 721 1138 κανόνα
738 1110 788 1145 τῆς
814 1111 862 1136 ἀσ-

67 1160 179 1195 κήσεως
191 1159 316 1194 ἐνεργεῖν
331 1158 379 1184 καὶ
390 1157 452 1192 ἄρτι
468 1157 662 1193 προθυμήθητι
681 1165 688 1172 ’
705 1157 735 1183 οὺ
749 1157 803 1191 γὰρ
816 1156 863 1183 δυ-

66 1205 177 1240 νάμεθα
198 1205 336 1240 ὀροθετεῖν
350 1204 428 1231 τοῦτο
442 1204 564 1237 κάκεῖνο,
580 1204 596 1239 ἣ
614 1204 667 1236 σοὶ,
685 1203 700 1239 ἢ
714 1205 774 1235 ταῖς
791 1203 862 1238 μετὰ

69 1252 119 1280 σοῦ
133 1251 381 1286 συνασκουμέναις,
396 1251 439 1278 διὰ
455 1251 486 1277 τὸ
499 1252 582 1286 μήπω
601 1250 700 1276 εἰδέναι
722 1251 772 1286 τὴν
785 1250 862 1282 τάξιν

66 1300 116 1326 καὶ
127 1299 178 1334 τὴν
188 1298 300 1332 ἀγωγὴν
316 1297 405 1332 ὑμῶν.
418 1295 465 1329 Εἷς
480 1297 509 1323 δὲ
524 1298 586 1332 ὅρος
600 1297 647 1322 καὶ
657 1296 746 1323 κανὼν
762 1305 861 1323 κοινω-

68 1344 154 1379 gat-ig;
165 1345 232 1370 πᾶσι
250 1343 502 1379 κεχρεωστημὲνος,
518 1343 566 1369 καὶ
583 1343 702 1377 μάλιστα
722 1343 778 1374 τοῖς
808 1342 858 1368 ἁν-

65 1391 220 1429 ῃρημὲνοις
251 1391 282 1416 τὸ
299 1390 445 1425 μοναχικὸν
461 1389 636 1424 ἐπάγγελμα,
650 1389 680 1415 τὺ
700 1389 784 1424 μηδὲν
808 1388 861 1422 ἔξω

65 1439 124 1465 τῶν
150 1437 365 1472 ἀπαρεσκόντων
388 1436 447 1471 Θεῷ
464 1436 596 1471 πράττειν
620 1436 706 1471 ἡμᾶς,
733 1435 802 1462 ἀλλ’
827 1435 862 1462 ἐν

67 1485 152 1519 φόϐῳ
168 1485 219 1511 καί
243 1484 343 1518 τρόμῳ
361 1483 419 1516 τὴν
434 1484 585 1516 σωτηρίαν
607 1483 692 1517 ἡμῶν
717 1481 861 1517 κατεργά-

67 1532 190 1563 ζὲσοαι·
208 1531 257 1557 καὶ
279 1531 334 1565 γὰρ
349 1530 461 1565 νηστεία
472 1528 585 1564 ἀληθὴς,
603 1530 619 1564 ἡ
648 1528 749 1559 παντὸς
775 1527 860 1554 κο.κοῦ

67 1578 174 1612 ἀποχῆ-
199 1575 403 1611 Νηστεύσωμεν
437 1574 546 1609 πρῶτον
572 1574 622 1608 μὲν
654 1573 708 1600 ἀπὸ
738 1572 785 1599 τοῦ
822 1572 860 1608 μὴ

950 511 1029 543 Quod
1045 510 1199 537 reverentia
1217 514 1261 536 tua
1276 516 1431 536 sermonem
1458 508 1661 536 adhortationis
1675 510 1708 536 ab

916 555 1073 583 humilitate
1085 559 1178 582 nostra
1193 554 1341 590 ﬂagitavit'
1372 562 1422 581 nec
1448 562 1539 582 sermo
1555 560 1650 582 noster
1664 555 1708 582 ul-

916 601 971 628 lius
986 601 1064 636 pretii
1077 605 1127 631 est,
1143 605 1170 627 et
1182 600 1235 627 vita
1251 600 1436 634 despicabilis.
1457 599 1593 633 Quoniam
1615 605 1708 628 tamen

915 647 1075 675 salutisture
1090 647 1232 682 percupidi
1247 654 1354 680 sumus,
1370 651 1514 681 propterea
1530 647 1603 681 quod
1615 652 1643 674 et
1658 647 1709 674 vir-

915 702 949 730 go
960 702 989 721 es
999 693 1100 721 Christi
1117 701 1229 728 sponsa,
1241 693 1379 728 specimen
1395 694 1561 726 sanctitatis,
1579 701 1611 721 ac
1624 693 1708 720 veluti

912 748 945 768 ex
974 740 1074 768 liducia
1090 745 1214 767 nostram
1235 739 1378 766 desideras
1405 739 1648 766 adhortationem:
1668 739 1709 765 id-

912 788 987 814 circo
1028 794 1119 814 autent
1156 787 1295 814 desideras
1328 787 1401 821 quod
1439 787 1522 814 veluti
1555 794 1605 822 pro
1637 787 1707 814 fori—

912 834 965 861 bus
985 838 1058 861 astat
1085 838 1181 861 sancta
1198 833 1413 868 Quadragesima
1431 853 1439 865 .
1461 841 1494 860 ac
1513 841 1578 861 vera
1596 834 1706 869 quidem

914 879 1018 906 Christi
1044 879 1122 914 virgo
1148 887 1201 906 non
1234 880 1316 906 certis
1345 886 1376 906 ac
1393 879 1513 907 deﬁnitis
1536 880 1643 912 diebus,
1659 881 1707 908 sed

914 927 990 954 omni
1005 931 1128 961 tempore
1139 930 1166 953 et
1179 926 1302 960 quolibet
1314 926 1357 953 die
1374 926 1492 953 sollicita
1507 930 1549 953 est
1568 928 1707 961 quomodo

915 973 1021 1008 placeat
1033 972 1149 1000 Domino
1163 979 1195 1000 ac
1210 972 1319 1007 Sponso
1335 980 1395 1000 suo.
1412 972 1497 1000 liabet
1527 978 1618 1000 tamen
1644 982 1706 1013 pm-

916 1019 983 1047 nino
993 1019 1161 1054 jejuniorum
1179 1023 1286 1053 tempus
1300 1019 1465 1053 peculiarem
1480 1018 1533 1045 vim
1546 1020 1705 1053 quamdam,

915 1071 946 1094 ut
963 1066 1084 1093 studium
1097 1070 1178 1093 acuat
1187 1065 1362 1100 capessendae
1371 1073 1418 1100 per
1432 1069 1636 1092 totumannum
1650 1066 1708 1092 vir-

915 1113 991 1141 tutis.
1008 1113 1202 1146 Quamobrem,
1213 1120 1230 1139 o
1248 1112 1490 1144 revereudissima,
1506 1112 1540 1139 da
1556 1112 1628 1139 ultro
1640 1120 1705 1147 ope-

914 1166 973 1185 ram
991 1163 1020 1185 ut
1035 1163 1196 1185 consuetam
1220 1157 1268 1185 tibi
1286 1158 1313 1184 in
1329 1157 1498 1185 monasterio
1511 1157 1620 1185 vivendi
1637 1166 1704 1186 nor-

914 1212 988 1231 mam
1003 1213 1075 1232 nunc
1089 1212 1199 1239 quoque
1218 1208 1312 1231 teneas
1333 1213 1339 1231 :
1356 1211 1446 1238 neque
1459 1204 1532 1231 enirn
1554 1211 1704 1239 possumus

914 1249 968 1277 hoe
983 1250 1024 1277 vel
1037 1249 1103 1276 illud
1119 1249 1245 1282 delinire,
1260 1257 1309 1276 seu
1322 1249 1383 1281 tibi,
1398 1257 1447 1277 seu
1465 1250 1578 1284 reliquis
1594 1259 1656 1285 quae
1666 1255 1707 1278 te-

913 1304 975 1323 cum
993 1300 1166 1329 exercentur,
1191 1296 1264 1331 quod
1280 1301 1371 1323 vestra
1388 1296 1456 1323 mihi
1473 1297 1568 1324 minus
1596 1297 1633 1324 sit
1657 1305 1704 1324 co—

913 1342 988 1376 gnita
1004 1341 1066 1369 vita:
1082 1342 1232 1370 institutio.
1250 1341 1308 1369 Una
1323 1350 1388 1370 vero
1411 1343 1466 1375 lex,
1480 1344 1573 1379 regula
1589 1352 1642 1372 una
1663 1349 1706 1371 est

913 1395 995 1422 quam
1013 1395 1063 1423 par
1089 1394 1132 1416 est
1146 1389 1277 1416 omnibus
1303 1397 1364 1416 esse
1382 1397 1568 1423 communem,
1584 1391 1630 1418 sed
1648 1399 1706 1418 ma-

913 1434 986 1461 xime
1005 1434 1039 1462 iis
1053 1435 1101 1469 qui
1131 1436 1314 1462 tnonasticum
1330 1436 1392 1463 vita:
1407 1436 1560 1463 institutum
1578 1437 1706 1471 profiten-

913 1485 978 1513 tur;
996 1480 1064 1507 nihil
1079 1485 1108 1507 ut
1125 1481 1247 1508 exterius
1262 1488 1375 1516 agamus
1393 1489 1488 1508 eurum
1502 1490 1563 1516 quae
1582 1481 1636 1509 Deo
1652 1482 1706 1509 mi-

912 1534 966 1553 nus
984 1527 1094 1561 placent
1109 1536 1116 1553 :
1131 1527 1176 1553 sed
1199 1528 1226 1554 in
1246 1528 1338 1554 timore
1353 1536 1384 1554 ac
1398 1533 1512 1555 tremore
1523 1528 1640 1555 salutent
1659 1538 1708 1556 no—

913 1577 997 1599 stram
1008 1581 1145 1607 operentur
1155 1573 1203 1600 “3".
1214 1573 1315 1600 Verum
1332 1575 1405 1601 enim
1419 1575 1568 1609 jejunium,
1584 1576 1618 1602 ab
1631 1577 1705 1603 omni

66 1623 267 1656 είςοικίζεσθαι
284 1622 347 1654 τοῦς
361 1622 495 1656 πονηροὺς
514 1620 661 1655 λογισμοὺς
670 1621 697 1646 ἐν
706 1621 739 1655 τῇ
750 1619 860 1654 καρδίᾳ,

915 1619 987 1645 malo
1003 1618 1168 1646 abstinentia
1180 1624 1230 1647 est.
1246 1620 1290 1647 Sic
1302 1620 1385 1655 igitur
1402 1621 1518 1655 primum
1537 1621 1706 1656 jejunemus,

66 1670 220 1698 κάντεῦθεν
234 1668 404 1696 ἀνάπτεσθαι
424 1669 464 1698 είς
476 1666 626 1702 ἐπιθυμίας
638 1666 782 1697 ἐκτύπους.
804 1665 862 1692 Μία.

66 1718 123 1752 γὰρ
135 1715 270 1750 ἐπιθυμία
288 1715 335 1741 καὶ
351 1711 391 1745 εἷς
402 1713 473 1748 ἔρως
489 1713 628 1748 ἀληθινὸς,
642 1713 656 1738 ὁ
669 1711 770 1747 Κύριος
784 1711 862 1746 ἡμῶν

72 1765 182 1798 Ἰησοῦς
204 1761 335 1798 Χριστὸς,
348 1762 361 1787 ὁ
379 1760 461 1791 καλὸς
482 1759 528 1786 καὶ
540 1759 642 1794 ὡραῖος
667 1758 812 1792 Νυμφίος·
831 1754 862 1784 οὗ

65 1811 83 1845 ἡ
107 1808 242 1844 ἐφιεμένη
265 1807 294 1840 ἐξ
327 1806 475 1841 ὁλοκλήρου
499 1805 584 1840 ψυχὴ,
605 1805 680 1839 μισεῖ
701 1804 791 1838 σάρκα
814 1803 861 1830 καὶ

65 1855 138 1892 αἷμα
153 1876 162 1888 ,
179 1855 227 1882 καὶ
251 1855 340 1881 πάντα
353 1852 388 1879 τὰ
401 1852 450 1886 τῆς
465 1851 568 1887 φθορᾶς
585 1850 734 1885 ἰνδάλματα
749 1859 755 1866 ·
772 1850 816 1876 ἀεὶ
833 1849 862 1876 δὲ

66 1903 248 1940 πτερουμένη
271 1901 311 1936 τῷ
338 1901 404 1936 περὶ
433 1899 516 1927 αὑτὸν
544 1898 641 1933 πόθῳ,
657 1896 862 1932 ἀποστρέφεται

67 1951 168 1986 σχεδὸν
179 1950 277 1980 εἰπεῖν,
292 1947 340 1974 καὶ
350 1946 432 1973 αὐτὸν
447 1946 493 1972 τὸν
510 1944 585 1980 ἥλιον
602 1945 670 1979 ὁρᾷν
682 1951 689 1958 ·
705 1943 753 1970 καὶ
765 1942 863 1976 σφαδά-

65 1998 110 2030 {at
132 1996 182 2024 καὶ
205 1994 252 2021 τοῦ
271 1993 396 2028 σώματος
410 1991 534 2026 ἐκϐῆναι,
551 1991 597 2018 καὶ
614 1989 682 2024 πρὸς
696 1989 743 2016 τὸν
761 1987 862 2015 ποθού-

67 2051 153 2079 μενον
177 2040 306 2076 γενέσθαι
320 2048 327 2054 ·
341 2039 410 2073 ὅπερ
433 2037 492 2064 ἐστὶ
518 2037 550 2063 τὸ
573 2035 725 2071 ἀκρότατον
748 2033 862 2070 ὀρεκτὸν

65 2092 125 2121 τοῖς
144 2089 229 2122 λόγου
248 2085 433 2122 μετειληφόσι.
452 2083 655 2119 Νηστεύσωμεν
667 2082 699 2115 δὴ
720 2081 791 2108 κατὰ
805 2080 864 2107 δεύ-

65 2143 148 2170 τερον
165 2134 257 2167 λόγον,
274 2131 322 2159 ml.
345 2131 400 2158 ἀπὸ
417 2130 573 2166 βρωμάτων
591 2127 742 2162 ποσότητὸς
767 2135 796 2153 τε
815 2125 862 2152 καὶ

65 2181 218 2216 ποιότητος
229 2187 236 2194 ·
251 2179 298 2205 καὶ
314 2177 453 2208 τοσοῦτον,
467 2176 567 2203 ὁπόσον
580 2176 597 2211 ή
617 2174 734 2210 δύναμις
748 2173 795 2200 τοῦ
810 2173 862 2200 σώ-

67 2236 158 2264 ματος
184 2226 264 2261 φέρει
279 2234 286 2240 ·
302 2223 370 2258 φησὶ
391 2223 447 2257 γὰρ
469 2223 483 2249 ὁ
510 2221 673 2252 Ἀπόστολος
687 2229 694 2236 ·
711 2221 863 2252 Ἕκαστος

64 2274 170 2306 καθὼς
194 2270 375 2306 προαιρεῖται
397 2268 434 2303 τῇ
449 2268 576 2303 καρδίᾳ,
592 2267 635 2302 μὴ
657 2267 691 2294 ἐκ
709 2267 820 2300 λύπης.
841 2266 861 2299 ἢ

64 2321 102 2352 ἐξ
125 2317 267 2352 ἀνάγκης
280 2325 287 2331 ·
304 2315 338 2342 τὸ
360 2314 466 2349 llapr
484 2314 539 2348 γὰρ
554 2312 656 2349 ἁγαπᾲ
673 2313 688 2339 ό
703 2312 776 2344 Θεός
792 2319 800 2326 ·
815 2311 863 2338 καὶ

64 2365 98 2392 τὺ
109 2363 187 2390 κατὰ
202 2361 330 2396 δύναμιν.
348 2361 434 2387 Τοῦτο
453 2359 482 2386 δὲ
497 2359 544 2385 ἐπὶ
556 2358 604 2385 σοῦ
621 2358 670 2393 τῆς
686 2356 863 2392 καθηγουμέ-

65 2421 119 2448 νης
135 2409 374 2448 κυριολεκτεῖσθμι
391 2407 503 2434 δύναται
521 2415 528 2422 ·
546 2406 592 2433 ἐπὶ
603 2405 632 2432 δὲ
651 2405 700 2440 τῆς
713 2404 863 2438 ἀδελφότη-

66 2447 115 2491 τος
139 2459 193 2485 οὐκ
217 2456 273 2492 ἔχει
288 2447 404 2490 δύνᾶμιν
422 2463 428 2469 ·
445 2454 490 2481 διὰ
514 2454 546 2480 τὸ
570 2452 642 2479 κατὰ
668 2453 716 2487 τὴν
735 2452 790 2478 ὑπὺ
814 2449 862 2477 σοῦ

67 2503 221 2538 δεδομένην
242 2500 366 2533 διάταξιν
380 2500 427 2526 καὶ
446 2499 547 2526 ἐσθίειν
562 2499 609 2525 καὶ
626 2498 725 2529 πίνειν,
744 2497 791 2523 καὶ
814 2496 864 2531 τὴν

68 2547 157 2581 ἄλλην
191 2544 305 2579 ἀγωγὴν
337 2542 408 2570 εἶναι
436 2544 478 2578 ἐφ’
513 2543 642 2578 ἑκάστης,
671 2542 741 2569 ὥστε
756 2541 862 2576 διακρι-

68 2591 150 2618 τικοῦ
167 2590 293 2625 ὅμματός
309 2597 351 2615 σοι
362 2589 441 2624 χρεία
456 2588 652 2624 προσηκόντως
667 2587 700 2614 τὰ
711 2586 864 2618 κατάὑτὰς

70 2638 249 2672 ἔπιθεωρεῖν.
263 2635 367 2667 Κοινῶς
389 2635 417 2661 δὲ
438 2636 486 2662 ἐπὶ
502 2636 579 2666 πᾶσι,
591 2637 621 2660 τὺ
639 2633 791 2669 ἀπέχεσθαι
813 2641 865 2668 μα-

71 2683 231 2718 ταιολογίας
253 2682 395 2718 ἀκαίρου,
423 2681 573 2717 βασκανίας
604 2681 707 2708 ἀτόπου
726 2701 734 2715 ,
765 2679 865 2715 ἀργίας

111 2778 161 2808 ωλι,
172 2775 295 2811 Philipp.
312 2782 343 2807 It,
363 2773 408 2802 18-
449 2774 471 2790 ²⁹
487 2773 510 2802 Π
518 2773 634 2809 Cor._tx,
644 2773 671 2802 7.

914 1669 991 1691 utne
1009 1673 1107 1699 pravas
1124 1665 1308 1701 cogitationes
1326 1667 1420 1693 subire
1436 1667 1461 1693 in
1477 1667 1599 1694 animout
1617 1669 1707 1703 patia-

914 1720 986 1744 mur,
1003 1716 1086 1747 atque
1110 1713 1136 1740 in
1165 1713 1299 1740 scelerata
1315 1713 1415 1741 deinde
1430 1714 1564 1742 desideria
1592 1715 1710 1743 exarde-

914 1766 1002 1786 scere.
1019 1757 1108 1785 Unum
1128 1759 1269 1786 enimvero
1296 1760 1462 1788 desiderium
1491 1765 1518 1788 et
1542 1769 1613 1789 unus
1629 1770 1707 1788 amor

913 1813 1005 1835 verus,
1032 1805 1166 1832 Dominus
1192 1810 1286 1833 noster
1305 1806 1385 1834 Jesus
1411 1807 1551 1840 Christus,
1581 1808 1706 1844 Sponsus

913 1851 1039 1886 egregius
1055 1859 1087 1879 ac
1100 1852 1243 1886 speciosus
1262 1864 1268 1880 ;
1285 1861 1367 1888 quem
1386 1861 1447 1889 quze
1469 1855 1560 1882 anima
1591 1857 1706 1883 omnino

913 1897 1062 1930 desiderat,
1093 1906 1203 1926 carnem
1239 1900 1296 1927 odit
1315 1904 1342 1927 et
1358 1901 1533 1935 sanguinem,
1557 1910 1707 1938 omnesque

912 1951 1004 1971 rerum
1022 1945 1241 1979 corruptibilium
1255 1946 1389 1981 imagines
1408 1956 1415 1974 :
1431 1955 1540 1982 semper
1555 1953 1645 1976 autem
1673 1950 1708 1976 il-

914 1988 967 2016 lius
984 1989 1121 2016 desiderio
1152 1991 1179 2018 in
1196 1991 1312 2018 sublime
1329 1992 1452 2025 evolans,
1480 1993 1590 2028 refugit,
1622 2002 1707 2029 prope

912 2034 1040 2066 dixerim,
1070 2035 1112 2062 vel
1135 2035 1224 2070 ipsum
1239 2036 1339 2063 intueri
1355 2037 1439 2064 solem
1461 2039 1622 2074 :gestilque
1641 2045 1668 2067 et
1691 2048 1707 2067 e

912 2088 1028 2115 corpore
1041 2081 1127 2113 exire,
1145 2085 1172 2108 et
1186 2089 1248 2108 cum
1269 2090 1302 2109 eo
1314 2089 1394 2117 quem
1411 2087 1485 2110 amat
1495 2085 1595 2112 versari
1615 2086 1707 2120 :quod

912 2131 1036 2161 caputac
1052 2134 1161 2154 summa
1180 2132 1306 2155 votorum
1330 2133 1372 2156 est
1394 2129 1427 2156 iis
1445 2129 1598 2164 qui-Verbi
1622 2133 1707 2166 parti-

913 2173 987 2207 cipes
1000 2173 1140 2200 exstitere.
1158 2172 1350 2208 Jejunabimus
1373 2175 1467 2209 utique
1495 2177 1616 2204 secundo
1632 2177 1704 2210 loco,

913 2223 970 2246 tum
988 2220 1139 2254 quantitate
1153 2219 1289 2253 ciborum,
1312 2225 1368 2247 tum
1384 2228 1398 2247 a
1412 2222 1554 2255 qualitate,
1568 2227 1594 2250 et.
1609 2229 1707 2258 quate-

879 2285 901 2312 D
915 2274 967 2293 nus
982 2266 1091 2300 coporis
1108 2267 1180 2294 vires
1190 2266 1291 2293 ferunt.
1306 2267 1431 2294 Aitcnim
1444 2268 1590 2303 Apostolus
1603 2270 1706 2297 :Unus-

916 2312 1023 2346 quisque
1048 2316 1125 2346 prout
1136 2312 1277 2338 destinavit
1290 2313 1317 2339 in
1333 2313 1410 2340 corde
1425 2322 1473 2340 suo
1485 2323 1494 2341 .'
1508 2323 1559 2341 non
1575 2323 1607 2342 ex
1623 2317 1706 2343 tris‘ti-

916 2357 964 2389 tia,
992 2361 1040 2384 aut
1067 2365 1100 2384 ex
1125 2358 1303 2385 necessitate:
1326 2358 1490 2386 hilaritatem
1518 2361 1588 2387 enim
1618 2363 1705 2398 diligit

915 2402 987 2430 Deus
998 2403 1019 2419 ”
1036 2412 1043 2430 :
1059 2408 1086 2431 et
1098 2411 1147 2438 pro
1164 2404 1270 2431 ratione
1283 2405 1392 2432 virium.
1404 2404 1462 2432 Hoc
1476 2414 1540 2433 vero
1557 2407 1584 2434 in
1599 2412 1634 2441 te,
1646 2416 1707 2443 quze

916 2449 1059 2484 praeposita
1079 2457 1120 2481 es,
1137 2449 1275 2484 designari
1294 2451 1422 2479 distincte
1444 2457 1551 2486 potest:
1574 2454 1599 2480 in
1629 2462 1706 2482 soro-

916 2503 977 2522 rum
992 2500 1076 2527 emtu,
1097 2503 1151 2522 non
1166 2499 1256 2530 potest
1272 2504 1279 2522 :
1294 2496 1366 2530 quod
1377 2504 1409 2523 ex
1426 2497 1524 2523 tradita
1534 2497 1582 2523 abs
1594 2503 1619 2524 te
1637 2499 1705 2532 lege,

918 2545 945 2567 et
961 2540 1060 2567 edendi
1076 2545 1104 2568 et
1120 2540 1231 2567 bibendi
1247 2541 1356 2572 modus,
1375 2545 1402 2568 et
1418 2541 1523 2576 reliqua
1543 2542 1650 2568 vivendi
1665 2551 1708 2570 ra—

919 2588 955 2614 tio
971 2587 1142 2622 singularum
1157 2587 1275 2622 pendere
1290 2587 1398 2615 debeat.
1408 2587 1590 2621 Quamobrem
1602 2590 1708 2624 perspi-

918 2633 976 2661 caci
992 2633 1038 2661 tibi
1051 2633 1130 2661 oculo
1145 2638 1188 2661 est
1209 2641 1289 2668 opus,
1301 2638 1330 2660 ut
1347 2642 1408 2668 qua:
1433 2634 1548 2669 singulis
1563 2635 1708 2669 expediant

919 2679 1122 2715 contempleris.
1146 2679 1280 2708 Convenit
1297 2685 1389 2708 autem
1419 2688 1453 2708 ex
1470 2687 1549 2716 aequo
1564 2680 1708 2714 omnibus,
1726 2675 1731 2682 ”

834 2816 949 2846 NOTAE.

111 2873 169 2909 (26)
184 2872 215 2900 In
227 2871 290 2901 cod.
306 2869 373 2906 Reg.
391 2868 440 2904 ον’.
