1912 3080
224 138 292 170 1435
815 136 845 165 8.
865 134 1017 165 ΤΗΕοΒο

1082 132 1255 163 STUDlT/E
1774 133 1834 166 H36

222 193 413 228 intempestiva
427 193 587 228 garrulitate
602 193 752 224 abstinere,
777 192 870 226 inepta
894 189 1008 218 aemula-

1070 189 1208 225 περιέργου
1221 196 1229 204 ο
1250 187 1351 223 μᾶλλον
1364 187 1413 223 μὲν
1421 184 1468 214 οὖν
1477 187 1593 223 ἡσυχίαν
1608 187 1686 222 ἄγειν
1700 186 1834 221 εὔκαιρον·

223 240 306 272 tione,
332 239 421 266 inutili
439 239 496 266 otio
513 248 520 266 :
538 246 571 266 ac
597 239 688 274 potitts
716 237 907 272 tempestivum
922 236 1007 263 silen-

1070 236 1108 262 ιαὶ
1121 235 1201 270 λόγον
1213 233 1379 270 φθέγγεσθαι
1395 233 1491 260 δέοντα
1508 241 1515 249 ·
1532 234 1581 260 καὶ
1591 234 1701 269 ἀγαπᾷν
1717 234 1762 260 καὶ
1773 234 1837 270 στέρ-

223 287 291 312 tium
307 292 428 318 servare,
449 285 524 320 loqui
548 290 710 320 opportune,
732 290 824 311 amare
838 282 954 309 invicem
976 289 1010 308 ac

1070 289 1120 316 (ειν
1139 281 1257 316 ἀλλήλας
1273 280 1344 308 κατὰ
1361 279 1481 316 Κύριον·
1498 280 1547 306 καὶ
1564 280 1654 307 πάντα
1668 280 1747 306 κοινὰ
1762 279 1836 315 ἔχειν,

201 334 206 339 ”
223 330 337 365 diligere
351 331 503 359 secundum
528 331 675 357 Dontinum
690 338 697 356 :
714 334 741 357 et
767 329 868 356 habere
882 334 1008 356 commu-

1070 327 1109 354 cal.
1120 327 1203 363 μηδὲν
1214 326 1443 362 ἀποτεταγμένως
1456 326 1555 353 ἴδιον...
1567 326 1669 353 Asina
1680 327 1747 353 σελ.
1758 329 1791 354 α’.

222 377 267 405 nia
278 378 381 410 omnia,
397 382 424 406 et
438 378 506 405 nihil
519 377 644 413 privatim
661 376 821 411 sepositum.

192 415 195 430 τ
893 423 989 458 (Deest
1005 422 1103 457 pagina
1115 421 1200 457 una.)

372 471 515 499 CXXXVI.
528 486 562 491 —
575 471 710 498 Theodoro
731 474 856 505 stratege.

1221 467 1313 501 PAG’.
1325 482 1360 487 —-
1376 466 1513 501 Θεοδώρῳ
1525 465 1691 502 στρατηγῷ.

818 516 924 548 Lapsum
944 514 1037 541 excitat
1049 516 1079 540 ad
1091 514 1273 547 paenitentiam.

334 568 498 596 Contrarius
526 574 651 596 eventus.
668 568 689 596 0
707 569 908 596 calamitatem!
931 569 1011 602 Quae-

1103 568 1242 604 (27).....,.
1256 567 1315 595 οὖσι
1330 567 1362 594 τὸ
1382 567 1501 595 ἐναντίον
1511 568 1708 603 ἀπαντημα.Ὢ
1721 568 1769 602 τῆς
1780 576 1840 603 συμ-

225 624 288 643 nam
306 616 358 643 ista
369 620 411 642 est
432 615 617 642 involunlaria
643 615 789 643 abductio?
818 623 945 650 quamam
964 623 1012 651 per

1070 615 1148 650 ρορᾶς
1160 614 1216 645 [τίς
1231 613 1301 648 αὕτη
1314 615 1330 648 ἡ
1343 613 1469 645 ἀκούσιος
1480 613 1615 647 ἀπαγωγὴ
1628 611 1688 646 ςτίς
1702 612 1730 638 δὲ
1741 613 1757 648 ἡ
1767 614 1843 647 ἀναγτ

226 662 280 688 vim
300 661 375 688 illata
390 661 575 696 participatio,
591 661 730 689 intentans
754 662 844 689 carnis
859 662 1012 697 periculum

1070 659 1181 694 ιαστικὴ
1199 658 1308 695 μέθεξις
1322 658 1510 685 ἐπαπειλοῦσαι
1536 658 1583 685 τὸν
1600 657 1670 684 κατὰ
1685 657 1774 692 σάρκα
1792 658 1843 685 κίν-

227 708 251 735 ei
271 708 318 742 qui
342 707 411 734 nolit
427 707 623 735 heterodoxum
648 715 744 742 panem
762 708 944 743 participare?
960 708 1014 735 V0—

1070 705 1140 731 Ξυνον
1153 705 1181 731 ὲν
1195 705 1233 740 τῷ
1250 706 1289 740 μὴ
1311 705 1503 741 προαιρεῖσθαι
1521 704 1645 740 μεθέξειν
1658 703 1705 730 τοῦ
1728 704 1843 739 ἑτεροδό-

227 753 376 781 luntarium
388 753 564 786 sacriﬁcium,
585 761 601 780 0
624 753 853 781 christianissima
868 754 1014 789 cogitatio!

1070 751 1110 784 Ξου
1126 752 1209 787 ἄρτου
1226 760 1234 785 ;
1251 751 1441 778 ἐκουσιόθυτον
1459 759 1467 766 ·
1496 747 1518 776 ὣ
1544 749 1786 785 χριστιανικώτατε
1804 749 1844 775 λο-

227 804 329 831 corpus
347 801 375 824 et
389 797 503 832 sanguis
522 797 629 824 Domini
651 798 737 825 nostri
761 797 825 826 Jesu
840 798 952 826 Christi.
970 799 1015 826 Ait

1070 797 1148 832 γισμέ
1165 805 1172 812 ·
1191 797 1220 823 τὸ
1236 796 1315 832 σῶμα
1336 797 1383 823 καὶ
1396 793 1466 831 αἷμα
1482 795 1530 822 τοῦ
1547 794 1651 829 Κυρίου
1664 795 1744 830 ἡμῶν
1764 793 1843 829 Ἰησοῦ

227 843 300 870 enim
322 850 437 878 magnus
449 843 596 878 Apostolus
610 844 643 871 de
656 851 699 877 eo,
716 845 769 877 Qui
787 853 847 871 cum
867 846 894 872 in
928 845 1015 880 forma

1070 843 1195 878 Χριστοῦ.
1209 844 1278 878 Φησὶ
1290 843 1344 878 γὰρ
1357 843 1370 869 ὁ
1383 842 1470 877 μέγας
1497 841 1656 871 ’Δπόστολος
1670 840 1733 875 περί
1750 839 1826 866 αὐτοῦ
1836 847 1842 853 ·

231 889 279 915 Dei
308 894 386 922 esset,
414 897 441 916 se
476 898 529 916 non
558 890 679 924 rapinam
711 891 858 918 arbitratus
891 896 929 918 est
961 901 1016 920 esse

228 935 355 970 wqualem
366 934 420 961 Deo
435 943 444 963 :
459 935 505 962 sed
528 936 695 970 semetipsum
717 937 871 970 exinanivit,
902 937 1016 970 formam

228 981 295 1007 servi
312 981 452 1015 accipiens,
464 982 492 1008 in
518 982 720 1009 similitudinem
746 983 882 1010 hominum
910 983 1014 1018 factus,

227 1032 251 1052 et
267 1026 361 1053 habitu
379 1028 498 1054 inuentus
524 1032 552 1054 ut
570 1028 657 1055 homo.
674 1028 831 1056 Humiliavit
849 1031 1017 1064 semetipsum

229 1072 315 1106 (hctus
341 1073 461 1100 obediena
479 1082 558 1108 usque
587 1074 621 1100 ad
645 1079 764 1107 mortem,
793 1080 905 1102 mortem
928 1080 1016 1102 autem

229 1119 314 1145 crucis
328 1119 370 1146 "‘.
388 1119 522 1151 Quoniam
554 1120 636 1154 igitur
653 1121 835 1148 voluntarium
852 1121 1017 1149 sacriﬁcium

229 1169 257 1191 et
270 1165 425 1193 voluntarie
438 1166 532 1193 datum
554 1165 718 1200 volentibus,
738 1174 791 1194 non
806 1172 898 1199 autem
923 1167 1018 1195 nolen-

230 1210 312 1238 tibus.
331 1210 437 1237 Etcnim
457 1210 590 1239 Dominus
607 1212 665 1246 ipse
685 1212 712 1239 in
727 1212 881 1248 Evangeliis
898 1214 936 1240 ait
955 1221 1019 1248 apo-

229 1256 307 1283 stolis
323 1264 330 1282 :
346 1255 475 1291 Nunquid
496 1261 522 1284 et
545 1265 590 1284 vos
607 1257 688 1285 vultis
705 1259 777 1285 abire
785 1259 826 1285 ὀἳ
844 1264 955 1294 propter
971 1267 1018 1288 eos

230 1302 276 1335 qui
290 1301 346 1336 jam
361 1302 584 1330 discesserantab
594 1310 637 1334 eo,
649 1303 696 1338 qui
707 1303 834 1339 discipuli
847 1305 1017 1332 videbantur:

230 1351 257 1373 ct
283 1348 374 1382 magni
401 1347 474 1375 Petri
500 1349 645 1384 responsio
665 1349 821 1385 hujusmodi
846 1359 852 1377 :
876 1351 918 1377 Ad
942 1360 1019 1386 quem

230 1391 326 1419 ibimus
339 1392 454 1424 ?:Verba
470 1394 531 1422 vita:
551 1396 657 1423 aﬂemaa
668 1396 759 1423 habes.
777 1397 812 1424 Et
833 1405 878 1424 nos
905 1398 1020 1425 credidi-

230 1445 301 1469 mus.
317 1444 341 1466 et
363 1441 543 1474 cognovimus,
558 1442 621 1476 quia
647 1446 674 1468 tu
686 1451 712 1469 es
729 1443 850 1471 Christus
866 1443 953 1471 Filius
970 1445 1017 1471 Dei
1030 1459 1052 1489 ο

230 1484 399 1513 uiveutis‘",
424 1485 458 1514 Et
488 1495 586 1516 rursus
607 1496 723 1524 magnus
739 1489 836 1517 Petrus
852 1491 878 1517 itt
896 1489 1018 1526 Epistula

231 1537 292 1563 sua,
315 1529 470 1559 Voluntaria
483 1541 590 1567 pascere
605 1539 714 1570 oportet
728 1543 779 1562 non
797 1541 885 1563 coacte
899 1537 931 1564 ¹¹.

268 1661 441 1697 Cognoscant
460 1662 575 1697 proinde
591 1664 639 1698 qui
659 1664 782 1691 nolentes
804 1663 830 1691 vi
853 1664 965 1691 trahunt
984 1664 1019 1691 ad

234 1716 313 1736 suam
326 1710 560 1742 communionem,
576 1718 605 1737 se
615 1711 735 1745 gentium
751 1718 826 1738 tnore
838 1711 890 1738 hoc
906 1710 997 1738 facere
1011 1720 1017 1738 :

234 1762 289 1781 tton
315 1762 416 1790 corpus
445 1755 548 1783 Christi
573 1755 647 1790 quod
675 1760 772 1790 sponte
806 1755 928 1783 oblatum
955 1761 1018 1788 est,

234 1801 418 1836 porrigentes,
430 1801 477 1828 sed
492 1806 600 1833 contra,
611 1801 684 1836 quod
695 1802 812 1829 victimae
819 1802 908 1829 'idolis
923 1802 1020 1830 oblatae

234 1846 353 1880 speciem
376 1846 486 1879 habeat,
505 1851 587 1882 prout
602 1852 727 1875 coactum
748 1848 975 1875 est'sacrilicium
991 1849 1019 1875 in

235 1892 414 1920 libationibus
424 1893 542 1920 daemoni
557 1893 678 1928 acceptis
689 1901 751 1928 qua:
765 1894 837 1929 apud
854 1893 929 1929 ipsos
939 1895 1018 1921 liunt.

234 1937 268 1964 Et
281 1946 361 1966 verus
375 1942 417 1966 est
437 1947 538 1970 sermo.
554 1944 581 1966 et
597 1940 797 1967 demonstratio
812 1941 957 1975 perspicua
971 1949 978 1967 :
992 1945 1020 1968 et

234 1991 316 2010 nemo
333 1983 418 2011 audit.
443 1984 496 2011 Sed
511 1984 605 2016 Parce,
620 1985 739 2018 Domine,
763 1993 841 2020 parce
856 1993 865 2012 :
881 1991 906 2012 et
925 1994 956 2013 ne
974 1989 1019 2013 des

233 2029 414 2057 [Hereditatem
440 2036 515 2058 tuam
536 2032 568 2058 ini
582 2032 751 2066 opprobrium
767 2033 968 2067 perfectum",
991 2037 1020 2060 ut

235 2075 336 2103 alicubi
360 2077 399 2103 ait
420 2076 532 2111 quidam
556 2085 571 2104 e
587 2078 740 2113 prophetis.
759 2078 829 2112 Quid
852 2087 916 2106 vero
940 2079 1019 2107 nobis

1069 890 1121 921 ⁸ος
1135 888 1275 923 ἑνμορφῇ
1288 888 1363 915 Θεοῦ
1371 887 1514 922 ὑπάρχων
1533 888 1590 921 οὺχ
1607 886 1765 921 ἁρπαγμὸν
1775 885 1843 920 ἡγή-

1066 943 1140 962 σατο
1170 933 1246 962 εἶναι
1277 935 1330 962 ἴσα
1359 933 1419 966 Θεῴ
1437 941 1444 948 ·
1472 933 1541 960 ἀλλ’
1569 932 1679 959 ἑαυτὸν
1703 932 1844 963 ὲκένωσε,

1063 980 1185 1016 μορφὴν
1199 981 1312 1008 δούλου
1332 980 1433 1007 λαϐὼν
1457 979 1492 1006 ὲν
1512 978 1673 1014 ὁμοιώματι
1691 977 1846 1012 ἀνθρώπων

1067 1028 1237 1061 γενόμενος,
1253 1026 1304 1053 καὶ
1320 1024 1454 1060 σχήματι
1472 1024 1606 1059 εὑρεθεὶς
1623 1025 1663 1057 ὡς
1675 1024 1824 1058 ἅνθρωπος
1837 1030 1844 1037 ‘

1066 1072 1268 1098 ἐταπείνωσεν
1291 1071 1409 1104 ἑαυτὸν,
1427 1072 1588 1106 γενόμενος
1611 1070 1747 1103 ὑπήκοος
1766 1069 1847 1104 μέχρι

1068 1117 1209 1150 θανάτου,
1225 1117 1356 1146 θανάτου
1364 1117 1398 1144 δὲ
1411 1116 1554 1151 σταυροῦ.
1579 1116 1656 1143 Ἐπεὶ
1671 1116 1717 1142 οὖν
1733 1116 1847 1142 ὲκουσιό-

1068 1164 1148 1191 ουτ-ον
1177 1164 1224 1190 καὶ
1242 1164 1428 1190 ὲκουσιόδοτον
1457 1165 1515 1195 τοῖς
1544 1163 1765 1196 ὲθέλουσιν,ὰλλ’
1789 1162 1846 1196 οὐχὶ

1067 1211 1126 1242 τοῖς
1146 1210 1183 1246 μὴ
1207 1210 1340 1237 ἐθέλουσι.
1353 1210 1408 1237 Καὶ
1425 1210 1480 1246 γὰρ
1497 1209 1579 1241 αὐτὸς
1597 1210 1611 1235 ὁ
1624 1209 1729 1244 Κύριος
1755 1211 1782 1235 ἐν
1797 1209 1849 1238 τοῖς

1068 1255 1247 1289 Εὐαγγελίοις
1263 1256 1331 1290 φησὶ
1354 1256 1423 1291 πρὸς
1441 1256 1505 1287 τοὺς
1525 1255 1693 1287 ἀποστόλους
1708 1263 1714 1269 ·
1733 1254 1781 1288 Μὴ
1804 1254 1848 1280 καὶ

1068 1301 1152 1336 ὑμεῖς
1163 1302 1265 1328 θέλετε
1288 1301 1454 1334 ἁπελθεῖν;
1471 1301 1517 1329 διὰ
1531 1302 1597 1333 τοὺς
1619 1301 1670 1337 ἤδη
1688 1301 1849 1332 ἀπελθόντας

1069 1347 1116 1374 ἀπ’
1129 1347 1211 1374 αὑτοῦ
1224 1347 1278 1374 τῶν
1293 1347 1445 1374 δοκούντων
1459 1347 1607 1383 μαθητιᾷν.
1621 1348 1676 1374 Καὶ
1689 1349 1705 1382 ἡ
1717 1347 1793 1383 παρὰ
1807 1347 1848 1373 τοῦ

1071 1393 1189 1428 μεγάλου
1202 1392 1306 1428 Πέτρου
1318 1393 1466 1428 ἀπόκρισις
1479 1393 1568 1420 τοιάδε
1587 1400 1594 1406 ·
1607 1392 1686 1426 Πρὸς
1705 1393 1775 1419 τίνα
1799 1393 1850 1419 ἀπ-

1069 1439 1254 1473 ελευσόμεθα
1266 1447 1276 1470 ;
1290 1438 1419 1472 Ῥήματα
1438 1437 1512 1472 ζωῆς
1531 1439 1653 1466 αιωνιου
1680 1438 1773 1473 ἔχεις.
1801 1437 1850 1466 Kal

1070 1484 1155 1518 ’ἡμεῖς
1178 1485 1429 1518 πεπιστεύκαμεν,
1450 1485 1499 1511 καὶ
1519 1485 1653 1519 ἔγνωμεν
1672 1485 1717 1512 ὅτι
1739 1485 1780 1512 σὺ
1791 1483 1819 1512 εἴ
1836 1486 1850 1510 ό

1070 1530 1197 1564 Χριστὸς
1209 1532 1226 1557 ὁ
1239 1530 1305 1563 Υἱὸς
1314 1531 1367 1557 τοῦ
1378 1530 1451 1557 Θεοῦ
1466 1530 1518 1557 τοῦ
1540 1530 1658 1563 ζῶντος.
1673 1532 1729 1557 Καὶ
1746 1532 1822 1558 πάλιν
1838 1532 1851 1557 ὁ

1072 1576 1158 1611 μέγας
1171 1576 1274 1611 Πέτρος
1297 1577 1326 1602 ἐν
1347 1578 1380 1611 τῇ
1403 1576 1493 1612 οἰκείᾳ
1521 1575 1662 1612 ἐπιστολῇ,
1694 1576 1851 1608 Ἑκουσίως

1071 1622 1238 1656 ποιμαίνειν
1254 1622 1307 1654 δεῖ,
1325 1622 1394 1649 ἀλλ’
1411 1623 1467 1649 οὐκ
1483 1622 1723 1657 ἀναμαστικῶς.

1105 1667 1253 1694 Γνώτωσαν
1267 1666 1313 1694 οὖν
1329 1668 1421 1694 λοιπὸν
1434 1669 1458 1694 οἱ
1474 1667 1623 1703 βιαστικῶς
1637 1668 1768 1700 ἕλκοντες
1787 1669 1852 1704 πρὸς

1070 1713 1120 1748 τὴν
1144 1713 1249 1739 ἑαυτῶν
1263 1713 1407 1740 κοινωνίαν
1417 1714 1481 1746 τοὺς
1497 1715 1535 1749 μὴ
1554 1714 1800 1750 προαιρουμένους.
1815 1714 1851 1744 ὡς

1070 1758 1245 1794 ὲλληνοειδῶς
1259 1759 1338 1786 τοῦτο
1350 1759 1516 1794 πράττουσιν
1528 1768 1536 1775 ’
1552 1761 1583 1787 οὺ
1596 1760 1676 1796 σῶμα
1687 1761 1806 1796 Χριστοῦ
1825 1760 1853 1787 τὸ

1070 1805 1226 1832 ὲθελόθυτον
1248 1806 1426 1841 παρέχοντες,
1442 1806 1511 1833 ἀλλὰ
1533 1807 1689 1834 τούναντίον
1714 1807 1853 1834 εἰδωλοθύ-

1069 1860 1116 1878 του
1127 1851 1187 1887 ἕχον
1199 1852 1329 1886 ἔμφασιν,
1347 1852 1418 1880 κατὰ
1433 1853 1482 1887 τὴν
1498 1853 1628 1880 ἀκούσιον
1647 1853 1694 1880 τοῦ
1722 1853 1853 1888 Θυομένου

1070 1899 1100 1924 ὲν
1113 1898 1173 1928 ταῖς
1183 1897 1243 1924 κατ’
1268 1897 1358 1924 αὐτῶν
1378 1898 1550 1933 φιλοδαίμοσι
1564 1899 1702 1930 σπονδαῖς.
1719 1900 1774 1926 Καὶ
1787 1899 1800 1925 ὁ
1812 1899 1854 1924 λό-

1070 1952 1119 1978 γος
1139 1943 1256 1978 ἀληθὴς,
1272 1944 1318 1970 καὶ
1343 1945 1360 1979 ὴ
1376 1944 1458 1977 δεῖξις
1479 1945 1607 1980 ἐναργὴς,
1635 1945 1684 1972 καὶ
1709 1947 1724 1972 ὁ
1750 1945 1854 1973 ἁκούων

1070 1989 1167 2021 οὐδείς.
1192 1989 1282 2022 Ἀλλὰ,
1295 1990 1408 2024 Φεῖσαι,
1419 1991 1518 2025 Κύριε,
1538 1991 1650 2026 φεῖσαι,
1666 1991 1716 2018 καὶ
1736 1992 1780 2027 μὴ
1798 1991 1854 2023 δῷς

1070 2035 1128 2070 τὴν
1140 2036 1341 2070 κληρονομίαν
1355 2044 1412 2063 σου
1428 2037 1473 2069 εὶς
1487 2036 1602 2070 ὄνειδος
1612 2037 1739 2069 τέλειον,
1757 2037 1795 2068 ὦς
1806 2035 1853 2063 πού

1069 2088 1112 2111 τις
1132 2080 1185 2115 ἔφη
1207 2081 1263 2107 τῶν
1290 2080 1451 2115 προφητῶν.
1464 2081 1497 2107 Τί
1526 2081 1555 2108 δὲ
1578 2082 1657 2117 ἡμεῖς
1681 2078 1855 2115 aﬂuit;th

234 2120 351 2154 eveniet,
364 2129 381 2149 o
397 2121 642 2156 desideratissime,
657 2129 684 2151 et
699 2124 734 2151 ab
749 2125 877 2153 omnibus
895 2126 1018 2153 laudate?

1070 2125 1220 2161 τριπόθητε
1250 2125 1297 2151 καὶ
1325 2125 1503 2161 πανεύφημε;
1520 2127 1666 2162 Εἰρήσεται
1685 2128 1750 2163 γὰρ,
1766 2128 1798 2155 Εἰ
1811 2127 1855 2154 καὶ

235 2167 348 2195 Dicetur
371 2169 444 2196 enim
459 2170 540 2197 nobis
555 2179 562 2197 :
579 2170 718 2205 Siquidem
731 2172 865 2207 asperius.
881 2173 1020 2207 quomodo

235 2213 354 2241 amicitia
367 2215 428 2242 est?
443 2215 580 2243 Cedamus
601 2217 691 2244 adhuc
708 2217 1021 2252 temporuRel‘ormida-

234 2259 325 2288 bimus
342 2265 504 2295 potestatem
522 2262 667 2298 plusquam
688 2264 831 2291 honestum
848 2264 907 2292 est?
924 2265 958 2291 'Et
973 2265 1020 2292 ubi

235 2312 288 2332 vox
307 2305 416 2334 Domini
432 2315 494 2343 qua:
516 2308 641 2337 homines
665 2309 756 2336 timeri
779 2314 862 2342 vetat,
880 2315 908 2337 et
925 2311 1021 2338 statuit

235 2355 264 2378 ut
277 2353 369 2386 potius
385 2354 512 2382 timeatur
531 2355 602 2383 Deus
617 2356 702 2388 solus,
721 2356 748 2383 in
762 2364 817 2391 quo
836 2356 926 2384 omnis
943 2361 1018 2391 pote-

235 2402 293 2424 stas
313 2402 340 2425 et.
359 2399 456 2432 virtus,
470 2408 524 2435 qua
545 2406 635 2436 potest
654 2402 777 2429 animum
799 2406 826 2429 et.
841 2409 941 2437 corpus
955 2410 1019 2437 pcr-

235 2443 300 2471 dere
315 2444 342 2471 in
355 2446 508 2480 gehennam
528 2447 598 2482 ignis
611 2448 654 2474 "‘2
675 2447 733 2475 lleu
753 2448 877 2483 lapsum!
902 2455 918 2476 ο
933 2449 1020 2483 trepi-

235 2489 389 2518 dationem!
418 2492 445 2519 in
473 2493 594 2528 qualibet
624 2502 754 2529 persona,
783 2499 811 2522 et
839 2495 959 2522 maxime
991 2495 1017 2521 in

234 2535 401 2565 Christiano.
423 2538 616 2568 Verumtamen
643 2541 696 2568 huc
716 2541 779 2568 ades
797 2541 907 2572 iterum.
932 2541 1018 2568 amice

235 2588 268 2608 ac
285 2581 396 2610 domine
417 2585 532 2619 optime,
552 2585 713 2617 excitemur,
739 2585 928 2619 pmnilentiam
954 2593 1018 2620 aga-

1071 2171 1248 2206 τραχύτερον,
1269 2171 1328 2202 πῶς
1349 2171 1426 2205 φιλία
1456 2172 1470 2198 ὁ
1483 2172 1581 2207 λόγος;
1601 2173 1794 2209 ἀπαχθειημεν
1819 2173 1856 2208 τῷ

1070 2216 1159 2252 καιρῷ
1175 2217 1216 2243 ἔτι
1233 2225 1240 2232 ·
1257 2217 1450 2252 ὑποπτήξομεν
1467 2218 1516 2253 τὴν
1529 2218 1655 2251 ἐξουσίαν
1671 2219 1755 2246 πλέον
1769 2219 1786 2255 ἦ
1803 2229 1852 2246 κα-

1070 2263 1124 2295 λῶς
1131 2263 1188 2298 ἔχει
1198 2272 1206 2297 ;
1216 2264 1263 2290 καὶ
1281 2264 1356 2299 ποῠὴ
1370 2265 1446 2299 φωνὴ
1461 2265 1507 2291 τοῦ
1522 2266 1625 2301 Κυρίου
1641 2265 1856 2300 ἀπαγορεύουσα

1070 2309 1116 2335 τὸν
1129 2307 1298 2344 ἀνθρώπινον
1314 2310 1406 2343 φόϐον.
1424 2310 1471 2336 καὶ
1491 2310 1592 2345 μᾶλλον
1613 2311 1798 2346 καθορίζουσα
1812 2311 1854 2336 τὸν

1071 2355 1137 2382 Θεὸν
1155 2355 1244 2390 μόνον⁷
1257 2353 1330 2390 ὲφ’ᾧ
1343 2356 1359 2391 ἡ
1371 2356 1446 2382 πᾶσα
1456 2356 1577 2389 ἐξουσία,
1589 2356 1637 2384 καὶ
1649 2358 1666 2391 ὴ
1680 2357 1798 2392 δύναμις
1809 2356 1855 2383 τοῦ

1070 2402 1118 2427 καὶ
1133 2401 1222 2436 ψυχὴν
1235 2402 1282 2427 καὶ
1305 2402 1384 2436 σῶμα
1410 2401 1540 2436 ἐμϐαλεῖν
1560 2402 1600 2433 εἰς
1620 2402 1733 2436 γέενναν
1752 2401 1854 2436 πυρόςς

1069 2447 1122 2474 Φεῦ
1150 2448 1199 2482 τῆς
1228 2447 1438 2482 συμπτώσεωςι
1466 2447 1561 2474 Ἀὃάλε
1580 2448 1629 2482 τῆς
1659 2446 1853 2482 ὑποπτήξεωξι

1071 2494 1114 2528 ἐφ’
1132 2494 1186 2529 ὅτῳ
1203 2491 1250 2520 οὖν
1262 2493 1401 2529 προσώπῳ
1416 2493 1462 2519 καὶ
1479 2492 1597 2527 μάλιστά
1607 2500 1638 2525 γε
1651 2491 1855 2527 χριστιωνύμῳ.

1073 2540 1147 2574 Πλὴν
1163 2540 1239 2574 ὅμως
1252 2539 1332 2575 δεῦρο
1362 2539 1454 2571 πάλιν,
1469 2539 1530 2573 φίλε
1545 2539 1592 2565 καὶ
1608 2538 1686 2573 κύριε
1702 2537 1781 2569 καλὲ,
1793 2538 1856 2563 ἀνα-

1073 2585 1226 2620 κληθῶμεν,
1252 2585 1496 2621 μεταμεληῧῶμεν.
1521 2584 1624 2619 Ἐγγυὺς
1658 2583 1768 2617 Κύριος
1794 2582 1855 2614 τοῖς

234 2635 308 2657 mus.
323 2628 410 2664 Prope
425 2635 464 2657 est
480 2630 608 2658 Dominus
623 2631 800 2666 quwrentibus
815 2630 892 2657 illum
903 2631 952 2664 "“,
971 2639 1018 2659 nec

1075 2631 1216 2665 ζητοῦσιν
1225 2631 1329 2663 αὐτὸν,
1356 2631 1403 2657 καὶ
1420 2631 1450 2657 οὺ
1471 2629 1594 2666 βούλεται
1619 2629 1668 2664 μὲν
1686 2628 1734 2663 τὴν
1749 2628 1854 2655 πτῶσιν

272 2696 311 2733 _'°_"
331 2696 446 2732 Philipp.
463 2705 493 2728 ιι.
509 2699 567 2726 6-8.
605 2700 627 2715 ¹⁰
647 2698 726 2727 Joan.
743 2707 779 2733 Vl,
795 2699 839 2728 68.
879 2699 918 2716 ὀ*
937 2699 1004 2727 ibid.

1103 2700 1125 2716 ¹¹
1147 2699 1156 2727 Ι
1172 2700 1244 2728 Petr.
1262 2708 1289 2733 v,
1305 2700 1333 2728 2.
1372 2700 1410 2716 υ*
1427 2699 1486 2728 .loel
1501 2707 1533 2731 ll,
1549 2698 1593 2726 17.
1631 2698 1654 2714 ¹’
1677 2697 1745 2725 Luc.
1761 2705 1810 2729 xu,
1829 2695 1854 2722 5.

236 2730 277 2747 ³¹⁴¹
289 2731 361 2761 Psal.
377 2730 467 2767 csitv,
484 2734 527 2762 18.
772 2730 777 2733 ⁷
989 2769 1090 2798 ΝΟῊΙΓ

235 2813 330 2876 Ιπίῗτ)
351 2815 390 2844 lbi
408 2816 611 2854 inscriptioncm
626 2826 680 2847 non
694 2817 796 2847 habent
812 2817 920 2848 codices
935 2824 1016 2853 mss;
1040 2817 1087 2847 sed
1102 2818 1182 2847 istam
1202 2822 1377 2855 rcprtcsentat
1389 2817 1474 2846 codex
1485 2815 1586 2852 Regius
1602 2814 1629 2843 in
1641 2813 1730 2843 Indice
1745 2813 1854 2849 Episto-

298 2859 334 2876 ιιι.

298 2859 334 2877 ιιι.
