1912 3080
96 170 165 203 1437

695 172 968 203 EPISTOLARUM
996 173 1070 203 LIB.
1090 172 1131 204 ΙΙ.

1651 172 1719 204 1438

95 227 178 264 ἡμῶν
199 227 273 255 κατά
292 236 319 254 τι
346 226 402 254 τῶν
428 227 663 263 ἁμαρτανομένων
680 235 687 243 ’
704 227 838 260 πεσόντας
855 228 884 255 δὲ

939 228 994 255 vult
1016 228 1126 255 ruinam
1152 231 1275 254 nostram
1301 231 1414 261 propter
1439 226 1552 262 aliquod
1579 234 1723 263 perperam

95 275 146 310 ἐρᾷ
158 274 322 302 ἀνίστασθαι
335 274 408 309 ἡμᾶς
416 274 522 306 θᾶττον,
535 275 582 301 καὶ
598 274 803 310 ἁμαρτάνοντας
827 276 888 302 ὲπι-

96 321 238 356 στρέφειν·
250 321 298 348 καὶ
310 319 389 347 τοῦτο
402 321 497 352 ὁσάκις
509 320 542 348 ἂν
553 321 602 347 καὶ¹
610 321 729 357 συμϐαίη
741 321 812 348 κατά
824 329 887 348 τινα

95 368 277 403 περιπέτειαν
306 366 445 398 ἀϐουλίας.
467 366 547 394 Εἴποι
569 367 592 393 δ’
616 367 650 394 ἂν
668 367 750 402 τυχὸν
769 367 786 402 ὴ
805 366 886 402 τιμία

96 422 143 440 σου
154 413 241 449 ψυχή’
257 413 288 440 '0
305 412 394 448 βαλὼν
409 413 457 439 καὶ
479 412 604 440 ἰάσεται·
620 413 668 439 καὶ
676 410 733 439 οἷον
749 413 780 439 τὺ
794 412 884 439 ὲπιτί-

97 468 160 496 μιον
173 468 182 475 '
198 459 277 487 οὐδὲν
292 459 348 495 γὰρ
366 459 542 495 ἀνιάτρευτον
553 459 782 494 θεραπευόμενον·
792 459 822 486 οὐ
836 458 885 494 βα-

95 507 145 542 ρὺς
161 507 227 542 ὑμῖν
237 507 312 541 ὁτῆς
328 505 449 542 ἰατρείας
464 504 555 539 λόγος.

165 607 242 636 ΡΔΖ¹
257 607 371 644 (28).ξ-
384 607 712 643 Προκοπίῳμονάζσντι.
729 608 822 645 utﬁt]

938 273 1041 301 factum
1054 273 1096 301 “:
1113 273 1159 300 sed
1175 281 1237 300 cum
1254 273 1445 305 ceciderimus,
1460 277 1536 308 optat
1554 282 1605 302 nos
1629 282 1723 302 resur-

937 327 1001 355 gere
1028 318 1190 351 confestim,
1216 323 1243 346 et
1265 323 1411 354 peccantes
1440 319 1562 346 converti
1580 324 1627 347 :ct
1655 320 1723 352 hoc,

935 365 1157 400 quotiescunque
1181 365 1346 400 contigerit,
1375 372 1408 393 ex
1432 365 1554 400 qualibet
1578 366 1724 394 occasione

935 411 1139 446 imprudentiae.
1169 410 1272 438 Dixerit
1300 415 1391 438 autem
1423 410 1542 439 fortasse
1570 412 1723 439 veneranda

937 458 1030 486 anima
1051 464 1097 486 tua
1113 467 1120 486 :
1134 458 1185 491 Qui
1207 459 1344 493 percussit
1356 463 1383 485 et
1400 458 1556 486 sanabit’“
1569 465 1577 485 :
1592 463 1618 486 ct
1634 459 1724 494 possi-

937 504 1001 532 bilis
1017 509 1059 532 est
1083 504 1242 539 poenitentia
1258 513 1264 531 :
1281 504 1348 531 nihil
1364 504 1438 531 enim
1461 504 1615 532 insanabile
1638 504 1662 532 si
1681 512 1724 532 cu-

937 555 1023 578 retur.
1041 549 1100 578 Non
1116 551 1207 586 gravis
1223 550 1301 578 vobis
1315 555 1357 578 est
1376 550 1520 578 medicina:
1537 550 1650 578 mentio.

1083 607 1238 637 CXXXVII.
1253 623 1288 629 -—-
1298 607 1429 642 Procopio
1443 609 1581 635 monacho.

619 664 791 696 Reprehendit,
801 665 867 696 quod
878 667 949 690 extra
960 665 1100 691 coenobium
1110 665 1228 697 degeret.

144 719 216 754 Δρτι
238 719 392 747 ἐπιστέλλω
414 720 447 755 τῇ
475 718 615 754 τιμιότητί
641 728 699 752 σου,
724 719 806 746 ὁπότε
836 720 882 747 τὸν

93 763 220 792 διάκονον
234 764 283 791 τοῦ
291 765 456 800 γράμματος
475 764 542 799 ὲμόν
557 773 587 790 τε
609 764 657 790 καὶ
677 765 723 790 σὺν
742 761 831 800 εὗρον,
849 765 881 791 οὑ

95 811 152 846 μὴν
166 810 237 838 ἀλλὰ
250 811 298 837 καὶ
324 809 545 845 παρορμήσαντά
563 818 597 845 με
610 811 650 841 εἰς
662 810 728 836 αὐτὸ
738 809 828 843 τοῦτο,
844 810 883 842 ὡς

94 858 144 885 καὶ
159 857 211 892 τῆς
226 856 366 888 εὐσεϐείας
382 865 429 883 σου
458 856 544 888 οὕτως
566 856 759 892 ἐπιζητούσης,
775 857 822 883 καὶ
836 865 882 891 φι-

94 903 207 938 λούσης.
231 902 312 929 Ἀλλά
339 903 428 937 χαῖρε,
443 899 465 929 ὦ
480 902 604 938 ἄνθρωπε
625 902 672 929 τοῦ
687 902 766 930 Θεοῦ.
786 903 882 938 Χαῖρε,

96 949 182 983 φίλων
195 949 302 984 ἀριστε,
319 950 366 976 καὶ
378 949 449 984 μάλα
468 949 523 975 τῶν
547 949 677 984 ἀρχαίων.
693 950 788 985 Χαῖρε.
807 947 829 976 ὧ
840 950 884 976 εὺ-
899 943 919 970 Β

94 995 196 1031 λαϐείᾳ
209 994 285 1031 [Reg.
300 999 356 1022 cod.
382 996 396 1022 ό
411 994 561 1031 εὐλαϐείᾳ]
591 995 764 1031 περιϐόητος,
778 996 826 1022 καὶ
854 997 883 1023 ὲν

95 1040 198 1074 γνώσει
225 1040 478 1075 ὲξακουτιζόμενος.
511 1041 567 1068 1Ιοῦ
599 1050 664 1068 ποτε
701 1041 884 1073 ἀπολέλοιπας

96 1087 335 1122 ήμᾶς,τοσούτοις
358 1087 465 1122 χρόνοις
487 1087 650 1123 ὑποκρύψας
675 1097 721 1114 σου
740 1088 770 1114 τὸ
793 1087 884 1123 τίμιον

97 1133 260 1169 πρόσωπονς
280 1134 329 1165 Τίς
340 1133 368 1160 δὲ
382 1134 397 1160 ό
408 1134 509 1169 τρόπος
522 1134 570 1169 τῆς
584 1133 655 1160 κατὰ
668 1134 717 1168 τὴν
728 1133 820 1160 ἑστίαν
834 1142 885 1160 πε-

98 1179 244 1216 ριορίσεώς
255 1188 302 1206 σου
313 1200 321 1212 ,
340 1180 423 1216 μήπω
438 1179 580 1215 προϊόντος
595 1180 643 1206 καὶ
665 1179 884 1215 ὲμφανιζομένου

96 1226 129 1261 δη
134 1226 233 1261 μοσίας
247 1225 296 1252 καὶ
311 1225 412 1260 τρίτον,
429 1225 473 1252 ἵνα
485 1224 788 1261 παρρησιαστικώτερον
796 1225 885 1260 φήσω,

99 1271 203 1306 μᾶλλον
236 1271 287 1306 μὲν
320 1269 367 1298 οὗν
394 1271 662 1306 ἀγαπητικώτερονο
689 1272 800 1306 ἀγάπης
830 1270 885 1306 γὰρ

99 1317 178 1348 ῖδιον,
192 1317 223 1344 τὺ
241 1316 279 1352 μὴ
300 1316 513 1344 ὑποστέλλεσθαι
533 1318 564 1344 ὲν
580 1319 641 1349 ταῖς
657 1317 805 1352 ὠφελίμοις
818 1317 886 1352 πρὸς

97 1361 146 1388 τὸν
154 1361 339 1397 ἀγαπώμενον
350 1362 519 1399 ὑπομνήσεσι
530 1363 587 1396 ’τίς
596 1365 612 1400 ή
620 1364 734 1399 ἐργασία
744 1373 791 1390 σου
798 1363 868 1399 αὕτη
877 1372 884 1379 ·

99 1409 269 1442 πεφευγότος
294 1409 397 1444 κόσμον
412 1409 456 1437 διὰ
473 1409 526 1445 τῆς
544 1410 695 1446 μοναχικῆς
710 1410 886 1442 τελειώσεως,

99 1455 152 1481 καὶ
163 1455 255 1482 οῐκαδε
270 1455 353 1482 πάλιν
368 1456 588 1492 ἀναστρέψαντος
603 1465 611 1472 '
627 1457 753 1488 λυθέντος
778 1456 887 1490 δεσμῶν

99 1500 286 1536 προπαθείας,
294 1501 374 1528 τοῦτο
389 1502 444 1537 γὰρ
459 1503 476 1537 ή
492 1502 627 1538 ἀποταγὴ,
642 1503 689 1529 καὶ
703 1500 781 1534 αὖθις
797 1500 889 1528 δεθέν-

99 1547 190 1581 τοςτῇ
209 1547 366 1581 συνοικήσει
378 1547 428 1582 τῆς
441 1547 539 1581 κυρίας
551 1547 602 1581 τῆς
616 1547 762 1582 ὁμοζύγου,
773 1547 820 1573 καὶ
834 1546 889 1572 τῶν

100 1592 296 1626 θεοφυλάκτων
311 1593 428 1625 τέκνων;
443 1593 491 1620 καὶ
515 1593 529 1620 ὃ
550 1593 591 1620 ἔτι
615 1592 803 1629 ξενικώτερον,
821 1593 890 1619 ἁπο-

99 1639 253 1674 καρθὲντος
270 1637 310 1674 τῷ
329 1638 380 1673 τῆς
399 1639 505 1670 ἑνιαίας
526 1638 600 1673 ζωῆς
626 1638 760 1673 ἰδιώματι,
771 1639 818 1665 καὶ
845 1646 890 1664 τε-

99 1685 260 1716 λειωθέντος
272 1685 313 1720 τῷ
328 1684 391 1720 θείῳ
415 1686 662 1721 μυσταγωγήματι,
679 1686 727 1712 καὶ
744 1683 822 1716 αὖθις
838 1694 890 1711 κα-

102 1730 279 1766 ρηκομῶντος
303 1731 487 1766 ὲρημικοειδεζ
515 1731 694 1766 πολιτεύματι
708 1740 717 1766 ;
730 1732 888 1763 Ἕκαστος,

100 1776 170 1811 φησὶ
197 1776 212 1802 ό
249 1776 421 1808 Ἀπόστολος.
445 1777 480 1804 ἐν
502 1776 540 1811 τῇ
570 1777 690 1810 κλήσει,
718 1776 737 1811 ᾖ
764 1776 889 1810 ἐκλήθη,

97 1823 224 1858 μενέτω.
238 1823 293 1850 Καὶ
310 1823 390 1850 πάλιν
409 1823 523 1859 ἑτέρωθι
534 1831 542 1839 ο
559 1823 755 1857 Ὰπρόσκοποι
771 1823 891 1858 γίνεσθε

101 1869 155 1895 καὶ
174 1869 344 1902 Ἰουδαίοις,
355 1869 406 1896 καί
419 1869 561 1903 Ἕλλησι.
579 1869 629 1896 καὶ
659 1868 697 1904 τῇ
725 1869 891 1903 Ἐκκλησία

99 1915 158 1942 τοῦ
174 1916 259 1943 Θεοῦ.
278 1916 333 1943 Καὶ
354 1915 470 1951 ἀλλαχοῦ
485 1917 565 1943 πάλιν
586 1916 667 1948 αὐτὸς
682 1915 748 1951 περὶ
771 1915 869 1942 ἑαυτοῦ
882 1923 889 1931 ·

102 1963 147 1989 Οῠ
165 1962 208 1997 μὴ
234 1961 319 1997 φάγω
342 1962 415 1996 κρέα
441 1963 485 1995 εις
505 1962 559 1989 τὸν
578 1961 681 1993 αἰῶνα,
701 1962 751 1988 ἵνα
777 1961 820 1996 μὴ
837 1960 891 1988 τὸν

100 2007 241 2042 ἀδελφόν
263 2017 323 2043 μου
343 2008 550 2036 σκανδαλίσω.
564 2008 620 2035 Καὶ
645 2008 762 2039 ἕκαστος
786 2008 818 2038 ἐκ
841 2006 890 2033 τοῦ

103 2055 173 2082 ἰδίου
190 2055 332 2090 σχήματος
353 2054 491 2090 γνώριμον
512 2055 608 2082 ἑαυτὸν
629 2055 786 2090 καθίστησι,
805 2062 890 2089 στρα-

99 2100 206 2136 τιώτης
222 2102 254 2128 ἐκ
271 2101 318 2128 τοῦ
343 2103 438 2137 φορεῖν
464 2101 613 2137 μάχαιραν,
632 2101 744 2133 ἀστικὸς
764 2100 819 2127 ἀπὸ
840 2100 890 2127 τοῦ

101 2147 201 2181 φορεῖν
214 2145 398 2181 περιϐόλαιον.
419 2147 476 2174 Καὶ
490 2146 583 2178 ἁπλῶς
599 2146 713 2178 ἕκαστος
728 2145 820 2181 σχεδὸν
835 2145 891 2172 τῶν

100 2194 132 2220 ὲν
145 2193 252 2228 ἀρχαῖς,
279 2192 296 2228 ἢ
320 2193 440 2228 τέχναις,
466 2193 482 2228 ἢ
510 2193 632 2229 μεθόδοις
659 2193 694 2219 τὰ
718 2193 891 2228 προσήκοντα

100 2239 179 2274 αὑτῷ
197 2239 281 2275 σκεύη
306 2240 468 2275 ἐπιφέρεται
485 2249 492 2256 -
504 2239 567 2266 οὔτε
588 2239 643 2274 γὰρ
662 2239 752 2275 ἰατρὸς
779 2246 892 2274 ποιμαν-

972 720 1070 748 Scribo
1086 727 1160 748 nunc
1179 718 1348 747 excellentiae
1362 723 1425 752 tute,
1444 717 1556 753 quando
1568 717 1725 745 litterarum

935 767 1093 794 ministrum
1122 773 1213 793 meum
1235 769 1366 800 tuumque
1394 769 1491 792 nactus
1515 772 1587 797 sum,
1616 765 1663 799 qui
1689 765 1725 792 ad;

935 813 989 840 hoc
1011 813 1100 847 ipsum
1124 812 1208 839 etiam
1234 819 1278 838 me
1296 811 1448 846 instigavit,
1476 811 1553 846 quasi
1571 811 1656 845 pietas
1677 816 1724 838 tua

934 859 961 886 id
975 859 1068 893 exigat
1087 862 1114 885 et
1138 862 1221 884 amet.
1243 857 1323 884 Salve
1338 857 1432 892 igitur,
1452 856 1535 883 homo
1549 856 1606 883 Dei.
1631 855 1720 888 Salve,

935 904 1088 931 amicorum
1109 903 1224 938 optime,
1243 907 1270 930 et
1286 903 1396 938 quidem
1419 902 1611 929 vetustiorum.
1629 901 1720 934 Salve.

933 949 1014 985 cujus
1032 949 1244 983 circumspectio
1261 953 1289 976 et
1309 948 1426 976 scientia
1449 948 1476 974 in
1500 955 1548 975 ore
1568 952 1594 974 ct
1609 947 1723 975 auribus

934 1001 977 1024 est
997 996 1132 1023 omnium.
1156 995 1273 1023 Ubinam
1292 995 1400 1022 tandem
1426 1001 1476 1022 nos
1502 994 1658 1026 deseruisti,
1684 999 1723 1022 tot

935 1042 1014 1070 annis
1031 1042 1202 1070 abscondens
1228 1041 1417 1069 bonorandam
1434 1039 1530 1068 faciem
1549 1041 1642 1067 tuam?
1656 1040 1723 1072 Quis

935 1096 1018 1124 porro
1033 1088 1079 1116 hic
1094 1089 1204 1120 modus.
1225 1095 1281 1123 quo
1294 1093 1320 1115 te
1337 1087 1409 1114 intra
1424 1086 1536 1114 domum
1549 1086 1722 1117 conclusisti,

936 1142 1071 1170 nusquam
1088 1135 1216 1170 prodiens
1228 1138 1255 1160 et
1277 1141 1411 1168 apparens
1426 1132 1555 1168 publice?
1569 1132 1608 1159 Ac
1630 1131 1722 1163 tertio,

936 1184 968 1208 ut
984 1180 1097 1207 liberius
1115 1180 1223 1215 loquar,
1241 1178 1282 1206 Vel
1300 1179 1403 1213 potius,
1429 1182 1458 1205 ut
1474 1178 1625 1209 amantius,
1643 1184 1722 1204 amo-

936 1226 975 1254 ris
999 1225 1131 1260 siquidem
1154 1224 1295 1260 proprium
1311 1229 1363 1256 est,
1386 1230 1440 1250 non
1462 1222 1627 1250 subtrahere
1648 1229 1678 1248 se
1695 1221 1723 1248 in

936 1272 1098 1309 opportunis
1110 1279 1175 1306 erga
1190 1278 1254 1298 eum
1275 1278 1355 1305 quem
1376 1277 1452 1297 ames
1467 1268 1700 1296 admonitionibus
1715 1276 1722 1294 :

936 1327 1062 1356 quaenam
1079 1322 1123 1346 tua
1142 1318 1238 1345 istluec
1257 1316 1355 1351 agendi
1374 1316 1456 1348 ratio,
1481 1321 1510 1342 ut
1524 1315 1571 1350 qui
1590 1314 1724 1342 mundum

936 1374 986 1402 per
1011 1365 1193 1393 monasticam
1218 1363 1416 1399 perfectionem
1442 1361 1587 1397 elfugeras,
1611 1361 1723 1388 domum

937 1413 1036 1441 iterum
1051 1413 1090 1440 sis
1101 1419 1229 1440 reversus
1244 1420 1251 1437 :
1266 1411 1313 1446 qui
1326 1409 1502 1437 aﬂ'ectionum
1515 1409 1624 1436 vincula
1640 1415 1725 1436 crue—

937 1468 1001 1493 ras;
1016 1460 1068 1486 hoc
1084 1459 1157 1486 enim
1182 1463 1221 1486 est
1241 1456 1429 1488 renuntiatio;
1446 1456 1565 1483 dominae
1586 1455 1724 1490 conjugis.

938 1511 965 1534 et
981 1507 1036 1533 Deo
1052 1506 1198 1533 charorum
1224 1504 1372 1531 liberorum
1399 1502 1602 1530 cohabitatione
1625 1502 1724 1529 iterum

939 1551 1121 1586 astringaris?
1152 1550 1201 1581 Et.
1230 1549 1302 1584 quod
1332 1548 1496 1582 stupendum
1526 1547 1632 1581 magis,
1662 1546 1725 1581 qui,

940 1598 1013 1633 quod
1028 1597 1157 1625 solitaria:
1168 1596 1230 1623 vitae
1242 1595 1359 1630 insigne,
1374 1595 1508 1622 detonsus
1522 1594 1624 1627 fueras,
1641 1598 1668 1620 et
1686 1593 1726 1620 di-

941 1646 1004 1672 vina
1032 1644 1186 1671 initiatione
1211 1647 1408 1673 consecratus,
1438 1640 1602 1676 promissam
1629 1647 1726 1666 rursus

941 1697 1048 1717 comam
1064 1689 1123 1716 alas
1141 1689 1169 1716 in
1192 1695 1295 1715 morem
1319 1686 1517 1714 eremitarum?
1533 1684 1726 1720 Unusquisque.

941 1736 979 1763 ait
1002 1735 1161 1770 Apostolus,
1179 1734 1207 1760 in
1229 1741 1283 1768 qua
1297 1733 1434 1760 vocatione
1455 1736 1562 1758 vocatus
1583 1735 1632 1762 est,
1648 1731 1676 1757 in
1695 1738 1728 1756 ea

940 1785 1093 1817 permaneat
1103 1780 1135 1807 ".
1147 1779 1179 1807 Et
1195 1780 1294 1807 iterum
1307 1779 1387 1806 alibi:
1400 1778 1463 1805 Sine
1475 1777 1618 1812 offensione
1634 1780 1726 1807 estote,

941 1833 964 1856 et
979 1827 1091 1859 Iudaeis,
1117 1831 1142 1854 et
1157 1826 1287 1862 gentibus,
1311 1831 1336 1852 et
1357 1824 1478 1851 Ecclesia
1500 1824 1548 1850 Dei
1558 1823 1591 1850 ".
1617 1823 1649 1849 Et
1673 1822 1728 1849 alio

941 1881 1052 1901 rursum
1072 1873 1132 1900 loco
1149 1873 1206 1907 ipse
1227 1872 1260 1900 de
1273 1871 1364 1906 seipso
1379 1879 1386 1898 :
1404 1870 1467 1897 Non
1487 1868 1653 1896 manducabo
1668 1876 1729 1894 car-

942 1928 1000 1947 nem
1035 1920 1064 1946 in
1091 1924 1238 1951 a’ternum,
1270 1922 1299 1944 ut
1331 1924 1382 1944 non
1410 1915 1589 1943 scandalizent
1617 1914 1728 1949 fratrem

941 1974 1028 1993 meum
1039 1966 1074 1992 ’⁸.
1090 1965 1124 1992 Ει
1140 1965 1330 2000 unusquisque
1343 1971 1376 1991 ex
1392 1963 1501 1998 propria
1517 1961 1606 1989 forma
1629 1967 1730 1995 cogno-

942 2013 1074 2041 scendum
1095 2019 1125 2040 se
1145 2011 1248 2047 praebet
1265 2020 1272 2038 :
1289 2010 1368 2037 miles
1389 2009 1511 2045 gladium
1537 2013 1663 2043 portans,
1683 2015 1729 2034 ur-

941 2059 1030 2086 banus
1047 2062 1136 2094 togam
1155 2065 1262 2091 gerens.
1278 2056 1367 2091 Atque
1379 2056 1405 2082 in
1424 2062 1532 2082 summa
1549 2053 1650 2089 singuli
1664 2060 1729 2088 pro-

942 2105 1100 2141 pemodum.
1119 2104 1166 2140 qui
1191 2103 1396 2138 magistratum,
1409 2102 1452 2128 vel
1472 2106 1572 2134 artem,
1587 2101 1627 2127 vel
1649 2100 1729 2135 opiﬁ-

943 2152 1015 2180 cium
1030 2150 1140 2186 aliquod
1156 2150 1329 2185 profitentur,
1345 2147 1522 2183 congruentia
1540 2147 1593 2174 sibi
1611 2145 1728 2180 insignia

943 2197 1102 2234 praeferunt.
1120 2196 1176 2224 Nec
1199 2195 1273 2223 enim
1292 2194 1465 2230 pastoritiam
1481 2193 1586 2228 virgam
1607 2192 1729 2219 medicus

943 2244 1104 2279 gestandam
1126 2241 1284 2277 sumpserit,
1309 2247 1360 2268 nec
1384 2243 1478 2274 pastor
1500 2238 1613 2273 proprio
1630 2237 1728 2265 medici

99 2285 184 2321 τικὴν
196 2285 294 2321 ῥάϐδον
309 2285 396 2312 ἕλοιτο
410 2286 554 2321 βαστάζειν
565 2294 573 2301 ·
586 2285 648 2312 οὔτε
671 2286 775 2321 ποιμὴν
802 2287 888 2321 ίατρι⁴

945 2291 1132 2318 instrumento
1155 2295 1268 2316 manum
1290 2285 1452 2314 admoverit.
1471 2285 1549 2318 Quod
1574 2284 1597 2312 si
1613 2283 1671 2311 haec
1693 2283 1728 2310 ita

101 2332 153 2359 κδν
180 2332 298 2368 ϐργανον
323 2333 371 2359 ἐπὶ
399 2333 479 2368 χεῖρα
503 2332 614 2368 Exeat]!
635 2332 664 2359 δὲ
686 2332 773 2359 ταῦτα
791 2332 890 2365 οὕτως,

102 2378 197 2414 πολλῷ
210 2387 243 2413 γε
266 2379 367 2414 μᾶλλον
382 2379 497 2406 ἐπὶτῶν
517 2378 709 2414 πνευματικῶν
738 2380 784 2406 καὶ
813 2379 891 2414 μεγί-

103 2434 179 2453 στων
189 2425 239 2452 οὐκ
262 2426 364 2459 ὀφείλει
380 2435 421 2459 τις
440 2426 516 2462 παρὰ
532 2426 566 2453 τὰ
578 2427 670 2453 οίκεῖα
686 2426 736 2462 τῆς
753 2425 893 2453 καταστά-

105 2479 189 2502 σεως,
205 2469 268 2498 οὒτε
285 2471 336 2507 ζῇν
349 2471 411 2499 οὔτε
429 2472 719 2508 μετασχηματίζεσθαι
732 2480 738 2487 ·
757 2471 800 2498 ἵνα
812 2471 849 2507 μὴ
862 2471 893 2497 τὸ

104 2517 301 2552 ἐπηρτημένον
313 2517 388 2552 παρὰ
394 2516 442 2544 τοῦ
453 2517 556 2553 Κυρίου
567 2518 665 2553 κρῖμα,
679 2517 717 2550 ὡς
729 2517 776 2544 τδν
791 2518 894 2552 κόσμον

105 2562 298 2595 σκανδαλίζων
312 2563 414 2600 ἀποίσῃ
429 2572 437 2579 ·
463 2560 495 2590 οὗ
523 2565 669 2600 φύγοιμεν,
688 2561 710 2591 ὦ
724 2563 872 2600 τριπόθητε
884 2570 892 2578 ·

104 2609 156 2635 καὶ
171 2609 290 2644 μάλιστα
304 2611 386 2645 ἡμεῖς
404 2611 428 2636 οἱ
437 2611 484 2637 καὶ
492 2610 591 2645 γνώσει
599 2611 647 2637 καὶ
657 2609 755 2646 βαομῷ
764 2609 818 2637 τῶν
829 2609 894 2636 πολ-

105 2653 164 2680 λῶν
178 2654 365 2691 διαφέροντες.
384 2656 502 2690 Ἐπειδὴ
510 2657 610 2691 κρίσις
622 2656 771 2691 ἀπότομος
786 2656 820 2682 ἐν
830 2655 894 2688 τοῖς

105 2700 322 2736 ὑπερέχουσιν.
342 2703 368 2729 Ὀ
381 2702 415 2730 δὲ
429 2703 591 2738 ἐλάχιστος
605 2702 811 2738 συγγνωστὸς,
822 2702 894 2730 καθὰ

944 2343 975 2363 se
997 2334 1107 2366 habent,
1125 2333 1211 2360 multo
1236 2339 1303 2360 sane
1325 2331 1412 2366 magis
1437 2331 1466 2357 in
1493 2329 1684 2364 spiritualibus
1703 2334 1730 2356 et

944 2379 1074 2408 maximis
1095 2386 1148 2406 non
1167 2378 1248 2405 debet
1262 2377 1418 2412 quisquam,
1436 2379 1535 2411 praeter
1551 2382 1582 2402 ea
1596 2382 1656 2410 quae
1672 2378 1729 2401 sta-

945 2431 990 2454 tus
1007 2430 1073 2453 sunt
1086 2425 1208 2460 propria,
1223 2424 1267 2451 vel
1281 2424 1308 2450 in
1325 2423 1391 2456 vita,
1402 2422 1445 2450 vel
1460 2422 1488 2449 in
1503 2421 1598 2450 habitu
1616 2424 1730 2448 externo

944 2478 1000 2508 prae
1020 2478 1050 2498 se
1073 2469 1158 2503 ferre,
1180 2476 1216 2496 ne
1240 2468 1400 2503 impendens
1421 2475 1436 2495 a
1459 2467 1575 2494 Domino
1595 2465 1729 2501 judicium

946 2515 1084 2552 perferat,
1111 2519 1244 2550 tanquam
1265 2513 1398 2541 mundum
1421 2512 1623 2541 scandalizans.
1651 2510 1729 2544 Quod

943 2561 1093 2596 fugiamus,
1119 2568 1136 2588 ο
1161 2559 1324 2588 cbarissime
1340 2569 1348 2587 ι
1364 2567 1415 2586 nos
1436 2558 1600 2593 praesertim,
1618 2557 1665 2592 qui
1683 2564 1729 2584 co-

943 2607 1064 2643 gnitione
1074 2611 1102 2634 et
1114 2606 1200 2641 gradu
1213 2606 1282 2633 alios
1295 2606 1376 2641 vulgo
1389 2603 1579 2640 praecellimus.
1596 2602 1729 2635 Quoniam

938 2654 1074 2688 judicium
1094 2653 1268 2680 durissimum
1289 2652 1330 2679 his
1343 2652 1389 2687 qui
1408 2654 1536 2687 prwsunt,
1551 2649 1606 2684 ﬁet.
1623 2644 1729 2684 Exiguo

943 2701 1013 2728 enim
1029 2699 1182 2727 conceditur
1197 2699 1393 2731 misericordia,
1415 2698 1488 2727 sicut
1503 2698 1635 2733 scriptum
1646 2701 1688 2725 est
1695 2696 1728 2724 ’⁷.

143 2801 386 2837 "Ezecthm,
403 2803 447 2830 ll.
485 2803 524 2821 ""
535 2803 685 2842 Osce;v1,4.
723 2803 766 2832 Ἰ⁸1
781 2803 844 2833 Cor.
860 2810 886 2830 vn

939 2802 967 2830 0.
1005 2801 1048 2830 ἰι
1063 2801 1126 2831 Cor.
1138 2810 1165 2837 κ,
1181 2801 1226 2830 52.
1263 2799 1306 2829 ¹⁶Ι
1320 2800 1382 2829 Cor.
1393 2808 1450 2836 vui,
1467 2800 1510 2829 15.
1547 2799 1568 2816 ¹⁷
1581 2797 1646 2835 Sap.
1655 2805 1692 2832 v1,
1702 2797 1728 2826 6.

857 2861 972 2891 NOTAE}.

146 2897 203 2933 (28)
219 2896 249 2926 In
262 2897 324 2927 cod.
344 2898 412 2933 Reg.
427 2898 494 2935 ρνβ’.
