  <div class='ocr_page' id='page_1' title='image "/cluster/home/n/w/nwhite01/storage/ocr_20150623/99/njp.32101010943858/791.png"; bbox 0 0 1912 3080; ppageno 0'>
   <div class='ocr_carea' id='block_1_1' title="bbox 209 142 278 175">
    <p class='ocr_par' dir='ltr' id='par_1_1' title="bbox 209 142 278 175">
     <span class='ocr_line' id='line_1_1' title="bbox 209 142 278 175; baseline 0.043 -3"><span class='ocrx_word' id='word_1_1' title='bbox 209 142 278 175; x_wconf 69' lang='grc'><strong>1439</strong></span> 
     </span>
    </p>
   </div>
   <div class='ocr_carea' id='block_1_2' title="bbox 803 142 1238 174">
    <p class='ocr_par' dir='ltr' id='par_1_2' title="bbox 803 142 1238 174">
     <span class='ocr_line' id='line_1_2' title="bbox 803 142 1238 174; baseline -0.002 -1"><span class='ocrx_word' id='word_1_2' title='bbox 803 144 832 173; x_wconf 86' lang='lat' dir='ltr'><strong>S.</strong></span> <span class='ocrx_word' id='word_1_3' title='bbox 851 143 1048 174; x_wconf 82' lang='lat' dir='ltr'><strong>THEODORI</strong></span> <span class='ocrx_word' id='word_1_4' title='bbox 1064 142 1238 173; x_wconf 78' lang='lat' dir='ltr'><strong>STUDIT/E</strong></span> 
     </span>
    </p>
   </div>
   <div class='ocr_carea' id='block_1_3' title="bbox 1760 136 1829 168">
    <p class='ocr_par' dir='ltr' id='par_1_3' title="bbox 1760 136 1829 168">
     <span class='ocr_line' id='line_1_3' title="bbox 1760 136 1829 168; baseline 0 0"><span class='ocrx_word' id='word_1_5' title='bbox 1760 136 1829 168; x_wconf 71' lang='grc'>1440</span> 
     </span>
    </p>
   </div>
   <div class='ocr_carea' id='block_1_4' title="bbox 203 192 999 236">
    <p class='ocr_par' dir='ltr' id='par_1_4' title="bbox 203 200 990 234">
     <span class='ocr_line' id='line_1_4' title="bbox 203 200 990 234; baseline -0.001 -5"><span class='ocrx_word' id='word_1_6' title='bbox 203 202 238 229; x_wconf 77' lang='lat' dir='ltr'><strong>Et</strong></span> <span class='ocrx_word' id='word_1_7' title='bbox 255 208 365 229; x_wconf 88' lang='lat' dir='ltr'><strong>rursum</strong></span> <span class='ocrx_word' id='word_1_8' title='bbox 383 201 516 228; x_wconf 83' lang='lat' dir='ltr'><strong>Dominus</strong></span> <span class='ocrx_word' id='word_1_9' title='bbox 532 209 538 228; x_wconf 93' lang='lat'><strong>:</strong></span> <span class='ocrx_word' id='word_1_10' title='bbox 554 201 604 228; x_wconf 84' lang='lat' dir='ltr'><strong>Cui</strong></span> <span class='ocrx_word' id='word_1_11' title='bbox 624 200 737 228; x_wconf 84' lang='lat' dir='ltr'><strong>mullum</strong></span> <span class='ocrx_word' id='word_1_12' title='bbox 755 200 846 228; x_wconf 83' lang='lat' dir='ltr'><strong>datum</strong></span> <span class='ocrx_word' id='word_1_13' title='bbox 868 207 917 234; x_wconf 81' lang='lat' dir='ltr'><strong>est,</strong></span> <span class='ocrx_word' id='word_1_14' title='bbox 932 209 990 228; x_wconf 86' lang='lat' dir='ltr'><strong>am-</strong></span> 
     </span>
    </p>
   </div>
   <div class='ocr_carea' id='block_1_5' title="bbox 1051 192 1827 236">
    <p class='ocr_par' dir='ltr' id='par_1_5' title="bbox 1051 192 1827 236">
     <span class='ocr_line' id='line_1_5' title="bbox 1051 192 1827 236; baseline -0.01 -8"><span class='ocrx_word' id='word_1_15' title='bbox 1051 202 1211 236; x_wconf 66' lang='grc' dir='ltr'>γέγραπται.</span> <span class='ocrx_word' id='word_1_16' title='bbox 1222 199 1276 225; x_wconf 77' lang='lat' dir='ltr'><strong>Kal</strong></span> <span class='ocrx_word' id='word_1_17' title='bbox 1290 198 1370 225; x_wconf 79' lang='grc' dir='ltr'>πάλιν</span> <span class='ocrx_word' id='word_1_18' title='bbox 1380 198 1394 224; x_wconf 83' lang='grc' dir='ltr'>ὁ</span> <span class='ocrx_word' id='word_1_19' title='bbox 1406 197 1507 233; x_wconf 83' lang='grc' dir='ltr'>Κύριος</span> <span class='ocrx_word' id='word_1_20' title='bbox 1518 205 1525 212; x_wconf 91' lang='grc'>·</span> <span class='ocrx_word' id='word_1_21' title='bbox 1536 192 1574 231; x_wconf 69' lang='grc' dir='ltr'><strong>’ῼ</strong></span> <span class='ocrx_word' id='word_1_22' title='bbox 1582 194 1724 229; x_wconf 79' lang='grc' dir='ltr'><strong>παρέθετο</strong></span> <span class='ocrx_word' id='word_1_23' title='bbox 1737 193 1827 226; x_wconf 78' lang='grc' dir='ltr'><em>πολὺ,</em></span> 
     </span>
    </p>
   </div>
   <div class='ocr_carea' id='block_1_6' title="bbox 182 246 990 297">
    <p class='ocr_par' dir='ltr' id='par_1_6' title="bbox 182 246 990 297">
     <span class='ocr_line' id='line_1_6' title="bbox 182 246 990 297; baseline 0.002 -25"><span class='ocrx_word' id='word_1_24' title='bbox 182 247 274 297; x_wconf 50' lang='lat' dir='ltr'><strong>\plius</strong></span> <span class='ocrx_word' id='word_1_25' title='bbox 296 247 445 281; x_wconf 71' lang='lat' dir='ltr'><strong>requiratur</strong></span> <span class='ocrx_word' id='word_1_26' title='bbox 467 247 498 273; x_wconf 84' lang='lat' dir='ltr'><strong>ab</strong></span> <span class='ocrx_word' id='word_1_27' title='bbox 526 247 602 274; x_wconf 76' lang='lat' dir='ltr'><strong>eo&quot;.</strong></span> <span class='ocrx_word' id='word_1_28' title='bbox 624 246 664 274; x_wconf 87' lang='lat' dir='ltr'><strong>Ne</strong></span> <span class='ocrx_word' id='word_1_29' title='bbox 683 255 733 276; x_wconf 86' lang='lat' dir='ltr'><strong>nos</strong></span> <span class='ocrx_word' id='word_1_30' title='bbox 757 248 850 282; x_wconf 77' lang='lat' dir='ltr'><strong>igitur,</strong></span> <span class='ocrx_word' id='word_1_31' title='bbox 865 248 990 280; x_wconf 90' lang='lat' dir='ltr'><strong>obsecro,</strong></span> 
     </span>
    </p>
   </div>
   <div class='ocr_carea' id='block_1_7' title="bbox 203 293 990 329">
    <p class='ocr_par' dir='ltr' id='par_1_7' title="bbox 203 293 990 329">
     <span class='ocr_line' id='line_1_7' title="bbox 203 293 990 329; baseline 0 -9"><span class='ocrx_word' id='word_1_32' title='bbox 203 293 250 328; x_wconf 89' lang='lat' dir='ltr'><strong>qui</strong></span> <span class='ocrx_word' id='word_1_33' title='bbox 276 293 323 320; x_wconf 79' lang='lat' dir='ltr'><strong>lux</strong></span> <span class='ocrx_word' id='word_1_34' title='bbox 356 300 418 320; x_wconf 85' lang='lat' dir='ltr'><strong>esse</strong></span> <span class='ocrx_word' id='word_1_35' title='bbox 448 293 596 326; x_wconf 82' lang='lat' dir='ltr'><strong>debemus,</strong></span> <span class='ocrx_word' id='word_1_36' title='bbox 627 301 725 321; x_wconf 91' lang='lat' dir='ltr'><strong>eorum</strong></span> <span class='ocrx_word' id='word_1_37' title='bbox 756 299 853 320; x_wconf 83' lang='lat' dir='ltr'><strong>contra</strong></span> <span class='ocrx_word' id='word_1_38' title='bbox 880 294 928 329; x_wconf 91' lang='lat' dir='ltr'><strong>qui</strong></span> <span class='ocrx_word' id='word_1_39' title='bbox 963 294 990 320; x_wconf 95' lang='lat' dir='ltr'><strong>in</strong></span> 
     </span>
    </p>
   </div>
   <div class='ocr_carea' id='block_1_8' title="bbox 203 339 990 374">
    <p class='ocr_par' dir='ltr' id='par_1_8' title="bbox 203 339 990 374">
     <span class='ocr_line' id='line_1_8' title="bbox 203 339 990 374; baseline 0 -8"><span class='ocrx_word' id='word_1_40' title='bbox 203 339 325 366; x_wconf 73' lang='lat' dir='ltr'><strong>tenebris</strong></span> <span class='ocrx_word' id='word_1_41' title='bbox 344 344 502 371; x_wconf 82' lang='lat' dir='ltr'><strong>versantur,</strong></span> <span class='ocrx_word' id='word_1_42' title='bbox 517 347 532 366; x_wconf 88' lang='lat' dir='ltr'><strong>e</strong></span> <span class='ocrx_word' id='word_1_43' title='bbox 550 347 667 367; x_wconf 86' lang='lat' dir='ltr'><strong>numero</strong></span> <span class='ocrx_word' id='word_1_44' title='bbox 689 340 776 367; x_wconf 88' lang='lat' dir='ltr'><strong>simus</strong></span> <span class='ocrx_word' id='word_1_45' title='bbox 791 349 798 366; x_wconf 89' lang='lat'><strong>:</strong></span> <span class='ocrx_word' id='word_1_46' title='bbox 813 347 873 372; x_wconf 87' lang='lat' dir='ltr'><strong>nec,</strong></span> <span class='ocrx_word' id='word_1_47' title='bbox 891 339 938 374; x_wconf 88' lang='lat' dir='ltr'><strong>qui</strong></span> <span class='ocrx_word' id='word_1_48' title='bbox 957 339 990 366; x_wconf 90' lang='lat' dir='ltr'><strong>ad</strong></span> 
     </span>
    </p>
   </div>
   <div class='ocr_carea' id='block_1_9' title="bbox 204 383 992 418">
    <p class='ocr_par' dir='ltr' id='par_1_9' title="bbox 204 383 992 418">
     <span class='ocr_line' id='line_1_9' title="bbox 204 383 992 418; baseline -0.001 -7"><span class='ocrx_word' id='word_1_49' title='bbox 204 383 401 418; x_wconf 79' lang='lat' dir='ltr'><strong>condiendum,</strong></span> <span class='ocrx_word' id='word_1_50' title='bbox 422 383 500 418; x_wconf 82' lang='lat' dir='ltr'><strong>juxta</strong></span> <span class='ocrx_word' id='word_1_51' title='bbox 528 383 753 418; x_wconf 73' lang='lat' dir='ltr'><strong>Evangelium&quot;,</strong></span> <span class='ocrx_word' id='word_1_52' title='bbox 778 385 919 412; x_wconf 89' lang='lat' dir='ltr'><strong>constituti</strong></span> <span class='ocrx_word' id='word_1_53' title='bbox 945 392 992 412; x_wconf 63' lang='lat' dir='ltr'><strong>suv</strong></span> 
     </span>
    </p>
   </div>
   <div class='ocr_carea' id='block_1_10' title="bbox 205 426 993 463">
    <p class='ocr_par' dir='ltr' id='par_1_10' title="bbox 205 426 993 463">
     <span class='ocr_line' id='line_1_10' title="bbox 205 426 993 463; baseline -0.004 -7"><span class='ocrx_word' id='word_1_54' title='bbox 205 437 286 461; x_wconf 86' lang='lat' dir='ltr'><strong>mus,</strong></span> <span class='ocrx_word' id='word_1_55' title='bbox 313 429 481 456; x_wconf 79' lang='lat' dir='ltr'><strong>infatuetnur</strong></span> <span class='ocrx_word' id='word_1_56' title='bbox 505 435 553 463; x_wconf 87' lang='lat' dir='ltr'><strong>per</strong></span> <span class='ocrx_word' id='word_1_57' title='bbox 577 428 838 455; x_wconf 75' lang='lat' dir='ltr'><strong>inconsiderantiam</strong></span> <span class='ocrx_word' id='word_1_58' title='bbox 864 437 870 454; x_wconf 93' lang='lat'><strong>:</strong></span> <span class='ocrx_word' id='word_1_59' title='bbox 896 426 993 455; x_wconf 83' lang='lat' dir='ltr'><strong>Omnia</strong></span> 
     </span>
    </p>
   </div>
   <div class='ocr_carea' id='block_1_11' title="bbox 205 474 993 509">
    <p class='ocr_par' dir='ltr' id='par_1_11' title="bbox 205 474 993 509">
     <span class='ocr_line' id='line_1_11' title="bbox 205 474 993 509; baseline -0.003 -7"><span class='ocrx_word' id='word_1_60' title='bbox 205 476 311 502; x_wconf 76' lang='lat' dir='ltr'><strong>honeste</strong></span> <span class='ocrx_word' id='word_1_61' title='bbox 329 480 354 501; x_wconf 86' lang='lat' dir='ltr'><strong>et</strong></span> <span class='ocrx_word' id='word_1_62' title='bbox 377 475 518 501; x_wconf 79' lang='lat' dir='ltr'><strong>secundant</strong></span> <span class='ocrx_word' id='word_1_63' title='bbox 543 475 663 501; x_wconf 78' lang='lat' dir='ltr'><strong>ordinem</strong></span> <span class='ocrx_word' id='word_1_64' title='bbox 677 474 743 508; x_wconf 82' lang='lat' dir='ltr'><strong>ﬁant</strong></span> <span class='ocrx_word' id='word_1_65' title='bbox 754 474 786 506; x_wconf 77' lang='grc' dir='ltr'><strong>³ο,</strong></span> <span class='ocrx_word' id='word_1_66' title='bbox 802 474 902 500; x_wconf 84' lang='lat' dir='ltr'><strong>clamat</strong></span> <span class='ocrx_word' id='word_1_67' title='bbox 919 474 993 509; x_wconf 79' lang='lat' dir='ltr'><strong>Apo-</strong></span> 
     </span>
    </p>
   </div>
   <div class='ocr_carea' id='block_1_12' title="bbox 206 519 993 554">
    <p class='ocr_par' dir='ltr' id='par_1_12' title="bbox 206 519 993 554">
     <span class='ocr_line' id='line_1_12' title="bbox 206 519 993 554; baseline -0.003 -6"><span class='ocrx_word' id='word_1_68' title='bbox 206 521 296 548; x_wconf 79' lang='lat' dir='ltr'><strong>stolus</strong></span> <span class='ocrx_word' id='word_1_69' title='bbox 324 530 330 548; x_wconf 74' lang='grc' dir='ltr'>ε</span> <span class='ocrx_word' id='word_1_70' title='bbox 356 521 450 548; x_wconf 83' lang='lat' dir='ltr'><strong>omnia</strong></span> <span class='ocrx_word' id='word_1_71' title='bbox 484 521 517 547; x_wconf 91' lang='lat' dir='ltr'><strong>ad</strong></span> <span class='ocrx_word' id='word_1_72' title='bbox 543 521 689 547; x_wconf 79' lang='lat' dir='ltr'><strong>utilitatem</strong></span> <span class='ocrx_word' id='word_1_73' title='bbox 718 520 846 554; x_wconf 78' lang='lat' dir='ltr'><strong>proximi,</strong></span> <span class='ocrx_word' id='word_1_74' title='bbox 876 527 929 546; x_wconf 93' lang='lat' dir='ltr'><strong>non</strong></span> <span class='ocrx_word' id='word_1_75' title='bbox 959 519 993 546; x_wconf 84' lang='lat' dir='ltr'><strong>ad</strong></span> 
     </span>
    </p>
   </div>
   <div class='ocr_carea' id='block_1_13' title="bbox 208 565 993 601">
    <p class='ocr_par' dir='ltr' id='par_1_13' title="bbox 208 565 993 601">
     <span class='ocr_line' id='line_1_13' title="bbox 208 565 993 601; baseline -0.003 -7"><span class='ocrx_word' id='word_1_76' title='bbox 208 567 351 594; x_wconf 86' lang='lat' dir='ltr'><strong>damnum.</strong></span> <span class='ocrx_word' id='word_1_77' title='bbox 380 567 490 593; x_wconf 76' lang='lat' dir='ltr'><strong>Etcum</strong></span> <span class='ocrx_word' id='word_1_78' title='bbox 515 567 541 593; x_wconf 89' lang='lat' dir='ltr'><strong>in</strong></span> <span class='ocrx_word' id='word_1_79' title='bbox 564 567 598 594; x_wconf 86' lang='lat' dir='ltr'><strong>iis</strong></span> <span class='ocrx_word' id='word_1_80' title='bbox 623 566 702 601; x_wconf 83' lang='lat' dir='ltr'><strong>ipsis,</strong></span> <span class='ocrx_word' id='word_1_81' title='bbox 722 574 782 601; x_wconf 66' lang='lat' dir='ltr'><strong>quae</strong></span> <span class='ocrx_word' id='word_1_82' title='bbox 803 565 882 592; x_wconf 87' lang='lat' dir='ltr'><strong>nobis</strong></span> <span class='ocrx_word' id='word_1_83' title='bbox 903 565 993 592; x_wconf 85' lang='lat' dir='ltr'><strong>indul-</strong></span> 
     </span>
    </p>
   </div>
   <div class='ocr_carea' id='block_1_14' title="bbox 208 610 993 647">
    <p class='ocr_par' dir='ltr' id='par_1_14' title="bbox 208 610 993 647">
     <span class='ocr_line' id='line_1_14' title="bbox 208 610 993 647; baseline -0.001 -10"><span class='ocrx_word' id='word_1_84' title='bbox 208 617 318 647; x_wconf 75' lang='lat' dir='ltr'><strong>gentur,</strong></span> <span class='ocrx_word' id='word_1_85' title='bbox 340 612 438 639; x_wconf 86' lang='lat' dir='ltr'><strong>scissio</strong></span> <span class='ocrx_word' id='word_1_86' title='bbox 455 613 547 644; x_wconf 78' lang='lat' dir='ltr'><strong>fuerit,</strong></span> <span class='ocrx_word' id='word_1_87' title='bbox 566 612 616 638; x_wconf 92' lang='lat' dir='ltr'><strong>hoc</strong></span> <span class='ocrx_word' id='word_1_88' title='bbox 629 618 740 637; x_wconf 87' lang='lat' dir='ltr'><strong>rursum</strong></span> <span class='ocrx_word' id='word_1_89' title='bbox 756 610 856 637; x_wconf 87' lang='lat' dir='ltr'><strong>clamat</strong></span> <span class='ocrx_word' id='word_1_90' title='bbox 878 617 993 644; x_wconf 86' lang='lat' dir='ltr'><strong>magnus</strong></span> 
     </span>
    </p>
   </div>
   <div class='ocr_carea' id='block_1_15' title="bbox 206 655 994 692">
    <p class='ocr_par' dir='ltr' id='par_1_15' title="bbox 206 655 994 692">
     <span class='ocr_line' id='line_1_15' title="bbox 206 655 994 692; baseline -0.004 -7"><span class='ocrx_word' id='word_1_91' title='bbox 206 658 336 692; x_wconf 79' lang='lat' dir='ltr'><strong>Basilius,</strong></span> <span class='ocrx_word' id='word_1_92' title='bbox 353 666 384 685; x_wconf 87' lang='lat' dir='ltr'><strong>ac</strong></span> <span class='ocrx_word' id='word_1_93' title='bbox 398 663 485 685; x_wconf 88' lang='lat' dir='ltr'><strong>totum</strong></span> <span class='ocrx_word' id='word_1_94' title='bbox 507 665 619 692; x_wconf 86' lang='lat' dir='ltr'><strong>prorsus</strong></span> <span class='ocrx_word' id='word_1_95' title='bbox 635 657 717 684; x_wconf 88' lang='lat' dir='ltr'><strong>Vetus</strong></span> <span class='ocrx_word' id='word_1_96' title='bbox 730 661 756 683; x_wconf 88' lang='lat' dir='ltr'><strong>et</strong></span> <span class='ocrx_word' id='word_1_97' title='bbox 771 656 875 683; x_wconf 85' lang='lat' dir='ltr'><strong>Novum</strong></span> <span class='ocrx_word' id='word_1_98' title='bbox 899 655 994 683; x_wconf 85' lang='lat' dir='ltr'><strong>Testa-</strong></span> 
     </span>
    </p>
   </div>
   <div class='ocr_carea' id='block_1_16' title="bbox 206 703 994 740">
    <p class='ocr_par' dir='ltr' id='par_1_16' title="bbox 206 703 994 740">
     <span class='ocr_line' id='line_1_16' title="bbox 206 703 994 740; baseline -0.005 -8"><span class='ocrx_word' id='word_1_99' title='bbox 206 710 343 737; x_wconf 88' lang='lat' dir='ltr'><strong>mentum,</strong></span> <span class='ocrx_word' id='word_1_100' title='bbox 362 705 388 732; x_wconf 92' lang='lat' dir='ltr'><strong>in</strong></span> <span class='ocrx_word' id='word_1_101' title='bbox 408 705 528 740; x_wconf 83' lang='lat' dir='ltr'><strong>propriis</strong></span> <span class='ocrx_word' id='word_1_102' title='bbox 544 712 681 739; x_wconf 84' lang='lat' dir='ltr'><strong>quemque</strong></span> <span class='ocrx_word' id='word_1_103' title='bbox 701 704 802 731; x_wconf 89' lang='lat' dir='ltr'><strong>linibns</strong></span> <span class='ocrx_word' id='word_1_104' title='bbox 817 711 850 731; x_wconf 87' lang='lat' dir='ltr'><strong>ac</strong></span> <span class='ocrx_word' id='word_1_105' title='bbox 868 703 994 730; x_wconf 89' lang='lat' dir='ltr'><strong>moribus</strong></span> 
     </span>
    </p>
   </div>
   <div class='ocr_carea' id='block_1_17' title="bbox 205 750 995 786">
    <p class='ocr_par' dir='ltr' id='par_1_17' title="bbox 205 750 995 786">
     <span class='ocr_line' id='line_1_17' title="bbox 205 750 995 786; baseline -0.003 -9"><span class='ocrx_word' id='word_1_106' title='bbox 205 758 367 786; x_wconf 79' lang='lat' dir='ltr'><strong>permanere</strong></span> <span class='ocrx_word' id='word_1_107' title='bbox 378 750 510 785; x_wconf 59' lang='lat' dir='ltr'><strong>praecipit.</strong></span> <span class='ocrx_word' id='word_1_108' title='bbox 525 750 617 785; x_wconf 84' lang='lat' dir='ltr'><strong>Neque</strong></span> <span class='ocrx_word' id='word_1_109' title='bbox 632 757 697 776; x_wconf 89' lang='lat' dir='ltr'><strong>vero</strong></span> <span class='ocrx_word' id='word_1_110' title='bbox 714 757 767 782; x_wconf 89' lang='lat' dir='ltr'><strong>me,</strong></span> <span class='ocrx_word' id='word_1_111' title='bbox 778 750 900 781; x_wconf 84' lang='lat' dir='ltr'><strong>domine,</strong></span> <span class='ocrx_word' id='word_1_112' title='bbox 918 757 995 775; x_wconf 82' lang='lat' dir='ltr'><strong>arro-</strong></span> 
     </span>
    </p>
   </div>
   <div class='ocr_carea' id='block_1_18' title="bbox 208 796 994 830">
    <p class='ocr_par' dir='ltr' id='par_1_18' title="bbox 208 796 994 830">
     <span class='ocr_line' id='line_1_18' title="bbox 208 796 994 830; baseline -0.004 -6"><span class='ocrx_word' id='word_1_113' title='bbox 208 801 304 830; x_wconf 68' lang='lat' dir='ltr'><strong>ganter</strong></span> <span class='ocrx_word' id='word_1_114' title='bbox 320 797 347 824; x_wconf 94' lang='lat' dir='ltr'><strong>in</strong></span> <span class='ocrx_word' id='word_1_115' title='bbox 367 801 392 824; x_wconf 90' lang='lat' dir='ltr'><strong>te</strong></span> <span class='ocrx_word' id='word_1_116' title='bbox 410 798 547 824; x_wconf 83' lang='lat' dir='ltr'><strong>invectum</strong></span> <span class='ocrx_word' id='word_1_117' title='bbox 568 797 720 827; x_wconf 79' lang='lat' dir='ltr'><strong>existimes.</strong></span> <span class='ocrx_word' id='word_1_118' title='bbox 743 796 790 824; x_wconf 88' lang='lat' dir='ltr'><strong>sed</strong></span> <span class='ocrx_word' id='word_1_119' title='bbox 803 796 882 823; x_wconf 87' lang='lat' dir='ltr'><strong>valde</strong></span> <span class='ocrx_word' id='word_1_120' title='bbox 897 803 994 822; x_wconf 82' lang='lat' dir='ltr'><strong>aman-</strong></span> 
     </span>
    </p>
   </div>
   <div class='ocr_carea' id='block_1_19' title="bbox 207 843 995 878">
    <p class='ocr_par' dir='ltr' id='par_1_19' title="bbox 207 843 995 878">
     <span class='ocr_line' id='line_1_19' title="bbox 207 843 995 878; baseline -0.001 -9"><span class='ocrx_word' id='word_1_121' title='bbox 207 847 249 869; x_wconf 87' lang='lat' dir='ltr'><strong>ter</strong></span> <span class='ocrx_word' id='word_1_122' title='bbox 274 843 382 877; x_wconf 84' lang='lat' dir='ltr'><strong>potius,</strong></span> <span class='ocrx_word' id='word_1_123' title='bbox 413 847 442 870; x_wconf 80' lang='lat' dir='ltr'><strong>et</strong></span> <span class='ocrx_word' id='word_1_124' title='bbox 466 843 612 871; x_wconf 88' lang='lat' dir='ltr'><strong>studiose:</strong></span> <span class='ocrx_word' id='word_1_125' title='bbox 644 848 673 870; x_wconf 89' lang='lat' dir='ltr'><strong>ut</strong></span> <span class='ocrx_word' id='word_1_126' title='bbox 695 844 742 878; x_wconf 91' lang='lat' dir='ltr'><strong>qui</strong></span> <span class='ocrx_word' id='word_1_127' title='bbox 771 851 832 877; x_wconf 77' lang='lat' dir='ltr'><strong>qua:</strong></span> <span class='ocrx_word' id='word_1_128' title='bbox 857 846 904 869; x_wconf 86' lang='lat' dir='ltr'><strong>tua</strong></span> <span class='ocrx_word' id='word_1_129' title='bbox 929 846 995 869; x_wconf 90' lang='lat' dir='ltr'><strong>sunt</strong></span> 
     </span>
    </p>
   </div>
   <div class='ocr_carea' id='block_1_20' title="bbox 208 887 994 922">
    <p class='ocr_par' dir='ltr' id='par_1_20' title="bbox 208 887 994 922">
     <span class='ocr_line' id='line_1_20' title="bbox 208 887 994 922; baseline -0.003 -8"><span class='ocrx_word' id='word_1_130' title='bbox 208 887 237 914; x_wconf 90' lang='lat' dir='ltr'><strong>in</strong></span> <span class='ocrx_word' id='word_1_131' title='bbox 267 895 310 915; x_wconf 90' lang='lat' dir='ltr'><strong>me</strong></span> <span class='ocrx_word' id='word_1_132' title='bbox 334 888 475 922; x_wconf 78' lang='lat' dir='ltr'><strong>recipiam,</strong></span> <span class='ocrx_word' id='word_1_133' title='bbox 498 888 577 922; x_wconf 84' lang='lat' dir='ltr'><strong>juxta</strong></span> <span class='ocrx_word' id='word_1_134' title='bbox 601 888 745 915; x_wconf 86' lang='lat' dir='ltr'><strong>charitalis</strong></span> <span class='ocrx_word' id='word_1_135' title='bbox 765 887 994 914; x_wconf 87' lang='lat' dir='ltr'><strong>communicatio-</strong></span> 
     </span>
    </p>
   </div>
   <div class='ocr_carea' id='block_1_21' title="bbox 207 933 995 968">
    <p class='ocr_par' dir='ltr' id='par_1_21' title="bbox 207 933 995 968">
     <span class='ocr_line' id='line_1_21' title="bbox 207 933 995 968; baseline -0.001 -9"><span class='ocrx_word' id='word_1_136' title='bbox 207 940 288 966; x_wconf 86' lang='lat' dir='ltr'><strong>nem;</strong></span> <span class='ocrx_word' id='word_1_137' title='bbox 309 937 336 960; x_wconf 86' lang='lat' dir='ltr'><strong>et</strong></span> <span class='ocrx_word' id='word_1_138' title='bbox 347 934 474 968; x_wconf 76' lang='lat' dir='ltr'><strong>pretiosae</strong></span> <span class='ocrx_word' id='word_1_139' title='bbox 492 934 590 961; x_wconf 57' lang='lat' dir='ltr'><strong>animm</strong></span> <span class='ocrx_word' id='word_1_140' title='bbox 605 939 657 961; x_wconf 74' lang='lat' dir='ltr'><strong>tua:</strong></span> <span class='ocrx_word' id='word_1_141' title='bbox 672 933 788 961; x_wconf 82' lang='lat' dir='ltr'><strong>salutem</strong></span> <span class='ocrx_word' id='word_1_142' title='bbox 804 933 911 968; x_wconf 85' lang='lat' dir='ltr'><strong>cupiam</strong></span> <span class='ocrx_word' id='word_1_143' title='bbox 932 939 995 966; x_wconf 87' lang='lat' dir='ltr'><strong>per-</strong></span> 
     </span>
    </p>
   </div>
   <div class='ocr_carea' id='block_1_22' title="bbox 208 979 995 1014">
    <p class='ocr_par' dir='ltr' id='par_1_22' title="bbox 208 979 995 1014">
     <span class='ocr_line' id='line_1_22' title="bbox 208 979 995 1014; baseline -0.003 -8"><span class='ocrx_word' id='word_1_144' title='bbox 208 979 272 1006; x_wconf 88' lang='lat' dir='ltr'><strong>inde</strong></span> <span class='ocrx_word' id='word_1_145' title='bbox 290 987 322 1007; x_wconf 88' lang='lat' dir='ltr'><strong>ac</strong></span> <span class='ocrx_word' id='word_1_146' title='bbox 340 987 441 1007; x_wconf 83' lang='lat' dir='ltr'><strong>meam.</strong></span> <span class='ocrx_word' id='word_1_147' title='bbox 457 980 536 1013; x_wconf 88' lang='lat' dir='ltr'><strong>Quod</strong></span> <span class='ocrx_word' id='word_1_148' title='bbox 561 981 583 1007; x_wconf 89' lang='lat' dir='ltr'><strong>si</strong></span> <span class='ocrx_word' id='word_1_149' title='bbox 604 980 669 1014; x_wconf 90' lang='lat' dir='ltr'><strong>quid</strong></span> <span class='ocrx_word' id='word_1_150' title='bbox 689 985 764 1007; x_wconf 84' lang='lat' dir='ltr'><strong>extra</strong></span> <span class='ocrx_word' id='word_1_151' title='bbox 788 987 870 1014; x_wconf 88' lang='lat' dir='ltr'><strong>quam</strong></span> <span class='ocrx_word' id='word_1_152' title='bbox 891 979 995 1009; x_wconf 85' lang='lat' dir='ltr'><strong>deceat,</strong></span> 
     </span>
    </p>
   </div>
   <div class='ocr_carea' id='block_1_23' title="bbox 208 1023 996 1058">
    <p class='ocr_par' dir='ltr' id='par_1_23' title="bbox 208 1023 996 1058">
     <span class='ocr_line' id='line_1_23' title="bbox 208 1023 996 1058; baseline -0.003 -7"><span class='ocrx_word' id='word_1_153' title='bbox 208 1032 224 1051; x_wconf 87' lang='lat' dir='ltr'><strong>a</strong></span> <span class='ocrx_word' id='word_1_154' title='bbox 239 1031 282 1052; x_wconf 89' lang='lat' dir='ltr'><strong>me</strong></span> <span class='ocrx_word' id='word_1_155' title='bbox 299 1025 401 1052; x_wconf 91' lang='lat' dir='ltr'><strong>dictum</strong></span> <span class='ocrx_word' id='word_1_156' title='bbox 417 1030 477 1058; x_wconf 78' lang='lat' dir='ltr'><strong>est;</strong></span> <span class='ocrx_word' id='word_1_157' title='bbox 498 1025 595 1052; x_wconf 78' lang='lat' dir='ltr'><strong>doceat</strong></span> <span class='ocrx_word' id='word_1_158' title='bbox 611 1025 702 1052; x_wconf 89' lang='lat' dir='ltr'><strong>oratio</strong></span> <span class='ocrx_word' id='word_1_159' title='bbox 717 1031 775 1058; x_wconf 87' lang='lat' dir='ltr'><strong>tua,</strong></span> <span class='ocrx_word' id='word_1_160' title='bbox 791 1023 996 1058; x_wconf 87' lang='lat' dir='ltr'><strong>humilitatique</strong></span> 
     </span>
    </p>
   </div>
   <div class='ocr_carea' id='block_1_24' title="bbox 208 1071 996 1107">
    <p class='ocr_par' dir='ltr' id='par_1_24' title="bbox 208 1071 996 1107">
     <span class='ocr_line' id='line_1_24' title="bbox 208 1071 996 1107; baseline -0.003 -9"><span class='ocrx_word' id='word_1_161' title='bbox 208 1077 311 1099; x_wconf 83' lang='lat' dir='ltr'><strong>nostrae</strong></span> <span class='ocrx_word' id='word_1_162' title='bbox 325 1073 501 1107; x_wconf 78' lang='lat' dir='ltr'><strong>persuadeat,</strong></span> <span class='ocrx_word' id='word_1_163' title='bbox 521 1073 648 1100; x_wconf 83' lang='lat' dir='ltr'><strong>decenter</strong></span> <span class='ocrx_word' id='word_1_164' title='bbox 662 1077 689 1100; x_wconf 88' lang='lat' dir='ltr'><strong>te</strong></span> <span class='ocrx_word' id='word_1_165' title='bbox 701 1079 783 1107; x_wconf 80' lang='lat' dir='ltr'><strong>agere</strong></span> <span class='ocrx_word' id='word_1_166' title='bbox 797 1072 824 1099; x_wconf 90' lang='lat' dir='ltr'><strong>in</strong></span> <span class='ocrx_word' id='word_1_167' title='bbox 840 1071 874 1099; x_wconf 89' lang='lat' dir='ltr'><strong>iis</strong></span> <span class='ocrx_word' id='word_1_168' title='bbox 889 1077 950 1105; x_wconf 80' lang='lat' dir='ltr'><strong>quae</strong></span> <span class='ocrx_word' id='word_1_169' title='bbox 965 1073 996 1097; x_wconf 92' lang='lat' dir='ltr'><strong>ut</strong></span> 
     </span>
    </p>
   </div>
   <div class='ocr_carea' id='block_1_25' title="bbox 208 1117 603 1153">
    <p class='ocr_par' dir='ltr' id='par_1_25' title="bbox 208 1117 603 1153">
     <span class='ocr_line' id='line_1_25' title="bbox 208 1117 603 1153; baseline 0.003 -8"><span class='ocrx_word' id='word_1_170' title='bbox 208 1117 327 1146; x_wconf 88' lang='lat' dir='ltr'><strong>absurda</strong></span> <span class='ocrx_word' id='word_1_171' title='bbox 342 1119 510 1153; x_wconf 86' lang='lat' dir='ltr'><strong>reprehensa</strong></span> <span class='ocrx_word' id='word_1_172' title='bbox 525 1124 603 1146; x_wconf 84' lang='lat' dir='ltr'><strong>sunt.</strong></span> 
     </span>
    </p>
   </div>
   <div class='ocr_carea' id='block_1_26' title="bbox 338 1172 857 1201">
    <p class='ocr_par' dir='ltr' id='par_1_26' title="bbox 338 1172 857 1201">
     <span class='ocr_line' id='line_1_26' title="bbox 338 1172 857 1201; baseline 0.002 -2"><span class='ocrx_word' id='word_1_173' title='bbox 338 1172 505 1200; x_wconf 73' lang='lat' dir='ltr'><strong>CXXXVIII.</strong></span> <span class='ocrx_word' id='word_1_174' title='bbox 521 1189 556 1194; x_wconf 95' lang='lat'><strong>——</strong></span> <span class='ocrx_word' id='word_1_175' title='bbox 570 1173 717 1201; x_wconf 78' lang='lat' dir='ltr'><strong>Theoctisto</strong></span> <span class='ocrx_word' id='word_1_176' title='bbox 732 1173 857 1200; x_wconf 76' lang='lat' dir='ltr'><strong>eremilaz.</strong></span> 
     </span>
    </p>
   </div>
   <div class='ocr_carea' id='block_1_27' title="bbox 1042 239 1828 281">
    <p class='ocr_par' dir='ltr' id='par_1_27' title="bbox 1042 239 1828 281">
     <span class='ocr_line' id='line_1_27' title="bbox 1042 239 1828 281; baseline -0.013 -6"><span class='ocrx_word' id='word_1_177' title='bbox 1042 247 1259 281; x_wconf 77' lang='grc' dir='ltr'>περισσότερον</span> <span class='ocrx_word' id='word_1_178' title='bbox 1279 244 1496 277; x_wconf 78' lang='grc' dir='ltr'>ἀπαιτήσουσι.</span> <span class='ocrx_word' id='word_1_179' title='bbox 1510 243 1556 277; x_wconf 84' lang='grc' dir='ltr'><strong>Μὴ</strong></span> <span class='ocrx_word' id='word_1_180' title='bbox 1583 239 1641 274; x_wconf 80' lang='grc' dir='ltr'>οὖν,</span> <span class='ocrx_word' id='word_1_181' title='bbox 1668 239 1828 276; x_wconf 77' lang='grc' dir='ltr'>παρακαλῶ,</span> 
     </span>
    </p>
   </div>
   <div class='ocr_carea' id='block_1_28' title="bbox 1041 285 1830 329">
    <p class='ocr_par' dir='ltr' id='par_1_28' title="bbox 1041 285 1830 329">
     <span class='ocr_line' id='line_1_28' title="bbox 1041 285 1830 329; baseline -0.01 -10"><span class='ocrx_word' id='word_1_182' title='bbox 1041 294 1124 329; x_wconf 76' lang='grc' dir='ltr'>ἡμεῖς</span> <span class='ocrx_word' id='word_1_183' title='bbox 1138 293 1164 318; x_wconf 82' lang='grc' dir='ltr'>οἱ</span> <span class='ocrx_word' id='word_1_184' title='bbox 1178 291 1331 326; x_wconf 81' lang='grc' dir='ltr'><strong>ὀφείλοντες</strong></span> <span class='ocrx_word' id='word_1_185' title='bbox 1347 290 1406 325; x_wconf 80' lang='grc' dir='ltr'><strong>φῶς</strong></span> <span class='ocrx_word' id='word_1_186' title='bbox 1419 288 1489 316; x_wconf 71' lang='grc' dir='ltr'>εἶναι</span> <span class='ocrx_word' id='word_1_187' title='bbox 1503 288 1558 316; x_wconf 83' lang='grc' dir='ltr'>τῶν</span> <span class='ocrx_word' id='word_1_188' title='bbox 1581 288 1610 314; x_wconf 82' lang='grc' dir='ltr'>ἐν</span> <span class='ocrx_word' id='word_1_189' title='bbox 1633 287 1736 318; x_wconf 78' lang='grc' dir='ltr'>σκότει,</span> <span class='ocrx_word' id='word_1_190' title='bbox 1767 285 1830 312; x_wconf 63' lang='grc' dir='ltr'>τοὺς</span> 
     </span>
    </p>
   </div>
   <div class='ocr_carea' id='block_1_29' title="bbox 1042 332 1828 373">
    <p class='ocr_par' dir='ltr' id='par_1_29' title="bbox 1042 332 1828 373">
     <span class='ocr_line' id='line_1_29' title="bbox 1042 332 1828 373; baseline -0.01 -8"><span class='ocrx_word' id='word_1_191' title='bbox 1042 339 1148 366; x_wconf 85' lang='grc' dir='ltr'>ναντίον</span> <span class='ocrx_word' id='word_1_192' title='bbox 1162 335 1238 373; x_wconf 81' lang='grc' dir='ltr'>ὦμεν</span> <span class='ocrx_word' id='word_1_193' title='bbox 1256 346 1262 353; x_wconf 89' lang='grc'>·</span> <span class='ocrx_word' id='word_1_194' title='bbox 1283 336 1350 372; x_wconf 78' lang='grc' dir='ltr'>μηδὲ</span> <span class='ocrx_word' id='word_1_195' title='bbox 1372 336 1398 362; x_wconf 84' lang='grc' dir='ltr'>οἱ</span> <span class='ocrx_word' id='word_1_196' title='bbox 1421 335 1525 367; x_wconf 77' lang='grc' dir='ltr'><strong>ἁλίζειν</strong></span> <span class='ocrx_word' id='word_1_197' title='bbox 1547 332 1734 368; x_wconf 76' lang='grc' dir='ltr'>εὖαγγελικῶς</span> <span class='ocrx_word' id='word_1_198' title='bbox 1748 340 1828 358; x_wconf 80' lang='grc' dir='ltr'>τετα-</span> 
     </span>
    </p>
   </div>
   <div class='ocr_carea' id='block_1_30' title="bbox 1043 378 1831 420">
    <p class='ocr_par' dir='ltr' id='par_1_30' title="bbox 1043 378 1831 420">
     <span class='ocr_line' id='line_1_30' title="bbox 1043 378 1831 420; baseline -0.011 -8"><span class='ocrx_word' id='word_1_199' title='bbox 1043 385 1150 420; x_wconf 78' lang='grc' dir='ltr'>γμένοι,</span> <span class='ocrx_word' id='word_1_200' title='bbox 1170 383 1379 420; x_wconf 86' lang='grc' dir='ltr'>μωρανθείημεν</span> <span class='ocrx_word' id='word_1_201' title='bbox 1393 381 1422 414; x_wconf 79' lang='grc' dir='ltr'><strong>ἐξ</strong></span> <span class='ocrx_word' id='word_1_202' title='bbox 1435 379 1604 416; x_wconf 79' lang='grc' dir='ltr'>ἀπροσεξίας</span> <span class='ocrx_word' id='word_1_203' title='bbox 1618 388 1625 394; x_wconf 90' lang='grc'><strong>·</strong></span> <span class='ocrx_word' id='word_1_204' title='bbox 1642 379 1746 405; x_wconf 82' lang='grc' dir='ltr'><em>Πάντα</em></span> <span class='ocrx_word' id='word_1_205' title='bbox 1780 378 1831 403; x_wconf 81' lang='grc' dir='ltr'><strong>εὑ-</strong></span> 
     </span>
    </p>
   </div>
   <div class='ocr_carea' id='block_1_31' title="bbox 1043 422 1832 465">
    <p class='ocr_par' dir='ltr' id='par_1_31' title="bbox 1043 422 1832 465">
     <span class='ocr_line' id='line_1_31' title="bbox 1043 422 1832 465; baseline -0.011 -8"><span class='ocrx_word' id='word_1_206' title='bbox 1043 430 1204 465; x_wconf 80' lang='grc' dir='ltr'>σχημόνως</span> <span class='ocrx_word' id='word_1_207' title='bbox 1220 428 1270 455; x_wconf 77' lang='grc' dir='ltr'><strong>καὶ</strong></span> <span class='ocrx_word' id='word_1_208' title='bbox 1293 427 1368 454; x_wconf 78' lang='grc' dir='ltr'>κατὰ</span> <span class='ocrx_word' id='word_1_209' title='bbox 1395 425 1483 458; x_wconf 74' lang='grc' dir='ltr'><em>τάξιν</em></span> <span class='ocrx_word' id='word_1_210' title='bbox 1494 425 1633 460; x_wconf 74' lang='grc' dir='ltr'>γενέσθω,</span> <span class='ocrx_word' id='word_1_211' title='bbox 1652 424 1700 459; x_wconf 78' lang='grc' dir='ltr'><strong>βοᾷ</strong></span> <span class='ocrx_word' id='word_1_212' title='bbox 1720 424 1733 449; x_wconf 84' lang='grc' dir='ltr'>ὁ</span> <span class='ocrx_word' id='word_1_213' title='bbox 1754 422 1832 449; x_wconf 79' lang='grc' dir='ltr'><strong>’Λπό-</strong></span> 
     </span>
    </p>
   </div>
   <div class='ocr_carea' id='block_1_32' title="bbox 1045 468 1831 508">
    <p class='ocr_par' dir='ltr' id='par_1_32' title="bbox 1045 468 1831 508">
     <span class='ocr_line' id='line_1_32' title="bbox 1045 468 1831 508; baseline -0.011 -6"><span class='ocrx_word' id='word_1_214' title='bbox 1045 476 1136 506; x_wconf 88' lang='grc' dir='ltr'>στολος</span> <span class='ocrx_word' id='word_1_215' title='bbox 1153 481 1160 489; x_wconf 88' lang='grc'><strong>·</strong></span> <span class='ocrx_word' id='word_1_216' title='bbox 1178 474 1266 501; x_wconf 82' lang='grc' dir='ltr'>πάντα</span> <span class='ocrx_word' id='word_1_217' title='bbox 1285 473 1354 508; x_wconf 70' lang='grc' dir='ltr'>πρὸς</span> <span class='ocrx_word' id='word_1_218' title='bbox 1365 472 1498 506; x_wconf 68' lang='grc' dir='ltr'>ὠφέλειαν</span> <span class='ocrx_word' id='word_1_219' title='bbox 1508 470 1554 498; x_wconf 82' lang='grc' dir='ltr'>τοῦ</span> <span class='ocrx_word' id='word_1_220' title='bbox 1573 470 1699 504; x_wconf 77' lang='grc' dir='ltr'><strong>πλησίον,</strong></span> <span class='ocrx_word' id='word_1_221' title='bbox 1710 468 1777 495; x_wconf 86' lang='grc' dir='ltr'><strong>ἀλλά</strong></span> <span class='ocrx_word' id='word_1_222' title='bbox 1794 468 1831 502; x_wconf 82' lang='grc' dir='ltr'>μὴ</span> 
     </span>
    </p>
   </div>
   <div class='ocr_carea' id='block_1_33' title="bbox 1043 515 1830 557">
    <p class='ocr_par' dir='ltr' id='par_1_33' title="bbox 1043 515 1830 557">
     <span class='ocr_line' id='line_1_33' title="bbox 1043 515 1830 557; baseline -0.013 -8"><span class='ocrx_word' id='word_1_223' title='bbox 1043 522 1113 556; x_wconf 79' lang='grc' dir='ltr'>πρὸς</span> <span class='ocrx_word' id='word_1_224' title='bbox 1126 521 1237 557; x_wconf 78' lang='grc' dir='ltr'>βλάϐην.</span> <span class='ocrx_word' id='word_1_225' title='bbox 1267 519 1325 547; x_wconf 79' lang='grc' dir='ltr'>Κᾶν</span> <span class='ocrx_word' id='word_1_226' title='bbox 1342 519 1385 545; x_wconf 78' lang='grc' dir='ltr'><strong>ἐπ’</strong></span> <span class='ocrx_word' id='word_1_227' title='bbox 1398 518 1489 544; x_wconf 83' lang='grc' dir='ltr'>αὐτῶν</span> <span class='ocrx_word' id='word_1_228' title='bbox 1503 516 1557 544; x_wconf 73' lang='grc' dir='ltr'>τῶν</span> <span class='ocrx_word' id='word_1_229' title='bbox 1570 515 1830 550; x_wconf 76' lang='grc' dir='ltr'><strong>συγκεχωρημένων</strong></span> 
     </span>
    </p>
   </div>
   <div class='ocr_carea' id='block_1_34' title="bbox 1043 559 1833 602">
    <p class='ocr_par' dir='ltr' id='par_1_34' title="bbox 1043 559 1833 602">
     <span class='ocr_line' id='line_1_34' title="bbox 1043 559 1833 602; baseline -0.01 -10"><span class='ocrx_word' id='word_1_230' title='bbox 1043 567 1110 602; x_wconf 80' lang='grc' dir='ltr'>ἡμῖν</span> <span class='ocrx_word' id='word_1_231' title='bbox 1130 564 1295 600; x_wconf 81' lang='grc' dir='ltr'>σκινδαλμὺς</span> <span class='ocrx_word' id='word_1_232' title='bbox 1315 563 1429 597; x_wconf 80' lang='grc' dir='ltr'><strong>γίνοιτο,</strong></span> <span class='ocrx_word' id='word_1_233' title='bbox 1444 562 1525 588; x_wconf 84' lang='grc' dir='ltr'>τοῦτο</span> <span class='ocrx_word' id='word_1_234' title='bbox 1549 560 1632 587; x_wconf 81' lang='grc' dir='ltr'>πάλιν</span> <span class='ocrx_word' id='word_1_235' title='bbox 1650 559 1699 594; x_wconf 88' lang='grc' dir='ltr'><strong>βοᾷ</strong></span> <span class='ocrx_word' id='word_1_236' title='bbox 1713 560 1727 585; x_wconf 85' lang='grc' dir='ltr'><strong>ὀ</strong></span> <span class='ocrx_word' id='word_1_237' title='bbox 1746 559 1833 593; x_wconf 82' lang='grc' dir='ltr'>μέγας</span> 
     </span>
    </p>
   </div>
   <div class='ocr_carea' id='block_1_35' title="bbox 1044 604 1832 643">
    <p class='ocr_par' dir='ltr' id='par_1_35' title="bbox 1044 604 1832 643">
     <span class='ocr_line' id='line_1_35' title="bbox 1044 604 1832 643; baseline -0.013 -4"><span class='ocrx_word' id='word_1_238' title='bbox 1044 612 1194 643; x_wconf 79' lang='grc' dir='ltr'>Βασίλειος,</span> <span class='ocrx_word' id='word_1_239' title='bbox 1210 610 1258 637; x_wconf 73' lang='grc' dir='ltr'>καὶ</span> <span class='ocrx_word' id='word_1_240' title='bbox 1277 610 1353 635; x_wconf 79' lang='grc' dir='ltr'>πᾶσα</span> <span class='ocrx_word' id='word_1_241' title='bbox 1374 608 1468 639; x_wconf 78' lang='grc' dir='ltr'>ἁπλῶς</span> <span class='ocrx_word' id='word_1_242' title='bbox 1484 607 1501 642; x_wconf 84' lang='grc' dir='ltr'>ἦ</span> <span class='ocrx_word' id='word_1_243' title='bbox 1523 615 1553 632; x_wconf 83' lang='grc' dir='ltr'><strong>τε</strong></span> <span class='ocrx_word' id='word_1_244' title='bbox 1578 605 1687 632; x_wconf 83' lang='grc' dir='ltr'>Παλαιά</span> <span class='ocrx_word' id='word_1_245' title='bbox 1713 604 1760 631; x_wconf 77' lang='grc' dir='ltr'>καὶ</span> <span class='ocrx_word' id='word_1_246' title='bbox 1775 604 1832 630; x_wconf 75' lang='grc' dir='ltr'><strong>Νέα</strong></span> 
     </span>
    </p>
   </div>
   <div class='ocr_carea' id='block_1_36' title="bbox 1044 650 1834 694">
    <p class='ocr_par' dir='ltr' id='par_1_36' title="bbox 1044 650 1834 694">
     <span class='ocr_line' id='line_1_36' title="bbox 1044 650 1834 694; baseline -0.014 -8"><span class='ocrx_word' id='word_1_247' title='bbox 1044 659 1188 694; x_wconf 79' lang='grc' dir='ltr'>Διαθήκη,</span> <span class='ocrx_word' id='word_1_248' title='bbox 1216 658 1246 683; x_wconf 84' lang='grc' dir='ltr'>ὲν</span> <span class='ocrx_word' id='word_1_249' title='bbox 1271 656 1328 687; x_wconf 80' lang='grc' dir='ltr'>τοῖς</span> <span class='ocrx_word' id='word_1_250' title='bbox 1361 655 1437 686; x_wconf 73' lang='grc' dir='ltr'>ἰδίοις</span> <span class='ocrx_word' id='word_1_251' title='bbox 1460 654 1534 689; x_wconf 84' lang='grc' dir='ltr'>ὅροις</span> <span class='ocrx_word' id='word_1_252' title='bbox 1563 652 1610 679; x_wconf 81' lang='grc' dir='ltr'><strong>καὶ</strong></span> <span class='ocrx_word' id='word_1_253' title='bbox 1635 651 1745 687; x_wconf 80' lang='grc' dir='ltr'>τρόποις</span> <span class='ocrx_word' id='word_1_254' title='bbox 1768 650 1834 676; x_wconf 82' lang='grc' dir='ltr'>’ἐκα-</span> 
     </span>
    </p>
   </div>
   <div class='ocr_carea' id='block_1_37' title="bbox 1045 698 1834 739">
    <p class='ocr_par' dir='ltr' id='par_1_37' title="bbox 1045 698 1834 739">
     <span class='ocr_line' id='line_1_37' title="bbox 1045 698 1834 739; baseline -0.013 -6"><span class='ocrx_word' id='word_1_255' title='bbox 1045 715 1107 733; x_wconf 79' lang='grc' dir='ltr'>στον</span> <span class='ocrx_word' id='word_1_256' title='bbox 1118 705 1255 739; x_wconf 84' lang='grc' dir='ltr'>διαμένειν</span> <span class='ocrx_word' id='word_1_257' title='bbox 1268 702 1459 738; x_wconf 76' lang='grc' dir='ltr'>ὲγκελεύεται·</span> <span class='ocrx_word' id='word_1_258' title='bbox 1484 701 1532 727; x_wconf 79' lang='grc' dir='ltr'><strong>καὶ</strong></span> <span class='ocrx_word' id='word_1_259' title='bbox 1549 701 1586 735; x_wconf 86' lang='grc' dir='ltr'>μή</span> <span class='ocrx_word' id='word_1_260' title='bbox 1604 708 1638 734; x_wconf 81' lang='grc' dir='ltr'><strong>με</strong></span> <span class='ocrx_word' id='word_1_261' title='bbox 1647 699 1772 733; x_wconf 78' lang='grc' dir='ltr'>νομίσῃς,</span> <span class='ocrx_word' id='word_1_262' title='bbox 1789 698 1834 724; x_wconf 75' lang='grc' dir='ltr'><strong>δὲ-</strong></span> 
     </span>
    </p>
   </div>
   <div class='ocr_carea' id='block_1_38' title="bbox 1045 743 1835 785">
    <p class='ocr_par' dir='ltr' id='par_1_38' title="bbox 1045 743 1835 785">
     <span class='ocr_line' id='line_1_38' title="bbox 1045 743 1835 785; baseline -0.013 -6"><span class='ocrx_word' id='word_1_263' title='bbox 1045 759 1143 783; x_wconf 82' lang='grc' dir='ltr'>σποτα,</span> <span class='ocrx_word' id='word_1_264' title='bbox 1163 749 1374 785; x_wconf 79' lang='grc' dir='ltr'>κατεπαρτικῶς</span> <span class='ocrx_word' id='word_1_265' title='bbox 1388 756 1428 774; x_wconf 90' lang='grc' dir='ltr'><strong>σοι</strong></span> <span class='ocrx_word' id='word_1_266' title='bbox 1443 746 1589 782; x_wconf 79' lang='grc' dir='ltr'>ἐνεχθῆναι</span> <span class='ocrx_word' id='word_1_267' title='bbox 1601 754 1608 761; x_wconf 73' lang='grc' dir='ltr'><strong><em>ο</em></strong></span> <span class='ocrx_word' id='word_1_268' title='bbox 1627 744 1696 772; x_wconf 84' lang='grc' dir='ltr'><strong>ἀλλά</strong></span> <span class='ocrx_word' id='word_1_269' title='bbox 1710 744 1758 771; x_wconf 72' lang='grc' dir='ltr'>καὶ</span> <span class='ocrx_word' id='word_1_270' title='bbox 1774 743 1835 769; x_wconf 81' lang='grc' dir='ltr'>λίαν</span> 
     </span>
    </p>
   </div>
   <div class='ocr_carea' id='block_1_39' title="bbox 1044 789 1835 832">
    <p class='ocr_par' dir='ltr' id='par_1_39' title="bbox 1044 789 1835 832">
     <span class='ocr_line' id='line_1_39' title="bbox 1044 789 1835 832; baseline -0.014 -7"><span class='ocrx_word' id='word_1_271' title='bbox 1044 797 1227 832; x_wconf 83' lang='grc' dir='ltr'>ἀγαπητικῶς</span> <span class='ocrx_word' id='word_1_272' title='bbox 1238 796 1285 822; x_wconf 70' lang='grc' dir='ltr'>καὶ</span> <span class='ocrx_word' id='word_1_273' title='bbox 1301 794 1518 829; x_wconf 80' lang='grc' dir='ltr'>πεπονημένως’</span> <span class='ocrx_word' id='word_1_274' title='bbox 1535 791 1732 827; x_wconf 76' lang='grc' dir='ltr'>ἀναδεχόμενον</span> <span class='ocrx_word' id='word_1_275' title='bbox 1745 789 1779 816; x_wconf 74' lang='grc' dir='ltr'>τὰ</span> <span class='ocrx_word' id='word_1_276' title='bbox 1801 789 1835 814; x_wconf 76' lang='grc' dir='ltr'>σὰ</span> 
     </span>
    </p>
   </div>
   <div class='ocr_carea' id='block_1_40' title="bbox 1045 834 1836 878">
    <p class='ocr_par' dir='ltr' id='par_1_40' title="bbox 1045 834 1836 878">
     <span class='ocr_line' id='line_1_40' title="bbox 1045 834 1836 878; baseline -0.011 -9"><span class='ocrx_word' id='word_1_277' title='bbox 1045 845 1074 871; x_wconf 78' lang='grc' dir='ltr'>ὲν</span> <span class='ocrx_word' id='word_1_278' title='bbox 1086 843 1158 878; x_wconf 76' lang='grc' dir='ltr'>ἐμοὶ,</span> <span class='ocrx_word' id='word_1_279' title='bbox 1170 842 1239 869; x_wconf 80' lang='grc' dir='ltr'>κατὰ</span> <span class='ocrx_word' id='word_1_280' title='bbox 1254 842 1304 877; x_wconf 82' lang='grc' dir='ltr'>τὴν</span> <span class='ocrx_word' id='word_1_281' title='bbox 1317 841 1372 875; x_wconf 84' lang='grc' dir='ltr'><strong>τῆς</strong></span> <span class='ocrx_word' id='word_1_282' title='bbox 1389 839 1501 874; x_wconf 80' lang='grc' dir='ltr'><strong>ἀγάπης</strong></span> <span class='ocrx_word' id='word_1_283' title='bbox 1515 838 1679 872; x_wconf 82' lang='grc' dir='ltr'>ἀνάκρασιν,</span> <span class='ocrx_word' id='word_1_284' title='bbox 1696 836 1744 862; x_wconf 77' lang='grc' dir='ltr'>καὶ</span> <span class='ocrx_word' id='word_1_285' title='bbox 1759 834 1836 869; x_wconf 80' lang='grc' dir='ltr'><strong>ἐφιέ-</strong></span> 
     </span>
    </p>
   </div>
   <div class='ocr_carea' id='block_1_41' title="bbox 1047 880 1836 926">
    <p class='ocr_par' dir='ltr' id='par_1_41' title="bbox 1047 880 1836 926">
     <span class='ocr_line' id='line_1_41' title="bbox 1047 880 1836 926; baseline -0.004 -10"><span class='ocrx_word' id='word_1_286' title='bbox 1047 898 1128 926; x_wconf 85' lang='grc' dir='ltr'>μενον</span> <span class='ocrx_word' id='word_1_287' title='bbox 1150 889 1180 916; x_wconf 60' lang='lat' dir='ltr'><strong>te</strong></span> <span class='ocrx_word' id='word_1_288' title='bbox 1203 889 1338 923; x_wconf 86' lang='grc' dir='ltr'>σωτήριον</span> <span class='ocrx_word' id='word_1_289' title='bbox 1362 886 1414 921; x_wconf 85' lang='grc' dir='ltr'><strong>τῆς</strong></span> <span class='ocrx_word' id='word_1_290' title='bbox 1434 885 1529 920; x_wconf 80' lang='grc' dir='ltr'><strong>τιμίας</strong></span> <span class='ocrx_word' id='word_1_291' title='bbox 1551 893 1597 910; x_wconf 77' lang='grc' dir='ltr'><strong>σου</strong></span> <span class='ocrx_word' id='word_1_292' title='bbox 1622 883 1722 918; x_wconf 79' lang='grc' dir='ltr'>ψυχῆς,</span> <span class='ocrx_word' id='word_1_293' title='bbox 1737 881 1776 913; x_wconf 67' lang='grc' dir='ltr'>ὥς</span> <span class='ocrx_word' id='word_1_294' title='bbox 1806 880 1836 906; x_wconf 73' lang='grc' dir='ltr'>ἰδ</span> 
     </span>
    </p>
   </div>
   <div class='ocr_carea' id='block_1_42' title="bbox 1046 928 1835 971">
    <p class='ocr_par' dir='ltr' id='par_1_42' title="bbox 1046 928 1835 971">
     <span class='ocr_line' id='line_1_42' title="bbox 1046 928 1835 971; baseline -0.013 -8"><span class='ocrx_word' id='word_1_295' title='bbox 1046 935 1166 971; x_wconf 78' lang='grc' dir='ltr'>ἐμαυτοῦ</span> <span class='ocrx_word' id='word_1_296' title='bbox 1180 943 1187 950; x_wconf 93' lang='grc'><strong>·</strong></span> <span class='ocrx_word' id='word_1_297' title='bbox 1203 936 1228 961; x_wconf 82' lang='grc' dir='ltr'>εἰ</span> <span class='ocrx_word' id='word_1_298' title='bbox 1243 934 1273 961; x_wconf 78' lang='grc' dir='ltr'>δέ</span> <span class='ocrx_word' id='word_1_299' title='bbox 1286 942 1313 961; x_wconf 88' lang='grc' dir='ltr'><strong>τι</strong></span> <span class='ocrx_word' id='word_1_300' title='bbox 1331 933 1384 966; x_wconf 74' lang='grc' dir='ltr'>ἔξω</span> <span class='ocrx_word' id='word_1_301' title='bbox 1403 931 1451 958; x_wconf 83' lang='grc' dir='ltr'>τοῦ</span> <span class='ocrx_word' id='word_1_302' title='bbox 1479 931 1586 961; x_wconf 78' lang='grc' dir='ltr'><strong>εἰκότος</strong></span> <span class='ocrx_word' id='word_1_303' title='bbox 1604 929 1618 955; x_wconf 85' lang='grc' dir='ltr'>ὁ</span> <span class='ocrx_word' id='word_1_304' title='bbox 1639 929 1718 962; x_wconf 77' lang='grc' dir='ltr'>λόγος</span> <span class='ocrx_word' id='word_1_305' title='bbox 1736 928 1804 962; x_wconf 69' lang='grc' dir='ltr'>ἔχει,</span> <span class='ocrx_word' id='word_1_306' title='bbox 1821 928 1835 953; x_wconf 87' lang='grc' dir='ltr'>ὁ</span> 
     </span>
    </p>
   </div>
   <div class='ocr_carea' id='block_1_43' title="bbox 1047 973 1835 1017">
    <p class='ocr_par' dir='ltr' id='par_1_43' title="bbox 1047 973 1835 1017">
     <span class='ocr_line' id='line_1_43' title="bbox 1047 973 1835 1017; baseline -0.014 -8"><span class='ocrx_word' id='word_1_307' title='bbox 1047 981 1123 1017; x_wconf 84' lang='grc' dir='ltr'>παρά</span> <span class='ocrx_word' id='word_1_308' title='bbox 1147 981 1195 1008; x_wconf 80' lang='grc' dir='ltr'>σοῦ</span> <span class='ocrx_word' id='word_1_309' title='bbox 1218 980 1298 1014; x_wconf 83' lang='grc' dir='ltr'>λόγος</span> <span class='ocrx_word' id='word_1_310' title='bbox 1325 978 1470 1011; x_wconf 82' lang='grc' dir='ltr'><strong>διδαξάτω,</strong></span> <span class='ocrx_word' id='word_1_311' title='bbox 1485 977 1534 1004; x_wconf 76' lang='grc' dir='ltr'><strong>καὶ</strong></span> <span class='ocrx_word' id='word_1_312' title='bbox 1555 975 1679 1003; x_wconf 82' lang='grc' dir='ltr'><strong>πεισάτω</strong></span> <span class='ocrx_word' id='word_1_313' title='bbox 1704 974 1753 1008; x_wconf 82' lang='grc' dir='ltr'><strong>τὴν</strong></span> <span class='ocrx_word' id='word_1_314' title='bbox 1765 973 1835 1008; x_wconf 75' lang='grc' dir='ltr'>ἐμὴν</span> 
     </span>
    </p>
   </div>
   <div class='ocr_carea' id='block_1_44' title="bbox 1046 1019 1837 1059">
    <p class='ocr_par' dir='ltr' id='par_1_44' title="bbox 1046 1019 1837 1059">
     <span class='ocr_line' id='line_1_44' title="bbox 1046 1019 1837 1059; baseline -0.013 -4"><span class='ocrx_word' id='word_1_315' title='bbox 1046 1028 1221 1059; x_wconf 76' lang='grc' dir='ltr'>ταπείνωσιν,</span> <span class='ocrx_word' id='word_1_316' title='bbox 1232 1026 1266 1052; x_wconf 80' lang='grc' dir='ltr'>τὰ</span> <span class='ocrx_word' id='word_1_317' title='bbox 1288 1025 1382 1053; x_wconf 78' lang='grc' dir='ltr'>εἰκότα</span> <span class='ocrx_word' id='word_1_318' title='bbox 1402 1033 1433 1051; x_wconf 92' lang='grc' dir='ltr'><strong>σε</strong></span> <span class='ocrx_word' id='word_1_319' title='bbox 1452 1023 1584 1059; x_wconf 82' lang='grc' dir='ltr'>πράττειν</span> <span class='ocrx_word' id='word_1_320' title='bbox 1598 1023 1628 1049; x_wconf 80' lang='grc' dir='ltr'>ὲν</span> <span class='ocrx_word' id='word_1_321' title='bbox 1650 1022 1707 1053; x_wconf 78' lang='grc' dir='ltr'>τοῖς</span> <span class='ocrx_word' id='word_1_322' title='bbox 1721 1019 1837 1053; x_wconf 83' lang='grc' dir='ltr'>ἀπελεγ-</span> 
     </span>
    </p>
   </div>
   <div class='ocr_carea' id='block_1_45' title="bbox 1045 1071 1386 1109">
    <p class='ocr_par' dir='ltr' id='par_1_45' title="bbox 1045 1071 1386 1109">
     <span class='ocr_line' id='line_1_45' title="bbox 1045 1071 1386 1109; baseline -0.012 -8"><span class='ocrx_word' id='word_1_323' title='bbox 1045 1074 1150 1109; x_wconf 85' lang='grc' dir='ltr'>χθείσιν</span> <span class='ocrx_word' id='word_1_324' title='bbox 1165 1072 1289 1103; x_wconf 72' lang='grc' dir='ltr'>ἐκτόπως</span> <span class='ocrx_word' id='word_1_325' title='bbox 1303 1071 1386 1107; x_wconf 73' lang='grc' dir='ltr'>ἔχειν.</span> 
     </span>
    </p>
   </div>
   <div class='ocr_carea' id='block_1_46' title="bbox 1112 1163 1764 1205">
    <p class='ocr_par' dir='ltr' id='par_1_46' title="bbox 1112 1163 1764 1205">
     <span class='ocr_line' id='line_1_46' title="bbox 1112 1163 1764 1205; baseline -0.002 -8"><span class='ocrx_word' id='word_1_326' title='bbox 1112 1171 1188 1197; x_wconf 58' lang='grc' dir='ltr'>Ριιιιι</span> <span class='ocrx_word' id='word_1_327' title='bbox 1204 1169 1271 1205; x_wconf 73' lang='lat'><strong>(29).</strong></span> <span class='ocrx_word' id='word_1_328' title='bbox 1283 1184 1316 1190; x_wconf 85' lang='grc'><strong><em>--</em></strong></span> <span class='ocrx_word' id='word_1_329' title='bbox 1328 1169 1496 1202; x_wconf 79' lang='grc' dir='ltr'>Θεοκτιστφ</span> <span class='ocrx_word' id='word_1_330' title='bbox 1513 1168 1646 1204; x_wconf 82' lang='grc' dir='ltr'>ἐρημιτῃ.</span> <span class='ocrx_word' id='word_1_331' title='bbox 1666 1163 1764 1203; x_wconf 60' lang='grc' dir='ltr'><strong>[χιιι-Ἄ)</strong></span> 
     </span>
    </p>
   </div>
   <div class='ocr_carea' id='block_1_47' title="bbox 784 1225 1262 1256">
    <p class='ocr_par' dir='ltr' id='par_1_47' title="bbox 784 1225 1262 1256">
     <span class='ocr_line' id='line_1_47' title="bbox 784 1225 1262 1256; baseline -0.004 -4"><span class='ocrx_word' id='word_1_332' title='bbox 784 1227 910 1252; x_wconf 75' lang='lat' dir='ltr'><strong>Revocare</strong></span> <span class='ocrx_word' id='word_1_333' title='bbox 920 1234 934 1251; x_wconf 91' lang='lat' dir='ltr'><strong>a</strong></span> <span class='ocrx_word' id='word_1_334' title='bbox 951 1232 1023 1256; x_wconf 82' lang='lat' dir='ltr'><strong>prava</strong></span> <span class='ocrx_word' id='word_1_335' title='bbox 1037 1225 1154 1251; x_wconf 86' lang='lat' dir='ltr'><strong>doctrina</strong></span> <span class='ocrx_word' id='word_1_336' title='bbox 1165 1225 1262 1250; x_wconf 87' lang='lat' dir='ltr'><strong>nititur.</strong></span> 
     </span>
    </p>
   </div>
   <div class='ocr_carea' id='block_1_48' title="bbox 245 1278 994 1315">
    <p class='ocr_par' dir='ltr' id='par_1_48' title="bbox 245 1278 994 1315">
     <span class='ocr_line' id='line_1_48' title="bbox 245 1278 994 1315; baseline 0.001 -10"><span class='ocrx_word' id='word_1_337' title='bbox 245 1278 404 1306; x_wconf 85' lang='lat' dir='ltr'><strong>Mandatum</strong></span> <span class='ocrx_word' id='word_1_338' title='bbox 425 1279 485 1312; x_wconf 88' lang='lat' dir='ltr'><strong>Dei,</strong></span> <span class='ocrx_word' id='word_1_339' title='bbox 501 1279 575 1314; x_wconf 89' lang='lat' dir='ltr'><strong>quod</strong></span> <span class='ocrx_word' id='word_1_340' title='bbox 600 1280 686 1315; x_wconf 83' lang='lat' dir='ltr'><strong>exigit</strong></span> <span class='ocrx_word' id='word_1_341' title='bbox 708 1283 738 1306; x_wconf 89' lang='lat' dir='ltr'><strong>ut</strong></span> <span class='ocrx_word' id='word_1_342' title='bbox 755 1280 872 1307; x_wconf 89' lang='lat' dir='ltr'><strong>invicem</strong></span> <span class='ocrx_word' id='word_1_343' title='bbox 896 1280 994 1314; x_wconf 79' lang='lat' dir='ltr'><strong>diliga-</strong></span> 
     </span>
    </p>
   </div>
   <div class='ocr_carea' id='block_1_49' title="bbox 209 1325 996 1360">
    <p class='ocr_par' dir='ltr' id='par_1_49' title="bbox 209 1325 996 1360">
     <span class='ocr_line' id='line_1_49' title="bbox 209 1325 996 1360; baseline -0.001 -9"><span class='ocrx_word' id='word_1_344' title='bbox 209 1332 282 1356; x_wconf 75' lang='lat' dir='ltr'><strong>mus,</strong></span> <span class='ocrx_word' id='word_1_345' title='bbox 303 1329 330 1351; x_wconf 91' lang='lat' dir='ltr'><strong>et</strong></span> <span class='ocrx_word' id='word_1_346' title='bbox 346 1332 434 1359; x_wconf 86' lang='lat' dir='ltr'><strong>usque</strong></span> <span class='ocrx_word' id='word_1_347' title='bbox 453 1325 532 1357; x_wconf 87' lang='lat' dir='ltr'><strong>adeo,</strong></span> <span class='ocrx_word' id='word_1_348' title='bbox 560 1330 590 1352; x_wconf 84' lang='lat' dir='ltr'><strong>ut</strong></span> <span class='ocrx_word' id='word_1_349' title='bbox 609 1325 728 1352; x_wconf 87' lang='lat' dir='ltr'><strong>animam</strong></span> <span class='ocrx_word' id='word_1_350' title='bbox 753 1325 821 1352; x_wconf 86' lang='lat' dir='ltr'><strong>alter</strong></span> <span class='ocrx_word' id='word_1_351' title='bbox 837 1332 886 1360; x_wconf 92' lang='lat' dir='ltr'><strong>pro</strong></span> <span class='ocrx_word' id='word_1_352' title='bbox 908 1325 996 1351; x_wconf 90' lang='lat' dir='ltr'><strong>altero</strong></span> 
     </span>
    </p>
   </div>
   <div class='ocr_carea' id='block_1_50' title="bbox 209 1370 998 1406">
    <p class='ocr_par' dir='ltr' id='par_1_50' title="bbox 209 1370 998 1406">
     <span class='ocr_line' id='line_1_50' title="bbox 209 1370 998 1406; baseline 0.003 -10"><span class='ocrx_word' id='word_1_353' title='bbox 209 1377 345 1404; x_wconf 80' lang='lat' dir='ltr'><strong>ponamus</strong></span> <span class='ocrx_word' id='word_1_354' title='bbox 355 1371 389 1402; x_wconf 71' lang='grc' dir='ltr'><strong>δι,</strong></span> <span class='ocrx_word' id='word_1_355' title='bbox 414 1370 505 1406; x_wconf 82' lang='lat' dir='ltr'><strong>adegit</strong></span> <span class='ocrx_word' id='word_1_356' title='bbox 520 1378 573 1403; x_wconf 87' lang='lat' dir='ltr'><strong>tne,</strong></span> <span class='ocrx_word' id='word_1_357' title='bbox 596 1371 748 1406; x_wconf 84' lang='lat' dir='ltr'><strong>spiritualis</strong></span> <span class='ocrx_word' id='word_1_358' title='bbox 771 1371 865 1404; x_wconf 76' lang='lat' dir='ltr'><strong>frater,</strong></span> <span class='ocrx_word' id='word_1_359' title='bbox 891 1376 921 1398; x_wconf 93' lang='lat' dir='ltr'><strong>ut</strong></span> <span class='ocrx_word' id='word_1_360' title='bbox 944 1371 998 1398; x_wconf 88' lang='lat' dir='ltr'><strong>ite-</strong></span> 
     </span>
    </p>
   </div>
   <div class='ocr_carea' id='block_1_51' title="bbox 210 1417 995 1452">
    <p class='ocr_par' dir='ltr' id='par_1_51' title="bbox 210 1417 995 1452">
     <span class='ocr_line' id='line_1_51' title="bbox 210 1417 995 1452; baseline 0.001 -9"><span class='ocrx_word' id='word_1_361' title='bbox 210 1421 271 1444; x_wconf 86' lang='lat' dir='ltr'><strong>rato</strong></span> <span class='ocrx_word' id='word_1_362' title='bbox 290 1417 324 1443; x_wconf 89' lang='lat' dir='ltr'><strong>ad</strong></span> <span class='ocrx_word' id='word_1_363' title='bbox 348 1421 374 1444; x_wconf 85' lang='lat' dir='ltr'><strong>te</strong></span> <span class='ocrx_word' id='word_1_364' title='bbox 394 1417 524 1448; x_wconf 83' lang='lat' dir='ltr'><strong>scribant,</strong></span> <span class='ocrx_word' id='word_1_365' title='bbox 539 1417 572 1444; x_wconf 85' lang='lat' dir='ltr'><strong>de</strong></span> <span class='ocrx_word' id='word_1_366' title='bbox 589 1418 678 1444; x_wconf 87' lang='lat' dir='ltr'><strong>salute</strong></span> <span class='ocrx_word' id='word_1_367' title='bbox 696 1424 741 1445; x_wconf 81' lang='lat' dir='ltr'><strong>tua</strong></span> <span class='ocrx_word' id='word_1_368' title='bbox 763 1422 891 1452; x_wconf 80' lang='lat' dir='ltr'><strong>satagens</strong></span> <span class='ocrx_word' id='word_1_369' title='bbox 909 1427 916 1444; x_wconf 85' lang='lat'>:</span> <span class='ocrx_word' id='word_1_370' title='bbox 933 1425 995 1444; x_wconf 92' lang='lat' dir='ltr'><strong>cum</strong></span> 
     </span>
    </p>
   </div>
   <div class='ocr_carea' id='block_1_52' title="bbox 211 1462 997 1491">
    <p class='ocr_par' dir='ltr' id='par_1_52' title="bbox 211 1462 997 1491">
     <span class='ocr_line' id='line_1_52' title="bbox 211 1462 997 1491; baseline 0.001 -2"><span class='ocrx_word' id='word_1_371' title='bbox 211 1463 320 1490; x_wconf 86' lang='lat' dir='ltr'><strong>audiam</strong></span> <span class='ocrx_word' id='word_1_372' title='bbox 336 1462 405 1490; x_wconf 89' lang='lat' dir='ltr'><strong>inter</strong></span> <span class='ocrx_word' id='word_1_373' title='bbox 420 1471 470 1490; x_wconf 87' lang='lat' dir='ltr'><strong>vos</strong></span> <span class='ocrx_word' id='word_1_374' title='bbox 480 1467 507 1490; x_wconf 84' lang='lat' dir='ltr'><strong>et</strong></span> <span class='ocrx_word' id='word_1_375' title='bbox 517 1463 586 1491; x_wconf 89' lang='lat' dir='ltr'><strong>alios</strong></span> <span class='ocrx_word' id='word_1_376' title='bbox 601 1463 701 1491; x_wconf 78' lang='lat' dir='ltr'><strong>fratres</strong></span> <span class='ocrx_word' id='word_1_377' title='bbox 714 1463 919 1491; x_wconf 85' lang='lat' dir='ltr'><strong>schismaticam</strong></span> <span class='ocrx_word' id='word_1_378' title='bbox 935 1470 997 1490; x_wconf 85' lang='lat' dir='ltr'><strong>esse</strong></span> 
     </span>
    </p>
   </div>
   <div class='ocr_carea' id='block_1_53' title="bbox 211 1509 997 1545">
    <p class='ocr_par' dir='ltr' id='par_1_53' title="bbox 211 1509 997 1545">
     <span class='ocr_line' id='line_1_53' title="bbox 211 1509 997 1545; baseline 0 -10"><span class='ocrx_word' id='word_1_379' title='bbox 211 1509 384 1541; x_wconf 85' lang='lat' dir='ltr'><strong>divisionem,</strong></span> <span class='ocrx_word' id='word_1_380' title='bbox 406 1515 461 1535; x_wconf 86' lang='lat' dir='ltr'><strong>non</strong></span> <span class='ocrx_word' id='word_1_381' title='bbox 480 1509 628 1544; x_wconf 78' lang='lat' dir='ltr'><strong>vulgarem,</strong></span> <span class='ocrx_word' id='word_1_382' title='bbox 647 1509 695 1537; x_wconf 80' lang='lat' dir='ltr'><strong>sed</strong></span> <span class='ocrx_word' id='word_1_383' title='bbox 709 1509 787 1537; x_wconf 87' lang='lat' dir='ltr'><strong>valde</strong></span> <span class='ocrx_word' id='word_1_384' title='bbox 811 1516 936 1545; x_wconf 79' lang='lat' dir='ltr'><strong>gravem,</strong></span> <span class='ocrx_word' id='word_1_385' title='bbox 959 1509 997 1536; x_wconf 88' lang='lat' dir='ltr'><strong>ita</strong></span> 
     </span>
    </p>
   </div>
   <div class='ocr_carea' id='block_1_54' title="bbox 1092 1277 1838 1315">
    <p class='ocr_par' dir='ltr' id='par_1_54' title="bbox 1092 1277 1838 1315">
     <span class='ocr_line' id='line_1_54' title="bbox 1092 1277 1838 1315; baseline -0.004 -9"><span class='ocrx_word' id='word_1_386' title='bbox 1092 1279 1124 1306; x_wconf 85' lang='lat' dir='ltr'><strong>&#39;H</strong></span> <span class='ocrx_word' id='word_1_387' title='bbox 1145 1279 1191 1306; x_wconf 79' lang='grc' dir='ltr'>τοῦ</span> <span class='ocrx_word' id='word_1_388' title='bbox 1209 1279 1277 1306; x_wconf 83' lang='grc' dir='ltr'><strong>Θεοῦ</strong></span> <span class='ocrx_word' id='word_1_389' title='bbox 1299 1279 1394 1315; x_wconf 77' lang='grc' dir='ltr'>ἐντολὴ</span> <span class='ocrx_word' id='word_1_390' title='bbox 1415 1280 1432 1315; x_wconf 84' lang='grc' dir='ltr'>ἡ</span> <span class='ocrx_word' id='word_1_391' title='bbox 1453 1278 1608 1306; x_wconf 78' lang='grc' dir='ltr'><strong>ἀπαιτοῦσα</strong></span> <span class='ocrx_word' id='word_1_392' title='bbox 1630 1277 1704 1314; x_wconf 73' lang='grc' dir='ltr'><strong>ἡμᾶς</strong></span> <span class='ocrx_word' id='word_1_393' title='bbox 1727 1278 1838 1313; x_wconf 75' lang='grc' dir='ltr'>ἀγαπᾷν</span> 
     </span>
    </p>
   </div>
   <div class='ocr_carea' id='block_1_55' title="bbox 1050 1323 1837 1360">
    <p class='ocr_par' dir='ltr' id='par_1_55' title="bbox 1050 1323 1837 1360">
     <span class='ocr_line' id='line_1_55' title="bbox 1050 1323 1837 1360; baseline -0.004 -8"><span class='ocrx_word' id='word_1_394' title='bbox 1050 1326 1191 1360; x_wconf 84' lang='grc' dir='ltr'><strong>ἀλλήλους,</strong></span> <span class='ocrx_word' id='word_1_395' title='bbox 1209 1326 1256 1352; x_wconf 77' lang='grc' dir='ltr'>καὶ</span> <span class='ocrx_word' id='word_1_396' title='bbox 1272 1325 1398 1352; x_wconf 81' lang='grc' dir='ltr'>τοσοῦτον</span> <span class='ocrx_word' id='word_1_397' title='bbox 1410 1326 1472 1352; x_wconf 81' lang='grc' dir='ltr'>ὅσον</span> <span class='ocrx_word' id='word_1_398' title='bbox 1484 1325 1534 1359; x_wconf 86' lang='grc' dir='ltr'><strong>τὴν</strong></span> <span class='ocrx_word' id='word_1_399' title='bbox 1549 1324 1637 1360; x_wconf 78' lang='grc' dir='ltr'>ψυχὴν</span> <span class='ocrx_word' id='word_1_400' title='bbox 1651 1323 1753 1350; x_wconf 79' lang='grc' dir='ltr'>τιθέναι</span> <span class='ocrx_word' id='word_1_401' title='bbox 1767 1324 1837 1358; x_wconf 75' lang='grc' dir='ltr'>ὑπὲρ</span> 
     </span>
    </p>
   </div>
   <div class='ocr_carea' id='block_1_56' title="bbox 1050 1370 1836 1407">
    <p class='ocr_par' dir='ltr' id='par_1_56' title="bbox 1050 1370 1836 1407">
     <span class='ocr_line' id='line_1_56' title="bbox 1050 1370 1836 1407; baseline -0.003 -9"><span class='ocrx_word' id='word_1_402' title='bbox 1050 1372 1181 1407; x_wconf 78' lang='grc' dir='ltr'>ἀλλήλων,</span> <span class='ocrx_word' id='word_1_403' title='bbox 1197 1372 1336 1407; x_wconf 81' lang='grc' dir='ltr'>ἠνάγκασέ</span> <span class='ocrx_word' id='word_1_404' title='bbox 1352 1380 1396 1407; x_wconf 81' lang='grc' dir='ltr'>με,</span> <span class='ocrx_word' id='word_1_405' title='bbox 1412 1371 1511 1406; x_wconf 86' lang='grc' dir='ltr'>ἀδελφὲ</span> <span class='ocrx_word' id='word_1_406' title='bbox 1526 1370 1705 1406; x_wconf 79' lang='grc' dir='ltr'>πνευματικὲ,</span> <span class='ocrx_word' id='word_1_407' title='bbox 1719 1370 1767 1397; x_wconf 81' lang='grc' dir='ltr'><strong>καὶ</strong></span> <span class='ocrx_word' id='word_1_408' title='bbox 1784 1370 1836 1396; x_wconf 79' lang='grc' dir='ltr'>πά-</span> 
     </span>
    </p>
   </div>
   <div class='ocr_carea' id='block_1_57' title="bbox 1050 1415 1837 1452">
    <p class='ocr_par' dir='ltr' id='par_1_57' title="bbox 1050 1415 1837 1452">
     <span class='ocr_line' id='line_1_57' title="bbox 1050 1415 1837 1452; baseline -0.003 -8"><span class='ocrx_word' id='word_1_409' title='bbox 1050 1418 1092 1444; x_wconf 90' lang='grc' dir='ltr'>λιν</span> <span class='ocrx_word' id='word_1_410' title='bbox 1107 1418 1257 1445; x_wconf 77' lang='grc' dir='ltr'>ἐπιστεῖλαί</span> <span class='ocrx_word' id='word_1_411' title='bbox 1271 1427 1324 1451; x_wconf 88' lang='grc' dir='ltr'>σοι,</span> <span class='ocrx_word' id='word_1_412' title='bbox 1339 1417 1473 1444; x_wconf 80' lang='grc' dir='ltr'>πονοῦντα</span> <span class='ocrx_word' id='word_1_413' title='bbox 1488 1417 1552 1452; x_wconf 71' lang='grc' dir='ltr'>περὶ</span> <span class='ocrx_word' id='word_1_414' title='bbox 1565 1416 1615 1450; x_wconf 78' lang='grc' dir='ltr'><strong>τῆς</strong></span> <span class='ocrx_word' id='word_1_415' title='bbox 1631 1415 1768 1452; x_wconf 81' lang='grc' dir='ltr'><strong>σωτηρίας</strong></span> <span class='ocrx_word' id='word_1_416' title='bbox 1781 1423 1837 1442; x_wconf 63' lang='grc' dir='ltr'>σοιν</span> 
     </span>
    </p>
   </div>
   <div class='ocr_carea' id='block_1_58' title="bbox 1050 1461 1837 1498">
    <p class='ocr_par' dir='ltr' id='par_1_58' title="bbox 1050 1461 1837 1498">
     <span class='ocr_line' id='line_1_58' title="bbox 1050 1461 1837 1498; baseline -0.005 -7"><span class='ocrx_word' id='word_1_417' title='bbox 1050 1465 1097 1491; x_wconf 75' lang='grc' dir='ltr'><strong>καὶ</strong></span> <span class='ocrx_word' id='word_1_418' title='bbox 1119 1464 1252 1491; x_wconf 80' lang='grc' dir='ltr'>ἀκούοντα</span> <span class='ocrx_word' id='word_1_419' title='bbox 1277 1464 1408 1498; x_wconf 84' lang='grc' dir='ltr'>διαίρεσιν</span> <span class='ocrx_word' id='word_1_420' title='bbox 1434 1461 1506 1490; x_wconf 80' lang='grc' dir='ltr'>εἶναι</span> <span class='ocrx_word' id='word_1_421' title='bbox 1528 1461 1709 1498; x_wconf 85' lang='grc' dir='ltr'>σχισματικὴν</span> <span class='ocrx_word' id='word_1_422' title='bbox 1736 1462 1837 1497; x_wconf 77' lang='grc' dir='ltr'>μεταξῦ</span> 
     </span>
    </p>
   </div>
   <div class='ocr_carea' id='block_1_59' title="bbox 1052 1507 1838 1546">
    <p class='ocr_par' dir='ltr' id='par_1_59' title="bbox 1052 1507 1838 1546">
     <span class='ocr_line' id='line_1_59' title="bbox 1052 1507 1838 1546; baseline -0.006 -8"><span class='ocrx_word' id='word_1_423' title='bbox 1052 1511 1130 1546; x_wconf 82' lang='grc' dir='ltr'>ὑμῶν</span> <span class='ocrx_word' id='word_1_424' title='bbox 1151 1511 1198 1538; x_wconf 82' lang='grc' dir='ltr'><strong>καὶ</strong></span> <span class='ocrx_word' id='word_1_425' title='bbox 1217 1511 1319 1546; x_wconf 82' lang='grc' dir='ltr'>ἐτέρων</span> <span class='ocrx_word' id='word_1_426' title='bbox 1335 1509 1457 1545; x_wconf 79' lang='grc' dir='ltr'><strong>ἀδελφῶν</strong></span> <span class='ocrx_word' id='word_1_427' title='bbox 1472 1509 1503 1536; x_wconf 84' lang='grc' dir='ltr'>οὐ</span> <span class='ocrx_word' id='word_1_428' title='bbox 1525 1508 1575 1545; x_wconf 83' lang='grc' dir='ltr'>τὴν</span> <span class='ocrx_word' id='word_1_429' title='bbox 1601 1507 1748 1544; x_wconf 80' lang='grc' dir='ltr'>τυχοῦσαν,</span> <span class='ocrx_word' id='word_1_430' title='bbox 1771 1508 1838 1534; x_wconf 72' lang='grc' dir='ltr'>ἀλλὰ</span> 
     </span>
    </p>
   </div>
   <div class='ocr_carea' id='block_1_60' title="bbox 212 1545 999 1592">
    <p class='ocr_par' dir='ltr' id='par_1_60' title="bbox 212 1555 997 1590">
     <span class='ocr_line' id='line_1_60' title="bbox 212 1555 997 1590; baseline 0.003 -10"><span class='ocrx_word' id='word_1_431' title='bbox 212 1558 243 1581; x_wconf 91' lang='lat' dir='ltr'><strong>ut</strong></span> <span class='ocrx_word' id='word_1_432' title='bbox 257 1555 284 1580; x_wconf 95' lang='lat' dir='ltr'><strong>in</strong></span> <span class='ocrx_word' id='word_1_433' title='bbox 299 1555 367 1581; x_wconf 81' lang='lat' dir='ltr'><strong>duas</strong></span> <span class='ocrx_word' id='word_1_434' title='bbox 383 1561 472 1589; x_wconf 83' lang='lat' dir='ltr'><strong>partes</strong></span> <span class='ocrx_word' id='word_1_435' title='bbox 487 1555 626 1589; x_wconf 89' lang='lat' dir='ltr'><strong>oppositas</strong></span> <span class='ocrx_word' id='word_1_436' title='bbox 643 1555 749 1582; x_wconf 81' lang='lat' dir='ltr'><strong>divulsa</strong></span> <span class='ocrx_word' id='word_1_437' title='bbox 762 1555 797 1583; x_wconf 89' lang='lat' dir='ltr'><strong>sit</strong></span> <span class='ocrx_word' id='word_1_438' title='bbox 816 1555 908 1590; x_wconf 89' lang='lat' dir='ltr'><strong>populi</strong></span> <span class='ocrx_word' id='word_1_439' title='bbox 926 1555 997 1582; x_wconf 88' lang='lat' dir='ltr'><strong>mul-</strong></span> 
     </span>
    </p>
   </div>
   <div class='ocr_carea' id='block_1_61' title="bbox 1051 1545 1840 1592">
    <p class='ocr_par' dir='ltr' id='par_1_61' title="bbox 1051 1545 1840 1592">
     <span class='ocr_line' id='line_1_61' title="bbox 1051 1545 1840 1592; baseline -0.006 -8"><span class='ocrx_word' id='word_1_440' title='bbox 1051 1545 1097 1584; x_wconf 76' lang='grc' dir='ltr'>καὶ</span> <span class='ocrx_word' id='word_1_441' title='bbox 1116 1557 1175 1584; x_wconf 88' lang='grc' dir='ltr'>λίαν</span> <span class='ocrx_word' id='word_1_442' title='bbox 1193 1545 1324 1592; x_wconf 71' lang='grc' dir='ltr'>χαλειιιὴν,</span> <span class='ocrx_word' id='word_1_443' title='bbox 1336 1556 1406 1583; x_wconf 77' lang='grc' dir='ltr'>ὥστε</span> <span class='ocrx_word' id='word_1_444' title='bbox 1425 1556 1473 1583; x_wconf 69' lang='grc' dir='ltr'><strong>καὶ</strong></span> <span class='ocrx_word' id='word_1_445' title='bbox 1490 1553 1730 1591; x_wconf 80' lang='grc' dir='ltr'>συνατιοῤῥαγῆναι</span> <span class='ocrx_word' id='word_1_446' title='bbox 1743 1553 1786 1585; x_wconf 77' lang='grc' dir='ltr'><strong>εἰς</strong></span> <span class='ocrx_word' id='word_1_447' title='bbox 1796 1552 1840 1579; x_wconf 80' lang='grc' dir='ltr'>δύο</span> 
     </span>
    </p>
   </div>
   <div class='ocr_carea' id='block_1_62' title="bbox 213 1600 1000 1636">
    <p class='ocr_par' dir='ltr' id='par_1_62' title="bbox 213 1600 1000 1636">
     <span class='ocr_line' id='line_1_62' title="bbox 213 1600 1000 1636; baseline 0 -10"><span class='ocrx_word' id='word_1_448' title='bbox 213 1600 313 1632; x_wconf 90' lang='lat' dir='ltr'><strong>titudo,</strong></span> <span class='ocrx_word' id='word_1_449' title='bbox 338 1600 422 1627; x_wconf 87' lang='lat' dir='ltr'><strong>altera</strong></span> <span class='ocrx_word' id='word_1_450' title='bbox 439 1601 516 1628; x_wconf 83' lang='lat' dir='ltr'><strong>alteri</strong></span> <span class='ocrx_word' id='word_1_451' title='bbox 540 1602 669 1632; x_wconf 82' lang='lat' dir='ltr'><strong>instante,</strong></span> <span class='ocrx_word' id='word_1_452' title='bbox 689 1601 839 1636; x_wconf 86' lang='lat' dir='ltr'><strong>proculque</strong></span> <span class='ocrx_word' id='word_1_453' title='bbox 865 1608 880 1627; x_wconf 89' lang='lat' dir='ltr'><strong>a</strong></span> <span class='ocrx_word' id='word_1_454' title='bbox 905 1605 1000 1627; x_wconf 87' lang='lat' dir='ltr'><strong>mutua</strong></span> 
     </span>
    </p>
   </div>
   <div class='ocr_carea' id='block_1_63' title="bbox 213 1643 1001 1672">
    <p class='ocr_par' dir='ltr' id='par_1_63' title="bbox 213 1643 1001 1672">
     <span class='ocr_line' id='line_1_63' title="bbox 213 1643 1001 1672; baseline -0.001 -1"><span class='ocrx_word' id='word_1_455' title='bbox 213 1645 407 1672; x_wconf 80' lang='lat' dir='ltr'><strong>communione</strong></span> <span class='ocrx_word' id='word_1_456' title='bbox 430 1645 600 1672; x_wconf 80' lang='lat' dir='ltr'><strong>abscedente.</strong></span> <span class='ocrx_word' id='word_1_457' title='bbox 628 1644 727 1672; x_wconf 91' lang='lat' dir='ltr'><strong>Totum</strong></span> <span class='ocrx_word' id='word_1_458' title='bbox 754 1645 807 1672; x_wconf 90' lang='lat' dir='ltr'><strong>hoc</strong></span> <span class='ocrx_word' id='word_1_459' title='bbox 830 1648 920 1671; x_wconf 88' lang='lat' dir='ltr'><strong>autem</strong></span> <span class='ocrx_word' id='word_1_460' title='bbox 951 1643 1001 1671; x_wconf 84' lang='lat' dir='ltr'><strong>Sa-</strong></span> 
     </span>
    </p>
   </div>
   <div class='ocr_carea' id='block_1_64' title="bbox 214 1690 1000 1726">
    <p class='ocr_par' dir='ltr' id='par_1_64' title="bbox 214 1690 1000 1726">
     <span class='ocr_line' id='line_1_64' title="bbox 214 1690 1000 1726; baseline -0.001 -9"><span class='ocrx_word' id='word_1_461' title='bbox 214 1696 296 1724; x_wconf 70' lang='lat' dir='ltr'><strong>tanae,</strong></span> <span class='ocrx_word' id='word_1_462' title='bbox 315 1691 419 1725; x_wconf 88' lang='lat' dir='ltr'><strong>antiqui</strong></span> <span class='ocrx_word' id='word_1_463' title='bbox 447 1691 599 1724; x_wconf 81' lang='lat' dir='ltr'><strong>homicidae,</strong></span> <span class='ocrx_word' id='word_1_464' title='bbox 622 1695 664 1718; x_wconf 81' lang='lat' dir='ltr'><strong>est</strong></span> <span class='ocrx_word' id='word_1_465' title='bbox 686 1699 765 1726; x_wconf 89' lang='lat' dir='ltr'><strong>opus,</strong></span> <span class='ocrx_word' id='word_1_466' title='bbox 789 1695 816 1718; x_wconf 90' lang='lat' dir='ltr'><strong>et</strong></span> <span class='ocrx_word' id='word_1_467' title='bbox 841 1690 1000 1718; x_wconf 85' lang='lat' dir='ltr'><strong>scandalum</strong></span> 
     </span>
    </p>
   </div>
   <div class='ocr_carea' id='block_1_65' title="bbox 215 1735 1002 1772">
    <p class='ocr_par' dir='ltr' id='par_1_65' title="bbox 215 1735 1002 1772">
     <span class='ocr_line' id='line_1_65' title="bbox 215 1735 1002 1772; baseline -0.003 -8"><span class='ocrx_word' id='word_1_468' title='bbox 215 1737 313 1772; x_wconf 77' lang='lat' dir='ltr'><strong>ingens</strong></span> <span class='ocrx_word' id='word_1_469' title='bbox 329 1745 336 1763; x_wconf 87' lang='lat'><strong>:</strong></span> <span class='ocrx_word' id='word_1_470' title='bbox 354 1744 417 1764; x_wconf 91' lang='lat' dir='ltr'><strong>cum</strong></span> <span class='ocrx_word' id='word_1_471' title='bbox 433 1744 449 1764; x_wconf 89' lang='lat' dir='ltr'><strong>a</strong></span> <span class='ocrx_word' id='word_1_472' title='bbox 467 1736 582 1764; x_wconf 89' lang='lat' dir='ltr'><strong>Domino</strong></span> <span class='ocrx_word' id='word_1_473' title='bbox 605 1737 708 1764; x_wconf 85' lang='lat' dir='ltr'><strong>dictum</strong></span> <span class='ocrx_word' id='word_1_474' title='bbox 725 1737 760 1764; x_wconf 84' lang='lat' dir='ltr'><strong>sit</strong></span> <span class='ocrx_word' id='word_1_475' title='bbox 775 1745 781 1764; x_wconf 88' lang='lat'>:</span> <span class='ocrx_word' id='word_1_476' title='bbox 802 1736 846 1763; x_wconf 80' lang='lat' dir='ltr'><strong>Va:</strong></span> <span class='ocrx_word' id='word_1_477' title='bbox 864 1735 964 1763; x_wconf 80' lang='lat' dir='ltr'><strong>munda</strong></span> <span class='ocrx_word' id='word_1_478' title='bbox 985 1744 1002 1762; x_wconf 83' lang='grc' dir='ltr'>ιι</span> 
     </span>
    </p>
   </div>
   <div class='ocr_carea' id='block_1_66' title="bbox 214 1781 1003 1817">
    <p class='ocr_par' dir='ltr' id='par_1_66' title="bbox 214 1781 1003 1817">
     <span class='ocr_line' id='line_1_66' title="bbox 214 1781 1003 1817; baseline -0.004 -7"><span class='ocrx_word' id='word_1_479' title='bbox 214 1783 350 1810; x_wconf 74' lang='lat' dir='ltr'><strong>scandulis</strong></span> <span class='ocrx_word' id='word_1_480' title='bbox 359 1783 402 1810; x_wconf 70' lang='grc' dir='ltr'><strong>δι’.</strong></span> <span class='ocrx_word' id='word_1_481' title='bbox 425 1782 459 1809; x_wconf 85' lang='lat' dir='ltr'><strong>Et</strong></span> <span class='ocrx_word' id='word_1_482' title='bbox 473 1791 581 1809; x_wconf 87' lang='lat' dir='ltr'><strong>rursum</strong></span> <span class='ocrx_word' id='word_1_483' title='bbox 605 1781 744 1817; x_wconf 65' lang='lat' dir='ltr'><strong>:Espedit</strong></span> <span class='ocrx_word' id='word_1_484' title='bbox 769 1787 798 1808; x_wconf 86' lang='lat' dir='ltr'><strong>ut</strong></span> <span class='ocrx_word' id='word_1_485' title='bbox 824 1781 1003 1815; x_wconf 80' lang='lat' dir='ltr'><strong>suspendatur</strong></span> 
     </span>
    </p>
   </div>
   <div class='ocr_carea' id='block_1_67' title="bbox 215 1828 1000 1862">
    <p class='ocr_par' dir='ltr' id='par_1_67' title="bbox 215 1828 1000 1862">
     <span class='ocr_line' id='line_1_67' title="bbox 215 1828 1000 1862; baseline -0.003 -7"><span class='ocrx_word' id='word_1_486' title='bbox 215 1829 288 1856; x_wconf 85' lang='lat' dir='ltr'><strong>mola</strong></span> <span class='ocrx_word' id='word_1_487' title='bbox 303 1829 423 1855; x_wconf 82' lang='lat' dir='ltr'><strong>asinaria</strong></span> <span class='ocrx_word' id='word_1_488' title='bbox 438 1829 464 1855; x_wconf 85' lang='lat' dir='ltr'><strong>in</strong></span> <span class='ocrx_word' id='word_1_489' title='bbox 480 1828 548 1855; x_wconf 82' lang='lat' dir='ltr'><strong>collo</strong></span> <span class='ocrx_word' id='word_1_490' title='bbox 564 1829 630 1862; x_wconf 81' lang='lat' dir='ltr'><strong>ejus,</strong></span> <span class='ocrx_word' id='word_1_491' title='bbox 647 1833 671 1854; x_wconf 83' lang='lat' dir='ltr'><strong>et</strong></span> <span class='ocrx_word' id='word_1_492' title='bbox 686 1828 853 1862; x_wconf 83' lang='lat' dir='ltr'><strong>demergatur</strong></span> <span class='ocrx_word' id='word_1_493' title='bbox 867 1828 894 1854; x_wconf 80' lang='lat' dir='ltr'><strong>in</strong></span> <span class='ocrx_word' id='word_1_494' title='bbox 917 1836 1000 1860; x_wconf 86' lang='lat' dir='ltr'><strong>mure,</strong></span> 
     </span>
    </p>
   </div>
   <div class='ocr_carea' id='block_1_68' title="bbox 215 1874 1003 1911">
    <p class='ocr_par' dir='ltr' id='par_1_68' title="bbox 215 1874 1003 1911">
     <span class='ocr_line' id='line_1_68' title="bbox 215 1874 1003 1911; baseline -0.001 -10"><span class='ocrx_word' id='word_1_495' title='bbox 215 1883 295 1911; x_wconf 87' lang='lat' dir='ltr'><strong>quam</strong></span> <span class='ocrx_word' id='word_1_496' title='bbox 318 1879 346 1902; x_wconf 83' lang='lat' dir='ltr'><strong>ut</strong></span> <span class='ocrx_word' id='word_1_497' title='bbox 362 1874 527 1902; x_wconf 75' lang='lat' dir='ltr'><strong>scandalizet</strong></span> <span class='ocrx_word' id='word_1_498' title='bbox 549 1883 632 1901; x_wconf 83' lang='lat' dir='ltr'><strong>unum</strong></span> <span class='ocrx_word' id='word_1_499' title='bbox 654 1875 686 1901; x_wconf 87' lang='lat' dir='ltr'><strong>de</strong></span> <span class='ocrx_word' id='word_1_500' title='bbox 700 1875 807 1908; x_wconf 80' lang='lat' dir='ltr'><strong>pusillis</strong></span> <span class='ocrx_word' id='word_1_501' title='bbox 833 1875 893 1901; x_wconf 72' lang='lat' dir='ltr'><strong>istis</strong></span> <span class='ocrx_word' id='word_1_502' title='bbox 905 1875 937 1902; x_wconf 87' lang='grc'><strong>¹¹.</strong></span> <span class='ocrx_word' id='word_1_503' title='bbox 953 1874 1003 1901; x_wconf 85' lang='lat' dir='ltr'><strong>Mi-</strong></span> 
     </span>
    </p>
   </div>
   <div class='ocr_carea' id='block_1_69' title="bbox 215 1921 1005 1955">
    <p class='ocr_par' dir='ltr' id='par_1_69' title="bbox 215 1921 1005 1955">
     <span class='ocr_line' id='line_1_69' title="bbox 215 1921 1005 1955; baseline -0.001 -7"><span class='ocrx_word' id='word_1_504' title='bbox 215 1929 318 1955; x_wconf 89' lang='lat' dir='ltr'><strong>rorquc</strong></span> <span class='ocrx_word' id='word_1_505' title='bbox 333 1928 388 1955; x_wconf 88' lang='lat' dir='ltr'><strong>quo</strong></span> <span class='ocrx_word' id='word_1_506' title='bbox 405 1925 484 1955; x_wconf 87' lang='lat' dir='ltr'><strong>pacto</strong></span> <span class='ocrx_word' id='word_1_507' title='bbox 506 1921 657 1948; x_wconf 87' lang='lat' dir='ltr'><strong>reverentia</strong></span> <span class='ocrx_word' id='word_1_508' title='bbox 674 1925 728 1952; x_wconf 84' lang='lat' dir='ltr'><strong>tua,</strong></span> <span class='ocrx_word' id='word_1_509' title='bbox 747 1929 807 1955; x_wconf 75' lang='lat' dir='ltr'><strong>qua:</strong></span> <span class='ocrx_word' id='word_1_510' title='bbox 827 1925 866 1948; x_wconf 86' lang='lat' dir='ltr'><strong>tot</strong></span> <span class='ocrx_word' id='word_1_511' title='bbox 877 1921 932 1955; x_wconf 86' lang='lat' dir='ltr'><strong>jam</strong></span> <span class='ocrx_word' id='word_1_512' title='bbox 956 1929 1005 1947; x_wconf 86' lang='lat' dir='ltr'><strong>an-</strong></span> 
     </span>
    </p>
   </div>
   <div class='ocr_carea' id='block_1_70' title="bbox 216 1966 1004 2002">
    <p class='ocr_par' dir='ltr' id='par_1_70' title="bbox 216 1966 1004 2002">
     <span class='ocr_line' id='line_1_70' title="bbox 216 1966 1004 2002; baseline 0 -8"><span class='ocrx_word' id='word_1_513' title='bbox 216 1975 316 1994; x_wconf 91' lang='lat' dir='ltr'><strong>norum</strong></span> <span class='ocrx_word' id='word_1_514' title='bbox 335 1967 425 2002; x_wconf 85' lang='lat' dir='ltr'><strong>spatio</strong></span> <span class='ocrx_word' id='word_1_515' title='bbox 446 1971 598 2000; x_wconf 84' lang='lat' dir='ltr'><strong>exercetur,</strong></span> <span class='ocrx_word' id='word_1_516' title='bbox 621 1966 731 2002; x_wconf 85' lang='lat' dir='ltr'><strong>Deoque</strong></span> <span class='ocrx_word' id='word_1_517' title='bbox 746 1967 876 2000; x_wconf 67' lang='lat' dir='ltr'><strong>adhaeret,</strong></span> <span class='ocrx_word' id='word_1_518' title='bbox 901 1968 935 1994; x_wconf 88' lang='lat' dir='ltr'><strong>de</strong></span> <span class='ocrx_word' id='word_1_519' title='bbox 952 1967 1004 1994; x_wconf 76' lang='lat' dir='ltr'><strong>hoc</strong></span> 
     </span>
    </p>
   </div>
   <div class='ocr_carea' id='block_1_71' title="bbox 217 2012 1004 2048">
    <p class='ocr_par' dir='ltr' id='par_1_71' title="bbox 217 2012 1004 2048">
     <span class='ocr_line' id='line_1_71' title="bbox 217 2012 1004 2048; baseline 0 -9"><span class='ocrx_word' id='word_1_520' title='bbox 217 2012 341 2048; x_wconf 86' lang='lat' dir='ltr'><strong>periculo</strong></span> <span class='ocrx_word' id='word_1_521' title='bbox 363 2012 431 2040; x_wconf 87' lang='lat' dir='ltr'><strong>nihil</strong></span> <span class='ocrx_word' id='word_1_522' title='bbox 456 2012 572 2040; x_wconf 88' lang='lat' dir='ltr'><strong>sollicita</strong></span> <span class='ocrx_word' id='word_1_523' title='bbox 599 2013 634 2040; x_wconf 79' lang='lat' dir='ltr'><strong>sit</strong></span> <span class='ocrx_word' id='word_1_524' title='bbox 650 2021 656 2039; x_wconf 89' lang='lat'>:</span> <span class='ocrx_word' id='word_1_525' title='bbox 675 2013 758 2047; x_wconf 83' lang='lat' dir='ltr'><strong>quod,</strong></span> <span class='ocrx_word' id='word_1_526' title='bbox 784 2013 836 2040; x_wconf 91' lang='lat' dir='ltr'><strong>nisi</strong></span> <span class='ocrx_word' id='word_1_527' title='bbox 861 2012 934 2039; x_wconf 90' lang='lat' dir='ltr'><strong>omni</strong></span> <span class='ocrx_word' id='word_1_528' title='bbox 957 2017 1004 2039; x_wconf 91' lang='lat' dir='ltr'><strong>tuo</strong></span> 
     </span>
    </p>
   </div>
   <div class='ocr_carea' id='block_1_72' title="bbox 217 2058 1004 2094">
    <p class='ocr_par' dir='ltr' id='par_1_72' title="bbox 217 2058 1004 2094">
     <span class='ocr_line' id='line_1_72' title="bbox 217 2058 1004 2094; baseline 0 -9"><span class='ocrx_word' id='word_1_529' title='bbox 217 2058 309 2086; x_wconf 87' lang='lat' dir='ltr'><strong>studio</strong></span> <span class='ocrx_word' id='word_1_530' title='bbox 325 2066 358 2086; x_wconf 86' lang='lat' dir='ltr'><strong>ac</strong></span> <span class='ocrx_word' id='word_1_531' title='bbox 375 2059 515 2094; x_wconf 83' lang='lat' dir='ltr'><strong>diligentia</strong></span> <span class='ocrx_word' id='word_1_532' title='bbox 535 2059 698 2093; x_wconf 79' lang='lat' dir='ltr'><strong>corrigatur,</strong></span> <span class='ocrx_word' id='word_1_533' title='bbox 721 2066 776 2086; x_wconf 92' lang='lat' dir='ltr'><strong>non</strong></span> <span class='ocrx_word' id='word_1_534' title='bbox 795 2059 876 2086; x_wconf 91' lang='lat' dir='ltr'><strong>modo</strong></span> <span class='ocrx_word' id='word_1_535' title='bbox 896 2058 1004 2086; x_wconf 87' lang='lat' dir='ltr'><strong>inanem</strong></span> 
     </span>
    </p>
   </div>
   <div class='ocr_carea' id='block_1_73' title="bbox 217 2105 1004 2140">
    <p class='ocr_par' dir='ltr' id='par_1_73' title="bbox 217 2105 1004 2140">
     <span class='ocr_line' id='line_1_73' title="bbox 217 2105 1004 2140; baseline 0.001 -9"><span class='ocrx_word' id='word_1_536' title='bbox 217 2105 325 2140; x_wconf 87' lang='lat' dir='ltr'><strong>penitus</strong></span> <span class='ocrx_word' id='word_1_537' title='bbox 347 2105 570 2133; x_wconf 86' lang='lat' dir='ltr'><strong>exercitationem</strong></span> <span class='ocrx_word' id='word_1_538' title='bbox 594 2110 668 2132; x_wconf 92' lang='lat' dir='ltr'><strong>tuam</strong></span> <span class='ocrx_word' id='word_1_539' title='bbox 685 2105 788 2137; x_wconf 87' lang='lat' dir='ltr'><strong>reddet,</strong></span> <span class='ocrx_word' id='word_1_540' title='bbox 806 2113 900 2132; x_wconf 82' lang='lat' dir='ltr'><strong>verum</strong></span> <span class='ocrx_word' id='word_1_541' title='bbox 922 2105 1004 2132; x_wconf 88' lang='lat' dir='ltr'><strong>etiam</strong></span> 
     </span>
    </p>
   </div>
   <div class='ocr_carea' id='block_1_74' title="bbox 217 2151 1006 2187">
    <p class='ocr_par' dir='ltr' id='par_1_74' title="bbox 217 2151 1006 2187">
     <span class='ocr_line' id='line_1_74' title="bbox 217 2151 1006 2187; baseline 0 -9"><span class='ocrx_word' id='word_1_542' title='bbox 217 2156 256 2186; x_wconf 84' lang='lat' dir='ltr'><strong>te,</strong></span> <span class='ocrx_word' id='word_1_543' title='bbox 269 2152 340 2187; x_wconf 92' lang='lat' dir='ltr'><strong>quod</strong></span> <span class='ocrx_word' id='word_1_544' title='bbox 357 2152 440 2183; x_wconf 86' lang='lat' dir='ltr'><strong>absit,</strong></span> <span class='ocrx_word' id='word_1_545' title='bbox 456 2152 534 2187; x_wconf 83' lang='lat' dir='ltr'><strong>longe</strong></span> <span class='ocrx_word' id='word_1_546' title='bbox 555 2159 570 2178; x_wconf 87' lang='lat' dir='ltr'><strong>a</strong></span> <span class='ocrx_word' id='word_1_547' title='bbox 588 2151 644 2178; x_wconf 86' lang='lat' dir='ltr'><strong>Deo</strong></span> <span class='ocrx_word' id='word_1_548' title='bbox 668 2151 850 2179; x_wconf 87' lang='lat' dir='ltr'><strong>submovebit.</strong></span> <span class='ocrx_word' id='word_1_549' title='bbox 869 2151 930 2184; x_wconf 82' lang='lat' dir='ltr'><strong>Quo</strong></span> <span class='ocrx_word' id='word_1_550' title='bbox 956 2151 1006 2178; x_wconf 84' lang='lat' dir='ltr'><strong>im-</strong></span> 
     </span>
    </p>
   </div>
   <div class='ocr_carea' id='block_1_75' title="bbox 219 2197 1043 2244">
    <p class='ocr_par' dir='ltr' id='par_1_75' title="bbox 219 2197 1043 2244">
     <span class='ocr_line' id='line_1_75' title="bbox 219 2197 1043 2244; baseline -0.001 -19"><span class='ocrx_word' id='word_1_551' title='bbox 219 2199 314 2234; x_wconf 86' lang='lat' dir='ltr'><strong>pulsus</strong></span> <span class='ocrx_word' id='word_1_552' title='bbox 329 2198 422 2226; x_wconf 77' lang='lat' dir='ltr'><strong>fratris</strong></span> <span class='ocrx_word' id='word_1_553' title='bbox 440 2206 546 2230; x_wconf 86' lang='lat' dir='ltr'><strong>amans,</strong></span> <span class='ocrx_word' id='word_1_554' title='bbox 565 2197 658 2230; x_wconf 81' lang='lat' dir='ltr'><strong>frater,</strong></span> <span class='ocrx_word' id='word_1_555' title='bbox 677 2203 739 2225; x_wconf 84' lang='lat' dir='ltr'><strong>ante</strong></span> <span class='ocrx_word' id='word_1_556' title='bbox 759 2203 813 2225; x_wconf 85' lang='lat' dir='ltr'><strong>tres</strong></span> <span class='ocrx_word' id='word_1_557' title='bbox 829 2205 926 2230; x_wconf 76' lang='lat' dir='ltr'><strong>anttos,</strong></span> <span class='ocrx_word' id='word_1_558' title='bbox 941 2205 1004 2225; x_wconf 92' lang='lat' dir='ltr'><strong>cum</strong></span> <span class='ocrx_word' id='word_1_559' title='bbox 1020 2216 1043 2244; x_wconf 70' lang='grc' dir='ltr'><strong>Β</strong></span> 
     </span>
    </p>
   </div>
   <div class='ocr_carea' id='block_1_76' title="bbox 220 2245 1003 2280">
    <p class='ocr_par' dir='ltr' id='par_1_76' title="bbox 220 2245 1003 2280">
     <span class='ocr_line' id='line_1_76' title="bbox 220 2245 1003 2280; baseline -0.001 -8"><span class='ocrx_word' id='word_1_560' title='bbox 220 2246 334 2280; x_wconf 84' lang='lat' dir='ltr'><strong>Smyrna</strong></span> <span class='ocrx_word' id='word_1_561' title='bbox 347 2245 454 2273; x_wconf 88' lang='lat' dir='ltr'><strong>rediens</strong></span> <span class='ocrx_word' id='word_1_562' title='bbox 465 2245 553 2272; x_wconf 87' lang='lat' dir='ltr'><strong>isthuc</strong></span> <span class='ocrx_word' id='word_1_563' title='bbox 562 2245 834 2279; x_wconf 74' lang='lat' dir='ltr'><strong>appropinquassent,</strong></span> <span class='ocrx_word' id='word_1_564' title='bbox 847 2249 873 2271; x_wconf 88' lang='lat' dir='ltr'><strong>et</strong></span> <span class='ocrx_word' id='word_1_565' title='bbox 884 2245 1003 2271; x_wconf 84' lang='lat' dir='ltr'><strong>schisma</strong></span> 
     </span>
    </p>
   </div>
   <div class='ocr_carea' id='block_1_77' title="bbox 219 2291 1004 2325">
    <p class='ocr_par' dir='ltr' id='par_1_77' title="bbox 219 2291 1004 2325">
     <span class='ocr_line' id='line_1_77' title="bbox 219 2291 1004 2325; baseline -0.001 -7"><span class='ocrx_word' id='word_1_566' title='bbox 219 2291 388 2324; x_wconf 79' lang='lat' dir='ltr'><strong>didicissem,</strong></span> <span class='ocrx_word' id='word_1_567' title='bbox 403 2291 500 2325; x_wconf 84' lang='lat' dir='ltr'><strong>scripsi</strong></span> <span class='ocrx_word' id='word_1_568' title='bbox 513 2291 546 2318; x_wconf 90' lang='lat' dir='ltr'><strong>ad</strong></span> <span class='ocrx_word' id='word_1_569' title='bbox 555 2297 580 2317; x_wconf 89' lang='lat' dir='ltr'><strong>te</strong></span> <span class='ocrx_word' id='word_1_570' title='bbox 593 2299 652 2325; x_wconf 74' lang='lat' dir='ltr'><strong>qua:</strong></span> <span class='ocrx_word' id='word_1_571' title='bbox 664 2291 815 2322; x_wconf 88' lang='lat' dir='ltr'><strong>audieram,</strong></span> <span class='ocrx_word' id='word_1_572' title='bbox 828 2295 855 2317; x_wconf 92' lang='lat' dir='ltr'><strong>et</strong></span> <span class='ocrx_word' id='word_1_573' title='bbox 866 2291 1004 2325; x_wconf 89' lang='lat' dir='ltr'><strong>quomodo</strong></span> 
     </span>
    </p>
   </div>
   <div class='ocr_carea' id='block_1_78' title="bbox 219 2336 1006 2371">
    <p class='ocr_par' dir='ltr' id='par_1_78' title="bbox 219 2336 1006 2371">
     <span class='ocr_line' id='line_1_78' title="bbox 219 2336 1006 2371; baseline 0 -7"><span class='ocrx_word' id='word_1_574' title='bbox 219 2337 253 2364; x_wconf 90' lang='lat' dir='ltr'><strong>de</strong></span> <span class='ocrx_word' id='word_1_575' title='bbox 278 2337 392 2364; x_wconf 88' lang='lat' dir='ltr'><strong>veritate</strong></span> <span class='ocrx_word' id='word_1_576' title='bbox 423 2336 525 2364; x_wconf 89' lang='lat' dir='ltr'><strong>sentire</strong></span> <span class='ocrx_word' id='word_1_577' title='bbox 555 2341 581 2363; x_wconf 83' lang='lat' dir='ltr'><strong>te</strong></span> <span class='ocrx_word' id='word_1_578' title='bbox 611 2340 763 2371; x_wconf 84' lang='lat' dir='ltr'><strong>oporteret,</strong></span> <span class='ocrx_word' id='word_1_579' title='bbox 797 2341 824 2364; x_wconf 86' lang='lat' dir='ltr'><strong>et</strong></span> <span class='ocrx_word' id='word_1_580' title='bbox 848 2336 1006 2371; x_wconf 89' lang='lat' dir='ltr'><strong>impendens</strong></span> 
     </span>
    </p>
   </div>
   <div class='ocr_carea' id='block_1_79' title="bbox 220 2381 1007 2417">
    <p class='ocr_par' dir='ltr' id='par_1_79' title="bbox 220 2381 1007 2417">
     <span class='ocr_line' id='line_1_79' title="bbox 220 2381 1007 2417; baseline -0.003 -8"><span class='ocrx_word' id='word_1_581' title='bbox 220 2382 344 2409; x_wconf 88' lang='lat' dir='ltr'><strong>scandali</strong></span> <span class='ocrx_word' id='word_1_582' title='bbox 369 2382 521 2417; x_wconf 88' lang='lat' dir='ltr'><strong>periculum</strong></span> <span class='ocrx_word' id='word_1_583' title='bbox 540 2382 669 2417; x_wconf 79' lang='lat' dir='ltr'><strong>ell&#39;ugcre.</strong></span> <span class='ocrx_word' id='word_1_584' title='bbox 691 2381 731 2408; x_wconf 90' lang='lat' dir='ltr'><strong>Tu</strong></span> <span class='ocrx_word' id='word_1_585' title='bbox 744 2389 810 2409; x_wconf 89' lang='lat' dir='ltr'><strong>vero</strong></span> <span class='ocrx_word' id='word_1_586' title='bbox 832 2389 888 2408; x_wconf 85' lang='lat' dir='ltr'><strong>non</strong></span> <span class='ocrx_word' id='word_1_587' title='bbox 909 2381 1007 2408; x_wconf 88' lang='lat' dir='ltr'><strong>reseri-</strong></span> 
     </span>
    </p>
   </div>
   <div class='ocr_carea' id='block_1_80' title="bbox 219 2427 1006 2464">
    <p class='ocr_par' dir='ltr' id='par_1_80' title="bbox 219 2427 1006 2464">
     <span class='ocr_line' id='line_1_80' title="bbox 219 2427 1006 2464; baseline 0 -10"><span class='ocrx_word' id='word_1_588' title='bbox 219 2428 299 2464; x_wconf 86' lang='lat' dir='ltr'><strong>psisti</strong></span> <span class='ocrx_word' id='word_1_589' title='bbox 316 2427 383 2454; x_wconf 90' lang='lat' dir='ltr'><strong>mihi</strong></span> <span class='ocrx_word' id='word_1_590' title='bbox 401 2437 408 2454; x_wconf 86' lang='lat'><strong>:</strong></span> <span class='ocrx_word' id='word_1_591' title='bbox 422 2431 450 2455; x_wconf 85' lang='lat' dir='ltr'><strong>et</strong></span> <span class='ocrx_word' id='word_1_592' title='bbox 468 2428 567 2455; x_wconf 89' lang='lat' dir='ltr'><strong>iterum</strong></span> <span class='ocrx_word' id='word_1_593' title='bbox 583 2427 744 2463; x_wconf 75' lang='lat' dir='ltr'><strong>significavi,</strong></span> <span class='ocrx_word' id='word_1_594' title='bbox 763 2431 790 2454; x_wconf 91' lang='lat' dir='ltr'><strong>et</strong></span> <span class='ocrx_word' id='word_1_595' title='bbox 807 2427 872 2454; x_wconf 92' lang='lat' dir='ltr'><strong>mihi</strong></span> <span class='ocrx_word' id='word_1_596' title='bbox 893 2435 947 2454; x_wconf 89' lang='lat' dir='ltr'><strong>non</strong></span> <span class='ocrx_word' id='word_1_597' title='bbox 962 2435 1006 2454; x_wconf 89' lang='lat' dir='ltr'><strong>re-</strong></span> 
     </span>
    </p>
   </div>
   <div class='ocr_carea' id='block_1_81' title="bbox 221 2474 1010 2510">
    <p class='ocr_par' dir='ltr' id='par_1_81' title="bbox 221 2474 1010 2510">
     <span class='ocr_line' id='line_1_81' title="bbox 221 2474 1010 2510; baseline -0.003 -8"><span class='ocrx_word' id='word_1_598' title='bbox 221 2475 368 2510; x_wconf 82' lang='lat' dir='ltr'><strong>spondisti.</strong></span> <span class='ocrx_word' id='word_1_599' title='bbox 385 2474 463 2507; x_wconf 83' lang='lat' dir='ltr'><strong>Quod</strong></span> <span class='ocrx_word' id='word_1_600' title='bbox 481 2474 591 2509; x_wconf 86' lang='lat' dir='ltr'><strong>quidem</strong></span> <span class='ocrx_word' id='word_1_601' title='bbox 610 2474 787 2501; x_wconf 79' lang='lat' dir='ltr'><strong>manifestum</strong></span> <span class='ocrx_word' id='word_1_602' title='bbox 806 2479 847 2501; x_wconf 91' lang='lat' dir='ltr'><strong>cst</strong></span> <span class='ocrx_word' id='word_1_603' title='bbox 861 2481 1010 2508; x_wconf 80' lang='lat' dir='ltr'><strong>argumen-</strong></span> 
     </span>
    </p>
   </div>
   <div class='ocr_carea' id='block_1_82' title="bbox 222 2520 1011 2553">
    <p class='ocr_par' dir='ltr' id='par_1_82' title="bbox 222 2520 1011 2553">
     <span class='ocr_line' id='line_1_82' title="bbox 222 2520 1011 2553; baseline -0.004 -5"><span class='ocrx_word' id='word_1_604' title='bbox 222 2527 290 2553; x_wconf 85' lang='lat' dir='ltr'><strong>tum,</strong></span> <span class='ocrx_word' id='word_1_605' title='bbox 311 2521 381 2548; x_wconf 88' lang='lat' dir='ltr'><strong>nolle</strong></span> <span class='ocrx_word' id='word_1_606' title='bbox 395 2525 419 2548; x_wconf 89' lang='lat' dir='ltr'><strong>te</strong></span> <span class='ocrx_word' id='word_1_607' title='bbox 434 2520 489 2547; x_wconf 89' lang='lat' dir='ltr'><strong>Deo</strong></span> <span class='ocrx_word' id='word_1_608' title='bbox 504 2521 618 2552; x_wconf 88' lang='lat' dir='ltr'><strong>servire,</strong></span> <span class='ocrx_word' id='word_1_609' title='bbox 634 2528 683 2547; x_wconf 90' lang='lat' dir='ltr'><strong>nec</strong></span> <span class='ocrx_word' id='word_1_610' title='bbox 697 2520 769 2548; x_wconf 90' lang='lat' dir='ltr'><strong>circa</strong></span> <span class='ocrx_word' id='word_1_611' title='bbox 785 2520 925 2546; x_wconf 81' lang='lat' dir='ltr'><strong>veritatem</strong></span> <span class='ocrx_word' id='word_1_612' title='bbox 938 2524 1011 2546; x_wconf 83' lang='lat' dir='ltr'><strong>recte</strong></span> 
     </span>
    </p>
   </div>
   <div class='ocr_carea' id='block_1_83' title="bbox 220 2566 1008 2603">
    <p class='ocr_par' dir='ltr' id='par_1_83' title="bbox 220 2566 1008 2603">
     <span class='ocr_line' id='line_1_83' title="bbox 220 2566 1008 2603; baseline -0.003 -9"><span class='ocrx_word' id='word_1_613' title='bbox 220 2567 359 2595; x_wconf 89' lang='lat' dir='ltr'><strong>incedere.</strong></span> <span class='ocrx_word' id='word_1_614' title='bbox 380 2567 494 2603; x_wconf 82' lang='lat' dir='ltr'><strong>Ignosce</strong></span> <span class='ocrx_word' id='word_1_615' title='bbox 517 2568 596 2600; x_wconf 88' lang='lat' dir='ltr'><strong>mihi,</strong></span> <span class='ocrx_word' id='word_1_616' title='bbox 624 2575 675 2594; x_wconf 90' lang='lat' dir='ltr'><strong>nec</strong></span> <span class='ocrx_word' id='word_1_617' title='bbox 695 2575 766 2602; x_wconf 61' lang='lat' dir='ltr'><strong>aegre</strong></span> <span class='ocrx_word' id='word_1_618' title='bbox 781 2566 853 2593; x_wconf 80' lang='lat' dir='ltr'><strong>feras</strong></span> <span class='ocrx_word' id='word_1_619' title='bbox 878 2574 922 2593; x_wconf 88' lang='lat' dir='ltr'><strong>me</strong></span> <span class='ocrx_word' id='word_1_620' title='bbox 937 2566 1008 2600; x_wconf 91' lang='lat' dir='ltr'><strong>quod</strong></span> 
     </span>
    </p>
   </div>
   <div class='ocr_carea' id='block_1_84' title="bbox 221 2612 1008 2648">
    <p class='ocr_par' dir='ltr' id='par_1_84' title="bbox 221 2612 1008 2648">
     <span class='ocr_line' id='line_1_84' title="bbox 221 2612 1008 2648; baseline -0.004 -8"><span class='ocrx_word' id='word_1_621' title='bbox 221 2621 316 2641; x_wconf 89' lang='lat' dir='ltr'><strong>verum</strong></span> <span class='ocrx_word' id='word_1_622' title='bbox 340 2619 382 2642; x_wconf 89' lang='lat' dir='ltr'><strong>est</strong></span> <span class='ocrx_word' id='word_1_623' title='bbox 405 2614 506 2642; x_wconf 89' lang='lat' dir='ltr'><strong>dicere.</strong></span> <span class='ocrx_word' id='word_1_624' title='bbox 535 2612 671 2648; x_wconf 88' lang='lat' dir='ltr'><strong>Scriptqu</strong></span> <span class='ocrx_word' id='word_1_625' title='bbox 701 2617 767 2640; x_wconf 87' lang='lat' dir='ltr'><strong>est:</strong></span> <span class='ocrx_word' id='word_1_626' title='bbox 788 2612 883 2639; x_wconf 87' lang='lat' dir='ltr'><strong>Palam</strong></span> <span class='ocrx_word' id='word_1_627' title='bbox 913 2620 1008 2647; x_wconf 73' lang='lat' dir='ltr'><strong>argues</strong></span> 
     </span>
    </p>
   </div>
   <div class='ocr_carea' id='block_1_85' title="bbox 221 2658 1007 2695">
    <p class='ocr_par' dir='ltr' id='par_1_85' title="bbox 221 2658 1007 2695">
     <span class='ocr_line' id='line_1_85' title="bbox 221 2658 1007 2695; baseline -0.003 -9"><span class='ocrx_word' id='word_1_628' title='bbox 221 2660 374 2695; x_wconf 70' lang='lat' dir='ltr'><strong>proximum</strong></span> <span class='ocrx_word' id='word_1_629' title='bbox 392 2665 478 2693; x_wconf 84' lang='lat' dir='ltr'><strong>tuum,</strong></span> <span class='ocrx_word' id='word_1_630' title='bbox 505 2664 530 2687; x_wconf 79' lang='lat' dir='ltr'><strong>et</strong></span> <span class='ocrx_word' id='word_1_631' title='bbox 546 2667 598 2686; x_wconf 85' lang='lat' dir='ltr'><strong>non</strong></span> <span class='ocrx_word' id='word_1_632' title='bbox 614 2658 826 2694; x_wconf 78' lang='lat' dir='ltr'><strong>eoinquinaberis</strong></span> <span class='ocrx_word' id='word_1_633' title='bbox 848 2662 955 2693; x_wconf 76' lang='lat' dir='ltr'><strong>peccato</strong></span> <span class='ocrx_word' id='word_1_634' title='bbox 974 2658 1007 2685; x_wconf 82' lang='lat' dir='ltr'><strong>il-</strong></span> 
     </span>
    </p>
   </div>
   <div class='ocr_carea' id='block_1_86' title="bbox 264 2751 1323 2788">
    <p class='ocr_par' dir='ltr' id='par_1_86' title="bbox 264 2751 1323 2788">
     <span class='ocr_line' id='line_1_86' title="bbox 264 2751 1323 2788; baseline -0.001 -6"><span class='ocrx_word' id='word_1_635' title='bbox 264 2754 288 2772; x_wconf 80' lang='lat'>&quot;</span> <span class='ocrx_word' id='word_1_636' title='bbox 301 2753 369 2782; x_wconf 92' lang='lat' dir='ltr'><strong>Luc.</strong></span> <span class='ocrx_word' id='word_1_637' title='bbox 389 2761 440 2788; x_wconf 75' lang='lat' dir='ltr'><strong>xu,</strong></span> <span class='ocrx_word' id='word_1_638' title='bbox 456 2754 501 2782; x_wconf 68' lang='lat'><strong>48.</strong></span> <span class='ocrx_word' id='word_1_639' title='bbox 531 2754 554 2770; x_wconf 84' lang='grc'><strong>¹⁹</strong></span> <span class='ocrx_word' id='word_1_640' title='bbox 566 2753 661 2782; x_wconf 84' lang='lat' dir='ltr'><strong>Matth.</strong></span> <span class='ocrx_word' id='word_1_641' title='bbox 678 2761 706 2788; x_wconf 90' lang='lat' dir='ltr'><strong>v,</strong></span> <span class='ocrx_word' id='word_1_642' title='bbox 721 2753 765 2782; x_wconf 79' lang='lat' dir='ltr'><strong>I5.</strong></span> <span class='ocrx_word' id='word_1_643' title='bbox 803 2753 826 2770; x_wconf 88' lang='grc'><strong>⁸⁰</strong></span> <span class='ocrx_word' id='word_1_644' title='bbox 838 2752 847 2781; x_wconf 94' lang='lat' dir='ltr'><strong>I</strong></span> <span class='ocrx_word' id='word_1_645' title='bbox 859 2752 922 2782; x_wconf 87' lang='lat' dir='ltr'><strong>Cor.</strong></span> <span class='ocrx_word' id='word_1_646' title='bbox 941 2760 998 2784; x_wconf 80' lang='lat' dir='ltr'><strong>xlv,</strong></span> <span class='ocrx_word' id='word_1_647' title='bbox 1016 2751 1062 2778; x_wconf 68' lang='grc'><strong>40.</strong></span> <span class='ocrx_word' id='word_1_648' title='bbox 1093 2751 1202 2782; x_wconf 80' lang='lat' dir='ltr'><strong>&quot;Joan.</strong></span> <span class='ocrx_word' id='word_1_649' title='bbox 1221 2760 1265 2787; x_wconf 80' lang='lat' dir='ltr'><strong>xv,</strong></span> <span class='ocrx_word' id='word_1_650' title='bbox 1281 2753 1323 2781; x_wconf 77' lang='lat' dir='ltr'><strong>I2.</strong></span> 
     </span>
    </p>
   </div>
   <div class='ocr_carea' id='block_1_87' title="bbox 1052 1599 1839 1638">
    <p class='ocr_par' dir='ltr' id='par_1_87' title="bbox 1052 1599 1839 1638">
     <span class='ocr_line' id='line_1_87' title="bbox 1052 1599 1839 1638; baseline -0.005 -9"><span class='ocrx_word' id='word_1_651' title='bbox 1052 1602 1122 1638; x_wconf 76' lang='grc' dir='ltr'>μέρη</span> <span class='ocrx_word' id='word_1_652' title='bbox 1137 1602 1314 1637; x_wconf 83' lang='grc' dir='ltr'>ἀντικείμενα</span> <span class='ocrx_word' id='word_1_653' title='bbox 1327 1601 1373 1628; x_wconf 77' lang='grc' dir='ltr'><strong>τὸν</strong></span> <span class='ocrx_word' id='word_1_654' title='bbox 1394 1601 1519 1635; x_wconf 86' lang='grc' dir='ltr'>ἀγελαῖον</span> <span class='ocrx_word' id='word_1_655' title='bbox 1535 1600 1610 1631; x_wconf 80' lang='grc' dir='ltr'>λαδν.</span> <span class='ocrx_word' id='word_1_656' title='bbox 1625 1599 1758 1634; x_wconf 78' lang='grc' dir='ltr'>ἑκατέρου</span> <span class='ocrx_word' id='word_1_657' title='bbox 1778 1599 1839 1626; x_wconf 82' lang='grc' dir='ltr'>ἑκα-</span> 
     </span>
    </p>
   </div>
   <div class='ocr_carea' id='block_1_88' title="bbox 1050 1645 1839 1683">
    <p class='ocr_par' dir='ltr' id='par_1_88' title="bbox 1050 1645 1839 1683">
     <span class='ocr_line' id='line_1_88' title="bbox 1050 1645 1839 1683; baseline -0.005 -8"><span class='ocrx_word' id='word_1_658' title='bbox 1050 1649 1122 1683; x_wconf 80' lang='grc' dir='ltr'>τέρῳ</span> <span class='ocrx_word' id='word_1_659' title='bbox 1145 1648 1356 1683; x_wconf 78' lang='grc' dir='ltr'>προσκειμένου,</span> <span class='ocrx_word' id='word_1_660' title='bbox 1381 1647 1429 1674; x_wconf 77' lang='grc' dir='ltr'>καὶ</span> <span class='ocrx_word' id='word_1_661' title='bbox 1575 1645 1760 1681; x_wconf 79' lang='grc' dir='ltr'>ἀφισταμένου</span> <span class='ocrx_word' id='word_1_662' title='bbox 1792 1646 1839 1680; x_wconf 80' lang='grc' dir='ltr'>τῆς</span> 
     </span>
    </p>
   </div>
   <div class='ocr_carea' id='block_1_89' title="bbox 1052 1691 1839 1729">
    <p class='ocr_par' dir='ltr' id='par_1_89' title="bbox 1052 1691 1839 1729">
     <span class='ocr_line' id='line_1_89' title="bbox 1052 1691 1839 1729; baseline -0.004 -9"><span class='ocrx_word' id='word_1_663' title='bbox 1052 1694 1216 1729; x_wconf 78' lang='grc' dir='ltr'>ἀλληλούχου</span> <span class='ocrx_word' id='word_1_664' title='bbox 1245 1694 1402 1726; x_wconf 85' lang='grc' dir='ltr'>κοινωνίας·</span> <span class='ocrx_word' id='word_1_665' title='bbox 1429 1693 1476 1720; x_wconf 79' lang='grc' dir='ltr'><strong>καὶ</strong></span> <span class='ocrx_word' id='word_1_666' title='bbox 1502 1693 1582 1720; x_wconf 85' lang='grc' dir='ltr'>τοῦτο</span> <span class='ocrx_word' id='word_1_667' title='bbox 1607 1693 1667 1719; x_wconf 82' lang='grc' dir='ltr'>ὅλον</span> <span class='ocrx_word' id='word_1_668' title='bbox 1687 1692 1768 1727; x_wconf 79' lang='grc' dir='ltr'>ἔργον</span> <span class='ocrx_word' id='word_1_669' title='bbox 1794 1691 1839 1718; x_wconf 74' lang='grc' dir='ltr'>τοῦ</span> 
     </span>
    </p>
   </div>
   <div class='ocr_carea' id='block_1_90' title="bbox 1053 1735 1867 1775">
    <p class='ocr_par' dir='ltr' id='par_1_90' title="bbox 1053 1735 1867 1775">
     <span class='ocr_line' id='line_1_90' title="bbox 1053 1735 1867 1775; baseline -0.005 -8"><span class='ocrx_word' id='word_1_670' title='bbox 1053 1741 1159 1767; x_wconf 78' lang='grc' dir='ltr'>Σατανᾶ</span> <span class='ocrx_word' id='word_1_671' title='bbox 1184 1739 1232 1767; x_wconf 78' lang='grc' dir='ltr'>τοῦ</span> <span class='ocrx_word' id='word_1_672' title='bbox 1265 1740 1380 1775; x_wconf 82' lang='grc' dir='ltr'>ἀρχαίου</span> <span class='ocrx_word' id='word_1_673' title='bbox 1409 1739 1654 1775; x_wconf 77' lang='grc' dir='ltr'>ἀνθρωποκτόνου·</span> <span class='ocrx_word' id='word_1_674' title='bbox 1691 1735 1739 1765; x_wconf 66' lang='grc' dir='ltr'><strong>καὶ</strong></span> <span class='ocrx_word' id='word_1_675' title='bbox 1762 1737 1841 1764; x_wconf 78' lang='grc' dir='ltr'>τοῦτο</span> <span class='ocrx_word' id='word_1_676' title='bbox 1864 1742 1867 1745; x_wconf 79' lang='lat'><em>‘</em></span> 
     </span>
    </p>
   </div>
   <div class='ocr_carea' id='block_1_91' title="bbox 1054 1783 1838 1820">
    <p class='ocr_par' dir='ltr' id='par_1_91' title="bbox 1054 1783 1838 1820">
     <span class='ocr_line' id='line_1_91' title="bbox 1054 1783 1838 1820; baseline -0.005 -8"><span class='ocrx_word' id='word_1_677' title='bbox 1054 1785 1202 1812; x_wconf 82' lang='grc' dir='ltr'>σκάνδαλον</span> <span class='ocrx_word' id='word_1_678' title='bbox 1226 1786 1311 1820; x_wconf 78' lang='grc' dir='ltr'>μέγα·</span> <span class='ocrx_word' id='word_1_679' title='bbox 1335 1785 1384 1812; x_wconf 76' lang='grc' dir='ltr'>καὶ</span> <span class='ocrx_word' id='word_1_680' title='bbox 1406 1785 1531 1813; x_wconf 84' lang='grc' dir='ltr'>λέλεκται</span> <span class='ocrx_word' id='word_1_681' title='bbox 1552 1785 1629 1819; x_wconf 79' lang='grc' dir='ltr'>παρὰ</span> <span class='ocrx_word' id='word_1_682' title='bbox 1650 1783 1697 1811; x_wconf 81' lang='grc' dir='ltr'>τοῦ</span> <span class='ocrx_word' id='word_1_683' title='bbox 1721 1783 1838 1819; x_wconf 79' lang='grc' dir='ltr'>Κυρίου-</span> 
     </span>
    </p>
   </div>
   <div class='ocr_carea' id='block_1_92' title="bbox 1056 1829 1839 1866">
    <p class='ocr_par' dir='ltr' id='par_1_92' title="bbox 1056 1829 1839 1866">
     <span class='ocr_line' id='line_1_92' title="bbox 1056 1829 1839 1866; baseline -0.005 -7"><span class='ocrx_word' id='word_1_684' title='bbox 1056 1832 1128 1859; x_wconf 78' lang='grc' dir='ltr'>Οὺαί</span> <span class='ocrx_word' id='word_1_685' title='bbox 1144 1831 1183 1864; x_wconf 79' lang='grc' dir='ltr'>τῷ</span> <span class='ocrx_word' id='word_1_686' title='bbox 1198 1832 1301 1866; x_wconf 82' lang='grc' dir='ltr'>κόσμῳ</span> <span class='ocrx_word' id='word_1_687' title='bbox 1313 1832 1371 1859; x_wconf 78' lang='grc' dir='ltr'><strong>ἀπὸ</strong></span> <span class='ocrx_word' id='word_1_688' title='bbox 1387 1830 1447 1858; x_wconf 81' lang='grc' dir='ltr'><strong>τῶν</strong></span> <span class='ocrx_word' id='word_1_689' title='bbox 1460 1830 1651 1858; x_wconf 78' lang='grc' dir='ltr'>σκανδάλων.</span> <span class='ocrx_word' id='word_1_690' title='bbox 1669 1829 1724 1857; x_wconf 84' lang='lat' dir='ltr'><strong>Kal.</strong></span> <span class='ocrx_word' id='word_1_691' title='bbox 1738 1829 1822 1856; x_wconf 76' lang='grc' dir='ltr'>πάλιν</span> <span class='ocrx_word' id='word_1_692' title='bbox 1833 1837 1839 1843; x_wconf 94' lang='grc'><strong>·</strong></span> 
     </span>
    </p>
   </div>
   <div class='ocr_carea' id='block_1_93' title="bbox 1055 1875 1840 1912">
    <p class='ocr_par' dir='ltr' id='par_1_93' title="bbox 1055 1875 1840 1912">
     <span class='ocr_line' id='line_1_93' title="bbox 1055 1875 1840 1912; baseline -0.005 -7"><span class='ocrx_word' id='word_1_693' title='bbox 1055 1877 1201 1912; x_wconf 68' lang='grc' dir='ltr'>Συμφέρει</span> <span class='ocrx_word' id='word_1_694' title='bbox 1216 1879 1266 1904; x_wconf 74' lang='grc' dir='ltr'>ἵνα</span> <span class='ocrx_word' id='word_1_695' title='bbox 1278 1878 1376 1912; x_wconf 79' lang='grc' dir='ltr'>μύλος</span> <span class='ocrx_word' id='word_1_696' title='bbox 1398 1878 1498 1910; x_wconf 82' lang='grc' dir='ltr'><strong>ὀνικὸς</strong></span> <span class='ocrx_word' id='word_1_697' title='bbox 1515 1876 1588 1910; x_wconf 83' lang='grc' dir='ltr'>δεθῇ</span> <span class='ocrx_word' id='word_1_698' title='bbox 1611 1876 1677 1910; x_wconf 71' lang='grc' dir='ltr'>περὶ</span> <span class='ocrx_word' id='word_1_699' title='bbox 1697 1876 1751 1902; x_wconf 79' lang='grc' dir='ltr'><strong>τὸν</strong></span> <span class='ocrx_word' id='word_1_700' title='bbox 1774 1875 1840 1909; x_wconf 79' lang='grc' dir='ltr'>τρά-</span> 
     </span>
    </p>
   </div>
   <div class='ocr_carea' id='block_1_94' title="bbox 1054 1921 1841 1959">
    <p class='ocr_par' dir='ltr' id='par_1_94' title="bbox 1054 1921 1841 1959">
     <span class='ocr_line' id='line_1_94' title="bbox 1054 1921 1841 1959; baseline -0.004 -9"><span class='ocrx_word' id='word_1_701' title='bbox 1054 1926 1151 1959; x_wconf 81' lang='grc' dir='ltr'>χηλον</span> <span class='ocrx_word' id='word_1_702' title='bbox 1165 1923 1276 1956; x_wconf 82' lang='grc' dir='ltr'>αὑτοῦ,</span> <span class='ocrx_word' id='word_1_703' title='bbox 1290 1924 1339 1950; x_wconf 78' lang='grc' dir='ltr'>καὶ</span> <span class='ocrx_word' id='word_1_704' title='bbox 1349 1922 1425 1958; x_wconf 68' lang='grc' dir='ltr'><strong>ριφῇ</strong></span> <span class='ocrx_word' id='word_1_705' title='bbox 1439 1924 1483 1956; x_wconf 80' lang='grc' dir='ltr'>είς</span> <span class='ocrx_word' id='word_1_706' title='bbox 1499 1922 1555 1956; x_wconf 78' lang='grc' dir='ltr'><strong>τὴν</strong></span> <span class='ocrx_word' id='word_1_707' title='bbox 1569 1922 1742 1953; x_wconf 81' lang='grc' dir='ltr'>θάλασσαν,</span> <span class='ocrx_word' id='word_1_708' title='bbox 1757 1921 1778 1954; x_wconf 81' lang='grc' dir='ltr'><strong>ἦ</strong></span> <span class='ocrx_word' id='word_1_709' title='bbox 1794 1921 1841 1947; x_wconf 81' lang='grc' dir='ltr'>ἵνα</span> 
     </span>
    </p>
   </div>
   <div class='ocr_carea' id='block_1_95' title="bbox 1055 1966 1841 2003">
    <p class='ocr_par' dir='ltr' id='par_1_95' title="bbox 1055 1966 1841 2003">
     <span class='ocr_line' id='line_1_95' title="bbox 1055 1966 1841 2003; baseline -0.005 -7"><span class='ocrx_word' id='word_1_710' title='bbox 1055 1969 1247 2003; x_wconf 78' lang='grc' dir='ltr'>σκανδαλίσῃ</span> <span class='ocrx_word' id='word_1_711' title='bbox 1273 1968 1327 1995; x_wconf 82' lang='grc' dir='ltr'>ἕνα</span> <span class='ocrx_word' id='word_1_712' title='bbox 1357 1970 1471 1995; x_wconf 84' lang='grc' dir='ltr'>τούτων</span> <span class='ocrx_word' id='word_1_713' title='bbox 1496 1967 1556 1995; x_wconf 84' lang='grc' dir='ltr'><strong>τῶν</strong></span> <span class='ocrx_word' id='word_1_714' title='bbox 1579 1967 1759 2002; x_wconf 77' lang='grc' dir='ltr'>ἐλαχίστων.</span> <span class='ocrx_word' id='word_1_715' title='bbox 1787 1966 1841 1993; x_wconf 74' lang='grc' dir='ltr'><strong>Καὶ</strong></span> 
     </span>
    </p>
   </div>
   <div class='ocr_carea' id='block_1_96' title="bbox 1056 2012 1840 2049">
    <p class='ocr_par' dir='ltr' id='par_1_96' title="bbox 1056 2012 1840 2049">
     <span class='ocr_line' id='line_1_96' title="bbox 1056 2012 1840 2049; baseline -0.005 -9"><span class='ocrx_word' id='word_1_716' title='bbox 1056 2014 1188 2049; x_wconf 74' lang='grc' dir='ltr'>θαυμάζω</span> <span class='ocrx_word' id='word_1_717' title='bbox 1210 2014 1268 2045; x_wconf 79' lang='grc' dir='ltr'>πῶς</span> <span class='ocrx_word' id='word_1_718' title='bbox 1290 2015 1308 2049; x_wconf 82' lang='grc' dir='ltr'>ὴ</span> <span class='ocrx_word' id='word_1_719' title='bbox 1325 2013 1451 2048; x_wconf 86' lang='grc' dir='ltr'>τιμιότης</span> <span class='ocrx_word' id='word_1_720' title='bbox 1473 2022 1530 2044; x_wconf 81' lang='grc' dir='ltr'><strong>σου1</strong></span> <span class='ocrx_word' id='word_1_721' title='bbox 1554 2012 1676 2039; x_wconf 81' lang='grc' dir='ltr'>ἀσκοῦσα</span> <span class='ocrx_word' id='word_1_722' title='bbox 1690 2012 1735 2038; x_wconf 76' lang='grc' dir='ltr'><strong>καὶ</strong></span> <span class='ocrx_word' id='word_1_723' title='bbox 1754 2019 1840 2046; x_wconf 77' lang='grc' dir='ltr'>προσ-</span> 
     </span>
    </p>
   </div>
   <div class='ocr_carea' id='block_1_97' title="bbox 1055 2057 1841 2095">
    <p class='ocr_par' dir='ltr' id='par_1_97' title="bbox 1055 2057 1841 2095">
     <span class='ocr_line' id='line_1_97' title="bbox 1055 2057 1841 2095; baseline -0.005 -9"><span class='ocrx_word' id='word_1_724' title='bbox 1055 2059 1170 2094; x_wconf 84' lang='grc' dir='ltr'>κειμένη</span> <span class='ocrx_word' id='word_1_725' title='bbox 1193 2059 1253 2095; x_wconf 87' lang='grc' dir='ltr'><strong>Θεῴ</strong></span> <span class='ocrx_word' id='word_1_726' title='bbox 1269 2060 1298 2086; x_wconf 83' lang='grc' dir='ltr'>ὲν</span> <span class='ocrx_word' id='word_1_727' title='bbox 1312 2059 1450 2091; x_wconf 76' lang='grc' dir='ltr'>τοσούτοις</span> <span class='ocrx_word' id='word_1_728' title='bbox 1466 2059 1565 2092; x_wconf 72' lang='grc' dir='ltr'>ἔτεσιν,</span> <span class='ocrx_word' id='word_1_729' title='bbox 1583 2057 1769 2093; x_wconf 70' lang='grc' dir='ltr'>ἀφροντίστως</span> <span class='ocrx_word' id='word_1_730' title='bbox 1786 2057 1841 2092; x_wconf 77' lang='grc' dir='ltr'>ἔχει</span> 
     </span>
    </p>
   </div>
   <div class='ocr_carea' id='block_1_98' title="bbox 1056 2102 1842 2142">
    <p class='ocr_par' dir='ltr' id='par_1_98' title="bbox 1056 2102 1842 2142">
     <span class='ocr_line' id='line_1_98' title="bbox 1056 2102 1842 2142; baseline -0.005 -10"><span class='ocrx_word' id='word_1_731' title='bbox 1056 2106 1120 2142; x_wconf 80' lang='grc' dir='ltr'>περὶ</span> <span class='ocrx_word' id='word_1_732' title='bbox 1143 2105 1190 2132; x_wconf 79' lang='grc' dir='ltr'>τοῦ</span> <span class='ocrx_word' id='word_1_733' title='bbox 1213 2105 1337 2132; x_wconf 79' lang='grc' dir='ltr'>κινδύνου</span> <span class='ocrx_word' id='word_1_734' title='bbox 1351 2105 1462 2132; x_wconf 86' lang='grc' dir='ltr'>τούτου·</span> <span class='ocrx_word' id='word_1_735' title='bbox 1484 2104 1513 2136; x_wconf 77' lang='grc' dir='ltr'>ὅς</span> <span class='ocrx_word' id='word_1_736' title='bbox 1531 2105 1556 2131; x_wconf 83' lang='grc' dir='ltr'>εἰ</span> <span class='ocrx_word' id='word_1_737' title='bbox 1580 2103 1616 2140; x_wconf 83' lang='grc' dir='ltr'>μὴ</span> <span class='ocrx_word' id='word_1_738' title='bbox 1639 2103 1780 2139; x_wconf 84' lang='grc' dir='ltr'>διωρθωθῇ</span> <span class='ocrx_word' id='word_1_739' title='bbox 1800 2102 1842 2128; x_wconf 75' lang='grc' dir='ltr'>διὰ</span> 
     </span>
    </p>
   </div>
   <div class='ocr_carea' id='block_1_99' title="bbox 1057 2148 1842 2187">
    <p class='ocr_par' dir='ltr' id='par_1_99' title="bbox 1057 2148 1842 2187">
     <span class='ocr_line' id='line_1_99' title="bbox 1057 2148 1842 2187; baseline -0.004 -9"><span class='ocrx_word' id='word_1_740' title='bbox 1057 2152 1148 2187; x_wconf 81' lang='grc' dir='ltr'><strong>πάσης</strong></span> <span class='ocrx_word' id='word_1_741' title='bbox 1163 2151 1282 2186; x_wconf 76' lang='grc' dir='ltr'>σπουδῆς</span> <span class='ocrx_word' id='word_1_742' title='bbox 1298 2159 1344 2177; x_wconf 88' lang='grc' dir='ltr'><strong>σου</strong></span> <span class='ocrx_word' id='word_1_743' title='bbox 1359 2151 1407 2178; x_wconf 70' lang='grc' dir='ltr'><strong>καὶ</strong></span> <span class='ocrx_word' id='word_1_744' title='bbox 1422 2151 1582 2186; x_wconf 75' lang='grc' dir='ltr'>ἐπιμελείας</span> <span class='ocrx_word' id='word_1_745' title='bbox 1594 2170 1602 2183; x_wconf 95' lang='grc'>,</span> <span class='ocrx_word' id='word_1_746' title='bbox 1617 2150 1647 2177; x_wconf 83' lang='grc' dir='ltr'><strong>οὐ</strong></span> <span class='ocrx_word' id='word_1_747' title='bbox 1663 2150 1742 2185; x_wconf 87' lang='grc' dir='ltr'>μόνον</span> <span class='ocrx_word' id='word_1_748' title='bbox 1761 2148 1842 2183; x_wconf 84' lang='grc' dir='ltr'>κενὴν</span> 
     </span>
    </p>
   </div>
   <div class='ocr_carea' id='block_1_100' title="bbox 1058 2195 1843 2232">
    <p class='ocr_par' dir='ltr' id='par_1_100' title="bbox 1058 2195 1843 2232">
     <span class='ocr_line' id='line_1_100' title="bbox 1058 2195 1843 2232; baseline -0.008 -6"><span class='ocrx_word' id='word_1_749' title='bbox 1058 2198 1149 2226; x_wconf 79' lang='grc' dir='ltr'>πᾶσάν</span> <span class='ocrx_word' id='word_1_750' title='bbox 1165 2206 1211 2224; x_wconf 87' lang='grc' dir='ltr'><strong>σου</strong></span> <span class='ocrx_word' id='word_1_751' title='bbox 1228 2197 1278 2232; x_wconf 82' lang='grc' dir='ltr'><strong>τὴν</strong></span> <span class='ocrx_word' id='word_1_752' title='bbox 1293 2197 1410 2231; x_wconf 80' lang='grc' dir='ltr'>ἄσκησιν</span> <span class='ocrx_word' id='word_1_753' title='bbox 1427 2197 1592 2232; x_wconf 80' lang='grc' dir='ltr'>ἐργάσεται,</span> <span class='ocrx_word' id='word_1_754' title='bbox 1607 2196 1674 2223; x_wconf 79' lang='grc' dir='ltr'>ἀλλὰ</span> <span class='ocrx_word' id='word_1_755' title='bbox 1687 2196 1734 2222; x_wconf 75' lang='grc' dir='ltr'><strong>καὶ</strong></span> <span class='ocrx_word' id='word_1_756' title='bbox 1750 2195 1843 2231; x_wconf 83' lang='grc' dir='ltr'>πόρῤω</span> 
     </span>
    </p>
   </div>
   <div class='ocr_carea' id='block_1_101' title="bbox 1057 2240 1840 2279">
    <p class='ocr_par' dir='ltr' id='par_1_101' title="bbox 1057 2240 1840 2279">
     <span class='ocr_line' id='line_1_101' title="bbox 1057 2240 1840 2279; baseline -0.005 -8"><span class='ocrx_word' id='word_1_757' title='bbox 1057 2253 1086 2271; x_wconf 84' lang='grc' dir='ltr'><strong>σε</strong></span> <span class='ocrx_word' id='word_1_758' title='bbox 1107 2243 1175 2270; x_wconf 82' lang='grc' dir='ltr'>Θεοῦ</span> <span class='ocrx_word' id='word_1_759' title='bbox 1197 2244 1304 2279; x_wconf 86' lang='grc' dir='ltr'>ποιήσει</span> <span class='ocrx_word' id='word_1_760' title='bbox 1316 2262 1324 2275; x_wconf 81' lang='lat'><strong>,</strong></span> <span class='ocrx_word' id='word_1_761' title='bbox 1344 2243 1358 2269; x_wconf 83' lang='grc' dir='ltr'><strong>ὃ</strong></span> <span class='ocrx_word' id='word_1_762' title='bbox 1375 2242 1413 2278; x_wconf 81' lang='grc' dir='ltr'>μὴ</span> <span class='ocrx_word' id='word_1_763' title='bbox 1426 2242 1543 2277; x_wconf 82' lang='grc' dir='ltr'>γένοιτο,</span> <span class='ocrx_word' id='word_1_764' title='bbox 1566 2242 1616 2269; x_wconf 86' lang='grc' dir='ltr'><strong>Διὰ</strong></span> <span class='ocrx_word' id='word_1_765' title='bbox 1629 2241 1718 2274; x_wconf 81' lang='grc' dir='ltr'>τοῦτο,</span> <span class='ocrx_word' id='word_1_766' title='bbox 1734 2240 1840 2275; x_wconf 79' lang='grc' dir='ltr'>ἀδελφὲ,</span> 
     </span>
    </p>
   </div>
   <div class='ocr_carea' id='block_1_102' title="bbox 1054 2286 1842 2325">
    <p class='ocr_par' dir='ltr' id='par_1_102' title="bbox 1054 2286 1842 2325">
     <span class='ocr_line' id='line_1_102' title="bbox 1054 2286 1842 2325; baseline -0.005 -8"><span class='ocrx_word' id='word_1_767' title='bbox 1054 2290 1222 2325; x_wconf 75' lang='grc' dir='ltr'>φιλαδέλφως</span> <span class='ocrx_word' id='word_1_768' title='bbox 1247 2289 1368 2325; x_wconf 79' lang='grc' dir='ltr'>κινηθεὶς</span> <span class='ocrx_word' id='word_1_769' title='bbox 1383 2289 1435 2324; x_wconf 80' lang='grc' dir='ltr'><strong>πρὸ</strong></span> <span class='ocrx_word' id='word_1_770' title='bbox 1451 2288 1534 2325; x_wconf 84' lang='grc' dir='ltr'>τριῶν</span> <span class='ocrx_word' id='word_1_771' title='bbox 1560 2287 1628 2315; x_wconf 73' lang='grc' dir='ltr'>ἑτῶν</span> <span class='ocrx_word' id='word_1_772' title='bbox 1639 2308 1647 2320; x_wconf 82' lang='grc'><em>,</em></span> <span class='ocrx_word' id='word_1_773' title='bbox 1661 2288 1742 2322; x_wconf 80' lang='grc' dir='ltr'>ἡνίκα</span> <span class='ocrx_word' id='word_1_774' title='bbox 1760 2286 1842 2322; x_wconf 79' lang='grc' dir='ltr'>ὲπλη-</span> 
     </span>
    </p>
   </div>
   <div class='ocr_carea' id='block_1_103' title="bbox 1055 2332 1842 2370">
    <p class='ocr_par' dir='ltr' id='par_1_103' title="bbox 1055 2332 1842 2370">
     <span class='ocr_line' id='line_1_103' title="bbox 1055 2332 1842 2370; baseline -0.005 -7"><span class='ocrx_word' id='word_1_775' title='bbox 1055 2337 1137 2363; x_wconf 79' lang='grc' dir='ltr'>σίασα</span> <span class='ocrx_word' id='word_1_776' title='bbox 1163 2337 1219 2368; x_wconf 81' lang='grc' dir='ltr'>τοῖς</span> <span class='ocrx_word' id='word_1_777' title='bbox 1242 2335 1337 2362; x_wconf 81' lang='grc' dir='ltr'>αὐτόθι</span> <span class='ocrx_word' id='word_1_778' title='bbox 1361 2336 1415 2362; x_wconf 83' lang='grc' dir='ltr'>ἀπὸ</span> <span class='ocrx_word' id='word_1_779' title='bbox 1442 2334 1571 2370; x_wconf 77' lang='grc' dir='ltr'>Σμύρνης</span> <span class='ocrx_word' id='word_1_780' title='bbox 1597 2333 1716 2361; x_wconf 83' lang='grc' dir='ltr'>ἐπανιὼν</span> <span class='ocrx_word' id='word_1_781' title='bbox 1743 2334 1791 2360; x_wconf 77' lang='grc' dir='ltr'><strong>καὶ</strong></span> <span class='ocrx_word' id='word_1_782' title='bbox 1813 2332 1842 2360; x_wconf 85' lang='grc' dir='ltr'>τὺ</span> 
     </span>
    </p>
   </div>
   <div class='ocr_carea' id='block_1_104' title="bbox 1056 2380 1842 2418">
    <p class='ocr_par' dir='ltr' id='par_1_104' title="bbox 1056 2380 1842 2418">
     <span class='ocr_line' id='line_1_104' title="bbox 1056 2380 1842 2418; baseline -0.005 -10"><span class='ocrx_word' id='word_1_783' title='bbox 1056 2382 1160 2418; x_wconf 86' lang='grc' dir='ltr'>σχίσμα</span> <span class='ocrx_word' id='word_1_784' title='bbox 1176 2380 1353 2417; x_wconf 82' lang='grc' dir='ltr'>μεμαθηκὼς,</span> <span class='ocrx_word' id='word_1_785' title='bbox 1370 2381 1478 2417; x_wconf 72' lang='grc' dir='ltr'>ἔγραψά</span> <span class='ocrx_word' id='word_1_786' title='bbox 1500 2389 1542 2407; x_wconf 84' lang='grc' dir='ltr'>σοι</span> <span class='ocrx_word' id='word_1_787' title='bbox 1563 2380 1635 2416; x_wconf 78' lang='grc' dir='ltr'>ἅπερ</span> <span class='ocrx_word' id='word_1_788' title='bbox 1658 2380 1776 2415; x_wconf 81' lang='grc' dir='ltr'>ἀκήκοα,</span> <span class='ocrx_word' id='word_1_789' title='bbox 1795 2380 1842 2405; x_wconf 65' lang='grc' dir='ltr'>καὶ</span> 
     </span>
    </p>
   </div>
   <div class='ocr_carea' id='block_1_105' title="bbox 1055 2426 1842 2463">
    <p class='ocr_par' dir='ltr' id='par_1_105' title="bbox 1055 2426 1842 2463">
     <span class='ocr_line' id='line_1_105' title="bbox 1055 2426 1842 2463; baseline -0.005 -8"><span class='ocrx_word' id='word_1_790' title='bbox 1055 2429 1092 2461; x_wconf 81' lang='grc' dir='ltr'><strong>ὡς</strong></span> <span class='ocrx_word' id='word_1_791' title='bbox 1105 2428 1145 2455; x_wconf 82' lang='grc' dir='ltr'><strong>δεῖ</strong></span> <span class='ocrx_word' id='word_1_792' title='bbox 1158 2437 1187 2454; x_wconf 80' lang='grc' dir='ltr'><strong>σε</strong></span> <span class='ocrx_word' id='word_1_793' title='bbox 1201 2429 1310 2463; x_wconf 85' lang='grc' dir='ltr'>φρονεῖν</span> <span class='ocrx_word' id='word_1_794' title='bbox 1326 2428 1391 2462; x_wconf 77' lang='grc' dir='ltr'>περὶ</span> <span class='ocrx_word' id='word_1_795' title='bbox 1404 2427 1455 2463; x_wconf 86' lang='grc' dir='ltr'><strong>τῆς</strong></span> <span class='ocrx_word' id='word_1_796' title='bbox 1474 2427 1614 2463; x_wconf 78' lang='grc' dir='ltr'>ἀληθείας,</span> <span class='ocrx_word' id='word_1_797' title='bbox 1630 2427 1677 2453; x_wconf 74' lang='grc' dir='ltr'>καὶ</span> <span class='ocrx_word' id='word_1_798' title='bbox 1691 2426 1729 2458; x_wconf 81' lang='grc' dir='ltr'><strong>ὡς</strong></span> <span class='ocrx_word' id='word_1_799' title='bbox 1747 2426 1842 2460; x_wconf 74' lang='grc' dir='ltr'>φυγεῖν</span> 
     </span>
    </p>
   </div>
   <div class='ocr_carea' id='block_1_106' title="bbox 1055 2472 1840 2510">
    <p class='ocr_par' dir='ltr' id='par_1_106' title="bbox 1055 2472 1840 2510">
     <span class='ocr_line' id='line_1_106' title="bbox 1055 2472 1840 2510; baseline -0.005 -9"><span class='ocrx_word' id='word_1_800' title='bbox 1055 2475 1102 2501; x_wconf 77' lang='grc' dir='ltr'><strong>τὸν</strong></span> <span class='ocrx_word' id='word_1_801' title='bbox 1119 2474 1310 2510; x_wconf 76' lang='grc' dir='ltr'>ἐπηρτημένον</span> <span class='ocrx_word' id='word_1_802' title='bbox 1326 2474 1448 2501; x_wconf 88' lang='grc' dir='ltr'>κίνδυνον</span> <span class='ocrx_word' id='word_1_803' title='bbox 1461 2473 1508 2500; x_wconf 82' lang='grc' dir='ltr'>τοῦ</span> <span class='ocrx_word' id='word_1_804' title='bbox 1534 2473 1695 2500; x_wconf 80' lang='grc' dir='ltr'>σκανδάλου.</span> <span class='ocrx_word' id='word_1_805' title='bbox 1719 2473 1774 2499; x_wconf 80' lang='grc' dir='ltr'><strong>Καὶ</strong></span> <span class='ocrx_word' id='word_1_806' title='bbox 1793 2472 1840 2498; x_wconf 74' lang='grc' dir='ltr'><strong>οὐκ</strong></span> 
     </span>
    </p>
   </div>
   <div class='ocr_carea' id='block_1_107' title="bbox 1056 2518 1840 2556">
    <p class='ocr_par' dir='ltr' id='par_1_107' title="bbox 1056 2518 1840 2556">
     <span class='ocr_line' id='line_1_107' title="bbox 1056 2518 1840 2556; baseline -0.004 -9"><span class='ocrx_word' id='word_1_807' title='bbox 1056 2520 1229 2556; x_wconf 73' lang='grc' dir='ltr'>ἀντέγραψάς</span> <span class='ocrx_word' id='word_1_808' title='bbox 1261 2529 1324 2556; x_wconf 81' lang='grc' dir='ltr'>μοι’</span> <span class='ocrx_word' id='word_1_809' title='bbox 1351 2521 1399 2547; x_wconf 70' lang='grc' dir='ltr'><strong>καὶ</strong></span> <span class='ocrx_word' id='word_1_810' title='bbox 1425 2521 1508 2548; x_wconf 75' lang='grc' dir='ltr'>πάλιν</span> <span class='ocrx_word' id='word_1_811' title='bbox 1532 2520 1691 2555; x_wconf 81' lang='grc' dir='ltr'>δεδήλωκα,</span> <span class='ocrx_word' id='word_1_812' title='bbox 1719 2519 1765 2546; x_wconf 80' lang='grc' dir='ltr'>καὶ</span> <span class='ocrx_word' id='word_1_813' title='bbox 1793 2518 1840 2544; x_wconf 77' lang='grc' dir='ltr'><strong>οὐκ</strong></span> 
     </span>
    </p>
   </div>
   <div class='ocr_carea' id='block_1_108' title="bbox 1058 2564 1839 2602">
    <p class='ocr_par' dir='ltr' id='par_1_108' title="bbox 1058 2564 1839 2602">
     <span class='ocr_line' id='line_1_108' title="bbox 1058 2564 1839 2602; baseline -0.004 -9"><span class='ocrx_word' id='word_1_814' title='bbox 1058 2567 1212 2602; x_wconf 79' lang='grc' dir='ltr'>ἀπεκρίθης</span> <span class='ocrx_word' id='word_1_815' title='bbox 1237 2574 1300 2601; x_wconf 90' lang='grc' dir='ltr'>μοι·</span> <span class='ocrx_word' id='word_1_816' title='bbox 1318 2566 1457 2594; x_wconf 77' lang='grc' dir='ltr'>καὶτοῦτο</span> <span class='ocrx_word' id='word_1_817' title='bbox 1478 2567 1629 2602; x_wconf 84' lang='grc' dir='ltr'>κατηγορία</span> <span class='ocrx_word' id='word_1_818' title='bbox 1646 2565 1776 2601; x_wconf 74' lang='grc' dir='ltr'>ἐναργὴς,</span> <span class='ocrx_word' id='word_1_819' title='bbox 1795 2564 1839 2591; x_wconf 78' lang='grc' dir='ltr'><strong>τοῦ</strong></span> 
     </span>
    </p>
   </div>
   <div class='ocr_carea' id='block_1_109' title="bbox 1060 2610 1839 2648">
    <p class='ocr_par' dir='ltr' id='par_1_109' title="bbox 1060 2610 1839 2648">
     <span class='ocr_line' id='line_1_109' title="bbox 1060 2610 1839 2648; baseline -0.001 -11"><span class='ocrx_word' id='word_1_820' title='bbox 1060 2611 1097 2647; x_wconf 84' lang='grc' dir='ltr'>μὴ</span> <span class='ocrx_word' id='word_1_821' title='bbox 1110 2611 1198 2638; x_wconf 81' lang='grc' dir='ltr'>θέλειν</span> <span class='ocrx_word' id='word_1_822' title='bbox 1211 2619 1239 2637; x_wconf 90' lang='grc' dir='ltr'><strong>σε</strong></span> <span class='ocrx_word' id='word_1_823' title='bbox 1254 2611 1320 2638; x_wconf 85' lang='grc' dir='ltr'>Θεὺν</span> <span class='ocrx_word' id='word_1_824' title='bbox 1334 2612 1507 2647; x_wconf 81' lang='grc' dir='ltr'>θεραπεύειν,</span> <span class='ocrx_word' id='word_1_825' title='bbox 1525 2612 1593 2648; x_wconf 77' lang='grc' dir='ltr'>μηδὲ</span> <span class='ocrx_word' id='word_1_826' title='bbox 1609 2611 1763 2647; x_wconf 80' lang='grc' dir='ltr'>όρθοποδεϊν</span> <span class='ocrx_word' id='word_1_827' title='bbox 1778 2610 1839 2644; x_wconf 71' lang='grc' dir='ltr'>περὶ</span> 
     </span>
    </p>
   </div>
   <div class='ocr_carea' id='block_1_110' title="bbox 1057 2657 1839 2695">
    <p class='ocr_par' dir='ltr' id='par_1_110' title="bbox 1057 2657 1839 2695">
     <span class='ocr_line' id='line_1_110' title="bbox 1057 2657 1839 2695; baseline 0.001 -11"><span class='ocrx_word' id='word_1_828' title='bbox 1057 2658 1106 2693; x_wconf 81' lang='grc' dir='ltr'>τὴν</span> <span class='ocrx_word' id='word_1_829' title='bbox 1120 2658 1260 2693; x_wconf 82' lang='grc' dir='ltr'>ἀλήθειαν.</span> <span class='ocrx_word' id='word_1_830' title='bbox 1275 2658 1330 2685; x_wconf 79' lang='grc' dir='ltr'>Καὶ</span> <span class='ocrx_word' id='word_1_831' title='bbox 1343 2658 1532 2694; x_wconf 82' lang='grc' dir='ltr'>συγχώρησον,</span> <span class='ocrx_word' id='word_1_832' title='bbox 1546 2659 1584 2695; x_wconf 84' lang='grc' dir='ltr'>μῆ</span> <span class='ocrx_word' id='word_1_833' title='bbox 1597 2657 1839 2693; x_wconf 76' lang='grc' dir='ltr'>καταγανακτήσῃς</span> 
     </span>
    </p>
   </div>
   <div class='ocr_carea' id='block_1_111' title="bbox 1380 2747 1836 2795">
    <p class='ocr_par' dir='ltr' id='par_1_111' title="bbox 1380 2747 1836 2795">
     <span class='ocr_line' id='line_1_111' title="bbox 1380 2747 1836 2795; baseline -0.015 -13"><span class='ocrx_word' id='word_1_834' title='bbox 1380 2753 1413 2770; x_wconf 83' lang='grc'><strong>³¹⁸</strong></span> <span class='ocrx_word' id='word_1_835' title='bbox 1424 2752 1518 2795; x_wconf 73' lang='lat' dir='ltr'><strong>Matth.</strong></span> <span class='ocrx_word' id='word_1_836' title='bbox 1534 2759 1611 2786; x_wconf 77' lang='lat' dir='ltr'><strong>xvtlt,</strong></span> <span class='ocrx_word' id='word_1_837' title='bbox 1626 2751 1653 2780; x_wconf 88' lang='lat'><strong>7.</strong></span> <span class='ocrx_word' id='word_1_838' title='bbox 1693 2749 1792 2780; x_wconf 79' lang='lat' dir='ltr'><strong>&quot;ibid.</strong></span> <span class='ocrx_word' id='word_1_839' title='bbox 1810 2747 1836 2777; x_wconf 83' lang='lat'><strong>6.</strong></span> 
     </span>
    </p>
   </div>
   <div class='ocr_carea' id='block_1_112' title="bbox 979 2809 1094 2838">
    <p class='ocr_par' dir='ltr' id='par_1_112' title="bbox 979 2809 1094 2838">
     <span class='ocr_line' id='line_1_112' title="bbox 979 2809 1094 2838; baseline 0 0"><span class='ocrx_word' id='word_1_840' title='bbox 979 2809 1094 2838; x_wconf 71' lang='lat' dir='ltr'><strong>NOTAE.</strong></span> 
     </span>
    </p>
   </div>
   <div class='ocr_carea' id='block_1_113' title="bbox 262 2859 607 2897">
    <p class='ocr_par' dir='ltr' id='par_1_113' title="bbox 262 2859 607 2897">
     <span class='ocr_line' id='line_1_113' title="bbox 262 2859 607 2897; baseline -0.003 -10"><span class='ocrx_word' id='word_1_841' title='bbox 262 2859 318 2897; x_wconf 68' lang='lat'><strong>(29)</strong></span> <span class='ocrx_word' id='word_1_842' title='bbox 335 2860 364 2889; x_wconf 87' lang='lat' dir='ltr'><strong>In</strong></span> <span class='ocrx_word' id='word_1_843' title='bbox 379 2860 439 2889; x_wconf 85' lang='lat' dir='ltr'><strong>cod.</strong></span> <span class='ocrx_word' id='word_1_844' title='bbox 461 2860 526 2896; x_wconf 71' lang='lat' dir='ltr'><strong>Reg.</strong></span> <span class='ocrx_word' id='word_1_845' title='bbox 540 2861 607 2895; x_wconf 77' lang='grc' dir='ltr'>ρνγ¹.</span> 
     </span>
    </p>
   </div>
  </div>
