1912 3080
86 155 153 188 1441

689 160 958 192 EPISTOLARUM
977 161 1058 191 tLiB.
1079 160 1107 190 Ιῐ
1115 183 1122 190 .

1655 157 1723 188 1442

85 223 139 250 μου
159 213 288 248 λέγοντος
300 213 330 240 τδ
341 213 450 249 ἀληθές.
460 213 618 249 Γέγραπται
627 223 634 230 ·
651 216 779 251 Ἐλεγμῷ
795 218 873 252 ὲλέγ·

934 218 987 245 lius
999 218 1031 245 ³³.
1044 218 1083 244 En
1099 223 1150 251 ego
1164 216 1258 247 miser,
1275 216 1383 242 tametsi
1397 221 1423 243 te
1437 223 1577 251 nunquam
1591 215 1658 248 vidi,
1671 215 1724 242 hoc

85 261 151 293 ξεις
173 260 227 287 τὸν
251 260 388 294 πλησίον
407 267 476 292 σου,
499 261 549 287 καὶ
567 262 603 288 οὐ
622 262 707 296 ,λήψῃ
727 263 763 289 δι’
787 263 882 290 αὐτὸν

83 307 246 342 ἁμαρτίαν.
259 306 326 333 Ἰδοὺ
340 304 394 339 ἐγὼ
407 305 422 331 ὸ
432 305 525 338 τάλας,
539 306 640 340 καίπερ
653 307 689 342 μὴ
703 307 764 334 ἰδών
779 317 809 335 σε
822 308 881 335 πώ-

84 362 151 379 ποτε
163 373 170 385 ,
195 352 253 378 ἀλλ’
269 352 310 379 ’ὁτι
325 351 441 387 ἀδελφὸς
463 352 535 379 κατὰ
557 353 688 387 Χριστὸν,
709 355 760 380 οὐκ
777 355 882 390 ἤνεγκα

84 399 135 432 τὴν
161 398 246 433 ἀκοὴν
262 398 354 433 φόϐῳ·
377 398 486 434 ἐλεγμῷ
512 399 541 425 δὲ
562 399 683 433 ἤλεγξαο
711 401 881 434 παρακαλῶν

85 444 276 480 παρεκάλεσα,
292 444 475 479 ἀποδυόμενος
487 444 517 471 τὸ
534 446 633 481 κρῖμα,
655 447 702 472 καὶ
728 447 813 480 φιλῶν
832 448 881 483 τὴν

85 490 228 526 σωτηρίαν
244 499 302 517 σου.
317 490 380 522 Πῶς
394 491 477 522 αὐτὲις
491 491 505 517 ὁ
526 491 682 526 ἐγκληθεὶς,
696 493 743 518 καὶ
755 492 801 519 τοῦ
823 494 882 528 σχί-

85 545 192 571 σματος
207 537 315 572 πατὴρ,
329 537 411 568 οἴσεις
433 537 463 563 τὸ
484 538 590 572 κρῖμα;
607 537 665 570 πῶς
679 538 707 564 δὲ
723 539 880 575 ἀπολογήσῃ

82 582 124 617 τῷ
140 582 252 617 Χριπτῷ
269 582 339 617 ὑπὲρ
351 581 481 608 τοσούτου
500 581 566 608 λαοῦ
580 582 880 617 εὐθυνόμενοςςξἸωὰν-

83 636 132 654 νου
146 627 193 653 τοῦ
210 627 365 662 προδρόμου
391 627 415 653 εἰ
432 627 463 653 τὺ
485 626 567 662 ἔργον
583 626 666 662 ἔχοις,
689 627 767 654 κενόν
783 636 813 653 σε
832 629 881 663 τῆς

85 674 227 709 βασιλείας
240 674 400 708 ἀποπέμψει
414 673 463 700 τοῦ
479 674 558 707 Θεοῦ,
570 675 594 700 εἰ
609 674 646 709 μὴ
663 674 881 710 προκαταλάϐοις

83 720 297 755 διορθώσαδυαι.
321 720 368 752 Τίς
387 719 415 746 δὲ
433 721 450 755 ἡ
465 719 626 755 διόρθωσις
649 721 674 746 εἰ
698 721 747 755 μέν
768 717 823 746 οἷόν
839 729 880 752 τε,

86 766 133 792 σοῦ
151 766 236 792 αὑτοῦ
270 766 417 800 παρόντος·
444 766 468 791 εἰ
489 765 518 791 δὲ
539 765 592 800 μὴ’,
610 766 643 792 δι’
663 766 813 792 ἀποστόλου
833 774 880 792 σου

81 812 221 847 ἀπολογίᾳ
236 813 419 847 γραμματικῇ
435 812 499 846 περὶ
511 808 549 837 ὧν
562 812 697 847 πρότερον
718 811 878 847 ἐνεκλήοης,

82 857 184 883 ἀῦωῶν
200 858 296 884 ἑαυτὸν
321 857 364 884 διὰ
387 857 437 891 τῆς
454 857 616 891 ἀπολογίας,
633 858 680 884 καὶ
694 857 879 887 ὑποδεικνύων

932 272 988 291 uno
1006 263 1080 299 quod
1095 263 1182 290 frater
1199 263 1231 295 lin
1248 262 1360 289 Christo
1378 269 1457 290 meus
1476 270 1517 293 es,
1533 263 1608 296 quod
1629 261 1724 288 audic.

933 318 988 337 ram
1012 314 1084 337 metu
1108 317 1163 336 non
1188 309 1251 335 silui
1268 317 1274 335 :
1289 308 1335 335 sed
1351 315 1469 342 arguens
1495 309 1584 344 argui,
1611 307 1723 334 hortans

932 355 1056 382 hortatus
1073 363 1133 382 sum
1145 354 1280 388 judicium
1303 361 1419 384 exuens,
1443 359 1470 380 et
1488 361 1584 380 amans
1601 353 1721 380 salutem

932 404 1017 426 tttam.
1038 399 1181 431 Quomodo
1203 399 1260 432 ipse
1275 399 1321 433 qui
1345 398 1496 430 accusaris,
1515 402 1542 424 et
1560 397 1721 424 schismatis

931 453 960 473 es
981 449 1086 476 auctor,
1105 444 1238 479 judicium
1260 444 1428 470 sustinebis?
1443 443 1587 476 Quomodo
1611 444 1721 470 Clil'islt)

931 490 1129 526 respondebis.
1157 497 1206 524 pro
1223 494 1298 516 tanto
1325 494 1398 517 ecetu
1423 489 1558 516 rationem
1583 489 1720 515 reddens?

931 536 1006 563 Licet
1020 535 1134 563 Joannis
1156 536 1332 570 praecursoris
1354 543 1436 568 opera
1471 535 1583 562 fecisses
1603 542 1720 561 vacuum

931 587 958 609 te
972 591 987 610 a
1007 590 1092 616 regno
1108 582 1153 609 Dei
1170 582 1340 613 amandabit,
1357 582 1410 608 nisi
1437 586 1558 608 matures
1577 581 1719 608 correctio-

930 637 1003 656 nem.
1033 629 1164 662 Qumnam
1190 636 1273 663 porro
1302 632 1344 655 est
1376 627 1534 654 correctio?
1562 627 1585 654 si
1610 627 1719 662 quidem

931 675 988 701 tieri
1011 678 1111 708 potest.
1137 674 1226 708 teipso
1247 678 1395 708 praesente;
1419 673 1461 700 sin
1491 673 1594 704 minus,
1617 677 1646 699 ut
1672 681 1720 707 per

930 720 1069 746 hominem
1083 719 1133 746 abs
1151 723 1175 745 te
1189 719 1301 750 misum,
1318 718 1453 746 insontem
1466 723 1492 745 te
1507 719 1609 752 scripta
1626 718 1720 746 defen-

930 766 1008 793 sione
1025 766 1188 800 comprobes
1203 765 1229 791 in
1246 765 1280 792 iis
1295 765 1329 792 de
1341 765 1442 799 quibus
1457 764 1589 792 hactenus
1603 772 1717 792 accusa-

930 816 974 839 tus
988 819 1027 844 es,
1048 816 1149 839 rectam
1169 811 1261 843 Iidem,
1282 815 1444 845 rectumque
1460 811 1487 837 in
1503 810 1632 837 omnibus
1647 811 1719 837 veri-

930 858 994 885 tatis
1014 865 1169 885 sermonem
1194 857 1352 884 ostendens.
1369 856 1457 891 Atque
1477 857 1529 884 hoc
1548 856 1631 883 modo
1647 856 1718 883 facta

81 904 168 938 ὀρθὴν
193 903 243 938 τὴν
266 903 367 934 πίστιν,
392 903 440 929 καὶ
456 903 506 937 τὴν
521 903 564 936 ἐφ’
586 902 688 929 ἅπασιν
712 903 873 938 ὀρθοτομίαν

930 903 955 929 in
979 903 1095 929 Domino
1122 902 1280 934 concordia.
1311 909 1365 928 non
1391 902 1481 929 dicant
1507 909 1569 928 eum
1598 901 1651 929 hoc
1675 905 1716 928 vel

81 949 129 976 τοῦ
147 950 228 984 λόγου
242 950 291 985 τῆς
305 949 444 985 ἀληθείας.
467 949 522 976 Καὶ
535 948 621 980 οὕτως
643 950 792 984 γενομένης
809 951 876 984 ὀμο-

81 995 159 1027 νοίας
175 997 205 1022 ἐν
231 995 326 1031 Κυρίῳ
340 1017 347 1028 ,
368 996 398 1022 οὐ
418 995 491 1029 λέγω
517 995 586 1030 μετὰ
609 995 686 1022 τοῦδε
714 996 763 1022 καὶ
786 995 874 1027 τοῦδε,

82 1041 156 1067 ἀλλὰ
170 1041 230 1076 μετ’
245 1041 312 1076 ἐμοῦ
331 1041 412 1076 μόνου
429 1041 475 1067 τοῦ
493 1040 634 1072 ταπεινοῦ,
656 1040 726 1076 ήροη
742 1041 772 1067 τὸ
793 1040 875 1067 σκάν-

82 1087 165 1113 δαλον
178 1088 210 1113 ἐκ
226 1087 328 1122 μέσου,
354 1086 402 1112 καὶ
424 1086 548 1120 συνήφυη
569 1086 604 1112 τὰ
628 1086 775 1112 διεστῶτα·
796 1087 843 1112 καὶ
862 1086 877 1112 ὀ

83 1132 188 1168 Κύριος
210 1132 240 1158 ἐν
263 1133 337 1167 μέσῳ
351 1132 440 1167 ἡμῶν,
469 1133 516 1158 καὶ
528 1132 559 1158 οὐ
581 1123 826 1168 βλασιρημούμενον
845 1132 876 1158 τὸ

81 1180 168 1216 ενομα
180 1180 261 1207 αὑτοῦ
271 1181 304 1206 δι’
315 1181 388 1215 ἡμᾶς
398 1188 404 1194 ·
415 1180 445 1206 οὑ
460 1180 532 1214 λέγω
545 1181 574 1206 ὲν
585 1182 641 1212 τοῖς
654 1180 768 1211 ἔθνεσιν,
777 1179 834 1206 ἀλλ’
846 1180 875 1205 ὲν

80 1227 139 1256 τοῖς
149 1226 332 1261 Χριστιανοῖς.
342 1226 400 1252 Κάν
408 1234 480 1256 τινες
492 1225 676 1260 διαφέρωνται
688 1225 757 1260 μετὰ
767 1225 816 1259 τὴν
834 1225 875 1256 εἰς

82 1271 217 1306 ἀλλήλους
232 1271 392 1307 συμφωνίαν
405 1271 612 1307 διδαχῡήσονται
627 1271 675 1298 καὶ
687 1271 874 1306 σοναφϐήσον-

82 1327 129 1345 ται
145 1318 179 1344 δι’
196 1318 276 1354 ἡμῶν
291 1318 379 1344 αὐτῶν
392 1318 448 1344 τῶν
461 1318 599 1344 ταπεινῶν
615 1317 874 1353 ὑπερασπιζομένων

83 1373 125 1396 σε,
150 1364 186 1396 ὡς
210 1365 340 1399 ἐμαυτόν.
358 1364 411 1390 Καὶ
429 1364 509 1395 ἵλεως
534 1363 611 1390 ἔσται
628 1364 704 1396 Θεὺς,
722 1364 768 1389 καὶ
785 1365 799 1389 ὀ
817 1363 875 1398 βίος

84 1419 132 1436 σου
149 1410 220 1436 οὓτω
237 1411 384 1445 μακάριος,
398 1410 446 1436 καὶ
460 1409 491 1436 τὸ
501 1409 577 1440 τέλος
592 1418 637 1436 σου
653 1398 770 1442 αἰνετὸν,
780 1410 828 1435 καὶ
841 1409 875 1435 τὰ

84 1456 331 1491 ἐγκαταλείμματά
351 1464 398 1482 σου
411 1457 441 1482 ὲν
455 1456 623 1492 δικαιοσύνῃ.
643 1456 708 1482 Ἰδοὺ
725 1455 837 1491 δευτέρα
856 1457 872 1491 ἡ

84 1502 216 1538 ἐπιστολή
236 1511 287 1537 μου
309 1502 378 1537 αὕτη
394 1503 410 1537 ἡ
425 1502 548 1536 εὐτελής.
571 1502 626 1528 Καὶ
647 1503 671 1528 ει
695 1502 745 1537 μὲν
764 1502 875 1537 δράαεις

82 1549 118 1574 τᾶ.
132 1548 238 1580 δέοντα,
250 1547 338 1582 δηλῶν
350 1548 396 1574 καὶ
408 1547 627 1582 ἀπολογούμενος
642 1548 706 1582 περὶ
718 1548 825 1574 πάντων
835 1544 874 1574 ὦν

82 1594 209 1629 ἐγκαλῇ,
227 1594 380 1629 ὲκερδήθης
402 1595 417 1620 ὁ
437 1594 552 1628 ἀδελφὸς
576 1593 666 1629 ἡμῶν,
691 1593 873 1629 κυριολέκτως

83 1642 185 1673 εἰπεῖν,
200 1641 248 1666 καὶ
261 1640 392 1676 χαίρομεν
407 1641 454 1667 ἐπὶ
466 1641 508 1667 σοὶ
521 1641 594 1675 μέγα
606 1641 632 1667 οἱ
644 1640 776 1667 ταπεινοί.
789 1641 820 1667 El
833 1641 872 1672 δὲ,

82 1688 154 1722 ὅπερ
170 1688 266 1723 ἀπείη,
290 1687 424 1723 ὲμμείνῃς
440 1688 469 1713 ὲν
483 1689 515 1722 τῇ
530 1688 598 1722 αὐτῇ
614 1689 702 1722 σιωπῇ
717 1687 763 1713 καὶ
787 1687 874 1713 ἀπει-

83 1734 156 1769 θείᾳ,
174 1734 320 1769 βαστάσοις
335 1734 366 1760 τὺ
377 1734 465 1768 κρῖμα
488 1733 608 1765 αἰώνιον,
625 1733 754 1768 ἄπρακτα
769 1732 872 1766 ἀσκῶν,

85 1780 187 1814 μᾶλλον
201 1780 231 1806 δὲ
252 1779 381 1815 ὀλεθρίως
403 1779 504 1815 σχίζων
517 1780 563 1806 τὸν
580 1779 644 1806 λαὸν
660 1779 707 1806 τοῦ
725 1778 792 1805 Θεοῦ
804 1799 811 1810 ,
831 1779 875 1806 διὰ

83 1825 134 1859 τῆς
148 1826 253 1856 οἰκείας
270 1825 454 1861 ἰδιοπραγίας.
480 1825 575 1860 Ἡμεῖς
598 1825 625 1851 δὲ
649 1825 818 1860 προσέξομεν
835 1825 874 1859 τῷ

88 1871 246 1906 ’Δποστόὶῳ
259 1871 364 1907 λέγοντι
375 1878 382 1886 ⁶
390 1871 546 1905 Αιρετικὸν
555 1871 712 1904 ἄνθρωπον
721 1872 795 1906 μετὰ
802 1871 875 1905 μίαν

81 1917 132 1943 καὶ
147 1916 293 1952 δευτέραν
309 1918 473 1944 νουθεσίαν
488 1917 644 1951 παραιτοῦ,
668 1917 753 1949 εἰδὼς
768 1917 812 1943 ὅτι
827 1917 877 1948 ἐξ·

81 1964 248 1994 ἐστραπται
271 1963 288 1989 ό
314 1962 460 1994 τοιοῦτος,
475 1962 526 1989 καὶ
546 1961 706 1997 ἁμαρτάνει
727 1961 772 1988 ὢν
789 1962 876 1988 αὺτο-

82 2008 272 2042 κατάκριτος.

163 2078 239 2105 ΡΛΘ(
254 2078 323 2114 (50).
335 2079 516 2114 -Στεφάνῳ
531 2078 696 2113 ἡγουμένῳ.
713 2078 792 2114 Mat]

927 949 985 982 illo,
1008 949 1054 976 sel
1071 956 1132 975 cum
1158 949 1217 976 solo
1239 956 1283 976 me
1307 948 1415 981 humili,
1443 949 1553 975 tolletur
1568 947 1602 975 de
1624 949 1717 975 medio

926 995 1096 1027 scandalum,
1112 999 1138 1022 et
1151 995 1307 1022 coalescent
1321 1002 1382 1029 qua:
1396 993 1502 1021 divulsa
1521 998 1585 1020 sum
1599 1001 1606 1020 :
1623 997 1651 1020 et
1663 992 1717 1019 Do-

927 1042 1018 1068 minus
1039 1041 1065 1067 in
1088 1041 1179 1068 medio
1195 1045 1340 1068 nostrum:
1356 1046 1384 1067 et
1406 1047 1459 1067 non
1483 1039 1717 1074 blaspliemabitur

926 1095 1026 1114 nomen
1049 1087 1109 1122 ejus
1131 1091 1241 1122 propter
1266 1094 1329 1118 nos,
1354 1094 1410 1113 non
1433 1086 1494 1114 dico
1519 1087 1590 1113 inter
1611 1091 1715 1120 gentes,

927 1134 974 1161 sed
995 1135 1066 1161 inter
1088 1133 1270 1161 Christianos.
1296 1133 1374 1166 Quod
1402 1133 1424 1160 si
1442 1132 1486 1167 qui
1503 1137 1564 1167 post
1592 1138 1715 1159 mutuam

926 1180 1101 1208 concordiam
1127 1179 1317 1210 dissenserint.
1338 1179 1520 1210 docebuntur,
1541 1183 1569 1205 et
1587 1178 1716 1205 unientur

927 1236 974 1263 per
996 1235 1047 1254 nos
1063 1226 1192 1257 humiles,
1211 1226 1257 1261 qui
1278 1230 1304 1252 te
1326 1226 1398 1253 sicut
1420 1232 1471 1252 nos
1499 1224 1574 1259 ipsos
1588 1224 1717 1251 defende-

926 1282 999 1301 mus.
1023 1273 1056 1300 Et
1073 1273 1208 1308 propitius
1232 1272 1284 1299 erit
1304 1273 1387 1302 Deus,
1405 1277 1432 1298 et
1447 1272 1502 1298 vita
1523 1275 1569 1298 tua
1585 1270 1674 1303 beata,
1690 1277 1717 1297 et

927 1321 989 1347 linis
1010 1324 1072 1346 tuus
1098 1319 1255 1351 laudabilis,
1282 1322 1310 1345 et
1334 1317 1455 1352 reliquiae
1477 1321 1529 1344 tuae
1554 1316 1714 1351 injuslitia.

927 1366 996 1393 Ecce
1020 1366 1078 1393 haec
1093 1365 1215 1392 secunda
1238 1369 1279 1391 est
1300 1372 1360 1391 mea
1383 1363 1473 1390 tenuis
1493 1363 1619 1398 epistola.
1634 1362 1674 1390 Ac
1693 1363 1717 1390 si

927 1414 1039 1448 quidem
1054 1421 1115 1447 quze
1129 1412 1297 1440 conveniunt
1320 1411 1419 1446 egeris,
1442 1410 1585 1437 declarans
1603 1416 1716 1444 respon-

927 1461 1049 1495 deusque
1068 1460 1102 1487 de
1118 1459 1247 1487 omnibus
1268 1466 1386 1493 quorum
1408 1457 1589 1488 insimularis,
1605 1455 1716 1482 lucrifa-

927 1512 986 1534 ctus
997 1514 1026 1532 es
1044 1505 1127 1532 frater
1143 1509 1246 1535 noster,
1262 1509 1291 1530 ut
1309 1502 1416 1529 Domini
1433 1509 1499 1529 voce
1515 1507 1625 1528 utantur
1637 1500 1670 1533 ",
1688 1504 1716 1527 et

925 1553 959 1580 de
987 1557 1014 1580 te
1038 1551 1156 1578 humiles
1178 1557 1344 1584 magnopere
1371 1549 1533 1584 gaudemus.
1561 1548 1609 1575 Sin
1631 1555 1715 1579 ,vero.

924 1599 997 1635 quod
1011 1598 1092 1630 absit,
1114 1598 1141 1624 in
1165 1597 1261 1624 eodem
1278 1595 1386 1623 silentio
1405 1599 1433 1622 et
1448 1594 1635 1622 inobedientia
1653 1602 1716 1629 per—

924 1645 1038 1676 stiteris,
1055 1643 1192 1678 judicium
1212 1641 1332 1677 perferes
1346 1641 1556 1676 sempiternum,
1573 1641 1714 1667 incassum

925 1695 952 1718 te
966 1697 1111 1721 exercens,
1131 1693 1179 1716 aut
1201 1689 1292 1723 potius
1306 1688 1423 1716 exitiose
1443 1687 1567 1714 dividens
1582 1687 1713 1721 populum

925 1736 973 1764 Dei
987 1744 1034 1771 per
1049 1736 1181 1770 privatam
1198 1739 1272 1762 tuam
1285 1735 1435 1762 actionem.
1447 1733 1501 1761 Nos
1515 1741 1580 1760 vero
1593 1733 1714 1767 Aposto-

925 1783 981 1810 lum
1000 1782 1145 1809 audiemus
1160 1781 1293 1808 dicentem
1308 1789 1315 1807 :
1333 1780 1495 1806 llwreticum
1509 1779 1639 1806 hominem
1653 1782 1714 1812 pou

926 1837 1006 1857 unam
1025 1833 1049 1856 et
1064 1828 1206 1856 secundum
1229 1827 1418 1861 correptionem
1432 1826 1530 1857 devita,
1552 1826 1637 1852 sciens
1651 1826 1715 1860 quia

927 1875 1066 1902 submersus
1085 1879 1122 1901 est
1134 1875 1180 1909 qui
1195 1873 1326 1908 ejusmodi
1337 1877 1386 1903 est,
1406 1876 1431 1899 et
1449 1871 1588 1906 delinquit,
1604 1879 1664 1897 cum
1679 1870 1715 1897 sit

927 1923 1033 1957 proprio
1048 1921 1153 1956 judicio
1167 1921 1358 1947 condemnatus
1369 1919 1403 1946 ".

1062 2076 1204 2105 CXXXIX.
1219 2092 1253 2096 —
1271 2074 1403 2110 Slcp/mno
1427 2073 1580 2109 pra-posito.

342 2134 409 2160 Nihil
422 2138 506 2160 vetare
518 2135 648 2166 quominus
666 2135 758 2160 mensis
768 2134 927 2165 benedicant,
943 2133 986 2166 qui
1003 2137 1058 2165 post
1070 2134 1166 2164 lapsum
1183 2130 1357 2164 plenitentiam
1370 2137 1455 2161 egere.

125 2188 159 2215 'H
186 2188 317 2224 συχνότης
335 2187 390 2216 τῶν
410 2188 582 2224 γραμμάτων
605 2188 796 2224 πυκνουμένην
820 2189 873 2215 δεί-

961 2187 1099 2215 Crebritas
1115 2186 1268 2212 litterarum
1284 2187 1471 2210 vehementem
1486 2180 1605 2208 ostendit
1621 2180 1713 2207 chari-

82 2243 163 2262 κνυσι
175 2234 225 2270 τὴν
239 2236 350 2270 ἀγάπην
364 2237 414 2271 τῆς
429 2235 587 2270 τιμιότητός
603 2243 663 2267 σου,
676 2234 802 2269 πατρικῷ
816 2234 872 2261 ἔθει

82 2281 309 2317 ἐπερειδομένην.
332 2282 465 2313 Κάκεῖνος
478 2282 531 2317 γὰρ
542 2282 562 2308 ’ὁ
580 2281 715 2316 μακάριος
731 2281 798 2316 πρὸς
816 2281 873 2312 τοῖς

81 2326 176 2357 ἄλλοις
195 2326 277 2353 αὐτοῦ
299 2327 507 2362 κατορθώμασι,
528 2328 576 2353 καὶ
588 2327 656 2362 τῷδε
672 2326 712 2362 τῷ
727 2327 872 2361 ἐπιτηδεύ-

83 2380 152 2407 ματι
166 2372 341 2408 δημιουργῶν
355 2371 388 2409 ἦν
401 2373 467 2409 πρὸς
477 2373 540 2404 τοὺς
555 2373 685 2406 ἀδελφοὺς
698 2373 728 2399 τὸ
742 2373 790 2407 τῆς
805 2372 873 2406 ὀιγά-

82 2426 141 2453 mi;
159 2418 251 2445 καλόν.
266 2418 358 2454 Γράφε
374 2419 475 2452 τοίνυν,
500 2415 522 2445 ὣ
545 2419 702 2454 τριπόθητε,
721 2420 872 2455 πατρώζων

82 2465 113 2490 ὲν
136 2463 241 2497 τούτῳ,
262 2465 337 2499 ἡμᾶς
360 2473 390 2491 τε
413 2465 505 2500 ἡδίους
529 2465 613 2492 ποιῶν
635 2465 674 2501 τῷ
697 2467 805 2500 συνεχεῖ
826 2466 874 2492 τοῦ

83 2507 256 2544 φθέγματος.
289 2510 335 2546 Μὴ
371 2511 463 2546 μέντοι
493 2511 612 2544 ἐπαίνει,
647 2512 714 2547 μηδὲ
744 2512 874 2547 σύγκρινε

83 2555 180 2589 χρυσῴ
193 2549 330 2590 μόλιϐδον,
347 2556 414 2591 μηδὲ
431 2558 588 2593 μαργαρίτῃ
604 2558 699 2592 πηλόν.
718 2558 873 2592 Προσεύίου

83 2601 112 2627 δὲ
137 2601 249 2634 μᾶλλον,
275 2602 322 2628 καὶ
342 2602 419 2637 ὑμῶν
433 2603 487 2629 τῶν
508 2604 614 2630 ἐκείνου
635 2603 743 2630 ὀπαδῶν
760 2603 874 2630 κατόπιν

84 2646 174 2673 Ξένων
188 2647 231 2674 διὰ
247 2647 277 2674 τὸ
297 2648 407 2683 ἀχρεῖον
429 2657 463 2684 με
486 2646 555 2675 εἶναι
572 2650 600 2676 ἐν
619 2650 701 2676 πᾶσι·
721 2649 772 2676 κᾶν
791 2649 872 2681 αὐτὸς

83 2694 251 2728 ὡφελεῖσθαι
264 2694 355 2729 λέγοις
368 2696 436 2732 πρὸς
448 2696 526 2731 ἡμῶν
539 2696 592 2724 τῶν
602 2695 748 2730 ἀνωφελῶν
761 2696 872 2732 ἀγαπη-

924 2238 1006 2261 latent
1031 2232 1189 2259 reverentia:
1209 2235 1271 2262 tum,
1294 2230 1322 2257 in
1347 2234 1461 2264 paterno
1484 2235 1560 2255 more
1584 2232 1713 2254 constan-

925 2286 990 2309 tem.
1007 2281 1074 2308 Nam
1089 2286 1116 2308 et
1128 2281 1225 2308 beatus
1237 2281 1292 2312 ille,
1305 2280 1375 2306 inter
1386 2279 1438 2306 alia
1453 2277 1561 2312 egregia
1578 2275 1712 2305 facinora,

925 2330 977 2357 hoc
993 2330 1075 2357 etiam
1096 2329 1242 2364 pulchrum
1268 2327 1410 2354 cbaritatis
1427 2325 1548 2353 studium
1568 2323 1638 2358 apud
1658 2322 1714 2349 fra-

925 2380 980 2403 tres
1005 2375 1122 2402 fovebat.
1148 2374 1244 2402 Scribe
1271 2373 1365 2408 igitur,
1392 2371 1581 2402 dilectissime,
1604 2368 1711 2395 Patrem

926 2423 1037 2449 imitatus
1056 2422 1106 2449 liae
1130 2421 1156 2448 iu
1175 2425 1262 2455 parte.
1287 2427 1392 2453 nosque
1414 2418 1572 2445 exhilarans
1594 2414 1712 2443 assidui-

925 2471 981 2494 tate
1002 2466 1149 2495 sermonis.
1176 2467 1301 2493 Attamen
1329 2472 1363 2491 ne
1379 2464 1471 2494 lauda,
1499 2469 1549 2489 nec
1569 2460 1711 2495 plumbum

925 2521 989 2540 cum
1013 2520 1080 2539 auro
1105 2519 1245 2546 compara,
1272 2518 1322 2537 nec
1347 2509 1435 2536 lutum
1459 2516 1521 2535 cum
1553 2505 1711 2540 margarita.

925 2559 996 2593 Quin
1017 2559 1108 2594 potius
1136 2566 1184 2585 ora
1213 2561 1243 2583 ut
1266 2564 1316 2583 vos
1341 2556 1414 2582 illius
1433 2558 1614 2581 assectatores
1642 2559 1712 2586 pono

925 2605 1143 2638 subsequamur;
1161 2603 1225 2638 quia
1243 2602 1347 2629 inutilis
1366 2608 1416 2636 ego
1430 2607 1490 2627 sttnt
1510 2599 1536 2626 in
1559 2597 1688 2624 omnibus
1703 2605 1710 2623 :

926 2650 1035 2678 tametsi
1051 2650 1152 2677 amoris
1167 2649 1192 2676 vi
1212 2649 1351 2684 abreptus,
1365 2648 1455 2683 juvari
1472 2651 1497 2673 te
1516 2646 1593 2673 dicas
1608 2643 1711 2671 inutili~

926 2696 979 2723 bus
994 2695 1169 2723 sermonibus
1188 2693 1301 2723 nostris.
1324 2693 1402 2726 Quod
1418 2692 1441 2720 si
1466 2698 1520 2727 qua
1538 2690 1586 2718 tibi
1607 2689 1712 2717 utilitas

121 2744 240 2783 “.Eccli.
254 2764 311 2788 xtx,
329 2757 380 2790 l7;
402 2764 472 2789 xm,
489 2757 531 2785 15.
570 2759 592 2774 ³⁸
604 2757 699 2786 Matth.
717 2766 791 2791 xvut,
813 2757 855 2785 i5.

934 2756 989 2784 Tit.
1005 2764 1046 2790 ιιι,
1060 2755 1118 2784 10.’

837 2817 950 2845 ΝΟΤίΕ.

121 2873 176 2909 (30)
192 2873 222 2901 In
239 2873 298 2902 (od.
319 2873 383 2910 Reg.
403 2877 466 2910 ρνε’.
