1912 3080
203 136 272 168 1443

802 137 832 168 S.
855 136 1051 167 THEODORI
1073 136 1248 168 STUDIT/E

1776 133 1839 166 1444

202 194 309 229 obtigit,
327 193 382 221 Deo
413 193 606 221 ascribendum
629 197 684 225 ost,
700 193 748 229 qui
768 201 829 228 qua:
852 193 996 228 profutura

1055 193 1130 226 τικῶς
1155 194 1318 229 φερόμενος.
1336 192 1366 220 Εἰ
1385 192 1414 218 δὲ
1430 191 1477 219 καί
1501 200 1528 220 τι
1549 190 1714 226 ὀνησιφόρον
1737 199 1783 218 σου
1800 192 1839 225 γί-

203 247 279 274 sunt,
303 242 374 269 inter
397 242 449 269 hos
473 241 591 276 illosque
613 247 708 268 Imttno
727 242 880 276 dispensat.
905 241 996 276 Atque

203 289 261 316 hmc
282 288 319 316 ita
338 289 402 316 sint.
428 288 467 315 De
493 296 526 315 eo
549 292 648 315 antem-
661 288 735 323 quod
757 289 792 315 ab
817 287 851 315 iis
875 288 923 322 qui
947 295 996 323 per

201 336 391 370 paenitentiam
414 335 497 362 erecti
524 339 598 370 sunt,
624 335 733 370 signum
766 334 793 361 in
821 341 925 366 mensa,
950 339 997 362 aut

202 381 256 409 alia
280 382 409 416 quapiam
431 381 578 409 occasione
599 381 662 408 ﬁeri
678 381 890 416 approbaverint
915 381 933 408 ii
949 381 997 416 qui

201 427 308 462 lapsum
321 428 376 462 jam
390 431 550 459 evaserant;
564 426 621 462 jam
636 434 650 453 a
662 427 765 454 sanctis
776 425 903 454 Patribus
913 433 998 461 prope

202 474 320 500 dixerim
335 473 642 509 synodiceinquisitum
659 477 686 500 et
702 473 843 500 decretum
859 478 909 505 est,
927 472 999 500 bene

201 519 313 550 habere.
333 520 355 546 si
372 523 399 546 et
414 526 466 546 nos
483 519 602 546 humiles
625 526 681 546 rem
706 519 805 546 merito
827 519 996 554 probandam

203 565 405 597 custodiamus,
422 569 449 592 et
469 565 531 592 aliis
544 565 698 592 tradamus.

241 652 269 680 Si
285 661 350 689 ergo
367 658 394 680 et
410 653 466 687 ipse
482 653 524 680 vis
543 653 571 680 id
593 659 713 685 servare,
743 656 770 679 ct
797 651 943 679 laudamus
973 654 1000 678 et

204 699 387 726 admittimus.
408 698 486 732 Quod
500 698 573 726 enim
587 703 706 726 renuunt
721 699 845 733 quidam,
859 698 997 732 supersti-

204 744 288 771 tionis
315 751 384 778 opus
404 748 456 775 est,
476 751 558 778 quam
579 744 755 779 reprehendit
772 743 931 778 Apostolus,
952 744 1000 771 sed

204 798 264 824 quie
281 798 332 817 nec
353 790 406 824 legi
422 795 605 817 consentanea
631 790 676 822 sit,
702 797 753 817 nec
773 789 901 817 fraterna:
930 789 1000 817 dile—

204 836 298 864 ctioni.
319 835 397 863 Unde
419 843 537 870 namque
561 840 650 863 tutum
667 837 694 863 id
710 844 770 864 esse
781 836 997 869 conﬁrmabunt,

203 891 266 910 cum
282 890 333 910 nec
352 890 440 910 canon
462 886 551 910 exstet
582 883 628 917 qui
653 883 759 910 sanciat
775 904 783 917 ,
811 890 862 910 uec
887 883 996 911 divinus
1014 881 1034 907 Β

204 929 350 956 hierarcha
381 933 476 956 noster
496 928 548 956 hoc
575 929 660 964 recipi
675 937 690 956 a
705 929 784 956 nobis
800 929 884 956 velit?
897 930 995 957 Annon

203 975 296 1009 potius
312 975 427 1002 destruit
442 975 642 1009 paenitentiam,
662 979 689 1002 et
709 975 930 1010 desperationem
954 975 995 1002 af-

203 1021 258 1048 fert
271 1021 389 1048 salutis?
404 1025 443 1054 ut,
460 1021 504 1048 cui
519 1026 691 1048 sacramenta
711 1021 875 1056 participare
898 1028 998 1049 conce-

203 1067 288 1098 ditur,
310 1072 336 1094 et
356 1068 466 1102 signare
491 1067 614 1102 seipsum
641 1075 751 1095 crucem
770 1068 901 1103 imagine,
931 1069 996 1098 ltuic

204 1120 260 1139 non
282 1113 363 1140 liceat
377 1113 469 1140 cibum
486 1120 659 1140 communem
678 1112 721 1140 vel
735 1113 864 1148 privatim
889 1114 933 1142 vel
945 1122 997 1150 pu-

204 1158 275 1185 blice
291 1158 456 1193 obsignare?
478 1159 519 1184 An
543 1159 683 1186 nescimus
709 1158 813 1186 bonum
836 1159 921 1187 Deum
949 1169 998 1188 no-

204 1210 291 1232 strum
312 1209 338 1232 et
360 1204 517 1237 Dominum,
545 1205 591 1239 qui
617 1204 695 1232 solus
711 1213 809 1240 expers
825 1210 867 1233 est
881 1208 996 1242 peccati,

204 1256 231 1277 et
245 1251 316 1278 tollit
331 1255 474 1285 peccatum
494 1251 602 1284 mundi,
621 1251 766 1287 pertulisse
789 1257 818 1279 ut
836 1252 998 1281 immacula-

207 1303 248 1324 Ios
265 1297 350 1332 ipsius
366 1297 449 1332 pedes
464 1298 593 1325 meretrix
611 1298 739 1326 manibus
753 1303 888 1334 tangeret,
912 1308 997 1335 unge-

206 1347 301 1378 retque
330 1344 459 1379 lacrymis
486 1345 588 1379 pariter
606 1348 633 1372 et
651 1346 808 1380 unguento?
828 1345 882 1373 Sed
892 1351 919 1374 et
935 1354 997 1374 cum

206 1390 360 1424 publicanis
390 1391 548 1422 manducat,
568 1395 596 1418 et
625 1391 697 1426 apud
715 1391 888 1426 publicanos,
908 1400 936 1420 et
947 1401 998 1428 pu-

206 1436 330 1464 blicanos
345 1436 426 1464 habet
446 1437 598 1472 discipulos
619 1445 626 1464 :
649 1438 772 1474 nihilque
787 1439 826 1466 illi
849 1439 916 1467 adeo
931 1439 998 1468 cha—

208 1491 268 1511 rum
283 1488 334 1517 est,
349 1491 382 1511 ac
394 1485 538 1512 conversio
553 1493 566 1511 a
583 1489 706 1520 peccato,
729 1490 754 1513 et
770 1490 865 1513 mutua
878 1486 998 1515 dilectio.

207 1529 271 1557 lude
287 1534 315 1558 et
337 1531 447 1564 agnosci
474 1530 625 1565 discipulos
650 1538 716 1558 suos
735 1531 879 1566 designat:
898 1536 926 1559 et
938 1533 1000 1567 qui-

208 1575 270 1603 dem
286 1576 394 1603 beatum
410 1575 530 1608 Petrum,
547 1580 608 1610 post
622 1577 809 1611 negationem,
830 1577 998 1612 reliquorum

208 1623 396 1656 apostolorum
413 1623 564 1658 principem
578 1624 717 1650 renuntiat
734 1631 806 1658 :quo
829 1624 894 1659 quid
911 1624 1000 1659 majus

208 1670 241 1697 ad
270 1670 307 1697 rei
346 1670 492 1705 proposita:
534 1670 788 1698 conﬁrmationem?
828 1671 898 1705 Quid
935 1679 1000 1700 vero

209 1715 362 1743 dementius
377 1716 411 1743 iis
425 1716 472 1751 qui
486 1723 545 1748 eos,
567 1717 614 1752 qui
635 1725 668 1744 ex
685 1718 846 1752 pomitentia
870 1718 999 1745 meliores

206 1762 263 1796 jam
279 1761 343 1790 facti
360 1768 434 1794 sunt,
450 1762 559 1797 signare
580 1767 607 1789 et
629 1770 720 1794 orare,
742 1763 867 1798 imperite
882 1769 909 1791 et
924 1771 1000 1791 arro-

209 1814 304 1843 ganter
323 1817 376 1836 non
391 1809 537 1836 admittunt
549 1809 560 1835 ?
573 1808 628 1836 Nos
643 1809 734 1844 itaque
746 1810 864 1838 humiles
878 1811 919 1838 sic
934 1819 1000 1838 sen-

210 1855 304 1887 timus,
329 1860 359 1882 ut
377 1855 480 1883 dictum
504 1861 555 1888 est,
573 1860 600 1883 et
620 1856 697 1883 vobis
724 1856 749 1883 id
768 1856 928 1884 suademus.
947 1857 1001 1885 Alii

209 1902 257 1936 qui
273 1902 353 1928 aliter
368 1901 500 1934 sentiunt,
512 1901 546 1928 de
558 1903 610 1929 hoc
623 1901 762 1929 videbunt.
778 1901 833 1930 Nos
846 1903 880 1930 ad
896 1911 926 1931 ea
940 1912 1001 1939 qua:

211 1949 322 1976 Simeon
343 1947 429 1975 frater
456 1953 550 1976 noster
575 1948 754 1984 interrogavit
779 1950 970 1985 respondimus
991 1959 998 1977 :

209 1995 389 2030 cupimusque
405 1994 544 2027 humiles,
570 1999 599 2022 ut
622 1995 710 2027 vobis.
728 1995 795 2024 viris
819 1997 999 2030 honorandis,

210 2042 244 2069 ad
259 2041 377 2076 quietem
393 2041 489 2069 cedant
505 2040 532 2068 in
545 2041 672 2069 omnibus
685 2050 693 2075 ;
713 2046 741 2069 et
756 2047 882 2077 optamus
899 2043 1000 2071 illaesos

211 2096 259 2116 vos
273 2088 299 2114 in
314 2087 444 2115 omnibus
461 2087 606 2115 custodiri.

337 2184 417 2212 C-XL.
433 2198 470 2206 —
483 2184 650 2212 Catechetica
664 2185 698 2212 ad
711 2185 866 2221 Cyzicenos.

1050 249 1133 271 νοιτο,
1145 239 1204 273 Θεῷ
1215 240 1245 266 τὸ
1258 240 1374 276 πρᾶγμα
1385 237 1544 268 ἀναθετέον,
1557 237 1597 273 τῷ
1613 237 1647 263 δι’
1659 237 1783 273 ἀλλήλων
1795 239 1839 264 καὶ

1050 286 1079 312 ὲν
1094 285 1221 320 ἀλλήλοις
1243 283 1432 318 οἰκονομοῦντι
1456 283 1491 309 τὰ
1505 282 1577 309 κατὰ
1601 283 1706 318 χρείαν.
1731 280 1791 309 Εἶεν
1809 283 1839 319 δὴ

1050 332 1148 359 ταῦτα.
1174 332 1245 367 Πρὸς
1269 331 1297 358 δὲ
1322 331 1376 357 τῶν
1402 331 1435 357 ὲκ
1463 329 1607 366 μετανοίας
1629 329 1840 365 ἀνασφηλάντων

1053 379 1189 414 σφραγῖδα
1203 378 1249 404 ἐπὶ
1263 377 1416 413 τραπέζης,
1428 377 1445 412 ἢ
1465 376 1537 403 κατὰ
1551 376 1635 411 ἄλλην
1645 376 1708 403 τινὰ
1725 376 1839 411 περιπέ-

1051 433 1127 451 τειαν
1140 423 1264 459 δεδέχθαι
1275 423 1339 455 τοὺς
1352 423 1405 458 ἤδη
1425 422 1647 457 διαπεφευγότας
1666 421 1711 448 τὸν
1723 421 1838 448 ὄλισθον·

1052 471 1103 507 ἥδη
1126 470 1173 496 ἐπὶ
1201 469 1331 505 Πατέρων
1361 469 1446 503 ἁγίων
1466 468 1560 504 σχεδὸν
1583 468 1671 494 εἰπεῖν
1696 467 1840 498 συνοδικῶς

1053 515 1223 551 συνεξητήθη
1238 516 1286 541 καὶ
1303 513 1502 551 συνεκροτήθη,
1520 511 1549 541 εὖ
1564 513 1637 549 ἔχειν
1650 513 1697 540 καὶ
1708 513 1773 548 ἡμῖν
1787 515 1841 544 τοῖς

1051 563 1191 593 ταπεινοῖς
1205 561 1388 588 εὐαπόδεκτον
1400 561 1431 588 τὸ
1443 561 1561 596 πρᾶγμα
1571 559 1787 595 φυλαττόμενον,
1797 559 1841 586 καὶ

1053 608 1143 639 ἄλλοις
1158 607 1377 642 μεταδιδὸμενον.

1089 654 1121 680 Εἰ
1136 654 1183 680 οὖν
1199 654 1246 680 καὶ
1259 653 1341 685 αὐτὸς
1359 652 1431 679 οὕτω
1446 652 1553 687 βούλοιο
1567 652 1688 688 κρατεῖν,
1702 652 1748 678 καὶ
1765 653 1841 679 ἐπαι-

1054 699 1153 735 νοῦμεν
1175 700 1224 726 καὶ
1245 699 1444 734 ἀποδεχόμεθα.
1468 698 1505 725 Τὸ
1526 699 1581 735 γάρ
1597 707 1675 730 τινας
1697 698 1842 725 ἀπαναίνε-

1056 746 1128 779 σθαι,
1148 745 1377 780 ὲθελοθρησκείας
1401 745 1475 771 ἐστὶν
1493 744 1576 780 ἔργον
1599 743 1842 780 κατηγορουμένης

1055 793 1108 819 ὑπὸ
1122 793 1170 819 τοῦ
1191 792 1366 824 ’Λποστόλου,
1381 791 1439 818 ἀλλ’
1455 792 1505 818 οὐκ
1517 791 1633 827 ἐχούσης
1647 791 1709 818 οὕτε
1723 791 1754 817 τὸ
1769 791 1842 817 ἒννο-

1057 848 1117 875 μον,
1134 838 1197 865 οὔτε
1218 838 1249 864 τὸ
1271 837 1443 873 φιλάδελφον.
1460 837 1546 864 Πόθεν
1568 837 1623 873 γὰρ
1647 837 1796 872 ὲρείδονται
1813 836 1842 862 τὸ

1049 886 1170 921 ἀσφαλὲς
1186 885 1259 920 ἔχειν
1272 906 1279 917 ,
1300 885 1372 921 μήτε
1387 884 1501 916 κανόνος
1517 883 1704 916 Θεσπίζοντος.
1714 884 1785 919 μήτε
1797 883 1842 910 τοῦ

1050 932 1195 959 Θεσπεσίου
1218 931 1298 967 ἡμῶν
1320 931 1447 967 ἱεράρχου
1468 931 1649 966 ἀπείργοντος
1671 931 1744 966 ἡμᾶς
1764 929 1842 956 τοῦτο

1048 978 1191 1014 δέχεσθαις
1208 978 1244 1004 Ἦ
1265 977 1327 1012 οὐχὶ
1350 977 1451 1012 μᾶλλον
1480 975 1653 1011 ἀναιρετικόν
1677 976 1736 1002 ἐστι
1761 983 1842 1010 μετα-

1049 1025 1134 1057 νοίας,
1163 1024 1210 1051 καὶ
1235 1023 1444 1056 ἀπογνωστικόν
1474 1023 1534 1049 ἐστι
1560 1022 1712 1058 σωτηρίας;
1742 1021 1774 1048 τδ
1798 1021 1842 1047 τὸν

1049 1070 1212 1105 ἀξιούμενον
1236 1068 1363 1103 μετέχειν
1377 1067 1432 1094 τῶν
1447 1067 1639 1102 ἁγιασμάτων,
1654 1067 1701 1094 καὶ
1714 1066 1842 1101 σημειοῦν

1050 1117 1147 1144 ἑαυτὸν
1158 1118 1192 1152 τῇ
1208 1115 1377 1151 σταυροειδεϊ
1392 1116 1477 1142 εἰκόνι
1490 1135 1498 1147 ,
1515 1115 1552 1150 μὴ
1569 1113 1671 1146 ἐξεῖναι
1682 1112 1842 1149 σφραγίζειν

1051 1163 1151 1199 βρῶμα
1167 1162 1268 1194 κοινὸν,
1285 1161 1339 1187 εἴτε
1356 1160 1408 1197 ἰδίᾳ
1423 1159 1480 1186 εἴτε
1493 1159 1612 1194 δημοσίᾳ
1625 1167 1631 1191 ς
1648 1159 1684 1185 Ἢ
1699 1159 1749 1185 οὐκ
1764 1159 1842 1194 ἴσμεν

1050 1209 1119 1236 ὃτιὸ
1135 1207 1237 1242 ἀγαθὸς
1260 1206 1340 1242 ήμῶν
1361 1206 1429 1238 Θεὸς
1452 1205 1500 1232 καὶ
1517 1205 1632 1241 Κύριος,
1655 1204 1670 1230 ὁ
1697 1203 1778 1239 μόνος
1799 1204 1843 1230 ἁν-

1052 1255 1221 1289 αμάρτητος,
1247 1254 1294 1280 καὶ
1315 1253 1402 1287 αῐρων
1426 1251 1476 1287 τὴν
1498 1251 1636 1287 ἁμαρτίαν
1659 1250 1707 1277 τοῦ
1726 1250 1841 1285 κόσμου,

1052 1300 1104 1328 ὑπὸ
1137 1299 1240 1335 πόρνης
1263 1298 1327 1330 τοὺς
1351 1297 1504 1333 ἀχράντους
1530 1297 1616 1328 πόδας
1640 1295 1773 1331 ἠνέσχετο
1797 1295 1844 1321 καὶ

1051 1347 1270 1384 χειραπτείσθαι,
1294 1347 1342 1373 καὶ
1361 1345 1562 1380 ὑπαλείφεσθαι
1585 1344 1728 1379 δάκρυσιν,
1749 1343 1844 1377 ὧσπερ

1052 1396 1099 1423 καὶ
1115 1395 1210 1431 μύρῳ;
1230 1394 1312 1421 Ἀλλὰ
1326 1394 1374 1420 καὶ
1391 1392 1461 1428 μετὰ
1473 1391 1598 1419 τελωνῶν
1612 1390 1697 1417 ἕσθίει
1710 1390 1760 1416 καὶ
1770 1389 1845 1425 παρᾶ

1051 1442 1182 1473 τελώναις
1194 1461 1202 1472 ,
1221 1441 1269 1468 καὶ
1286 1439 1434 1476 μαθητεύει
1448 1437 1585 1470 τελώνας·
1606 1437 1653 1464 καὶ
1677 1436 1755 1463 οὐδὲν
1771 1435 1844 1470 αὐτῷ

1052 1486 1124 1513 οὕτω
1140 1485 1251 1521 φιλητὸν
1271 1485 1310 1517 ὡς
1329 1485 1360 1511 τὸ
1381 1483 1576 1519 ὲπιτρεπτικδν
1591 1482 1621 1516 ἐξ
1638 1481 1778 1518 ἁμαρτίας
1798 1481 1845 1508 καὶ

1054 1531 1228 1567 ἀγαπητικὸν
1241 1532 1285 1558 ἐπ’
1297 1531 1434 1566 ἀλλήλοις.
1456 1529 1597 1557 Ἐντεῦθεν
1613 1529 1661 1556 καὶ
1676 1527 1845 1564 χαρακτηρί-

1014 1563 1036 1595 C
1054 1563 1148 1611 ζὲσοαί
1163 1579 1228 1609 τοὺς
1251 1563 1377 1612 μαθητάς
1394 1575 1478 1603 αὑτοῦ
1501 1575 1670 1610 ὑπογράφει·
1686 1573 1733 1601 καί
1751 1582 1785 1607 γε
1802 1573 1846 1599 τὸν

1055 1624 1193 1660 μακάριον
1207 1624 1319 1659 Πέτρον,
1335 1623 1405 1658 μετὰ
1419 1623 1469 1658 τὴν
1483 1621 1607 1658 ἄρνησιν,
1618 1621 1784 1657 πρώταρχον
1794 1619 1846 1646 τῶν

1053 1669 1155 1697 λοιπῶν
1181 1668 1338 1696 ἀποστόλων
1359 1667 1563 1695 ἀναδείκνυσιν·
1585 1663 1616 1693 οὗ
1641 1666 1668 1692 τί
1692 1665 1788 1700 μεῖζον
1808 1665 1846 1695 εἰς

1051 1714 1225 1749 παράστασιν
1241 1713 1288 1739 τοῦ
1307 1712 1490 1748 προκειμένου
1509 1711 1607 1745 λόγου;
1620 1710 1647 1737 τί
1663 1710 1691 1737 δὲ
1707 1708 1845 1736 ἀσυνετώ-

1049 1769 1128 1796 τερον
1147 1760 1202 1786 τῶν
1223 1759 1340 1795 ἀμαθῶς
1354 1759 1401 1786 καὶ
1415 1757 1587 1794 οίηματικῶς
1606 1758 1644 1792 μὴ
1659 1755 1846 1791 καταδεχομέ-

1050 1815 1115 1838 νων,
1133 1806 1296 1841 σφραγίζειν
1311 1806 1361 1832 καὶ
1377 1804 1579 1841 προσεύχεσθαι
1595 1804 1660 1835 τοὺς
1673 1803 1726 1839 ἤδη
1745 1804 1782 1837 τῇ
1798 1810 1846 1837 με·

1051 1851 1148 1887 τανοίᾳ
1165 1851 1382 1886 βελτιωθέντας;
1402 1851 1499 1885 Ἡμεῖς
1511 1849 1660 1887 τοιγαροῦν
1672 1849 1697 1876 οί
1722 1848 1848 1876 ταπεινοὶ

1049 1880 1141 1930 οὕτως.
1152 1880 1263 1933 ἔχομεν.
1277 1897 1315 1929 ὡς
1328 1880 1503 1933 προείρηται,
1520 1880 1568 1923 καί
1580 1880 1848 1932 ὑιμῖνθσυμϐουλεύο-

1056 1953 1115 1979 μεν.
1133 1945 1226 1971 Ἀλλοι
1240 1945 1268 1971 δὲ
1282 1945 1369 1976 ἄλλως
1386 1943 1495 1979 ἔχοντες
1507 1964 1514 1977 ,
1529 1944 1640 1978 ὖψονται
1658 1943 1724 1979 περὶ
1737 1943 1845 1970 τούτου.

1053 1992 1127 2027 Πρὸς
1141 1991 1159 2019 ἃ
1177 1992 1206 2019 δὲ
1228 1993 1242 2018 ό
1265 1991 1379 2026 ἁδελφὸς
1392 1991 1470 2026 ἡμῶν
1485 1990 1598 2026 Συμεὼν
1611 1990 1770 2025 ἠρώτησεν,
1793 1990 1847 2016 ἀπ-

1054 2037 1206 2072 εκρίθημεν
1231 2037 1278 2064 καὶ
1302 2036 1484 2071 ὲφιέμεθαξὲν
1509 2037 1577 2063 πᾶσι
1602 2035 1670 2072 πρὸς
1692 2035 1848 2063 ἀνάπαυσιν

1055 2083 1133 2119 ὑμῶν
1142 2082 1212 2110 εἶναι
1227 2083 1281 2110 τῶν
1293 2083 1450 2118 σεϐασμίων
1463 2083 1489 2109 οί
1498 2083 1622 2109 ταπεινοί
1632 2091 1639 2097 ·
1650 2082 1698 2109 καὶ
1710 2081 1847 2118 εὐχόμεθα

1055 2131 1158 2162 ἀσινεῖς
1171 2131 1244 2165 ὑμᾶς
1259 2129 1491 2164 διαφυλάττεσθαι
1502 2130 1531 2156 ὲν
1547 2130 1642 2157 πᾶσιν.

1049 2188 1107 2215 PM'
1120 2187 1416 2224 (51).-Κατηχητικὴ
1428 2187 1502 2222 πρὸς
1511 2187 1583 2222 τοὺς
1591 2188 1626 2215 ὲν
1636 2185 1846 2224 Κυζίκῳ.

609 2255 648 2280 Ad
658 2255 869 2286 perseverantiam
881 2259 908 2282 et
920 2257 1064 2283 monasticae
1079 2257 1137 2283 vitae
1148 2257 1332 2290 perfectionem
1348 2257 1473 2281 hortatur.

247 2310 374 2337 Libenter
387 2309 507 2337 vidimus
521 2317 583 2336 cum
607 2310 640 2338 iis
657 2310 705 2346 qui
726 2318 779 2338 una
795 2316 939 2345 venerunt,
957 2312 996 2339 Si-
1018 2315 1041 2343 D

211 2364 336 2384 meouem
359 2355 493 2389 fratrem,
518 2356 564 2391 qui
585 2357 663 2384 vobis
692 2362 774 2392 caput
793 2363 938 2393 rectorque
965 2363 1007 2387 est

211 2403 376 2430 constitutus
391 2411 397 2428 ς
415 2403 513 2436 partim
531 2402 567 2430 ob
583 2403 742 2430 diuturnam
763 2404 928 2436 absentiam.
941 2413 1006 2440 par-

212 2449 260 2476 tim
287 2449 322 2476 ol)
343 2449 480 2483 egregiam
499 2450 748 2478 conversationem.
776 2450 850 2478 Bona
870 2451 1007 2486 siquidem

212 2495 388 2523 conversatio
404 2499 431 2522 et
450 2495 502 2530 ipsi
521 2501 548 2523 et
565 2496 644 2523 nobis
656 2517 663 2530 ,
700 2497 773 2532 quod
791 2502 846 2524 tam
877 2498 956 2525 multi
980 2499 1007 2525 iu

213 2549 296 2568 unum
306 2541 405 2568 fratres
416 2540 497 2568 simul
507 2541 601 2568 vivant
610 2542 778 2576 temporibus
794 2543 1004 2577 persecutionis.

216 2586 266 2614 Ubi
294 2587 364 2614 enim
381 2588 434 2613 duo
448 2586 487 2613 vel
516 2591 569 2614 (res
596 2587 752 2622 fuerint",
777 2588 857 2616 laude
888 2589 1001 2623 dignum

213 2638 256 2662 est
269 2642 276 2667 ;
289 2641 350 2661 cum
358 2632 486 2660 Christus
494 2632 520 2659 in
531 2633 622 2660 medio
629 2633 673 2667 sit,
683 2633 762 2668 juxta
776 2634 1002 2669 promissionem.

214 2679 266 2708 Tot
274 2687 337 2707 vero
345 2687 460 2707 numero
468 2687 530 2707 esse
541 2684 627 2708 totum
637 2681 845 2714 monasterium,
861 2689 1004 2716 magnam-

213 2734 266 2761 que
291 2725 541 2761 congregationem,
565 2726 720 2755 encomium
749 2728 866 2756 estsine
890 2732 1001 2756 contro-

249 2784 272 2800 ”
287 2783 383 2812 Matth.
400 2792 479 2818 “tu,
496 2783 542 2812 90.

1096 2313 1198 2344 Ἡδέως
1214 2312 1320 2348 εἴδομεν
1336 2312 1384 2339 τοῦ
1400 2311 1465 2346 περὶ
1485 2310 1532 2337 τὸν
1547 2309 1659 2344 ἀδελφὸν
1674 2308 1788 2344 Συμεὼν
1802 2308 1846 2336 τὸν

1055 2358 1094 2390 είς
1110 2358 1231 2392 κεφαλὴν
1252 2357 1330 2392 ὑμῶν
1354 2356 1522 2392 τεταγμένον
1533 2363 1540 2370 ·
1556 2355 1587 2382 τὸ
1606 2355 1656 2390 μὲν
1672 2354 1716 2381 διὰ
1728 2354 1781 2389 τὴν
1799 2353 1846 2380 τοῦ

1055 2405 1153 2441 χρόνου
1167 2404 1321 2437 ἀπουσίαν·
1346 2403 1377 2430 τδ
1399 2403 1428 2430 δὲ
1449 2403 1494 2429 διὰ
1519 2402 1570 2437 τὴν
1594 2401 1680 2436 καλὴν
1696 2400 1845 2428 πολιτείαν.

1062 2447 1164 2483 Ἀγαθὴ
1180 2448 1234 2483 γὰρ
1252 2447 1376 2474 πολιτεία
1389 2446 1438 2473 καὶ
1456 2446 1532 2481 αὺτῴ
1549 2446 1596 2473 καὶ
1609 2447 1691 2481 ἡμῖν’
1703 2445 1734 2472 τὸ
1753 2446 1848 2472 τοσού-

1056 2503 1120 2526 τους
1140 2494 1273 2529 ἀδελφοὺς
1296 2493 1342 2519 ἐπὶ
1356 2493 1387 2519 τδ
1402 2492 1468 2519 αὐτὸ
1494 2491 1581 2528 συζῇν
1605 2493 1634 2518 ἐν
1655 2491 1847 2526 δεδιωγμένοις

1060 2541 1277 2577 χρόνοις.’⁷οπου
1291 2539 1346 2575 τὰρ
1360 2538 1416 2566 δύο
1430 2538 1450 2573 ἣ
1466 2538 1546 2573 τρεῖς
1557 2537 1736 2573 τυγχάνοιεν
1749 2537 1845 2569 ὄντες,

1058 2587 1171 2614 ἐπαίνου
1188 2586 1274 2619 ἄξιον,
1297 2586 1334 2617 ὼς
1357 2585 1404 2612 τοῦ
1418 2583 1538 2620 Χριστοῦ
1560 2583 1757 2619 μεσιτεύοννιτος⁹
1778 2581 1848 2609 κατὰ

1058 2634 1107 2669 τὴν
1131 2632 1309 2667 ἐπαγγελίαν.
1328 2632 1365 2658 Τὸ
1385 2631 1414 2657 δὲ
1446 2631 1590 2662 τοσούτους
1620 2627 1692 2656 εἶναι
1712 2629 1774 2656 ὅλον
1798 2637 1847 2663 μο-

1058 2679 1216 2715 ναστήριον,
1235 2679 1283 2706 καὶ
1304 2678 1426 2714 μεγάλην
1451 2676 1584 2709 συνοδίαν,
1601 2675 1800 2712 ἀναντίρρητον
1817 2673 1849 2700 τὸ

1057 2725 1206 2762 ἐγκώμιον.
1220 2724 1277 2752 Καὶ
1291 2724 1372 2761 χάρις
1390 2723 1496 2760 Κυρίῳ,
1514 2723 1544 2756 ὃς
1560 2722 1660 2750 ἔδωκεν
1681 2722 1748 2758 ἡμῖν
1761 2721 1793 2748 ἂν
1808 2719 1848 2747 ἑνὶ

971 2829 1090 2859 NOTAE.

251 2877 307 2912 (5i)
321 2877 348 2904 In
364 2877 424 2906 cod.
440 2877 506 2913 Reg.
524 2875 595 2912 pvq'.
