1912 3080
83 137 154 170 1445

682 138 960 169 EPISTOLARUM-
979 139 1053 168 LIB.
1083 139 1125 169 Ῑῐ.

1641 139 1711 170 1446

81 193 231 228 πνεύματι,
251 193 301 229 μιᾷ
313 193 386 229 ψυχῇ
403 192 544 220 συναθλεῖν
557 194 590 228 τῇ
611 193 702 220 πίστει
716 193 868 227 τοῦ-Εὐαγ-

922 194 1020 220 versia.
1033 193 1066 220 Et
1077 194 1131 220 Dco
1142 193 1212 227 laus,
1229 193 1275 228 qui
1290 194 1369 221 nobis
1391 194 1465 222 dedit
1486 195 1512 222 in
1535 202 1591 223 uno
1602 196 1710 230 spiritu,

80 239 184 272 γελίου,
201 239 249 264 καὶ
263 238 403 273 διαφέρειν
428 238 458 265 ἐν
477 239 567 273 ταυτῷ
581 238 627 265 τὸν
649 239 796 273 ἀσκητικὸν
814 239 870 274 βίον

79 284 189 311 δίαθλον
211 285 259 310 καὶ
275 284 392 319 διαυγῆ,
413 284 460 311 καὶ
476 283 609 319 διαστεφῆ
633 284 726 317 ἀγῶνα
739 286 768 311 ὲν
782 284 870 320 τούτῳ

79 330 276 365 περαιοῦσθαι.
295 329 477 365 Ἐὃουλόμεθα
492 329 520 356 δὲ
535 331 583 356 καὶ
600 330 674 364 ὑμᾶς
688 330 788 362 αὐτοὺς
806 331 868 362 τοὺς

79 376 204 407 ἀπόντας
219 376 280 402 κατ’
295 375 453 410 ὀφθαλμοὺς
471 375 545 408 ἰδεῖν,
571 377 620 402 καὶ
634 377 870 413 συμπαρακληθῆ-

79 430 124 447 ναι
140 423 175 456 τῇ
192 421 323 456 κοινωνίᾳ
339 421 387 447 τοῦ
403 421 558 456 πνεύματος
568 430 574 436 ·
584 422 621 454 ὡς
630 422 664 449 ἂν
676 422 723 449 καὶ
737 422 866 458 τοῦνομα,

78 468 127 493 καὶ
145 466 304 502 πρόσωπον,
330 467 377 493 καὶ
400 464 475 502 ἦθος,
493 468 541 493 καὶ
560 468 657 502 λόγους
677 469 736 500 ἐνὸς
751 469 867 496 ἑκάστου

79 512 286 547 κατεμάθομεν.
307 512 379 538 Ἀλλ’
399 513 460 539 ἐπεὶ
476 513 555 540 τοῦτο
577 514 703 549 ἠδυνάτει
722 515 865 549 γενέσθαι·

78 558 189 593 εῐδομεν
207 559 280 592 ὑμᾶς
301 558 352 594 ἤδη
377 559 420 586 διὰ
443 559 491 586 τοῦ
514 561 720 596 προηγουμένου
744 561 793 588 καὶ
814 562 867 588 τῶν

77 604 225 637 ὁμοταγῶν
240 603 329 638 ὑμῶν.
352 602 388 630 ὧν
403 606 419 639 ἡ
435 605 484 631 Θέα
506 605 620 641 ἔθρεψεν
633 606 713 641 ἡμῶν
726 607 776 638 τὰς
790 615 866 642 καρ-

77 649 140 681 ita;
156 650 286 685 εὐλαϐείᾳ
298 652 586 688 κεχαρακτηρισμένῃ.
602 652 634 679 Τί
647 650 693 688 οὖν
707 654 764 679 ἐστι
775 653 867 679 λοιπδν

77 696 186 728 εξπετν;
201 696 244 723 ἵνα
263 696 356 728 καθὼς
371 696 462 732 χάριτι
481 697 528 724 τοῦ
553 698 656 733 Κυρίου
672 698 750 734 ἡμῶν
779 699 865 733 Ἰησοῦ

78 742 200 776 Χριστοῦ
235 742 417 778 ὴθροίσθητε,
442 743 491 769 καὶ
523 744 710 779 συνηρτήθητε
747 745 866 780 ἁρμονίᾳ

77 790 269 824 πνευματικῇ,
277 789 325 816 καὶ
335 789 476 825 συμψυχίᾳ
488 790 652 826 όμονοητικῇ
664 790 865 825 διαλάμψαντες

75 835 108 861 ἐν
121 835 180 866 τοῖς
195 835 289 861 αὐτόθι
309 834 436 869 καθάπερ
449 835 520 866 τινὲς
540 836 655 870 ἀστέρες
670 837 699 862 ὲν
712 837 745 871 τῇ
763 837 865 872 ςοφερᾷ

921 239 1011 266 anima
1031 248 1084 267 una
1095 240 1264 268 collaborare
1292 240 1355 268 fidei
1380 239 1540 276 Evangelii;
1557 248 1584 269 et
1611 244 1711 270 asceti-

920 293 978 312 cam
995 285 1078 312 vitam
1099 286 1180 313 simul
1204 286 1314 318 ducere,
1329 290 1357 314 et
1377 288 1538 322 praeclarum
1553 296 1711 324 coronaque

919 330 1033 365 dignum
1065 332 1117 358 hoc
1143 336 1281 359 certamen
1301 340 1439 368 peragere.
1470 334 1587 363 Animus
1617 341 1709 364 autem

923 382 984 404 erat
995 385 1044 404 vos
1069 377 1150 404 etiam
1183 377 1267 412 ipsos,
1283 378 1330 412 qui
1350 378 1464 410 abestis.
1482 380 1571 408 oculis
1587 389 1713 413 cernere.

919 427 947 450 et
964 424 1157 450 communione
1175 423 1286 458 spiritus
1301 424 1438 451 consolari
1462 433 1469 452 :
1492 430 1521 452 ut
1533 430 1561 452 ct
1573 434 1671 454 nomen
1684 431 1713 454 et

919 477 1062 504 personam
1078 470 1303 504 uniuscujusque,
1331 474 1359 497 et
1385 478 1486 504 mores,
1512 476 1540 498 et
1554 479 1709 500 sermonem

918 522 1155 549 cognosceremus.
1171 514 1222 542 Sed
1243 516 1306 550 quia
1326 516 1352 543 id
1373 516 1431 544 fieri
1450 525 1506 544 non
1530 522 1650 552 poterat.
1672 520 1712 547 vi-

918 559 1074 594 dimusjam
1091 568 1139 588 vos
1152 569 1199 596 per
1214 562 1386 596 praepositum
1408 564 1572 599 sodalesque
1590 570 1710 599 vestros,

923 611 1039 638 quorum
1067 610 1230 639 conspectus
1264 607 1370 634 animos
1396 612 1506 636 DOSU‘OS
1533 610 1712 643 expressione

917 650 1026 684 pietatis
1053 651 1157 678 refecit.
1186 651 1257 684 Quid
1285 660 1350 687 ergo
1374 658 1460 680 restat
1484 654 1659 682 dicendum?
1681 660 1712 684 ut

916 696 1146 730 quemadmodum
1168 698 1253 732 gratia
1275 697 1383 725 Domini
1410 700 1497 727 nostri
1516 699 1582 728 Jesu
1604 701 1708 729 Christi

917 741 1075 776 congregati
1090 743 1167 775 estis,
1185 747 1211 770 et
1227 744 1342 771 connexi
1358 750 1493 772 concentu
1516 746 1665 780 spirituali,
1684 753 1713 775 et

916 787 1038 814 unanimi
1047 788 1193 814 concordia
1204 788 1355 823 conspicui,
1366 790 1424 817 istis
1434 791 1459 817 in
1470 790 1537 818 locis
1547 791 1619 818 velut
1627 792 1712 820 stellae

917 831 1079 866 quaedamin
1092 832 1240 867 caliginosa
1251 834 1362 862 lmresis
1378 840 1457 863 nocte
1472 836 1656 872 refulgentes;
1670 837 1711 865 sic

75 879 128 914 τῆς
151 879 283 914 αἱρέσεως
299 881 387 912 νυκτὶ,
411 867 458 907 καὶ
472 880 540 915 πρὸς
554 880 584 906 τὸ
596 867 658 915 ἑξῆς
671 880 696 906 oi
713 867 789 907 αξτὸι
800 867 864 908 ora;

922 878 1042 913 leinCeps
1058 879 1137 906 iidem
1152 881 1345 914 permaneatis,
1361 882 1515 915 unanimes,
1529 884 1648 918 idipsum
1665 892 1711 912 sa-

77 925 210 959 μείνοιτε,
227 924 375 960 σύμψυχοι,
386 925 418 952 τὸ
430 925 459 952 ἓν
476 926 649 960 φρονοῦντες,
662 926 863 961 ὁμογνώμονες,

75 969 268 1002 ὑποτακτικοὶ,
284 970 429 1005 πειθήνιοι,
445 971 564 1005 εὐήκοοι,
584 970 750 1006 εὐχάριστοι,
767 971 866 1006 εῠχλημ

75 1026 130 1051 τοι,
156 1017 300 1052 φίλαγνοι,
325 1017 482 1053 σώφρονες,
505 1019 736 1054 ἀπαρρησίαστοι,
763 1017 864 1053 ἄρτιοι,

75 1064 294 1099 κατηρτισμένοι
310 1065 338 1091 ὲν
350 1065 432 1091 παντὶ
441 1064 515 1099 ἔργῳ
528 1064 622 1099 ἀγαθῷ
632 1073 638 1079 ·
648 1064 689 1091 ἔτι
700 1064 864 1099 λάμποντες,

75 1109 118 1135 ἔτι
131 1109 359 1143 αὑγάζοντες,ἒτι
374 1110 603 1144 φωτοὸολοῦντες,
613 1110 653 1138 ἔτι
667 1111 814 1143 ἁλίζοντες,
828 1111 866 1142 ὼς

77 1155 112 1180 ἂν
136 1155 263 1190 καὶπερὶ
285 1155 363 1190 ὑμῶν
376 1155 488 1186 εἰκότως
500 1155 595 1191 ῥηθείη
614 1155 667 1182 ὑπὸ
684 1155 731 1182 τοῦ
747 1155 863 1191 Κυρίου·

83 1200 185 1235 ’Ὑμεῖς
195 1200 265 1228 ἐστε
275 1201 309 1228 τὸ
323 1201 385 1235 φῶς
397 1201 449 1228 τοῦ
461 1201 577 1236 κόσμου
589 1211 595 1217 ·
604 1201 651 1228 καὶ
659 1200 738 1233 αὖθις
747 1209 753 1216 '
769 1201 866 1237 Ὑμεῖς

75 1247 150 1273 ἐστε
164 1248 199 1274 τὸ
211 1247 288 1280 ἅλας
306 1248 362 1282 τῆς
375 1248 443 1282 τῆς.
459 1248 536 1283 Τάχα
547 1247 575 1274 δὲ
589 1248 684 1283 ἐπειδὴ
698 1248 747 1284 τὴν
759 1248 866 1284 ὀρεινὴν

76 1289 256 1329 κὰταλλὴλως
270 1294 397 1330 ἑπᾲδοιτο
413 1295 524 1321 κάκεῖνο
538 1297 603 1331 περὶ
617 1294 693 1330 ὑμῶν
703 1302 709 1308 ·
724 1296 764 1322 Ob
777 1294 867 1321 δύνα-

76 1347 125 1366 ται
139 1340 231 1371 πόλις
244 1338 389 1373 κρυϐῆναι
411 1339 511 1366 ἐπάνω
527 1339 616 1374 ὅρους
634 1340 770 1374 κειμένη·
788 1340 867 1375 ὅρους

76 1384 182 1419 δηλαδὴ
196 1385 300 1420 ὑψηλῆς
317 1385 466 1418 πολιτείας,
481 1386 524 1420 ἐφ’
572 1386 596 1412 oi.
613 1385 867 1420 ὲπιϐεὸηκότες,ὼς

77 1432 108 1458 ἐν
121 1431 241 1466 οὐρανῷ,
258 1431 307 1458 ὲπὶ
319 1431 371 1466 τῆς
383 1432 433 1467 γῆς
445 1432 630 1467 διατρίὸουσιν
640 1429 700 1458 ’ὧν
715 1432 771 1458 οὐκ
784 1432 868 1464 ἄξιος

77 1479 96 1504 ό
108 1478 235 1512 κόσμος,
249 1478 320 1505 κατὰ
333 1478 362 1505 τὺ
375 1477 563 1510 ἁποστολικῶς
580 1477 736 1513 εἰρημένον.

113 1524 248 1556 Βλέπετε,
269 1526 354 1552 τέκνα
376 1526 424 1552 καὶ
447 1524 569 1560 ἀδελφοὶ,
592 1525 667 1555 ὅπως
680 1524 752 1560 ὑμᾶς
767 1521 834 1560 ἦρεν
853 1524 902 1572 dc

77 1569 160 1604 λόγος
181 1571 231 1606 τῆς
249 1570 389 1606 ἀληθείας,
410 1571 466 1598 ἄνω
479 1570 536 1602 θεὶς
556 1571 613 1601 τοῖς
630 1570 797 1604 ἐγκωμίοις,
819 1569 867 1596 καὶ

78 1615 228 1648 ῦπώείξας
251 1616 397 1651 ἀληθινοὺς
421 1613 492 1643 εἶναι
524 1615 670 1651 μοναστὰς,
697 1614 867 1650 ὀμολογητὰς

79 1662 214 1696 Χριστοῦ,
238 1662 362 1697 φυγάδας
386 1662 500 1697 κόσμου,
523 1662 624 1698 ἄνδρας
642 1661 795 1697 ἐπιθυμιῶν
813 1660 867 1687 τῶν

79 1709 258 1744 κρειττόνων,
291 1709 392 1744 σαρκὸς
419 1708 619 1741 παθοκτόνους,
646 1707 810 1742 στεφανίτας
839 1707 868 1733 ὲν

80 1755 231 1790 πνεύματι.
246 1755 302 1783 Καὶ
313 1755 399 1782 ταῦτα
414 1755 463 1791 μὲν
476 1756 551 1790 λόγοι
568 1755 669 1790 γυμνοὶ
683 1755 733 1789 τῆς
751 1755 868 1781 ἀνταπο-

79 1802 183 1833 δόσεως
199 1802 273 1837 ἄρτι.
296 1802 358 1828 Ἐὰν
379 1802 407 1828 δὲ
422 1802 468 1828 τὸν
485 1802 579 1836 ἀγῶνα
599 1801 676 1836 ὑμῶν
691 1801 740 1836 τῆς
753 1809 783 1827 τε
804 1800 870 1827 ὐπο-

79 1848 169 1883 ταγῆς
186 1849 234 1875 καὶ
254 1849 401 1883 ὁμολογίας
419 1849 583 1884 ἐκτελέσητε
604 1847 779 1883 κυριώτατα⁸
797 1855 872 1882 τηνι-

81 1894 174 1922 καῦτα
195 1895 405 1930 μεταϐαίνοντες
418 1895 465 1921 τοῦ
483 1895 540 1930 βίου
563 1895 613 1929 τὴν
629 1894 684 1921 τῶν
698 1894 788 1929 ἔργων
803 1894 871 1919 ἀπο-

79 1941 201 1976 λήψεσθε
229 1942 435 1978 μακαριότητα.
464 1940 498 1978 ἦς
527 1941 633 1975 γένοιτο
658 1941 763 1970 πάντας
798 1939 871 1974 ἡμᾶς

80 1989 231 2023 ἐπιτυχεῖν,
247 1989 338 2023 χάριτι
352 1988 398 2015 τοῦ
412 1988 517 2023 Κυρίου
533 1987 612 2023 ἡμῶν
634 1986 722 2022 Ἰησοῦ
740 1985 871 2020 Χριστοῦ,

79 2028 101 2066 ᾧ
111 2033 129 2068 ή
145 2032 209 2065 δόξα
224 2033 271 2059 καὶ
281 2033 424 2069 τὸκκράτος
437 2034 478 2065 είς
490 2033 554 2064 τοὺς
567 2032 669 2064 αἰῶνας
681 2032 737 2058 τῶν
751 2030 867 2058 αἰώνων.

85 2078 185 2113 Ἀμήν.

222 2138 303 2166 PMA'
320 2138 389 2174 (δε).
404 2153 440 2158 -
450 2138 634 2173 Ἠτουμένῳ.
651 2136 729 2173 [seu]

914 925 1019 960 pientes
1027 925 1277 959 ",consentientes,
1288 927 1414 962 subjecti,
1425 929 1565 964 morigeri,
1579 930 1711 960 obedien-

916 975 965 1003 tcs,
975 970 1054 1005 grati,
1068 971 1132 998 boni
1147 971 1275 1005 nominis,
1284 973 1362 1006 casti,
1374 974 1469 1006 sobrii,
1486 974 1585 1007 timidi.
1601 976 1711 1011 integri,

915 1015 1025 1049 perfecti
1050 1015 1164 1042 inomni
1191 1024 1272 1050 opere
1293 1016 1383 1050 bono,
1401 1017 1491 1045 adhuc
1504 1019 1637 1052 lucentes,
1661 1021 1711 1048 ad-

916 1060 970 1087 huc
982 1060 1165 1095 splendentes,
1182 1061 1272 1088 adhuc
1285 1061 1424 1089 radiantes
1436 1083 1443 1095 ,
1471 1063 1561 1091 adhuc
1578 1064 1711 1093 condien-

915 1110 977 1133 tes:
992 1110 1059 1133 utet
1075 1106 1108 1133 de
1130 1107 1209 1134 vobis
1225 1107 1322 1134 merito
1335 1108 1438 1135 dictum
1463 1111 1499 1137 sit
1524 1117 1539 1136 a
1567 1110 1685 1138 Domino
1699 1119 1707 1138 :

922 1152 973 1179 l’os
998 1153 1062 1179 estis
1086 1152 1132 1180 lux
1156 1154 1248 1179 mundi
1261 1154 1300 1186 a";
1316 1159 1342 1181 et
1362 1163 1472 1183 rursum
1492 1164 1498 1181 :
1521 1156 1572 1184 Vas
1587 1157 1651 1185 estis
1667 1157 1710 1185 sal

917 1204 995 1225 terra:
1012 1199 1044 1225 ³³.
1074 1198 1176 1226 Forsan
1202 1200 1297 1232 etiam,
1329 1201 1393 1235 quia
1425 1208 1553 1230 montana
1577 1203 1709 1237 incolitis.

916 1248 1100 1279 congruenter
1110 1248 1137 1272 et
1152 1245 1218 1272 illud
1246 1245 1280 1273 de
1306 1247 1383 1274 vobis
1403 1249 1544 1276 oecinatur
1562 1258 1568 1276 :
1587 1249 1648 1277 Non
1664 1258 1711 1285 po-

918 1295 966 1317 test
987 1291 1081 1318 civitas
1101 1291 1228 1318 abscondi
1249 1300 1329 1325 supra
1345 1299 1458 1320 montem
1480 1296 1567 1327 posita
1578 1295 1617 1329 ‘°;
1634 1304 1712 1323 mou-

917 1342 970 1364 tem
986 1337 1091 1365 scilicet
1110 1338 1224 1366 excelsae
1250 1341 1468 1368 conversationis
1483 1349 1491 1368 :
1506 1342 1540 1369 ad
1555 1350 1638 1378 quam
1662 1344 1711 1378 qui

917 1384 1147 1418 conscenderunt,
1168 1385 1207 1412 sic
1222 1386 1250 1412 in
1267 1391 1340 1412 terra
1354 1390 1485 1421 tanquam
1506 1388 1534 1414 in
1548 1389 1619 1416 ctelo
1635 1396 1712 1416 com-

917 1434 1077 1462 morantur;
1094 1430 1188 1464 quibus
1201 1431 1296 1465 dignus
1307 1439 1359 1458 non
1374 1436 1413 1459 est
1423 1435 1538 1459 mundus
1547 1434 1581 1466 “,
1593 1433 1666 1461 sicut
1677 1434 1712 1462 ab

917 1474 1047 1511 Apostolo
1063 1475 1166 1503 dictum
1181 1481 1231 1504 est.

953 1521 1067 1555 Videtis,
1082 1522 1129 1549 filii
1144 1530 1177 1550 ac
1192 1522 1366 1559 fratres,quo
1381 1530 1460 1560 pacto
1474 1533 1522 1554 vos
1538 1534 1629 1554 sermo
1641 1528 1713 1555 veri-

919 1569 982 1596 tatis
999 1569 1129 1602 evexerit,
1144 1569 1171 1596 in
1188 1570 1297 1597 sublimi
1309 1572 1448 1600 collocans
1458 1573 1601 1607 encomiis,
1617 1582 1712 1603 veros-

919 1623 971 1650 que
986 1617 1134 1643 monachos
1147 1623 1208 1644 esse
1226 1618 1382 1651 ostendens,
1399 1618 1573 1647 confessores
1597 1620 1711 1654 Christi,

920 1661 1048 1697 fugitivos
1062 1662 1167 1693 mundi.
1183 1662 1380 1692 desideriorum
1395 1665 1469 1693 viros
1480 1665 1635 1699 meliorum,
1647 1675 1710 1695 car-

921 1710 964 1736 nis
976 1708 1122 1736 affectuum
1134 1713 1320 1744 peremptores
1334 1710 1361 1737 in
1379 1711 1478 1745 spiritu
1502 1717 1660 1740 coronatos.
1678 1712 1713 1742 Et

921 1754 979 1782 hinc
994 1754 1103 1789 quidem
1119 1754 1201 1782 verba
1216 1759 1280 1783 sunt
1303 1756 1393 1783 adhuc
1420 1759 1649 1786 remunerationis
1661 1766 1711 1787 ex-

921 1801 1017 1836 pertia.
1038 1800 1185 1835 Postquam
1201 1808 1265 1828 vero
1282 1807 1404 1830 vestrum
1421 1803 1584 1831 obedientiae
1601 1809 1628 1832 et
1642 1812 1712 1833 con-

922 1846 1051 1874 fessionis
1075 1852 1212 1874 certamen
1227 1847 1337 1882 proprie
1354 1849 1515 1883 peregeritis
1531 1870 1539 1882 ,
1554 1855 1611 1877 tum
1625 1859 1641 1878 e
1657 1851 1713 1879 vita

924 1893 1073 1928 migrantes
1097 1900 1210 1927 operum
1233 1893 1428 1921 beatitudinem
1454 1896 1603 1930 recipietis,
1629 1905 1712 1932 quam

924 1939 1030 1967 utinam
1053 1940 1132 1967 nobis
1163 1940 1292 1968 omnibus
1313 1940 1429 1976 adipisci
1457 1943 1609 1978 contingat.
1624 1943 1713 1978 gratia

925 1986 1034 2013 Domini
1048 1986 1134 2013 nostri
1147 1985 1211 2013 Jesu
1223 1986 1336 2020 Christi,
1352 1988 1395 2015 cui
1410 1988 1497 2024 gloria
1513 1993 1539 2016 et
1563 1988 1712 2024 imperium

922 2034 951 2061 in
968 2032 1069 2060 saecula
1083 2032 1257 2059 saeculorum.
1269 2032 1367 2060 Amen.

1161 2133 1252 2163 CXLI.
1269 2150 1302 2155 ——-
1317 2134 1477 2170 Proposito.

451 2196 592 2222 Gratulatur
606 2195 638 2220 de
650 2195 771 2220 Ammone
782 2199 856 2225 quem
868 2195 966 2217 curator
977 2192 1007 2216 ad
1017 2190 1195 2216 monasterium
1206 2192 1353 2217 reduxerat.

114 2237 254 2272 Μέγιστον
276 2238 361 2273 δῶρον
382 2239 497 2266 δέδωκεν
513 2239 527 2265 ό
546 2238 612 2270 Θεὸς
626 2240 656 2265 ὲν
669 2240 702 2274 τῇ
718 2238 778 2265 καθ’
799 2239 868 2274 ἡμᾶς

963 2236 1110 2264 Maximum
1124 2236 1196 2263 Deus
1208 2235 1356 2271 provincia:
1371 2241 1472 2265 nostra:
1484 2237 1585 2265 donum
1600 2238 1713 2274 largitus

79 2283 214 2319 ἐπαρχίᾳ,
229 2284 378 2319 τιμιώτατε
399 2284 506 2319 ἀδελφὲ,
525 2285 571 2311 τὸν
584 2284 777 2312 εὐκλεέστατον
801 2293 867 2310 κου-

80 2331 207 2366 ρὰτωρα,
234 2331 281 2357 καὶ
303 2330 449 2366 κράτιστον
470 2331 499 2357 ὲν
523 2330 666 2365 εὐσεϐείᾳ·
684 2330 724 2356 ὅτι
749 2329 868 2365 Χριστοῦ

79 2377 192 2409 ἔκδικος
215 2376 344 2411 γεγονὼς,
361 2375 452 2404 εἷλκεν
469 2377 521 2403 ὑπὸ
544 2378 622 2412 χεῖρα
646 2376 692 2402 τὸν
714 2375 868 2411 λῃστρικῶς

79 2423 290 2458 πολιτευόμενον
308 2425 337 2450 ὲν
351 2424 407 2456 τοῖς
428 2424 611 2458 Χριστιανοῖς,
633 2423 734 2457 καίπερ
755 2421 819 2448 ὅντα
838 2420 869 2447 τὸ

81 2471 217 2505 πρότερον
233 2469 359 2505 ἀνάθημα
380 2469 447 2496 Θεοῦ
460 2469 508 2496 διὸ)
517 2470 566 2505 τῆς
591 2468 736 2504 μοναδικῆς
757 2466 867 2493 τελειώ-

81 2525 165 2547 σεως.
184 2515 306 2551 Ἀμμοῦν
317 2516 388 2550 λέγω
398 2516 444 2543 τόν
461 2523 527 2541 ποτε
539 2515 673 2550 ἡμέτερον
688 2513 812 2547 ἀδελφὸν,
821 2511 869 2539 νῦν

80 2563 110 2588 δὲ
130 2562 185 2588 ὑπὸ
200 2562 280 2597 χεῖρά
301 2570 347 2588 σου
369 2560 497 2588 τελοῦντα
516 2561 561 2587 διὰ
578 2559 718 2595 μεσιτείας
736 2558 783 2585 τοῦ
811 2558 870 2591 ἀξι-

82 2609 205 2642 αγάστου
220 2608 327 2644 ἀνδρὸς,
342 2609 374 2644 τῇ
390 2607 500 2643 εὐδοκία.
512 2607 595 2634 αὑτοῦ
609 2606 740 2642 Χριστοῦ,
753 2606 800 2632 τοῦ
810 2606 870 2641 χαί-

85 2663 180 2689 ροντος
194 2655 243 2681 ἐπὶ
259 2655 381 2690 σωτηρίᾳ
393 2654 440 2680 τοῦ
454 2652 636 2684 ἀπολωλότος.
653 2653 696 2684 Ὠς
713 2652 870 2687 θαυμαστὸν

83 2701 166 2737 ἔργον
190 2700 328 2727 meam
352 2701 420 2735 πρὸς
441 2699 488 2727 τοῦ
512 2699 651 2735 θεοφιλοῦς
682 2699 869 2735 κουράτωρος,

920 2288 973 2316 est,
990 2283 1073 2310 frater
1098 2282 1320 2316 honoratissime,
1344 2283 1574 2317 gloriosissimum
1599 2290 1713 2313 curato~

921 2337 978 2356 rem
990 2350 998 2362 ,
1013 2334 1040 2356 et
1056 2329 1154 2363 pietate
1176 2329 1436 2363 prmstantissimum
1452 2339 1459 2357 :
1475 2330 1523 2365 qui
1545 2329 1646 2358 Christi
1662 2331 1711 2359 de-

921 2375 1014 2403 fensor
1033 2375 1142 2407 factus,
1173 2376 1225 2403 sub
1252 2381 1414 2411 potestatem
1442 2377 1546 2411 redegit
1563 2384 1637 2410 eum,
1663 2378 1711 2413 qui

922 2423 1058 2459 praedonis
1075 2430 1150 2450 more
1164 2423 1234 2450 inter
1245 2423 1417 2451 Christianos
1429 2423 1600 2457 versabatur,
1615 2432 1711 2460 quam-

921 2469 963 2496 vis
982 2474 1061 2496 antea
1076 2468 1131 2495 Deo
1144 2468 1252 2496 dicatus
1269 2468 1367 2496 fuisset
1388 2476 1436 2503 per
1452 2469 1633 2496 monasticam
1647 2477 1711 2504 per-

922 2513 1076 2541 fectionem.
1089 2513 1249 2540 Ammonem
1261 2513 1322 2540 dico
1342 2513 1406 2540 olim
1434 2512 1544 2540 fratrem
1571 2518 1709 2545 nostrum.

921 2567 996 2587 nunc
1028 2559 1180 2586 admirandi
1203 2559 1252 2585 viri
1275 2567 1358 2594 opera
1383 2559 1429 2586 tibi
1451 2558 1589 2586 subditum
1613 2568 1620 2587 :
1645 2561 1710 2595 quia

927 2606 1039 2634 Christo
1061 2606 1102 2634 sic
1135 2606 1224 2633 visum
1248 2610 1300 2638 est,
1318 2606 1351 2633 de
1375 2606 1448 2632 illius
1471 2606 1517 2640 qui
1533 2606 1651 2640 perierat
1664 2614 1710 2633 sa-

923 2653 979 2680 lute
1008 2652 1162 2688 gaudentis.
1198 2652 1285 2685 Quam
1314 2653 1503 2680 admirandum
1532 2659 1631 2688 opusa
1662 2652 1710 2679 Dei

924 2703 1032 2726 amante
1060 2703 1185 2726 curatore
1212 2698 1361 2733 perfectqu
1374 2703 1434 2732 est,
1457 2705 1594 2734 quamque
1624 2698 1710 2734 ipsius

121 2758 143 2774 ιτ
162 2756 282 2794 Philipp.
297 2765 328 2792 ιι,
341 2757 370 2784 2.
406 2758 429 2774 ιε
445 2757 637 2792 Μειιιι.ν,ιι.
676 2757 698 2775 ³·
713 2757 780 2786 ibid.
797 2757 840 2785 ιδ.

924 2757 979 2785 bid.
1016 2757 1038 2773 ⁵¹
1054 2755 1136 2785 Hebr.
1154 2764 1192 2791 χι,
1207 2756 1252 2784 51.

846 2817 962 2846 NOTAE.

125 2853 181 2886 (δέ)
195 2852 225 2880 ln
238 2853 300 2881 cod.
316 2853 381 2889 ηας.
401 2852 468 2888 ρξεϋ.
