1912 3080
192 141 260 174 1447

789 144 820 173 S.
839 143 1036 173 TIIEODORI
1055 143 1232 174 STUDITxE

1756 137 1815 172 1M8

189 198 291 224 virtute
313 196 425 229 dignum
439 205 446 228 ;
473 196 520 223 sed
535 200 562 223 et
578 200 604 223 te
618 196 720 231 pariter
740 197 878 231 spirituali
893 202 982 232 patre,

1041 196 1083 222 mi.
1105 196 1181 229 ἄξιον
1192 196 1244 231 τῆς
1260 195 1321 222 κατ’
1334 194 1416 221 αὑτὸν
1438 194 1538 229 ἀρετῆς
1549 200 1557 209 ”
1577 194 1607 220 οὺ
1626 194 1679 229 μὴν
1694 193 1758 222 ἀλλὰ
1775 198 1817 223 καὶ

189 243 236 278 qui
255 242 388 277 perditum
405 242 477 269 sicut
489 242 615 269 Christus
633 242 659 269 in
675 242 806 270 humeros
830 243 980 270 sustulisti!

189 289 310 317 Laetatus
328 295 388 316 sum
401 289 492 323 itaque
511 289 625 316 humilis
641 296 702 323 ego,
713 293 740 316 et
754 289 898 321 exsuliavi,
913 296 984 323 quo-

190 336 264 362 niam
298 335 345 370 qui
361 335 478 370 perierat
494 335 620 362 inventus
633 338 675 362 est
685 355 693 368 ,
705 339 732 362 et
746 335 792 369 qui
805 335 909 369 ejectus
923 334 983 361 fue-

191 387 243 413 rat,
265 382 376 408 domum
405 382 533 408 reduetus
549 380 582 407 ".
596 380 626 407 Et
637 381 725 416 gratia
743 381 869 416 potestati
885 387 917 407 ac
932 379 982 406 mi—

192 428 348 454 sericordim
363 427 456 461 glorise
471 427 528 456 Dei.
544 426 590 461 qui
603 431 630 453 ct
655 427 729 453 illius
745 427 874 453 misertus
885 430 936 458 est,
955 430 982 454 et

192 482 235 501 me
258 473 390 500 humilem
419 480 535 500 nirerore
563 473 698 500 liberavit.
714 472 860 499 Manebant
875 473 947 499 enim
967 480 982 499 ιι

193 520 286 547 multis
304 519 383 546 antiis
394 519 429 546 ob
442 519 491 545 tilii
519 519 570 545 mei
598 519 718 545 ruinam.
743 517 784 545 Tu
802 518 884 553 igitur
906 523 984 553 pater

193 565 266 592 illius
286 571 359 591 nunc
371 563 419 590 Dei
445 564 623 591 miseratione
637 564 724 591 factus
737 571 777 594 es,
793 563 856 590 boni
882 564 985 591 media-

194 610 262 636 toris
273 617 352 644 opem
368 609 458 636 ferens
477 618 482 635 :
501 613 527 635 et
545 614 573 635 tu
602 609 677 636 illum
704 609 833 643 deinceps
849 609 881 635 ad
899 608 983 635 Deum

193 655 321 682 adduces.
337 654 407 682 Ecce
421 655 492 682 enim
507 655 583 681 illum
603 655 629 681 in
653 662 751 681 manus
765 659 835 685 tuas,
851 662 883 681 ac
898 656 921 682 si
937 662 986 681 eo-

191 709 250 728 ram
267 701 301 728 oh
319 702 424 732 oculos,
445 701 606 728 commendo
622 705 671 728 :et
693 701 844 736 discipulus
860 705 924 727 tuus
938 709 986 727 vo-

193 751 280 778 cetur,
298 751 326 773 et
339 755 353 774 a
369 752 393 774 te
407 747 496 774 discat
509 755 595 782 usque
615 747 640 774 in
662 747 741 774 tinem
759 756 765 774 :
784 751 867 782 tuque
879 755 986 774 merce-

193 792 254 819 dem
269 792 343 819 illius
357 793 489 827 percipies
503 793 528 819 in
542 793 827 828 smeulaAtquelianc
842 793 985 828 epistolam

193 837 266 871 leges
285 837 347 872 ipsi.
360 843 390 865 ut
402 846 517 866 securus
536 839 580 871 sit,
598 839 831 873 quemadmodum
848 839 899 873 ipsi
915 839 985 866 scri-

1038 242 1085 268 σοῦ
1100 241 1148 268 τοῦ
1164 241 1349 277 πνευματικοῦ
1362 241 1484 276 πατρὸς,
1499 240 1546 266 καὶ
1559 239 1604 267 τὸν
1620 240 1774 267 ἀπολωλότα
1784 242 1818 274 ὡς

1035 287 1155 322 Χριστὸς
1172 287 1218 313 ἐπὶ
1231 287 1285 312 τῶν
1300 285 1384 321 ὤμων
1397 286 1589 317 ἀναλαϐόντος.
1604 286 1764 321 Εὑφράνθην
1776 287 1817 314 οὖν

1037 334 1051 360 ὁ
1068 333 1196 364 ταπεινὸς
1209 332 1273 366 ἐγὼ,
1289 333 1336 359 καὶ
1349 332 1572 367 ἠγαλλιασάμην,
1590 331 1630 358 ὅτι
1645 331 1676 358 τὸ
1689 333 1818 365 ἀπολωλὸς

1039 377 1157 411 εὑρέθη,
1181 376 1211 402 τὸ
1239 377 1403 411 ἀπωσμένον
1421 376 1582 411 εἰσῳκίσῦη.
1603 376 1659 403 Καὶ
1688 377 1764 412 χάρις
1784 377 1819 412 τῷ

1039 423 1137 457 κράτει
1155 423 1202 448 καὶ
1219 423 1289 449 ἐλέει
1305 423 1355 456 τῆς
1370 422 1417 448 τοῦ
1441 422 1510 449 Θεοῦ
1533 422 1626 457 δόξης,
1642 422 1689 449 τοῦ
1705 424 1820 450 κάκεῖνον

1039 468 1211 502 ἐλεήσαντος,
1228 468 1299 502 κάμὲ
1313 468 1359 494 τὸν
1370 469 1499 495 ταπεινὸν
1513 469 1546 495 ἐκ
1563 468 1613 502 τῆς
1628 469 1746 504 ἀθυμίας
1758 469 1818 496 ἀνα,

1039 515 1214 549 κομίσαντος.
1234 514 1373 548 Ἢοὺμουν
1387 515 1442 549 γὰρ
1459 514 1513 541 ἀπὸ
1530 514 1635 541 πολλῶν
1650 514 1717 541 ἐτῶν
1736 515 1779 540 ἐπὶ
1790 516 1819 550 τῇ

1037 561 1161 595 ἀπωλείᾳ
1180 561 1228 586 τοῦ
1251 559 1311 586 υἱοῦ
1336 569 1396 595 μου.
1424 561 1459 587 Σὺ
1481 559 1527 587 οὗν
1543 561 1605 596 ἄρτι
1635 560 1726 596 πατὴρ
1745 559 1819 587 αὖτοῦ

1037 607 1108 633 ἐλέει
1121 607 1188 634 Θεοῦ
1208 608 1430 643 κεχρημάτικας,
1446 609 1480 643 τῇ
1496 607 1644 643 ἐπικουρίᾳ
1659 607 1706 633 τοῦ
1725 607 1821 641 ἀγα.θοῦ

1039 656 1150 689 μεσίτου
1162 661 1169 668 ·
1187 654 1234 680 καὶ
1247 655 1278 688 σὺ
1293 654 1375 681 αὑτὸν
1389 654 1554 689 προσάξειας
1563 654 1622 688 Θεῷ
1636 653 1704 688 πρὸς
1715 654 1744 679 τδ
1755 653 1821 688 ἑξῆς.

1044 700 1110 727 Ἰδοὺ
1124 700 1178 735 γὰρ
1193 700 1368 736 παραδίδωμι
1384 701 1465 728 αὐτὸν
1489 701 1528 732 εἰς
1543 701 1636 736 χεῖράς
1653 709 1710 732 σου,
1726 700 1761 731 ὼς
1775 700 1823 727 ἀπὺ

1038 747 1171 782 aemulata;
1186 747 1345 783 ὀφθαλμῶν,
1362 749 1410 774 καὶ
1424 747 1561 774 καλείσθω
1576 755 1623 773 σου
1641 747 1823 782 μαθητὴς,καὶ

1041 793 1207 829 μαθητεύσει
1224 802 1264 820 σοι
1280 794 1333 826 ἕως
1348 795 1457 825 τέλους·
1478 794 1526 820 καὶ
1548 793 1764 828 κληρονομήσεις
1782 793 1824 819 τὸν

1041 841 1138 875 μισθὸν
1154 840 1238 867 αὐτοῦ
1262 842 1302 872 εἰς
1320 841 1385 872 τοὺς
1407 840 1519 871 αἰῶνας.
1537 841 1593 867 Καὶ
1607 840 1686 876 τήνδε
1701 840 1750 874 τὴν
1767 840 1823 866 ὲπι-

193 883 255 916 psi;
284 887 312 910 et
343 889 372 910 ut
399 884 542 918 impleatur
557 885 630 918 quod
654 885 688 911 ab
701 885 832 919 Apostolo
852 884 985 919 scriptum

1041 887 1137 921 στολὴν
1157 887 1362 921 ἐπαναιγνώσεις
1376 887 1461 921 αὐτῷ,
1476 887 1514 918 ὡς
1532 886 1564 913 ἂν
1581 887 1638 921 ἔχοι
1654 887 1684 912 τὸ
1700 886 1824 921 ἀσφαλὲς,

194 933 256 956 est:
275 929 349 956 Alter
364 929 473 957 alterius
489 939 569 957 onera
586 935 703 964 portate,
720 935 744 957 et
756 931 793 957 sic
809 931 988 965 adiniplebitis

194 975 279 1010 legem
294 976 392 1002 Christi
406 976 450 1008 u;
467 977 512 1011 qui
527 981 552 1003 te
568 984 630 1003 cum
652 977 779 1003 universa
800 985 813 1003 a
830 977 884 1004 Deo
902 977 988 1004 electa

194 1022 323 1049 societate
355 1027 400 1049 tua
421 1023 569 1055 custodiat,
597 1023 710 1050 meliora
732 1030 781 1058 pio
801 1023 883 1050 nobis
904 1023 987 1050 etiant

195 1067 387 1099 peccatoribus
400 1071 535 1094 orantem.

368 1219 470 1248 CXL".
482 1236 517 1241 —
532 1220 634 1247 Basilio
649 1221 802 1255 prwposito.

1037 933 1110 959 καθὰ
1126 933 1246 968 κάκείνῳ
1259 933 1334 968 αὐτῷ
1345 934 1488 969 γέγραφα⁸
1502 935 1551 960 καὶ
1565 934 1730 969 πληροῦσοω
1745 934 1773 960 τὸ
1783 934 1824 960 τοῦ

1043 980 1206 1006 Ἀποστόλου
1217 988 1224 994 ·
1244 980 1404 1013 Ἀλλήλων·
1424 981 1460 1007 τὰ
1476 981 1558 1015 βάρη
1581 981 1764 1014 βαστάζετε,
1780 981 1826 1007 καὶ

1037 1026 1132 1059 οὕτως
1153 1027 1395 1060 ἀναπληρώσατε
1409 1027 1463 1054 τὸν
1481 1029 1578 1062 ’νόμον
1603 1028 1657 1055 τοῦ
1682 1027 1824 1062 Χριστοῦ·

1036 1073 1064 1105 ὃς
1082 1074 1210 1108 φυλάξειέ
1228 1083 1256 1101 σε
1276 1076 1344 1109 μετὰ
1362 1076 1453 1110 πάσης
1471 1077 1520 1111 τῆς
1546 1076 1688 1102 θεολέκτου
1707 1084 1752 1102 σου
1773 1084 1828 1101 συν-

1035 1120 1119 1152 οδίας,
1141 1122 1363 1156 προσευχόμενον
1380 1123 1428 1149 καὶ
1451 1122 1516 1158 περὶ
1532 1123 1612 1158 ήμῶν
1632 1122 1686 1149 τῶν
1703 1123 1829 1158 ἁμαρτω-

1036 1166 1090 1192 λῶν
1109 1166 1142 1192 τὰ
1162 1167 1318 1202 κρείττονα.
1616 1162 1620 1167 ’

1093 1222 1172 1249 PMB’
1188 1224 1255 1259 (53).
1271 1239 1307 1244 —
1325 1224 1473 1258 Βασιλείῳ
1485 1225 1653 1260 ἡγουμένῳ.
1675 1224 1772 1261 [gi-tat]

531 1279 632 1311 Arguit,
645 1279 711 1310 quod
723 1279 752 1303 ah
770 1279 923 1310 imperatore
937 1280 1002 1305 haud
1022 1281 1082 1306 satis
1092 1282 1231 1307 orthodoxe
1245 1290 1347 1307 munera
1361 1283 1498 1315 acceperit.

231 1334 296 1367 Quae
311 1342 393 1368 supra
412 1334 536 1361 meritum
556 1340 680 1362 nostrum
700 1336 894 1367 sintscribere.
916 1343 990 1363 sem-

195 1389 242 1416 per
262 1381 381 1408 fralei'iia
410 1382 561 1409 reverentia
583 1387 627 1408 tua
659 1383 810 1414 consuevit,
830 1383 988 1410 tenuitatem

196 1433 317 1456 nostram
341 1428 466 1455 laudibus
485 1434 512 1455 et
531 1429 663 1455 encomiis
685 1437 834 1460 exornans.
856 1437 905 1457 nos
926 1438 989 1457 vero

196 1474 314 1508 propriis
335 1473 435 1501 finibus
447 1482 498 1501 nos
515 1475 657 1501 continere
669 1475 828 1506 didicimus,
849 1480 877 1502 et
897 1476 987 1508 nihili,

196 1520 268 1555 quod
289 1529 384 1548 sumus
403 1528 453 1548 nos
473 1521 617 1548 testim-are.
628 1521 667 1549 Ac
686 1521 719 1549 de
740 1523 782 1549 his
805 1523 881 1550 satis.
901 1521 989 1549 C:ele-

197 1575 256 1594 rum
287 1567 402 1595 tarditas
418 1568 614 1595 veiierabilium
636 1568 788 1595 litterarum
807 1573 916 1596 ttiaruiii
938 1569 989 1596 mi-

196 1615 272 1642 nime
292 1623 340 1641 nos
352 1614 532 1642 cottiristavit.
553 1615 609 1642 Cur
620 1615 692 1642 enim
706 1615 718 1642 τ
730 1620 777 1642 aut
794 1623 856 1650 qua:
869 1615 920 1642 fuit
940 1623 990 1642 ne-

198 1662 333 1689 cessitas?
357 1661 538 1689 Contristavit
554 1666 645 1689 autem
659 1662 815 1697 (aperienda
835 1661 908 1688 enim
928 1669 989 1696 qua:

197 1708 226 1735 in
238 1709 331 1736 animo
349 1708 426 1742 stitit)
445 1713 489 1735 tua
513 1708 538 1735 in
557 1708 625 1736 urbe
642 1709 879 1740 commemoratio,
910 1712 937 1735 et
956 1708 989 1735 ad

198 1755 390 1789 imperatorem
410 1762 511 1786 sermo,
530 1755 644 1789 ejusque
669 1754 811 1785 allocutio.
834 1755 989 1788 responsio,

198 1805 226 1828 et
245 1806 307 1828 tutis
322 1809 354 1828 cx
376 1801 504 1828 mandato
524 1801 678 1834 discessus;
695 1807 757 1828 cum
772 1801 798 1827 in
817 1801 913 1827 iisdem
939 1808 990 1827 nos

199 1847 297 1874 iterum
318 1847 498 1874 incommodis
520 1854 670 1878 versemus.
700 1847 752 1873 sub
770 1854 852 1873 manu
879 1846 989 1873 hetero—

198 1894 332 1920 doxorum
349 1893 461 1920 detenti.
489 1892 640 1927 Adjecerim
665 1897 755 1919 autem
775 1897 802 1919 et
828 1892 989 1919 missionem

199 1946 344 1966 (ECOIIOIHO
362 1939 394 1965 a-l
417 1938 566 1972 principem
580 1938 718 1969 eumdem,
737 1943 764 1965 et
788 1937 841 1965 cibi
861 1945 989 1965 conititu—

199 1985 321 2015 ttionem,
348 1989 374 2011 et
394 1984 596 2012 abdiictionem.
622 1984 683 2011 lliec
703 1983 794 2011 omnia
815 1991 866 2012 nos
888 1984 990 2011 contri-

200 2036 319 2063 stat-unt,
342 2031 594 2059 revereitilissiine:
617 2036 643 2058 et
668 2031 772 2058 inhibet
792 2039 842 2058 nos
866 2031 989 2065 ignosce,

200 2077 324 2111 deceplio
343 2081 442 2107 vestra.
460 2077 632 2112 congressio,
649 2080 676 2103 et
696 2078 878 2109 conversatio,
896 2085 991 2104 initne~

202 2132 262 2151 rum
283 2124 406 2158 exceptio
432 2128 458 2150 et
474 2123 596 2153 donatio.
624 2128 652 2150 et.
682 2123 705 2150 si
727 2124 772 2158 qui
794 2124 992 2151 benevolentia:

202 2170 302 2197 indicia
315 2170 367 2196 alia
389 2170 514 2204 usurpari
545 2175 687 2202 consuetal
719 2169 752 2196 Ut
770 2170 834 2205 quid
845 2171 925 2201 enim,
950 2170 991 2196 iii-

1075 1339 1116 1364 Τὰ
1135 1339 1205 1374 ὑπὲρ
1223 1339 1272 1373 τὴν
1297 1338 1377 1370 ἀξίαν
1394 1338 1474 1373 ἡμῶν
1491 1338 1607 1365 πάντοτε
1633 1339 1650 1373 ἡ
1674 1337 1776 1373 ἀδελφὴ
1795 1347 1831 1364 τι-

1041 1386 1136 1420 μιότης
1152 1394 1198 1411 σου
1215 1385 1388 1411 ἐπιστέλλειν
1406 1385 1498 1416 εἴωθε,
1510 1385 1606 1419 τιμαῖς
1622 1386 1670 1411 καὶ
1685 1384 1830 1419 εὐφημίαις

1039 1431 1267 1466 ἀποσεμνύνουσι
1288 1431 1337 1466 τὴν
1363 1430 1506 1457 οὐθένειαν
1524 1431 1614 1466 ὴμῶνι
1634 1432 1716 1466 ἡμεῖς
1731 1431 1760 1458 δὲ
1781 1431 1831 1457 τῶν

1038 1477 1147 1503 οἰκείων
1173 1478 1281 1512 μέτρων
1306 1477 1343 1512 μὴ
1365 1477 1525 1510 ἐξίστασθαι
1547 1477 1731 1511 δεδιδάγμεθα
1745 1498 1752 1509 ,
1779 1475 1831 1503 ἀλλ’

1002 1538 1023 1567 C
1041 1523 1167 1558 ἡγεῖσθαι
1191 1523 1306 1554 ἑαυτοὺς
1331 1523 1420 1556 οὐθὲν,
1448 1523 1516 1558 ὅπερ
1540 1524 1634 1558 ἐσμέν.
1655 1523 1711 1550 Καὶ
1735 1523 1832 1549 τούτων

1041 1570 1092 1604 μὲν
1106 1570 1176 1601 ἃλις.
1194 1570 1226 1596 Ἥ
1235 1570 1262 1596 δὲ
1275 1569 1412 1605 agnam;
1423 1569 1478 1596 τῶν
1490 1569 1590 1604 τιμίων
1602 1578 1650 1596 σου
1663 1569 1832 1604 γραμμάτων

1040 1617 1070 1642 οὐ
1095 1617 1127 1651 δή
1154 1625 1205 1643 που
1227 1616 1384 1652 λελύπηκεν
1405 1616 1491 1651 ἡμᾶς.
1507 1615 1557 1642 Διὰ
1580 1616 1607 1642 τί
1628 1616 1702 1651 γάρ;
1726 1616 1773 1642 καὶ
1794 1609 1832 1648 ἐφ’

1039 1659 1114 1697 ᾧτινι
1135 1663 1165 1690 τὸ
1185 1663 1358 1698 ἁναγκάζον;
1379 1663 1525 1698 Λελύπηκε
1545 1663 1591 1695 δὲ,
1615 1662 1670 1688 δεῖν
1684 1662 1741 1697 γὰρ
1755 1663 1833 1688 ἐκχα-

1039 1709 1123 1744 λὺψαι
1138 1709 1173 1736 τὰ
1186 1710 1393 1744 παριστάμενα,
1408 1710 1424 1744 ἠ
1441 1710 1471 1735 ὲν
1487 1709 1527 1744 τῷ
1542 1708 1619 1736 ἄστει
1635 1707 1774 1744 διατριϐὴ,
1789 1707 1833 1733 καὶ

1041 1756 1057 1790 ή
1074 1756 1141 1791 προς
1157 1756 1203 1782 τὸν
1222 1755 1374 1790 κρατοῦνται
1399 1756 1482 1789 φάσις
1504 1755 1553 1782 καὶ
1576 1755 1738 1790 ἀντίφασις,
1757 1754 1803 1780 καὶ
1819 1753 1835 1787 ή

1041 1801 1095 1827 ὑπὸ
1122 1802 1246 1828 κέλευσιν
1274 1801 1373 1834 ἔξοδος
1399 1802 1516 1828 ἐπὶτῶν
1539 1801 1629 1828 αὐτῶν
1650 1801 1733 1828 πάλιν
1753 1801 1835 1827 ὄντων

1041 1847 1120 1881 ἡμῶν
1144 1849 1409 1883 πρακτικευμάτων,
1436 1848 1487 1883 τῆς
1504 1848 1664 1883 ὑποχειρίου
1677 1848 1734 1874 τῶν
1749 1848 1837 1882 ἑτερο-

1041 1893 1125 1926 δόξων
1148 1894 1266 1928 κατοχῆς
1281 1901 1287 1908 ·
1301 1893 1489 1929 προσθείημεν
1504 1894 1527 1920 δ’
1548 1893 1591 1926 ἂν,
1608 1893 1654 1920 καὶ
1668 1894 1685 1929 ἡ
1707 1893 1777 1929 πρὸς
1791 1892 1835 1919 τοῦ

1041 1937 1185 1972 οἰκονόμου
1206 1937 1250 1962 ἐπ’
1266 1937 1349 1964 αὑτοῦ
1374 1937 1421 1964 τοῦ
1456 1938 1575 1973 κράτους
1601 1937 1741 1972 ἀποστολὴ
1754 1957 1761 1969 ,
1778 1945 1838 1963 συν-

1041 1983 1163 2015 εστίασίς
1195 1993 1225 2011 τε
1251 1984 1298 2010 καὶ
1321 1984 1523 2018 συναπαγωγή.
1538 1983 1633 2010 Ταῦτα
1652 1983 1745 2010 πάντα
1764 1983 1838 2009 λελύ-

1042 2039 1130 2065 πηκεν
1144 2031 1216 2066 ἡμᾶς
1228 2051 1235 2062 ,
1259 2028 1282 2057 ὣ
1297 2030 1462 2065 τιμιώτατε,
1481 2031 1528 2056 καὶ
1553 2030 1642 2065 εἴργει
1664 2031 1757 2064 ἡμᾶς,
1775 2029 1838 2062 σύγ*

1043 2076 1128 2110 γνωθι
1139 2097 1146 2108 ,
1163 2078 1179 2112 ὴ
1196 2077 1264 2112 πρὸς
1278 2078 1352 2112 ὑμᾶς
1366 2077 1460 2112 ἀπάτη
1471 2097 1479 2106 .
1496 2078 1544 2103 xui
1561 2077 1777 2112 συνανάκρασις.
1793 2076 1838 2103 καὶ

1044 2123 1270 2157 συναναστροφὴ,
1291 2122 1373 2157 λῆψις
1387 2131 1417 2148 τε
1433 2123 1481 2149 καὶ
1497 2123 1571 2154 δόσις
1582 2143 1589 2155 ,
1617 2123 1665 2149 καὶ
1686 2124 1711 2149 ετ
1735 2132 1762 2149 τι
1777 2121 1839 2149 ἄλλο

1044 2169 1098 2195 τῶν
1113 2168 1239 2202 φιλικῶν,
1261 2168 1308 2195 καὶ
1330 2168 1360 2201 ἐξ
1375 2169 1465 2200 ἔθους.
1481 2169 1549 2196 Ἵνα
1564 2169 1594 2195 τί
1608 2169 1675 2203 γὰρ,
1700 2169 1795 2204 φησὶν,
1820 2167 1838 2200 ἢ

201 2217 271 2252 quit,
297 2215 405 2242 libertas
428 2224 484 2242 mea
505 2215 647 2249 jiidicatur
673 2215 705 2241 ab
737 2216 825 2242 aliena
857 2217 988 2242 conscien-

1043 2214 1198 2247 ἐλευθερία
1210 2223 1271 2249 μου
1285 2215 1416 2248 κρίνεται
1428 2214 1488 2241 ὐπὸ
1504 2215 1603 2247 ἄλλης
1615 2214 1840 2246 συνειδήσεως

201 2261 240 2288 lia
250 2260 291 2287 "‘t
307 2259 340 2286 Et
359 2259 581 2295 quandoquidem
601 2259 716 2286 antehac
739 2259 807 2286 satis
822 2259 993 2293 dispensavi-

200 2315 275 2339 mus,
297 2306 391 2341 idque,
412 2310 441 2332 ut
461 2305 533 2332 Deus
550 2305 625 2332 solus
645 2305 730 2337 novit,
751 2313 814 2332 cuin
835 2313 934 2340 magno
950 2304 993 2332 af—

201 2353 274 2382 fectu
290 2358 318 2380 et
329 2352 533 2384 misericordia;
548 2359 623 2379 nunc
638 2352 719 2379 etiam
739 2352 900 2386 dispensare
912 2359 993 2386 opor-

202 2406 251 2433 tet,
265 2404 292 2427 et
309 2407 362 2426 non
380 2404 495 2433 utraque
511 2407 542 2425 ex
560 2398 836 2432 partcdetrimenium
848 2398 915 2432 pati,
931 2406 992 2430 nec,

202 2447 293 2473 aliena
314 2449 480 2480 usurpantes
502 2449 621 2477 gnoslra
650 2444 807 2471 inconsulto
848 2444 991 2478 projicere.

203 2493 361 2522 Scieittibus
386 2494 484 2528 loquor
504 2501 510 2519 :
529 2493 613 2520 Nemo
637 2497 720 2526 potest
747 2492 849 2518 duobus
878 2492 992 2518 demittis

203 2541 300 2567 seruire
316 2539 350 2571 ⁵⁵,
371 2540 473 2566 veritas
506 2538 704 2573 pronuntiavit.
735 2537 841 2564 Domitii
875 2536 941 2563 estis
967 2540 994 2563 et

205 2587 262 2614 lteri
278 2593 305 2614 et
326 2590 448 2614 rectores
464 2585 634 2619 propriorum
648 2583 874 2610 monasteriorum
888 2587 915 2609 ct
929 2591 994 2609 coii-

203 2635 328 2662 silioruin
348 2642 354 2660 :
374 2640 424 2660 nos
443 2639 508 2659 vero
523 2631 641 2658 liumilcs
665 2635 690 2657 et
714 2629 862 2656 errabundi
880 2629 952 2656 hunc
965 2629 992 2655 in

205 2681 294 2708 locum
326 2679 404 2714 cjccti
426 2679 462 2705 ob
486 2678 717 2714 persecutionem.
744 2677 891 2704 (Ionceilite
921 2677 992 2703 Itane

242 2771 265 2786 “
279 2770 345 2798 Luc.
360 2778 405 2804 xv,
418 2770 463 2798 24.
502 2770 525 2786 ⁸⁸
539 2770 627 2798 Galat.
641 2777 679 2804 Vt,
695 2769 722 2796 Ξ.
761 2768 783 2785 ⁸⁵
800 2769 808 2796 1
825 2768 888 2797 Cor.
905 2777 931 2803 κ,
947 2768 992 2797 29.

519 2875 586 2911 ρξβἰ

243 2877 299 2911 (33;
313 2877 341 2904 In
354 2876 413 2905 cod.
430 2876 495 2910 Reg.

1044 2261 1100 2288 Καὶ
1126 2261 1219 2296 ἐπειδὴ
1241 2261 1341 2292 ἱκανῶς
1361 2261 1580 2296 ᾠκονομήσαμεν
1602 2262 1631 2287 ὲν
1653 2262 1712 2292 τοῖς
1737 2261 1840 2295 προλα-

1045 2307 1141 2338 ϐοῦσι,
1159 2307 1223 2338 καὶ,
1249 2306 1288 2338 ὡς
1309 2307 1376 2339 Θεὸς
1399 2307 1480 2342 μόνος
1499 2306 1572 2339 οἱδε,
1592 2307 1642 2333 σὺν
1670 2306 1756 2340 πολλῇ
1782 2306 1840 2331 δια-

1045 2353 1119 2380 θέσει
1137 2354 1184 2380 καὶ
1199 2353 1381 2389 ἐλεημοσύνη·
1399 2354 1455 2380 δεῖν
1478 2353 1542 2388 ἄρτι
1567 2353 1616 2379 καὶ
1641 2351 1840 2387 οἰκοδομῆσαι,

1045 2400 1093 2426 καὶ
1117 2400 1154 2435 μὴ
1181 2400 1379 2435 ἀμφοτέρωθεν
1403 2400 1591 2435 ζημιοῦσθαι,
1618 2399 1687 2434 μήτε
1705 2399 1737 2424 τὸ
1762 2397 1841 2424 ἀ).λό-

1046 2455 1123 2481 τριον
1149 2446 1445 2482 προλαμϐανομένους,
1473 2447 1520 2473 καὶ
1542 2446 1572 2472 τὸ
1605 2446 1706 2471 οἰκεῖον
1736 2445 1843 2478 ἀλόγως

1049 2492 1192 2528 προέσθαι.
1219 2492 1324 2519 Εἱδὸσιν
1339 2493 1353 2519 ὁ
1369 2492 1448 2526 λόγος
1463 2500 1469 2507 ·
1485 2491 1590 2525 Οὐδεὶς
1620 2492 1749 2518 δύναται
1771 2489 1842 2517 δυσὶ

1048 2539 1163 2571 κιφίοις
1194 2537 1363 2570 δουλεύειν,
1393 2539 1410 2573 ὴ
1437 2538 1553 2573 ἀλήθεια
1586 2539 1760 2572 ἀπεφήνατο.
1786 2535 1842 2562 Κύ-

1050 2583 1102 2619 ριοι
1129 2584 1192 2610 ἐστε
1226 2583 1273 2610 καὶ
1310 2583 1440 2610 δεσπόται
1477 2585 1524 2610 καὶ
1557 2583 1762 2619 καθηγούμενοι
1788 2581 1842 2608 τῶν

1049 2629 1122 2656 ἰδίων
1149 2629 1239 2665 μονῶν
1265 2630 1312 2656 καὶ
1333 2629 1540 2666 βουλευμάτων·
1563 2631 1644 2666 ἡμεῖς
1663 2630 1692 2656 δὲ
1714 2627 1842 2655 ταπεινοὶ

1046 2676 1094 2702 καὶ
1107 2675 1236 2711 ἁλήτιμοι
1255 2673 1307 2702 ὧδὲ
1327 2684 1378 2703 που
1400 2677 1618 2713 παρεῤῥιμμένοι
1631 2676 1674 2702 διὰ
1697 2676 1744 2702 τὸν
1759 2674 1843 2708 διωγ-

1038 2768 1061 2784 ⁸¹¹
1078 2768 1174 2796 Matth.
1190 2777 1228 2802 vt,
1239 2767 1286 2795 Ἃ.

965 2827 1082 2857 ΝΟΤΙΕ.
