1912 3080
75 139 133 172 1449

648 140 926 171 EPISTULARUM
946 141 1020 171 LIB.
1050 141 1091 170 Π.

1617 139 1686 171 nso
1723 177 1728 186 ι

75 195 126 230 μίν.
143 194 293 230 Χαρίσασθε
326 195 392 229 ἡμῖν
416 194 466 229 τὴν
485 194 641 230 ἐλευθερίαν
663 194 776 229 ταύτην,
793 195 840 220 καὶ

903 195 972 223 tobis
988 196 1152 228 libertatem,
1178 199 1208 222 ιιι
1235 195 1339 222 nostris
1359 195 1481 230 peccatis
1503 194 1685 223 indolcamus.

74 241 99 267 τὸ
121 242 168 271 τοῖς
187 241 298 273 οἰκείοις
323 241 534 275 ὲπιστυγνάςειν
562 241 755 276 ἁμαρτήμασι.
791 241 846 267 Καὶ

73 282 123 312 οἶδα.
136 285 178 320 μὲν
189 285 230 311 ὅτι
248 284 369 320 λυπηρὸν
393 285 423 311 τδ
437 285 555 320 γράμμα
569 287 604 320 τῇ
619 284 758 320 τιμιότητὶ
780 293 827 311 σου
837 304 845 317 ,

73 331 155 367 ὥσπερ
176 331 222 358 καὶ
242 332 320 366 ἡμῖν,
340 331 410 358 ἀλλὰ
431 332 480 366 τῆς
495 331 542 357 τοῦ
560 331 629 358 Θεοῦ
645 331 756 366 ἀγάπης
770 330 845 357 οὐδὲν

74 377 262 413 προτιμότερον·
276 378 309 404 δι’
330 379 362 414 ἣν
379 378 427 404 καὶ
445 379 527 413 ἡμεῖς
544 377 591 404 σὺν
611 378 667 408 τοῖς
684 376 772 410 ἁγίοις
787 377 844 402 Πα-

73 423 155 459 τράσιν
173 424 250 458 ἡμῶν
275 424 323 450 ἐπὶ
340 425 373 460 τῇ
390 423 469 458 ὕϐρει
489 423 609 459 Χριστοῦ
628 422 807 459 ὴρνησάμεϐα
825 421 844 448 ἃ.

73 469 245 505 ὴρνησάμεθα,
260 470 307 496 καὶ
320 469 527 505 προαιρούμεθα
542 470 560 496 ἃ
574 468 772 504 προῖσχόμεῠα.

200 571 277 599 PMI“
301 571 367 606 (δι).
389 586 419 591 -
446 571 487 604 Τῷ
504 569 593 604 αὐτῷ.
613 569 713 606 [eum

896 240 929 267 Et
944 242 1001 268 scio
1026 242 1137 276 quidem
1160 241 1338 276 injucundam
1367 241 1526 268 reverentiae
1547 246 1600 268 tua:
1616 241 1687 268 hanc

895 287 1040 320 epistolam
1056 287 1125 319 fore,
1141 288 1215 315 sicttt
1231 292 1258 315 et
1286 287 1364 314 nobis
1382 295 1388 312 :
1403 287 1452 314 sed
1469 287 1538 314 nihil
1555 291 1596 314 est
1608 292 1687 315 ante-

896 333 1052 366 ponendum
1070 333 1116 360 Dei
1132 334 1260 361 charitati
1274 343 1281 361 :
1301 337 1412 368 propter
1427 341 1509 368 quam
1519 339 1546 361 et
1562 342 1614 362 nos
1624 341 1687 361 eum

895 379 998 406 sanctis
1016 379 1144 408 Pati-ibus
1159 380 1271 412 nostris,
1301 381 1335 407 ob
1359 380 1462 407 Christi
1480 380 1684 412 contumeliam,

895 424 1054 458 negavimus
1073 433 1135 460 quae
1165 426 1335 461 negavimus,
1357 431 1385 454 et
1413 426 1602 460 amplectimur
1626 434 1688 460 quae

898 469 1013 504 professi
1026 479 1129 499 sumus.

1153 571 1267 599 CXLIII.
1283 587 1318 593 -—
1334 573 1436 600 Eidem.

361 628 512 658 Gratulatur,
521 635 575 653 cum
588 627 732 657 audivisset,
754 627 845 657 ipsum,
855 621 913 649 ﬁdei
939 631 1021 657 causa,
1033 628 1064 652 de
1077 628 1238 660 prtepositura
1251 630 1386 654 decedere.

102 681 182 717 Βραχύ
199 690 225 708 τι
240 681 424 717 παρεμυοήθη
446 682 477 708 τὸ
494 682 558 717 περὶ
574 682 647 716 ὑμᾶς
660 681 724 712 τοὺς
746 688 845 714 τιμιω-

70 729 157 758 τάτους
166 728 285 762 λυπηρὸν
299 727 349 762 τῆς
361 727 451 762 ψυχῆς
461 727 550 762 ἡμῶν·
568 727 625 760 εῐγε
636 726 674 758 ὼς
687 725 845 760 γεγράφατε

71 775 130 808 ἔχει,
137 775 181 800 καὶ
192 774 360 808 ὑποχωρεῖτε
372 774 420 809 τῆς
430 774 616 808 ήγουμενικῆς
626 772 759 806 διακρατή
764 779 842 802 σεως.

933 679 1095 708 Nonnullam
1110 684 1326 711 consolationem
1343 686 1415 719 capit
1423 685 1523 713 anima!
1543 690 1645 712 nostra:
1655 686 1689 713 de

898 725 975 753 vobis
998 728 1234 756 reverendissimis
1255 731 1421 758 tristitia:si
1441 739 1536 758 verum
1553 736 1595 759 est
1614 733 1688 766 quod

898 772 1050 806 scripsistis
1060 793 1068 804 ,
1085 778 1112 801 et
1127 776 1316 810 prtepositurae
1339 781 1476 811 potestate
1490 778 1597 805 ceditis.
1611 777 1688 804 Nulla

71 820 178 854 Οὐδεμία
195 820 248 854 γὰρ
264 818 402 852 κοινωνία,
416 816 438 845 ὧ
453 818 576 853 φιλότης,
593 817 782 852 δεδιωγμένοις
797 817 844 843 καὶ

903 817 982 849 enim,
1002 820 1099 853 amice,
1114 822 1346 856 persecutionem
1375 824 1465 858 passis
1476 825 1633 851 communio
1648 829 1690 852 est

69 865 201 896 ἁόιὼκτοις
213 885 221 896 ,
235 865 283 890 καὶ
298 865 328 891 οὑ
351 864 431 899 μόνον
453 863 596 895 ἁδιώκτοις
608 883 616 894 ,
632 862 701 889 ἀλλὰ
716 863 763 888 καὶ
778 863 845 888 ὐπο-

68 912 166 938 τελοῦσι
178 913 233 943 τοῖς
249 912 375 942 διώκταις
390 910 653 945 καθηγεμονιώντων
667 907 759 945 ὧνπερ
772 909 848 941 ἐξου-

69 959 183 990 σιὰζουσι
201 957 400 993 μοναστηρίων·
415 958 439 983 si
454 956 492 992 μὴ
503 956 557 992 ἄρα
572 965 614 988 τις
627 956 756 982 κοινωνία
771 955 845 990 ὠμο-

67 1006 173 1040 λόγηται
187 1006 256 1040 φωτὶ
273 1006 342 1041 πρὸς
354 1005 460 1037 σκότος.
487 1004 556 1032 Ἀλλ’
571 1005 621 1031 οὐκ
640 1005 788 1039 ἐνδέχεται,
809 1003 849 1036 ὡς

68 1052 81 1077 ὁ
99 1051 167 1086 ίερὸς
180 1051 258 1085 λόγος
274 1051 443 1086 ἀπεφήνατο.
459 1050 495 1077 Τδ
512 1050 567 1085 γὰρ
583 1051 635 1082 ἕως
651 1050 699 1076 τοῦ
714 1049 848 1084 παρόντος

68 1097 199 1124 ἐπιδοῦναι
222 1097 336 1129 ἑαυτοὺς
356 1098 385 1123 ὲν
409 1098 465 1129 τοῖς
489 1096 583 1123 ἁλοῦσι
606 1096 640 1122 δι’
665 1095 848 1126 ὑποπτώσεως

69 1143 190 1178 ἰατρικῆς
201 1163 209 1174 ,
225 1143 296 1170 κατὰ
314 1143 388 1169 τόνδε
402 1143 448 1170 τὸν
461 1142 562 1178 τρόπον
579 1142 675 1176 γέγονε
686 1161 694 1173 ,
709 1141 741 1168 τὸ
754 1141 849 1168 λαϐεῖν

66 1191 139 1224 ἡμεῖς
157 1189 256 1223 ἐγγύας
268 1209 276 1222 ,
305 1190 373 1224 μήτε
397 1189 468 1223 λόγῳ
480 1208 488 1220 ,
514 1189 581 1223 μήτε
599 1188 690 1223 ἔργῳ,
707 1187 768 1214 καθ’
793 1185 849 1214 οἷον

65 1236 162 1271 δήποτε
172 1235 272 1271 τρόπον
293 1235 448 1270 ὑπαχθῆναι
477 1234 559 1261 πάλιν
582 1236 639 1266 τοῖς
662 1234 849 1267 ὲτεροδόξοις,

66 1283 112 1309 καὶ
138 1279 191 1308 οἷον
218 1283 247 1308 ὲν
270 1281 423 1316 μεταιχμίῳ
450 1281 545 1308 ἑστᾶσι
562 1281 722 1316 κρατήσεως
747 1280 794 1306 καὶ
819 1280 849 1306 οὺ

65 1329 222 1364 κρατήσεως
237 1328 292 1355 τῶν
314 1328 414 1363 μονῶν·
430 1328 478 1354 καλ⁷
494 1328 524 1354 τὸ
539 1328 599 1354 ὅλον
618 1328 717 1360 εἰπεῖν,
734 1326 772 1358 ὼς
805 1326 849 1353 νό-

67 1384 150 1410 μιμον
167 1375 294 1410 γενέσθαι
305 1375 355 1411 τὴν
369 1375 514 1410 ὁμολογίαν
525 1375 571 1402 διὰ
587 1376 636 1410 τῆς
651 1375 706 1402 τῶν
720 1375 851 1402 ἐναντίων

64 1422 256 1456 ὑφελκύσεως,
283 1423 330 1449 καὶ
354 1422 410 1449 τῶν
439 1422 624 1457 ἐνισταμένων
650 1422 850 1456 ἁντιπράξεως.

69 1467 130 1494 Ἐπ’
142 1466 175 1493 ἂν
187 1467 215 1493 δὲ
232 1468 328 1502 καιρὸς
341 1464 393 1502 ἧκε
410 1467 456 1494 τοῦ
473 1467 654 1502 ζητουμένου,
678 1468 725 1494 καὶ
740 1467 771 1493 τὸ
785 1468 851 1502 ὁμο-

898 871 960 890 cutn
976 865 1009 892 iis
1023 866 1069 900 qui
1087 867 1161 901 passi
1184 875 1239 894 non
1268 867 1390 901 fuerunt,
1409 870 1510 904 quique
1537 877 1590 896 non
1609 871 1689 896 modo

897 910 968 943 passi
999 918 1053 938 non
1081 916 1156 944 sunt,
1176 914 1222 940 sed
1241 918 1268 940 et
1287 913 1321 940 iis
1344 914 1391 948 qui
1411 915 1581 941 insectantur
1600 916 1690 942 tribu-

898 960 956 983 tum
978 958 1101 991 pendunt
1116 960 1294 993 praesidentes
1328 961 1504 988 monasteriis
1525 969 1587 996 qua).
1599 961 1690 996 possi-

898 1001 964 1029 dent
979 1011 986 1028 :
1001 1003 1054 1030 nisi
1074 1003 1145 1031 forte
1163 1005 1281 1032 societas
1303 1006 1394 1041 aliqua
1418 1014 1480 1033 esse
1501 1006 1610 1033 dicatur
1635 1007 1689 1034 lucl

898 1046 933 1073 ad
944 1048 1068 1074 tenebras
1085 1047 1108 1064 "
1123 1058 1130 1075 :
1143 1056 1204 1083 qua:
1220 1050 1294 1077 nulla
1304 1058 1365 1080 esse
1375 1055 1474 1085 potest,
1493 1055 1521 1078 ιιι
1535 1059 1626 1078 sermo
1645 1060 1690 1078 sa-

899 1099 946 1118 cer
962 1093 1093 1120 ostendit.
1107 1093 1184 1127 Quod
1203 1095 1275 1122 enim
1300 1095 1432 1122 hactenus
1452 1096 1580 1131 propensi
1605 1096 1690 1123 fueri-

900 1145 962 1164 mus
983 1146 1046 1173 erga
1067 1139 1157 1174 lapsos
1180 1147 1228 1175 per
1247 1141 1381 1168 medicam
1408 1141 1624 1176 indulgentiam;
1645 1149 1690 1169 res

901 1184 954 1211 hoc
971 1182 1052 1212 modo
1065 1189 1140 1220 gesta
1159 1191 1211 1217 est.
1225 1187 1298 1221 quod
1314 1187 1480 1222 promissum
1507 1188 1584 1215 nobis
1606 1193 1690 1219 esset,

901 1230 962 1257 illos
979 1239 1066 1266 neque
1079 1231 1171 1264 verbo,
1188 1241 1276 1267 neque
1291 1232 1364 1261 facto
1385 1234 1503 1269 amplius
1532 1235 1691 1263 adhaesurus

902 1277 958 1303 ullo
977 1277 1058 1304 modo
1071 1277 1256 1311 heterodoxis,
1269 1284 1297 1305 et
1312 1280 1347 1306 iis
1359 1280 1406 1314 qui
1425 1285 1555 1315 tanquam
1587 1281 1615 1308 in
1633 1289 1691 1308 tum

901 1322 946 1349 dio
962 1323 1044 1356 positi
1057 1328 1145 1356 erant,
1162 1329 1191 1351 ut
1206 1332 1294 1359 neque
1310 1327 1480 1353 monasteria
1504 1327 1690 1362 possiderent.

902 1375 992 1402 neque
1010 1376 1063 1395 non
1081 1370 1264 1404 possiderent,
1280 1378 1311 1398 ac
1325 1371 1444 1407 denique
1463 1373 1499 1400 ita
1520 1378 1550 1400 ut
1571 1373 1691 1408 legitima

902 1419 975 1441 esset
987 1415 1141 1448 concessio,
1165 1416 1351 1444 subtrahendo
1367 1425 1397 1445 se
1423 1419 1458 1446 ab
1471 1419 1646 1453 adversariis,
1666 1424 1693 1447 et

903 1462 1121 1496 oppugnantibus
1137 1463 1300 1490 resistendo.
1325 1464 1473 1500 Postquam
1497 1473 1563 1492 vero
1585 1466 1694 1493 advertit

62 1514 179 1549 λογηθὲν
195 1513 246 1540 οὐκ
261 1513 394 1548 ἐξηνὺοθη
412 1512 527 1540 ἐνώπιον
539 1513 608 1539 Θεοῦ
624 1513 670 1539 καὶ
689 1511 847 1548 ἀνθρώπων,

905 1509 944 1535 rei
956 1509 1101 1542 postulatae
1124 1514 1242 1543 tempus,
1263 1514 1320 1537 tum
1344 1518 1408 1537 vero
1438 1511 1465 1538 id
1487 1511 1560 1546 quod
1578 1517 1691 1546 pactutn

63 1561 132 1595 πρὸς
147 1559 345 1594 ἀκρισεστέραν
360 1559 410 1594 τῆς
423 1558 559 1594 προτέρας
576 1558 761 1590 ὑποπτώσεως
778 1558 851 1590 ἐξία-

62 1613 116 1632 σινσ
132 1605 202 1632 ἀλλὰ
216 1605 297 1631 πάλιν
314 1606 460 1640 ἀπαγωγὴ,
474 1605 522 1631 καὶ
538 1604 618 1631 πάλιν
635 1604 810 1637 ἀπόπτωσις,
823 1603 852 1630 ἐν

60 1660 91 1677 τε
107 1651 199 1685 λόγοις
215 1651 262 1677 καὶ
276 1650 378 1686 ἔργοις·
397 1651 435 1683 ὼς
447 1651 517 1677 αὐτὰ
529 1651 563 1678 τὰ
578 1651 730 1686 πράγματα
746 1659 852 1685 μαρτυ-

61 1698 123 1732 pst,
148 1698 205 1724 κάκ
229 1697 284 1723 τῶν
299 1697 408 1723 εἰδότων
430 1697 599 1731 ἀκηκόαμεν·
617 1698 663 1723 καὶ
685 1696 768 1723 πάλιν
785 1697 852 1723 καθ-

59 1743 197 1778 ηγεμόνες
216 1743 447 1777 ἀπαρασςῦευτοι,
459 1743 501 1770 διὸ.
516 1743 566 1778 τῆς
583 1743 644 1777 ἄρτι
656 1743 709 1770 ὑπὸ
720 1743 767 1769 τοῦ
783 1743 853 1778 κρά-

59 1798 124 1820 τους
152 1789 289 1824 ὑποδοχῆς
318 1790 365 1816 καὶ
395 1789 558 1824 ἀποστολῆς.
590 1789 619 1815 '0
641 1788 720 1822 λόγος
744 1789 772 1815 δὲ
808 1790 853 1815 ἐπὶ

57 1836 173 1861 πάντων
187 1835 242 1862 τῶν
257 1834 344 1866 οὕτως
362 1835 544 1870 πεπραχότων
555 1843 562 1850 ·
580 1836 628 1861 καὶ
649 1835 755 1869 γελοῖόν
779 1836 854 1862 ἐστιν

56 1881 123 1916 ἄρτι
141 1881 173 1907 τὸ
188 1882 330 1916 ἐπιτιμᾷν,
344 1882 443 1916 μᾶλλον
457 1882 486 1908 δὲ
499 1882 697 1918 φρενοὸλάσεια
717 1883 770 1910 τῶν
792 1885 855 1909 ὲπι-

54 1929 218 1962 τιμώντων,
231 1928 278 1954 καὶ
293 1928 455 1963 σκινδαλμὸς
467 1928 522 1955 τῶν
538 1928 734 1959 εὐσεϐούντων,
751 1929 854 1964 σύγχυ-

55 1975 101 2005 σίς
123 1982 158 2000 τε
176 1974 226 2001 καὶ
244 1974 361 2009 ἀϐλεψὶα
382 1976 428 2001 ἐπὶ
444 1976 477 2010 τῇ
496 1975 614 2010 Χριστοῦ
633 1975 772 2011 ὁμολογίᾳ.
794 1976 856 2001 Δεῖν

53 2020 104 2046 τοῦ
135 2020 306 2046 Ἀποστόλου
322 2020 437 2046 ἀκοῦσαι
453 2020 579 2054 λέγοντος
590 2030 596 2036 ·
614 2023 758 2049 Στέλλετε
778 2021 856 2057 ὑμᾶς

53 2065 116 2092 ἁ.τό
146 2065 265 2098 παντὸς
285 2065 420 2100 ἀδελφοῦ
438 2066 572 2099 ἀτάκτως
597 2067 833 2101 περιπατοῦντος
848 2088 856 2101 ,

53 2111 107 2137 καὶ
122 2111 173 2145 μὴ
185 2111 262 2138 κατὰ
277 2111 334 2145 τὴν
347 2111 527 2146 παράδοσιν,
544 2112 584 2146 ἣν
602 2113 774 2148 παρέλαϐον
788 2114 856 2148 παρ’

53 2159 159 2192 ἡμῶν·
181 2158 285 2192 μᾶλλον
305 2159 335 2184 δὲ
353 2159 404 2185 ὑπὸ
420 2159 468 2186 τοῦ
485 2160 551 2186 Θεοῦ
574 2161 619 2186 διὰ
641 2161 688 2187 τοῦ
714 2162 855 2196 προφήτου

52 2204 194 2237 βαΰντος*
219 2204 368 2236 Ἐξέλθετε
384 2205 418 2232 ἐκ
436 2205 533 2240 μέσον
557 2206 667 2238 αὐτῶν,
688 2208 738 2234 καὶ
754 2208 856 2242 ἀφορία

52 2255 167 2283 eunte,
186 2250 238 2276 καὶ
261 2250 430 2284 ἀκαθάρτου
446 2251 489 2286 μὴ
510 2251 651 2279 ἅπτεσθε·
667 2253 745 2287 κάγὼ
764 2254 856 2280 εἰσδέ-

51 2296 143 2330 ξομαι
162 2296 255 2330 ὑμᾶς,
275 2298 339 2327 τοὺς
359 2296 446 2328 οὕτως
461 2297 701 2333 διαστελλομένους
713 2300 855 2334 δηλονότι,

50 2343 102 2368 καὶ
121 2341 167 2376 μὴ
182 2342 350 2376 συγχέοντας
369 2343 419 2377 τὴν
434 2343 554 2378 Χριστοῦ
574 2344 731 2378 ὁμολογίαν.
748 2345 781 2371 Τί
804 2345 858 2380 γὰρ

50 2389 215 2422 φήσουσιν,
232 2385 255 2415 ὦ
272 2389 432 2422 τιμιώτατε,
443 2390 458 2416 ὅ
470 2398 501 2415 τε
518 2390 573 2416 τῶν
585 2390 687 2425 κωμῶν
707 2391 858 2425 ἡγούμενος

50 2434 102 2459 καὶ
118 2435 137 2460 ὁ
154 2433 207 2460 τοῦ
224 2433 364 2466 Γουλαίου,
382 2435 429 2461 σὺν
444 2437 500 2466 τοῖς
515 2435 617 2468 ὁμοίως
634 2435 696 2470 ἄρτι
705 2435 859 2470 διωχθεῖσιν

49 2479 80 2503 ὲν
102 2480 145 2513 τῇ
172 2478 321 2505 ἐνστάσει·
343 2479 423 2515 εἴπερ
439 2479 540 2515 ὁρῶσιν
555 2480 627 2515 ὑμᾶς
649 2482 712 2513 τοὺς
729 2482 860 2517 προδοσίᾳ

49 2525 104 2558 τῆς
122 2524 266 2559 ἀληθείας
280 2526 446 2560 κατέχοντας
459 2527 494 2552 τὰ
517 2527 691 2562 μοναστήρια
703 2547 710 2559 ,
724 2528 772 2554 καὶ
786 2528 860 2562 ἡμᾶς

50 2571 124 2603 ὑμῖν
143 2571 409 2605 συναπαγομένους;
423 2571 449 2597 τί
466 2572 494 2598 δὲ
507 2572 532 2597 οἱ
544 2573 572 2597 ὲν
586 2573 642 2603 τοῖς
658 2572 733 2608 ὄρεσι
753 2572 859 2606 τληπα-

49 2616 179 2646 ἃοῦντες
207 2616 278 2642 κατὰ
295 2616 325 2642 τὸ
344 2616 389 2642 τοῦ
413 2617 533 2652 διωγμοῦ
552 2619 804 2654 στενοχωρητικόν;
829 2620 859 2646 οὺ

50 2663 247 2694 πενάξουσιν
259 2663 326 2695 ;οὑκ
340 2662 513 2698 οἰμώξουσιν;
527 2664 576 2699 οὐχ
587 2665 737 2699 ἡγήσονται
748 2665 861 2693 παιδιὰν

902 1553 1002 1586 fuerat,
1017 1554 1154 1589 expletum
1167 1563 1220 1582 non
1242 1555 1292 1582 fuit
1304 1564 1397 1583 coram
1412 1556 1467 1584 Deo
1482 1563 1508 1584 et
1523 1557 1693 1590 hominibus,

903 1599 937 1626 ad
959 1601 1159 1627 accuratiorem
1185 1601 1309 1635 pristina:
1329 1603 1416 1630 ruinae
1443 1604 1630 1637 curationem;
1646 1604 1692 1630 sed

904 1653 1012 1672 rursum
1041 1646 1180 1679 abductio,
1203 1655 1314 1674 rursum
1330 1649 1421 1681 ruina,
1437 1650 1498 1676 etin
1516 1649 1606 1676 verbis
1626 1655 1652 1676 et
1667 1649 1694 1675 in

904 1691 994 1724 factis,
1010 1692 1083 1719 sicut
1098 1700 1140 1720 res
1165 1694 1230 1727 ipsa:
1259 1698 1405 1726 testantur,
1422 1703 1528 1730 nosque
1550 1697 1585 1722 ab
1596 1696 1630 1723 iis
1646 1696 1694 1730 qui

904 1737 1032 1764 viderunt
1061 1738 1239 1773 accepimus:
1258 1744 1285 1767 et
1310 1741 1446 1775 praepositi
1472 1749 1582 1768 rursum
1600 1741 1695 1778 incon-

904 1784 990 1815 cussi,
1022 1789 1168 1820 postquam
1192 1789 1219 1812 et
1236 1787 1340 1821 accepti
1356 1787 1473 1821 benigne
1488 1795 1502 1814 a
1519 1787 1652 1823 principe,
1668 1793 1695 1816 ct

905 1830 1012 1857 remissi
1028 1830 1152 1858 fuerunt.
1163 1831 1200 1858 De
1214 1832 1343 1859 omnibus
1359 1840 1449 1860 scrtno
1463 1834 1568 1869 est.qui
1581 1834 1622 1862 sic
1633 1842 1696 1870 ege-

905 1881 988 1903 runt:
1007 1884 1039 1904 ac
1054 1876 1200 1904 ridiculttm
1225 1882 1268 1905 est
1297 1886 1405 1912 prauam
1432 1880 1512 1906 modo
1528 1880 1668 1914 imponere
1687 1888 1694 1905 :

906 1922 962 1950 imo
977 1923 1003 1949 id
1019 1923 1075 1949 lieri
1097 1931 1150 1949 non
1173 1929 1261 1957 potest
1273 1925 1332 1951 sine
1350 1924 1695 1959 imponentium‘amentia,

906 1971 932 1993 et
945 1966 1050 2000 piorum
1066 1967 1139 1993 inani
1157 1968 1274 2002 argutia,
1291 1974 1317 1995 et
1329 1970 1544 2004 perturbatione,
1554 1975 1581 1997 et
1599 1971 1697 1999 incon—

907 2013 1057 2040 sitlerantia
1081 2014 1108 2040 in
1126 2013 1227 2041 Christi
1258 2015 1444 2043 confessione.
1461 2017 1563 2043 Audire
1589 2022 1698 2051 oportet

907 2059 1067 2093 Apostolum
1095 2060 1296 2094 praecipientem
1314 2061 1490 2089 :Subtraltt'te
1506 2070 1550 2089 vos
1571 2063 1602 2090 ab
1625 2064 1696 2090 omni

908 2104 991 2138 fratre
1009 2105 1162 2132 ambulante
1177 2106 1327 2133 inordinate
1339 2113 1363 2133 et
1385 2115 1437 2133 non
1451 2108 1595 2134 secundum
1608 2109 1697 2135 tradi-

910 2152 1016 2184 tionem,
1050 2160 1130 2187 qttam
1163 2158 1318 2187 acceperunt
1350 2162 1366 2180 a
1394 2154 1468 2181 nobis
1482 2154 1504 2170 "
1519 2164 1525 2182 :
1543 2155 1583 2182 vel
1607 2156 1696 2190 potius

913 2198 997 2225 Deum
1026 2199 1116 2233 ipsum
1140 2200 1187 2234 qui
1211 2207 1259 2234 per
1288 2200 1448 2235 prophetam
1476 2202 1601 2228 clamat:
1617 2201 1697 2229 Exite

905 2243 937 2270 de
951 2243 1038 2271 medio
1054 2252 1154 2275 eorum,
1168 2249 1193 2271 et
1210 2246 1333 2277 recedite,
1348 2250 1383 2272 et'
1394 2247 1525 2281 pollutum
1542 2249 1623 2275 nolite
1637 2254 1698 2275 tmt-

907 2298 965 2324 gere
981 2290 1023 2322 ul;
1040 2295 1067 2317 et
1092 2298 1142 2326 ego
1159 2291 1290 2326 recipiam
1308 2299 1376 2325 vos;
1390 2300 1438 2319 eos
1455 2293 1579 2321 videlicet
1604 2294 1651 2329 qui
1669 2301 1699 2321 se

908 2338 961 2364 hoc
973 2337 1055 2363 modo
1073 2338 1247 2369 subtrahunt,
1260 2343 1288 2364 et
1309 2338 1512 2366 confessionem
1525 2339 1627 2366 Christi
1643 2347 1698 2367 non

909 2383 1166 2417 confundunLQuid
1176 2385 1248 2412 enim
1269 2385 1371 2417 dicent,
1387 2386 1626 2419 reverendissime,
1641 2391 1697 2413 tum

906 2431 1033 2458 vicorum
1049 2432 1221 2466 praepositus,
1241 2435 1298 2458 tum
1313 2436 1340 2458 et
1356 2431 1452 2465 Gulaei,
1472 2441 1534 2460 cum
1558 2433 1619 2461 aliis
1640 2433 1698 2468 qui,

910 2478 982 2513 quod
1001 2478 1172 2511 resisterent,
1200 2478 1327 2505 similiter
1354 2480 1442 2506 vexati
1469 2479 1550 2506 modo
1565 2485 1651 2513 sunt;
1675 2480 1698 2506 si

910 2525 1021 2552 videant
1048 2531 1097 2552 vos
1122 2524 1245 2551 veritatis
1263 2524 1417 2559 proditione
1439 2525 1604 2552 monasteria
1633 2525 1699 2552 reti-

911 2581 986 2604 nere,
1008 2577 1034 2600 et
1049 2580 1099 2599 nos
1120 2572 1262 2599 vobiscum
1281 2571 1383 2606 pariter
1397 2571 1505 2606 abripi?
1520 2571 1589 2604 Quid
1607 2576 1699 2598 autent

913 2619 932 2646 ii
947 2619 994 2653 qui
1010 2619 1037 2645 in
1053 2619 1192 2646 montibus
1202 2619 1270 2645 dura
1290 2618 1431 2653 patiuntur
1450 2617 1485 2644 ob
1499 2617 1700 2650 persecutionis

889 2678 900 2685 ο
913 2665 1087 2700 asperitatem
1094 2665 1111 2696 ?,
1119 2663 1178 2692 Non
1192 2664 1343 2700 lugebunt?
1353 2672 1406 2691 non
1424 2662 1572 2699 plangent?
1585 2671 1639 2690 non
1657 2663 1699 2690 lu-

63 2720 90 2736 ⁸⁸
114 2721 140 2748 Π
161 2720 233 2747 Cor.
262 2728 297 2753 v1,
325 2721 368 2747 14.
395 2722 418 2736 ⁸⁷
435 2721 456 2747 ll
479 2721 576 2749 Thess.
607 2730 648 2754 ut,
665 2722 690 2749 6.
727 2723 749 2738 ⁸⁸
766 2723 816 2751 lsa.
839 2732 847 2751 ι

903 2723 945 2750 Η.

834 2802 950 2831 NOTAE.

88 2858 158 2891 (δι)
177 2857 208 2884 1η
222 2857 284 2884 cod.
301 2856 365 2892 Reg.
386 2857 452 2893 ρξγ¹.

217 2905 357 2936 Pnnoc.
374 2907 433 2936 Gn.
445 2906 550 2936 XCIX.

1453 2898 1490 2928 ινδ
