1912 3080
214 145 284 177 1⁷455

806 144 835 173 S.
857 141 1054 173 THEODORI
1067 140 1241 171 STUDszE

1765 138 1824 170 1456

213 205 303 232 notas,
319 203 345 226 et
356 188 495 226 viduitatis
509 197 695 228 solitudinem.
707 197 797 232 quoad
811 197 869 224 ﬁeri
883 201 999 232 poterat,

1056 196 1134 231 φέρον
1157 196 1221 227 τοὺς
1248 195 1390 230 πατρῴους
1408 196 1438 221 ὲν
1465 194 1553 229 ἐαυτῷ
1573 195 1763 231 χαρακτῆρας’
1785 199 1825 224 καὶ

213 247 373 278 sublevans,
390 245 436 281 qui
458 245 540 272 totius
557 245 619 272 vitae
634 244 761 271 solatium
780 249 849 276 erat,
868 250 924 271 tum
936 250 999 277 erga

214 291 352 327 propriam
377 291 501 322 domum,
524 296 581 317 tum
598 298 663 325 erga
678 291 909 325 consanguineos.
929 288 1000 322 Quid

213 343 305 365 autem
323 338 423 364 factum
439 342 481 364 est
493 336 612 363 avolavit
626 343 659 363 ex
673 336 760 363 oculis
774 336 914 367 maternis,
927 335 1001 362 exci-

213 391 261 411 sus
286 387 328 410 est
346 391 362 410 a
380 383 450 411 bona
469 383 561 409 radice
582 391 589 409 :
610 389 643 409 ac
667 390 755 416 neque
778 382 805 408 in
822 382 908 409 oculis
926 388 1000 408 mors

213 428 344 463 contigit;
363 427 435 455 unde
450 427 666 455 consolationem
687 434 719 453 ex
736 427 892 454 novissimis
911 426 1001 454 verbis

213 478 241 501 et
255 482 287 501 ex
302 478 395 501 sancta
407 473 549 508 sepultura
565 472 677 507 capiunt
690 472 737 507 qui
752 472 915 499 domesticos
932 480 1001 507 prae-

212 520 337 547 mittunt.
352 518 432 546 Nunc
448 526 522 551 vero,
549 522 646 553 pra-ter
657 517 709 544 alia
720 537 728 548 .
745 517 798 544 hoc
821 518 901 544 etiam
925 517 1000 544 leva-

214 568 308 592 mento
325 564 414 591 orbati
428 572 541 596 sumus;
557 564 659 590 eximio
676 564 788 591 surculo
805 564 902 599 gladiis
916 564 1002 591 hosti-

213 610 286 637 libus
299 609 403 637 exciso.
428 609 451 636 Ο
474 609 656 635 miserandam
680 609 855 643 tragwdiaml
873 617 889 636 o
906 617 1000 637 casum

213 656 458 683 ineonsolabileml
486 655 613 683 Fluctuat
633 663 705 684 nunc
722 657 832 684 animus
850 656 1000 691 haeretque.

213 709 363 728 aerumnam
380 701 556 728 considerans
568 721 574 733 ,
595 701 641 728 ubi
658 705 685 728 et
699 702 837 735 quomodo
862 710 906 729 res
926 707 1001 737 gesta

214 747 262 780 sit,
278 755 360 782 quam
382 747 409 773 in
423 748 547 782 corporis
563 754 667 782 partem
682 751 793 775 cruenta
810 755 909 774 manus
924 747 1002 774 incu-

213 793 314 825 buerit,
337 799 391 827 quo
407 792 467 819 loco
495 793 553 827 ipse
576 793 677 820 cadens
696 794 813 820 animam
836 792 1001 820 eillarit:an

215 839 307 866 subito
324 847 331 872 ;
348 846 382 866 an
399 846 453 865 uno
468 838 503 866 ab
522 839 598 872 ictu;
614 846 648 865 an
662 838 803 873 quidpiam
813 838 920 866 effatus.
943 837 1000 866 Heu

215 884 420 919 spectaculum!
438 883 510 911 Proh
533 884 628 911 horam
646 884 737 911 illam!
754 883 924 911 Thesaurum
939 891 1001 911 cum

214 931 286 958 bona
298 938 346 966 spe
361 930 525 962 dimisimus,
539 936 566 957 et
582 930 686 957 luctum
700 930 902 958 ineluctabilem
918 930 1003 957 colle-

214 984 315 1011 grmus.

251 1064 285 1091 Et
301 1064 364 1100 quis
383 1072 533 1092 aerumnam
548 1065 693 1099 deplorans
705 1086 712 1099 ,
729 1066 840 1100 dignum
853 1067 1002 1102 quidquam

211 1111 306 1146 eloqui
324 1111 431 1146 possit?
445 1111 574 1139 Fortasse
590 1117 617 1139 et
637 1112 677 1139 sol
694 1113 751 1147 ipse
764 1113 896 1146 insuavis,
915 1119 942 1141 et
959 1114 1003 1141 in-

216 1156 293 1183 visus
313 1164 370 1188 aer,
397 1160 423 1183 et
435 1163 510 1182 mare
525 1156 715 1190 injucundum,
730 1161 758 1183 et
771 1161 843 1183 terra
856 1165 910 1184 non
926 1162 1005 1192 opta-

216 1203 290 1236 bilis,
301 1208 329 1229 et
339 1202 438 1229 cmlum
448 1202 584 1234 odiosum,
595 1202 803 1230 intellectualem
813 1203 916 1230 stellam
931 1207 1004 1230 tuam

217 1255 272 1275 non
289 1248 402 1274 habens.
420 1247 481 1273 llaec
509 1251 589 1281 atquc
617 1246 661 1274 his
691 1248 768 1282 plura
789 1247 908 1274 animam
930 1252 1004 1275 tuam

217 1293 402 1320 concutientia
413 1312 420 1325 ,
436 1300 485 1320 cor
498 1293 723 1327 constringentia,
740 1297 766 1319 et
785 1294 904 1320 calentes
918 1293 1006 1328 lact-y-

218 1351 277 1370 mas
289 1342 442 1376 fundentia,
459 1342 613 1376 ctejulatus
625 1341 780 1374 edentia,et
797 1342 829 1369 ad
848 1343 909 1370 vita:
926 1341 1006 1369 istius

218 1389 328 1416 taedium
346 1388 504 1424 redigentia.
537 1388 635 1415 \‘erum
655 1396 714 1422 age,
733 1389 854 1421 domina,
876 1396 936 1423 age,
962 1396 1006 1415 re-

218 1436 342 1469 vulesce;
370 1439 477 1470 tempus
502 1440 543 1462 est
574 1439 604 1461 ut
633 1436 754 1461 animum
782 1435 899 1461 reﬁcias.
924 1434 1005 1468 Aperi

218 1490 309 1513 aures,
330 1480 436 1508 divinas
448 1489 530 1509 voces
541 1480 700 1507 exaudiens.
718 1479 804 1507 Homo
816 1480 884 1507 sicut
898 1480 1005 1514 fenum:

1049 242 1099 278 τὴν
1114 242 1234 277 ἐρημίαν
1253 243 1301 277 τῆς
1314 242 1429 277 χηρείας
1455 241 1517 268 καθ’
1536 242 1598 268 ὅσον
1614 239 1670 268 οἷόν
1686 249 1716 267 τε
1735 242 1824 268 ὑποτε-

1053 288 1200 323 μνόμενον,
1217 288 1264 314 καὶ
1277 288 1338 315 ὅλου
1349 288 1395 314 τοῦ
1409 287 1467 322 βίου
1482 288 1511 314 ὃν
1527 287 1710 322 παραμύθιον,
1727 289 1792 314 κατά
1801 297 1825 314 τε

1050 334 1099 370 τὴν
1116 335 1185 360 ίδίαν
1200 335 1302 367 ἑστίαν,
1322 335 1369 361 καὶ
1386 335 1449 366 τοὺς
1466 333 1512 369 ἀφ’
1529 334 1655 369 αἵματος.
1672 334 1727 361 Καὶ
1741 334 1767 360 τί
1788 334 1827 368 γέ-

1050 389 1145 415 γονεν;
1159 381 1282 416 Ἀπέπτη
1305 381 1358 407 τῶν
1382 380 1523 415 μητρικῶν
1542 380 1699 415 ὀφθαλμῶν,
1719 380 1827 415 ἐξεκόπη

1050 427 1099 462 τῆς
1114 426 1220 461 ἀγαθῆς
1242 426 1334 461 ῥίζης*
1357 427 1404 453 καὶ
1420 426 1479 452 οὐδὲ
1499 427 1560 452 κατ’
1580 426 1736 460 ὀφθαλμοὺς
1749 427 1762 452 ὁ
1784 425 1826 451 θά‹

1051 481 1131 504 νατος
1143 480 1149 487 ·
1169 472 1212 506 ἐφ’
1227 469 1248 506 ᾧ
1272 472 1320 499 καὶ
1344 473 1518 507 παρηγορίαν
1529 473 1574 499 διὰ
1592 473 1646 499 τῶν
1661 472 1768 505 ἐξοόίων
1784 473 1827 506 ρη-

1053 519 1157 553 μάτων,
1185 519 1232 545 καὶ
1254 518 1303 549 τῆς
1327 519 1404 550 ὁσίας
1430 521 1518 552 ταφῆς
1540 518 1709 554 ὲρανίζονται
1731 519 1754 544 οἱ
1774 518 1828 549 τοὺς

1051 564 1168 594 οἰκείους
1190 565 1410 599 προπέμποντες.
1431 564 1488 590 Νῦν
1506 564 1552 596 δὲ,
1579 564 1648 598 μετὰ
1663 564 1718 590 τῶν
1734 563 1828 593 ἄλλων,

1052 609 1231 645 ἀφῃρέθημεν
1246 610 1294 636 καὶ
1307 609 1389 643 τῆσδε
1403 610 1453 645 τῆς
1475 609 1686 644 παρακλήσεως,
1700 608 1747 634 τοῦ
1767 610 1829 641 αγα-

1052 655 1099 682 θοῦ
1122 655 1216 688 ἔρνους
1240 654 1365 689 μαχαίρᾳ
1387 654 1522 689 πολεμικῇ
1544 653 1704 688 τμηθέντος.
1733 652 1765 678 Ὢ
1787 653 1830 686 τῆς

1052 699 1172 734 ἐλεεινῆς
1192 699 1363 734 τραγῳδίαςί
1378 699 1401 726 ὦ
1422 700 1472 734 τῆς
1493 699 1689 734 ἀπαρακλήτου
1710 698 1832 733 συμπτώ-

1053 746 1139 777 σεωςί
1171 746 1294 772 ’Δστατεϊ
1314 745 1377 780 ἄρτι
1393 746 1407 771 ὁ
1430 745 1491 777 νοῦς
1512 744 1676 780 ἀναθεωρῶν
1690 743 1720 770 τὸ
1734 743 1830 774 πάθος.

1052 793 1104 819 ποῦ
1125 793 1172 819 καὶ
1196 792 1255 824 πῶς
1277 791 1418 828 ὑπήρχθη,
1442 792 1512 818 κατὰ
1535 793 1612 818 ποῖον
1631 791 1710 826 μέλος
1725 792 1741 825 ἡ
1759 790 1833 825 φονία

1053 840 1114 875 χεὶρ
1132 839 1227 874 ἐτάθη,
1254 839 1327 865 κατὰ
1345 839 1406 865 τίνα
1426 838 1508 865 τόπον
1523 837 1614 864 πεσὼν
1634 837 1763 864 ἀπέπνει·
1782 835 1832 871 ἆρα

1054 885 1149 911 θᾶττον
1162 893 1169 900 ·
1185 883 1241 920 ἆρα
1257 885 1289 911 ὲκ
1309 884 1374 918 μιᾶς
1391 883 1515 918 πληγῆςυ
1527 881 1582 919 ἆρά
1594 892 1621 909 τι
1641 883 1770 909 ἐπειπών.
1785 881 1832 907 Φεῦ

1052 932 1102 966 τῆς
1120 931 1257 966 ίστορίαςί
1281 930 1379 957 ’Δῦάλε
1399 930 1449 965 τῆς
1465 929 1540 965 ὥρας
1555 929 1675 964 ὲκείνηςῐ
1700 928 1833 956 Ἀπεστεί-

1052 977 1139 1012 λαμεν
1161 976 1221 1011 μετ’
1252 976 1360 1008 ὲλπίδος
1387 977 1509 1012 χρηστῆς
1534 976 1580 1002 τὸν
1611 975 1763 1011 θησαυρὸν,
1791 975 1834 1001 καὶ

1053 1023 1154 1058 ὲτρυγή
1160 1031 1247 1057 σαμεν
1261 1022 1482 1058 ἀπαραμύθητον
1496 1021 1624 1057 ὀδυρμόν.

1089 1068 1144 1093 Kal.
1158 1068 1184 1093 τί
1202 1067 1234 1094 ἄν
1248 1076 1290 1099 τις
1303 1068 1375 1094 εἴποι
1385 1067 1460 1101 ἄξιον
1476 1067 1591 1103 θρήνους
1602 1067 1790 1101 ἑλεεινολογῶν
1807 1068 1836 1094 τὸ

1054 1112 1137 1144 πάθος
1149 1122 1156 1147 ;
1171 1113 1247 1148 Τάχα
1266 1121 1305 1139 σοι
1320 1115 1367 1140 καὶ
1378 1114 1391 1139 ὁ
1402 1112 1476 1147 ἥλιος
1488 1113 1611 1147 στυγνὸς,
1621 1114 1668 1139 καὶ
1680 1113 1694 1139 ὁ
1711 1113 1765 1147 ἀὴρ
1775 1121 1835 1138 κατ-

1053 1157 1137 1191 ηφὴς,
1153 1157 1201 1183 καὶ
1215 1158 1232 1192 ή
1250 1156 1372 1183 θάλασσα
1385 1158 1434 1192 οὐχ
1449 1158 1535 1192 ἡδεῖα,
1553 1158 1625 1193 καὶὴ
1638 1159 1673 1192 γῆ
1685 1158 1736 1185 οὑκ
1747 1157 1836 1192 ἐφετὴ,

1053 1205 1101 1230 καὶ
1125 1204 1138 1230 ὀ
1155 1204 1269 1238 οὐρανὸς
1290 1204 1423 1239 ἐπαχθὴς,
1443 1205 1494 1230 οὐκ
1512 1204 1582 1239 ἔχων
1607 1212 1653 1230 σου
1678 1204 1725 1231 τὸν
1748 1203 1838 1239 νοητὸν

1054 1250 1168 1284 ἀστέρα.
1186 1249 1311 1276 Τοσαῦτα
1328 1250 1375 1276 καὶ
1385 1249 1426 1276 ἔτι
1444 1249 1529 1276 πλείω
1546 1248 1650 1276 τούτων
1671 1250 1705 1276 τὰ
1728 1248 1837 1285 κραδαί-

1054 1295 1134 1322 νοντά
1149 1303 1195 1321 σου
1210 1295 1259 1331 τὴν
1282 1295 1380 1330 ψυχὴν,
1400 1295 1448 1322 καὶ
1472 1296 1619 1331 συνέχοντα
1642 1296 1690 1331 τὴν
1715 1296 1837 1332 καρδίαν,

1055 1340 1103 1367 καὶ
1134 1340 1286 1376 προχέονται
1312 1342 1347 1368 τὰ
1373 1341 1463 1377 θερμὰ
1483 1342 1601 1377 δάκρυα,
1636 1341 1684 1369 καὶ
1715 1343 1839 1377 ἀναπέμ-

1056 1395 1140 1414 ποντα
1150 1387 1199 1419 τὰς
1214 1387 1348 1423 οίμωγὰς,
1370 1389 1418 1415 καὶ
1433 1388 1623 1424 ὲξαποροῦντα
1638 1389 1684 1415 καὶ
1697 1388 1782 1415 αὐτοῦ
1795 1387 1839 1414 τοῦ

1056 1432 1116 1468 ζῇν.
1138 1433 1219 1459 Ἀλλὰ
1230 1432 1320 1468 δεῦρο,
1344 1434 1438 1469 κυρία,
1457 1434 1549 1469 δεῦρο,
1568 1434 1745 1470 ἀναψύχησον
1759 1443 1764 1448 ·
1780 1442 1840 1462 xw.»

1057 1478 1103 1514 ρδς
1117 1478 1172 1514 γὰρ
1187 1479 1362 1513 ἀνακλήσεως
1371 1488 1379 1495 ·
1391 1479 1498 1512 ἅνοιξόν
1507 1488 1553 1507 σου
1569 1477 1684 1516 τὰγῶτα,
1701 1482 1842 1515 ἐπακροω-

218 1528 273 1555 dies
297 1528 353 1562 ejus
374 1532 499 1562 tanquam
530 1528 578 1560 [los
596 1527 665 1561 agri,
695 1527 732 1553 sic
754 1527 903 1561 deﬂorescet
918 1526 952 1553 “.
969 1541 1003 1546 —

1059 1524 1128 1559 μένη
1151 1524 1206 1551 τῶν
1225 1525 1306 1551 θείων
1327 1526 1433 1559 φωνῶν.
1453 1526 1620 1559 Ἀνθρωπος
1647 1526 1719 1552 ὡσεὶ
1737 1526 1843 1561 χόρτος

220 1572 283 1599 Non
295 1573 345 1599 erit
362 1574 438 1599 homo
463 1574 508 1608 qui
525 1574 600 1604 vivet,
620 1578 644 1599 et
663 1580 714 1598 non
728 1572 822 1599 videbit
847 1576 958 1598 mortem
969 1572 1003 1599 ⁵⁷.

219 1632 254 1638 -—
273 1617 304 1645 Si
317 1618 449 1644 credimus
469 1618 538 1652 quod
559 1616 637 1644 Iesus
653 1622 770 1644 mortuus
784 1621 822 1643 est
842 1621 867 1643 et
890 1625 1007 1643 resurre-

219 1665 258 1692 xit
270 1673 281 1697 ;
295 1666 334 1692 ita
345 1669 369 1692 et
377 1664 447 1691 Deus
461 1672 504 1691 eos
517 1665 561 1697 qui
572 1664 733 1690 dormierunt
747 1671 793 1698 per
803 1662 906 1695 Iesum,
922 1662 1007 1689 addu-

220 1716 258 1738 cet
277 1718 337 1737 cum
352 1718 382 1737 eo
395 1710 428 1737 ⁵⁸,
444 1709 502 1737 Non
523 1710 604 1744 igitur
619 1717 732 1744 prorsus
744 1709 888 1736 amisimus
902 1708 1005 1741 ﬁlium;

221 1756 267 1783 sed
285 1756 366 1790 paulo
387 1760 471 1790 post,
499 1763 559 1782 cum
577 1755 730 1782 insonuerit
757 1755 906 1782 novissima
931 1754 1006 1787 tuba,

221 1806 345 1836 resurget
361 1802 387 1828 in
403 1808 547 1828 occursum
566 1800 670 1827 Domini
691 1800 717 1826 in
742 1807 817 1832 aera,
835 1805 862 1827 et
880 1800 917 1827 ibi
931 1800 1006 1827 illum

219 1847 373 1874 videbimus
384 1847 417 1873 ".
434 1846 538 1873 Lcthali
562 1847 639 1881 plaga
659 1846 719 1873 istic
737 1853 824 1873 casus
843 1851 886 1874 est
901 1855 908 1873 :
926 1851 954 1873 at
971 1846 1007 1873 ibi

221 1900 339 1919 mterore
351 1892 517 1926 sempiterno
532 1899 585 1918 non
603 1891 743 1923 atlicietur,
769 1891 881 1918 Christo
896 1892 1008 1919 indutus

220 1945 269 1973 per
283 1938 461 1972 baptismum,
480 1936 614 1971 ﬁdemque
638 1937 816 1964 orthodoxam
837 1937 1007 1972 complexus,

221 1991 253 2010 ac
268 1982 362 2010 smeuli
378 1982 460 2016 hujus
474 1982 659 2016 voluptatibus
672 1981 782 2008 vixdum
796 1990 904 2009 summo
923 1983 1008 2018 digito

221 2037 269 2064 per
283 2027 430 2063 juvenilcm
447 2033 553 2055 aetatem
568 2028 730 2062 degustatis.
747 2027 834 2059 Quam
851 2028 885 2055 ob
895 2035 1007 2055 causam

221 2074 359 2101 credimus
376 2073 451 2100 illum
464 2073 570 2100 veniam
586 2081 681 2100 eorum
696 2093 703 2105 ,
719 2082 779 2108 quae
797 2077 826 2100 ut
844 2073 926 2101 homo
941 2081 1009 2108 prte-

222 2120 338 2148 termisit
351 2119 393 2147 vel
409 2119 540 2151 admisit,
568 2127 615 2153 per
640 2120 814 2146 immaturam
833 2124 860 2146 et
878 2119 1008 2154 injustam

221 2167 293 2194 hanc
308 2171 425 2193 mortem
447 2165 666 2200 impetraturum.
693 2164 780 2198 Quam
806 2165 900 2193 multis
922 2166 1007 2198 enim,

1055 1571 1085 1597 αι
1095 1569 1202 1604 ἡμέραι
1222 1570 1316 1598 αὐτοῦ
1328 1578 1335 1586 ·
1354 1571 1425 1598 ὡσεὶ
1448 1571 1540 1604 ἄνθος
1564 1571 1618 1598 τοῦ
1630 1571 1722 1606 ἀγροῦ
1732 1593 1739 1604 ,
1751 1572 1843 1604 οὕτως

1055 1616 1329 1649 ὲξανθήσει.-.Οὑκ
1340 1617 1427 1644 ἐστιν
1439 1617 1594 1651 ἅνθρωπος
1607 1617 1641 1650 ὃς
1657 1617 1789 1650 ζήσεται,
1797 1617 1843 1644 καὶ

1055 1663 1111 1689 οὐκ
1120 1661 1226 1696 ὄψεται
1242 1661 1453 1689 θὰνατον.-ΕΖ
1467 1663 1647 1697 πιστεύομεν
1661 1662 1706 1689 ὅτι
1724 1663 1844 1697 Ἰησοῦς

1055 1707 1188 1734 ἀπέθανε
1202 1708 1251 1734 καὶ
1267 1707 1392 1741 ἀνέστη,
1404 1706 1498 1740 οὕτως
1513 1707 1562 1735 καὶ
1577 1709 1593 1735 ό
1613 1708 1684 1740 Θεὸς
1694 1709 1768 1741 τοὺς
1783 1716 1843 1734 κοι-

1053 1753 1204 1788 μηθέντας
1218 1753 1268 1780 διὰ
1281 1753 1335 1780 τοῦ
1353 1754 1455 1787 Ἰησοῦ
1477 1753 1542 1786 ἆξει
1556 1753 1617 1780 σὺν
1630 1753 1720 1787 αὐτῷ.
1733 1755 1772 1781 Οῡ
1788 1753 1844 1780 τοί-

1056 1806 1105 1825 νυν
1117 1798 1211 1824 λοιπὸν
1231 1798 1416 1834 ἀπολώλαμεν
1427 1799 1471 1825 τὸν
1487 1799 1544 1826 υιόν
1556 1808 1563 1815 ·
1575 1799 1642 1826 ἀλλὰ
1656 1800 1758 1835 μικρὸν
1770 1799 1847 1826 ὓστε-

1059 1853 1114 1880 ρον,
1133 1845 1215 1879 ἡνίκα
1230 1846 1246 1880 ή
1261 1845 1363 1880 ἐσχάτη
1377 1846 1495 1879 σάλπιγξ
1510 1847 1640 1881 φωνήσει,
1660 1846 1848 1881 ἀναστήσεται

1057 1891 1097 1922 είς
1112 1891 1266 1927 ἀπάντησιν
1289 1891 1337 1918 τοῦ
1363 1892 1465 1927 Κυρίου
1488 1894 1528 1923 εἰς
1554 1892 1641 1926 ἀέρα·
1659 1893 1742 1918 κάκεῖ
1766 1892 1848 1919 αὑτὸν

1057 1936 1189 1972 ὀψόμεθα.
1219 1937 1341 1972 Ἐπλήγη
1365 1938 1477 1973 καιρίαν
1501 1937 1618 1964 ἐνταῦθα
1638 1937 1767 1973 πληγὴν,
1791 1937 1849 1964 ἀλλ’

1058 1982 1147 2008 ἐκεῖσε
1164 1982 1243 2014 ἀνίας
1255 1983 1366 2010 αίωνίου
1391 1983 1422 2009 οὺ
1446 1983 1654 2018 πειραθήσεται,
1670 1984 1793 2019 Χριστὸν
1805 1985 1848 2010 ὲν-

1057 2026 1202 2061 δεδυμὲνος
1224 2027 1268 2054 διὰ
1287 2027 1335 2054 τοῦ
1355 2027 1552 2063 βαπτίσματος,
1576 2029 1624 2064 τήν
1645 2037 1675 2055 τε
1691 2030 1788 2055 πίστιν
1800 2029 1849 2064 ὀρ-

1059 2071 1166 2104 θόδοξον
1187 2072 1321 2108 ἐσχηκὼς,
1344 2074 1390 2100 καὶ
1416 2074 1492 2100 οὔπω
1516 2075 1682 2109 ἐμπλησθεὶς
1707 2076 1766 2103 τῶν
1785 2076 1850 2111 τῇδε

1058 2117 1154 2152 ἡδέων,
1167 2118 1229 2144 ὅσον
1242 2117 1320 2154 ἄκρῳ
1335 2118 1374 2153 τῷ
1391 2119 1514 2154 δακτύλῳ
1525 2119 1730 2153 ἀπογεύσασθαι
1742 2121 1788 2148 διὰ
1801 2121 1850 2155 τὴν

1058 2164 1185 2198 νεότητα.
1200 2160 1237 2191 Οὗ
1254 2164 1336 2199 χάριν
1356 2165 1520 2199 πιστεύομεν
1535 2166 1582 2191 καὶ
1592 2165 1645 2192 τῶν
1655 2165 1691 2196 ὡς
1705 2166 1851 2201 ἀνθρώπῳ

220 2214 347 2245 domina,
364 2213 391 2239 in
406 2219 488 2239 carne
510 2219 633 2241 manens.
650 2211 820 2238 exercendus
832 2211 912 2239 malis
927 2212 1004 2239 eratl

1059 2208 1133 2243 αὐτῷ
1146 2209 1370 2245 παρεωραμένων
1386 2211 1432 2236 καὶ
1442 2211 1736 2246 πεπλημμελημένων,
1748 2212 1795 2238 διὰ
1805 2213 1851 2237 τ⁵.ν

219 2261 317 2286 Annon
335 2257 382 2284 tibi
398 2256 505 2283 videtur
523 2256 580 2283 haec
594 2257 647 2283 vita
663 2256 767 2283 homini
781 2257 813 2283 ad
829 2256 1007 2284 tentationem

220 2303 373 2331 attributa?
393 2302 535 2337 coniugem
562 2303 696 2337 accipere.
725 2302 826 2330 liberos
850 2310 1006 2337 procreare,

219 2350 317 2382 servis,
333 2349 447 2383 aliisque
462 2348 544 2375 rebus
565 2348 599 2374 ad
616 2348 698 2375 vitam
715 2348 827 2376 utilibus
844 2349 983 2376 abundare
998 2357 1005 2376 :

221 2396 371 2424 addiderim
395 2399 422 2422 et
448 2398 563 2422 terrenae
581 2394 674 2429 gloria
689 2401 873 2429 progressum.
903 2394 1007 2427 Quibus

219 2442 348 2469 omnibus
364 2441 516 2476 expeditus,
542 2447 668 2475 magnam
688 2440 832 2468 habiturus
846 2445 890 2468 est
909 2441 1007 2468 animze

221 2488 386 2519 libertatem,
402 2485 458 2514 Deo
470 2486 642 2517 conjunctus,
667 2489 693 2511 et
707 2485 788 2512 salsis
803 2486 864 2512 vita:
879 2485 1006 2512 ﬂuctibus

220 2535 340 2560 animam
360 2532 456 2559 leviter
469 2538 608 2566 aspersus.

1058 2255 1179 2281 τοιοῦτον
1197 2256 1285 2291 ἄωρον
1299 2257 1347 2283 καὶ
1365 2258 1457 2284 ἄδικον
1475 2258 1588 2284 θάνατον
1605 2258 1784 2293 συγχώρησιν
1804 2258 1852 2294 λή-

1057 2301 1168 2336 ψεσθαι.
1184 2302 1279 2329 Πόσων
1295 2303 1349 2338 γὰρ
1361 2303 1482 2338 ἔμελλεν,
1499 2302 1520 2331 ὦ
1538 2305 1631 2339 κυρία,
1648 2305 1794 2339 ἐπιμένων
1816 2305 1849 2339 τῇ

1059 2352 1143 2384 σαρκὶ
1167 2349 1359 2384 ἐμφορηθῆναι
1372 2350 1483 2383 κακῶν;
1497 2350 1514 2385 ἢ
1529 2351 1559 2377 οὺ
1571 2350 1645 2377 δοκεῖ
1660 2359 1700 2377 σοι
1713 2351 1758 2378 ὅτι
1771 2353 1786 2378 ὁ
1803 2353 1851 2386 τῇ·

1057 2393 1087 2420 δε
1103 2393 1160 2428 βίος
1190 2395 1369 2430 πειρατήριον
1392 2395 1430 2430 τῷ
1448 2395 1582 2431 ἀνθρώπῳ
1610 2396 1791 2431 καθέστηκε;
1807 2405 1851 2422 συ-

1058 2438 1141 2473 ζύγου
1158 2439 1250 2474 λῆψις,
1265 2440 1367 2467 τέκνων
1383 2440 1490 2475 κτῆσις,
1502 2441 1603 2468 δούλων
1620 2443 1667 2468 καὶ
1686 2442 1781 2469 ἄλλων
1796 2443 1852 2469 τῶν

1057 2486 1128 2512 κατὰ
1149 2486 1195 2512 τὸν
1212 2486 1269 2521 βίον
1280 2487 1503 2522 χρησιμευὸντων
1517 2488 1660 2522 περιουσία
1673 2496 1679 2502 “
1695 2489 1852 2523 προσθείην

1057 2531 1079 2556 δ’
1103 2531 1135 2557 ἂν
1161 2532 1209 2558 καὶ
1231 2533 1354 2566 ἐπιγείου
1379 2533 1476 2566 κλέους
1502 2534 1623 2569 πρόοδος.
1640 2531 1690 2560 Ὧν
1715 2536 1854 2562 ἁπάντων

220 2580 400 2613 ἀπαλλαγεὶς,
416 2578 516 2613 πολλὴν
543 2576 599 2609 ἕξει
614 2576 662 2611 τῆς
676 2576 767 2612 ψυχῆς
793 2577 843 2611 τὴν
860 2575 1026 2610 ἐλευθερίαν,
1044 2576 1084 2611 τῷ
1101 2576 1160 2611 Θεῷ
1179 2578 1433 2613 προσοικειούμενος
1444 2587 1451 2594 ⁶
1467 2579 1513 2605 καὶ
1527 2579 1605 2613 ὀλίγα
1634 2580 1796 2614 ραντισθεὶς
1822 2582 1854 2607 ὲκ

219 2626 270 2661 τῆς
284 2625 406 2660 ἁλμυρᾶς
422 2623 468 2650 τοῦ
484 2623 541 2658 βίου
562 2621 709 2657 τρικυμίας
731 2622 779 2657 τὴν
793 2623 890 2658 ψυχήν.

257 2671 324 2698 llinc
335 2671 416 2704 igitur
432 2669 539 2696 remitte
559 2677 590 2695 ac
603 2668 719 2702 depone,
740 2669 861 2701 domina,
876 2671 1004 2698 inconso-

220 2716 328 2743 labilem
345 2716 467 2742 dolorem
483 2722 489 2740 :
506 2719 594 2741 statue
621 2713 766 2741 terminum
786 2723 913 2742 :rrumnaa
936 2723 1004 2743 cou-

221 2768 361 2798 gruentem
377 2770 384 2787 ε
400 2760 513 2787 Immola
526 2760 577 2787 Deo
587 2761 698 2787 hostiam
714 2761 877 2788 laudationis
890 2761 923 2794 ‘°,
937 2769 1003 2788 con-

1104 2669 1244 2696 Ὲντεῦθεν
1253 2668 1409 2705 τοιγαροῦν,
1418 2669 1490 2703 ἄνες,
1500 2669 1578 2704 ἄφες,
1586 2670 1725 2703 δέσποινα,
1736 2672 1769 2699 τὺ
1779 2673 1855 2699 ἁπα-

1062 2715 1213 2750 ρηγόρητον
1230 2713 1361 2749 λυπηρὸν,
1376 2714 1460 2748 πῆξον
1474 2716 1536 2750 ὅρον
1557 2715 1596 2751 τῷ
1619 2715 1699 2742 πάθει
1727 2716 1835 2752 διαρκῆ
1846 2723 1852 2730 '

1060 2761 1160 2788 Θῡσον
1169 2759 1207 2793 τῷ
1218 2759 1278 2792 Θεῷ
1290 2762 1399 2788 θυσίαν
1420 2761 1572 2795 αῑνέσεως,
1592 2761 1854 2799 ἀνθομολογήσεως.

256 2851 280 2867 ⁵⁸
296 2850 368 2878 Psal.
384 2858 431 2883 cu,
448 2850 491 2877 15.
530 2851 551 2867 ⁵⁷
574 2850 644 2878 Psal.
667 2857 781 2883 uniti,
797 2850 842 2877 49.
880 2851 903 2866 ³⁸
920 2850 1004 2878 [Ther

1060 2858 1096 2882 Iv,
1117 2850 1159 2878 15.
1198 2851 1220 2866 ⁸⁸
1236 2850 1302 2878 ibid.
1320 2850 1363 2880 15.
1401 2850 1423 2867 ⁶⁰
1439 2850 1511 2879 Psal.
1527 2859 1599 2884 χιιι,
1615 2852 1658 2879 ﬂ.
