1912 3080
96 163 162 194 1457

692 160 962 191 EPlSTOLARUM
983 161 1056 191 LIB.
1080 161 1120 191 II.

1656 159 1722 192 1458

94 219 159 245 Εἰπὲ
172 218 243 253 μετὰ
255 219 302 246 τοῦ
318 218 454 254 μακαρίου
477 216 538 242 Ἰὼϐ
547 223 554 229 ·
578 215 609 241 '0
623 215 730 249 Κύριος
740 214 884 246 ἔδωκεντό

939 213 1073 241 fessionis.
1109 213 1157 241 Dic
1183 221 1244 240 cum
1277 213 1357 240 beato
1386 213 1603 241 Job:Damiuua
1639 215 1721 246 dedit.

93 265 199 298 Κύριος
212 264 352 298 ἀφείλετο
363 271 369 278 ·
377 264 417 296 ὡς
427 261 569 295 τῷΚυρίῳ
580 261 696 292 ἔδοξεν,
711 260 805 294 οὕτως
831 260 881 287 καί

92 311 218 346 arerem.
235 311 352 344 Φῧέγξαι
381 310 415 336 τὰ
443 308 543 335 Δαυΐδ-
566 308 776 341 Ἐπίστρεψον,
794 307 880 342 ψυχή

91 366 160 392 μου,
170 359 213 390 εις
225 357 283 389 τὴν
304 356 480 384 ἀνάπαυσιν
491 362 560 380 σου.
575 354 655 388 Ψυχὴ
670 353 723 388 γάρ
736 362 795 385 σου,
808 353 880 388 ήτοῦ

92 404 149 431 υἱοῦ
167 403 327 434 ἁποὸίωσις·
342 403 410 436 πρὸς
420 402 448 427 δὲ
473 401 522 436 τὴν
546 399 661 435 χηρείαν
689 399 880 426 ὰναὸλέπουσα

95 449 174 485 mag.
194 449 257 476 cod.
281 446 500 482 ἁποὸ).έπουσα],
517 445 681 481 ἀνάκραξοψ
697 447 804 479 Κύριος
816 444 881 480 ἐμοί

90 496 222 529 ,βοηθός-
238 495 275 521 οὺ
292 493 499 528 φοϐηθήσομαι
513 493 541 519 τί
554 493 675 524 ποιήσει
694 501 745 526 μοι
770 492 881 525 ἄνθρω-

93 549 159 574 πος.
181 540 260 567 Οὕτω
276 540 332 574 γὰρ
356 538 531 573 διατιθεμένη
557 538 669 572 ἑαυτὴν,
698 537 806 572 πρῶτον
832 537 881 572 μὲν

93 587 158 612 Θεὸν
165 586 312 621 εὐφρανεῖς
321 585 358 616 ὡς
369 583 538 619 αὐθαιρέτως
546 583 652 614 θυσίαν,
663 583 734 609 κατὰ
745 582 880 617 Ἀϐρααμ,

92 633 137 659 τὸν
151 632 208 658 υἱὸν
224 631 429 666 προσφέρουσα.
448 627 516 656 Εἶτα
537 629 586 656 καὶ
613 629 688 663 αὐτῷ
706 628 745 663 τῷ
761 628 883 663 φιλτάτῳ

92 679 180 713 τέκνῳ
195 677 296 713 χαρίσῃ
312 678 345 703 τὰ
371 677 519 712 κράτιστα,
542 675 640 710 ὁρῶντί
667 683 696 701 σε
713 674 883 710 εὐχαρίστως

93 725 241 759 φέρουσαν.
260 724 323 755 Τοῖς
338 731 369 749 τε
386 722 476 754 ἄλλοις
493 721 596 749 ἅπασιν
613 721 766 756 ὑπόδειγμα
781 722 884 756 ὑπομο-

93 770 142 804 νῆς
154 769 262 804 ἀγαθῆς
275 769 476 804 καταστήσειας
495 768 524 793 ἐν
537 767 648 802 Χριστῷ
670 767 758 801 Ἰησοῦ
773 766 812 802 τῷ
825 767 882 793 Κυ-

94 815 145 851 ρίῳ
153 815 233 850 ἡμῶν
243 823 249 830 ·
260 815 290 841 ὃν
301 814 437 849 εὐχόμεθα
448 813 586 848 ἁψάμενόν
602 821 649 839 σου
663 813 713 846 τῆς
723 813 836 848 καρδίας
850 814 884 840 ἐν

92 860 170 887 ἐλέει
182 861 228 886 καί
238 859 410 894 οἱκτιρμοῖς,
418 858 567 893 ἐμποιῆσαι
576 867 618 884 σοι
625 858 682 892 φῶς
690 858 883 894 εὐπαρηγόρη-

932 260 1062 287 Dominus
1079 260 1208 291 abstulit;
1230 260 1299 286 sicut
1322 259 1433 287 Domino
1449 262 1568 295 placuit,
1585 262 1623 288 ita
1639 266 1663 288 et
1679 262 1722 296 fa-

932 313 1003 335 ctum
1017 313 1055 335 est
1070 308 1102 334 ⁶¹.
1121 307 1208 334 Ell'are
1224 307 1290 334 illud
1308 307 1416 334 Davidis
1430 317 1437 334 :
1452 308 1617 342 Convertere,
1631 310 1722 337 anima

932 363 1000 387 mea,
1018 355 1045 381 in
1058 355 1170 390 requiem
1188 355 1301 381 luam“.
1319 354 1415 381 Anima
1436 355 1507 382 enim
1527 360 1583 388 tua,
1602 356 1649 382 ﬁlii
1665 356 1723 382 obi-

932 406 987 429 tus.
1005 400 1046 428 Ad
1063 401 1222 428 viduitatem
1244 408 1308 427 vero
1333 401 1491 435 respiciens.
1507 402 1627 428 exclama
1645 411 1652 429 :
1669 403 1724 429 Da-

933 447 1019 474 minus
1045 447 1108 473 mihi
1127 447 1236 481 adjutar
1249 453 1258 473 :
1273 455 1326 473 non
1350 446 1445 474 timebo
1462 447 1524 482 quid
1549 447 1631 482 faciat
1657 449 1722 474 milii

934 495 1010 522 homo
1024 495 1057 522 “.
1079 494 1125 521 Sic.
1139 495 1212 522 enim
1240 502 1408 529 componens
1437 495 1550 529 teipsam
1566 514 1573 527 ,
1603 494 1721 529 primum

932 541 1042 576 quidem
1061 541 1143 567 Deum
1156 540 1316 572 oblectabis,
1337 544 1466 574 tanquam
1481 539 1632 567 voluntarie
1646 539 1723 566 victi-

934 595 1016 618 mam,
1034 587 1104 613 sicut
1117 586 1266 618 Abraham,
1276 586 1359 612 lilium
1374 585 1501 612 oﬂerens.
1521 584 1620 612 Deinde
1630 588 1658 612 et
1672 585 1722 618 ipsi

933 632 1157 660 cbarissimoﬁlio
1165 631 1348 667 gratissimam
1361 639 1417 658 rcm
1429 629 1593 662 facies,cum
1607 635 1632 657 te
1645 636 1723 664 grato

934 678 1026 704 animo
1048 675 1181 704 ferentem
1202 676 1325 710 aspiciet.
1343 675 1457 703 Galeris
1483 675 1566 702 etiam
1594 674 1723 702 omnibus

933 723 1086 757 exemplum
1095 727 1198 750 sanctae
1208 722 1345 757 patientiae
1356 721 1488 756 praebebis
1502 721 1528 748 in
1537 720 1645 748 Christo
1658 719 1721 748 Jesu

934 769 1052 796 Domino
1067 773 1179 800 nostro;
1194 775 1273 802 quem
1289 775 1401 794 oramus
1416 771 1445 794 ut
1461 775 1509 794 cor
1521 772 1596 794 tuum
1610 771 1723 801 tangens

934 816 962 842 in
977 814 1159 842 misericordia
1172 819 1195 840 et
1217 814 1429 840 miserationibus
1440 814 1474 846 ⁸⁸,
1493 813 1584 840 lumen
1598 812 1724 840 consola-

935 862 1019 889 tionis
1037 861 1086 888 tibi
1107 860 1243 892 infundat,
1257 868 1289 887 ac
1302 861 1385 887 vitam
1401 860 1578 894 tranquillam
1595 865 1724 894 peragere

92 915 148 938 τον,
162 905 318 932 διατελέσαι
329 913 359 932 τε
370 904 419 940 τὴν
430 903 504 938 ζωήν
517 913 564 930 σου
585 904 779 939 είρηνεύουσαν
791 912 798 919 ·
817 906 884 932 κάν-

939 907 1087 939 concedat;
1105 907 1215 941 vitaque
1235 906 1286 933 bac
1311 906 1460 933 secundum
1487 905 1572 932 Deum
1603 909 1723 939 peracta.

91 954 183 981 ταῦθα
196 953 340 989 ἀραμένην
355 952 465 987 θεοτελῆ
485 951 541 987 βίον
553 951 720 984 καταξιῶσαι
735 953 784 988 τῆς
795 962 824 980 τε
836 955 882 981 τοῦ

92 1002 151 1030 υίοῦ
167 1010 215 1028 σου
231 1001 409 1036 συνοψίσεως,
434 1001 481 1027 καὶ
501 1000 736 1035 συναγαλλιάσεως
750 1002 869 1030 αἰωνίου.

127 1059 216 1095 PM»;
232 1059 380 1096 (πμ-Τῇ
391 1058 573 1093 ἀδελφότητι
586 1059 769 1093 Πελεκήτηςο
780 1059 884 1096 [εἴθις’-ἶ

939 955 986 982 ﬁlii
1002 955 1042 982 tui
1062 959 1235 989 conspectus,
1249 959 1276 981 et
1289 958 1398 981 eterna:
1411 960 1473 980 cum
1486 960 1519 980 eo
1535 952 1725 980 exsultationis

939 1008 1092 1038 compotem
1109 1002 1201 1031 faciat.

1079 1060 1194 1088 CXLVI.
1206 1077 1239 1081 ——
1256 1060 1433 1088 Fraternilnli
1446 1060 1584 1087 Pelecelea.

661 1118 694 1144 Ut
710 1125 774 1144 novo
787 1120 920 1151 praeposito
933 1120 982 1145 rite
995 1120 1181 1152 obtemperent.

129 1173 260 1209 Λυπηρδν
283 1173 333 1208 μὲν
355 1172 385 1200 τὸ
407 1171 582 1208 ωμὸεὸηκδς
598 1173 631 1208 τῇ
644 1172 782 1208 τιμιότητι
795 1173 883 1208 ὑμῶν,

93 1221 204 1255 ἀδελφοὶ
228 1220 275 1246 καὶ
299 1219 431 1254 Πατὲρες.
448 1219 510 1250 Πῶς
537 1218 591 1253 γὰρ
621 1218 651 1244 οὗ
667 1227 675 1252 ;
690 1219 730 1245 ὅτι
758 1219 803 1244 τὸν
827 1227 885 1245 ποι-

96 1268 166 1302 μένα
183 1266 260 1301 ὑμῶν
271 1265 490 1300 ἀποῦεϐλήκατε,
507 1264 553 1291 καὶ
569 1264 696 1298 ἐγένεσθε
709 1265 746 1296 ὡς
759 1265 885 1299 ποίμνιον

92 1313 282 1349 ἠπορημένον,
298 1312 345 1339 καὶ
359 1312 444 1338 ταῦτα
457 1312 486 1338 ἐν
499 1311 616 1346 ἡμέραις
629 1310 780 1344 τοιαύταις,
791 1311 832 1345 ἐφ’
842 1309 886 1342 αἷς

92 1359 172 1385 λύκοι
188 1357 282 1393 βαρεῖς
295 1358 343 1383 ἐπὶ
367 1356 402 1382 τὰ
424 1355 538 1391 ποίμνια
563 1355 611 1382 τοῦ
634 1355 754 1390 Χριστοῦ
774 1356 886 1390 ἐπερχό-

95 1413 184 1439 μενοι,
208 1404 254 1430 καὶ
280 1402 452 1436 συλαγωγείν
481 1401 572 1436 ψυχὰς
604 1401 789 1436 σοφιζόμενοι.
817 1402 886 1427 Ἀλλ’

93 1450 171 1484 ὅμως
187 1448 281 1484 ἐπειδὴ
296 1448 372 1482 παρὰ
385 1447 454 1473 Θεοῦ
470 1447 500 1473 τὸ
518 1446 635 1481 συμϐὰν,
652 1447 699 1474 καὶ
724 1447 789 1482 παρ’
802 1446 886 1473 αὐτοῦ

95 1493 274 1529 προσελήφθη
290 1493 303 1518 ὁ
318 1493 421 1527 ποιμὴν
437 1492 524 1527 ὑμῶν,
545 1491 606 1518 καθ’
620 1491 651 1518 ὃν
663 1491 758 1527 καιρὸν
778 1492 837 1526 ᾔδει
857 1492 886 1518 τὸ

971 1174 1060 1202 Triste
1079 1174 1145 1201 illud
1161 1174 1271 1209 quidem
1295 1175 1368 1209 quod
1397 1173 1476 1202 vobis
1494 1173 1614 1206 accidit,
1639 1173 1726 1201 bono-

937 1220 1013 1247 randi
1028 1219 1128 1247 fratres
1140 1220 1299 1255 Patresque.
1317 1219 1369 1253 Qui
1395 1220 1467 1248 enim
1485 1220 1584 1247 secus?
1603 1227 1665 1247 cum
1682 1227 1728 1254 pa-

935 1271 1036 1293 εισι-νη]
1050 1271 1172 1293 vestrum
1188 1266 1354 1299 amiseritis,
1369 1266 1490 1301 factique
1500 1265 1560 1293 sitis
1570 1266 1644 1292 velut
1657 1265 1727 1292 ovile

937 1311 1110 1344 destitutum,
1122 1312 1204 1346 idque
1218 1312 1245 1351 ip
1261 1311 1304 1339 his
1316 1312 1424 1345 diebus,
1435 1319 1483 1347 per
1497 1319 1566 1347 quos
1581 1312 1636 1347 lupi
1652 1316 1727 1339 atro-

939 1366 984 1386 ces
1001 1358 1102 1385 Christi
1123 1359 1216 1386 caulas
1231 1358 1432 1394 ingrediuntur,
1461 1364 1487 1386 et
1501 1359 1608 1386 animas
1624 1359 1727 1393 deprae-

939 1404 998 1431 dari
1017 1408 1105 1431 avent.
1124 1404 1262 1437 Attamen,
1275 1405 1405 1439 quoniam
1419 1413 1434 1432 ιι
1450 1404 1504 1432 Deo
1514 1409 1555 1432 est
1570 1405 1643 1440 quod
1660 1412 1726 1431 cnn-

940 1450 1009 1485 tigit,
1026 1451 1060 1477 ab
1073 1459 1161 1486 eoque
1179 1455 1337 1485 assumptus
1355 1456 1396 1477 est
1413 1455 1508 1486 pastor
1532 1455 1622 1477 vester
1634 1470 1641 1481 ,
1672 1457 1727 1484 quo

941 1501 1061 1529 tempore
1076 1496 1200 1530 utrisque
1213 1495 1342 1529 expedire
1354 1500 1478 1526 noverat.
1506 1495 1552 1529 qui
1580 1495 1671 1522 omnia
1700 1494 1726 1520 in

97 1541 239 1575 συμφέρον
254 1539 430 1574 ἀμφοτέρων,
445 1539 458 1564 ό
478 1538 511 1564 τὰ
524 1537 614 1564 πάντα
623 1539 652 1564 ὲν
671 1539 705 1572 τῇ
716 1537 798 1564 αὐτοῦ
809 1539 885 1573 σοφίᾳ

941 1541 1074 1575 sapientia
1086 1548 1136 1568 sua
1148 1542 1268 1576 disponit
1285 1540 1432 1573 Dominus;
1451 1540 1552 1575 gratias
1565 1547 1645 1574 agere
1661 1547 1728 1566 con-

94 1586 206 1612 διοικῶν
220 1586 323 1620 Κύριος
335 1593 342 1599 “
358 1585 581 1619 εὐχαριστητέον,
600 1584 648 1610 καὶ
661 1584 712 1610 οὐκ
729 1585 887 1618 ἀγανακτψ

93 1632 168 1658 τέον.
186 1631 273 1662 Αὐτὸς
286 1630 340 1666 γὰρ
357 1630 480 1662 ἔδωκεν,
500 1630 581 1661 αὐτὸς
604 1630 651 1656 καὶ
668 1630 885 1664 προσελάϐετο,

94 1678 146 1703 καὶ
161 1678 202 1709 ὠς
213 1676 254 1709 τῷ
269 1676 368 1710 Κυρίῳ
395 1675 513 1709 ἔδοξεν,
528 1676 622 1709 οὕτως
644 1675 694 1703 καὶ
709 1677 838 1711 ἐγένετο.
855 1676 888 1703 Τί

94 1721 144 1749 οὖν
170 1723 229 1748 ἐστι
251 1721 281 1748 τὸ
311 1721 525 1756 ἐπιζητούμενον
539 1730 546 1753 ;
560 1721 620 1747 ’Ὶ-ια
638 1722 676 1752 εἰς
698 1721 810 1753 ἑαυτοὺς
826 1721 888 1757 ἄρτι

95 1769 213 1804 γένησθε
223 1777 230 1784 ·
246 1769 293 1794 καὶ
311 1767 402 1798 καθὼς
421 1767 585 1803 ᾑρετίσασθε
597 1767 704 1794 ἑλέσθαι
715 1768 833 1803 ποιμένα
844 1767 890 1794 τὸν

95 1815 192 1849 κύριον
200 1814 312 1849 Σέργιον
320 1813 364 1840 τὸν
372 1813 570 1840 εὐλαῦἐστατον
580 1813 693 1847 ἀδελφὸν
705 1813 793 1848 ἡμῶν·
811 1814 890 1847 εῖπερ

97 1862 136 1896 μή
153 1861 212 1886 ὲστί
224 1869 251 1886 τι
269 1860 337 1895 πρὸς
348 1860 394 1885 τὸν
410 1859 505 1894 κύριον
521 1860 667 1895 Μακάριον
681 1860 728 1886 τὸν
740 1867 891 1894 πνευματι-

94 1908 145 1934 κὸν
159 1907 239 1942 ἡμῶν
256 1906 366 1941 Πατέρα
375 1905 512 1937 ἐνδοιάζον
522 1914 528 1920 ·
542 1906 702 1940 ὲπιμεῐνητε
712 1905 890 1940 εὐθυνόμενοι

95 1954 146 1980 καὶ
165 1953 314 1987 ἀρχόμενοι
326 1953 372 1978 ὐπ’
387 1952 481 1984 αὐτοῦ,
493 1949 523 1979 οὗ
535 1951 693 1985 ἐξελέξασθε
703 1951 890 1986 πνευματικοῦ

96 2000 214 2035 πατρὸς,
230 2001 271 2030 εἰς
289 1999 466 2025 ἐπισύστασιν
492 1998 570 2033 ὑμῶν
601 1999 765 2031 θεόσωστον,
784 1998 831 2025 καὶ
852 1998 893 2030 είς

96 2046 308 2080 ἁποπεραίωσιν
322 2045 379 2080 βίου
396 2044 552 2076 θεοκλινοῦς
567 2052 574 2059 ⁸
585 2041 624 2076 ὡς
635 2044 668 2071 ἂν
679 2044 729 2080 τὴν
744 2044 829 2079 ζάλην
839 2044 892 2071 τῶν

98 2092 248 2127 αἰρετικῶν
264 2091 428 2126 πνευμάτων
444 2090 612 2125 διαφύγοιτε,
621 2091 669 2117 καὶ
683 2091 722 2122 εἰς
731 2090 829 2125 λιμένα
841 2099 893 2117 σω-

97 2139 198 2173 τηρίας
213 2137 423 2173 ὲμὸιΰάζοισθε·
439 2138 479 2168 εἰς
495 2137 524 2163 τὺ
549 2137 586 2172 μὴ
612 2136 842 2172 βλασφημηθῆναι
860 2136 892 2162 δι’

97 2184 173 2218 ὑμᾶς
183 2183 213 2209 τὸ
224 2182 364 2218 (Noua-.05
376 2182 454 2214 Θεοῦ,
466 2182 565 2217 μᾶλλον
577 2182 605 2209 δὲ
627 2181 792 2217 δοξασθῆναι
800 2190 807 2197 ·
823 2182 894 2208 κατὰ

97 2230 150 2264 τὴν
165 2230 397 2264 προκρατήσασαν
413 2228 502 2263 εὐαγῆ
510 2228 650 2263 διαγωγὴν
662 2228 710 2259 τῆς
721 2228 793 2262 ζωῆς
804 2227 891 2262 ὑμῶν.

98 2276 136 2301 Σὺ
154 2275 194 2306 δὲ,
213 2274 312 2308 ἁδελφὲ
334 2274 469 2308 suam,
487 2275 537 2300 οὐκ
549 2273 602 2306 ἔξω
612 2273 659 2299 τοῦ
672 2273 776 2304 εἰκότος
786 2273 893 2307 πέπρα-

99 2320 219 2355 χας,ἐπ’
247 2319 280 2346 ἂν
305 2319 391 2350 οὓτως
411 2319 530 2353 ἐγένετο,
563 2318 754 2353 κατεληλυοὼς
784 2319 816 2344 ὲκ
842 2317 892 2351 τῆς

98 2367 170 2401 ὀπῆς
191 2366 243 2401 τῆς
270 2366 385 2400 πέτρας,
405 2365 451 2391 καὶ
473 2364 646 2400 ἡγησάμενος
681 2365 735 2390 τῶν
756 2363 891 2397 ἀδελφῶν.

100 2413 158 2439 Καὶ
171 2412 227 2447 γὰρ
266 2411 369 2446 Κύριος
385 2410 463 2446 ἡμῶν
485 2410 587 2444 Ἰησοῦς
608 2409 725 2445 Χριστὸς
756 2417 893 2442 συγκατα-

99 2460 180 2485 δὰσει
197 2458 380 2493 χρησάμενος,
395 2457 425 2482 τὸ
447 2456 496 2491 τῆς
520 2455 678 2491 οἰκονομίας
691 2455 828 2488 ἐξετέλεσε
844 2463 894 2489 μυ-

102 2506 215 2540 στήριον
231 2506 277 2530 ἐπὶ
295 2504 418 2539 σωτηρίᾳ
436 2503 483 2529 τοῦ
498 2503 608 2534 παντός,
639 2503 721 2538 Στῆθι
741 2502 800 2535 οὖν,
825 2502 893 2529 καθὸ

101 2552 248 2584 κέκρικας,
266 2549 313 2574 καὶ
330 2549 455 2583 κέκριται
467 2548 520 2574 ὑπο
536 2548 589 2574 τῶν
610 2548 744 2581 ἀδελφῶν,
756 2549 808 2580 ἕως
823 2547 892 2583 ὴμέ-

103 2605 155 2631 ρας
173 2594 338 2626 ἁναδείξεως
352 2594 398 2620 τοῦ
410 2593 483 2626 ἱεροῦ
497 2594 576 2629 ἡμῶν
591 2595 743 2630 ἀρχιερέως
753 2603 759 2609 ·
774 2594 821 2620 καὶ
832 2594 893 2619 τότε

102 2640 276 2675 γενήσεταιῦ
288 2640 330 2666 δεῖ
343 2640 473 2674 γενέσθαι
487 2639 678 2676 νομιμώτερόν
698 2649 727 2667 τε
748 2641 794 2666 καὶ
814 2649 894 2666 κανο-

102 2688 262 2723 νικιὶηερον.
281 2686 353 2717 Ἕως
382 2685 411 2711 δὲ
439 2687 471 2713 ἂν
491 2687 528 2723 μὴ
552 2688 626 2724 παρῇ
668 2687 762 2722 καιρὸς
798 2686 896 2720 ἐπιζη-

136 2777 159 2793 ⁹¹
175 2776 229 2803 Job
241 2784 260 2807 ι,
275 2776 322 2803 τι.
359 2777 380 2792 "
398 2774 469 2802 Psal.
485 2783 558 2807 cxiv,
579 2775 605 2802 Ἰ.
649 2776 671 2792 ⁸³
688 2775 760 2803 l‘sal.
778 2782 861 2806 cxvn,
878 2774 903 2800 ῦ.

937 1585 1020 1616 venit,
1040 1593 1094 1612 non
1115 1593 1187 1620 aegre
1210 1585 1276 1613 fere.
1293 1586 1351 1620 lpse
1367 1593 1486 1621 namque
1499 1585 1582 1618 dedit,
1595 1585 1654 1620 ipse
1666 1585 1728 1611 abs-

938 1630 1017 1662 tulit;
1038 1636 1066 1658 et
1083 1631 1152 1658 sicut
1173 1631 1287 1658 Domino
1304 1632 1404 1666 placuit
1422 1633 1461 1659 ita
1479 1636 1504 1659 et
1521 1632 1621 1667 factum
1636 1636 1676 1658 est
1693 1631 1725 1657 ⁸⁵.

938 1675 1007 1708 Quid
1021 1683 1086 1712 ergo
1102 1678 1296 1710 exspectatur?
1310 1682 1338 1704 ut
1353 1679 1386 1704 ad
1399 1685 1448 1705 vos
1464 1678 1537 1712 ipsos
1544 1684 1617 1704 nunc
1633 1676 1728 1704 redea-

938 1723 973 1749 tis
989 1731 996 1749 z
1012 1730 1129 1757 cumque
1142 1722 1219 1750 Vobis
1238 1723 1328 1750 visum
1347 1723 1383 1750 sit
1402 1727 1539 1757 pastorem
1563 1722 1664 1757 eligere
1680 1722 1729 1749 do-

939 1768 1042 1795 minum
1053 1767 1192 1804 Sergium,
1202 1768 1440 1803 religiosissimum
1457 1768 1567 1795 fratrem
1583 1772 1706 1795 nostrum
1718 1776 1726 1800 ;

939 1812 992 1839 nisi
1004 1812 1184 1840 dubitationis
1197 1812 1300 1847 aliquid
1309 1821 1324 1839 a
1341 1813 1454 1840 domino
1466 1812 1584 1839 Macario
1595 1812 1727 1847 spirituali

940 1857 1022 1886 Patre
1041 1863 1136 1886 nostro
1153 1859 1321 1892 intercedat;
1340 1859 1460 1894 pergatis
1479 1859 1514 1886 ab
1537 1859 1584 1886 illo
1607 1859 1685 1894 dirigi
1703 1864 1731 1886 et

940 1905 1106 1939 gubernari,
1125 1913 1206 1940 quem
1224 1905 1374 1949 spiritalem
1395 1905 1503 1933 Patrem
1528 1905 1649 1940 elegistis
1662 1925 1669 1935 .
1696 1906 1728 1932 ad

941 1951 1089 1978 salutarem
1107 1951 1289 1979 constantiam
1306 1955 1425 1979 vestram
1439 1973 1446 1985 ,
1471 1956 1498 1978 et
1514 1952 1728 1979 consummatio

942 2005 1003 2024 nem
1016 1996 1079 2024 vitae
1094 1997 1150 2024 Deo
1175 1997 1280 2024 devolat
1294 2005 1301 2030 ;
1327 2004 1357 2024 ut
1372 1997 1520 2032 procellam
1538 1997 1729 2025 haereticorum

942 2043 1088 2078 spirituum
1112 2043 1257 2075 devitetis,
1273 2047 1300 2070 et
1322 2043 1350 2070 in
1371 2043 1468 2070 salutis
1484 2048 1594 2078 portum
1616 2043 1731 2071 inveha-

942 2090 1010 2118 mini
1027 2099 1033 2117 :
1050 2097 1084 2117 ne
1111 2089 1316 2124 blasphematur
1342 2095 1454 2123 propter
1470 2096 1519 2116 vos
1546 2097 1646 2116 nomen
1673 2089 1731 2120 Dei.

944 2136 990 2163 sed
1007 2136 1098 2171 potius
1110 2135 1287 2170 gloril‘lcctur,
1301 2135 1379 2170 juxta
1394 2142 1453 2162 eam
1467 2142 1528 2169 qua:
1542 2140 1622 2162 antea
1637 2135 1731 2170 viguit,

945 2183 1007 2210 vita:
1020 2188 1117 2210 vestra:
1136 2186 1259 2209 sanctam
1273 2181 1485 2209 institutionem.
1502 2181 1542 2208 Tu
1554 2189 1630 2213 vero,
1649 2181 1734 2209 frater

945 2227 1117 2259 cbarissime,
1132 2235 1187 2254 non
1205 2227 1355 2262 incongrue
1369 2227 1466 2260 fecisti,
1486 2227 1597 2262 quando
1624 2227 1661 2254 ita
1690 2235 1734 2254 res

943 2274 1038 2306 cessit,
1058 2274 1131 2308 quod
1147 2281 1179 2300 ex
1195 2273 1271 2307 rupis
1287 2280 1403 2300 caverna
1418 2273 1554 2308 prodiisti,
1573 2280 1606 2300 ac
1617 2272 1733 2300 fratrum

944 2318 1135 2354 pra-lecturam
1164 2319 1322 2354 suscepisti.
1339 2318 1407 2345 Nam
1430 2323 1459 2346 et
1484 2318 1617 2346 Dominus
1640 2321 1734 2345 noster

943 2365 1023 2393 Jesns
1037 2365 1162 2392 Christus
1175 2364 1416 2393 condescendendo
1426 2364 1622 2392 incarnationls
1631 2369 1732 2399 myste-

944 2412 1015 2439 rium
1028 2411 1061 2439 ad
1084 2412 1199 2439 salutem
1225 2412 1418 2439 universorum
1433 2411 1548 2446 peregit.
1570 2410 1618 2437 Sta
1640 2410 1732 2445 igitur,

946 2458 1176 2493 quemadmodum
1202 2458 1359 2490 decrevisti,
1380 2458 1576 2492 decretumque
1586 2462 1628 2484 est
1643 2465 1659 2484 a
1678 2456 1735 2484 fra-

946 2505 1052 2537 tribus.
1077 2504 1167 2539 quoad
1184 2504 1343 2540 designetur
1359 2510 1473 2533 sanctus
1485 2504 1601 2531 antistes
1621 2507 1734 2536 noster;

946 2555 973 2577 ct
987 2554 1052 2577 tunc
1073 2550 1199 2577 exactius
1216 2550 1282 2577 ﬁent
1294 2558 1355 2586 qua:
1370 2550 1447 2585 juxta
1468 2550 1540 2585 leges
1563 2554 1590 2576 et
1618 2555 1736 2576 canones

946 2595 1098 2630 pra:standa
1110 2601 1184 2623 sunt.
1196 2595 1289 2624 Donec
1301 2604 1366 2623 vero
1374 2596 1445 2623 absit
1457 2599 1565 2630 tempus
1575 2594 1735 2628 expetitum,

944 2645 1046 2675 praesto
1071 2640 1214 2674 fratribus,
1238 2647 1264 2669 et
1282 2649 1443 2677 prosperare
1459 2640 1486 2667 in
1503 2639 1620 2667 Domino
1633 2659 1641 2672 ,
1675 2644 1737 2665 lan-

944 2694 1027 2721 quam
1042 2694 1091 2721 pro
1103 2687 1250 2715 animabus
1270 2687 1381 2715 illorum
1396 2687 1532 2715 rationem
1560 2684 1732 2714 redditurus,

943 2774 966 2790 ⁸⁵
984 2774 1054 2803 [‘sal.
1070 2783 1116 2808 cn,
1129 2775 1156 2802 4.
1191 2775 1212 2790 ⁸³
1224 2775 1276 2802 Job
1293 2784 1311 2807 I,
1333 2775 1378 2802 'll.

866 2843 983 2872 NOTJ'J.

138 2882 194 2918 (57)
209 2882 240 2909 lu
258 2881 318 2910 cod.
333 2881 396 2917 Reg.
410 2885 458 2916 (40’.
