1912 3080
194 166 262 198 H59

787 167 817 196 ε,
839 157 1035 195 THEODORI
1056 165 1228 195 STUDI’I‘;E

1754 163 1815 196 1460

191 225 238 252 sed
252 228 279 250 et
291 227 420 257 tanquam
438 222 703 254 mercedem,eorutn
716 229 808 253 causa,
818 225 984 256 recepturus.

1045 219 1177 254 τούμενυς,
1195 217 1262 254 ἡγοῦ
1278 218 1330 244 τῶν
1347 218 1481 252 ἀδελφῶν,
1499 219 1545 244 καὶ
1559 217 1704 245 κατευοδοῦ
1718 219 1746 245 ἐν
1763 220 1814 245 Κυ-
1841 251 1843 253 μ

191 271 301 304 Quanto
314 270 387 298 enim
408 269 496 305 majus
513 273 554 297 est
570 269 665 304 jugum
687 269 856 304 praefectura:
872 289 878 299 ,
905 272 981 295 tanto

197 324 302 345 merces
316 316 462 352 copiosior.

228 449 348 476 Tantum
364 448 461 476 oculos
478 447 548 475 habe
563 451 593 475 ut
617 447 723 478 videas.
744 450 772 474 et
790 452 870 473 aures
883 444 983 480 quibus

193 494 300 526 audias,
328 501 376 521 cor
404 493 521 528 vigilans
538 498 564 521 et
588 493 672 520 Deum
691 500 827 528 quaerens,
857 490 984 518 allectum

194 541 369 577 pastoralem,
385 548 538 568 sermonem
551 546 644 575 aptum
662 539 694 567 ad
714 538 877 569 docendum,
893 543 984 564 mores

195 587 373 620 compositos,
388 590 490 613 statum
506 586 679 613 etincessum
696 584 784 611 fausta
795 584 982 611 denotantem.

194 633 354 660 Sermonem
365 632 441 659 omni
455 639 488 659 ex
508 635 584 666 parte
602 631 673 658 ratio
693 630 820 658 observet
842 635 874 656 ac
898 633 983 663 regat.

194 679 234 706 Ac
250 679 346 706 beatus
361 686 402 711 es,
430 678 610 713 apostolicum
637 684 706 712 opus
729 683 871 711 peragens.
890 674 985 702 Domi-

195 733 248 752 nus
262 725 408 759 siquidem,
427 723 593 760 przecipuam
613 723 716 750 amoris
742 729 806 756 erga
834 721 922 755 ipsum
937 720 986 747 de-

195 771 422 799 monstrationem
442 777 513 801 esse,
531 769 611 796 Petro
633 769 778 804 coryphaao
798 766 984 802 apostolorum

196 818 326 849 ostendit,
355 817 458 851 virgam
488 815 654 852 pastoralem
676 824 682 842 :
701 814 833 849 Sidiligis
863 821 914 845 me,
944 813 986 840 in-

195 862 333 898 quit,plus
341 862 392 894 his,
407 862 496 894 Petra,
510 869 588 894 pasce
602 869 659 887 aves
671 868 741 887 mea:
755 860 787 886 “.
803 860 887 887 Pasce
903 858 986 893 igitur

1037 267 1097 302 ρῖῳ,
1113 266 1150 297 ὡς
1162 265 1242 300 λόγον
1260 264 1411 291 ἀποδώσων
1434 263 1505 299 ὑπὲρ
1529 264 1582 291 τῶν
1598 264 1693 300 ψυχῶν
1723 265 1817 292 αὐτῶνῖ

1034 311 1121 338 Ἀλλὰ
1133 311 1181 338 καὶ
1203 312 1240 342 ὡς
1257 311 1303 337 τδν
1317 311 1387 345 ὑπὲρ
1404 310 1494 337 αὐτῶν
1521 311 1616 345 μισθθιν
1633 311 1816 346 κομιούμενος.

1035 357 1105 384 Καθ’
1121 357 1183 384 ὅσον
1198 356 1253 392 γὰρ
1271 357 1358 391 μέγας
1395 356 1479 390 ζυγὸς
1497 357 1546 391 τῆς
1563 358 1742 392 προστασίας,
1755 359 1820 385 κατὰ

1035 402 1165 430 τοσοῦτον
1181 403 1230 429 καὶ
1243 401 1421 437 πολύμισθος.

1069 448 1157 476 Μόνον
1185 448 1229 483 ἔχε
1256 447 1413 483 ὀφθαλμοὺς
1442 447 1488 474 τοῦ
1513 448 1589 483 ὁρᾷν,
1615 448 1663 474 καὶ
1692 444 1748 475 ὧτα
1778 448 1822 475 τοῦ

1034 495 1156 527 ἀκούειν,
1170 494 1285 530 καρδίαν
1297 494 1435 529 ἄγρυπνον
1449 494 1496 521 καὶ
1508 494 1682 529 θεοζήτητον,
1699 494 1754 527 ἕξιν
1769 503 1824 522 ποι-

1037 541 1181 576 μαντικὴν,
1208 541 1288 576 λόγον
1304 540 1508 572 διδασκαλικὸν,
1526 539 1664 575 εὔρυθμον
1681 537 1756 576 ἦθος,
1782 539 1823 566 εὕ-

1036 596 1124 623 σημον
1139 587 1233 615 στάσιν
1251 587 1298 614 καὶ
1313 586 1392 622 βάσιν
1402 594 1409 602 ·
1423 587 1437 612 ὁ
1449 586 1526 621 λόγος
1538 586 1571 613 δι’
1585 587 1646 613 ὅλου
1659 587 1712 613 ὑπὸ
1727 586 1772 613 τοῦ
1786 586 1826 613 λό-

1035 643 1086 668 γου
1102 633 1322 669 συντηρούμενος
1341 634 1388 660 καὶ
1412 632 1629 668 διευθυνόμενος.
1655 633 1711 660 Καὶ
1740 633 1824 668 μακά-

1038 687 1094 713 ριος
1111 675 1137 705 εἴ
1160 679 1340 706 ἀποστολικὺν
1355 678 1435 714 ἔργον
1446 678 1586 708 διατελῶν.
1601 679 1657 706 Καὶ
1673 679 1728 715 γὰρ
1745 680 1759 706 ὀ
1771 680 1824 707 Κύ-

1037 733 1096 760 ριος
1113 725 1253 758 ἀπόδειξιν
1263 725 1312 760 τῆς
1327 725 1368 757 εἰς
1382 725 1464 751 αὑτὸν
1478 725 1571 760 φιλίας
1591 725 1761 761 προῦχουσαν
1775 726 1824 753 ὑπ-

1037 770 1121 803 έδειξε
1141 769 1179 805 τῷ
1196 770 1341 806 κορυφαίῳ
1348 770 1404 797 τῶν
1418 770 1577 797 ἀποστόλων
1586 771 1693 807 Πέτρῳ,
1710 772 1759 807 τὴν
1772 781 1828 799 ποι-

1039 816 1173 851 μαντικὴν
1186 816 1300 851 ῥάϐδον·
1317 817 1351 842 Εί
1369 816 1469 851 φιλεῖς
1491 825 1531 851 με
1553 817 1620 852 γὰρ,
1641 817 1719 852 φησὶ,
1740 817 1829 844 πλέον

1036 863 1162 893 τούτων,
1189 862 1294 897 Πέτρε,
1323 863 1464 897 ποίμαινε
1481 863 1517 890 τὰ
1540 863 1672 897 πρόϐατά
1685 873 1755 899 μου.
1771 864 1830 891 Ποί-

195 917 261 938 oves
280 909 407 942 Domini;
424 913 500 936 tutas
517 908 579 935 illas
598 912 732 942 prmstans
758 907 785 933 in
802 905 916 933 mandra
936 912 984 933 or-

1045 917 1120 943 ;mtve
1130 906 1177 935 οὖν
1189 909 1223 935 τὰ
1238 909 1365 944 πρόϐατα
1386 909 1501 944 Κυρίου.
1524 909 1753 945 ’Δσφαλιζόμενος
1766 909 1830 937 αὐτὰ

195 956 323 984 thodoxas
352 955 424 988 ﬁdei,
457 955 579 982 nutriens
607 954 669 981 illas
694 953 817 988 gramine
837 952 983 979 mandato-

196 1010 256 1029 rum
270 1002 341 1036 ejus,
358 1006 385 1028 et
400 1001 538 1028 collomns
557 1008 641 1036 prope
661 1007 760 1035 aquam
782 999 915 1035 requietis
937 1006 985 1026 vo—

195 1048 310 1076 luntatis
325 1048 395 1083 ejus.
414 1046 482 1074 Vide
495 1055 529 1074 ne
544 1052 591 1074 aut
612 1046 760 1081 abripiaris
781 1046 849 1080 ipse,
869 1050 916 1072 aut
933 1045 987 1072 ulla

196 1094 288 1121 ovium
310 1099 430 1125 tuarum,
447 1094 480 1121 ab
496 1092 631 1120 haereticis
645 1092 756 1120 belluis.
774 1091 918 1119 Sulﬁciunt
929 1099 991 1126 qua:

199 1141 333 1169 hactenus
357 1140 505 1174 contigere.
531 1138 609 1166 Nunc
641 1146 738 1166 sucure
765 1137 940 1166 ambulemus
961 1142 989 1165 et

198 1187 258 1214 sine
273 1187 350 1221 lapsu
368 1195 374 1213 :
396 1186 462 1213 nulli
479 1185 517 1213 rei
533 1189 688 1220 parcentes,
700 1186 723 1212 si
736 1192 781 1213 res
795 1184 926 1219 postulat,
939 1191 990 1211 nec

198 1234 266 1269 ipsis
282 1234 364 1260 etlam
388 1233 561 1268 corporibus,
587 1232 687 1260 nedum
712 1231 791 1258 alteri
810 1231 930 1266 cuipiam
949 1230 987 1257 rei

199 1279 380 1314 corruptibili,
399 1285 446 1313 pro
466 1278 613 1306 dilectione
640 1277 702 1310 Dei;
719 1277 798 1312 cujus
813 1284 867 1311 pax
894 1280 990 1311 regnet

199 1325 226 1355 in
243 1324 374 1351 cordibus
401 1324 500 1351 vestris
509 1328 537 1350 et
549 1323 575 1350 in
591 1322 808 1358 cogitationibus
824 1322 935 1353 vestris,
961 1325 989 1348 et

200 1369 300 1405 dirigat
312 1370 381 1396 viam
392 1374 510 1396 vestram
524 1369 550 1396 in
565 1368 674 1396 Christo
687 1367 751 1395 Jesu
762 1367 879 1395 Domino
888 1372 992 1395 nostro.

263 1526 389 1557 CXLVII.
406 1541 440 1546 —
460 1525 632 1553 Catechetica
652 1526 686 1552 ad
703 1533 765 1552 suos
781 1526 936 1559 discipulos.

1038 955 1068 980 ὲν
1080 955 1113 990 τῇ
1131 954 1239 990 μάνδρᾳ
1253 955 1302 990 τῆς
1320 954 1485 990 ὀρθοδοξίας.
1501 956 1547 982 καὶ
1563 956 1704 991 ὲκτρέφων
1716 956 1784 984 αὐτὰ
1792 956 1830 983 εις

1040 1001 1121 1037 χλόην
1137 1001 1192 1028 τῶν
1206 1000 1322 1028 ἑμτολῶν
1335 1001 1428 1033 αὑτοῦ,
1450 1003 1498 1029 καὶ
1515 1002 1695 1037 κατασκηνῶν
1715 1003 1760 1030 ἐπὶ
1775 1003 1830 1030 ὕδα-

1045 1056 1091 1078 τος
1106 1047 1286 1079 ἀναπαύσεως
1296 1047 1344 1074 τοῦ
1358 1047 1509 1084 θελήματος
1525 1048 1620 1076 αὐτοῦ.
1636 1049 1725 1077 Βλέπε
1736 1050 1771 1084 μή
1783 1058 1830 1076 που

1045 1093 1244 1129 ὑφαρπαγῇςῆ
1263 1093 1391 1129 αὐτὸς,ἢ
1417 1094 1471 1120 τῶν
1501 1094 1600 1121 σαυτοῦ
1626 1103 1654 1121 τι
1681 1095 1831 1131 προϐάτων,

1045 1140 1097 1166 ὑπὸ
1114 1140 1168 1166 τῶν
1180 1139 1327 1174 αἱρετικῶν
1343 1139 1445 1176 θηρῶν.
1468 1141 1562 1176 ’Δρκεῖ
1576 1141 1611 1168 τὰ
1626 1141 1796 1176 προλαΰὸντα
1806 1142 1832 1169 ὲν

1042 1188 1100 1218 τοῖς
1116 1185 1295 1221 προλαϐοῦσι.
1314 1186 1371 1213 Νῦν
1393 1186 1422 1213 δὲ
1440 1187 1572 1221 ἀσφαλῶς
1593 1189 1831 1224 περιπατήσωμεν,

1043 1232 1090 1258 καὶ
1106 1231 1292 1267 ἁνεμπτώτως
1304 1241 1311 1248 ·
1331 1233 1420 1260 πάντα
1437 1233 1554 1269 δεύτερα
1572 1234 1732 1269 ἡγούμενοι,
1743 1233 1832 1269 καιροῦ

1045 1278 1203 1310 καλοῦντος,
1225 1279 1272 1304 καὶ
1284 1278 1355 1304 αὐτὰ
1366 1279 1400 1306 τὰ
1423 1278 1549 1314 σώματα,
1567 1279 1605 1316 μὴ
1625 1280 1667 1306 ὅτι
1692 1289 1725 1314 γε
1737 1280 1799 1308 ἄλλο
1810 1289 1834 1308 τι

1041 1325 1094 1352 τῶν
1112 1324 1310 1360 φθειρομένων,
1327 1326 1397 1361 ὑπὲρ
1414 1325 1465 1360 τῆς
1481 1326 1594 1361 ἀγάπης
1613 1327 1661 1354 τοῦ
1678 1327 1749 1354 Θεοῦ
1762 1336 1768 1342 ’
1779 1324 1834 1362 eiii)

1046 1371 1142 1407 είρήνη
1160 1371 1307 1408 βραϐεύσει
1323 1372 1374 1404 τὰς
1398 1371 1512 1406 καρδίας
1535 1373 1623 1408 ὑμῶν,
1645 1374 1693 1400 καὶ
1714 1374 1748 1400 τὰ
1772 1374 1832 1408 νοή-

1048 1425 1122 1451 ματα
1138 1417 1231 1451 ὑμῶν·
1247 1417 1295 1443 καὶ
1314 1417 1479 1444 κατευθύναι
1494 1418 1542 1452 τὴν
1553 1418 1614 1445 ὁδὸν
1633 1419 1712 1454 ὑμῶν
1729 1420 1758 1446 ἐν
1774 1420 1835 1455 Χρι-

1049 1462 1104 1497 στῷ
1125 1462 1213 1497 Ἰησοῦ
1229 1462 1267 1497 τῷ
1285 1463 1380 1499 Κυρίῳ
1394 1463 1483 1498 ἡμῶν.

1078 1521 1155 1546 PMZ'
1166 1519 1271 1555 (58).—
1280 1521 1470 1557 Katnxnzmi)
1485 1522 1559 1554 πρὸς
1574 1521 1646 1554 τοὺς
1657 1521 1770 1550 ἑαυτοῦ
1781 1529 1834 1557 μα·

1330 1555 1432 1590 Οητάς.
1449 1556 1548 1593 [ψκθκ]

480 1623 513 1647 Ut
524 1623 744 1653 Quadragesimam
756 1626 841 1647 sancte
853 1626 972 1654 peragant
986 1631 991 1647 :
1007 1630 1035 1648 ac
1045 1623 1170 1655 pracipue
1179 1623 1315 1648 mulierum
1326 1624 1450 1656 colloquia
1461 1625 1565 1656 fugiant.

238 1676 359 1704 Instante
379 1683 459 1703 saera
473 1676 703 1711 Quadragesima,
731 1680 914 1712 opportunum
930 1675 991 1703 duxi

1083 1676 1140 1711 Τῆς
1157 1676 1232 1712 ίερᾶς
1243 1677 1475 1712 Τεσσαρακοστῆς
1488 1677 1538 1713 ήδη
1550 1676 1694 1712 ἐπιούσης,
1712 1678 1836 1713 εὔκαιρον

203 1723 299 1758 paucis
311 1730 361 1750 vos
377 1722 468 1755 aﬂari,
480 1722 529 1750 ﬁlii
550 1722 721 1754 ebarissimi,
741 1722 894 1758 fratresque
910 1722 998 1749 hono-

202 1770 333 1797 ratissimi
359 1777 366 1796 ι
384 1774 412 1797 et
426 1770 536 1804 quidem
553 1770 588 1796 ab
616 1769 748 1804 Apostolo
771 1769 928 1797 admonitus
946 1769 997 1796 ob-

204 1823 324 1848 secrare,
349 1823 477 1851 arguere,
522 1816 676 1850 increpare,
701 1821 864 1851 opportune,
894 1816 998 1850 impor-

206 1868 274 1889 tune
284 1861 318 1888 ".
334 1861 413 1889 Nunc
432 1868 496 1888 vero
507 1861 606 1896 jejunii
620 1866 726 1895 tempus
748 1868 796 1895 per
813 1861 933 1896 seipsum
948 1860 997 1888 ad-

206 1908 389 1936 hortationem
405 1907 497 1941 habet,
510 1908 609 1942 quippe
626 1908 698 1942 quod
711 1907 787 1934 novit
797 1907 880 1934 etiam
896 1907 996 1934 durum

206 1962 239 1982 ac
260 1952 434 1988 praefractum
463 1959 659 1987 compungere.
675 1951 813 1988 Suscipite
828 1953 922 1988 igitur,
939 1952 996 1980 I'ra-

207 2005 272 2033 tres,
283 1999 376 2027 libenti
392 1999 484 2026 animo
499 1999 558 2027 dies
569 1999 686 2031 laetitia);
702 1999 892 2033 unusquisque
903 1999 930 2026 in
942 2006 997 2033 quo

205 2047 359 2075 diversorio
386 2046 552 2081 hospitatur,
568 2053 628 2080 qua:
658 2045 743 2072 moris
770 2051 835 2073 sunt
864 2053 997 2080 peragens

205 2103 256 2130 pro
269 2095 391 2126 viribus,
407 2097 436 2119 ut
448 2101 496 2127 per
520 2092 658 2119 silentium
676 2091 821 2126 victusque
837 2092 996 2126 parcitatem

205 2149 253 2170 cor
270 2148 430 2176 purgemus,
455 2140 576 2166 animam
592 2138 754 2168 evellamus.
769 2139 833 2164 vitia
850 2138 996 2165 conculce-

207 2195 280 2214 Inus.
296 2185 353 2213 Hoc
372 2186 444 2213 enim
455 2185 603 2219 jejunium,
620 2185 672 2211 hoc
685 2184 837 2215 silentium,
850 2185 901 2210 hoc
918 2192 996 2210 man-

206 2235 298 2261 datam
314 2233 399 2267 exigit
418 2240 425 2258 :
440 2233 491 2259 hoc
504 2231 600 2259 salutis
612 2235 712 2258 nostrae
726 2234 768 2258 est
783 2235 882 2265 caput;
898 2238 930 2256 ex
943 2238 997 2264 quo

205 2284 233 2307 et
255 2279 289 2307 ad
310 2278 500 2315 participanda
531 2284 706 2305 sacramenta
731 2277 820 2304 facilis
851 2277 930 2304 nobis
947 2277 998 2302 erit

206 2325 310 2356 aditus,
322 2331 404 2359 atque
418 2324 486 2350 adeo
501 2325 564 2350 vitae
583 2328 691 2350 alternae
707 2323 847 2350 viaticum.
866 2322 918 2355 Qui
928 2323 997 2349 enim

206 2371 351 2398 manducat
363 2375 388 2398 et
403 2371 467 2397 bibit
478 2371 594 2405 indigne,
609 2370 660 2397 hoc
672 2375 724 2401 est,
739 2377 793 2396 non
808 2377 886 2404 pure,
906 2370 995 2403 quoad
1013 2360 1035 2387 D

207 2416 304 2443 humili
316 2420 421 2443 natura!
433 2419 535 2443 nostrze
547 2415 620 2448 licet,
632 2415 766 2449 judicium
786 2415 836 2441 sibi
852 2414 995 2440 mandncat

207 2469 231 2490 et
245 2463 319 2496 bibit,
334 2463 412 2497 juxta
436 2462 601 2490 sententiam
621 2462 810 2496 apostolicam,
824 2469 875 2487 ηυη
892 2460 994 2494 dijudi-

207 2516 271 2535 cuns
287 2515 381 2542 corpus
403 2507 510 2534 Domini
526 2507 559 2535 ⁸⁸.
575 2507 748 2541 Quapropter
769 2506 834 2532 eniti
854 2506 996 2538 debemus,

207 2555 306 2582 fratres
315 2554 379 2585 mei,
395 2558 425 2580 ut
441 2553 475 2580 ab
487 2553 622 2581 indecenti
644 2553 790 2582 desiderio,
806 2556 832 2578 et
848 2552 882 2578 ab
896 2551 996 2578 invidia

206 2608 268 2636 quae
286 2601 406 2627 animam
431 2599 530 2628 exedit
547 2599 620 2626 etab
645 2597 760 2624 avaritia
790 2605 850 2631 qum.
876 2600 994 2623 mentem

208 2646 370 2681 submergit,
384 2647 456 2673 etab
471 2646 564 2673 acedia
582 2653 643 2680 (jure
661 2645 759 2671 animis
772 2643 852 2671 oculo
869 2642 996 2670 tenebras

208 2694 334 2727 oll'undit,
351 2701 436 2728 puros
452 2701 501 2721 nos
523 2693 712 2720 custodiamus
729 2711 736 2723 ,
764 2698 874 2726 semper
897 2698 995 2725 exspe-

208 2744 313 2767 ctantes
327 2740 453 2775 corporis
475 2741 589 2771 exitum,
619 2747 672 2773 quo
688 2738 752 2765 vitia
768 2741 943 2768 exarescunl,
969 2741 996 2763 et

244 2800 266 2815 “
279 2799 359 2827 Joan.
376 2808 431 2832 χχι,
452 2801 494 2826 l3.
514 2799 535 2815 ⁸⁷
549 2799 569 2826 Il
589 2799 660 2826 Tim.
673 2807 710 2830 iv,
728 2794 754 2825 εὶ.
772 2798 794 2814 ⁸⁸
814 2798 821 2825 l
839 2798 948 2827 Cor..\'i,
965 2796 1009 2823 Εἰς).

1049 1723 1199 1758 ἡγησάμην
1214 1723 1320 1758 βραχέα
1331 1723 1502 1757 φθέγξασθαι
1517 1724 1586 1760 πρὸς
1601 1724 1686 1760 ὑμᾶς,
1714 1721 1737 1751 ὦ
1759 1725 1837 1751 τέκνα

1048 1770 1229 1804 ὴγαπημένα,
1245 1771 1294 1796 καὶ
1307 1770 1420 1805 ἀδελφοὶ
1434 1770 1597 1803 τιμιώτατοι
1611 1779 1618 1787 ·
1644 1772 1769 1806 καίτοιγε
1789 1771 1838 1797 ὑπὸ

1047 1815 1096 1841 τοῦ
1120 1816 1285 1842 Ἀποστόλου
1297 1816 1478 1852 παρακαλεῖν,
1491 1816 1625 1852 ἐλέγχειν,
1635 1818 1779 1853 ἐπιτιμᾷν,
1795 1817 1837 1842 εύ-

1049 1861 1164 1897 καίρως,
1181 1862 1307 1898 ἀκαίρως
1332 1864 1565 1898 προτρεπόμενος.
1586 1863 1645 1889 Νῦν
1660 1863 1690 1890 δὲ
1706 1864 1720 1889 ὁ
1737 1864 1785 1897 τῆς
1795 1871 1839 1898 νη-

1049 1908 1142 1940 στείας
1167 1909 1264 1944 καιρὸς
1281 1908 1474 1936 αὐτοδίδακτον
1500 1909 1558 1944 ἔχει
1581 1911 1631 1945 τὴν
1655 1910 1836 1946 παράκλησιν,

1048 1954 1231 1982 κατανύσσειν
1260 1954 1338 1986 εἰδὼς
1368 1955 1414 1981 καὶ
1435 1955 1481 1981 τὸν
1500 1955 1668 1990 ἀτεράμονα.
1693 1955 1838 1988 ’Υποδέξασ

1049 2000 1096 2027 σθε
1114 1998 1172 2033 οὖν,
1187 1997 1210 2026 ὦ
1224 2000 1345 2034 ἀδελφοὶ,
1364 2000 1480 2035 ἄσμενοι
1499 2001 1548 2031 τὰς
1574 2000 1697 2035 ίλαρίους
1713 2000 1837 2036 ἡμέρας·

1047 2048 1164 2078 ἕκαστος
1178 2048 1207 2072 ὲν
1221 2046 1259 2081 τῷ
1276 2046 1450 2081 καταλύματι
1464 2043 1487 2080 ᾧ
1502 2047 1647 2079 ξενίζεται,
1672 2046 1709 2072 τὰ
1726 2046 1838 2072 εἰωθότα

1048 2093 1119 2119 κατὰ
1132 2092 1246 2128 δύναμιν
1264 2092 1396 2119 ἐπιτελῶν
1408 2101 1415 2107 ·
1436 2093 1475 2123 ὼς
1490 2092 1523 2119 ἂν
1541 2092 1585 2119 διὰ
1602 2091 1652 2127 τῆς
1666 2093 1784 2128 ἡσυχίας
1794 2092 1839 2118 καὶ

1049 2139 1257 2175 μετριοτροφίας
1275 2139 1440 2174 καθάρωμεν
1452 2139 1578 2174 καρδίαν,
1588 2139 1779 2175 πτερώσωμεν
1790 2141 1839 2172 ψυ-

1052 2185 1114 2220 χὴν,
1128 2185 1319 2220 πτερνίσωμεν
1333 2185 1417 2220 πάθη,
1431 2185 1516 2212 Τοῦτο
1528 2186 1582 2220 γὰρ
1596 2186 1612 2220 ή
1628 2186 1753 2221 νηστεία·
1763 2185 1838 2211 τοῦτο

1048 2231 1149 2266 ἡσυχία
1159 2239 1167 2247 ⁸
1187 2230 1267 2258 τοῦτο
1287 2232 1303 2266 ὴ
1321 2231 1415 2266 ἐντολὴ
1429 2229 1597 2265 ἐπιζητοῦσα
1611 2239 1617 2246 ·
1632 2231 1714 2257 τοῦτο
1730 2231 1778 2266 τῆς
1789 2239 1838 2257 σω-

1047 2278 1145 2312 τηρίας
1157 2277 1236 2313 ἡμῶν
1256 2277 1404 2312 κεφάλαιον
1415 2286 1421 2292 ·
1436 2277 1466 2309 ἐξ
1479 2273 1508 2304 οὗ
1525 2278 1572 2304 καὶ
1590 2277 1620 2304 τὸ
1636 2278 1765 2312 μετέχειν
1788 2278 1839 2302 τῶν

1049 2323 1231 2357 ἁγιασμάτων
1244 2322 1287 2358 εἴη
1303 2323 1335 2349 ἂν
1351 2324 1417 2358 ἡμῖν
1430 2323 1601 2358 εὐπρόσιτον,
1619 2323 1722 2358 μᾶλλον
1733 2323 1761 2350 δὲ
1771 2323 1839 2355 Qui;

1049 2368 1158 2394 αἰωνίου
1171 2369 1286 2404 ἐφόδιον.
1307 2369 1334 2395 '0
1343 2370 1397 2404 γὰρ
1404 2370 1514 2397 ἐσθίων
1523 2370 1573 2397 καὶ
1590 2371 1687 2397 πίνων
1697 2370 1838 2402 ἀναξίως,

1050 2416 1133 2450 ἤγουν
1148 2416 1184 2451 μὴ
1201 2415 1341 2450 καθαρῶς,
1356 2417 1419 2443 ὅσον
1431 2416 1567 2452 ἐνδέχεται
1583 2419 1615 2452 τῇ
1629 2418 1746 2452 ταπεινῇ
1761 2417 1840 2452 ἡμῶν

1051 2461 1141 2495 φύσει,
1170 2462 1258 2497 κρῖμα
1281 2462 1377 2495 ἐαυτῷ
1407 2462 1501 2489 ἐσθίει
1523 2463 1572 2489 καί
1595 2464 1685 2496 πίνει,
1701 2464 1773 2490 κατὰ
1792 2462 1839 2497 τὴν

1051 2505 1234 2542 ἀποστολικὴν
1252 2507 1401 2541 ἀπόφασιν,
1415 2507 1458 2542 μὴ
1470 2507 1631 2542 διακρΙνων
1640 2508 1674 2534 τὸ
1688 2508 1777 2542 σῶμα
1789 2508 1839 2534 τοῦ

1051 2552 1173 2585 Κυρίου.
1195 2553 1245 2579 Διὰ
1266 2552 1343 2579 τοῦτο
1363 2553 1538 2587 ἀγωνιστέον,
1564 2553 1674 2587 ἀδελφοί
1703 2563 1768 2588 μου,
1794 2553 1838 2580 καὶ

1050 2597 1105 2623 ἀπὸ
1120 2599 1267 2633 ἐπιθυμίας
1282 2599 1412 2631 ἐκτόπου,
1433 2599 1482 2626 καὶ
1497 2599 1552 2626 ἀπὸ
1566 2598 1665 2633 φθόνου
1682 2599 1840 2626 κατεσθίον-

1048 2652 1094 2675 τος
1107 2644 1207 2679 ψυχὴν,
1223 2644 1271 2671 καὶ
1283 2645 1338 2671 ἀπὸ
1362 2645 1545 2681 φιλαργυρίας
1575 2644 1741 2681 βυθιζοὺσης
1767 2645 1839 2678 νοῦν,

1050 2692 1097 2716 καὶ
1111 2690 1165 2717 ἀπὸ
1176 2690 1291 2726 ἁκηδίας
1306 2691 1485 2727 σκοτιζούσης
1497 2691 1636 2727 ὀφθαλμὸν
1645 2691 1747 2726 ψυχῆς,
1761 2691 1841 2718 καθα-

1051 2737 1114 2772 ροὺς
1145 2738 1259 2770 ἑαυτοὺς
1280 2738 1430 2775 διατηρεῖν,
1457 2738 1692 2776 προσδεχομένους
1721 2737 1767 2765 ἀεὶ
1791 2734 1840 2771 ἰὴν

969 2853 1081 2881 Milli].

244 2904 301 2941 (58)
315 2904 343 2932 In
360 2903 420 2932 cod.
438 2903 502 2940 Ilig.
523 2904 587 2940 ροβκ
