1912 3080
99 159 166 193 1461

695 159 964 191 EPISTOLARUM
993 161 1066 191 LIB.
1090 161 1131 191 ll.

1660 162 1727 194 1462
1733 166 1739 182 -‘

96 217 144 243 τοῦ
160 216 289 251 σώματος
303 215 403 249 ἔξοδον,
417 216 458 250 ἐφ’
469 213 492 250 ᾧ
506 216 620 251 τήκεται
630 215 665 242 τὰ
673 216 758 250 πάθη.
771 217 817 242 καί
828 225 885 243 νευ-

942 216 1033 243 anima
1060 215 1265 243 corroboratur.
1291 215 1416 243 Claudite
1438 215 1551 244 auditus
1576 215 1726 244 vitiorum:

98 263 193 298 ροῦται
208 262 295 298 ψυχή.
312 262 425 289 Kleine
437 263 487 293 τὰς
501 261 622 293 εἰσόδους
635 261 689 287 τῶν
697 262 793 288 παθῶν
804 270 810 275 ·
822 261 889 294 φεύ-

95 317 157 341 τετε
174 309 238 338 τοὺς
252 307 307 333 τῶν
321 307 478 342 πτωμάτων
504 307 604 337 τόπους
619 314 626 321 ·
644 306 761 340 φεύγετε
775 306 824 338 τὰς
839 315 889 340 γυ-

93 354 223 386 ναικείας
233 353 344 389 ὁμιλίας
357 354 404 380 καὶ
421 353 634 387 συνδιαιτήσεις.
649 352 713 384 Πῶς
726 353 780 388 γὰρ
794 352 827 379 ἂν
842 353 890 380 καὶ

96 401 136 435 μὴ
153 400 284 435 φλεχθείη
299 400 410 435 καρδία,
416 399 524 434 μᾶλλον
539 399 568 425 δὲ
583 398 779 434 ὲμπυρισθείη,
793 399 889 433 λόγους

94 445 208 472 διδοῦσα
221 445 268 472 καὶ
281 445 459 480 λαμϐάνουσα
475 444 543 479 μετὰ
566 443 701 479 παρθένου
713 453 720 475 ;
740 445 809 479 μετὰ
820 443 889 478 ψαλ-

95 491 216 527 λούοης;
235 491 295 527 μεθ’
318 491 377 523 οἵας
397 491 496 527 δήποτε
523 490 671 525 γυναικός;
696 490 775 522 Πῶς,
803 491 889 526 φησὶ,

96 537 263 571 Θεολογικῶς
279 537 376 568 alt-raw,
396 536 478 563 σώσει
494 537 509 572 ἡ
527 536 656 571 ἀλλοτρία
670 535 700 563 ὃν
717 536 858 562 ἀπώλεσεν
873 537 889 572 ἡ

98 583 153 609 ἰδία
166 592 174 615 ;
190 583 242 610 κᾶν
250 583 305 618 γὰρ
318 582 519 618 πραγματικῶς
531 582 618 614 δόξειέ
634 591 677 614 τις
689 582 871 617 φυλάττεσθαι
881 590 888 597 ·

95 629 169 656 ἀλλὰ
181 638 214 663 γε
230 628 388 664 καρδιακὼς
402 630 432 654 οὺ
447 628 578 664 διασωθῇ,
591 628 661 655 κατὰ
683 628 732 664 τὴν
753 628 890 663 ἀπόφασιν

96 674 144 701 τοῦ
159 674 274 710 Κυρίου.

140 719 170 747 ’0
181 720 302 755 διωγμὸς
314 717 362 746 οὖν
385 720 416 746 οὑ
431 719 465 746 δι’
485 719 635 752 ἀπώλειαν,
655 718 724 746 ἀλλὰ
739 719 783 746 διὰ
801 728 890 754 σωτη-

96 765 169 800 ρίαν·
177 765 237 792 οὐδὲ
244 765 362 800 τοσαύτη
370 766 476 800 ἀνάγκη
485 765 685 799 κατεπείγουσα
693 765 767 797 εῑςτδ
776 765 892 793 συνδιαι-

96 812 196 837 τᾶσῠαι
211 819 334 845 γυναικι,
349 810 440 843 καῦὼς
456 812 485 838 ὲν
500 812 556 843 τοῖς
570 811 693 846 Πατρὰσι
715 812 746 838 τὸ
760 819 891 846 περιστα-

95 856 173 883 τικδν
187 857 343 891 ἠνάγκασεν
364 857 416 883 ὑπὸ
432 857 562 892 παρθένῳ
573 857 619 883 τὸν
638 857 761 892 ἀοίδιμον
781 857 891 885 Ἀθανά-

96 912 154 930 σιον
171 904 355 938 ἑπταετῆσαι·
371 904 387 939 ἢ
403 904 480 930 τόνδε
502 904 549 930 καὶ
573 903 649 930 τόνδε
670 903 716 930 τὸν
740 905 818 938 ἆγιον
838 904 890 930 ὑπὸ
907 893 926 919 Β

95 949 230 984 γυναικὸς
243 949 493 985 ἐξυπηρετηθῆναι.
515 948 596 975 Ἀλλὰ
610 948 657 975 νῦν
673 949 719 975 καὶ
735 949 827 981 πόλεις
842 950 891 976 καὶ

97 996 186 1031 χῶραι
197 997 228 1022 1:"
247 995 402 1030 ἐλευθέριον
415 995 519 1030 ἔχουσι,
536 995 587 1030 τῆς
604 995 783 1030 ὰσυνδυάστῳ
797 996 890 1031 τρόπῳ

97 1043 207 1076 γυναιξὶ
220 1042 320 1074 ξενίας.
338 1042 374 1068 Σὺ
388 1041 416 1068 δὲ
431 1042 512 1077 δῆθεν
526 1041 674 1076 ὁμολογίας
698 1042 744 1069 καὶ
768 1041 889 1077 διωγμοῦ

97 1089 145 1115 τοῦ
163 1089 233 1123 ὑπὲρ
247 1087 368 1123 Χριστοῦ
385 1088 455 1114 κατὰ
467 1088 514 1114 τοῦ
530 1087 651 1124 Χριστοῦ
666 1088 826 1123 κινούμενος
839 1088 890 1115 οὐκ

97 1136 253 1170 ἐπαισθάνῃ
295 1134 404 1169 γυναιξὶ.
436 1134 546 1166 πυκνῶς
573 1134 692 1170 ὁμιλῶν·
724 1134 889 1170 συμψὰλὶων

97 1183 164 1214 τσως
175 1190 182 1197 ·
202 1181 272 1216 τάχα
281 1181 309 1207 δὲ
321 1181 368 1207 καὶ
381 1180 553 1216 συνεσοίωνῆ
564 1182 611 1208 καὶ
624 1181 756 1207 συνοικῶν
765 1189 772 1196 ’
791 1180 889 1207 ἐσθίων

95 1228 145 1263 τὴν
163 1227 227 1262 δψιν
244 1228 297 1261 τῆς
320 1226 458 1258 συνοίκου,
479 1227 527 1253 καὶ
550 1227 707 1262 ἑσθιόμενος
730 1227 782 1254 ὑπὸ
807 1226 888 1262 τῆσδε

96 1273 229 1308 ὀλεθρίως
242 1281 250 1306 ;
266 1272 370 1306 Φύγετε
386 1272 423 1303 ὠς
438 1272 492 1298 ἀπὸ
504 1272 589 1308 πυρὸς
607 1273 655 1299 καὶ
668 1273 692 1298 οἱ
718 1272 814 1307 ἄνδρες
834 1271 889 1298 ἀπὺ

95 1318 245 1353 γυναικῶν,
259 1318 306 1344 καὶ
334 1319 361 1344 αἱ
384 1319 510 1352 γυναῖκες
532 1318 588 1345 ἀπὺ
609 1317 664 1344 τῶν
687 1318 809 1353 ἀνδρῶν·
822 1318 846 1344 ει
859 1318 888 1344 δὲ

97 1366 145 1391 καὶ
161 1364 298 1399 σὺμὸασιν
314 1364 354 1390 δεῖ
368 1364 505 1398 γενέσθαι,
523 1363 651 1391 τοσοῦτον
665 1364 727 1390 ὅσον
746 1365 762 1399 ἡ
778 1364 885 1399 ἀνάγκη

96 1411 144 1437 καὶ
159 1411 176 1445 ἡ
189 1410 268 1445 χρεία
288 1409 431 1445 ἀπαιτοίη,
457 1409 711 1445 διαδιδράσκοντες,
735 1411 781 1436 καὶ
802 1410 833 1436 τὸ
846 1419 888 1436 τι-

96 1457 172 1483 θέναι
188 1456 337 1483 σκάνδαλον
358 1456 459 1487 ἄλλοις.
478 1455 547 1482 Ἵνα
568 1456 596 1482 τι
607 1455 662 1490 γὰρ
688 1456 707 1490 ἡ
732 1455 888 1490 ἐλευθερία

92 1512 164 1538 μου,
179 1503 256 1538 φησὶ,
267 1491 399 1537 κρίνεται
409 1502 468 1530 ὑπὸ
476 1502 575 1535 ἄλλης
583 1501 790 1536 συνειδήσεως
800 1510 810 1534 ,'
820 1502 885 1533 Καὶ,

94 1551 130 1576 El
139 1549 247 1583 ,ϐρῶμα
262 1548 455 1579 σκανδαλίζει
470 1549 524 1575 τὸν
536 1548 671 1582 ἀδελφόν
689 1557 767 1583 μου,
792 1549 828 1575 οὺ
842 1548 886 1583 μὴ
900 1569 921 1583 ν

93 1596 177 1630 φάγω
191 1595 263 1629 κρέα
272 1596 315 1628 εἰς
326 1596 379 1622 τὸν
393 1595 496 1628 αἰῶνα,
505 1595 555 1621 ἵνα
565 1595 608 1629 μὴ
621 1595 674 1620 τὸν
687 1595 822 1628 ἀδελφόν
827 1603 887 1629 μου

93 1640 302 1668 σκανδαλίσω.
330 1641 563 1672 ’Δσκανδαλίστως
588 1638 635 1667 οὖν
659 1640 846 1673 πολιτεύεσθε,
864 1637 886 1667 ὦ

93 1688 188 1719 τέκνα,
202 1687 253 1714 καὶ
267 1687 480 1721 ἀπροσκόπως,
501 1686 551 1713 καὶ
567 1686 733 1720 Ἰουδαίοις,
747 1686 797 1713 καὶ
813 1687 886 1714 ’Ἓλ-

92 1736 179 1767 λησι,
192 1733 243 1760 καὶ
254 1732 291 1768 τῇ
313 1734 474 1767 Ἐκκλησία
500 1732 554 1759 τοῦ
572 1732 658 1765 Θεοῦ,
677 1732 768 1764 καθὼς
781 1732 882 1767 γέγρα.

94 1789 179 1807 πται·
195 1779 368 1811 ἐπινοοῦντες
393 1780 440 1806 καὶ
464 1779 496 1805 τὸ
518 1778 614 1814 ἄδηλον
637 1778 683 1805 τοῦ
703 1779 818 1806 θανάτου
834 1779 886 1814 ἤδη

93 1825 218 1861 παρῆλθε
231 1825 278 1852 καὶ
295 1826 308 1851 ὁ
321 1825 434 1859 ἀδελφὸς
453 1824 547 1857 Σίλας,
571 1824 618 1850 καὶ
639 1825 692 1860 πρό
709 1833 742 1858 γε
761 1825 856 1851 τούτου
872 1826 886 1851 ὁ

93 1871 181 1902 ἀόὃᾶς
195 1870 361 1902 Θεόσωστος,
378 1869 425 1896 και
440 1870 495 1903 γεὸ
519 1869 635 1903 ἀδελφὸς
659 1869 822 1905 Προκόπιος,
838 1869 886 1895 καὶ

91 1917 182 1948 οὐδεὶς
194 1917 332 1952 ὲπιμενεῖ.
349 1915 404 1942 Καὶ
421 1915 558 1950 μακάριος
571 1916 584 1941 ὁ
604 1915 706 1941 συνιῶν
719 1914 883 1950 ἀκαταγνώ-

94 1972 166 1994 στως
187 1962 332 1998 παρελθεῖν
354 1961 398 1988 τὸν
415 1961 479 1997 τῇδε
507 1961 573 1996 βίον.
608 1959 805 1996 ιῙροσεύχεσθε’
820 1961 884 1996 περὶ

92 2009 173 2044 ἡμῶν
208 2009 264 2035 τῶν
303 2008 440 2035 ταπεινῶν
475 2008 682 2042 ἁνεπιλήστως,
708 2007 752 2033 ἵνα
785 2005 881 2038 σωζοί-

93 2054 176 2090 μεθα.

184 2111 267 2138 ΡΜΗ¹
279 2110 346 2146 (59).
363 2124 397 2129 —
409 2110 561 2144 Δημητρίῳ
575 2108 685 2141 ὑπάτῳ.
703 2107 799 2145 [ψλα¹.]

940 262 1126 290 oﬂ‘ensionum
1143 262 1202 289 loca
1217 261 1318 296 fugite:
1336 261 1421 297 fugite
1429 262 1574 290 muliebria
1592 263 1727 298 colloquia

939 313 966 336 et
976 308 1169 336 contubernia.
1184 308 1244 341 Quo
1256 308 1328 335 enim
1342 313 1422 343 pacto
1433 316 1489 336 non
1504 309 1598 336 ardeat
1613 317 1672 342 cor,
1687 310 1728 337 vel

940 353 1031 389 potius
1044 361 1097 380 non
1111 353 1243 388 ignescat,
1265 357 1376 380 mutuos
1387 361 1530 382 sermones
1540 362 1601 381 cum
1622 355 1730 390 virgine

940 400 1018 434 dans,
1037 404 1065 427 et
1075 400 1230 435 accipiens?
1245 407 1307 427 cum
1316 400 1452 434 psallente
1461 399 1475 426 ’ἓν
1484 408 1547 427 cum
1564 408 1731 436 quacunque

940 446 1051 474 demum
1068 446 1200 473 muliere?
1211 446 1363 479 Quomodo,
1377 449 1406 472 ut
1418 445 1536 480 theologi
1553 446 1644 473 verbis
1657 451 1729 478 utar,

941 493 1058 520 salvabit
1078 493 1183 525 aliena,
1204 500 1286 528 quem
1307 493 1418 528 propria
1441 491 1578 527 perdidit?
1597 491 1731 526 Quamvis

940 539 1014 566 enim
1028 539 1118 574 reipsa
1129 540 1257 567 videatur
1267 539 1403 574 quispiam
1420 538 1473 567 sibi
1487 545 1587 566 cavere
1597 548 1605 572 ;
1615 543 1642 566 at
1654 540 1730 566 cordi

941 586 1097 613 consultum
1131 587 1200 614 satis
1232 593 1287 613 non
1317 585 1386 617 erit,
1413 585 1489 620 juxta
1525 585 1633 613 Domini
1665 585 1731 612 ell'a-

941 634 997 658 tum
1014 631 1046 656 ".

977 721 1071 755 itaque
1085 719 1242 755 persecutio
1253 727 1306 747 non
1327 719 1361 748 ad
1384 719 1509 751 exitium,
1534 719 1581 747 sed
1605 719 1637 746 ad
1656 719 1731 745 salu-

942 770 995 793 tem
1016 774 1022 792 :
1044 773 1132 801 neque
1148 770 1221 793 tanta
1239 770 1280 793 est
1305 765 1468 798 necessitas,
1494 770 1524 792 ut
1543 772 1605 791 cum
1631 764 1731 790 femina

942 814 1048 840 versari
1063 818 1153 849 cogat,
1171 813 1243 840 sicut
1258 813 1330 840 inter
1340 811 1435 839 Patres
1448 811 1597 847 gloriosum
1611 811 1732 837 Athana-

942 860 1012 887 sium
1028 859 1178 894 adegerunt
1189 859 1330 893 angustim,
1344 862 1375 885 ut
1386 862 1490 893 septem
1507 864 1595 885 annos
1610 857 1662 884 sub
1678 857 1732 883 vir—

943 904 1015 939 ginis
1029 912 1094 931 cura
1107 904 1289 938 transigeret;
1307 903 1441 930 authunc
1452 902 1494 930 vel
1507 901 1582 929 illum
1593 905 1730 931 sanctum.
1775 912 1777 915 -

941 954 972 977 ut
991 949 1118 977 muliebri
1147 949 1300 976 ministerio
1322 952 1463 975 uterentur
1475 948 1508 974 "°.
1537 947 1590 975 Sed
1609 954 1682 974 nunc
1705 951 1733 973 et

941 996 1023 1024 urbes
1044 1000 1071 1023 et
1088 995 1213 1031 regiones
1231 995 1347 1022 liberum
1367 994 1489 1029 praebent
1505 993 1653 1028 hospitium
1668 1013 1675 1025 ,
1694 993 1731 1019 ita

941 1046 971 1070 ut
982 1049 1094 1069 necesse
1108 1049 1162 1068 non
1184 1041 1220 1069 sit
1235 1049 1287 1068 una
1303 1049 1366 1068 cum
1383 1041 1548 1068 mulieribus
1562 1040 1675 1069 versari.
1689 1038 1731 1066 Tu

939 1094 1005 1115 vero
1018 1095 1073 1114 non
1091 1086 1288 1114 animadvertis
1308 1087 1414 1114 scilicet
1437 1092 1463 1114 te
1478 1085 1681 1114 confessionem
1703 1091 1731 1113 et

940 1132 1159 1168 persecutionem
1178 1139 1228 1167 pro
1257 1131 1384 1164 Chrislo,
1427 1131 1559 1158 adversus
1588 1130 1729 1160 Christum

940 1182 1109 1209 convertere,
1127 1178 1191 1205 dum
1207 1177 1365 1212 frequenter
1379 1177 1546 1210 colloqueris
1559 1185 1621 1204 cum
1636 1177 1731 1203 mulie-

940 1225 1035 1257 ribus;
1050 1232 1103 1251 una
1116 1224 1209 1258 psallis
1219 1223 1344 1256 fortasse,
1361 1231 1393 1251 ac
1410 1223 1528 1251 fortasse
1541 1223 1624 1251 simul
1636 1231 1729 1259 come,-

939 1271 992 1301 dis.
1012 1276 1039 1298 et
1068 1270 1149 1298 simul
1178 1270 1295 1302 habitas,
1316 1270 1374 1297 visu
1392 1275 1417 1297 te
1435 1277 1550 1304 pascens
1572 1269 1728 1304 hujusmodi

939 1316 1162 1347 contubernalis,
1179 1323 1212 1343 ac
1226 1315 1302 1342 illam
1323 1315 1465 1342 oblectans
1484 1314 1618 1342 exitiose?
1633 1314 1730 1351 Fugite

939 1366 1069 1397 tanquam
1084 1362 1117 1388 ab
1133 1361 1199 1396 igni,
1218 1365 1243 1388 et
1265 1362 1317 1388 viri
1339 1369 1354 1388 a
1369 1361 1541 1393 mulieribus,
1553 1365 1580 1389 et
1601 1361 1729 1389 mulieres

938 1416 953 1435 a
967 1408 1045 1436 viris.
1060 1407 1138 1441 Quod
1151 1408 1173 1435 si
1187 1408 1335 1435 convenire
1361 1407 1515 1442 oportebit,
1545 1407 1570 1434 id
1596 1408 1731 1442 tantisper

938 1455 985 1482 fiat
999 1459 1132 1490 quantum
1144 1462 1211 1482 usus
1222 1454 1306 1489 exigit
1320 1462 1353 1481 ac
1363 1454 1515 1482 necessitas
1532 1463 1538 1481 :
1553 1453 1680 1488 fugiendo
1702 1454 1730 1481 id

937 1509 1020 1528 omne
1034 1500 1108 1536 quod
1119 1500 1179 1528 aliis
1195 1501 1354 1528 scandalum
1374 1501 1494 1535 praebere
1503 1505 1594 1535 queat.
1616 1499 1649 1526 Ut
1665 1499 1729 1534 quid

938 1547 1008 1573 enim
1022 1545 1130 1573 libertas
1149 1554 1206 1573 mea
1226 1546 1378 1580 judicatur,
1399 1546 1499 1581 inquit,
1514 1545 1547 1572 ab
1563 1545 1652 1574 aliena
1667 1554 1730 1573 con-

940 1592 1052 1619 scientia
1067 1592 1101 1619 ".
1117 1592 1161 1624 Et,
1179 1591 1209 1618 Si
1227 1600 1287 1618 eaea
1306 1591 1474 1618 scandalizat
1498 1592 1608 1626 fratrem
1631 1599 1728 1624 meum,

939 1647 992 1665 non
1012 1637 1177 1664 manducabo
1199 1645 1306 1664 carnem
1331 1637 1358 1664 in
1383 1642 1522 1670 internum,
1552 1645 1583 1663 ne
1618 1637 1728 1671 fratrem

939 1693 1026 1712 meum
1040 1683 1222 1711 scandalizem
1237 1685 1269 1711 ⁷⁸.
1286 1684 1352 1711 Sine
1372 1683 1502 1712 seandalo
1517 1683 1601 1718 igitur
1613 1692 1729 1711 conver-

938 1730 1049 1763 saniini,
1063 1738 1079 1757 ο
1091 1730 1183 1760 ﬁlii,et
1194 1730 1250 1756 sine
1263 1729 1416 1764 offensione,
1433 1734 1458 1756 et
1476 1728 1591 1761 Judwis,
1610 1735 1634 1755 et
1651 1729 1728 1757 Cra:-

936 1777 986 1809 cis,
1003 1781 1028 1804 et
1042 1776 1168 1803 Ecclesia:
1182 1775 1242 1808 Dei,
1266 1777 1340 1803 sicut
1357 1776 1490 1810 scriptum
1515 1781 1557 1804 est
1571 1777 1613 1809 7’;
1639 1776 1728 1804 inccr-

937 1828 993 1849 tum
1007 1831 1116 1858 quoque
1131 1822 1230 1849 mortis
1252 1827 1360 1856 tempus
1377 1828 1543 1857 reputantes.
1561 1823 1620 1849 iam
1633 1830 1729 1850 exces-

936 1869 974 1896 sit
984 1873 1012 1896 et
1027 1867 1112 1895 frater
1132 1867 1216 1900 Silas,
1231 1873 1258 1894 et
1273 1871 1336 1894 ante
1359 1867 1432 1894 hunc
1446 1867 1531 1895 abbas
1546 1867 1727 1899 TheOsostus,

937 1913 1022 1941 frater
1037 1914 1131 1941 itidem
1143 1913 1298 1948 Procopius
1311 1923 1318 1941 :
1335 1921 1391 1948 nec,
1404 1914 1477 1941 ullus
1492 1914 1518 1940 in
1531 1914 1585 1940 vita
1598 1918 1728 1948 perpetuo

936 1959 1113 1987 manebit.At
1129 1959 1227 1987 beatus
1236 1960 1282 1995 qui
1293 1959 1371 1987 novit
1397 1960 1457 1988 sine
1489 1968 1560 1987 noxa
1579 1960 1728 1994 transigere

937 2005 1008 2032 hanc
1023 2006 1117 2033 vitam.
1130 2004 1277 2041 Nunquam
1291 2005 1493 2033 obliviscamini
1520 2013 1600 2033 orare
1612 2013 1661 2041 pro
1678 2014 1727 2033 no-

937 2051 980 2079 bis
992 2051 1155 2083 humilibus.
1170 2056 1200 2079 ut
1210 2052 1279 2079 salvi
1294 2052 1392 2080 simus.

1096 2106 1234 2134 CXLVI”.
1246 2123 1281 2128 -—
1294 2107 1427 2135 Demetrio
1442 2108 1554 2134 consuli.

636 2165 669 2189 Ut
683 2165 784 2197 gemino
801 2164 946 2195 magistratu
961 2164 1039 2196 probe
1058 2164 1184 2196 fungatur.

133 2220 166 2246 'H
182 2219 302 2246 ἀπουσία
315 2218 363 2245 τοῦ
384 2218 510 2254 σώματος
523 2218 583 2245 τίνα
598 2218 681 2254 ἄλλην
696 2218 771 2254 εὖροι
790 2227 880 2253 παρα·
898 2222 919 2247 ι)

93 2266 204 2302 μυῡὶειν,
220 2266 236 2301 ἢ
254 2266 303 2300 τὴν
317 2265 361 2291 διὰ
382 2265 429 2291 τοῦ
449 2266 612 2300 γράμματος
630 2265 777 2299 συνάφειαν
790 2273 797 2297 ;
810 2264 881 2290 Ταύ-

90 2322 125 2347 τῃ
144 2311 301 2347 τοιγαροῦν,
318 2309 340 2338 ὦ
363 2312 447 2346 φίλων
476 2311 583 2347 ἄριστε,
612 2311 804 2346 συναΜόμεθά
833 2319 880 2337 σου

90 2361 124 2395 τῇ
139 2360 235 2394 ἀγάπῃ
256 2360 280 2386 οἰ
302 2360 426 2386 ταπεινοὶ
451 2359 482 2385 τὸ
497 2359 595 2394 παρὸν,
624 2357 880 2394 προσπτυσσόμενοί

90 2415 120 2432 σε
133 2406 173 2440 τῷ
185 2405 332 2440 πνεύματι,
352 2406 400 2432 καὶ
415 2405 594 2441 γνωρίζοντες
608 2405 649 2432 ὅτι
670 2405 730 2439 οὐχὶ
751 2405 769 2440 ἠ
794 2404 879 2430 ἀπου-

90 2453 134 2478 σία
146 2451 268 2484 διέζευξε
284 2452 333 2486 τὴν
348 2452 459 2487 ἀγάπην
477 2460 483 2466 ·
507 2451 575 2479 ἀλλὰ
587 2452 634 2480 καὶ
664 2450 764 2486 μᾶλλον
791 2450 876 2476 ἐκκα-

88 2499 177 2526 λεῖται
200 2498 286 2534 αὐτὴν
301 2498 423 2533 διψῶσαν
440 2498 471 2525 τὸ
499 2498 618 2533 φίλτρον,
637 2497 764 2531 καθάπερ
790 2497 815 2522 οἱ
835 2496 876 2523 δι-

87 2545 196 2580 omni;
210 2544 317 2580 ἔχοντες
339 2545 514 2580 ἐπιτρέχουσι
543 2544 611 2580 πρὸς
630 2544 678 2576 τὰς
702 2543 794 2579 πηγὰς
821 2543 876 2569 τὼν

87 2591 205 2618 ὑδάτων.
229 2590 310 2617 Ἀ).λά
334 2591 365 2617 τὸ
381 2591 431 2625 μὲν
443 2591 494 2624 τῆς
508 2590 618 2626 ἀγάπης
630 2589 764 2617 δεικτικὸν
779 2588 876 2614 τοσοῦ-

85 2643 141 2662 τον.
162 2634 223 2665 Πῶς
242 2634 271 2660 δὲ
286 2634 366 2666 αὐτὸς
379 2634 528 2668 διατελοὶης
538 2635 566 2660 ὲν
583 2635 615 2669 τῇ
630 2633 806 2669 πιστευθείσῃ
822 2641 875 2660 πα-

86 2680 122 2718 ρὰ
136 2681 192 2707 τῶν
209 2680 341 2714 βασιλέων
356 2682 440 2719 ἀρχῇ,
464 2680 614 2715 ἀγνοοῦμεν
628 2688 635 2696 ·
661 2680 761 2716 μᾶλλον
786 2680 814 2705 δὲ
830 2679 877 2705 καὶ

126 2739 149 2774 θ’
163 2738 260 2766 Matth.
285 2747 313 2771 v,
333 2739 377 2766 23.
397 2739 421 2755 '°
434 2739 580 2767 Sozotnen.
609 2739 655 2766 lib.
672 2747 696 2772 v,
707 2746 766 2774 cap.
797 2737 866 2770 6;et
886 2735 923 2763 Pa

86 2775 110 2791 ⁷³
126 2773 135 2800 l
151 2775 216 2802 (Lor.
234 2782 261 2807 x,
277 2774 321 2801 52.

967 2218 1099 2245 Absentia
1112 2218 1236 2253 corporis
1243 2226 1358 2253 ecquam
1368 2218 1583 2245 consolationem
1594 2219 1724 2248 inveniat.

932 2270 1029 2300 praeter
1046 2272 1224 2300 congressum
1244 2273 1291 2299 per
1307 2265 1410 2291 litteras
1424 2265 1435 2291 ?
1449 2265 1496 2291 Illo
1513 2265 1605 2299 igitur,
1619 2265 1710 2291 amico

931 2320 991 2339 rum
1009 2312 1121 2347 optime,
1143 2316 1195 2338 line
1215 2319 1288 2338 nunc
1306 2311 1433 2338 charitati
1449 2311 1565 2338 humiles
1580 2311 1726 2345 conjungi-

932 2366 1004 2391 mur,
1025 2358 1219 2392 amplectentes
1241 2362 1267 2385 te
1287 2357 1395 2393 spiritu,
1418 2363 1445 2384 et
1461 2357 1604 2384 certiorem
1622 2357 1725 2383 facien-

932 2409 983 2437 tes,
1008 2404 1168 2432 cliaritatem
1192 2404 1315 2431 absentia
1336 2411 1388 2431 non
1407 2411 1468 2431 esse
1488 2403 1661 2432 dissolutam.
1676 2403 1723 2429 scd

930 2451 1021 2486 potius
1041 2451 1115 2479 illam
1133 2451 1269 2479 sitientem
1284 2450 1382 2477 attrahi
1399 2450 1499 2485 philtro
1519 2459 1526 2483 ;
1544 2450 1724 2484 quemadmo-

930 2497 994 2522 dum
1007 2496 1053 2530 qui
1068 2496 1113 2523 siti
1127 2501 1255 2529 uruntur,
1268 2497 1416 2522 accurrunt
1427 2494 1459 2520 ad
1472 2494 1562 2521 fontes
1577 2501 1721 2528 aquarum.

934 2541 1031 2569 Verum
1052 2541 1185 2569 hactenus
1211 2541 1244 2569 de
1270 2541 1412 2568 charitatis
1441 2539 1640 2568 testificatione.
1663 2539 1724 2572 Quo

929 2591 1018 2614 autem
1033 2592 1110 2621 pacto
1124 2586 1315 2614 demandatam
1329 2586 1377 2613 tibi
1390 2586 1424 2612 ab
1435 2584 1644 2619 imperatoribus
1662 2591 1724 2618 pro-

928 2633 1046 2660 vinciam
1057 2641 1150 2668 gerere
1159 2641 1264 2668 pergas.
1275 2633 1442 2668 ignoramus;
1454 2636 1501 2657 aut
1511 2631 1599 2665 potius
1608 2629 1682 2656 anxii
1696 2634 1724 2656 et

931 2679 1041 2707 solliciti
1053 2687 1150 2707 sumus
1166 2688 1173 2706 :
1189 2679 1318 2714 quoniam
1335 2677 1472 2709 audimus,
1489 2681 1584 2711 praeter
1602 2675 1721 2710 priorem

926 2735 990 2763 llad.
1008 2736 1036 2763 in
1050 2735 1175 2764 Lausiac.
1197 2736 1218 2751 ⁷¹
1233 2735 1239 2761 |
1255 2735 1318 2762 Cor.
1344 2743 1370 2766 κ,
1402 2733 1445 2761 9.9.
1467 2733 1489 2749 ⁷²
1505 2732 1513 2759 l
1528 2731 1590 2760 Cor.
1612 2731 1715 2762 νηιΑὸ

815 2814 918 2843 ΝΟΤέΕ
924 2836 930 2843 .

125 2879 181 2914 (39)
199 2879 228 2906 In
246 2880 306 2907 cod.
319 2879 386 2917 ιιι-ξς.
406 2881 471 2914 ρογ’.
