1912 3080
165 141 238 176 1463

767 143 797 173 S.
817 142 1016 172 THEODORI
1033 141 1207 172 STUDITIE

1732 140 1803 173 1464

162 198 340 235 provinciam,
349 198 504 234 impositam
515 198 563 226 tibi
572 198 684 226 alteram
697 198 793 232 fuisse,
802 206 856 226 non
868 198 961 225 volen-
976 202 997 229 Α

1030 197 1192 233 μμερίμνως
1220 197 1338 232 ἔχομεν·
1368 197 1463 232 ἐπειδὴ
1487 196 1535 224 καὶ
1567 197 1740 232 μανθάνομεν
1768 199 1804 234 τῇ

164 244 195 274 ti.
212 244 258 271 sed
275 243 397 278 principe
409 244 450 271 sic
460 244 573 278 jubente
587 254 593 271 :
604 250 685 279 atque
699 245 780 275 hanc,
791 252 854 272 cum
866 245 959 279 priore

162 289 199 317 sit
219 289 349 316 remotior
362 289 481 316 vicinam
498 297 559 316 esse
580 289 710 317 Barbaris
726 298 733 322 ;
749 289 866 324 ideoque
884 294 957 316 metu

162 334 240 367 allici,
257 340 287 362 ut
297 335 387 368 aiunt,
403 339 576 370 prastantem
589 336 709 363 animam
723 341 798 363 tuam
818 344 824 363 :
842 339 873 362 ut
891 344 954 371 quae

162 389 212 408 nec
228 382 302 415 velit,
319 389 370 410 nec
389 389 528 417 propensa
549 383 585 410 sit
597 383 630 410 ad
646 382 808 418 gestandum
823 383 954 417 gladium,

163 427 322 463 bellumque
337 428 378 455 vel
407 428 580 456 inferendum
599 429 642 456 vel
657 429 860 456 sustinendum.
893 427 956 456 Haec

160 475 252 501 omnia
268 483 318 502 nos
335 476 417 502 etiam
431 480 625 510 permoverunt
640 476 674 503 ad
690 483 786 510 preces
801 476 957 503 orationes-

160 529 215 556 que
229 521 392 553 lundendas,
415 527 445 549 ut
461 522 500 550 sis
516 523 543 550 in
565 528 683 557 utroque
707 522 868 557 magistratu
882 523 958 550 inco-

161 568 253 595 lumis.
274 567 307 595 Et
329 575 394 596 vero
417 576 560 604 speramus
582 569 688 596 salvum
715 574 742 596 Ie
768 568 845 602 fore,
863 569 886 596 si
904 576 959 603 prae

160 613 247 641 oculis
264 614 364 642 habeas
380 615 505 642 timorem
523 613 580 646 Dei,
596 618 623 642 et
640 614 713 648 quod
732 614 795 640 inde
809 614 959 641 advocatur

160 660 304 689 auxilium.
325 659 376 688 Ubi
402 661 475 688 enim
507 661 578 688 Deus
603 659 729 695 adjutor,
750 659 825 687 illine
843 660 961 688 lacesset

160 714 242 734 omne
257 707 371 735 malum.
397 707 526 734 Immittet
550 706 622 734 enim
647 706 763 742 ,anyelus
788 706 906 739 Domini,
919 707 962 734 in-

159 753 229 787 quit,
247 753 275 780 in
301 753 416 780 circuitu
437 754 585 780 timentium
605 760 675 785 eum,
689 757 714 779 et
739 752 832 786 eripiet
854 761 897 779 eos
927 752 959 779 τδ.

1011 245 1133 280 προτέρᾳ
1145 245 1217 280 ἀρχῇ
1233 244 1281 270 καὶ
1294 243 1392 280 ἑτέραν
1417 243 1577 278 ἐπιτεθῆναι
1596 252 1638 270 σοι
1666 243 1715 270 οὐκ
1743 244 1805 271 ἐθέ-

1011 292 1095 323 λοντι,
1111 291 1181 318 ἀλλὰ
1208 291 1424 326 προστάσσοντος
1438 290 1485 317 τοῦ
1499 290 1663 326 κρατοῦντος
1672 299 1679 306 ·
1702 291 1750 318 καὶ
1762 292 1803 318 ὅτι

1011 337 1180 373 πορρωτέρω
1207 337 1257 372 τῆς
1271 337 1407 372 προτέρας
1431 334 1525 368 οὖσαν,
1546 335 1651 371 ἐγγίζει
1666 337 1723 368 τοῖς
1737 337 1806 372 βαρ-

1011 385 1107 419 ϐάροις
1120 393 1127 401 ·
1144 385 1186 419 ἐφ’
1202 380 1224 418 ᾧ
1236 385 1283 410 καὶ
1294 384 1352 415 δέος
1365 384 1510 419 ἐσχηκέναι
1526 384 1576 418 τὴν
1587 383 1680 419 τιμίαν
1692 393 1739 410 σου
1751 384 1806 418 ψυ-

1010 429 1071 464 χὴν,
1096 428 1133 461 ὥς
1148 438 1223 463 φασι,
1241 429 1310 464 μήτε
1335 428 1490 459 ἐθέλουσαν,
1515 429 1584 464 μήτε
1613 428 1806 465 ἐξηρτημένην

1010 477 1050 508 ei;
1066 475 1097 502 τὸ
1109 477 1203 510 φορεῖν
1216 475 1365 511 μάχαιραν,
1382 476 1429 502 καὶ
1443 475 1574 510 πολεμεῖν
1597 476 1647 502 καὶ
1676 476 1806 509 πολεμεῖ-

1011 522 1085 549 σθαι.
1101 521 1194 548 Ταῦτα
1213 522 1323 549 ἅπαντα
1336 522 1498 558 συνεκίνησε
1519 523 1567 549 καὶ
1593 522 1669 557 ἡμᾶς
1694 522 1806 557 δεήσεις

1010 568 1058 595 καὶ
1078 567 1234 604 προσευχὰς
1251 568 1386 595 ποιεῖσθαι
1409 568 1479 604 ὑπὲρ
1491 568 1539 595 τοῦ
1557 568 1687 603 ἀπήμονά
1702 576 1731 594 σε
1750 575 1805 602 φυ-

1011 614 1156 641 λάττεσθαι
1169 615 1198 642 ὲν
1214 615 1384 651 ἀμφοτέραις
1404 616 1465 647 ταῖς
1490 615 1602 651 ἀρχαῖς.
1628 614 1683 641 Καί
1696 622 1729 648 γε
1757 622 1805 640 πι-

1008 659 1140 695 στεύομεν
1148 660 1335 696 διατηρεῖσθαί
1350 670 1379 688 σε
1392 661 1471 694 σῶον,
1481 661 1576 696 ἔχοντα
1590 661 1643 696 πρὸ
1656 660 1806 695 ὀφθαλμῶν

1007 706 1053 732 τὸν
1069 707 1153 741 φόὸον
1176 707 1224 734 τοῦ
1241 707 1320 741 Θεοῦ,
1339 709 1387 734 καὶ
1401 708 1451 744 τὴν
1477 708 1582 735 ἐκεῖθεν
1598 707 1806 742 ὲκκαλουμένην

1009 752 1146 788 βοήθειαν.
1167 752 1206 782 Οὗ
1217 754 1271 789 γὰρ
1291 755 1358 787 Θεὸς
1372 755 1528 790 ἐπίκουρος.
1539 756 1598 781 ἐκεῖ
1610 753 1732 781 ἐκποδὼν
1747 754 1805 780 πᾶν

160 801 243 828 κακὸν
256 801 368 835 γίνοιτο.
389 801 578 837 Παρεμϐαλεῖ
593 801 647 836 γὰρ
676 801 805 836 ἄγγελος
833 801 956 835 Kvplov,
975 802 1052 836 φησὶ,
1087 802 1191 835 κύκλῳ
1221 801 1280 829 τῶν
1304 802 1497 837 φοϐουμένων
1524 802 1627 835 αὑτὸν,
1644 801 1693 829 καὶ
1709 801 1804 834 ῥύσε-

159 855 207 875 ται
224 849 346 881 αὐτούς.

194 894 270 923 Talis
286 895 369 931 igitur
384 899 444 922 esto
455 899 481 921 et
496 900 537 927 tu,
554 895 664 922 domine
679 900 773 924 noster
790 895 955 926 desiderate.
973 898 993 925 Β

160 949 207 976 per
221 941 351 976 pietatem
380 945 453 968 tuam
480 941 606 976 bonaque
632 949 732 976 opera,
758 941 810 969 sub
835 941 956 968 custodis

163 989 225 1016 vitae
242 993 296 1015 tuae
314 988 403 1023 angeli
417 988 555 1023 praesidio.
570 987 657 1023 Vigila
674 988 701 1015 in
715 988 899 1020 orationibus,
914 992 956 1015 at-

159 1034 241 1062 tende
259 1033 397 1069 precibus,
412 1033 518 1068 justum
537 1032 627 1068 profer
642 1033 792 1068 judicium,
808 1032 957 1069 benignum

160 1080 270 1115 pauperi
283 1080 393 1106 oculum
416 1079 524 1110 exhibe,
548 1078 679 1106 defensor
696 1083 757 1106 esto
784 1086 881 1106 eorum
910 1078 957 1114 qui

160 1125 290 1161 injuriam
307 1125 457 1160 patiuntur,
470 1124 496 1152 in
508 1124 570 1152 cibo
585 1129 707 1160 potuque
719 1124 831 1152 modum
846 1124 934 1151 retine
948 1133 955 1151 :

161 1172 369 1207 intemperantia
402 1172 503 1206 quippe
531 1171 666 1198 malorum
699 1175 795 1198 mater.
816 1170 844 1198 Si
863 1170 959 1198 ludant

161 1218 208 1245 aiii
224 1223 251 1246 et
261 1217 386 1250 redeant,
410 1217 521 1245 domine
540 1218 589 1250 mi,
600 1217 663 1245 audi
676 1216 820 1244 Dominum
834 1217 957 1244 omnium

161 1265 298 1292 dicentem
314 1274 321 1292 :
340 1264 385 1292 Var
401 1264 560 1296 ridentibus,
576 1265 640 1299 quia
666 1265 791 1299 lugebunt
819 1264 853 1291 ’⁵.
868 1264 897 1292 Si
911 1264 957 1292 alii

162 1311 251 1346 turpia
271 1310 426 1346 loquantur.
443 1315 482 1343 tu,
500 1311 627 1343 obsecro,
650 1319 732 1338 aures
752 1311 810 1346 sepi
827 1318 835 1344 ;
851 1318 957 1339 sermo-

162 1363 211 1383 nes
224 1356 297 1383 enim
316 1356 349 1383 ad
364 1363 408 1383 res
420 1356 494 1391 ipsas
508 1356 580 1382 viam
595 1359 732 1383 sternunt.
749 1356 778 1383 Si
793 1356 839 1383 alii
860 1363 958 1384 mune-

163 1400 240 1428 ribus
259 1401 372 1428 dextras
401 1408 467 1428 suas
485 1401 599 1435 implent
614 1409 622 1434 ;
639 1406 666 1428 tu
682 1401 730 1436 qui
756 1400 842 1428 Deum
870 1409 958 1431 amas,

161 1452 306 1475 contentus
321 1448 359 1474 sis
370 1447 494 1475 obsoniis
506 1442 523 1480 ,’
534 1451 564 1474 ιιι
578 1455 641 1474 cum
654 1447 803 1482 Evangelio
815 1448 912 1482 loquar
924 1448 957 1479 ⁷⁸,

161 1502 223 1528 qua:
243 1501 318 1520 more
334 1494 448 1528 antiquo
462 1494 521 1521 darl
541 1493 641 1522 solent.
661 1494 689 1521 Si
703 1494 785 1528 impie
803 1498 886 1529 agant
900 1494 958 1526 alii,

163 1544 191 1565 tu
207 1539 269 1573 pius
287 1544 346 1567 esto
363 1548 371 1572 ;
387 1539 542 1567 subduceris
559 1543 601 1572 te,
617 1538 708 1574 quoad
733 1539 791 1566 iieri
819 1543 919 1574 potest,
944 1547 958 1565 a

163 1586 276 1614 nefariis
295 1586 465 1614 hominibus.
481 1585 558 1613 Nosti
576 1586 648 1613 enim
663 1586 796 1613 mundum
816 1586 900 1618 hunc,
915 1586 958 1613 iu-
972 1575 993 1603 θ

162 1639 220 1661 star
237 1634 348 1666 somnii,
363 1633 490 1668 decipere
507 1633 569 1661 illos
582 1634 628 1669 qui
643 1633 694 1669 ipsi
710 1632 879 1661 serviunt.Et
896 1633 960 1668 quid

161 1681 280 1714 proderit
292 1681 403 1713 homini,
416 1681 439 1707 si
453 1681 581 1707 mundum
594 1680 745 1708 universum
759 1679 886 1711 lucretur,
902 1680 960 1706 ani-

163 1735 213 1756 ma:
225 1736 284 1755 vero
303 1736 360 1755 sua:
379 1729 568 1755 detrimentum
598 1728 719 1762 patiatur
736 1728 757 1743 ⁷⁷
770 1728 782 1754 ?
795 1726 873 1760 Quod
889 1728 961 1754 absit

163 1775 197 1801 de
226 1774 387 1802 excellentia
417 1778 464 1801 tua
492 1775 716 1808 cogitare?quae
737 1773 849 1801 insitam
880 1774 961 1801 habet

162 1821 304 1853 virtutem,
326 1821 436 1855 Deoque
469 1821 573 1848 servire
605 1825 691 1852 amat,
718 1820 809 1854 quiex
833 1820 919 1846 nihilo
935 1825 961 1847 te

163 1866 304 1901 produxit,
318 1873 352 1893 ac
371 1866 454 1893 vitam
469 1866 569 1901 ipsam,
585 1870 613 1892 et
627 1870 745 1896 motum,
757 1869 784 1892 et
799 1865 960 1900 respiratio-

149 1915 226 1940 ‘uem
240 1911 323 1938 dedit.
353 1911 445 1944 Quare
476 1911 631 1946 depositum
652 1912 725 1945 quod
750 1911 891 1938 commisit
911 1911 959 1938 tibi

163 1965 212 1993 per
225 1957 357 1992 Spiritum
374 1962 513 1990 sanetum,
533 1958 679 1992 iidemque,
697 1962 724 1985 et
736 1961 839 1985 rectam
863 1965 961 1993 opera-

163 2006 277 2038 tionem,
295 2005 369 2038 vide,
386 2011 416 2032 ut
431 2005 536 2033 salvam
563 2006 602 2032 illi
623 2005 722 2032 reddas
739 2005 766 2032 in
786 2005 876 2032 exitus
893 2010 962 2032 tem-

165 2054 240 2087 pore,
255 2052 402 2080 auditurus
416 2052 450 2079 ab
465 2053 524 2087 ipso
543 2062 549 2079 :
567 2051 641 2087 Euge
650 2060 722 2079 serve
735 2052 799 2078 bone
810 2057 835 2078 et
852 2051 960 2087 ﬁdelis;

163 2107 242 2133 super
253 2107 340 2134 pauca
371 2099 448 2134 fuisti
464 2099 551 2135 ﬁdelis
568 2108 577 2126 :
599 2107 679 2134 super
709 2098 795 2126 multa
820 2103 845 2125 le
861 2099 961 2126 consti-

165 2150 259 2178 tuam;
272 2146 343 2172 intra
353 2146 381 2172 in
395 2146 523 2181 gaudium
536 2145 643 2175 Domini
656 2145 737 2172 tui".
752 2145 841 2180 Atque
856 2145 960 2173 utinam

165 2192 212 2220 tibi
223 2192 365 2226 contingat
375 2192 446 2220 hanc
462 2199 556 2219 vocem
573 2192 680 2220 audire.
692 2195 792 2218 etcum
807 2195 863 2218 tota
878 2191 961 2219 domo

164 2237 277 2270 salvari,
296 2238 322 2265 in
338 2237 448 2265 Christo
462 2236 526 2264 Jesu
547 2235 663 2263 Domino
679 2236 791 2263 nostro!
808 2235 906 2262 Amen.

1044 893 1172 925 Τοιοῦτος
1186 891 1232 921 οὖν
1246 894 1292 921 ἔσο
1309 895 1356 920 καὶ
1368 894 1460 926 αὐτὸς,
1474 894 1594 920 δέσποτα
1608 893 1687 929 ἡμῶν
1705 894 1806 920 ἐπιπό-

1008 940 1084 976 θητε,
1103 940 1148 967 διὰ.
1162 940 1212 975 τῆς
1226 940 1367 972 εὐσεϐείας
1385 949 1431 966 σου
1459 941 1506 967 καὶ
1527 940 1722 975 ἁγαθοεργίας,
1751 939 1806 966 ὑπὸ

1007 987 1055 1014 τοῦ
1079 986 1200 1022 φύλακος
1212 987 1262 1021 τῆς
1277 986 1352 1021 ζωῆς
1368 995 1414 1013 σου
1441 986 1557 1021 ἀγγέλου
1585 987 1802 1022 φρουρούμενος.

1008 1033 1143 1068 Γρηγόρει
1159 1035 1188 1060 ὲν
1208 1034 1385 1069 προσευχαῖς,
1400 1034 1469 1069 νῆφε
1490 1035 1519 1060 ὲν
1538 1034 1673 1069 δεήσεσιν,
1700 1033 1802 1069 ἔκφερε

1008 1079 1112 1106 ἔνδικον
1129 1081 1228 1116 κρῖμα,
1252 1080 1425 1107 ἐπιδείκνυσο
1444 1081 1559 1115 εὐμενὲς
1582 1080 1661 1116 ὄμμα
1689 1079 1803 1115 πτωχῷ,

1010 1126 1204 1161 προασπιστὴς
1231 1125 1311 1160 γενοῦ
1337 1126 1392 1153 τῶν
1415 1127 1612 1162 ἀδικουμένων,
1637 1127 1805 1163 μετριότητα.

1009 1172 1038 1198 ἐν
1062 1181 1092 1198 τε
1106 1172 1207 1208 βρώσει
1223 1172 1269 1198 καὶ
1282 1172 1359 1199 πόσει
1375 1173 1466 1208 φέρων
1480 1180 1487 1187 ⁸
1506 1174 1522 1208 ή
1535 1173 1589 1208 γὰρ
1603 1173 1736 1208 ἀκρασία,
1747 1173 1805 1199 τῶν

1009 1217 1103 1245 κακῶν
1116 1218 1220 1254 μήτηρ.
1248 1219 1297 1245 “Av
1328 1218 1403 1246 ἄλλοι
1429 1219 1609 1251 παίζωσικαὶ
1637 1219 1764 1253 γελῶσιν,
1790 1221 1806 1246 ὁ

1008 1265 1104 1300 κύριός
1126 1274 1188 1301 μου,
1218 1265 1302 1292 ἄκουε
1325 1266 1372 1292 τοῦ
1397 1265 1501 1301 Κυρίου
1531 1266 1640 1293 πάντων
1665 1266 1806 1300 λέγοντος·

1011 1311 1085 1338 οὐαὶ
1101 1313 1128 1338 οὶ
1142 1311 1299 1346 γελῶντες,
1314 1311 1360 1338 ὅτι
1376 1312 1574 1339 κλαύσονται.
1597 1312 1645 1338 "Av
1660 1312 1734 1338 ἄλλοι
1759 1314 1806 1339 αι-

1011 1357 1196 1392 σχρο).ογῶσιν
1214 1378 1221 1390 ,
1246 1358 1345 1390 αὐτὸς,
1374 1358 1547 1392 παρακαλῶ,
1578 1357 1744 1393 ὲπιφράξαιο
1770 1359 1806 1385 τά.

1010 1400 1077 1431 ὦτα.
1101 1404 1175 1436 Ὁδὸς
1198 1404 1252 1439 γὰρ
1267 1405 1314 1430 ἐπὶ
1326 1404 1362 1431 τὰ
1376 1405 1528 1440 πράγματα
1550 1405 1576 1431 oi.
1601 1404 1676 1438 λόγοι
1699 1405 1808 1440 τυγχά-

1011 1458 1112 1476 νουσιν.
1131 1450 1179 1477 Ἂν
1193 1449 1268 1477 ἄλλοι
1280 1449 1405 1486 πληρῶσι
1418 1450 1513 1485 δώρων
1532 1450 1581 1482 τὰς
1598 1450 1688 1483 δεξιὰς
1700 1451 1806 1485 αὐτῶν,

1010 1495 1025 1520 ὸ
1047 1494 1169 1528 φιλόθεός
1184 1503 1248 1529 μου,
1265 1494 1434 1530 ἀρκούμενος
1455 1496 1516 1530 εἴης
1528 1497 1585 1527 τοῖς
1605 1495 1742 1530 ὀψωνίοις,
1759 1497 1808 1522 εὖ-

1011 1539 1166 1574 αγγελικῶς
1201 1542 1301 1575 εἰπεῖν,
1325 1542 1382 1573 τοῖς
1407 1541 1479 1568 κατὰ
1513 1542 1657 1578 συνήθειαν
1682 1543 1809 1578 ἁρχικῶς

1010 1586 1168 1620 διδομένοις.
1188 1587 1237 1613 Ἀν
1251 1587 1326 1615 ἄλλοι
1335 1588 1482 1620 ἀσεὸὦσιν,
1496 1589 1576 1621 αὐτὸς
1589 1589 1696 1616 εὐσέὸει
1713 1597 1721 1606 ⁸
1742 1591 1809 1618 ὅσον

1010 1630 1066 1659 οἷόν
1088 1642 1118 1659 τε
1149 1634 1327 1669 στελλόμενος
1350 1635 1405 1662 τῶν
1427 1636 1588 1664 ἀτασθάλων
1621 1637 1738 1672 ἀνδρῶν.
1760 1634 1810 1663 υἷ-

1012 1679 1063 1705 οθα
1088 1680 1143 1714 γὰρ
1158 1681 1199 1706 ὅτι
1225 1682 1239 1707 ὁ
1253 1680 1309 1715 βίος
1324 1678 1400 1712 οὗτος
1415 1681 1519 1717 ὀνείρου
1532 1683 1611 1717 δίκην
1623 1684 1809 1717 παραπέμπει

1011 1727 1075 1758 τοὺς
1085 1727 1313 1762 λειτουργοῦντας
1339 1728 1424 1763 αὐτῷ.
1445 1729 1501 1755 Καὶ
1529 1729 1558 1755 τι
1574 1728 1727 1763 ὠφελήσει
1754 1729 1810 1756 ἄν-

1012 1774 1138 1806 θρωπος,
1155 1774 1210 1801 ἐὰν
1233 1774 1308 1801 ὅλον
1321 1775 1375 1801 τὸν
1388 1776 1505 1810 κόσμον
1523 1775 1676 1810 κερδήσει,
1698 1776 1758 1809 τὴν
1771 1776 1810 1803 δὲ

1011 1820 1119 1855 ψυχὴν
1143 1821 1238 1848 αὑτοῦ
1265 1821 1417 1856 ζημιωθῇ;
1444 1822 1533 1857 Ὅπερ
1561 1823 1644 1858 ἀπείη
1671 1823 1810 1858 περὶτῆς

1010 1866 1168 1901 τιμιότητος
1189 1875 1235 1894 σου
1252 1868 1353 1895 ἐννοεῖν
1363 1875 1371 1882 ⁸
1388 1868 1503 1904 ἐχούσης
1516 1868 1638 1903 ἔμφυτον
1648 1868 1677 1895 τὸ
1691 1869 1810 1903 ἀγαθὸν,

1012 1913 1060 1938 καὶ
1075 1910 1207 1948 φιλούσης
1224 1913 1291 1940 Θεὸν
1308 1913 1483 1948 θεραπεύειν,
1500 1913 1546 1940 τὸν
1561 1915 1593 1940 ἐκ
1607 1913 1655 1940 τοῦ
1675 1914 1712 1949 μὴ
1729 1914 1810 1946 ὄντος

1011 1959 1053 1990 είς
1075 1959 1106 1985 τὸ
1129 1957 1200 1985 εῖναι
1216 1961 1413 1994 παραγαγόντα
1433 1968 1473 1992 σε,
1490 1960 1539 1986 καὶ
1553 1960 1619 1986 αὐτὸ
1631 1961 1662 1986 τὸ
1690 1960 1741 1995 ζῇν
1763 1961 1810 1986 δι-

1011 2004 1101 2037 δόντα,
1117 2006 1166 2032 καὶ
1187 2005 1218 2031 τὺ
1229 2005 1374 2038 κινεῖσθαι,
1401 2005 1450 2032 καὶ
1482 2007 1621 2033 ἀναπνεῖν.
1652 2006 1733 2032 Ὥστε
1755 2007 1811 2042 τὴν

1012 2051 1179 2087 παραθήκην
1195 2051 1230 2086 ἢν
1246 2051 1382 2087 παρέθετό
1413 2060 1454 2078 σοι
1470 2052 1515 2078 διὰ
1540 2051 1698 2086 Πνεύματος
1712 2052 1809 2086 ἁγίου,

1011 2096 1061 2131 τήν
1075 2105 1105 2122 τε
1127 2096 1219 2122 πίστιν
1233 2096 1281 2122 καὶ
1294 2095 1343 2131 τὴν
1367 2095 1458 2128 δεειάν
1472 2096 1571 2131 πρᾶξιν
1595 2095 1713 2131 φυλάξαι
1738 2097 1812 2123 ἀπο-

1011 2141 1103 2168 δοῦναι
1118 2141 1194 2176 αὐτῷ
1216 2140 1288 2167 σώαν
1312 2142 1342 2167 ὲν
1361 2141 1450 2176 καιρῷ
1463 2142 1565 2176 ἐξόδου,
1592 2142 1717 2168 ἀκούσων
1740 2144 1811 2178 παρ’

1012 2188 1095 2215 αὑτοῦ
1112 2196 1119 2204 ·
1134 2185 1178 2215 Εὖ
1196 2187 1289 2215 δοῦλε
1303 2188 1396 2222 ἀγαθὲ
1411 2189 1462 2215 καὶ
1475 2188 1575 2222 mare,
1587 2189 1636 2216 ἐπὶ
1664 2189 1752 2224 ὀλίγα
1769 2188 1813 2224 ἦς

1013 2235 1134 2267 πιστὸς,
1164 2234 1215 2261 ἐπὶ
1242 2234 1367 2262 πολλῶν
1393 2243 1431 2262 σε
1454 2235 1635 2269 καταστήσω
1653 2244 1661 2251 '
1686 2237 1813 2263 εἴσελθε

162 2287 207 2318 εἰς
221 2285 279 2320 τὴν
291 2286 390 2320 χαρὰν
403 2285 458 2312 τοῦ
479 2285 592 2319 Κυρίου
605 2291 674 2311 σου.
699 2283 755 2310 Καὶ
778 2283 884 2316 γένοιτό
915 2290 957 2311 σοι
975 2282 1076 2317 ταύτης
1101 2284 1150 2317 τῆς
1185 2285 1277 2320 φωνῆς
1306 2284 1473 2317 ὑπακοῦσαι,
1489 2285 1536 2311 καὶ
1553 2284 1674 2320 σωθῆναι
1693 2284 1812 2312 πανοικὶ

163 2334 192 2360 ὲν
208 2332 319 2368 Χριστῷ
342 2331 430 2367 Ἰησοῦ
443 2331 483 2367 τῷ
497 2331 594 2367 Κυρίῳ
607 2330 697 2366 ἡμῶν.
718 2330 816 2365 Ἀμήν.

340 2392 457 2420 CXLIX.
473 2407 508 2412 —
528 2392 639 2428 Lycaste
664 2391 778 2418 consuli.

1115 2389 1193 2415 ΡΜΘ¹
1209 2388 1467 2422 (40).-Λυκάσεῳ
1476 2388 1589 2422 ὑπάτῳ.
1606 2388 1697 2425 [ψλδ.]

612 2450 759 2476 Consolatur
770 2449 801 2474 de
815 2448 910 2478 uxoris,
922 2447 970 2479 pia:
984 2446 1114 2471 admodum
1134 2445 1258 2476 mulieris,
1274 2445 1354 2470 obitu.

198 2507 249 2541 Qui
265 2506 436 2534 excellentiae
460 2510 516 2533 tua!
531 2505 636 2532 litteras
664 2504 767 2537 attulit,
787 2505 858 2532 idem
877 2503 957 2531 nobis
975 2504 996 2530 D

1052 2501 1138 2533 Αὐτὸς
1157 2501 1171 2527 ὁ
1190 2500 1220 2527 τὸ
1241 2500 1419 2536 γραμμάτιον
1438 2501 1639 2536 ἐπιφερόμενος
1658 2503 1692 2538 τῇ
1715 2505 1814 2539 τιμιό-

163 2554 345 2582 calamitatem
364 2560 425 2588 quae
450 2552 501 2579 tibi
517 2551 653 2579 acciderat
679 2551 815 2578 nuntiavit
833 2560 840 2584 ;
862 2558 894 2577 ac
913 2555 954 2577 te-

164 2600 225 2634 tigit
240 2606 290 2626 nos
316 2597 439 2632 profecto
468 2596 546 2623 dolor
561 2601 635 2622 tuus.
660 2595 737 2622 Tuus
750 2595 823 2622 enim
841 2603 912 2626 sum,
930 2598 959 2620 et

164 2646 346 2680 propinquus,
363 2648 391 2671 et
420 2643 504 2671 simul
527 2643 658 2677 antiquus
673 2642 791 2673 amicus,
807 2646 834 2669 et
858 2646 958 2669 coa‘ta-

164 2700 234 2719 neus
247 2700 254 2719 :
265 2691 379 2726 ﬁerique
396 2697 450 2717 non
462 2693 551 2725 potest
564 2690 630 2724 quin
641 2689 665 2717 is
682 2689 729 2724 qui
748 2689 855 2717 sincere
873 2691 957 2721 amat,

199 2763 221 2778 τ’
240 2762 312 2790 Psal.
332 2760 471 2794 num-8.
488 2761 510 2776 "
527 2759 595 2789 Luc.
610 2767 648 2792 vl,
662 2759 706 2787 ‘25.
746 2759 769 2774 ⁷⁵
791 2758 857 2786 Luc.
873 2767 900 2792 χ,
913 2757 940 2789 7,
962 2758 988 2786 8.

1011 2550 1073 2585 τητί
1090 2558 1148 2582 σου,
1165 2550 1334 2584 ἀπήγγειλεν
1349 2550 1415 2585 ἡμῖν
1430 2550 1479 2585 τὴν
1494 2550 1663 2578 ἐπελθοῦσάν
1682 2559 1723 2578 σοι
1739 2560 1814 2588 συμ-

1012 2596 1109 2630 φορὰν,
1125 2595 1173 2621 καὶ
1187 2595 1225 2630 τῷ
1244 2595 1300 2622 ὄντι
1312 2596 1455 2632 καθήψατο
1470 2596 1550 2632 ἡμῶν
1565 2597 1582 2632 ἡ
1599 2597 1661 2632 περὶ
1680 2598 1709 2624 σὲ
1721 2599 1812 2634 λύπη.

1015 2643 1095 2674 Ἶδιος
1110 2643 1164 2678 γάρ
1180 2651 1223 2669 σοι
1238 2643 1287 2670 καὶ
1304 2643 1484 2678 ἀγχιστέυων,
1511 2642 1580 2678 ὁμοῦ
1602 2652 1632 2670 τε
1649 2643 1726 2678 φίλος
1754 2645 1812 2681 ἀρ-

1013 2689 1089 2723 χαῖος
1106 2689 1153 2715 καὶ
1169 2687 1386 2724 συνηλικιώτης·
1405 2689 1453 2715 καὶ
1467 2687 1518 2715 οὐκ
1532 2688 1590 2714 ἐστι
1604 2689 1650 2716 τὸν
1673 2689 1812 2723 φιλοῦντα

1028 2758 1051 2773 ⁷⁷
1064 2758 1160 2787 Matth.
1178 2766 1233 2792 xvi,
1254 2757 1300 2788 26.
1339 2758 1361 2774 ⁷⁸
1380 2757 1477 2785 Matth.
1492 2767 1556 2792 xxv,
1573 2758 1618 2786 25.

947 2813 1064 2844 NOTAE.

202 2879 259 2914 (41))
279 2877 307 2905 In
322 2877 383 2904 cod.
402 2876 467 2910 Reg.
487 2874 549 2911 906’.
