1912 3080
95 146 155 177 1465

677 137 946 170 EPISTOLARUM
972 138 1048 168 LIB.
1072 138 1110 170 ῐΙ.

1639 140 1706 172 1466

95 198 205 235 γνησίως
225 196 263 232 μὴ
279 195 452 230 συμπάσχειν
464 194 504 229 τῷ
518 194 672 229 φιλουμένῳ
682 202 689 209 ο
704 194 742 225 ὡς
758 194 805 220 καὶ
825 192 874 227 ἔμ-

935 192 948 218 ei
964 200 1046 227 quem
1063 196 1138 221 amat
1155 193 1338 228 compatiatur
1355 203 1362 220 :
1376 198 1404 220 nt
1416 198 1524 225 contra,
1538 195 1561 222 si
1577 195 1604 222 in
1618 196 1710 224 latitia

96 245 167 272 παλιν
185 243 231 270 ἐπὶ
254 244 287 278 τῇ
301 242 382 277 χαρᾷ.
408 240 478 267 Ἀλλ’
493 240 515 266 ὢ
530 240 579 274 τῆς
593 239 761 270 ἀπευκταίας
787 239 872 272 ἀγγε-

95 291 157 321 λίαςί
181 288 370 316 ’Δπολέλοιπεν
381 288 455 322 ἡμᾶς
478 287 495 322 ὴ
519 286 600 322 κυρία
630 286 778 316 ὑπάτισσα,
801 285 831 310 τὺ
842 285 874 318 δὴ

94 336 242 371 λεγόμενον,
257 334 326 369 γυνὴ
355 333 410 360 τῶν
437 329 649 367 ἐπαινουμένων,
674 333 711 362 ὡς
734 331 781 358 κα)⁴
809 331 873 365 παρ’

96 383 174 410 ἄλλων
197 381 367 415 ἀκηκόαμεν,
386 379 433 405 καὶ
444 378 522 405 αὐτοὶ
535 379 616 412 ἡμεῖς
645 377 796 411 ὀφθαλμοῖς
821 377 874 402 ὑπ-

96 427 232 461 ελάϐομεν.
247 426 359 460 Πρῶτον
395 425 444 459 μὲν
472 425 512 451 ὅτι
526 423 686 458 φίλανδρος·
706 423 720 449 ὁ
747 422 798 449 ὑπὸ
825 421 873 448 τοῦ

101 472 255 500 ’Δποστόλου
263 471 448 498 ὑππυποῦται
465 471 608 497 κάλλιστον
619 467 688 496 εἶναι
701 471 730 496 ὲν
746 469 873 504 συζυγίᾳ·

97 519 231 554 φρόνιμος,
239 517 372 551 οἰκουρὸς,
384 515 801 551 εύαπάντητος,εὺπροσήγορος,
813 515 875 550 φιλ-

96 565 214 600 ευσεὸὴς,
232 563 400 598 φιλόπτωχος
413 572 419 578 ·
437 563 467 589 τὸ
491 561 600 597 μεῖζον,
625 561 786 597 σωφροσύνῃ
810 570 876 588 κατ-

97 610 272 646 ηγλαῖσμένη,
285 609 331 636 καὶ
341 607 480 644 ὀρθοδοξεᾳ
488 604 786 643 περιηργυρωμένη·ἧς
794 607 840 633 καὶ
852 607 876 633 οἱ

95 656 192 691 καρποὶ
206 655 332 681 τὰτέκνα
349 653 498 689 μαρτύριον
526 653 576 688 τῆς
606 653 770 688 ἀμφοτέρων
797 651 876 686 ὑμῶν

95 701 215 733 εὐζωῖας.
246 700 301 726 Καὶ
313 698 473 745 γάρέῦσπερ
487 698 519 724 ὲκ
535 697 582 723 τοῦ
597 696 704 731 καρποῦ
720 696 752 722 τὸ
769 695 877 731 δένδρον

95 746 311 780 ἐπιγινώσκεται,
327 742 414 776 οὕτως
427 745 483 770 κάκ
493 744 548 770 τῶν
572 743 675 770 παίδων
690 744 714 769 ot
740 742 877 776 φύσαντες

93 793 174 819 ὁποῖοί
195 793 248 818 εἰσι
262 792 310 818 καὶ
331 790 432 826 ἡλίκοι.
456 790 511 816 Καὶ
539 789 615 816 οὔπω
646 789 756 824 βαθεῖαν
780 790 878 823 πεῖραν

93 837 213 872 ἐσχηκὼς
236 837 286 872 τῆς
298 836 436 871 μακαρίας
460 835 578 870 ἐκείνης,
600 835 658 866 πῶς
687 835 721 861 ἂν
744 835 878 869 δυναίμην

94 883 229 910 ἑκθειάσαι
247 882 282 909 τὰ
293 883 354 909 κατ’
367 883 453 916 αὐτήν
466 891 475 915 ;
490 882 508 917 ἢ
536 882 619 916 μόνον
648 881 690 911 δὶς
715 881 784 915 αὐτῇ
815 889 878 906 συν-

93 929 226 963 οψισθεὶς,
242 928 289 954 καὶ
303 929 343 958 είς
360 927 468 961 ὁμιλίαν
481 927 576 959 ἐλθὼν,
601 927 686 960 ἔγνων
706 927 748 952 ὄτι
762 927 878 960 γυναῖκα

91 974 234 1010 ἐχαρίσατό
250 982 292 1000 σοι
303 975 317 1000 6
331 973 396 1004 Θεὸς
410 973 447 1008 τῷ
465 973 522 1000 ὕντι
541 972 651 1007 βοηθόν·
679 972 710 999 οὐ
728 972 799 999 κατά
828 972 878 1007 τὴν

92 1022 172 1048 πάλαι
188 1021 362 1056 προμήτορα,
380 1020 490 1055 ἀπάτης
504 1019 588 1051 αἰτία,
603 1018 672 1045 ἀλλά
689 1027 722 1052 γε
740 1019 879 1054 σωτηρίας

92 1067 218 1097 ὑπόθεσις
233 1066 381 1101 γενηθεῖσά
407 1074 449 1092 σοι
473 1065 517 1092 διὰ
545 1065 647 1096 παντὸς
676 1064 723 1091 τοῦ
738 1064 807 1099 βίου.

128 1114 159 1140 Ὢ
180 1113 230 1147 τῆς
245 1112 407 1147 συμφορᾶςί
423 1111 509 1147 ᾤχετο
523 1111 722 1146 αὕτη-ἀπέπτη
737 1111 766 1142 ἐξ
778 1111 878 1144 ὀφθαλ-

92 1160 149 1195 μῶν
168 1159 246 1194 ὑμῶν
256 1167 262 1173 ·
275 1158 454 1192 ἐγκατέλιπεν
471 1158 543 1192 ὑμᾶς
557 1157 681 1193 ήμιθνεϊς
705 1156 878 1192 ἀπορραγέν-

90 1213 139 1236 tu;
150 1203 199 1238 τῆς
211 1203 296 1237 καλῆς
310 1203 455 1238 ὁμοζύγου.
473 1203 531 1230 Οὐκ
543 1202 639 1237 ἔχομεν
653 1201 802 1237 ὀφθαλμοῖς
812 1202 878 1236 ὁρᾷν

90 1251 121 1278 τὸ
135 1251 204 1286 ὑπὲρ
224 1251 315 1276 πᾶσαν
335 1249 470 1284 Θυμηδίαν
490 1249 684 1285 παραμύθιον·
719 1249 749 1275 οὐ
772 1249 821 1283 τὴν
848 1249 878 1274 ἐν

91 1298 196 1332 autem
215 1297 387 1332 παράκλησιν
400 1304 406 1311 ·
426 1296 456 1323 οὺ
471 1295 522 1330 τὴν
536 1297 565 1322 ἐν
579 1297 732 1331 συμφοραῖς
755 1304 878 1330 παρηγο-

92 1344 168 1379 ρίαν·
185 1343 216 1369 οὐ
233 1342 282 1377 τὴν
300 1343 328 1368 ἐν
341 1342 492 1373 ἔιπασιτοϊς
515 1342 701 1377 ὀφειλομένοις
724 1341 878 1376 ὑπόμνησιν

93 1390 142 1416 καὶ
157 1389 300 1424 συνεργὸν,
316 1388 362 1414 καὶ
377 1387 544 1422 σύμπραξιν.
564 1387 593 1414 ὐ
620 1387 695 1423 ἥλιος
713 1387 762 1422 τῆς
786 1387 878 1419 ἑστίας

92 1436 150 1462 ῑδυ·
167 1436 210 1466 τίς
226 1435 240 1461 ὁ
255 1434 437 1468 ὑπαντήσων;
453 1433 493 1464 τίς
506 1435 519 1459 ὁ
531 1433 728 1468 χα’ριούμενος;
742 1432 785 1464 τίς
800 1434 814 1459 6
825 1441 878 1459 πα-

93 1481 254 1518 ρακαλέσων
266 1489 273 1512 ;
289 1481 339 1516 ἤδη
353 1479 524 1514 ἐγενήθημεν
533 1480 570 1510 ὼς
582 1479 658 1514 μόλις
670 1479 877 1513 ἀποκειραμένη

927 239 971 266 sit.
989 239 1041 266 Sed
1053 247 1069 266 ο
1087 240 1191 267 tristem
1207 240 1331 266 nuntium
1348 240 1354 266 !
1368 239 1515 276 Dereliquit
1530 249 1581 269 nos
1601 242 1712 270 domina

927 286 1091 317 consulissa,
1109 290 1138 312 ut
1153 285 1223 312 fama
1237 291 1279 313 est
1295 296 1301 314 :
1315 286 1413 314 mulier
1428 287 1583 320 laudabilis,
1597 289 1669 316 sicut
1686 295 1711 317 et

925 331 959 357 ab
979 331 1040 358 aliis
1064 331 1229 364 audivimus,
1253 337 1280 359 et
1307 332 1357 366 ipsi
1387 333 1473 360 oculis
1506 335 1711 368 usurpavimus.

928 379 1047 405 Primum
1068 379 1189 412 quidem,
1213 378 1277 413 quia
1295 378 1345 404 viri
1370 386 1476 410 amans,
1492 379 1563 412 quod
1581 380 1614 406 ab
1638 380 1713 414 Apo-

928 425 998 452 stolo
1011 426 1033 443 "
1053 429 1180 460 tanquam
1193 425 1394 460 pulcherrimus
1405 427 1431 452 in
1443 426 1570 460 coniugio
1586 427 1714 461 designa-

928 474 994 498 tur:
1011 471 1147 505 prudens,
1165 471 1263 498 domus
1281 479 1373 498 curam
1401 471 1515 502 habens,
1532 473 1626 504 comis,
1646 473 1714 499 alfa-

929 516 999 549 bilis,
1016 516 1070 550 pia,
1090 524 1238 551 pauperum
1255 517 1371 543 amatrix
1386 525 1393 549 ;
1410 522 1446 547 et.
1470 517 1542 551 quod
1557 518 1647 552 majus
1662 524 1714 552 est,

926 563 1051 590 castitate
1071 562 1198 593 illustris.
1217 567 1243 589 et
1258 563 1408 589 orthodoxa
1431 563 1482 590 [ide
1498 568 1592 590 ornata
1608 572 1615 595 ς
1635 564 1714 598 cujus

926 609 1008 634 etiam
1026 607 1140 640 fructus,
1156 608 1242 639 liberi,
1257 612 1336 634 rectae
1350 607 1491 641 utriusque
1512 614 1630 635 vestrum
1653 609 1716 635 vitae

928 654 1009 681 tidem
1027 653 1143 681 faciunt.
1163 654 1267 681 Etenim
1284 654 1354 681 sicut
1366 655 1448 681 arbor
1459 662 1492 681 ex
1508 654 1596 681 fructu
1611 662 1715 689 cogno-

928 700 1017 727 scitur
1033 720 1040 731 .
1068 701 1109 728 sic
1124 708 1156 727 ex
1177 700 1270 728 liberis
1296 705 1433 734 parentes,
1462 701 1557 735 quales
1570 705 1597 727 et
1621 701 1716 735 quanti

929 746 994 774 sint.
1013 746 1080 773 Cum
1098 751 1188 773 autem
1211 747 1296 774 beatae
1313 747 1386 774 illitis
1402 755 1454 773 non
1473 755 1598 781 magnam
1611 747 1717 774 habue-

929 792 980 819 rim
996 792 1121 819 notitiam
1138 801 1145 824 ;
1161 791 1206 826 qui
1226 792 1327 826 possim
1344 799 1388 819 res
1403 792 1463 825 ejus
1484 792 1615 819 extollere
1627 792 1716 820 laudi-

929 837 1004 865 bus?
1024 837 1076 865 nisi
1106 838 1178 872 quod
1200 837 1242 864 bis
1267 842 1370 864 tantum
1395 837 1429 864 ab
1439 845 1470 863 ea
1498 842 1673 871 conspectus,
1691 842 1718 864 et

928 885 1091 916 collocutus,
1127 884 1306 911 animadverti
1336 891 1351 910 a
1379 884 1432 910 Deo
1456 883 1546 910 datam
1570 883 1617 910 tibi
1633 883 1720 910 fuisse

928 931 1073 966 conjugem
1086 930 1175 964 reipsa
1190 929 1363 964 adjutricem,
1378 937 1439 963 quae
1453 937 1518 960 non,
1532 933 1560 956 ut
1571 928 1615 955 illa
1627 935 1718 963 quon-

928 978 992 1004 dam
1014 977 1098 1011 prima
1122 983 1231 1010 parens,
1249 975 1417 1010 deceptionis
1441 982 1535 1005 causa,
1552 975 1599 1001 sed
1622 974 1718 1001 salutis

929 1023 979 1050 tibi
997 1030 1044 1058 per
1057 1027 1141 1050 totam
1156 1022 1237 1048 vitam
1254 1021 1364 1048 occasio
1391 1020 1484 1047 fuerit.

963 1110 985 1138 0
999 1110 1180 1138 calamitatem
1192 1110 1198 1136 l
1210 1109 1275 1136 abiit
1292 1109 1336 1136 illa
1347 1118 1353 1136 :
1364 1108 1451 1136 oculis
1470 1108 1569 1135 vestris
1581 1108 1695 1135 evolavit
1709 1116 1717 1134 :

928 1156 1038 1191 reliquit
1053 1164 1100 1184 vos
1111 1155 1315 1187 semimortuus,
1328 1155 1363 1182 ab
1382 1154 1489 1190 egregia
1503 1154 1621 1188 conjuge
1639 1154 1719 1180 abre-

928 1204 1067 1240 ptosJam
1089 1211 1143 1231 non
1157 1211 1303 1238 possumus
1323 1203 1410 1230 oculis
1430 1209 1544 1230 cernere
1561 1202 1626 1228 illud
1644 1202 1720 1230 omni

928 1251 1062 1278 suavitate
1080 1251 1168 1285 majus
1183 1250 1328 1282 solatium;
1341 1257 1395 1276 non
1407 1257 1466 1275 eam
1477 1256 1538 1283 quae
1549 1249 1575 1275 in
1591 1248 1721 1274 omnibus

928 1297 1056 1323 aerumnis
1069 1296 1249 1323 levamentum
1261 1299 1334 1328 erat;
1344 1303 1396 1322 non
1408 1302 1468 1322 eam
1482 1301 1543 1328 quae
1553 1295 1720 1321 calamitates

927 1341 1054 1373 leniebat,
1071 1346 1098 1367 et
1113 1348 1173 1374 qua:
1186 1340 1212 1366 in
1227 1340 1364 1371 omnibus.
1384 1339 1541 1372 ubicunque
1556 1346 1623 1373 opus
1639 1338 1719 1369 foret.

927 1387 1051 1419 consilio,
1071 1391 1098 1413 et
1111 1394 1204 1421 opera,
1216 1391 1242 1413 et
1258 1387 1335 1414 factis
1349 1385 1452 1413 auxilio
1466 1390 1534 1414 erat.
1551 1385 1596 1412 Sol
1613 1385 1722 1412 familia:

927 1433 1035 1460 occidit:
1042 1433 1103 1467 quis
1110 1432 1216 1459 obviam
1223 1431 1364 1458 occurret?
1373 1431 1435 1465 quis
1441 1429 1721 1466 gratiﬁcabitur?quis

928 1479 1092 1506 hortabitur?
1102 1478 1160 1506 Jam
1172 1478 1235 1506 facti
1245 1486 1338 1505 sumus
1348 1481 1378 1505 u‘t
1387 1478 1484 1504 civitas
1494 1480 1655 1504 ornamento
1670 1483 1721 1503 suo

90 1528 136 1554 τὸν
153 1526 255 1561 ἑαυτῆς
273 1525 375 1560 κόσμον
390 1534 396 1541 ·
418 1525 465 1557 Ὠς
484 1525 646 1558 στρουθίον
673 1524 801 1559 μονάζον
831 1525 878 1551 ἐπὶ

935 1526 1045 1560 spoliata
1070 1525 1167 1552 :Sicut
1179 1534 1271 1559 passer
1295 1525 1434 1552 solitarius
1457 1525 1485 1550 in
1497 1524 1606 1556 tecto“,
1621 1528 1721 1550 utcum

91 1571 213 1605 δώματι,
230 1571 383 1602 Δαυῖτικῶς
395 1571 492 1596 εἰπεῖν.
513 1563 793 1603 Τὶοὖν;λυπηοὧμ“εν
809 1569 880 1604 πέρα

90 1618 138 1645 τοῦ
155 1618 275 1654 μέτρου;
295 1618 342 1644 καὶ
350 1616 572 1652 περιὸαλούμεθα
586 1615 801 1651 ἀπαραμύθητον
816 1616 880 1642 πέν-

92 1663 151 1696 00;;
171 1663 304 1698 Οὐδαμῶς
315 1661 372 1695 οὖν,
387 1661 523 1696 οὐδαμῶς,
538 1658 561 1688 ὦ
573 1661 731 1696 τριπόθητε,
745 1662 804 1687 ἀλλ’
815 1661 884 1688 εἰδό-

91 1718 138 1742 τες
153 1710 195 1736 ὃτι
208 1710 222 1735 6
237 1709 300 1740 δοὺς
310 1710 376 1744 ἡμῖν
392 1707 476 1743 αὐτὴν
493 1707 559 1739 Θεὸς
574 1707 609 1734 τὰ
623 1707 720 1742 πρῶτα
734 1707 775 1738 είς
788 1715 884 1733 κοινω-

93 1755 153 1782 νίαν
170 1754 241 1790 βίου,
258 1754 339 1786 αὐτός
356 1755 428 1781 ἐστιν
443 1754 457 1780 6
477 1753 524 1780 νῦν
541 1752 786 1788 προσλαϐόμενος,,
804 1753 884 1779 ciam—

94 1810 146 1836 μεν
162 1800 334 1836 εὐχαρίστως
349 1800 380 1826 τὸ
397 1798 515 1834 συμὸὰν,
535 1798 701 1833 μιμούμενοι
726 1798 775 1834 τὴν
795 1807 885 1834 μακα-

93 1846 156 1881 ρίαν
172 1846 281 1880 ἐκείνην
295 1845 398 1879 φωνὴν,
414 1844 448 1880 ἧν
464 1846 568 1876 ἐκεῖνος
579 1844 629 1871 olm.
645 1844 690 1870 ἐπὶ
704 1845 825 1880 ἀποϐολῇ
836 1853 884 1878 γυ-

92 1891 200 1923 ναικὸς,
217 1890 274 1916 ἀλλ’
291 1891 338 1916 ἐπὶ
351 1892 430 1917 παισὶ
458 1891 524 1917 δέκα
547 1891 617 1925 ὁμοῦ
647 1890 802 1925 τεθνηκόσι.
837 1892 885 1918 σὺν

91 1938 154 1968 ταῖς
165 1935 345 1972 προτεραίαις
358 1935 412 1961 τῶν
430 1936 507 1966 ἐκτὸς
516 1935 625 1962 πάντων
639 1936 802 1970 ἁφαιρέσεσι
814 1945 820 1951 ·
838 1935 886 1962 καὶ

92 1983 163 2017 αὐτῇ
179 1983 214 2017 τῇ
232 1980 365 2016 ὑστεραίᾳ
379 1980 469 2015 πληγῇ
484 1979 530 2006 τοῦ
549 1981 691 2015 σώματος·
710 1981 756 2007 ἐπὶ
771 1980 887 2015 κοπρίας

93 2029 107 2054 6
124 2028 192 2062 πρὶν
207 2026 336 2062 βασιλεὺς
352 2026 519 2061 καθήμενος,
539 2026 586 2053 καὶ
604 2026 670 2058 ξέων
696 2027 757 2058 τοὺς
786 2027 887 2062 ἰχῶρας

92 2073 148 2100 τῶν
164 2073 264 2100 ἑαυτοῦ
275 2072 385 2107 σαρκῶν
403 2072 512 2106 βὼλαξι,
529 2072 593 2098 τάδε
611 2072 694 2107 φησίν
706 2081 713 2088 ·
737 2073 768 2099 '0
780 2073 888 2106 Κύριος

93 2121 222 2152 ἔδωκεν,
234 2121 250 2146 ὀ
265 2119 372 2153 Κύριος
385 2119 524 2153 ἀφείλετο
535 2126 542 2132 ·
554 2119 594 2151 ὡς
604 2117 644 2151 τῷ
657 2119 756 2153 Κυρίῳ
770 2118 886 2152 ἔδοξεν,

92 2168 193 2200 οὕτως
211 2165 264 2192 καὶ
275 2165 406 2200 ἐγένετο.

136 2256 204 2283 Ἔάν
214 2253 262 2282 οὖν
275 2255 373 2288 ταῦτα,
388 2251 410 2281 ὦ
428 2254 549 2290 φιλότης,
569 2255 611 2290 ἐφ’
625 2255 735 2287 ἑαυτοῖς
751 2255 798 2282 καὶ
829 2256 887 2282 δια-

94 2301 212 2337 Θώμεθα
238 2301 286 2327 καὶ
306 2300 497 2335 φθεγξώμεθα,
529 2300 560 2327 οὐ
591 2300 699 2335 μακρὰν
727 2302 823 2336 εἴημεν
837 2302 888 2337 τῆς

95 2348 209 2383 μερίδος
227 2347 339 2373 ἐκείνων
357 2354 363 2361 ·
383 2347 451 2373 ἀλλὰ
478 2346 532 2381 γὰρ
558 2347 605 2373 καὶ
623 2348 656 2382 τῇ
684 2349 806 2382 μακαρίᾳ
817 2348 888 2374 ἐκει-

93 2402 131 2430 νῃ
159 2394 242 2420 τοῦτο
272 2393 354 2419 καλὸν
383 2393 527 2427 ἐπιτάφιον
564 2393 762 2428 ποιησαίμεθα·
794 2396 894 2429 αὐτούς

92 2447 126 2466 τε
142 2440 210 2470 τοὺς
227 2439 259 2465 ἐκ
272 2438 340 2465 Θεοῦ
355 2438 482 2470 δοθέντας
494 2439 562 2474 ἡμῖν
573 2438 689 2470 κλάδους
716 2439 895 2468 ὑποτυπωσό-

97 2486 174 2518 μεθα
187 2485 221 2512 δι’
242 2485 350 2511 ἑαυτῶν
362 2486 402 2516 είς
420 2486 513 2511 εἰκόνα.
526 2484 690 2520 θεοτερποῦς
704 2485 838 2520 βιώσεως·
849 2489 896 2515 καὶ

95 2531 194 2559 πάντα
221 2532 286 2566 ὑμῖν
307 2531 432 2558 ἐντεῦθεν
448 2533 488 2562 εἰς
501 2531 584 2558 καλὸν
599 2532 762 2567 ἀπαντήσοι.
783 2534 816 2559 ’Δ
842 2535 896 2569 γὰρ

94 2579 110 2603 6
127 2577 200 2609 Θεὸς
228 2578 242 2604 6
255 2578 364 2610 αἰώνιος
377 2578 391 2604 6
408 2579 462 2604 τῶν
475 2578 604 2604 ἁπάντων
618 2579 757 2614 Δεσπότης
772 2579 856 2606 ποιῶν
867 2581 895 2606 ὲν

93 2625 169 2658 ἡμῖν
188 2622 294 2658 εὕροιεν
309 2623 431 2658 εὐμενῶς
446 2623 606 2658 δεχομένους
618 2632 624 2638 ·
645 2624 704 2655 πῶς
724 2626 774 2650 οὑκ
788 2625 820 2652 ἂν
847 2626 895 2652 καὶ

95 2670 133 2696 τὰ
149 2669 279 2704 παρόντα
293 2669 360 2704 ἡμῖν
375 2668 404 2696 εὖ
425 2669 561 2704 διάθηται,
582 2671 615 2705 τῇ
644 2671 816 2706 παρακλήσει
847 2672 894 2698 τοῦ

96 2716 185 2750 ἁγίου
208 2716 290 2743 αὑτοῦ
309 2716 464 2751 Ιινεύματος
478 2725 484 2731 ·
502 2717 549 2743 καὶ
576 2717 609 2743 τὰ
627 2717 755 2751 μέλλοντα
782 2718 893 2753 ἑτοιμά-

98 2769 179 2788 σειεν
196 2761 406 2796 ἁπολαυστήρια
419 2762 448 2787 ὲν
465 2761 560 2788 αἰῶσιν
576 2763 821 2797 ἁπείροις;Ταῦτα
838 2763 893 2797 ἐγὼ

137 2852 163 2868 ¹⁹
181 2851 237 2879 Tit.
257 2859 284 2881 ιι,
300 2856 326 2876 σί.

367 2851 389 2866 ¹¹⁰
407 2850 478 2878 Psal.
498 2859 533 2883 ct,
557 2851 590 2878 5.
623 2852 643 2867 ’”
664 2851 715 2879 Job
739 2860 757 2883 ι,
774 2852 818 2878 ﬁll.

932 1572 1032 1599 Davide
1047 1572 1201 1606 loquamur.
1221 1571 1290 1604 Quid
1307 1571 1436 1605 ergo?an
1454 1570 1623 1597 tristahimur
1635 1569 1721 1597 ultra-

932 1617 1058 1650 modnm‘,
1074 1623 1100 1646 et
1112 1626 1230 1646 maerore
1248 1617 1436 1644 inconsolabili
1458 1616 1632 1643 conﬁciemur
1643 1615 1654 1642 ?
1664 1615 1720 1642 Ne-

932 1672 1067 1699 quaquam
1080 1664 1183 1698 utique,
1195 1671 1377 1698 nequaquam,
1387 1670 1404 1689 o
1415 1661 1645 1689 desideratissime
1654 1669 1662 1693 ;
1672 1660 1720 1688 sed

933 1711 1051 1737 scientes
1068 1709 1163 1743 Deum,
1178 1710 1224 1743 qni
1242 1709 1312 1735 hanc
1337 1708 1411 1743 prius
1430 1708 1462 1734 ad
1481 1708 1542 1733 vitae
1559 1707 1719 1733 societatem

935 1756 1014 1783 nobis
1029 1756 1151 1787 dederat,
1168 1755 1257 1790 ipsum
1269 1762 1330 1782 esse
1344 1753 1390 1788 qui
1407 1754 1477 1780 hanc
1494 1760 1566 1779 nunc
1586 1751 1719 1784 abstulit;

935 1809 997 1829 cum
1012 1801 1162 1835 gratiarum
1177 1801 1287 1828 actione
1301 1807 1396 1826 casum
1412 1799 1485 1826 hunc
1500 1798 1632 1830 feramus,
1647 1797 1720 1824 cele-

936 1847 1084 1875 berrimum
1106 1846 1157 1874 Job
1173 1847 1321 1878 imitantes,
1337 1845 1499 1879 beatamque
1517 1843 1589 1870 illam
1607 1843 1667 1876 ejus
1678 1849 1722 1869 vo-

936 1901 995 1921 ccm
1012 1898 1188 1928 usurpantes,
1205 1899 1288 1927 quam
1318 1891 1372 1923 ille,
1395 1898 1449 1917 non
1467 1889 1583 1924 conjuge
1609 1889 1721 1921 amissa,

936 1939 983 1967 sed
997 1947 1059 1966 cum
1075 1939 1168 1966 decem
1183 1938 1230 1965 filii
1242 1945 1274 1964 ac
1286 1937 1348 1965 filim
1373 1937 1454 1964 simul
1468 1936 1637 1963 interiisseut
1650 1955 1656 1967 ,
1676 1942 1723 1961 or-

938 1986 1071 2020 batusque
1087 1990 1165 2012 antea
1182 1984 1260 2011 bonis
1276 1983 1405 2010 omnibus
1421 1981 1543 2009 externis
1562 1976 1678 2013 ‘fuisset,
1691 1987 1724 2008 ac

938 2031 1087 2059 novissime
1115 2030 1239 2064 corporis
1257 2029 1335 2063 plaga
1373 2035 1531 2063 oppressus,
1550 2027 1577 2054 in
1603 2026 1723 2060 sterqui-

939 2077 1015 2109 linio,
1038 2077 1084 2111 qui
1101 2083 1149 2103 rex
1170 2081 1232 2102 ante
1248 2074 1348 2106 fuerat,
1378 2074 1491 2109 iaceret,
1509 2073 1669 2107 saniemque
1690 2079 1724 2098 ex

938 2122 1076 2150 ulceribus
1104 2122 1162 2149 suis
1187 2125 1342 2148 manantem
1369 2124 1436 2146 testa
1450 2119 1570 2150 raderet,
1590 2117 1723 2152 protulit:

942 2169 1070 2196 Dominus
1080 2169 1162 2199 dedit,
1176 2167 1304 2194 Dominus
1317 2166 1425 2193 abstulit
1441 2166 1530 2193 :sicut
1545 2165 1656 2192 Domino
1667 2164 1725 2199 pla-

902 2204 925 2232 D
939 2215 1003 2244 cuit,
1017 2215 1054 2240 ita
1071 2214 1170 2248 factum
1183 2218 1220 2239 est
1236 2212 1270 2239 ⁸¹.

978 2259 1006 2286 Si
1021 2267 1085 2294 ergo
1104 2259 1161 2286 haec
1185 2259 1255 2293 apud
1280 2265 1342 2291 nos,
1358 2265 1375 2284 ο
1388 2257 1484 2291 amice,
1500 2256 1728 2284 constituerimus

941 2311 968 2334 et
982 2306 1152 2338 dixerimus;
1171 2306 1206 2332 ab
1231 2305 1339 2332 illorum
1357 2309 1431 2332 sorte
1453 2312 1507 2331 non
1526 2303 1620 2338 procul
1637 2303 1727 2330 aberi-

942 2361 1004 2380 mus
1019 2361 1026 2385 ;
1043 2352 1090 2380 sed
1116 2357 1143 2379 et
1164 2352 1249 2379 beata:
1266 2351 1304 2378 illi
1322 2351 1465 2385 pulchrum
1492 2351 1544 2377 hoc
1557 2349 1726 2384 epitaphium

943 2399 1142 2426 corifccerimus
1158 2399 1304 2433 ;ipsosque
1317 2406 1332 2425 a
1348 2397 1404 2424 Deo
1418 2397 1498 2425 datos
1510 2396 1589 2423 nobis
1602 2396 1727 2423 surculos

943 2445 1152 2472 informabimus
1167 2452 1215 2479 per
1231 2451 1280 2471 nos
1302 2443 1375 2478 ipsos
1389 2443 1422 2470 ad
1446 2442 1591 2477 imaginem
1610 2441 1665 2468 Deo
1679 2448 1727 2467 ac-

944 2496 1029 2526 ceptae
1040 2492 1102 2518 vitae
1118 2500 1124 2517 :
1139 2495 1166 2517 et
1181 2490 1274 2516 omnia
1291 2489 1354 2516 inde
1371 2489 1448 2515 vobis
1471 2494 1601 2522 prospere
1631 2494 1729 2514 succe—

944 2537 1018 2564 dent.
1037 2536 1065 2563 Si
1089 2536 1162 2563 enim
1186 2535 1256 2563 Deus
1282 2539 1412 2564 aeternus.
1435 2533 1557 2561 onmium
1585 2533 1727 2564 Dominus,

946 2589 1007 2616 qum
1022 2581 1100 2608 nobis
1113 2581 1219 2614 fecerit,
1232 2589 1264 2608 ea
1277 2581 1391 2608 libenter
1415 2583 1587 2613 acceptantes
1606 2579 1704 2607 viderit
1719 2600 1727 2612 ,

946 2627 1084 2662 quomodo
1109 2635 1162 2654 non
1190 2633 1217 2654 et
1243 2628 1386 2662 praesentia
1404 2627 1483 2654 nobis
1500 2630 1571 2654 recte
1587 2625 1729 2660 dispertict

946 2673 1100 2700 interventu
1115 2673 1200 2700 sancti
1216 2673 1302 2708 ipsius
1320 2671 1447 2707 Spiritus,
1460 2677 1486 2699 et
1501 2671 1606 2699 futuras
1622 2672 1730 2706 parabit

945 2718 1054 2746 delicias
1077 2719 1104 2746 in
1127 2719 1235 2746 saeculis
1263 2719 1446 2747 iutermiuatis
1470 2719 1481 2745 ?
1507 2718 1569 2746 llwc
1597 2725 1658 2753 ego,
1678 2716 1730 2744 etsi

945 2772 1039 2799 pauca,
1055 2769 1144 2793 tamen
1161 2770 1189 2793 ut
1206 2770 1267 2793 tuus
1279 2765 1306 2793 in
1320 2766 1462 2800 charitate,
1476 2770 1502 2793 ct
1513 2765 1611 2800 scripsi
1623 2784 1629 2796 ,
1642 2768 1669 2792 cl
1680 2763 1731 2792 ad-
