1912 3080
186 163 253 195 2467

781 160 812 190 S.
831 157 1032 189 THEODORI
1043 156 1218 188 STUDITXE

1745 142 1819 174 1468

185 221 308 246 hortatus
323 225 395 245 sum.
410 216 450 244 Tu
464 224 540 250 vero,
556 215 681 248 Domine,
697 215 771 249 ipsos
787 213 888 240 liberos
910 217 989 252 tuos‘

1049 212 1075 238 ὲν
1090 212 1115 237 εί
1135 211 1181 237 καὶ
1197 207 1311 245 βραχέα,
1328 206 1405 240 ὅμως
1427 202 1466 234 ὡς
1480 201 1526 232 σὸς
1541 198 1743 252 ἐνααγάξῃμκαὶ
1772 197 1823 232 γέ-

182 263 330 299 praclaros
346 263 437 291 verbis
460 262 561 290 nostris
576 261 698 290 salutare
714 267 748 287 ne
763 259 898 295 graveris.

361 411 452 438 CL.—
459 410 640 445 Euphrosynm
659 407 816 442 prwpasilar.

1025 243 1120 293 γραφα
1157 243 1423 290 καί-παρεκάλεσα.
1457 248 1544 278 Αὐτὸς
1571 246 1611 279 δὲ,
1635 243 1658 272 ὧ
1675 245 1820 275 δέσποτα,

1027 290 1099 329 ἀὺτὰ
1129 301 1164 329 τὰ
1189 300 1269 336 τίμιά
1294 307 1342 326 σου
1353 297 1438 323 τέκνα
1461 293 1624 330 προσειπεῖν
1650 291 1716 326 περὶ
1739 290 1823 325 ἡμῶν

1028 348 1156 381 ἀξίωσον.

1101 405 1154 432 ΡΝ¹
1171 403 1238 440 (41),
1250 418 1286 425 --
1297 401 1479 437 Εὐφροσύνῃ
1489 397 1655 435 ἡγουμένῃ.
1675 393 1767 431 [ψλε¹.]

526 468 559 493 Ut
568 466 791 493 sanctimonialium
806 465 978 497 praefecturam
993 471 1041 496 qua
1051 471 1095 496 par
1111 467 1151 490 est
1160 462 1291 495 diligentia
1303 461 1472 487 administret.

221 524 300 558 Quod
317 532 391 552 curae
409 523 489 551 nobis
511 523 546 550 sit
569 522 721 550 reverentia
747 526 803 554 tua,
832 521 910 548 testis
935 526 978 548 cst

188 576 283 599 nostra
306 571 362 598 haec
377 570 467 598 tenuis
491 569 619 604 epistola.
637 568 705 595 Cum
736 568 808 595 enim
823 567 909 595 beatae
938 567 977 594 illi

187 621 344 651 sanctchue
359 615 438 643 matri
453 614 564 650 polliciti
580 615 668 642 simus
679 613 769 641 verbis
785 613 899 644 nostris,
919 612 978 639 fore

191 668 222 690 ut
238 663 398 698 dignitatem
422 666 508 692 tuam,
522 660 613 695 quoad
628 659 685 686 fieri
701 663 802 693 posset,
820 657 976 685 fovercmus

190 709 342 740 visitaudo,
368 709 425 736 sive
443 707 562 742 longius,
577 706 634 734 sive
655 706 768 741 propius
793 706 953 732 abessemus
969 713 977 737 ;

191 755 285 783 fallere
300 753 376 781 nefas
394 753 485 780 fuerit.
500 751 533 779 Et
555 759 629 783 vero,
647 751 755 778 etiamsi
772 751 841 778 ratio
863 758 913 777 nos
935 750 980 777 illa

191 809 250 830 non
271 805 403 831 moveret,
419 799 476 833 ipsa
492 804 536 825 tua
551 797 584 825 de
607 797 686 824 nobis
706 796 854 824 humilibus
871 795 980 828 fiducia,

193 853 296 881 tuaque
312 853 375 881 erga
388 853 439 872 nos
456 845 552 872 merita
564 843 770 879 persuaderent,
788 846 817 869 ut
828 842 875 870 tibi
888 849 982 869 curam

192 900 241 929 per
254 893 358 920 litteras
372 891 601 926 impenderemus.
613 889 694 917 Salve
703 889 796 923 igitur,
805 889 905 916 femina
917 888 984 915 mihi

194 938 417 970 honoratisﬂma,
435 942 462 964 ct
476 943 600 971 gregem,
617 943 696 970 quem
715 935 762 962 tibi
777 938 871 962 sancta
886 938 983 966 mater,

194 984 342 1019 autpotius
359 983 430 1010 Deus
447 991 495 1017 per
511 983 583 1009 illam
593 981 742 1013 commisit,
752 989 815 1016 rege
829 987 985 1015 congruen-

196 1035 236 1058 ter
266 1031 320 1057 [lco
345 1037 376 1057 ac
397 1029 522 1057 sollicite.
545 1028 619 1056 Scito
636 1029 785 1055 maximum
801 1035 863 1056 esse
885 1034 984 1054 munus

197 1076 368 1111 przefccturaa
391 1083 473 1110 quam
505 1074 659 1109 suscepisti.
688 1074 812 1109 Agnosce
831 1073 985 1100 animarum

196 1129 258 1156 quae
270 1121 321 1148 sub
335 1128 416 1148 manu
432 1124 477 1147 tua
486 1119 752 1147 suntconditionem.
768 1118 986 1153 Receptaculum

197 1168 297 1202 quippe
312 1171 353 1194 est
373 1173 535 1200 sponsarum
556 1164 639 1200 Regis
663 1165 807 1196 caelorum,
822 1164 908 1192 solius
923 1171 986 1198 spe-

198 1214 266 1242 ciosi
277 1219 304 1241 et
317 1212 479 1240 immortalis
491 1212 590 1247 Sponsi
603 1211 704 1239 Christi
722 1221 728 1238 :
743 1211 789 1246 qui
805 1218 861 1237 non
876 1210 986 1238 unicam

200 1260 248 1286 tibi
265 1266 391 1294 sponsam
418 1257 542 1290 credidit,
560 1257 585 1284 in
607 1257 678 1284 diem
696 1256 915 1292 desponsationis
931 1263 988 1283 suae

200 1314 247 1342 per
261 1304 480 1340 conjunctionem
505 1304 532 1330 in
559 1303 663 1338 Spiritui
685 1306 803 1335 sancto;
823 1302 869 1329 scd
884 1305 924 1328 tot
936 1309 988 1328 nu-

200 1359 276 1379 mero
293 1355 359 1385 quot
377 1350 460 1377 habes
477 1357 559 1377 :cum
579 1353 608 1376 tu
623 1349 692 1383 ipsa,
712 1348 800 1382 prima
819 1347 857 1375 sis
873 1354 986 1381 sponsa.

200 1396 356 1432 Despondet
365 1396 436 1423 enim
450 1394 529 1422 Jesus
543 1395 624 1422 etiam
638 1401 698 1428 qua:
713 1393 785 1421 sicut
801 1398 828 1420 tu
841 1392 875 1420 de
885 1392 987 1420 saeculo

201 1447 356 1475 venerunt;
379 1447 509 1476 tanquam
535 1440 683 1467 multarum
711 1443 792 1474 atque
817 1438 988 1465 infinitarum

207 1487 343 1522 Sponsus,
362 1493 513 1520 omnesque
539 1489 596 1512 tum
613 1484 734 1511 virorum
761 1487 818 1510 tum
842 1483 988 1510 mulierum

202 1533 309 1561 animas
336 1532 457 1567 copulari
484 1531 537 1559 sibi
566 1530 744 1558 desiderans:
771 1529 805 1557 ad
821 1529 989 1564 implendum

203 1587 354 1614 supernum
372 1578 510 1611 conclave,
530 1577 557 1604 in
577 1584 632 1612 quo
662 1576 752 1603 multae
770 1575 925 1603 mansiones
944 1582 991 1602 ve-

203 1627 245 1654 lut
264 1625 374 1653 thalami
391 1625 501 1660 quidam
514 1631 529 1651 a
547 1624 626 1651 Patre
641 1622 727 1657 parati
745 1622 902 1655 animabus,
930 1629 992 1656 quae

204 1673 293 1708 dignae
307 1672 405 1699 habitae
433 1670 534 1699 fuerint
559 1677 606 1704 per
636 1669 719 1696 vitam
735 1676 829 1703 puram
845 1688 852 1699 ,
869 1672 896 1694 et
911 1667 991 1694 fidem

205 1718 352 1750 sinceram,
368 1721 408 1749 ut,
432 1723 494 1744 cum
511 1720 617 1750 tempus
629 1715 759 1743 adventus
776 1713 875 1749 Sponsi
892 1713 991 1746 aderit,

205 1769 267 1801 post
282 1764 357 1791 illum
372 1768 505 1794 currant,
519 1766 546 1789 et
569 1761 651 1789 simul
679 1761 780 1788 intrent
803 1760 831 1787 in
851 1759 992 1790 conclave.

206 1812 355 1846 laetitiaque
368 1810 413 1837 illa
427 1814 527 1837 aeterna
538 1807 711 1844 perfruantur
724 1807 752 1835 in
763 1806 863 1835 saecula
877 1804 993 1833 saeculo-

206 1859 307 1886 lorum.

242 1954 313 1987 Ecce
326 1954 542 1982 demonstratum
564 1953 610 1981 tibi
628 1957 669 1980 est
691 1951 872 1979 ministerium
888 1950 960 1986 quod
977 1958 993 1978 a

209 1999 324 2037 Domino
347 1997 475 2033 accepisti
489 2018 496 2030 ,
513 2003 540 2025 et
566 2005 706 2033 magnum,
725 2001 752 2024 et
769 1996 854 2024 multa
869 1995 897 2023 in
918 1995 994 2023 caelis

209 2045 334 2073 mercede
363 2044 594 2079 compensandum
613 2053 620 2078 ;
636 2048 666 2071 ut
688 2051 743 2070 non
769 2048 795 2070 te
820 2043 918 2075 solam,
947 2042 995 2070 sed

209 2092 309 2120 multas
327 2096 429 2119 aeterno
451 2091 557 2126 Sponso
583 2098 698 2125 sponsas
719 2090 837 2117 adducas
852 2098 860 2123 ;
876 2097 923 2122 pro
933 2089 995 2124 qui-

210 2139 261 2166 bus
275 2142 377 2172 quanta
402 2142 430 2165 et
443 2137 532 2172 qualis
550 2136 717 2164 retributio?
735 2135 886 2163 Collocabit
911 2140 937 2162 te
953 2135 996 2162 in-

1067 521 1128 547 '01:t
1146 520 1223 555 μέλει
1237 519 1303 555 ήμῖν
1317 516 1383 552 περὶ
1395 516 1446 552 τῆς
1459 511 1620 549 τιμιότητός
1632 519 1692 542 σου,
1714 508 1825 555 μαρτύ-

1032 565 1127 602 ριοντδ
1140 554 1203 601 τῇδε
1219 554 1298 600 ἡμῶν
1312 561 1442 590 ταπεινὸν
1468 559 1595 596 γράμμα.
1621 556 1689 584 Οὐδὲ
1715 555 1771 602 γὰρ
1795 554 1827 580 ὃν

1029 600 1107 646 λόγον
1121 600 1296 645 ὑπεσχόμεθα
1318 610 1352 644 τῇ
1372 606 1498 644 μακαρίᾳ
1513 604 1607 638 ἐκείνῃ
1623 602 1670 630 καὶ
1686 600 1753 636 ἁγίᾳ
1769 608 1827 635 μη-

1031 658 1086 694 τρὶ,
1102 658 1148 684 ἐπὶ
1171 657 1201 684 τὺ
1218 655 1360 691 περιέπειν
1376 654 1451 689 ἡμᾶς
1466 651 1516 688 τὴν
1532 647 1753 694 σεμνοπρέπειαν
1776 654 1827 694 σου

1032 692 1060 733 ὲν
1075 707 1108 741 τῇ
1120 704 1164 731 διὰ
1179 704 1261 738 λόγου
1276 701 1434 736 ἐπισκέψει,
1450 699 1512 726 καθ’
1526 699 1588 725 ὅσον
1599 693 1655 723 οἷόν
1665 704 1705 727 τε,
1721 692 1829 741 μακρό-

1033 751 1110 787 θενῆ
1129 750 1245 785 ἐγγύθεν
1259 749 1350 782 ὄντας,
1382 748 1455 775 ὅσιον
1487 742 1696 780 διαψεύσασθαι.
1728 740 1830 787 καίτοι

1034 806 1067 831 γε
1082 785 1110 823 εί
1123 796 1170 823 καὶ
1186 797 1224 831 μὴ
1250 794 1357 821 ἐκεῖθεν
1374 794 1485 828 εἴχομεν
1498 791 1544 818 τδν
1556 790 1646 824 λόγον,
1658 787 1711 820 κάξ
1741 785 1829 820 αὐτῆς

999 831 1020 859 Β
1035 852 1082 870 σου
1101 843 1185 878 μόνης
1198 842 1248 877 τῆς
1259 841 1324 876 περὶ
1340 840 1414 876 ἡμᾶς
1422 839 1486 871 τοὺς
1500 836 1623 868 εὐτελεῖς
1636 831 1830 878 πεποιθήσεώς

1034 897 1064 916 τε
1078 876 1126 916 καὶ
1141 876 1344 923 περιποιήσεως
1359 883 1525 919 ἐπειθόμεθα
1545 882 1579 910 ἂν
1592 880 1637 908 διὰ
1658 878 1707 906 τοῦ
1735 876 1831 923 γράμῖ

1037 942 1123 970 ματος
1139 918 1296 969 προσοίσειν
1311 918 1483 966 ἐπιμέλειαν.
1503 928 1625 963 Ὑγίαινε
1638 923 1769 959 τοιγαροῦ
1777 918 1831 970 Ινῷ

1035 968 1188 1017 τιμιωτάτη
1214 988 1272 1014 μοι,
1288 978 1335 1005 καὶ¹
1352 977 1429 1011 ἄγοιο
1442 976 1473 1003 τὸ
1495 974 1633 1009 ποίμνιον,
1661 972 1675 998 ὃ
1695 968 1832 1017 παρέθετό

1037 1036 1079 1054 σοι
1095 1028 1112 1063 ἡ
1130 1026 1196 1061 ἁγία
1210 1025 1317 1061 ἀμμὰς,
1337 1024 1437 1060 μᾶλλον
1455 1022 1484 1049 δὲ
1498 1021 1531 1048 δι’
1547 1020 1632 1055 αὐτῆς
1643 1019 1657 1045 ὁ
1680 1017 1747 1048 Θεὸς
1769 1016 1832 1042 θεο-

1036 1073 1150 1110 πρεπῶς
1163 1072 1212 1099 καὶ
1225 1070 1373 1106 ἐπιμελῶς.
1389 1068 1460 1095 Ἴσθι
1473 1067 1511 1099 ὼς
1522 1066 1652 1102 μέγιστον
1659 1064 1690 1090 τὸ
1700 1063 1750 1110 τῆς
1761 1069 1834 1096 προ-

1037 1109 1153 1152 στασίας
1173 1127 1222 1146 σου
1238 1118 1402 1153 ἐγχείρημα.
1423 1113 1575 1142 Γνῶθιτῶν
1590 1112 1643 1138 ὑπὸ
1671 1109 1754 1146 χεῖρά
1782 1116 1832 1135 σου

1036 1167 1131 1203 ψυχῶν
1146 1166 1177 1192 τὸ
1196 1165 1330 1200 θεώρημα
1342 1171 1348 1178 ·
1371 1163 1412 1189 ὅτι
1424 1157 1700 1197 νυμφοφυλακτήριόν
1715 1156 1773 1182 ἐστι
1783 1153 1833 1203 τοῦ

1039 1201 1173 1250 βασιλέως
1191 1211 1246 1238 τῶν
1264 1203 1400 1245 οὐρανῶν,
1415 1208 1462 1234 τοῦ
1483 1206 1566 1242 μόνου
1580 1203 1684 1240 ὡραίου
1702 1202 1751 1229 καὶ
1778 1201 1833 1235 ἁφ-

1038 1261 1138 1297 Θάρτου
1153 1258 1280 1294 Νυμφίου
1296 1255 1428 1291 Χριστοῦ.
1448 1255 1497 1286 Ὃς
1508 1254 1537 1280 οὐ
1555 1252 1620 1288 μίαν
1647 1250 1767 1297 νύμφην-
1791 1256 1834 1297 σοι

1038 1295 1175 1342 παρέθετο
1189 1306 1229 1337 είς
1245 1304 1353 1341 ἡμέραν
1367 1301 1547 1338 νυμφεύσεως
1561 1297 1656 1329 αὑτοῦ,
1679 1296 1723 1323 διὰ
1737 1295 1789 1329 τῆς
1803 1295 1834 1320 ὲν

1037 1354 1108 1388 ἁγιῳ
1124 1351 1264 1387 Πνεύματι
1281 1349 1430 1384 συναφείας
1442 1355 1449 1362 °
1467 1346 1536 1374 ἀλλὰ
1557 1343 1692 1374 τοσαύτας
1706 1342 1772 1372 ὅσας
1799 1348 1834 1374 γε

1038 1387 1172 1436 καὶγεχοις
1182 1407 1189 1414 ·
1215 1398 1261 1425 σοῦ
1276 1406 1307 1425 τε
1322 1395 1410 1431 αὐτῆς
1423 1393 1625 1428 πρωτονύμφου
1632 1387 1832 1436 τυγχανούσης.

1039 1433 1219 1482 Νυμςρεύεται
1234 1444 1290 1480 γὰρ
1310 1442 1414 1479 Ἰησοῦς
1431 1440 1479 1468 καὶ
1507 1439 1557 1469 τὰς
1580 1437 1618 1469 ὡς
1646 1436 1677 1463 σὺ
1703 1435 1747 1462 διὰ
1775 1433 1834 1482 βίου

1002 1502 1024 1530 c
1040 1479 1212 1529 ἐληλυθυίας,
1226 1491 1264 1523 ὡς
1275 1479 1459 1524 γπολύνυμφος
1474 1487 1522 1514 καὶ¹
1549 1483 1765 1530 ἀπειρόνυμφος,
1786 1479 1835 1530 καὶ

1042 1525 1132 1571 πάσας
1144 1538 1234 1573 ψυχὰς
1248 1535 1354 1571 ἀνδρῶν
1370 1543 1400 1561 τε
1415 1530 1616 1567 καὶγυναικῶν
1643 1528 1712 1563 ἐρῶν
1746 1525 1835 1573 ἅρμόὶ

1043 1567 1205 1617 ζεσθιίιίεξ
1219 1567 1249 1609 τὺ
1265 1567 1414 1616 πληρῶσαι
1431 1579 1478 1606 τὸν
1505 1578 1563 1605 ἄνω
1591 1574 1724 1610 νυμφῶνα
1736 1582 1743 1588 ·
1759 1573 1788 1598 ἐν
1812 1567 1835 1606 ᾧ

1043 1630 1140 1658 πολλαὶ
1165 1630 1193 1656 αἱ
1209 1629 1291 1665 μοναὶ
1304 1625 1349 1655 οἷά
1368 1635 1440 1657 τινες
1456 1625 1575 1659 θάλαμοι
1588 1621 1663 1657 παρὰ
1674 1620 1720 1646 τοῦ
1727 1618 1835 1665 Πατρδς

1043 1674 1251 1711 ἡτοιμάσθησαν
1263 1675 1324 1704 ταῖς
1336 1670 1572 1707 ἁξιωθησομέναις
1586 1667 1699 1703 ψυχαῖς,
1715 1666 1760 1692 διὰ.
1775 1664 1834 1700 βίου

1044 1720 1165 1757 καθαροῦ
1181 1721 1230 1748 καὶ
1243 1719 1366 1750 πίστεως
1382 1715 1547 1753 εἰλικρινοῦς
1562 1724 1570 1730 ·
1585 1713 1669 1750 ἡνίκα
1694 1712 1793 1745 φθάσει
1820 1711 1836 1737 ὁ

1044 1767 1139 1804 καιρὸς
1152 1767 1201 1802 τῆς
1214 1765 1412 1800 ἀποκαλύψεως
1425 1763 1471 1790 τοῦ
1488 1761 1630 1797 Νυμφίου,
1647 1760 1736 1786 ὀπίσω
1750 1757 1835 1785 αὑτοῦ

1044 1813 1161 1850 δραμεῖν
1180 1813 1228 1839 καὶ
1244 1810 1427 1839 συνεισελθεῖν
1443 1810 1472 1836 ὲν
1489 1808 1529 1844 τῷ
1543 1806 1681 1842 νυμφῶνι,
1717 1804 1766 1832 καὶ
1784 1804 1836 1839 τῆς

1044 1849 1197 1898 ἀπεράντου
1212 1861 1300 1897 χαρᾶς
1313 1858 1421 1894 ἐκείνης
1435 1856 1590 1885 ἀπολαῦσαι
1605 1855 1644 1886 εις
1653 1853 1755 1884 αἰῶνας
1769 1849 1836 1878 αἰώ-

1045 1917 1109 1936 νων.

1087 1954 1154 1982 Ἰδοὺ
1168 1952 1356 1981 ὑποδέδεικταί
1370 1951 1446 1987 σουὴ
1475 1949 1596 1977 διακονία
1618 1948 1652 1983 ἦν
1680 1945 1836 1981 παρέλαϐες

1047 2001 1123 2036 παρὰ
1138 2000 1253 2035 Κυρίου,
1273 1998 1380 2034 μεγάλη
1392 2006 1433 2028 τε.
1450 1997 1497 2023 καὶ
1513 1994 1619 2022 πολλῶν
1632 1992 1764 2028 ἀμοιῦαία
1788 2000 1834 2025 μι-

1048 2047 1119 2074 σθῶν
1135 2045 1269 2081 οὐρανίων
1282 2053 1289 2059 ·
1301 2045 1338 2076 ὡς
1357 2043 1394 2079 μὴ
1411 2043 1489 2078 μόνον
1505 2041 1548 2072 σὲ,
1576 2040 1644 2067 ἀλλὰ
1663 2040 1711 2065 καί⁵
1734 2037 1837 2081 πολλας

1047 2092 1155 2127 νύμφας
1169 2078 1312 2127 Ζντροσοίιται.
1325 2089 1363 2124 τῷ
1382 2088 1510 2123 ἀθανάτῳ
1541 2085 1675 2120 Νυμφίῳ·
1705 2083 1776 2117 ὑπὲρ
1800 2078 1838 2108 ὧν

1048 2139 1097 2172 ὅση
1111 2137 1159 2165 καὶ
1170 2137 1250 2173 ἡλίκη
1265 2137 1281 2171 ὴ
1297 2134 1488 2166 ἀνταπόδοσιςί
1505 2131 1647 2164 τετάξεται
1662 2139 1691 2157 σε
1705 2130 1734 2155 ὲν
1750 2129 1837 2164 πρού-

209 2190 250 2213 ter
265 2185 448 2220 prrecellentes
474 2191 589 2218 sponsas
601 2205 607 2216 ,
626 2184 696 2210 inter
714 2183 815 2210 electas
835 2182 989 2209 adolescen-

1049 2182 1155 2218 χούσαις
1169 2182 1298 2216 νύμφαις,
1311 2181 1339 2206 ὲν
1352 2179 1493 2210 ἐκλεχταῖς
1502 2178 1619 2204 νεάνισιν
1629 2185 1636 2192 ·
1651 2174 1787 2211 ὲμπλόκιά
1796 2181 1838 2200 σοι

209 2230 304 2260 tulas.-:
320 2229 431 2257 monilia
442 2229 489 2256 tibi
500 2228 649 2261 exhibebit,
660 2227 787 2263 perennia
802 2227 920 2262 Spiritus
928 2227 993 2254 cha-

209 2276 333 2307 rismata,
353 2275 514 2303 vestimenta
529 2274 628 2307 lucida,
645 2273 901 2308 incorruptibilitate
912 2281 994 2300 coru-

209 2322 313 2350 scantia
329 2331 336 2349 :
353 2320 495 2348 coronabit
523 2324 550 2348 te
581 2327 682 2347 corona
705 2319 817 2354 iustitiae
840 2319 994 2346 :choream

208 2376 273 2403 ages
290 2367 516 2399 indissolubilem,
532 2365 660 2401 angelicae
677 2373 781 2400 parem,
795 2373 858 2392 cum
874 2364 996 2392 exsulta-

208 2413 284 2440 tione
296 2412 470 2447 sempiterna.
486 2410 564 2444 Quod
580 2410 715 2445 reliquum
743 2414 795 2442 est,
814 2409 885 2443 vide,
904 2409 995 2436 domi-

209 2467 255 2492 na,
269 2464 296 2486 et
316 2458 424 2485 attende
449 2457 496 2485 tibi
515 2457 566 2492 ipsi
586 2466 594 2491 ;
613 2457 769 2491 Christique
794 2464 910 2492 sponsas
933 2464 995 2483 cum

209 2513 274 2533 cura
290 2505 396 2532 custodi
413 2504 493 2532 :ciba
508 2503 569 2531 illas
583 2511 652 2538 puro
672 2511 741 2538 pane
754 2503 884 2530 doctrinae
902 2502 998 2529 ortho—

209 2550 286 2578 doxa:
303 2558 310 2576 :
327 2555 388 2584 pota
414 2549 516 2577 fluento
535 2549 613 2576 bona:
631 2549 820 2583 operationis;
838 2553 866 2575 ut
884 2548 998 2583 pingues

209 2597 266 2624 sint
279 2600 306 2623 et
325 2596 464 2631 speciosae,
478 2595 512 2622 de
528 2596 629 2622 anima:
648 2594 849 2630 pulchritudine
862 2598 889 2620 et
906 2593 997 2628 specie

210 2642 319 2677 loquor,
333 2650 414 2677 quam
434 2642 615 2677 concupiscit,
634 2641 704 2668 sicut
721 2641 864 2681 pollicetur
885 2644 997 2668 sanctus

210 2687 307 2721 David,
320 2688 445 2716 Christus
467 2687 538 2715 Deus
566 2691 667 2715 noster.
687 2687 734 2715 Sic
747 2687 819 2714 enim
836 2687 891 2714 ait:
915 2686 997 2719 Audi,

211 2733 280 2769 ﬁlia,
295 2738 321 2761 et
336 2735 403 2767 uide,
420 2739 444 2761 et
461 2733 560 2761 inclina
579 2741 669 2760 aurem
695 2738 769 2761 tuam
786 2741 796 2767 ,'
810 2739 834 2761 et
847 2733 998 2761 obliviscere

1043 2229 1189 2264 παράσχοι.
1206 2227 1240 2254 τὰ
1263 2226 1309 2252 τοῦ
1327 2225 1486 2260 ΙῙνεύματος
1501 2223 1574 2251 ἀΐδια
1589 2222 1757 2258 χαρίσματα·
1775 2221 1838 2246 ἐπι-

1043 2275 1169 2309 ϐλήματα
1178 2273 1319 2308 φωτοειδῆ,
1327 2271 1480 2307 ἀφθαρσίαν
1489 2271 1687 2305 ἀστράπτονταν
1698 2265 1839 2301 στεφανώ-

1043 2329 1085 2347 σει
1100 2329 1130 2346 σε
1140 2319 1180 2355 τῷ
1192 2319 1242 2355 τῆς
1250 2318 1424 2352 δικαιοσύνης
1432 2316 1566 2351 στεφάνῳ·
1577 2314 1717 2350 χορεύσεις
1727 2312 1838 2348 χορείαν

1043 2366 1150 2399 ἄλυτον,
1166 2365 1210 2392 ῐσα
1233 2366 1280 2392 καὶ
1299 2364 1436 2399 ἀγγέλοις,
1461 2363 1509 2389 σὺν
1530 2361 1686 2396 ἀγαλλιάσει
1706 2359 1839 2395 ἀκηράτῳ

1048 2412 1120 2450 [θοὰ.
1133 2411 1362 2447 Βεε.ὰμηρύτῳ].
1371 2411 1458 2437 Βλέπε
1471 2409 1575 2442 λοιπὸν,
1590 2407 1681 2443 κυρία,
1696 2406 1743 2432 καὶ
1754 2405 1839 2440 πρόσ-

1048 2467 1094 2493 εχε
1108 2459 1204 2493 σαυτῇ,
1220 2457 1323 2488 καὶτὰς
1330 2457 1438 2492 νύμφας
1445 2454 1492 2482 τοῦ
1501 2453 1621 2490 Χριστοῦ
1629 2452 1774 2493 φυλάττοιο
1788 2459 1839 2477 πε-

1051 2491 1223 2539 ρ-ιμερίμνως
1235 2510 1242 2517 ·
1257 2503 1370 2538 τρέφοις
1383 2501 1469 2532 αὑτὰς
1479 2500 1519 2535 τῷ
1531 2498 1645 2534 καθαρῷ
1652 2491 1727 2532 ἃρτῳ
1733 2497 1781 2530 τῆς
1792 2497 1839 2531 ὀρ-

1049 2549 1171 2582 θοδοξίας
1182 2556 1190 2564 ·
1207 2549 1325 2581 ποτίζοις
1338 2548 1377 2583 τῷ
1392 2547 1495 2582 νάματι
1513 2546 1563 2581 τῆς
1581 2543 1743 2579 εὐπραξίας,
1758 2542 1795 2574 ὡς
1804 2542 1840 2569 ἂν

1050 2593 1105 2622 εἷεν
1116 2596 1219 2628 πίονες,
1234 2594 1400 2631 ὢραιοειδεῑς
1413 2601 1420 2609 ·
1438 2593 1507 2629 πρὸς
1522 2592 1553 2618 τὸ
1573 2590 1671 2621 κάλλος
1685 2589 1735 2624 τῆς
1749 2587 1839 2623 ψυχῆς

1049 2642 1174 2676 ὁλόγος·
1205 2638 1236 2668 οὗ
1263 2641 1310 2667 καὶ
1338 2640 1477 2675 ἐπιθυμεῖ,
1509 2638 1602 2670 καθὼς
1612 2636 1796 2671 ⁶νένιέισχνεῖται
1824 2636 1840 2662 ὸ

1049 2686 1126 2721 ἅγιος
1139 2685 1229 2720 Δαυτδ,
1243 2685 1453 2722 ΧριστδςὸΘεδς
1466 2684 1556 2720 ἡμῶν.
1567 2683 1634 2718 Φησὶ
1640 2681 1696 2717 γάρ
1709 2689 1717 2697 ·
1732 2681 1840 2707 Ἀκου-

1052 2740 1121 2766 cor,
1138 2733 1273 2768 θύγατερ,
1289 2731 1339 2760 καὶ
1349 2731 1405 2759 ἴδε.
1419 2731 1467 2758 καὶ
1482 2729 1588 2758 κλῖνον
1600 2728 1634 2756 τὸ
1645 2725 1701 2760 οὖς
1709 2734 1780 2758 σου,
1789 2725 1841 2753 καὶ

972 2826 1093 2856 ΝΟΤᾸΕ.

249 2887 306 2922 (4f)
323 2888 350 2915 in
367 2888 428 2916 cod.
445 2888 511 2924 Reg.
531 2891 593 2924 ροε¹.
