1912 3080
116 155 183 186 1469

708 151 975 183 EPISTOLARUM
994 152 1068 182 LIB.
1097 153 1138 182 ΙΙ.

1664 151 1733 185 1470

113 201 258 227 ἐπιλάθου
272 200 325 227 τοῦ
345 201 422 228 λαοῦ
438 208 508 233 σου,
526 200 575 227 καὶ
591 201 645 227 τοῦ
663 201 748 227 οἴκου
767 200 821 227 τοῦ
843 206 898 227 πα-

952 201 1075 232 populum
1092 204 1176 230 tuum,
1195 203 1220 225 et
1234 198 1341 225 domum
1356 199 1440 233 patris
1458 199 1507 231 tui,
1522 203 1547 226 et
1569 201 1734 234 concupiscet

112 247 180 280 τρός
187 255 257 279 σου,
266 246 316 272 καὶ
327 246 506 281 ἐπιθυμήσει
516 247 689 279 ὁβασιλεὺς
695 247 749 274 τοῦ
763 246 898 280 κάλλους

112 300 170 319 σου
182 299 191 307 ο
208 292 252 318 ὅτι
265 293 357 325 αὑτός
369 293 435 319 ἐστι
451 293 558 326 Κύριός
567 300 637 324 σου,
655 292 705 319 και
726 292 899 327 προσκυνή-

111 345 177 369 σεις
185 336 276 369 αὐτῷ.
293 337 374 372 Ὀρᾷς
387 337 427 364 ὅτι
439 339 468 364 ὲν
483 337 521 372 τῷ
529 337 703 364 ἐπιλαθέσθαι
715 338 798 372 ὑμᾶς,
814 338 899 373 ἤγουν

111 382 301 414 ἀποτάξασθαι
313 383 448 416 γονεῦσιν,
471 383 594 418 ἀδελφοῖς
621 392 651 410 τε
678 384 725 410 καὶ
743 383 897 418 συγγενέσι,

110 429 201 463 φίλοις
220 437 250 455 τε
275 430 323 456 καὶ⁴
338 430 405 456 πᾶσι
419 431 476 461 τοῖς
493 430 562 456 κατά
576 430 622 457 τὸν
637 430 703 465 βίον,
726 429 899 465 ἐπεθύμησεν

110 475 189 509 ὑμῶν
211 476 225 502 ὁ
240 475 365 511 βασιλεὺς
376 476 424 503 τοῦ
441 477 556 508 κάλλους
566 477 615 511 τῆς
625 477 714 513 ψυχῆς
725 478 765 509 εἰς
777 478 900 512 νυμφίω-

110 530 168 555 σινς
186 521 223 548 Τὸ
236 523 275 554 δὲ,
287 523 381 555 Αὐτός
393 523 458 550 ἐστι
472 523 580 557 Κύριός
596 531 665 556 σου,
699 523 748 550 καὶ
765 531 899 558 προσκυ-

109 566 217 600 νήσεις
232 567 323 600 αὐτῷ,
339 569 484 603 γενήσεται
499 568 564 604 ὑμῖν
583 569 613 595 ἐν
621 570 654 604 τῇ
671 569 763 604 ἡμέρᾳ
778 569 827 604 τῆς
839 569 901 596 ἐπι-

110 613 226 647 φανείας
243 613 337 641 αὐτοῦ.

147 659 190 690 Ὠ,
207 658 241 691 ὦ,
259 656 314 685 οἷον
332 659 502 694 ὲφρονήσατε
517 659 711 695 ἐπιλαϐόμεναι
732 660 787 686 τῶν
813 660 900 687 ἀπάν-

108 706 174 730 τωνι
189 704 286 735 Βαϐαῖ,
301 704 458 740 βαϐαὶ,οἴου
471 704 617 740 ἐπετὺχετε
631 706 757 741 Νυμφίου
772 707 778 733 l
791 706 900 741 Κροτή-

109 759 185 777 cate
196 750 299 785 χεζοας
310 750 483 783 ἀλαλάξαι-ε
501 751 542 784 τῷ
565 751 626 784 Θεῷ
639 752 674 778 ἐν
699 752 785 787 φωνῇ
812 753 900 788 ἀγαλ-

109 794 242 828 λιάσεως
257 802 264 809 ⁸
279 795 319 821 ὅτι
334 795 404 830 ὑπὲρ
425 795 517 827 πάσας
544 796 594 827 τὰς
611 796 657 822 ὲπὶ
681 796 735 830 γῆς
759 797 899 832 βασιλείας

110 840 236 875 ὑψώθητε
249 849 256 856 ·
274 841 343 876 ὑπὲρ
359 841 448 868 πάντα
460 841 495 868 τὰ
501 841 590 877 ὡραῖα
599 842 650 875 τῆς
664 842 717 878 γῆς
731 843 897 878 ὼραῖσθητε.

108 886 251 913 Δὶδοῦνται
261 887 334 922 ὑμᾶς
348 887 396 913 καὶ
408 888 528 922 ἄγγελοι,
547 888 724 924 περιέπουσιν
753 889 825 924 ὑμᾶς
851 891 899 916 καὶ

109 933 275 968 ἀρχάγγελοι
285 942 292 948 ·
307 933 472 970 προῦχουσαι
485 935 705 970 ὑμεῖςβασιλιδες
721 936 750 962 ἐν
762 936 897 971 οὐρανοῖς,

109 978 239 1013 ὑπεράνω
257 979 353 1006 πασῶν
371 980 496 1016 μητέρων
517 981 564 1007 καὶ
579 980 737 1016 θυγατέρων
761 981 814 1008 τῶν
844 982 899 1009 ἀπὸ

110 1025 212 1060 σαρκὸς
235 1025 398 1060 ἐρχομένων.
415 1025 519 1052 Οὐκοῦν
531 1026 650 1062 χαίρετε,
664 1027 713 1053 καὶ
736 1027 898 1062 συγχαίρετε

109 1071 250 1105 ἀλλήλαις·
266 1071 300 1097 τὰ
317 1071 433 1097 ἐπίπονα
446 1071 572 1098 ἐντεῦθεν
590 1072 640 1107 τῆς
665 1073 820 1105 ἀσκήσεως.
848 1073 897 1100 εἶτ’

109 1113 157 1142 οὖν
183 1115 390 1150 θαλαμεύσεως,
405 1116 536 1152 φέρουσαι
560 1117 702 1152 εὐψύχως·
730 1118 837 1146 εἰδυῖαι
853 1119 898 1147 ὅτι

109 1160 196 1188 πᾶσα
212 1161 290 1195 σὰρξ
318 1162 444 1196 χόρτος·
469 1161 554 1190 πᾶσα
576 1162 652 1194 δόξα
674 1163 832 1198 ἀνθρώπου
859 1165 899 1197 ὡς

108 1209 202 1241 ἄνθος
215 1209 325 1244 χόρτου
337 1217 345 1224 ⁸
361 1209 448 1236 πᾶσαί
459 1218 489 1236 τε
505 1209 647 1244 ὲπιουμίαι
661 1209 708 1236 τοῦ
723 1210 820 1242 αἰῶνος
837 1210 899 1237 τού-

109 1264 157 1282 του
183 1257 216 1282 ὲκ
231 1256 333 1291 φθορᾶς
346 1256 394 1283 καὶ
407 1257 447 1288 εἰς
461 1256 564 1292 φθορὰν
582 1257 784 1292 καταλήγουσαι
796 1266 802 1272 ·
819 1258 898 1293 μόνον

109 1303 139 1328 δὲ
155 1302 234 1336 ὑμῶν
249 1302 262 1328 ὁ
276 1302 345 1337 ἔρως
359 1303 435 1337 καὶὴ
451 1303 585 1338 ἐπιθυμία
604 1304 717 1338 ἄπειρος
733 1305 779 1330 καὶ
792 1304 899 1339 ἄφθαρ-

108 1357 166 1379 τος.
185 1348 292 1382 Μικρὸν
305 1347 398 1375 λοιπὸν
424 1349 488 1375 ὅσον
511 1349 689 1384 ἀναμείνατε,
721 1349 897 1384 ὑπομείνατε,

110 1394 331 1429 ὑποτασσόμεναι
348 1394 396 1429 μὲν
417 1395 497 1429 ὑμεῖς
512 1397 545 1430 τῇ
560 1395 643 1431 κυρίᾳ
659 1397 691 1432 τῇ
707 1396 899 1432 πρωτονύμφῳ

109 1439 202 1470 καλῶς
218 1439 268 1465 καὶ
282 1439 415 1474 εὺηκόως,
431 1439 466 1466 τὰ
478 1439 524 1466 τοῦ
541 1440 668 1475 Νυμφίου
684 1441 803 1476 Χριστοῦ
829 1443 898 1477 ὲρω-

109 1487 175 1513 τικᾱ
198 1485 331 1521 ίδιὼματα
345 1487 392 1513 καὶ
407 1486 571 1521 φυλάγματα
595 1486 779 1522 ὲπιταττούσῃ
792 1495 799 1503 ·
830 1486 898 1522 αὐτὴ

947 251 994 271 rea:
1006 243 1125 271 decorem
1139 249 1213 271 tuum
1225 252 1234 271 :
1244 245 1369 279 quoniam
1385 245 1441 279 ipse
1456 249 1494 272 est
1515 245 1644 272 Dominus
1661 250 1735 277 titus,

948 296 972 318 et
988 292 1112 318 adorabis
1126 299 1185 318 eum
1200 291 1232 318 ⁸¹.
1252 291 1331 318 Vides
1360 292 1431 327 quod
1453 313 1460 324 ,
1476 292 1542 318 dum
1571 292 1662 321 oblitae
1686 300 1736 320 vos

948 341 1026 369 estis.
1046 338 1099 366 hoc
1113 342 1165 370 est,
1184 339 1361 366 renuntiastis
1386 339 1556 373 parentibus,
1587 338 1734 365 fratribusv

949 391 1002 418 que
1037 388 1064 411 et
1102 385 1235 418 cognatis,
1264 384 1414 418 amicisque
1452 389 1479 412 et
1511 385 1616 412 cunctis
1653 384 1735 418 hujus

949 429 1040 457 saeculi
1059 430 1151 461 rebus.
1167 429 1322 465 concupivit
1334 438 1379 457 rex
1394 430 1623 465 pulchritudinem
1637 431 1736 458 animae

949 481 1046 504 vestrae
1072 476 1105 503 ad
1117 476 1354 511 desponsationem
1380 476 1392 503 ?
1418 475 1486 502 lllud
1517 483 1602 503 vero:
1619 477 1681 508 Ipse
1696 481 1734 503 est

950 521 1079 549 Dominus
1095 527 1155 549 tuus
1167 542 1175 554 ,
1199 527 1224 550 et
1244 523 1367 549 adorabis
1392 530 1450 549 eum
1465 521 1489 537 ⁸³
1503 529 1511 554 ;
1531 521 1620 555 vobis,
1648 522 1675 548 in
1691 522 1736 549 die

949 568 1083 596 adventus
1102 568 1188 604 ipsius
1201 568 1336 595 ohveniet.

985 657 1019 690 Ο,
1027 665 1043 685 o
1051 665 1132 692 quam
1143 658 1280 692 sapienter
1289 658 1383 692 egistis
1391 658 1580 686 obliviscentes
1593 659 1714 685 omnium
1727 659 1733 685 2

949 702 1038 738 Papze,
1051 711 1137 738 papae,
1155 704 1262 738 qualem
1279 702 1414 738 Sponsum
1431 704 1534 738 adepta:
1557 704 1633 731 estis!
1651 704 1736 730 Plau-

949 750 1004 777 dite
1025 750 1158 782 mauibus,
1171 749 1285 784 jubilate
1300 749 1351 777 Deo
1366 750 1392 777 in
1413 758 1474 777 voce
1487 750 1676 777 exsultationis
1691 749 1734 778 ⁸⁵ε

949 803 983 824 eo
1001 796 1073 831 quod
1088 804 1171 831 super
1187 796 1278 823 omnia
1294 801 1373 823 terrae
1398 803 1479 830 regna
1501 796 1626 823 exaltatae
1646 796 1712 824 esus
1727 805 1734 823 :

951 849 1033 876 super
1045 842 1137 868 omnia
1163 841 1287 876 speciosa
1310 847 1389 869 terra;
1411 841 1543 876 speciosae
1562 840 1639 868 factae
1657 842 1735 869 estis.

914 874 937 902 Β
951 886 1120 914 Reverentur
1134 894 1182 914 vos
1201 887 1282 914 etiam
1311 887 1410 921 angeli,
1433 886 1613 914 circumstant
1637 895 1686 914 vos
1708 892 1736 914 et

948 933 1103 968 archangeli
1118 942 1125 960 :
1147 933 1330 968 praeeellentes
1345 933 1371 959 in
1389 933 1464 960 caelis
1477 933 1576 968 reginas
1601 940 1649 960 vos
1669 933 1736 960 estis

948 987 1030 1013 supra
1055 986 1152 1006 omnes
1180 983 1281 1006 matres
1303 986 1335 1006 ac
1351 978 1421 1006 ﬁlias
1440 986 1501 1013 quae
1522 986 1554 1006 ex
1582 986 1664 1006 carne
1682 987 1734 1006 na—

948 1029 1073 1053 scuntur.
1088 1024 1258 1059 Quapropter
1282 1024 1405 1059 gaudete,
1429 1029 1455 1051 et
1470 1024 1638 1059 congaudete
1666 1025 1736 1051 invi-

948 1079 1006 1098 cem
1020 1081 1026 1098 :
1041 1071 1146 1098 labores
1161 1071 1224 1098 inde
1238 1071 1365 1098 asceticat
1378 1071 1450 1101 Viue.
1464 1075 1594 1105 tanquam
1614 1070 1659 1097 illa
1675 1070 1736 1097 tha—

949 1118 1037 1145 lamus
1055 1118 1090 1145 sit
1111 1117 1199 1151 vobis,
1217 1116 1332 1145 ferentes
1361 1117 1503 1149 alacriter;
1524 1117 1641 1144 scientes
1661 1117 1734 1151 quod

949 1165 1034 1191 omnis
1051 1172 1113 1191 coro
1130 1164 1239 1199 fenum:
1253 1165 1337 1192 omnis
1363 1164 1448 1199 gloria
1467 1163 1580 1190 hominis
1597 1163 1665 1190 sicut
1686 1163 1736 1197 [los

949 1211 1041 1245 feni";
1051 1215 1077 1238 et
1083 1211 1174 1238 omnia
1185 1211 1265 1245 hujus
1273 1210 1363 1237 saeculi
1375 1210 1506 1238 desideria
1517 1217 1550 1236 ex
1559 1209 1735 1244 corruptione

949 1257 976 1284 in
991 1258 1194 1292 corruptionem
1207 1257 1350 1289 desinunt;
1365 1256 1439 1283 solus
1447 1263 1512 1282 vero
1520 1263 1598 1282 amor
1606 1260 1696 1282 vester
1709 1259 1737 1282 et

949 1303 1113 1330 desiderium
1126 1311 1223 1338 expers
1231 1307 1273 1330 est
1284 1303 1346 1330 linis
1358 1306 1384 1329 et
1398 1302 1590 1337 corruptionis.
1602 1301 1735 1328 Pusillum

949 1349 1020 1384 quod
1035 1353 1121 1376 restat
1134 1353 1300 1383 exspectate,
1315 1347 1446 1375 sustinete
1460 1355 1467 1373 :
1480 1354 1527 1374 vos
1549 1346 1657 1381 quidem
1675 1353 1736 1381 quae

951 1395 985 1422 ad
1002 1394 1104 1422 Christi
1123 1393 1222 1429 Sponsi
1251 1401 1371 1421 amorem
1398 1393 1602 1420 conciliandum
1621 1397 1649 1420 et
1670 1400 1737 1419 con-

949 1441 1111 1469 servandum
1129 1440 1243 1473 faciunt,
1262 1440 1406 1475 imperanti
1421 1439 1617 1467 obedientesnt
1637 1438 1737 1472 decet;

950 1488 1008 1523 ipsa
1032 1495 1097 1515 vero
1114 1486 1237 1518 domina.
1259 1490 1289 1513 ut
1316 1485 1452 1520 Sponsum
1478 1488 1686 1520 repraesentans,
1711 1489 1739 1511 ct

109 1533 138 1558 δὲ
154 1533 239 1567 κυρία
251 1532 289 1563 ὡς
302 1531 497 1567 νυμφιοφὸρος,
511 1532 558 1558 καὶ
573 1531 621 1568 τὴν
631 1532 720 1567 ψυχὴν
735 1532 894 1567 προϊεμένη,

955 1533 1073 1560 animam
1090 1539 1244 1568 exponens,
1272 1539 1308 1559 ne
1335 1531 1388 1558 alia
1415 1531 1516 1563 dicam,
1535 1530 1569 1558 ad
1586 1530 1738 1565 puellarum

112 1579 150 1613 μὴ
164 1579 206 1604 ὃτι
223 1578 256 1612 γέ
274 1586 299 1604 τι
324 1578 378 1604 τῶν
392 1577 491 1610 ἄλλων,
509 1577 549 1609 εἰς
560 1578 735 1613 περιποίησιν
749 1578 804 1604 τῶν
836 1586 899 1605 νεα-

111 1625 202 1657 νίδων,
221 1624 251 1650 οὐ
271 1624 342 1658 λέγω
359 1624 450 1659 ψυχῆς
463 1624 558 1659 μόνης,
589 1624 657 1651 ἀλλὰ
686 1625 733 1650 καὶ
756 1624 898 1659 σώματος·

111 1670 255 1705 πληροῦσα
268 1670 298 1696 τὸ
316 1670 368 1695 ὑπὸ
382 1670 429 1696 τοῦ
451 1670 611 1697 Ἀποστόλου
627 1670 771 1705 εἰρημένον
783 1678 791 1686 '
815 1670 900 1705 Ἶμει-

107 1715 231 1749 ρόμενοι
245 1715 430 1749 εὐδοκοῦμεν
438 1715 620 1750 μεταδοῦναι
636 1715 718 1749 ὑμῖν,
743 1716 780 1742 οὐ
802 1716 898 1750 μόνον

112 1762 144 1788 τὸ
160 1760 347 1795 Εὐαηέλιον
360 1761 412 1788 τοῦ
433 1761 517 1795 Θεοῦ,
543 1761 623 1788 ἀλλὰ
648 1761 696 1788 καὶ
715 1761 769 1794 τὰς
785 1761 899 1788 ἑαυτῶν

111 1806 226 1840 ψυχὰς,
243 1807 272 1832 ἐν
287 1805 398 1841 Χριστῷ
421 1805 508 1841 Ἰησοῦ
522 1805 562 1841 τῷ
578 1806 672 1842 Κυρίῳ
685 1806 780 1841 ὴμῶν-
797 1806 827 1832 ὃν
852 1808 899 1833 καὶ

111 1854 178 1887 περὶ
191 1853 271 1888 ἡμῶν
286 1853 403 1879 αἰτεῖσθε
409 1852 458 1888 τὴν
475 1852 610 1888 σωτηρίαν
616 1853 664 1887 τῆς
674 1853 805 1887 ταπεινῆς
819 1853 898 1888 ἡμῶν

111 1898 200 1933 ψυχῆς
212 1906 219 1913 ·
233 1899 275 1924 ἵνα
295 1895 335 1929 οἷς
351 1897 567 1932 ἐνουθετήσαμεν
596 1897 824 1933 νενουθετήμεθα,
852 1900 899 1926 καὶ

113 1943 269 1979 σωξοίμεθα
294 1944 394 1975 πάντες
408 1944 462 1971 ἀπὸ
477 1943 524 1970 τοῦ
536 1943 670 1979 Πονηροῦ.

112 2001 188 2028 ΡΝΔ¹
209 2001 276 2036 (4⁸2).
295 2014 330 2020 —-
347 1999 519 2035 Σευηριανῷ
544 2000 598 2033 υἱῷ
617 2001 808 2035 πνευματικῷ
828 2002 896 2038 (45).

951 1579 1137 1607 defensionem
1163 1587 1169 1612 ;
1192 1585 1280 1613 neque
1301 1578 1398 1605 animae
1426 1581 1531 1604 tantum
1547 1597 1556 1611 ,
1579 1577 1627 1604 sed
1655 1577 1737 1604 etiam

951 1626 1074 1660 corporis
1099 1636 1106 1653 :
1135 1625 1251 1660 implens
1274 1625 1346 1659 quod
1373 1624 1439 1651 dicit
1455 1623 1601 1658 Apostolus
1619 1622 1738 1657 :Cupide

950 1672 1101 1700 volebamus
1113 1672 1216 1698 tradere
1226 1672 1309 1703 vobis,
1325 1679 1376 1697 non
1390 1670 1475 1697 solum
1490 1669 1661 1704 Evangelium
1679 1669 1737 1701 Dei,

951 1719 996 1746 sed
1009 1719 1090 1746 etiam
1100 1719 1204 1745 animos
1218 1722 1324 1744 nostras
1333 1717 1366 1750 ⁸⁸,
1378 1716 1404 1743 in
1418 1715 1528 1743 Christo
1544 1714 1608 1742 Jesu
1620 1713 1738 1741 Domino

951 1768 1070 1798 nostro;
1089 1772 1105 1792 a
1119 1772 1173 1799 quo
1188 1769 1214 1792 et
1234 1772 1282 1791 vos
1309 1771 1358 1798 pro
1379 1763 1460 1790 nobis
1488 1761 1602 1789 salutem
1628 1761 1739 1788 humilis

952 1812 1050 1839 animae
1079 1816 1180 1838 nostra:
1201 1810 1283 1846 petite
1301 1819 1307 1837 :
1322 1815 1353 1838 ut
1369 1809 1402 1837 de
1415 1809 1515 1844 quibus
1533 1808 1602 1835 alios
1632 1807 1740 1834 monui-

952 1865 1025 1889 mus,
1043 1864 1138 1884 eorum
1161 1856 1367 1884 meminerimus
1386 1855 1455 1891 ipsi,
1475 1858 1502 1882 et
1516 1861 1531 1882 a
1543 1853 1616 1883 malo
1643 1859 1740 1880 omnes

950 1903 1108 1931 liberemur.

1066 2002 1130 2031 CLI.
1149 2017 1184 2022 —
1201 2001 1343 2030 Severiano
1359 2002 1416 2036 ﬁlio
1435 2000 1573 2036 spirituali
1585 1999 1628 2035 (').

305 2057 376 2087 Quod
389 2063 473 2088 neque
483 2056 595 2082 Christus
610 2057 637 2082 in
652 2065 695 2082 sua
708 2058 814 2090 imagine
824 2059 914 2084 colitur
930 2060 1018 2090 latria;
1036 2066 1119 2091 neque
1137 2059 1216 2090 imago
1233 2059 1323 2084 Christi
1334 2059 1404 2084 latria
1418 2058 1532 2083 colenda.

145 2102 230 2128 ὀσον
253 2099 387 2135 εὖφρανεν
408 2100 480 2135 ἡμᾶς
498 2101 515 2134 ἡ
542 2100 628 2135 μικρὰ
644 2101 899 2135 ὲπιστολὴ,τέκνον,

110 2147 240 2175 τοσοῦτον
253 2146 387 2181 ἐλύπησεν
401 2146 417 2180 ἡ
437 2146 548 2180 μείζων.
571 2147 616 2178 Ὠς
632 2146 687 2181 γὰρ
709 2147 746 2182 μή
757 2156 801 2174 πω
821 2149 899 2183 κινή-

111 2192 211 2222 σαντὸς
244 2200 291 2218 σου
306 2191 385 2224 λόγον
399 2192 462 2226 περὶ
481 2190 536 2217 τῶν
557 2191 586 2217 ὲν
608 2191 677 2226 αὐτῇ
702 2192 899 2227 ἐμφερομένων

109 2238 291 2275 προτάσεων·
311 2236 379 2271 μήτε
396 2235 546 2272 ἀκηκοότος
569 2236 638 2272 πρδς
661 2237 739 2272 ἡμῶν
763 2238 794 2264 τὸ
817 2238 896 2264 δέον·

108 2285 199 2321 ἧχθης
214 2283 262 2310 νῦν
285 2284 424 2319 προτεῖναι
445 2283 495 2314 τὰς
518 2283 619 2316 φωνὰς,
645 2283 725 2318 δῆθεν
753 2285 803 2319 μὲν
828 2285 900 2320 ἄλλῳ

110 2331 270 2366 μαχόμενος
296 2328 446 2364 προσώπῳ.
465 2327 565 2362 μᾶλλον
590 2328 639 2363 μὲν
655 2326 702 2355 οὗν
725 2330 757 2364 τῇ
786 2329 901 2366 ἀληθείᾳ

107 2375 374 2409 ἁντικαθιστάμενος
388 2382 395 2389 ·
424 2374 513 2400 καίτοι
543 2373 581 2410 μὴ
604 2374 719 2409 ὀφείλων
743 2376 900 2404 διδάσκειν·

107 2424 140 2450 οὐ
158 2422 231 2456 λέγω
242 2421 370 2448 τοσοῦτον
385 2419 429 2447 διὰ
446 2420 476 2446 τὸ
491 2420 636 2454 ὑφειμένον
649 2429 678 2446 σε
700 2419 770 2448 εἶναι
784 2430 790 2436 ·
805 2423 853 2449 καί
869 2431 900 2458 γε

109 2471 179 2504 φέρε
198 2467 384 2502 μακροθύμως
398 2473 404 2480 ·
422 2465 490 2491 ἀλλὰ
505 2465 559 2500 γὰρ
573 2466 619 2492 καὶ
629 2466 673 2492 διὰ
689 2467 721 2492 τὸ
736 2468 800 2499 τοὺς
821 2469 901 2495 ἁλόν-

109 2525 162 2547 τας
181 2516 216 2549 τῇ
244 2514 369 2548 αἱρετικῇ
393 2511 533 2547 κοινωνίᾳ,
548 2511 577 2545 ἐξ
600 2509 636 2538 ὧν
653 2509 694 2543 εἷς
714 2513 757 2544 σὺ,
776 2513 814 2549 μὴ
827 2514 901 2549 ἔχειν

109 2561 272 2597 παρρησίαν
285 2559 403 2593 ἀνοίγειν
417 2560 447 2586 τὸ
470 2559 557 2593 στόμα.
570 2567 577 2574 ·
595 2559 687 2594 μένειν
704 2559 733 2590 ἆὲ
752 2560 782 2586 ὲν
799 2561 901 2597 ἡσυχίᾳ

111 2607 285 2642 καθηκούσῃ,
309 2606 357 2632 καὶ
381 2605 514 2632 αἰτεῖσθαι
537 2604 703 2640 συγγνώμην
734 2605 816 2640 μέχρι
839 2605 898 2641 βίου

148 2666 172 2682 ⁸³
187 2664 262 2692 Psal.
279 2671 351 2696 κων,
367 2662 411 2695 Η,
432 2662 476 2695 12.
490 2661 514 2677 ⁸³
527 2661 596 2689 ibid.
625 2661 669 2688 12.

989 2104 1096 2135 Quanto
1113 2109 1163 2129 nos
1176 2101 1277 2136 gaudio
1293 2101 1421 2128 alIeceI'at
1437 2100 1527 2127 brevis
1549 2098 1665 2133 cpistola
1681 2102 1739 2126 tua.

955 2148 1002 2178 ﬁli,
1016 2153 1121 2175 tantum
1140 2148 1243 2175 doloris
1254 2155 1286 2175 ex
1305 2147 1451 2182 prolixiora
1470 2146 1603 2180 cepimus.
1622 2144 1739 2172 Perinde

917 2208 938 2235 ι)
953 2195 1024 2222 enim
1038 2202 1070 2222 ac
1085 2194 1108 2222 si
1124 2194 1156 2221 de
1173 2194 1309 2221 contentis
1323 2194 1350 2219 in
1363 2200 1393 2219 ea
1410 2191 1646 2227 propositionibus
1668 2199 1739 2217 non-

951 2240 1016 2266 duui
1029 2239 1110 2266 verba
1126 2239 1222 2266 feceris
1235 2259 1243 2270 .
1273 2246 1361 2272 neque
1388 2246 1403 2264 a
1428 2237 1507 2265 nobis
1526 2237 1598 2272 quod
1617 2244 1665 2271 par
1680 2240 1740 2262 erat

954 2287 1110 2319 audiveris;
1128 2286 1156 2313 in
1174 2286 1241 2313 istas
1263 2293 1338 2312 nunc
1355 2292 1435 2312 voces
1450 2285 1582 2319 erumpis,
1612 2291 1659 2318 per
1675 2290 1738 2317 spe-

951 2332 1020 2359 ciem
1039 2332 1146 2366 quidem
1163 2331 1241 2366 quasi
1257 2339 1319 2359 cum
1335 2331 1388 2358 alio
1407 2331 1543 2358 dimicans
1555 2349 1562 2361 ,
1585 2329 1673 2363 reipsa
1687 2336 1737 2354 au-

953 2383 1006 2406 tem
1033 2378 1140 2406 veritati
1161 2385 1315 2413 repugnans
1332 2386 1338 2404 :
1356 2376 1482 2411 quamvis
1505 2376 1605 2403 docere
1624 2374 1737 2402 omnino

951 2425 999 2452 tibi
1016 2432 1069 2452 non
1085 2424 1175 2451 liceat.
1194 2423 1247 2451 Nec
1260 2423 1349 2450 solum
1363 2423 1398 2450 ob
1417 2422 1576 2450 tenuitatem
1596 2427 1670 2448 tuam
1685 2419 1738 2446 hoc

954 2471 1027 2503 dico,
1042 2471 1176 2506 patienter
1189 2469 1304 2501 sustine,
1319 2469 1366 2496 sed
1381 2468 1445 2503 quia
1458 2468 1504 2502 qui
1519 2466 1645 2494 haeretica
1660 2472 1737 2492 com—

955 2517 1087 2544 munione
1101 2515 1226 2543 obstricti
1243 2519 1384 2545 tenentur,
1398 2521 1514 2548 quorum
1537 2520 1552 2539 ο
1575 2519 1689 2538 numero
1709 2516 1736 2536 tu

954 2570 1027 2589 unus
1038 2570 1078 2595 es,
1089 2561 1145 2588 oris
1160 2560 1298 2588 rcserandi
1315 2559 1469 2586 facultatem
1486 2566 1539 2584 non
1555 2557 1657 2584 habent
1670 2565 1676 2582 :
1691 2555 1737 2583 sed

955 2608 982 2635 in
999 2607 1172 2635 convenienti
1185 2606 1296 2634 silentio
1310 2612 1420 2632 manere
1434 2624 1442 2636 ,
1465 2611 1499 2631 ac
1521 2603 1627 2630 veniam
1646 2606 1738 2636 petere

718 2656 743 2678 ³⁸
755 2661 828 2690 Psal.
851 2672 912 2692 xLVI
929 2685 937 2697 ,
955 2666 982 2694 2.
1020 2666 1045 2682 ⁸⁸
1066 2665 1118 2692 lsa.
1133 2673 1178 2698 xc,
1194 2664 1221 2692 6.
1258 2664 1282 2680 ⁸⁸
1300 2663 1309 2690 l
1326 2662 1423 2690 Thess.
1437 2669 1467 2694 ιι,
1480 2660 1507 2688 8.

871 2709 985 2739 NOTAE.

149 2759 208 2792 (42)
220 2757 251 2786 In
261 2757 323 2785 eod.
338 2756 402 2790 Reg.
413 2755 462 2791 pG'.

150 2790 209 2828 (45)
220 2792 282 2819 Haec
291 2791 519 2828 epistolaetqlm
531 2795 684 2828 sequuntur
693 2797 779 2826 usque
792 2790 824 2818 ad
839 2790 898 2822 174,

116 2831 143 2856 in
161 2826 221 2856 eod.
242 2828 325 2862 Regio
338 2827 482 2860 separatim
502 2826 611 2862 scripta;
638 2831 703 2852 sunt
731 2831 794 2853 ante
822 2833 902 2859 supe-

119 2866 202 2895 riores
225 2860 341 2894 onnies,
361 2867 441 2896 atque
465 2861 561 2888 ibidem
582 2860 709 2887 dicuntur
729 2861 762 2888 ad
791 2861 900 2888 tertium

953 2756 1091 2786 Theodori
1120 2756 1247 2784 exsilium
1273 2755 1431 2789 pertinere,
1456 2752 1610 2787 habentque
1629 2751 1738 2778 titulum

954 2793 1038 2824 hunc,
1053 2792 1138 2826 Ἀρχὴ
1151 2792 1198 2817 τοῦ
1218 2790 1328 2826 πρώτου
1343 2790 1458 2825 βιϐλίου.

991 2827 1023 2863 (')
1039 2827 1204 2862 Dogmatica.
