1912 3080
193 149 259 183 1471

789 151 820 180 S.
838 148 1036 180 THEODORI
1051 148 1226 178 STUDITJE

1754 144 1823 176 1472

192 208 251 232 tota
266 203 321 230 vita
339 203 449 230 debent.
463 202 594 235 Accedit,
609 203 682 239 quod
698 210 752 230 non
768 208 845 230 tanta
862 203 981 230 scientia:

1035 202 1147 231 παντός.
1167 202 1296 233 Ἔπειτα,
1312 199 1373 227 οὐδὲ
1383 200 1501 235 τοσαύτη
1511 208 1551 227 σοι
1568 200 1710 235 εὐτεχνίας
1719 199 1824 235 δογμα-

192 250 354 285 dogmatieae
373 249 470 284 peritia
484 254 527 277 est
544 249 603 281 tibi,
615 254 646 277 ut
660 254 787 277 accurate
803 249 877 284 loqui
892 249 981 276 scias:

192 303 255 322 cum
270 302 321 323 nec
336 295 557 329 grammaticam,
568 302 618 322 nec
626 295 827 330 philosophiam
840 294 981 330 attigeris:

192 349 310 376 cumque
327 341 345 368 ii
362 341 446 369 etiam
468 342 515 376 qui
538 342 564 368 in
585 341 628 369 his
645 342 768 377 apprime
786 341 888 369 versati
907 346 980 374 sunt,

192 389 226 415 de
243 388 297 415 Deo
311 389 452 424 proprium
469 389 568 423 dogma
589 389 694 416 nullum
714 388 830 416 all‘erant
846 389 908 423 ipsi,
935 388 982 416 sed

192 434 348 462 divinorum
374 436 496 462 virorum
528 435 651 470 vestigiis
677 435 815 462 insistant.
839 435 981 462 Undenam

193 488 258 516 ergo
276 481 347 513 tibi,
372 489 477 516 quaeso,
495 481 579 508 subiit
594 482 704 509 dicere:
722 481 773 508 Per
793 480 981 508 habitudinem

193 534 247 553 non
262 528 392 554 adoratur
406 527 495 561 imago
508 527 631 553 Christi?
644 528 684 554 An
711 527 782 554 nosti
796 527 861 561 quid
882 526 917 552 sit
932 526 982 553 ha-

193 572 312 599 bitudo?
328 572 465 599 llabitudo
484 580 578 599 eorum
591 577 632 599 est
647 580 707 607 qua:
723 577 787 600 sunt
806 573 838 599 ad
854 572 958 606 aliquid
973 581 981 599 :

194 618 227 645 ad
243 618 346 653 aliquid
364 626 429 645 Vero
446 623 619 654 prototypum
630 639 636 649 ,
662 623 689 645 et
704 619 777 653 quod
795 619 856 645 imle
871 625 983 652 expres-

195 672 255 692 sum
272 668 314 691 est
330 673 337 692 2
358 665 433 691 verbi
451 665 554 699 gratia,
579 664 706 692 Christus
730 669 758 691 et
785 664 845 698 ejus
868 664 958 699 imago
974 673 981 690 :

195 710 259 744 quia
280 715 426 744 utrumque
438 710 464 737 in
481 715 597 744 utroque
612 709 737 741 habetur,
753 716 803 736 nec
815 709 981 744 disjuuctum

195 760 236 783 est
253 756 295 783 vel
308 755 439 790 potentia,
460 756 504 783 vel
522 756 618 789 gloria.
632 754 713 786 Ecce,
728 755 863 789 imperite,
880 755 981 788 nescis,

195 808 276 838 atque
288 804 338 831 hoc
348 811 483 838 usurpare
495 803 575 830 licet:
589 802 649 830 Vidi
666 802 836 838 iniquitatem
850 802 901 830 sub
912 803 981 835 sole,

194 849 282 876 virum
310 850 357 884 qui
382 850 435 877 sibi
461 857 557 884 sapere
577 849 736 883 videbatur;
763 853 800 882 et,
813 849 886 884 quod
903 849 982 885 pejus

194 900 246 926 est.
262 895 329 923 alios
346 897 445 923 docere
462 896 625 923 conabatur.

230 942 323 974 Qualis
337 950 419 977 porro
434 947 476 969 est
496 942 614 970 secunda
633 948 677 969 tua
695 942 867 977 propositio?
888 942 981 970 Lalria

194 988 295 1014 colitur
311 988 337 1014 in
361 988 479 1023 imagine
494 997 542 1016 sua
560 989 706 1016 Christus:
726 990 817 1024 itaque
835 989 912 1016 latria
928 989 981 1016 coli

194 1034 361 1061 debetcliam
372 1034 471 1069 imago.
490 1034 567 1062 Unde
585 1035 622 1062 rel
637 1043 651 1062 a
661 1043 716 1070 quo
727 1035 846 1062 didicisti
859 1035 909 1062 ista
921 1044 982 1071 qua:

194 1079 278 1108 doces
295 1080 307 1106 ?
324 1080 392 1107 Nam
417 1086 577 1108 sanctorum
608 1081 698 1109 nullus
719 1082 770 1109 hoc
788 1082 896 1115 dixerit,
922 1083 980 1115 sed,

194 1127 303 1154 adorari
335 1127 362 1154 in
389 1127 506 1162 imagine
535 1134 584 1155 sua
599 1127 750 1160 Christum,
766 1133 793 1155 et
814 1129 982 1156 adorandam

195 1180 256 1200 csse
274 1173 432 1208 imaginem,
448 1174 474 1201 id
491 1178 543 1206 est,
565 1174 764 1207 lionorandam,
782 1182 831 1202 seu
848 1183 983 1203 veneran-

194 1219 256 1246 dam
273 1220 428 1254 (ambOrum
450 1220 522 1247 enim
546 1219 617 1247 idem
640 1225 682 1248 est
698 1220 808 1256 sensus)
821 1225 848 1248 et
863 1222 960 1248 merito
974 1231 980 1248 :

195 1265 325 1299 quoniam
339 1265 429 1296 latria,
456 1266 527 1293 sicut
544 1271 571 1293 et
586 1265 664 1299 lides,
678 1267 730 1293 soli
745 1271 846 1294 sanetae
856 1266 982 1294 Trinitati

195 1311 326 1345 competit
340 1321 346 1337 :
363 1312 414 1338 alia
426 1319 491 1340 vero
510 1313 582 1344 aliis,
598 1312 676 1340 Matri
693 1312 752 1346 Dei,
774 1318 876 1340 sanclze
895 1314 981 1346 cruci,

195 1356 310 1386 sanctis,
325 1357 488 1384 veneranda:
502 1357 612 1393 imagini
625 1357 844 1389 Christi,etaliis
853 1359 982 1387 omnibus

195 1402 311 1429 sacratis
326 1403 490 1438 imaginibus
506 1412 512 1430 :
530 1407 610 1439 atque
641 1404 669 1430 in
694 1408 817 1437 tantum,
850 1409 982 1440 quantum

195 1448 401 1482 superemineat
422 1453 566 1484 prototypa
586 1449 620 1477 iis
643 1456 705 1484 qua:
725 1457 759 1476 ex
783 1450 836 1477 illis
853 1458 982 1484 expressa

195 1500 269 1522 sunt.
287 1494 364 1528 Quod
379 1496 401 1523 si
417 1495 496 1523 latria
511 1496 621 1527 colitur,
632 1501 662 1522 ut
676 1496 726 1527 ais,
737 1496 763 1523 in
775 1496 892 1532 imagine
901 1497 982 1524 Citri-

1032 247 1112 282 τικῆς
1125 247 1280 282 ἐπιστήμη,
1302 247 1340 279 ὡς
1365 246 1464 273 εἰδέναι
1487 246 1610 281 ἀκριὸὦς
1633 246 1824 280 φθέγγεσθαι,

1035 295 1105 330 μήτε
1134 294 1344 330 γραμματικῆς,
1384 294 1453 329 μήτε
1486 293 1646 328 φιλοσοφίας
1668 293 1822 328 ἁψαμένῳ·

1032 340 1113 367 ὁπότε
1125 340 1174 366 καὶ
1189 340 1214 367 οἱ
1227 340 1330 366 τούτων
1347 340 1531 374 ἐπιστήμονες
1539 339 1611 366 κατὰ
1619 339 1685 365 Θεὸν
1695 339 1746 366 οὑκ
1757 339 1825 366 [διον

1032 394 1059 412 τι
1078 385 1296 420 δογματίζουσιν,
1307 385 1364 412 ἀλλ’
1377 384 1519 419 ἑπομένως
1529 386 1585 417 τοῖς
1605 384 1757 420 θεοφόροις.
1770 385 1825 412 Πό-

1033 432 1078 459 θεν
1094 430 1141 459 οὖν
1154 440 1195 458 σοι
1220 431 1349 466 ἐπῆλθεν,
1379 431 1484 466 ἐρωτῶ,
1508 430 1611 464 λέγειν’
1628 431 1666 457 Οὐ
1690 431 1825 465 σχετικῶς

1033 479 1227 514 προσκυνεῖται
1250 477 1266 511 ἡ
1295 476 1377 503 εἰκὼν
1398 475 1446 503 τοῦ
1471 475 1609 510 Χριστοῦς
1625 473 1698 507 οἶδας
1721 475 1776 510 γὰρ
1796 475 1824 502 τί

1033 526 1091 551 ἐστι
1103 526 1194 560 σχέσις
1207 533 1214 557 ;
1235 524 1266 551 Ἣ
1275 525 1368 559 σχέσις
1382 524 1436 550 τῶν
1448 523 1517 559 πρός
1531 523 1557 550 τί
1573 524 1631 550 ἐστι
1643 531 1649 537 ·
1664 523 1732 558 πρός
1744 532 1769 550 τι
1782 522 1823 555 δὲ,

1031 571 1064 598 τὸ
1077 571 1257 607 πρωτότυπον
1270 571 1319 598 καὶ
1329 571 1498 605 παράγωγον
1507 579 1514 586 ·
1533 570 1594 605 ἢτοι
1608 570 1622 596 ὁ
1644 569 1762 604 Χριστὸς
1775 569 1825 596 καὶ

1033 617 1050 651 ἡ
1065 617 1146 644 αὑτοῦ
1162 617 1254 649 εἰκὼν,
1271 618 1312 644 ὅτι
1325 617 1417 652 ἔχεται
1433 618 1462 643 ὲν
1474 617 1601 651 ἐκατέρῳ
1618 616 1760 651 ἑκάτερον,
1776 615 1826 642 καὶ

1032 663 1081 689 οὐκ
1092 663 1254 698 ἀπέσχισται
1271 662 1334 690 οὗτε
1348 663 1387 698 τῷ
1402 662 1511 698 κράτει,
1527 661 1589 689 οὔτε
1605 663 1638 696 τῇ
1653 661 1727 697 δόξῃ.
1743 661 1823 693 Ἰδοὺ,

1032 709 1202 744 ἀμαθαίνων,
1212 710 1243 736 οὐ
1252 708 1341 742 οἶσθα,
1356 709 1403 736 καὶ
1418 709 1510 740 καλῶς
1523 708 1598 735 ἐστιν
1613 709 1703 735 ἐκεῖνο
1717 708 1806 734 εἰπεῖν
1815 715 1822 722 ·

1033 753 1109 782 Εἶδον
1122 756 1238 791 ἀνομίαν
1249 756 1301 782 ὑπὸ
1307 756 1353 782 τὸν
1362 756 1449 791 ἣλιον,
1459 755 1543 791 ἄνδρα
1553 753 1668 787 δόξαντα
1680 754 1745 790 παρ’
1759 754 1824 781 ἑαυ-

1031 801 1071 836 τῷ
1086 801 1168 836 σοφὸν
1184 799 1264 834 εἶναι,
1295 802 1352 834 καὶ,
1372 801 1387 828 ὅ
1410 801 1506 828 τούτου
1532 801 1736 837 χαλεπώτερον,
1754 809 1822 827 παι-

1033 847 1121 874 δεύειν
1136 847 1234 880 ἄλλους
1248 847 1467 882 φιλονεικοῦντα.

1068 944 1131 974 Οἶον
1141 947 1169 974 δέ
1181 956 1229 974 σου
1246 948 1294 974 καὶ
1307 947 1339 975 τὸ
1352 947 1480 983 δεύτερον
1492 948 1641 984 πρόϐλημα
1655 956 1663 981 ;
1683 947 1824 983 Λατρεύε-

1031 1001 1077 1020 ται
1096 994 1110 1018 ὁ
1126 994 1246 1029 Χριστὸς
1263 995 1293 1020 ὲν
1320 995 1354 1030 τῇ
1379 994 1462 1021 αὐτοῦ
1481 995 1585 1021 εἰκόνι·
1605 994 1676 1021 ὥστε
1691 995 1738 1021 καὶ
1751 996 1768 1030 ή
1783 995 1822 1021 ει-

1033 1039 1089 1066 κὼν
1100 1040 1248 1076 λατρευτή.
1264 1040 1349 1067 Πόθεν
1363 1040 1469 1076 τοῦτ’οῆ
1485 1041 1560 1076 παρὰ
1575 1041 1648 1072 τίνος
1661 1041 1756 1076 μαθὼν
1780 1041 1826 1068 δο-

1032 1086 1193 1120 γματίζεις;
1208 1086 1295 1118 οὐδεὶς
1308 1086 1363 1122 γάρ
1379 1095 1423 1113 πω
1445 1086 1501 1113 τῶν
1527 1087 1615 1120 ἁγίων
1628 1087 1708 1114 τοῦτο
1734 1088 1801 1122 φαίη
1815 1096 1823 1103 ·

1033 1131 1101 1164 ἀλλ’,
1118 1132 1158 1159 ὅτι
1172 1133 1367 1168 προσκυνεῖται
1384 1133 1412 1158 ἐν
1422 1133 1455 1168 τῇ
1477 1132 1561 1160 αὑτοῦ
1587 1134 1672 1160 εἰκόνι
1693 1133 1824 1169 Χριστὸς,

1033 1178 1080 1204 καὶ
1095 1178 1271 1214 προσκυνητὴ
1291 1179 1307 1214 ἡ
1323 1178 1419 1210 εἰκὼν,
1437 1177 1542 1206 εἴτόὗν
1556 1179 1700 1215 τιμητικὴ,
1713 1178 1763 1205 εἴτ’
1775 1176 1826 1205 οὖν

1034 1224 1152 1257 σεὸαστή
1165 1232 1173 1240 ·
1189 1224 1334 1260 ἀμφότερα
1351 1224 1406 1260 γὰρ
1421 1225 1461 1256 εἰς
1475 1225 1572 1252 ταυτὸν
1586 1226 1664 1261 φέρει
1677 1225 1724 1252 τὸν
1739 1224 1803 1252 νοῦν
1816 1234 1824 1241 ·

1032 1270 1081 1296 καὶ
1092 1270 1205 1302 εἰκότως
1215 1278 1221 1285 ·
1235 1271 1330 1306 ἐπειδὴ
1347 1272 1363 1306 ὴ
1382 1271 1506 1306 λατρεία,
1521 1271 1616 1307 ὥσπερ
1626 1271 1673 1298 καὶ
1687 1272 1705 1306 ἡ
1720 1271 1825 1303 πίστις,

1033 1318 1066 1350 τῇ
1084 1316 1151 1352 ἁγίᾳ
1170 1317 1267 1352 Τριάδι
1295 1317 1364 1353 μόνῃ
1384 1317 1568 1353 ἀναφέρεται·
1592 1319 1626 1344 τὰ
1640 1318 1662 1345 δ’
1678 1318 1746 1346 ἄλλα
1765 1320 1828 1350 τοῖς

1033 1362 1134 1394 ἄλλοις,
1153 1363 1186 1398 τῇ
1205 1363 1300 1399 Μητρὶ
1313 1363 1361 1390 τοῦ
1377 1363 1455 1395 Θεοῦ,
1480 1363 1519 1399 τῷ
1539 1364 1610 1399 ἁγιῳ
1627 1364 1748 1400 σταυρῷ.
1767 1365 1828 1396 τοῖς

1033 1407 1131 1441 ἁγίοις.
1149 1409 1181 1443 τῇ
1196 1410 1281 1444 σεπτῇ
1299 1409 1384 1435 εἰκόνι
1400 1409 1530 1444 Χριστοῦ,
1546 1411 1595 1436 καὶ
1608 1410 1710 1442 πάσαις
1728 1410 1828 1442 ἄλλαις

1033 1453 1193 1488 ἁτιωτικαῖς
1212 1455 1319 1481 εἰκόσι·
1332 1455 1380 1482 καὶ
1405 1455 1532 1482 τοσοῦτον
1547 1456 1610 1482 ὅσον
1636 1456 1767 1491 ὑπερέχει
1790 1456 1828 1483 τὰ

1034 1499 1204 1533 πρωτότυπα
1226 1500 1281 1527 τῶν
1304 1501 1375 1528 κατὰ
1397 1501 1484 1528 ταῦτα
1511 1502 1698 1536 παραγώγων.
1721 1503 1752 1529 Et
1778 1500 1828 1529 οὖν

195 1547 254 1570 stus
271 1551 278 1569 :
293 1550 354 1570 cum
369 1542 512 1569 Trinitatis
528 1543 667 1577 proprium
684 1545 719 1570 sit
734 1543 812 1570 latria
827 1544 891 1575 coli,
903 1544 980 1570 latria

1035 1544 1204 1579 λατρεύεται,
1216 1546 1255 1577 ὡς
1272 1547 1336 1581 φὴς,
1351 1548 1381 1573 ὲν
1402 1548 1435 1582 τῇ
1459 1548 1546 1574 εἰκόνι
1570 1549 1708 1583 Χριστός·
1727 1549 1828 1584 ἐπειδὴ

196 1588 279 1615 simul
293 1589 393 1615 colitur
414 1589 441 1615 in
459 1588 578 1623 imagine
592 1593 618 1615 et
634 1589 713 1616 Pater
724 1594 751 1617 et
768 1590 896 1624 Spiritus.
911 1589 982 1623 Quid

195 1640 286 1661 autem
301 1634 364 1662 inde
381 1635 546 1662 coniicitur?
561 1635 592 1662 Et
608 1634 715 1662 Patrem
728 1640 755 1663 et
770 1635 899 1670 Spiritum
922 1644 982 1664 car-

195 1688 257 1707 nem
272 1681 476 1716 induisse:quo
490 1681 601 1716 quidem
620 1682 732 1716 impium
748 1682 834 1717 magis
850 1683 901 1710 dici
917 1683 983 1718 quid

195 1727 306 1762 possit?
322 1727 352 1754 Et
364 1735 460 1755 rursus
475 1737 482 1755 :
499 1727 646 1760 Quoniam,
668 1733 698 1756 ut
710 1729 762 1761 ais,
791 1729 868 1756 latria
889 1729 982 1757 itidem

195 1774 309 1801 colenda
326 1779 366 1801 est
381 1774 470 1809 imago
478 1773 580 1801 Christi
591 1783 778 1810 ;consequens
789 1780 831 1802 est
843 1780 873 1802 ut
886 1775 982 1803 Tetra-

195 1819 251 1846 dita
275 1818 489 1854 deprehendaris
504 1839 511 1851 ,
539 1821 618 1847 latria
642 1820 734 1848 colens
762 1829 824 1848 cum
849 1821 983 1850 Trinitate

195 1865 342 1901 imaginem
353 1866 468 1893 Christi.
489 1866 524 1893 At
543 1874 606 1893 vero
620 1867 643 1894 si
658 1866 719 1901 quis
735 1866 898 1896 Trinitatem
914 1868 982 1896 ado-

195 1918 248 1945 ret,
267 1921 373 1941 necnon
389 1913 584 1947 etimaginem,
618 1921 673 1940 non
697 1913 766 1941 idem
791 1919 921 1948 sequetur
934 1915 983 1943 ab-

195 1961 320 1988 surdum.
339 1959 444 1986 Dictum
460 1963 502 1986 cst
517 1960 602 1991 enim,
618 1959 749 1987 honorem
760 1960 982 1989 etadorationem

196 2006 393 2035 communicari
409 2005 491 2033 etiam
509 2006 613 2033 homini
639 2006 756 2041 simplici
770 2017 777 2034 :
794 2016 849 2035 non
864 2016 929 2036 vero
950 2009 982 2036 ﬁ-

195 2055 256 2082 dem
273 2059 300 2081 et
314 2054 433 2081 latriam.
454 2053 690 2085 Quemadmodum
714 2053 788 2081 enim
811 2055 983 2082 solummodo

195 2101 223 2127 in
235 2101 341 2127 Patrem
353 2099 487 2127 etFilium
507 2104 533 2127 et
547 2099 678 2134 Spiritum
688 2105 812 2127 sanctum
829 2101 981 2129 credimus:

195 2147 236 2174 sic
250 2152 277 2173 et
289 2146 397 2173 latriam
410 2146 581 2174 exhibemus.
604 2145 651 2172 llis
671 2153 751 2173 aures
764 2146 888 2180 praebens
907 2154 982 2174 rece-

195 2194 239 2226 de,
259 2193 353 2225 frater,
374 2200 433 2225 oro,
458 2201 473 2220 a
490 2192 647 2227 vaniloquio
673 2192 786 2220 haeresis
813 2192 979 2228 szcalicae;

195 2240 252 2267 sive
266 2239 477 2271 Centucladicai,
505 2247 566 2273 qua:
590 2246 623 2265 ex
649 2238 783 2266 diametro
798 2243 900 2274 pugnat
918 2247 980 2266 eum

194 2284 413 2312 lconomacliica.
433 2283 480 2311 Sin
498 2289 600 2316 autem,
621 2284 693 2319 quod
718 2284 799 2316 absit,
817 2285 981 2320 perstiteris,

195 2332 265 2359 scito
280 2337 306 2359 te
320 2331 476 2364 nobiscum,
503 2330 545 2358 vel
559 2331 649 2366 potius
664 2339 726 2357 cum
743 2331 870 2359 omnibus
885 2332 982 2359 ortho-

196 2379 284 2410 doxis,
299 2383 403 2414 partem
419 2386 472 2405 non
487 2378 598 2405 habere.
609 2377 723 2405 Nonnisi
737 2386 808 2414 δεδι-ε
823 2379 895 2406 hanc
907 2379 942 2406 ad
957 2383 984 2406 te

194 2425 338 2461 epistolam
353 2424 464 2452 dictavi.

346 2522 424 2551 CLII.
445 2539 479 2545 -—
495 2523 630 2552 Theodoro
645 2525 774 2552 monac/to
789 2525 831 2559 (').

1033 1591 1084 1626 τῆς
1099 1593 1250 1629 Τριάδοςτδ
1263 1593 1456 1629 λατρεύεσθαι,
1472 1595 1683 1630 συλλατρεύεται
1694 1595 1724 1622 ἐν
1737 1597 1770 1631 τῇ
1787 1596 1828 1621 εἱ-

1033 1639 1092 1664 κόνι
1108 1641 1155 1665 καὶ¹
1169 1640 1183 1665 ὁ
1198 1639 1301 1675 Πατὴρ,
1319 1640 1365 1666 καὶ
1381 1639 1412 1666 τὸ
1428 1640 1550 1676 Πνεῦμα.
1564 1641 1621 1668 Καὶ
1635 1641 1662 1667 τί
1685 1641 1715 1667 τδ
1729 1641 1828 1668 ἐντεῦ-

1033 1685 1079 1712 θεν
1094 1685 1293 1719 συναγόμενον;
1305 1685 1347 1718 τὸ,
1363 1685 1464 1712 καὶτὸν
1477 1686 1588 1721 Πατέρα
1604 1687 1652 1713 καὶ
1666 1686 1698 1713 τὸ
1707 1686 1825 1721 Πνεῦμα

1035 1730 1225 1765 σεσαρκῶσθαι
1239 1738 1246 1745 ·
1266 1729 1297 1757 οὗ
1310 1731 1337 1757 τί
1351 1730 1384 1758 ἂν
1398 1731 1503 1765 γένοιτο
1519 1731 1716 1767 ἁσεὸέστερονς
1733 1732 1828 1758 Ἐπει-

1033 1775 1064 1810 δὴ
1079 1776 1107 1802 δὲ
1123 1774 1201 1808 αὖθις
1223 1776 1286 1812 φὴς,
1312 1777 1454 1813 Λατρευτὴ
1477 1777 1524 1804 καὶ
1548 1778 1564 1812 ὴ
1583 1777 1701 1812 Χριστοῦ
1720 1777 1805 1804 εἰκών
1819 1786 1827 1794 ³

1033 1822 1103 1848 κατὰ
1120 1822 1150 1848 τὸ
1166 1821 1324 1856 ἀκόλουθον,
1342 1822 1421 1849 οὐδὲν
1446 1823 1540 1858 ἁλλοῆ
1555 1823 1721 1858 Τετραδίτης
1741 1824 1828 1858 εὐρε-

1034 1867 1124 1903 Θήσῃ,
1144 1867 1286 1903 λατρεύων
1310 1868 1380 1903 μετᾶ
1405 1868 1456 1903 τῆς
1477 1868 1592 1904 Τριάδος
1612 1870 1659 1896 καὶ
1678 1871 1711 1905 τῇ
1737 1870 1828 1897 εικόνι

1033 1913 1165 1948 Χριστοῦ.
1182 1913 1219 1941 Οὐ
1237 1913 1302 1950 μὴν,
1320 1915 1360 1941 ὅτι
1378 1915 1424 1942 καὶ
1446 1915 1644 1950 προσκυνοῦντι
1660 1917 1694 1951 τῇ
1715 1915 1828 1950 Τριάδι,

1033 1959 1127 1993 ἐπειδὴ
1142 1960 1233 1996 καλ.τῇ
1252 1960 1349 1991 εικόνι.
1373 1960 1403 1987 τὸ
1419 1960 1486 1987 αὐτὸ
1505 1960 1684 1996 ἀκολουθήσει
1708 1961 1827 1989 ἄτοπον.

1033 2005 1148 2041 Εἴρηται
1167 2006 1233 2041 γὰρ,
1249 2007 1289 2033 ὅτι
1305 2007 1322 2042 ή
1340 2006 1406 2042 τιμὴ
1419 2008 1466 2033 καὶ
1486 2008 1503 2042 ἡ
1525 2007 1713 2043 προσκύνησις
1735 2016 1830 2034 κοινο-

1033 2052 1174 2078 ποιοῦνται
1186 2052 1265 2088 μέχρι
1280 2052 1328 2079 καὶ
1342 2052 1389 2079 τοῦ
1406 2053 1533 2087 τυχόντος
1540 2053 1685 2089 ἀνθρώπου
1701 2061 1708 2068 ι
1724 2054 1754 2079 οὐ
1769 2054 1829 2088 μὴν

1033 2098 1050 2133 ἡ
1063 2097 1155 2130 πίστις
1169 2100 1216 2125 καὶ
1230 2099 1247 2134 ή
1263 2099 1388 2135 λατρεία,
1407 2099 1515 2134 Ὥσπερ
1527 2099 1581 2134 γὰρ
1599 2099 1766 2135 πιστεύομεν
1781 2102 1829 2132 εἰς

1033 2144 1144 2180 Πατέρα
1168 2145 1216 2171 καὶ
1242 2145 1307 2171 Υιὸν
1329 2145 1378 2171 καὶ
1402 2145 1480 2179 ἅγιον
1500 2145 1613 2181 Πνεῦμα
1634 2146 1734 2181 μόνον’
1750 2145 1829 2173 οὕτω

1033 2191 1081 2217 καὶ
1096 2191 1275 2226 λατρεύομεν.
1291 2191 1383 2218 Ταῦτα
1399 2191 1556 2224 ἐνωτισθεὶς
1570 2191 1702 2226 ἁπόσχου,
1713 2192 1828 2227 ἁδελφὲ,

1033 2238 1194 2272 παρακαλῶ,
1209 2238 1258 2272 τῆς
1275 2239 1444 2273 κενοφωνίας
1463 2240 1509 2265 καὶ
1525 2239 1708 2274 Τζυκαλικῆς,
1736 2239 1829 2274 ἧγουν

1033 2283 1269 2319 Κεντουκλαδικῆς
1286 2284 1428 2320 αἱρέσεως,
1446 2285 1507 2320 ἥτις
1528 2285 1560 2312 ἐκ
1577 2285 1726 2320 διαμέτρου
1754 2285 1829 2319 πρὸς

1031 2330 1081 2366 τὴν
1093 2331 1311 2366 Εικονομαχικὴν
1327 2331 1517 2366 ἁντιφέρεται.
1535 2332 1566 2358 Εἰ
1581 2331 1620 2364 δὲ,
1635 2332 1704 2367 ὅπερ
1720 2331 1758 2366 μὴ
1778 2331 1828 2366 γέ-

1032 2385 1115 2409 νοιτο,
1129 2377 1279 2412 ὲπιμενεϊς,
1291 2377 1409 2411 γίνωσκε
1424 2378 1507 2412 μέρος
1521 2378 1582 2412 μεθ’
1592 2378 1671 2412 ήμῶν
1688 2378 1726 2413 μὴ
1737 2378 1826 2412 ἔχειν,

1032 2423 1133 2458 μᾶλλον
1149 2423 1178 2450 δὲ
1192 2423 1258 2458 μηδὲ
1278 2423 1347 2458 μετὰ
1363 2423 1464 2454 παντὸς
1478 2423 1630 2458 ὀρθοόόξου.
1645 2424 1722 2450 Μετὰ
1732 2423 1821 2450 πόνου

1039 2477 1084 2504 μοι
1097 2469 1162 2504 περὶ
1174 2469 1221 2495 σοῦ
1240 2468 1418 2504 ὑπηγορεωη
1434 2470 1451 2504 ἡ
1466 2469 1596 2505 ἐπιστολὴ
1609 2469 1689 2504 αὕτη.

1082 2525 1150 2552 ΡΝΒ
1173 2525 1239 2559 (44).
1258 2542 1293 2546 -
1317 2525 1457 2560 Θεοδώρῳ
1489 2526 1656 2561 portitor-rt.
1678 2526 1774 2563 [χκζ’.]

195 2581 233 2606 De
249 2581 418 2606 sacerdotibus
431 2585 455 2606 et
467 2581 576 2606 diacouis
595 2581 669 2613 lapsis
679 2589 725 2614 per
740 2581 951 2637 subscriptioneua
964 2584 990 2637 ait
1001 2580 1367 2636 cognmlunionem'hagrelicam:
1381 2585 1408 2606 et
1421 2582 1454 2606 de
1470 2581 1592 2607 Ecclesiis
1603 2589 1659 2613 qua:
1675 2581 1705 2606 ab
1716 2581 1823 2607 haereti-

890 2619 927 2637 cis
954 2619 968 2637 e
982 2619 1023 2637 me
1042 2619 1072 2636 an
1086 2619 1124 2636 ur.

890 2619 927 2637 εις
936 2619 1124 2637 detinebantur.

230 2664 376 2700 Voluptate
399 2673 453 2693 non
469 2666 594 2694 molestia
617 2675 662 2695 me
679 2667 828 2696 all‘ecerunt
841 2674 871 2695 ea
880 2666 980 2702 quibus

195 2720 239 2739 me
263 2713 447 2747 perstrinxisti
462 2734 469 2746 ,
494 2713 537 2741 vir
563 2715 720 2742 reverende.
741 2713 800 2742 Non
829 2714 901 2741 enim
919 2720 979 2739 sum

1075 2663 1220 2699 Ἣδὺνθην,
1233 2665 1282 2692 οὐκ
1306 2665 1432 2701 ὲδάχθην,
1448 2665 1492 2700 ἐφ’
1503 2663 1544 2698 οἷς
1554 2666 1669 2701 καθήψω
1696 2675 1758 2702 μου,
1781 2676 1822 2694 τι-

1036 2710 1164 2745 μιώτατε.
1189 2711 1256 2738 Οὐδὲ
1281 2711 1334 2748 γὰρ
1363 2711 1450 2745 οὕτως
1464 2712 1643 2749 ἁνουοέτητὸς
1659 2713 1726 2748 εἰμι,
1738 2713 1777 2745 ὡς
1790 2713 1821 2739 ὲν

947 2815 1058 2845 NOTAE.

230 2897 262 2930 (“)
275 2894 441 2930 υυεηιυιίρςι.

1075 2893 1130 2929 (ιι)
1147 2893 1175 2922 In
1191 2894 1253 2922 cod.
1270 2893 1336 2928 Reg.
1349 2894 1408 2930 pc'.
