1912 3080
96 137 162 170 1473

691 138 962 169 EPISTOLARUM
990 139 1064 168 LIB.
1086 138 1130 168 II.

1658 131 1726 163 1474

95 197 153 226 ταῖς
169 195 357 229 ἁγαπητικαῖς
389 193 573 228 ὕποκροὺσεσι
594 193 795 228 δυσχεραίνειν.
811 194 843 220 El
855 193 883 220 δὲ

946 194 1005 220 ideo
1025 193 1162 223 indocilis.
1190 197 1219 218 ιιι
1244 191 1349 219 amicas
1381 191 1588 227 objurgationes
1607 191 1727 225 graviter

96 242 223 276 ἑδάχθην,
238 240 269 267 οὺ
284 241 327 267 διὰ
342 241 394 274 τὴν
419 240 584 275 ὑπόμνησιν.
599 239 667 266 ἀλλὰ
689 240 734 266 διὰ
756 239 805 275 τὴν
821 239 887 266 ἐκά-

96 296 159 314 στου
174 287 299 322 αἰρεσιν·
317 286 348 318 ἐξ
364 283 396 321 ἦς
413 285 546 320 τέτμηται
560 285 590 312 τὸ
605 286 684 320 σῶμα
697 285 747 312 τοῦ
765 286 885 322 Χριστοῦ

97 333 136 362 είς
149 331 250 366 μυρίας
270 330 349 362 δόξας
375 329 575 364 διαιρούμενον.
600 329 671 364 Ἐγὼ
693 330 782 357 τοίνυν
799 330 842 356 ἵνα
854 331 886 357 ὲκ

97 377 222 412 gazaseo;
237 377 425 411 ἀφηγήσωμαι
447 375 497 409 (δεῖ
521 375 574 409 γάρ
603 384 637 410 με
663 375 887 411 ἀπολογήσασθαι

96 423 291 458 ὲγκληθέντα),
311 423 371 453 δοὺς
383 421 523 456 ἐπιτίμιον
548 421 822 456 καταναγκαζόμενος
834 421 888 448 ἀπὸ

96 468 211 504 πρώτης
227 469 342 503 ἡμέρας,
359 469 406 494 καὶ
428 467 506 494 τοῦτο
529 467 583 494 ἀπὸ
605 467 728 500 φυλακῆς
739 467 782 493 διὰ
796 475 888 502 γραμ-

97 515 209 548 μάτων·
227 514 268 540 ὅτι
294 513 342 539 καὶ
367 512 410 538 διὰ
433 512 596 547 γράμματος
613 511 630 546 ή
650 511 789 546 ἐξαίτησις
806 520 888 546 μονα-

96 561 198 592 ζόντων
214 568 244 585 τε
260 559 306 586 καὶ
327 559 483 594 ἱερωμένων
494 566 500 572 ·
520 558 598 584 τοῦτο
608 557 761 593 ἀπεκρίθην
777 557 815 589 ὡς
839 559 890 592 οὺχ

97 606 257 642 ὀριστικῶς,
271 605 340 631 ἀλλὰ
357 604 597 638 συμϐουλευτικῶς
617 603 685 638 πρὸς
707 603 774 638 ἐμοῦ
789 603 820 630 τὸ
831 604 891 629 ἐπι-

97 652 199 685 τίμιον.
218 649 267 676 Διὰ
285 649 329 681 τί;
346 649 388 675 ὅτι
400 649 449 683 οὺχ
476 649 607 684 ίεράρχης
633 647 699 682 ἐγὼ,
718 648 775 674 ἀλλ’
789 648 888 681 ἱερεὺς,

98 698 167 732 πρὶς
186 696 236 731 μὲν
261 696 325 726 τοὺς
348 695 466 726 οἰκείους
486 695 610 730 μαθητὰς
631 695 795 726 νουθετικῶς
809 695 889 731 [Βοε.

98 742 162 768 rod.
192 740 390 776 νομοθετικῶς]
410 742 543 776 ἀγόμενος
556 749 563 756 ·
582 741 650 776 πρὸς
665 741 693 767 δὲ
720 741 816 773 ἄλλους
843 742 891 776 οὐχ

95 787 184 818 οὕτως
200 795 207 801 ·
226 786 284 813 ἀλλ’
298 786 335 818 ὡς
355 786 473 820 εἴρηται,
494 786 659 821 ἀναθέμενος
684 786 730 813 τὸν
752 786 830 820 λόγον
845 787 892 812 αὺ-

98 833 156 862 τοῖς
171 832 224 862 ἕως
241 831 336 867 καιροῦ
349 832 471 867 εἰρήνης,
491 832 538 858 καὶ
551 832 703 868 τηνικαῦτα
726 833 794 868 ὅπερ
808 833 886 868 διορι-

100 878 151 912 σοῇ
168 877 247 912 παρὰ
261 877 307 904 τοῦ
324 878 475 911 ἁγιωτάτου
496 878 680 913 πατριάρχου,
695 879 744 904 σὺν
755 879 891 913 ἐπικρίσει

99 923 149 958 τῆς
166 923 249 957 ἁγίας
261 923 381 955 συνόδου,
395 924 577 956 εἰσδέξασθαι,
590 924 644 950 εἴτε
656 924 802 958 πρόσθεσιν
815 924 892 958 ἐχου-

97 977 143 1000 τος
156 968 206 995 τοῦ
217 969 368 1004 ἐπιτιμίου,
379 970 433 996 εῖτε
446 969 551 1003 ὕφεσιν.
570 969 626 996 Καὶ
646 970 696 996 οὐκ
725 969 789 1002 ἔξω,
802 967 890 1003 οἶμαι,

98 1015 145 1042 τοῦ
174 1015 281 1046 εἰκότος
309 1015 467 1050 πεποίηκα·
485 1014 582 1050 ὀρέξας
605 1017 684 1050 χεῖρα
704 1016 760 1047 τοῖς
783 1024 892 1041 πεπτω-

99 1062 161 1088 κόσι
177 1061 379 1097 φιλανθρώπως
392 1069 399 1076 θ
413 1062 443 1088 οὐ
464 1062 516 1096 μὴν
533 1062 574 1092 εἰς
585 1062 703 1097 ἐμαυτὸν
721 1061 892 1097 περιστήσας

98 1108 128 1135 τὸ
141 1109 260 1143 κράτοςο
277 1109 345 1143 ὅπερ
363 1108 488 1134 ἔκτοπον.
502 1107 534 1134 Τί
557 1108 585 1134 δὲ
610 1108 640 1134 τὸ
655 1107 793 1143 ἐπιτίμιον
806 1115 813 1139 ;
834 1116 893 1134 ποι-

98 1154 175 1180 κίλον
186 1154 234 1179 ἐπὶ
264 1153 398 1184 ποικίλοις
424 1155 479 1185 τοῖς
507 1153 705 1188 ἁμαρτήμασιν
731 1153 803 1189 [cod.
825 1152 891 1186 Reg.

99 1199 326 1235 παραπτώμασιν
387 1200 456 1236 ὅπερ
466 1199 516 1226 οὐκ
526 1199 672 1233 ἐπιστολῆς
685 1200 783 1235 μέτρον
797 1199 894 1232 ἐξαγο-

99 1247 187 1281 ρεύει.
213 1246 258 1273 Ἐν
274 1246 415 1281 κεφαλαίῳ
430 1246 459 1273 δὲ
485 1246 584 1278 εἰπεῖν,
599 1246 645 1272 τὸν
668 1246 684 1280 ἢ
706 1247 852 1280 ὑπογραφῇ
875 1245 892 1280 ἢ

99 1292 232 1327 κοινωνίᾳ
248 1292 375 1327 αἱρετικῇ
395 1292 493 1318 ἁλόντα
516 1292 604 1326 ἱερέα,
625 1291 641 1323 ἢ
657 1291 748 1322 ἁπλῶς
772 1291 894 1318 διάκονον

99 1339 246 1373 εἴργεσθαι
264 1339 422 1366 παντάπασι
439 1340 488 1374 τῆς
509 1338 665 1374 ἱερουργίας
678 1346 685 1353 ·
701 1338 769 1364 ἀλλὰ
780 1338 834 1373 γὰρ
845 1338 894 1363 καὶ

99 1386 148 1419 τῆς
165 1384 311 1416 κοινωνίας
323 1392 330 1399 ·
343 1384 411 1419 μετὰ
421 1384 451 1410 δὲ
462 1384 512 1420 τὴν
519 1384 568 1418 τῆς
577 1383 719 1418 ἐπιτιμίας
731 1383 892 1418 περαίωσιν,

98 1431 154 1456 τῶν
169 1430 221 1465 μὲν
237 1430 417 1464 ἀγιασμάτων
442 1430 577 1464 μετέχειν,
599 1424 648 1463 τττς
666 1429 694 1454 δὲ
717 1428 894 1462 λειτουργίας

99 1475 240 1511 οὐδαμῶς,
262 1476 315 1507 ἕως
339 1475 421 1509 ἁγίας
446 1475 556 1502 συνόδου
573 1482 579 1488 ·
598 1475 718 1508 εὐλογεῖν
738 1473 796 1508 δὲῆ
815 1472 893 1507 εὔχε-

937 239 1036 267 feram.
1054 238 1133 271 Quod
1157 238 1180 265 si
1204 246 1256 272 qua
1271 237 1397 264 molestia
1421 237 1483 269 fuit,
1510 243 1542 264 ea
1562 244 1616 264 non
1634 236 1728 270 utique

937 286 973 313 ob
985 284 1238 316 commonitionem,
1255 283 1303 310 sed
1319 283 1354 310 ob
1370 283 1503 318 cujusque
1518 283 1659 314 hteresim;
1673 289 1725 317 qua

937 331 1038 359 Christi
1051 337 1153 364 corpus
1174 329 1320 360 scinditur,
1340 328 1430 356 varias
1449 329 1476 354 in
1502 329 1648 362 opiniones
1658 327 1728 354 divi-

938 385 1010 405 sutn.
1027 376 1125 403 Verum
1145 379 1174 402 ut
1190 384 1205 402 a
1221 375 1356 410 principio
1374 382 1431 402 rem
1447 382 1582 409 exponam
1596 383 1603 405 ;
1620 377 1728 409 oportet

939 423 1012 451 enitn
1040 427 1069 449 ut
1093 426 1236 449 accusatus
1260 421 1394 455 mcipsum
1422 420 1583 453 defendam;
1615 420 1688 455 quod
1712 427 1727 446 a

939 470 1026 505 prima
1044 468 1087 494 die
1104 474 1199 502 poenas
1223 467 1346 501 irrogare
1361 471 1473 493 coactus
1503 465 1561 497 fui,
1585 466 1666 500 idqne
1694 474 1727 493 ex

939 521 1049 541 carcere
1061 521 1109 547 per
1125 513 1248 545 litteras;
1264 513 1394 547 quoniam
1410 513 1511 548 pariter
1532 519 1578 546 per
1595 513 1727 545 scriptum

940 559 1067 587 monachi
1085 564 1111 586 et
1128 559 1284 586 sacerdotes
1302 566 1351 592 pro
1361 566 1391 585 se
1408 559 1545 593 deprecati
1566 563 1646 590 sunt;
1663 558 1728 585 illud

939 614 990 640 ego
1009 614 1062 632 non
1077 610 1207 639 tanquam
1218 604 1358 631 definirem
1373 604 1475 638 aliquid
1487 623 1494 636 ,
1528 605 1574 630 sed
1598 608 1730 637 tanquam

940 652 1085 680 consilium
1103 651 1171 677 dans
1191 650 1316 684 respondi
1335 650 1406 676 circa
1427 657 1523 684 poenas
1535 656 1550 675 a
1567 657 1609 675 me
1625 649 1731 683 irroga-

941 702 992 724 tas.
1009 700 1066 724 Lur
1078 697 1134 724 ita?
1151 697 1281 732 quoniam
1299 704 1348 731 ego
1364 696 1508 730 episcopus
1526 703 1579 721 non
1597 703 1668 727 sum,
1683 695 1729 722 sed

942 743 1069 769 sacerdos
1080 762 1087 772 .
1103 742 1149 776 qui
1165 741 1290 776 proprios
1309 741 1420 776 quidem
1446 740 1597 775 discipulos
1613 741 1729 774 castigo,

942 788 1011 815 alios
1027 795 1092 814 vero
1110 795 1164 814 non
1180 787 1255 818 item,
1267 787 1313 814 sed
1327 787 1500 818 sententiam,
1516 793 1545 814 ut
1559 787 1662 814 dictum
1678 791 1731 819 est,

943 835 1029 871 ipsius
1046 835 1176 870 proposui
1195 842 1281 869 usque
1293 834 1325 862 ad
1342 834 1417 868 pacis
1433 839 1552 868 tempus,
1579 838 1661 868 atque
1687 833 1731 859 in-

944 883 1022 908 terim
1041 883 1066 908 id
1082 881 1230 908 admittere
1255 880 1327 915 quod
1345 888 1360 907 a
1385 880 1560 907 sanctissimo
1576 878 1731 914 patriarcha

942 928 1084 955 delinitqu
1116 931 1159 954 est
1187 934 1249 953 cum
1272 931 1373 953 sanctae
1402 926 1497 962 synodi
1523 925 1731 960 approbatione,

943 974 1000 1001 sive
1013 975 1086 1008 quod
1106 980 1215 1008 ptenam
1229 973 1420 1006 imponendam
1438 976 1561 1006 spectat,
1584 971 1642 998 sive
1658 971 1731 1005 quod

943 1018 1145 1046 remittendam.
1161 1018 1254 1052 Neque
1265 1017 1425 1052 quidquam,
1442 1022 1472 1044 ut
1488 1024 1560 1048 reor,
1578 1020 1674 1050 praeter
1686 1015 1733 1050 jus

943 1064 993 1092 feci
1012 1073 1018 1091 :
1035 1064 1121 1100 lapsis
1134 1063 1272 1091 dexteram
1290 1063 1406 1098 benigne
1423 1063 1600 1098 protendens,
1614 1069 1668 1088 non
1684 1069 1734 1088 au-

945 1115 997 1138 tem
1017 1114 1177 1145 potestatem
1198 1109 1265 1136 mihi
1291 1116 1446 1143 arrogans,
1477 1108 1549 1142 quod
1579 1111 1651 1134 certe
1677 1114 1732 1134 non

944 1155 1044 1183 decuit.
1065 1155 1195 1188 Quaanatn
1213 1161 1303 1182 autem
1322 1163 1401 1189 poena
1419 1154 1606 1181 illa?diversa
1623 1161 1671 1188 pro
1690 1152 1733 1180 di-

943 1202 1031 1229 versis
1045 1201 1164 1236 peccatis
1181 1211 1187 1228 :
1202 1201 1227 1227 id
1247 1201 1319 1235 quod
1333 1200 1472 1241 «epistolae.
1499 1199 1617 1226 brevitas
1640 1198 1734 1225 decla-

944 1255 1005 1275 rare
1021 1255 1074 1275 non
1085 1247 1160 1275 sinit.
1174 1246 1372 1274 Utsummatim
1384 1251 1476 1273 autem
1501 1245 1602 1277 dicam,
1614 1245 1734 1279 quicun-

945 1301 999 1329 que
1018 1293 1165 1326 sacerdos,
1183 1297 1213 1320 ut
1238 1301 1318 1328 porro
1344 1293 1476 1320 diaconus
1489 1292 1632 1320 convictus
1651 1290 1735 1318 fuerit

945 1340 1155 1374 subscriptionis
1176 1345 1223 1367 aut
1248 1340 1451 1367 communionis
1483 1347 1546 1366 ctnn
1585 1337 1731 1368 hzereticis,

944 1394 1060 1421 prorsus
1076 1386 1152 1413 illum
1167 1393 1182 1413 a
1196 1385 1347 1413 ministerio
1370 1393 1449 1412 sacro
1463 1385 1563 1415 arceri,
1585 1384 1733 1419 quinetiam

945 1439 960 1459 a
975 1431 1168 1459 communione
1183 1439 1189 1457 :
1202 1436 1346 1465 postquam
1363 1435 1452 1458 autent
1468 1437 1565 1464 poenas
1576 1429 1733 1460 exsolverit,

945 1482 1182 1505 sacramentorum
1201 1476 1310 1511 quidem
1327 1476 1486 1511 participem
1506 1476 1566 1503 Iieri
1581 1495 1589 1507 ,
1623 1479 1651 1502 at
1677 1481 1733 1502 non

101 1519 165 1546 σθαι
191 1520 229 1550 ὡς
251 1521 340 1545 κοινὸν
367 1519 497 1554 μοναχὸν,
510 1519 560 1554 οὐχ
585 1519 623 1549 ώς
645 1518 792 1552 ἱερωμένον
805 1526 811 1533 ·
826 1518 894 1544 ἀλλὰ

947 1522 1093 1550 ministerii
1109 1523 1179 1550 sacri
1192 1542 1200 1553 ,
1221 1529 1308 1556 usque
1324 1523 1356 1549 ad
1375 1525 1496 1548 sanctam
1511 1523 1647 1556 synodum
1662 1528 1668 1546 :
1687 1520 1734 1548 sed

100 1565 150 1592 καὶ
164 1565 246 1592 τοῦτο
260 1566 331 1600 μετὰ
357 1565 559 1600 συμπλήρωσιν
580 1564 786 1599 ὲπιτιμητικήν.
807 1563 853 1593 Εἰς
865 1572 895 1589 τε

100 1611 152 1643 τὰς
181 1612 236 1638 ὑπὸ
259 1612 407 1647 αἱρετικῶν
428 1610 614 1645 κατεχομένας
629 1609 780 1644 ἐκκλησίας
793 1610 829 1644 μὴ
842 1610 899 1636 είσ-

104 1657 183 1689 ιέναι,
211 1658 281 1692 μήτε
305 1658 353 1684 ἐὰν
374 1657 441 1692 ὲαθῇ
478 1657 552 1688 ναὸς,
576 1655 738 1691 κρατεῖσθαι
752 1655 804 1681 ὑπὸ
819 1655 898 1690 6900-

101 1702 180 1735 δόξου
196 1704 267 1738 μετὰ
281 1704 311 1730 τὺ
322 1705 410 1730 ἐκεῖσε
433 1704 576 1738 αἱρετικὰς
600 1702 740 1737 ἀναφορὰς
761 1702 898 1736 γενέσθαι,

103 1749 275 1785 λειτουργεῖν
283 1750 327 1776 τὸν
335 1749 488 1786 ὀρθόδοξον,
498 1749 562 1776 ἄνευ
576 1748 679 1780 λύσεως
691 1747 898 1783 ὀρθοδοξοῦντος

103 1796 259 1823 ἐπισκόπου
264 1817 270 1823 .

146 1886 227 1912 Ἐπεὶ
239 1885 288 1913 οὖν
313 1885 424 1921 εὐδοκία
441 1885 509 1912 Θεοῦ
528 1885 682 1921 ἀφείθημεν
703 1885 758 1912 τῶν
772 1883 900 1920 φυλακῶν

104 1933 154 1958 καὶ
182 1932 363 1967 συνήφθημεν
388 1931 427 1967 τῷ
453 1940 483 1958 τε
506 1933 651 1968 ἁγιωτάτῳ
665 1933 835 1968 πατριάρχῃ,
852 1930 900 1957 καὶ¹

104 1979 162 2009 τοῖς
187 1978 278 2010 ἁγίοις
302 1978 473 2009 ἐπισκόποις,
492 1978 561 2013 πρὸς
587 1979 615 2005 δὲ
645 1979 692 2005 καὶ
713 1978 797 2009 ὁσίοις
815 1978 897 2012 ἡγου-

108 2024 202 2058 μένοις
226 2024 378 2058 ἁνεθέμεθα
390 2024 453 2054 τοὺς
467 2023 573 2057 λόγους,
602 2024 649 2050 καὶ
673 2023 723 2049 οὐκ
753 2021 898 2058 ἐμέμφθη-

107 2077 159 2103 μεν
197 2067 275 2103 παρά
304 2077 375 2099 τινος
399 2069 428 2094 ὲν
454 2068 562 2094 οὐδενί·
592 2068 608 2103 ἢ
635 2068 715 2103 μόνον
747 2067 815 2102 πρὸς
841 2067 899 2098 ἐνὸς

105 2114 155 2141 ἐπὶ
173 2114 215 2148 τῷ
226 2114 348 2147 εὐλογεῖν
360 2122 367 2128 ·
381 2110 457 2147 ᾧτινι
483 2113 707 2149 ἀπεκρινάμεθαᾷ
728 2113 769 2139 ὅτι
789 2114 813 2139 εἰ
828 2121 899 2148 μεμ-

105 2162 210 2187 πτέον·
234 2159 395 2195 Ἐξενεχθῇ
415 2160 483 2194 ὄρος
500 2160 580 2193 παρὰ
605 2159 659 2194 τῆς
678 2159 830 2194 κεφαλῆς·
852 2159 900 2186 καὶ

948 1567 1110 1594 benedicere
1121 1572 1149 1594 et
1165 1574 1244 1594 orare
1256 1572 1386 1601 tanquam
1404 1566 1569 1593 monachum
1591 1566 1734 1597 duntaxat,

949 1622 1003 1641 non
1022 1619 1051 1641 ut
1063 1614 1231 1642 sacerdotem
1247 1622 1253 1640 :
1268 1613 1314 1640 sed
1327 1621 1415 1648 neque
1431 1613 1456 1639 id
1474 1613 1633 1648 priusquam
1648 1613 1736 1647 ι)ωηί-

948 1661 1061 1688 tentiam
1072 1660 1222 1695 expleverit
1237 1668 1243 1686 :
1259 1667 1348 1693 neque
1361 1658 1466 1693 ingredi
1481 1659 1507 1686 in
1524 1658 1656 1686 ecclesias
1675 1665 1736 1692 quae

949 1707 983 1734 ab
1000 1707 1135 1734 haereticis
1150 1711 1288 1737 tenentur,
1304 1713 1403 1740 neque,
1420 1706 1442 1733 si
1459 1705 1587 1740 templum
1597 1709 1658 1739 post
1672 1712 1735 1739 per-

950 1757 1026 1780 actas
1054 1751 1092 1778 ibi
1109 1751 1251 1778 hazreticas
1265 1751 1432 1782 oblationes,
1459 1757 1474 1776 a
1503 1749 1637 1777 catholico
1650 1749 1736 1776 teneri

948 1797 1098 1832 contingat,
1126 1796 1153 1823 in
1169 1804 1202 1823 eo
1222 1804 1300 1823 sacra
1317 1796 1407 1822 lacere
1422 1795 1616 1827 orthodoxum,
1632 1794 1736 1829 absque

948 1843 1083 1878 permisso
1096 1842 1216 1877 episcopi
1227 1841 1383 1868 orthodoxi.

984 1888 1100 1921 Quando
1114 1888 1206 1923 igitur,
1227 1887 1273 1914 Dei
1301 1887 1469 1922 benignitate
1479 1906 1486 1919 ,
1502 1886 1609 1914 dimissi
1625 1894 1658 1913 ex
1672 1893 1736 1913 car-

949 1943 1021 1968 cere.
1039 1940 1066 1962 et
1080 1943 1141 1962 cum
1158 1934 1333 1962 sanctissimo
1350 1933 1505 1968 patriarcha
1523 1937 1550 1960 et
1561 1933 1663 1960 sanctis
1678 1932 1736 1967 epi-

949 1981 1040 2016 scopis
1067 1981 1202 2009 conciliati
1237 1988 1349 2011 sumus,
1377 1985 1459 2014 atque
1496 1981 1606 2014 insuper
1634 1980 1737 2007 sanctis

949 2026 1102 2061 praepOsitis
1121 2025 1254 2052 rationem
1271 2024 1448 2056 reddidimus,
1474 2033 1562 2060 neque
1584 2025 1638 2052 ulla
1657 2026 1684 2052 in
1709 2033 1738 2052 re

948 2072 982 2099 de
1003 2071 1084 2099 nobis
1113 2071 1259 2106 quisquam
1295 2075 1461 2106 conquestus
1490 2077 1554 2104 est,
1583 2072 1636 2099 nisi
1666 2080 1739 2099 unus

949 2118 977 2145 in
993 2126 1025 2146 eo
1041 2118 1112 2152 quod
1129 2122 1233 2152 spectat
1255 2117 1289 2144 ad
1316 2118 1546 2151 benedictionem;
1561 2119 1605 2146 cui
1622 2119 1672 2146 hoc
1695 2126 1739 2145 re-

950 2162 1130 2197 spondimus:
1148 2162 1176 2188 Si
1190 2161 1369 2189 olt‘ensiouem
1386 2162 1467 2190 habet
1482 2163 1555 2190 istud
1573 2172 1580 2190 :
1597 2162 1674 2190 Mons
1692 2170 1739 2190 es-

103 2209 190 2242 ἡμεῖς
209 2207 367 2242 σιωπῶμεν.
396 2207 477 2233 Ὥστε
495 2207 519 2233 oi
545 2206 734 2241 ἐγκαλοῦντες,
754 2207 791 2242 μὴ
814 2207 891 2242 ἡμῖν,

946 2209 1015 2235 risus
1028 2212 1066 2234 est
1076 2208 1108 2234 ab
1117 2208 1173 2242 ipso
1182 2208 1277 2235 vertice
1289 2207 1367 2241 37-“;
1378 2217 1428 2236 nos
1437 2216 1501 2236 vero
1515 2209 1657 2236 silebimus
1671 2218 1677 2236 ι
1692 2216 1739 2237 σοι

106 2253 182 2280 ἀλλὰ
200 2254 259 2285 τοῖς
291 2254 396 2288 κυρίοις
417 2253 579 2284 ἐπισκόποις
607 2252 813 2286 ἐγκαλείτωσαν
827 2260 833 2266 ·
859 2249 900 2283 οἷς

105 2301 191 2335 ἡμεῖς
216 2300 240 2326 of
255 2300 371 2331 εὐτελεῖς
386 2300 431 2325 καὶ
449 2299 590 2335 ὕφειμένοι
605 2299 733 2333 ἑπόμενοι
748 2306 755 2313 ·
770 2298 817 2325 καὶ
833 2299 898 2333 παρ’

105 2347 200 2373 αὐτῶν
229 2346 440 2380 ἀναγκαπικῶς
465 2347 683 2381 προτρεπόμενοι
717 2345 797 2380 μέχρι
814 2345 900 2379 σήμε-

108 2401 156 2424 ρον
182 2391 231 2418 καὶ
257 2391 400 2426 ἐδώκαμεν
435 2391 562 2427 ἐπιτίμια
604 2392 675 2418 κατὰ
705 2391 750 2417 τὸν
783 2390 899 2426 εἰρημέ-

107 2447 154 2465 νον
179 2439 294 2473 εἱρμῆν,
318 2438 365 2465 καὶ
400 2438 571 2472 ὲπιδιόοὖμεν
617 2437 699 2464 ὁπότε
721 2437 801 2472 τύχῃ.
833 2437 902 2463 Σκο-

111 2485 253 2510 πείτωσαν
265 2483 294 2509 δὲ
311 2485 334 2510 οἱ
347 2483 576 2518 φιλεγκλήμονες,
593 2483 691 2518 μήπως
714 2481 760 2508 τὸν
784 2481 903 2508 κώνωπα

110 2529 292 2561 διῡλίζοντες,
315 2529 445 2564 λελήθασι
462 2530 513 2562 τὴν
537 2528 661 2563 κάμηλον
684 2526 880 2558 καταπίνοντες
894 2535 901 2542 ·

111 2577 161 2603 καὶ
171 2576 206 2602 τὰ
218 2575 312 2610 κάρφη
324 2575 515 2610 ψηλαφῶντες,
532 2575 581 2601 οὐκ
607 2573 781 2600 αἰσθάνονται
793 2573 842 2608 τὴν
858 2572 902 2599 δο-

110 2622 162 2648 κὸν
175 2621 385 2656 περιφέροντες.
408 2621 505 2656 Ἡμεῖς
514 2618 561 2647 οὖν
570 2620 653 2650 οὕτω,
664 2619 810 2653 θεοτίμητε
826 2617 903 2645 ἁδελ-

111 2667 157 2702 φὲ,
176 2667 216 2697 ὡς
233 2667 286 2693 ὑπὸ
314 2666 373 2703 Θεῷ
396 2667 515 2702 μάρτυρι
542 2666 717 2702 διεγενόμεθα
747 2665 904 2701 συμπαθείᾳ

112 2713 159 2739 καὶ
172 2712 347 2748 φιλαδελφίᾳ,
360 2712 390 2738 οὺ
408 2712 479 2738 κατὰ
503 2711 683 2746 πρόσκλησιν.
701 2711 718 2747 ἦ
739 2720 800 2738 τινα
817 2710 901 2744 ἄλλην

113 2758 295 2793 περιπέτειαν
307 2757 489 2793 ἀνθρωπίνην.
515 2757 545 2788 ὀ
565 2757 599 2783 δὲ
626 2757 788 2792 ταράσσων
813 2755 901 2791 ἡμᾶς,

116 2804 197 2838 φησιν
222 2804 236 2829 ὁ
257 2803 427 2835 Ἀπόστολος,
451 2803 603 2835 βαστάσει
635 2803 669 2829 τὸ
695 2803 794 2838 κρῖμα,
819 2803 904 2834 ὅστις

116 2848 154 2875 ἂν
168 2845 199 2883 ᾖ.

151 2906 210 2922 ¹’”³⁸
225 2906 293 2934 Dan.
309 2915 341 2940 ιι,
353 2907 397 2934 54.
435 2908 458 2924 θ’
474 2908 569 2936 Matth.
586 2916 635 2942 vn,
655 2909 686 2942 ὃς
712 2917 791 2942 xxnt,
803 2909 848 2936 “Li.

953 2258 1094 2281 cusatores
1107 2253 1190 2288 igitur
1199 2261 1252 2280 non
1266 2253 1323 2288 jam
1335 2261 1396 2285 nos,
1408 2255 1455 2282 sed
1472 2255 1599 2282 dominos
1610 2258 1740 2282 accusent

952 2299 1107 2334 episcopos,
1126 2305 1196 2333 quos
1217 2299 1358 2332 sequimur
1382 2305 1433 2326 nos
1449 2299 1566 2326 humiles
1583 2304 1610 2326 et
1630 2299 1737 2326 infimi:

953 2350 1034 2380 atque
1051 2345 1085 2372 ab
1100 2344 1133 2372 iis
1145 2345 1223 2378 quasi
1241 2352 1289 2378 per
1306 2345 1359 2372 vim
1384 2345 1494 2380 impulsi
1516 2345 1549 2372 ad
1565 2346 1638 2372 hunc
1652 2353 1739 2380 usque

953 2391 1035 2423 diem,
1049 2395 1076 2418 et
1086 2399 1182 2426 poenas
1199 2391 1380 2426 imposuimus
1395 2399 1428 2419 eo
1442 2399 1523 2426 quem
1537 2392 1655 2419 diximus
1674 2393 1738 2426 ritu,

951 2441 979 2464 et
993 2445 1054 2464 cum
1069 2444 1138 2472 opus
1148 2441 1189 2465 est
1204 2437 1380 2472 imponimus.
1397 2438 1513 2466 Videant
1533 2443 1621 2466 autem
1636 2439 1741 2466 delato-

951 2491 996 2511 res
1021 2483 1079 2515 illi,
1103 2491 1137 2511 ne
1163 2484 1278 2511 culicem
1295 2485 1464 2515 excolantes,
1481 2485 1616 2513 camelum
1637 2485 1739 2513 incauti

951 2529 1136 2564 deglutiant“
1154 2538 1161 2556 :
1178 2537 1246 2557 neve
1264 2529 1328 2556 dum
1346 2530 1482 2564 vestigant
1493 2529 1623 2559 festucas.
1636 2532 1738 2558 trabem

951 2575 1129 2603 circumferre
1149 2583 1179 2604 se
1195 2583 1250 2603 non
1268 2577 1401 2604 sentiant.
1424 2575 1479 2603 Nos
1505 2577 1599 2610 igitur.
1626 2577 1710 2603 frater
1725 2585 1739 2603 a

952 2621 1008 2649 Deo
1025 2622 1170 2655 honorate,
1193 2622 1234 2650 sic
1248 2627 1378 2657 tanquam
1393 2622 1445 2649 sub
1463 2621 1518 2649 Deo
1533 2626 1602 2649 teste
1616 2630 1741 2656 persevec

952 2669 1075 2695 ravimus
1104 2669 1130 2695 in
1153 2669 1296 2696 concordia
1324 2674 1351 2696 et
1371 2669 1538 2704 benignitate
1562 2669 1589 2695 in
1617 2670 1740 2702 fratrem,

955 2722 1009 2742 non
1028 2715 1105 2749 juxta
1121 2715 1330 2750 propensionem
1345 2715 1441 2746 animi,
1455 2721 1500 2741 aut
1515 2714 1627 2742 alterius
1645 2715 1742 2740 huma-

956 2762 984 2789 ni
1001 2761 1112 2789 afl'ectus
1129 2763 1320 2788 temeritatem.
1338 2761 1390 2794 Qui
1415 2766 1503 2788 autem
1518 2761 1656 2788 conturbat
1681 2769 1740 2789 nos,

958 2808 995 2834 ait
1005 2807 1435 2843 Apostolus.partabiljudicium,
1445 2808 1590 2843 quicunque
1603 2812 1638 2834 est
1651 2806 1696 2834 ille
1706 2807 1739 2833 ‘°.

887 2910 909 2925 ’⁰
927 2909 1014 2937 Galat.
1030 2917 1055 2942 v,
1076 2908 1117 2936 l0.
