1912 3080
198 127 230 159 4‘.

181 127 251 160 1475
774 129 790 157 S

366 185 457 213 XLIII.
471 201 506 206 —
520 186 666 213 Laurentio
678 185 735 220 [ilio
747 187 790 219 (‘).

774 129 804 158 S.
819 102 1014 157 TIIEdDORl
1033 120 1207 156 STUDIT/ﬁ

1735 116 1809 149 1476

1105 185 1180 212 ΡΝΓ¹
1196 181 1263 218 (45).
1278 195 1312 201 -
1326 178 1496 214 Λαυρεντίῳ
1524 176 1630 210 τέκνῳ.
1647 173 1743 211 [χλβ’.]

350 243 387 269 Ne
399 245 442 269 ﬁat
452 244 547 269 oblatio
559 249 585 270 et
605 252 648 270 res
660 252 730 270 sacra
742 253 788 276 pro
807 246 911 276 quodam
928 245 971 275 qui
983 251 1010 269 se
1023 244 1113 274 laqueo
1133 241 1307 269 suspenderat,
1320 238 1365 263 sed
1378 237 1459 262 solum
1472 235 1644 264 cleemOsyna.

216 300 255 327 Ad
275 306 356 326 aures
371 303 480 325 nostras
501 299 625 333 pervenit.
644 298 762 331 facinus,
779 299 816 325 [ili
831 298 971 330 Laurenti,
985 298 1011 328 A

183 346 256 382 quod
282 345 345 372 tuali
372 344 506 371 daemonis
539 345 669 371 instinctu
699 345 727 371 in
752 344 972 371 Antisarensium

181 390 322 425 Comopoli
337 394 475 424 patratum
489 394 531 417 est
545 399 552 422 ;
565 389 680 424 ejusque
695 397 777 416 causa
798 389 973 416 vehementer

182 436 377 470 ingemuimus,
392 439 449 462 tum
466 442 498 462 ex
511 435 650 462 communi
666 435 723 469 lege
740 435 865 461 humanze
879 434 972 462 chari-

182 481 246 508 tatis
258 501 265 513 ,
282 485 339 507 tum
358 480 422 515 quia
447 480 524 507 fratri
539 479 692 507 Athanasio
717 479 970 515 protopresbytero,

182 527 262 561 cujus
278 534 340 561 ergo
355 526 490 553 adductus
502 534 561 552 sum
586 531 616 552 ut
641 526 789 552 scriberem
803 544 811 556 ,
840 525 973 559 sanguine

180 574 293 608 junctus
307 578 366 599 erat
380 573 402 600 is
417 573 463 608 qui
479 573 598 607 seipsum
618 571 785 607 praefocavit.
802 570 824 598 0
835 573 971 606 tragicum

182 619 366 654 spectaculum
380 620 386 645 l
403 619 542 645 hominem
559 619 723 645 honoratum
735 637 742 650 ,
767 617 901 651 indigenis
918 616 969 644 loci

182 665 402 695 antecellentem,
428 664 470 690 cui
495 664 598 690 allalim
617 663 681 690 vita:
703 662 826 689 subsidio
841 666 971 697 suppete-

183 711 258 741 bant,
272 711 360 737 virum
378 710 549 744 prudentem,
563 709 589 735 iu
607 709 778 736 orationibus
791 709 970 742 precibusque

182 755 345 788 assiduum,
362 760 443 789 atque
463 755 490 781 in
508 754 615 787 reliquo
640 754 701 781 vitae
715 762 797 781 cursu
813 754 968 788 probatum,

183 809 244 829 cum
263 801 332 828 nihil
349 801 493 828 accidisset
509 801 612 827 sinistri
628 804 752 831 eventus,
768 808 829 834 quae
848 807 969 834 persaepe

182 855 264 874 causa
279 851 322 874 est
337 847 371 874 ab
386 847 473 874 (.ﬂicio
490 846 668 878 deﬂectcudi;
685 846 725 872 sic
742 846 768 872 in
787 845 860 872 nulla
875 853 966 872 rerum

181 893 386 928 perturbatione
400 893 425 919 id
443 893 553 920 sceleris
569 892 723 923 admisisse,
738 897 766 918 ut
784 892 909 926 laqueum
924 891 966 918 in-

182 939 286 966 dueret.
312 938 343 971 0,
360 943 387 965 et
402 939 502 965 iterum
520 938 608 965 dicam
622 957 630 969 ,
649 937 834 964 detestandam
848 944 943 963 vocem
959 937 964 963 Ι

1063 295 1210 322 Ἀκουστὸν
1224 295 1291 328 ἡμῖν
1307 291 1427 326 ἐγένετο,
1439 289 1535 315 τέκνον
1559 287 1721 323 Δαυρέντιε,
1747 285 1816 321 ὅπερ

1025 343 1057 368 ἐκ
1072 341 1119 368 τοῦ
1129 339 1254 375 πονηροῦ
1265 338 1392 372 δαίμονος
1409 333 1536 368 ἐτελέσθη
1547 332 1640 368 δρᾶμα
1657 332 1686 358 ἐν
1700 332 1734 366 τῇ
1755 330 1818 356 Ἀν-

1023 388 1144 421 τισάρων
1168 385 1242 421 [cod.
1261 383 1330 418 Reg.
1363 379 1543 416 Ἀντιζάρχῳ]
1567 377 1741 412 κωμοπόλει·
1768 375 1819 402 καὶ

1023 431 1208 467 ὲστενάξαμεν
1221 429 1267 458 ἐπ’
1283 429 1356 464 αὑτῷ
1374 427 1512 463 μεγάλως,
1524 425 1572 452 καὶ
1583 423 1654 450 κατὰ
1666 423 1712 450 τὸν
1725 422 1817 449 κοινὸν

1022 479 1106 513 νόμον
1122 478 1172 512 τῆς
1187 475 1361 511 ἀνθρωπίνης
1390 473 1513 506 ἀγάπης,
1542 470 1590 497 καὶ
1616 469 1686 495 διότι
1708 468 1754 501 ἀφ’
1772 467 1818 513 αῖ-

1024 532 1109 556 ματος
1125 522 1172 549 τοῦ
1189 521 1304 555 ἀδελφοῦ
1322 518 1484 546 Ἀθανασίου
1500 517 1548 543 καὶ
1569 512 1818 551 πριυτοπρεσΰυτέ-

1023 578 1070 604 pou
1087 569 1144 604 (ὑφ’
1157 564 1188 594 οὗ
1216 567 1264 594 καὶ
1277 565 1397 601 κινηθεὶς
1410 562 1520 599 γράφω)
1538 563 1616 588 ἐστὶν
1635 561 1649 586 ὁ
1667 561 1820 593 ἀπαγχονι-

1022 615 1105 646 σθείς.
1123 615 1155 640 Ὢ
1170 613 1287 647 φοϐεροῦ
1304 611 1519 646 τραγῳδήματος
1534 607 1696 642 ῑᾶνθρωπος
1712 606 1740 631 ἐν
1749 605 1819 639 τιμῇ

1020 660 1068 693 ὢν,
1083 660 1303 695 προφερέστερος
1314 659 1367 684 τῶν
1377 658 1466 682 ἐκεῖσε
1482 654 1663 689 αὐτοχθόνων,
1674 652 1819 686 αὐτάρκης

1021 706 1093 733 κατὰ
1108 706 1153 732 τὸν
1170 705 1238 740 βίον,
1252 704 1323 740 ἀνὴρ
1346 702 1467 732 συνετὸς,
1482 698 1699 735 προσκαρτερῶν
1722 697 1820 731 εὐχαῖς

1018 762 1048 779 τε
1062 753 1109 779 καὶ
1120 753 1241 787 δεήσεσι,
1251 751 1300 777 καὶ
1314 751 1347 785 τῇ
1359 749 1440 784 λοιπῇ
1451 748 1501 782 τῆς
1511 746 1585 781 ζωῆς
1601 746 1697 779 ἀγωγῇ
1709 743 1819 778 ἐμπρέ-

1019 808 1077 825 πων
1089 807 1096 814 ·
1115 798 1229 833 μηδενὸς
1244 794 1440 831 περιστατικοῦ
1457 792 1675 827 συμϐεϐηκότος,
1691 789 1721 822 ἐξ
1730 787 1820 823 οὗπερ

1018 844 1148 875 πολλάκις
1165 843 1223 870 ἔστι
1242 840 1456 878 περιτρέπεσθαι
1467 839 1514 865 τοῦ
1527 838 1633 868 δέοντος
1644 835 1716 862 κατά.
1729 844 1754 860 τι
1772 843 1820 868 μι-

1017 891 1082 925 κρόν
1092 899 1099 906 ι
1109 890 1195 919 οὕτως
1202 890 1230 915 ἑν
1237 887 1374 923 ἀταραξίᾳ
1383 885 1556 921 πραγμάτων
1564 882 1722 918 τηλικοῦτον
1732 880 1820 907 κακὸν

1017 935 1226 972 ἀπεργάσασθαι
1239 931 1541 970 ἀγχόνῃχρησάμενοςι
1554 930 1596 961 Ὢ,
1608 929 1654 955 καὶ
1664 925 1819 961 αὖθιςὲρῶ,

183 985 263 1012 Tales
279 989 344 1013 sunt
358 984 458 1012 diaboli
473 984 701 1011 machinationes.
720 983 771 1010 Ille
791 983 925 1010 homicida
935 983 967 1010 ab

1038 983 1068 1014 ἧς
1094 980 1235 1015 ἀπευκτῆς
1258 980 1351 1014 φωνῆς
1379 978 1453 1014 [cod.
1467 977 1533 1012 Reg.
1552 974 1651 1010 ἀκοῆς]
1672 975 1678 1000 ι
1696 972 1821 1000 Τοιαῦτα

181 1031 271 1062 initio,
285 1036 314 1057 ut
324 1030 362 1058 ait
378 1030 510 1058 Dominus
521 1031 554 1058 ".
569 1030 617 1058 llle
631 1030 750 1065 primum
759 1030 869 1065 quidem
888 1029 970 1056 Achi-

182 1075 285 1110 tophel,
302 1076 402 1103 deinde
414 1074 511 1102 Judam
526 1075 615 1110 adegit
628 1075 661 1102 ad
676 1075 854 1110 suspendium
873 1083 880 1101 :
897 1079 924 1102 et
937 1075 970 1102 ad

182 1121 254 1148 hanc
272 1127 359 1154 usque
379 1120 451 1147 diem
472 1127 525 1146 non
552 1123 643 1146 cessat
664 1119 736 1146 idem
755 1119 923 1154 persuadere
938 1118 971 1144 iis

182 1166 228 1201 qui
242 1166 292 1200 ipsi
309 1166 510 1200 obtemperant.
524 1165 636 1192 Duobus
650 1169 752 1197 autem,
765 1164 872 1199 opinor,
883 1163 972 1191 modis

183 1211 322 1236 imminent
341 1210 486 1244 pra'datur.
500 1210 570 1236 sicut
583 1209 751 1243 experientia
765 1209 970 1243 comperimus:

183 1262 230 1283 aut
251 1264 283 1283 ex
310 1256 405 1282 dolore
431 1256 522 1282 contis
535 1255 742 1288 inconsolabili,
760 1259 807 1282 aut
826 1262 859 1282 ex
875 1254 972 1281 insana

183 1301 340 1334 cupiditate,
350 1301 475 1327 tenebras
483 1300 634 1330 omirtdens.
644 1304 670 1327 et
677 1299 866 1335 pessumdaus.
873 1299 973 1332 Quem-

186 1347 331 1374 admodum
345 1346 417 1373 enim
436 1346 464 1373 in
476 1347 632 1379 homicidio,
648 1346 690 1373 vel
702 1346 837 1374 adulterio
850 1366 858 1378 ,
880 1346 924 1373 vel
945 1346 972 1372 in

184 1393 291 1420 exteris
303 1392 425 1427 ﬂagitiis,
443 1393 570 1420 tenebras
587 1392 698 1419 exhibet
713 1392 792 1426 quasi
816 1392 919 1423 lucem,
946 1396 974 1418 et

185 1445 310 1464 amarum
326 1441 355 1464 ut
371 1437 470 1470 dulce;
485 1444 572 1471 neque
588 1436 672 1468 enim,
695 1436 748 1463 nisi
774 1436 811 1463 ita
825 1436 927 1463 sentire
940 1435 974 1462 de

186 1483 268 1510 rebus
288 1483 406 1514 doceret,
422 1483 514 1509 venari
535 1487 563 1510 et
573 1490 671 1517 capere
688 1490 738 1510 nos
754 1487 847 1517 posset
866 1490 873 1508 :
890 1481 930 1508 sic
947 1486 974 1508 et

187 1530 213 1556 in
224 1530 382 1564 suspendio,
392 1529 499 1556 dulcem
512 1529 575 1556 fecit
587 1534 713 1561 mortem,
725 1528 846 1556 tenebris
855 1531 972 1555 tuentem

186 1575 311 1607 obduxit,
328 1575 432 1610 peregit
446 1575 634 1610 suspendium.
651 1574 738 1602 Credo
748 1574 891 1609 equidem;
906 1581 975 1608 qua-

187 1622 221 1649 lis
234 1628 276 1649 est
289 1622 371 1649 draco
389 1622 443 1654 ille,
458 1626 486 1649 et
500 1629 581 1655 quam
595 1621 687 1648 multis
703 1621 866 1656 praestigiis;
885 1620 974 1647 horni-

187 1675 236 1695 uee
247 1668 349 1702 ubique
364 1667 511 1700 interimct,
524 1667 576 1694 hoc
587 1667 669 1694 istum
682 1667 774 1698 modo,
787 1666 869 1692 alium
880 1665 972 1697 aliter;

188 1721 237 1741 nec
250 1714 395 1749 quisquam
410 1719 451 1740 est
465 1713 512 1747 qui
531 1712 591 1747 ejus
618 1711 728 1746 pedicas
739 1711 851 1744 evadat,
870 1711 975 1745 absque

188 1759 234 1787 Dei
253 1760 365 1791 auxilio,
379 1759 451 1794 quod
466 1758 553 1785 aderit
574 1757 676 1784 viventi
694 1757 809 1784 ﬁdeliter
823 1764 891 1783 cum.
901 1762 974 1784 metu

187 1811 214 1834 et
231 1804 449 1839 tremore,juxta
464 1804 550 1839 ipsius
567 1804 726 1830 mandatum
739 1803 773 1829 ".

225 1894 279 1921 Sed
295 1894 327 1921 ad
342 1893 494 1920 institutum
512 1892 604 1919 veniat
619 1892 718 1919 oratio.
733 1891 899 1927 Signiﬁcasti
913 1899 974 1918 om-

189 1949 238 1968 nes
254 1940 307 1967 loci
326 1939 398 1966 illius
422 1938 525 1966 incolas
553 1938 674 1965 aversari
689 1937 801 1965 domum
816 1937 904 1972 ipsius
917 1957 925 1969 ,
948 1943 976 1965 et

190 1996 315 2019 uxorem,
332 1993 359 2015 et
374 1987 485 2019 liberos,
504 1994 593 2022 neque
607 1990 796 2018 contrectare,
819 1985 903 2016 velle.
929 1990 976 2013 aut

190 2035 323 2068 attingere
345 2033 505 2068 quidquam,
528 2040 560 2060 ac
576 2040 610 2060 ne
629 2039 725 2067 panem
745 2032 854 2066 quidem
881 2036 976 2059 mutuo

189 2081 295 2108 datum.
311 2079 343 2106 Et
358 2079 468 2114 quidem
485 2078 508 2106 si
520 2078 590 2113 ejus,
606 2078 653 2113 qui
669 2086 699 2105 se
714 2078 904 2113 strangulavit,
928 2077 977 2105 fa-

189 2126 311 2153 miliares
325 2125 419 2152 dicunt
434 2129 506 2152 recte
523 2125 598 2152 illum
615 2124 724 2157 fecisse,
741 2132 825 2159 seque
839 2130 933 2159 optare
947 2129 977 2153 ut

190 2172 243 2200 sibi
261 2171 332 2199 idem
347 2172 436 2198 exitus
451 2171 592 2205 contingat
607 2179 613 2204 ;
645 2170 743 2197 merito
758 2171 953 2205 relinquuntur
967 2179 974 2204 ;

190 2226 346 2254 quanquam
363 2225 451 2252 neque
474 2217 500 2244 id
520 2217 624 2244 statim.
642 2217 792 2252 Oportebat
807 2217 880 2244 enim
900 2218 976 2252 prius

189 2274 239 2294 eos
253 2265 361 2297 docere,
379 2264 542 2295 illuminare,
560 2264 665 2290 hortari
687 2268 716 2290 ut
742 2263 865 2298 fugerent
880 2263 975 2290 interi-

189 2317 246 2339 tum
262 2321 268 2339 :
282 2312 334 2338 hoc
359 2310 431 2338 enim
452 2309 672 2337 Christianorum
699 2313 742 2336 est
766 2318 772 2336 :

189 2358 356 2390 amantium;
381 2357 445 2392 quia
467 2361 494 2383 et
516 2355 733 2389 Dominus,cum
746 2355 829 2382 sciret
857 2355 922 2389 quid
938 2355 978 2382 fa-

190 2412 286 2432 cturus
310 2408 384 2432 esset
398 2403 482 2431 Judas
496 2423 504 2435 ,
530 2403 623 2430 multis
637 2402 833 2429 benevolentia
858 2402 976 2435 indiciis,

190 2451 350 2485 idoneisque
367 2451 401 2477 ad
417 2450 616 2485 correptionem
638 2448 860 2483 praedictionibus
884 2448 977 2476 deter-

191 2505 251 2523 rere
267 2497 342 2524 illum
356 2497 515 2528 conabatur,
531 2503 570 2523 va:
585 2495 635 2529 ipsi
654 2495 818 2522 denuntians
829 2515 836 2527 ,
853 2501 880 2522 et
892 2502 976 2529 expe-

190 2544 248 2570 dire
262 2543 355 2571 dicens
366 2549 395 2571 ut
407 2548 487 2571 natus
502 2551 555 2569 non
564 2547 637 2570 esset
653 2542 735 2568 homo
749 2541 793 2568 ille
803 2541 836 2568 Ν.
857 2541 908 2568 Sed
923 2549 975 2568 non

190 2588 323 2615 intellexit
339 2588 431 2616 miser.
452 2587 530 2621 Quod
547 2588 590 2619 si,
609 2590 639 2613 ut
664 2586 704 2614 ais
717 2605 725 2618 ,
745 2591 772 2613 et
793 2586 868 2613 illum
884 2586 975 2621 lugent

190 2634 238 2669 qui
253 2634 348 2662 eodem
364 2642 396 2661 ac
412 2633 496 2661 Judas
510 2633 593 2660 exitio
605 2632 695 2667 periit,
708 2635 735 2659 et
757 2631 791 2659 ab
804 2632 876 2659 omni
896 2631 975 2658 Citri-

1020 1026 1068 1054 τοῦ
1082 1026 1205 1053 διαῦόλου
1216 1025 1250 1051 τὰ
1261 1025 1369 1060 μηχανή
1375 1023 1593 1058 ματα..Ἐκεῒνος
1611 1018 1822 1053 ἀνθρωποκτό-

1021 1081 1075 1104 νος
1085 1072 1135 1099 ἀπ’
1148 1070 1256 1105 ἀρχῆς.
1267 1069 1360 1100 καθὼς
1375 1068 1428 1103 ἔφη
1436 1069 1450 1094 ὁ
1458 1068 1572 1102 Κύριος.
1583 1063 1703 1096 Ἐκεῖνος
1718 1064 1820 1099 πρῶτα

1023 1118 1073 1153 μὲν
1083 1118 1128 1144 τὸν
1148 1116 1302 1152 Ἀχιτόφελ,
1317 1116 1413 1141 ἔπειτα
1427 1114 1472 1140 τὸν
1495 1113 1594 1140 Ἰούδαν
1605 1111 1714 1138 ἔπεισεν
1727 1110 1817 1144 ἁπάγ-

1022 1165 1139 1198 ξασθαι·
1155 1163 1184 1194 ὃς
1195 1163 1225 1189 οὐ
1257 1161 1376 1188 παύεται
1395 1161 1442 1187 καὶ
1460 1160 1541 1195 μέχρι
1562 1158 1684 1192 σήμερον
1708 1156 1737 1182 τὸ
1750 1155 1822 1182 αὐτὸ

1022 1209 1164 1236 ἀποτελεῖν
1176 1209 1206 1233 ὲν
1218 1208 1275 1238 τοῖς
1289 1205 1461 1240 πειθομένοις
1482 1202 1565 1237 αὐτῷ.
1584 1200 1670 1236 Οἶμαι
1691 1201 1719 1226 δὲ
1746 1199 1822 1225 κατὰ

1022 1254 1071 1282 δύο
1100 1254 1218 1289 τρόπους
1247 1252 1329 1287 συλᾷν
1349 1251 1395 1277 τὸν
1407 1251 1560 1284 ἄνθρωπον.
1579 1249 1615 1279 ὡς
1633 1247 1716 1282 πείρᾳ.
1732 1247 1822 1279 ἐγνω-

1027 1309 1096 1336 μεν·
1111 1300 1127 1335 ἦ
1141 1299 1195 1326 ἀπὸ
1218 1298 1315 1333 ὀδύνης
1339 1296 1454 1332 καρδίας
1485 1293 1691 1329 ἁπαρακλήτου,
1713 1292 1730 1327 ἢ
1762 1291 1824 1317 ἀπὺ

1025 1347 1146 1381 ἐφέσεως
1161 1345 1316 1379 ἀλογίστου,
1331 1342 1483 1373 σκοτώσας,
1500 1341 1548 1367 καὶ
1572 1337 1751 1374 περιτρέψας.
1774 1337 1823 1368 Ὠς

1024 1393 1081 1428 γὰρ
1097 1392 1143 1418 ἐπὶ
1156 1391 1249 1426 φόνου,
1267 1390 1297 1430 ἥ¹
1305 1389 1430 1424 μοιχεξας
1450 1387 1498 1414 καὶ
1513 1386 1566 1412 τῶν
1586 1384 1686 1420 ὁμοίων
1700 1382 1822 1418 ἀσελγη-

1026 1438 1128 1474 μάτων,
1157 1429 1331 1464 ὑποδείκνυσι
1351 1436 1382 1461 τὸ
1404 1433 1499 1464 σκότος
1513 1433 1582 1466 φῶς,
1609 1431 1658 1457 καὶ
1673 1431 1702 1456 τὸ
1720 1429 1823 1463 πικρὸν

1024 1484 1136 1519 γλύκιον
1158 1482 1199 1518 (οὺ
1215 1482 1270 1516 γὰρ
1285 1481 1330 1512 ἂν,
1347 1481 1372 1506 ει
1386 1480 1423 1515 μὴ
1433 1479 1520 1510 οὕτως
1532 1475 1757 1511 ἀναστοιχειώσει
1774 1475 1822 1501 λο-

1024 1529 1164 1564 γίσασθαι,
1193 1529 1267 1563 ἡμᾶς
1298 1526 1412 1562 εὑρίσκῃ
1437 1523 1598 1559 (inpatienti)-
1614 1521 1687 1548 οὕτω
1707 1522 1754 1547 καὶ
1771 1520 1823 1546 ἐπὶ

1025 1577 1074 1612 τῆς
1090 1576 1219 1611 ἀγχόνης,
1234 1574 1316 1610 sam
1335 1573 1381 1599 τὸν
1398 1572 1525 1602 θάνατον,
1544 1569 1665 1603 ὲζόφωσε
1683 1568 1728 1594 τὸν
1744 1567 1821 1597 νοῦν,

1025 1621 1174 1649 ἀπετέλεσε
1198 1620 1247 1656 τὴν
1273 1618 1403 1654 ἀγχόνην.
1424 1615 1507 1652 Οἶμαι
1525 1616 1598 1651 [cut].
1615 1615 1681 1649 Reg.
1698 1614 1732 1640 υῖ
1749 1614 1822 1649 per},

1025 1666 1080 1700 οἶός
1107 1668 1181 1693 ἐστιν
1194 1667 1208 1693 ὁ
1223 1665 1341 1701 δράκων,
1364 1663 1413 1691 καὶ
1432 1663 1474 1697 ἐφ’
1488 1663 1561 1693 ὅσοις
1590 1660 1825 1697 μαγγανεύμασιν

1025 1713 1244 1749 ἀνθρωποκτονεί
1255 1712 1396 1738 ἑκάστοτε.
1420 1709 1523 1736 Τοῦτον
1548 1708 1646 1740 οὕτως,
1670 1707 1748 1733 ἄλλον
1770 1706 1823 1732 ἄλ-

1025 1761 1079 1791 λως
1091 1768 1098 1775 ·
1113 1759 1161 1786 καὶ
1177 1758 1226 1784 οὐκ
1244 1757 1317 1784 ἐστιν
1332 1756 1360 1788 ὃς
1377 1755 1539 1790 ἐκφεύξεται
1553 1755 1602 1785 τὰς
1614 1754 1706 1786 πάγας
1723 1753 1823 1783 αὐτοῦ,

1026 1805 1090 1832 ἄνευ
1113 1803 1240 1839 βοηθείας
1261 1802 1309 1829 τοῦ
1327 1801 1406 1835 Θεοῦ,
1419 1802 1481 1836 ἥτις
1503 1800 1546 1835 εἴη
1571 1799 1640 1834 μετὰ
1663 1798 1745 1833 φόϐου
1772 1798 1825 1824 καὶ

1026 1851 1127 1888 τρόμου
1141 1849 1178 1885 τῷ
1194 1849 1255 1876 κατ’
1271 1848 1381 1883 ἐντολὴν
1394 1845 1477 1873 αὑτοῦ
1504 1845 1608 1876 πιστῶς
1629 1844 1743 1878 βιοῦντι.

1068 1897 1137 1923 Ἀλλ’
1158 1896 1204 1922 ἐπὶ
1218 1896 1248 1922 τὸ
1269 1896 1436 1928 κατεπεῖγον
1451 1895 1464 1920 ὁ
1489 1893 1577 1926 λόγος.
1599 1892 1765 1926 Ἐδήλωσας,
1781 1890 1824 1921 ὡς

1026 1944 1051 1970 οἱ
1064 1942 1112 1969 τοῦ
1126 1942 1226 1978 χωρίου
1238 1941 1307 1976 ὁμοῦ
1319 1940 1439 1970 ἅπαντες
1452 1938 1657 1974 ἀποτρέπονται
1669 1938 1718 1972 τῆς
1730 1937 1826 1968 οἰκίας

1026 1989 1122 2022 αὑτοῦ,
1142 1989 1227 2025 ἤγουν
1253 1987 1393 2022 γυναικὸς,
1419 1986 1466 2013 καὶ
1492 1986 1606 2017 τέκνων,
1638 1986 1705 2020 μήτε
1734 1983 1824 2010 ἄπτε-

1027 2036 1099 2067 σθαι,
1116 2036 1184 2071 μήτε
1204 2035 1300 2068 θίγειν,
1321 2034 1401 2068 μέχρι
1417 2032 1465 2059 καὶ
1481 2031 1650 2066 μεταδόσεως
1668 2031 1749 2065 ἄρτου
1770 2031 1824 2057 δα-

1026 2080 1145 2107 νειακοῦ.
1168 2079 1224 2106 Καὶ
1247 2080 1271 2105 ει
1296 2079 1470 2112 ἐπιλέγουσιν
1495 2078 1519 2103 οἱ
1551 2076 1598 2102 τοῦ
1624 2076 1823 2110 ἀπαγξαμένου

1027 2126 1112 2160 καλὴν
1127 2123 1196 2152 εἶναι
1213 2125 1261 2161 τὴν
1278 2125 1379 2160 πρᾶξιν
1400 2125 1449 2159 τῆς
1472 2123 1690 2157 ἀπαγχονίσειυς,
1706 2121 1754 2147 καὶ
1771 2123 1824 2156 τὴν

1027 2172 1112 2206 αὐτὴν
1124 2170 1199 2204 αὐτῷ
1212 2170 1299 2204 φιλεῖν
1312 2168 1421 2195 τελέσαι
1433 2169 1553 2195 κάκεῖνοι
1567 2175 1574 2182 ·
1585 2167 1675 2199 καλῶς
1685 2168 1822 2201 ἀφίσταν-

1025 2225 1088 2243 ται·
1104 2216 1185 2243 ὁπότε
1207 2215 1261 2241 οὐδ’
1277 2213 1364 2246 οὕτως
1386 2214 1478 2244 εὐθύς,
1500 2215 1559 2239 Δεῖν
1583 2213 1637 2248 γὰρ
1653 2213 1760 2247 πρῶτον
1781 2212 1824 2238 δε-

1026 2262 1114 2295 δάξαι,
1142 2261 1268 2296 φωτίσαι,
1291 2258 1484 2295 παρακαλέσαι
1508 2260 1605 2294 φυγεῖν
1627 2259 1673 2286 τὸν
1686 2259 1800 2294 ὄλεθρον
1814 2268 1821 2273 ·

798 2309 848 2336 hoc
877 2308 975 2336 fratres
991 2318 1014 2346 ι)
1026 2309 1106 2335 τοῦτο
1119 2308 1174 2343 γὰρ
1192 2307 1381 2342 Χριστιανῶν
1395 2306 1475 2332 τοῦτο
1501 2306 1671 2340 φιλαδέλνρων
1683 2314 1689 2320 ·
1707 2305 1747 2330 ὅτι
1771 2305 1823 2331 καὶ

1025 2356 1040 2381 ὁ
1053 2355 1155 2390 Κύριος
1169 2354 1214 2380 τὸν
1236 2353 1336 2380 Ἰούδαν
1349 2352 1457 2384 πολλοῖς
1471 2351 1673 2387 χρηστεύμασι,
1685 2352 1733 2378 καὶ
1747 2352 1823 2386 διορ-

1026 2402 1152 2432 θωτικοῖς
1186 2399 1425 2434 προφητεύμασιν,
1461 2399 1539 2430 εἰδὼς
1555 2398 1569 2424 ὃ
1595 2398 1692 2433 ἔμελλε
1719 2399 1820 2430 ποιεῖν,

1026 2446 1155 2480 ἐπειρᾶτο
1169 2445 1339 2471 ἀναπείθειν·
1354 2444 1384 2470 τὸ
1400 2443 1462 2469 οὐαὶ
1478 2443 1552 2478 αὐτῴ
1570 2443 1820 2477 ἐπιφθεγγόμενος,

1027 2492 1073 2519 καὶ
1083 2492 1123 2522 τὸ,
1138 2501 1146 2517 ι
1158 2491 1308 2526 Συνέφερεν
1324 2492 1347 2517 ει
1360 2491 1411 2517 οὐκ
1425 2490 1559 2525 ἐγεννήθη
1571 2491 1584 2516 ὁ
1594 2490 1736 2525 ἄνθρωπος
1745 2490 1821 2515 ἐκεῖ·

1031 2547 1088 2570 νος,
1102 2547 1111 2563 ι
1127 2537 1225 2571 λέγων,
1235 2537 1288 2563 κᾶν
1305 2537 1334 2562 οὺ
1349 2537 1466 2571 συνῆκεν
1476 2538 1490 2563 ό
1507 2536 1599 2566 τάλας.
1614 2536 1643 2561 Εἰ
1656 2535 1737 2566 δὲ,ιῦς
1753 2534 1818 2569 φὴς,

1030 2586 1076 2611 καὶ
1091 2583 1292 2619 καταθρηνοῦσι
1300 2583 1346 2610 τὸν
1361 2582 1578 2614 Ίουδοτέλεστον,
1593 2583 1640 2608 καὶ
1651 2581 1818 2616 ἀπεύχονται

1027 2631 1076 2666 τῆς
1094 2630 1203 2666 μερίδος
1218 2630 1325 2665 ἐκείνης
1336 2629 1426 2656 πάντα
1438 2629 1611 2664 Χριστιανὸν,
1626 2627 1672 2654 καὶ
1687 2628 1818 2654 ἔκστασιν

225 2704 249 2721 ⁹¹
261 2704 342 2733 Joau.
359 2712 419 2738 vui,
434 2705 479 2733 44.
511 2705 534 2720 ⁹²
550 2703 647 2738 Philip.
666 2711 695 2738 ιι,
711 2703 754 2730 i2.
793 2703 816 2719 9"
835 2702 929 2730 Matth.
944 2709 1019 2734 xm,
1037 2701 1084 2728 24.

944 2773 1060 2802 NOTAE.

224 2842 256 2878 (')
272 2842 436 2879 Dogmatica.

1064 2839 1120 2875 (45)
1133 2838 1162 2868 In
1182 2839 1242 2866 cod.
1257 2838 1323 2874 Reg.
1341 2840 1409 2874 ρνγδ.
