1912 3080
99 127 163 160 15.77

688 127 956 158 EPISTULARUM
976 127 1050 159 LIB.
1082 127 1124 158 II.

1649 128 1716 162 1ί78

96 186 242 220 ἐξέστησαν
259 185 430 220 ἀναφορήτου
453 184 580 220 θλίψεως,
596 185 644 213 καὶ
659 184 771 221 ζητοῦσι
788 185 880 220 παρά-

936 185 1020 213 stiano
1030 190 1130 213 sortem
1145 185 1220 213 illam
1233 185 1422 221 deprecantur,
1434 186 1611 214 intolerandae
1626 193 1716 216 autem

95 233 208 267 χλησιν·
227 231 256 258 τί
280 231 359 258 τοῦτο
385 231 455 266 ὅπερ
480 232 572 267 διηγῇ,
598 232 614 268 ἢ
644 232 686 258 ὅτι
715 231 754 267 τῷ
771 231 881 267 Χριστῷ

95 277 279 304 ἐναντιοῦνται
291 277 316 302 οἱ
328 278 453 311 χωρῖται,
474 277 521 303 καὶ
546 277 586 312 τῷ
611 277 727 312 διαῦόλῳ
743 277 881 311 ἀνοίγουσι

96 323 177 359 θύραν
188 324 327 354 ἀπωλείας
335 323 389 349 τῶν
398 322 655 358 ἁξιοπαρακλήτων;
669 323 738 350 Οὐαὶ
745 324 798 355 τοῖς,
811 323 882 349 οὕτω

96 369 234 400 ποιοῦσιν,
249 369 290 395 ὅτι
318 367 446 402 συνεργοί
465 369 518 394 εισι
543 368 591 394 τοῦ
623 367 756 395 διαϐόλου.
784 367 882 399 Καλῶς

95 411 139 440 οὖν
155 415 169 440 ὁ
195 413 290 448 κύριος
301 413 444 449 Μακάριος
455 414 502 440 καὶ
512 414 695 449 πνευματικὸς
705 414 798 450 Πατὴρ
812 422 883 449 παρ-

95 459 207 485 εκάλεσε
216 459 281 490 τοὺς
294 459 430 489 τοιούτους
443 467 450 474 ·
465 459 556 489 καλῶς
568 459 615 485 καὶ
629 459 740 494 ἑστιάθη
754 460 782 486 ὲν
792 459 882 495 ἐκείνῃ

96 506 126 538 τῇ
142 504 232 538 οἰκίαι
248 503 297 530 καὶ
312 504 404 539 μηδεὶς
421 504 584 539 Χριστιανὸς
603 504 764 539 διακρινέτω
777 504 808 530 τὸ
817 503 883 530 αὐτὸ

96 551 191 576 ποιεῖν.
215 549 326 584 Ἐπειδὴ
350 549 379 575 δὲ
408 549 487 583 λόγος
511 550 576 584 περὶ
602 550 759 583 ἐπιτιμίου·
774 550 823 585 οὐχ
842 550 882 576 ὅτι

96 596 216 622 ὑπαίτιοι
245 596 406 630 (Ἕκαστος
420 596 486 630 γὰρ,
496 596 589 631 φησὶν,
604 596 639 622 ἐν
651 595 688 630 τῇ
695 596 821 630 ἁμαρτίᾳ
831 597 884 623 αὑ-

96 641 147 667 τ’ιῦ
163 641 368 673 ἀποθανεῖται,
397 642 447 668 καὶ
473 643 528 668 οὐκ
552 642 773 669 ἀποθανοῦνται
792 642 883 668 τέκνα

96 687 171 721 ὑπὲρ
186 689 332 722 πατέρων,
347 688 384 720 ὡς
401 689 448 715 καὶ
459 688 600 723 ἔμπαλιν),
623 689 690 724 πρὸς
713 689 740 715 δὲ
758 697 882 724 παρηγο-

97 733 168 767 ρίαν,
196 733 244 768 μιᾷ
267 733 478 770 Τεσσαρακοστῇ
506 735 666 769 φυλάξονται
695 735 881 771 κρεωφαγίας,

95 779 216 813 δηλονότι
233 780 280 806 καὶ
295 781 343 807 τοῦ
360 781 398 816 μὴ
414 782 539 816 μετέχειν
558 782 612 808 τῶν
631 783 819 817 ἀγιασμάτων.
836 783 884 814 Εἰς

95 825 122 850 δὲ
140 825 189 860 τὴν
214 826 365 861 ἐκκλησίαν
390 828 549 854 εἰσιέτωσαν
564 828 716 863 εὐχόμενοι,
735 828 816 863 μέχρι
830 829 882 855 τῶν

96 872 307 906 κατηχουμένων
335 873 522 908 ἐπιμένοντες,
545 874 665 900 δότωσαν
686 874 733 900 καὶ
758 874 808 910 τὴν
837 875 883 900 ἀν-

96 917 217 952 ήκουσαν
234 919 331 953 μοῖραν
349 919 396 945 τοῦ
412 919 504 946 ἀθλίου
517 921 572 952 τοῖς
587 921 706 955 πτωχοῖς
725 919 805 956 [Πεθξ.
820 921 882 948 cod.

95 964 134 993 εἷς
161 963 308 999 πτωχούς].
332 965 481 1000 Προσφορά
505 966 555 1000 μὲν
578 966 633 1000 γὰρ
657 967 704 992 καὶ
732 965 885 1001 λειτουργία

97 1008 166 1044 ὑπὲρ
177 1009 260 1036 σύτοῦ
277 1010 307 1036 οὐ
325 1010 404 1045 θέμις
420 1011 545 1045 γίνεσθαι
569 1011 676 1047 πάντηξ·
697 1012 714 1047 ἡ
726 1011 754 1038 δὲ
772 1011 886 1046 ἐλεημο-

97 1055 164 1090 σύνη
180 1055 299 1088 γινέσθω
312 1063 318 1070 ·
334 1057 435 1091 ὠφελεῖ
458 1058 515 1094 γὰρ
539 1057 608 1092 αὕτη
628 1059 738 1090 καὶλείς
759 1058 884 1091 ἄπιστον,

96 1100 133 1132 ὥς
146 1109 228 1137 φησιν
244 1103 259 1128 ὁ
272 1103 466 1138 Χρυσόστομος
477 1111 484 1118 ο
503 1104 550 1131 καὶ
570 1104 657 1136 ἄλλως
677 1105 717 1131 ὅτι
733 1104 780 1131 τοῦ
799 1104 886 1132 Ἰούδα

96 1147 129 1173 τὰ
148 1148 270 1181 ἀγκτικὰ
287 1148 408 1184 ἀργύρια
431 1150 471 1182 είς
492 1151 580 1185 ταφὴν
601 1152 658 1182 τοῖς
685 1150 770 1184 ξένοις
794 1151 885 1187 ἐδόθη.

96 1193 266 1229 Πηξάτωσαν
285 1195 379 1222 καὶτὸ
405 1197 518 1231 σημεῖον
542 1197 587 1223 τοῦ
604 1196 736 1230 ζωοποιοῦ
768 1197 886 1234 σταυροῦ

97 1241 136 1270 εἰς
150 1241 198 1266 τὸν
211 1241 303 1273 τόπον,
317 1238 348 1269 οὗ
363 1243 380 1278 ἡ
394 1243 497 1279 ἀγχόνη
508 1251 516 1259 ·
534 1244 574 1271 ὅτι
589 1245 637 1270 καὶ
648 1245 729 1276 αὐτὸς
739 1246 752 1271 ὁ
768 1245 886 1280 σταυρὸς

96 1287 125 1311 ὲν
141 1286 180 1320 τῷ
187 1286 308 1321 Κρανίου
319 1287 394 1323 τόπῳ
408 1289 546 1324 πήγνυται
559 1298 566 1304 ·
580 1289 648 1316 διότι
660 1291 718 1316 ἐκεῖ
730 1290 775 1317 τοῦ
783 1290 887 1326 ἀνθρω-

95 1331 310 1367 ποκτονηθέντος
331 1334 417 1369 ’Δδάμ
430 1334 462 1361 τδ
475 1336 595 1370 κρανίον,
608 1336 654 1370 ἀφ’
669 1333 699 1363 οὗ
714 1336 762 1363 καὶ
774 1336 883 1371 ὠνόμα-

96 1386 169 1405 σται.
181 1379 307 1406 Τοσαῦτα
317 1380 415 1415 ἔχομεν
423 1380 514 1415 λέγειν
532 1383 565 1408 ἐκ
576 1382 631 1408 τῶν
638 1383 668 1409 ὲν
684 1382 806 1418 Γραφαίς
819 1390 826 1397 ·
839 1381 887 1408 καὶ

95 1424 159 1455 τοὺς
180 1424 230 1458 μὲν
245 1425 325 1452 τούτο
342 1426 477 1458 παθόντας
493 1428 716 1462 παρακαλοῦντες
734 1427 886 1462 καταλῆξαι

95 1470 144 1504 τῆς
159 1469 263 1504 πολλῆς
276 1470 377 1506 λύπης,
402 1472 450 1498 καὶ
457 1472 491 1498 δι’
502 1473 680 1508 εὐχαριστίας
691 1473 739 1499 καὶ
751 1473 886 1507 ἀγαθοερ-

932 231 1086 259 alllictionis
1099 232 1271 260 vehementia
1288 237 1363 259 extra
1379 240 1408 259 se
1423 233 1523 267 positi,
1549 235 1717 262 consolatio-
1756 245 1764 252 ο

932 285 993 304 nem
1008 283 1152 312 quasrunt;
1166 278 1229 313 quid
1249 279 1300 305 hoc
1316 283 1357 306 est
1370 281 1442 313 quod
1455 287 1562 310 narras.
1581 280 1631 307 nisi
1645 281 1718 316 quod

932 323 1041 350 Christo
1068 324 1249 351 adversantur
1281 324 1389 356 vicani,
1418 329 1446 351 et
1470 324 1578 352 diabolo
1605 326 1717 360 jannam

933 368 1058 403 aperiunt
1068 369 1101 396 ad
1115 369 1262 404 perniciem
1278 377 1372 396 eorum
1387 368 1433 403 qui
1446 371 1635 398 consolatione
1644 371 1717 405 digiti

933 415 1015 441 sunt?
1030 414 1074 441 Va:
1090 414 1124 442 iis
1140 415 1186 449 qui
1202 415 1241 442 sic
1258 419 1350 450 agunt,
1368 415 1432 450 quia
1447 421 1639 450 cooperatores
1655 421 1720 444 sunt

933 460 1044 487 diaboli.
1063 461 1144 487 Recte
1158 461 1237 495 igitur
1252 461 1379 488 dominus
1401 461 1535 489 Macarius
1550 467 1577 489 et
1592 463 1720 497 spiritua-

934 506 967 533 lis
987 505 1067 533 Pater
1084 507 1150 533 istos
1163 507 1319 534 consolatus
1339 512 1396 540 est;
1415 512 1489 534 recte
1501 513 1526 535 et
1540 508 1565 534 in
1582 508 1625 535 illa
1639 509 1721 536 domo

933 552 1022 580 cibum
1037 552 1170 586 sumpsit;
1199 560 1248 579 nec
1270 553 1342 579 nilus
1357 553 1532 580 Christianus
1545 553 1616 580 idem
1629 554 1720 582 facere

933 603 1086 625 cunctetur.
1095 598 1228 630 Quoniam
1245 603 1336 625 auten)
1347 599 1379 624 dc
1390 598 1529 626 indicenda
1540 607 1620 634 pcena
1630 608 1721 628 sermo

933 648 989 676 est;
1007 652 1059 670 non
1073 645 1145 678 quod
1159 645 1213 670 sint.
1226 644 1351 678 culpandi
1364 653 1370 670 :
1385 643 1567 680 Unusquisque
1577 647 1657 676 enim.
1671 646 1719 679 ait,

934 690 961 716 in
977 696 1081 724 peccato
1095 699 1142 717 suo
1160 691 1302 722 morietur;
1323 695 1347 716 et
1371 699 1421 717 non
1447 693 1594 718 morientur
1608 692 1659 726 [iiii
1672 701 1721 727 pro

933 737 1053 772 patribus
1065 737 1098 762 οι.
1116 737 1171 764 Aut
1184 737 1244 764 vice
1260 745 1338 764 versa
1354 746 1361 764 :
1376 738 1423 764 sed
1437 738 1468 764 ad
1484 739 1719 766 consolationem:

934 782 1147 817 Quadragesima
1163 790 1216 809 una
1236 782 1270 809 ab
1280 790 1328 809 esu
1349 783 1472 809 carnium
1485 783 1677 814 abstinchunt,
1695 788 1723 810 et

934 830 1030 864 utique
1045 829 1228 857 sacramentis
1251 837 1361 864 quoque
1378 837 1432 856 non
1455 830 1669 864 participabunt.
1692 830 1722 857 In

935 875 1084 902 Ecclesiam
1098 879 1189 901 autem
1207 874 1393 909 ingrediantur
1408 874 1525 905 oraturi,
1543 873 1634 900 tanditl
1657 873 1723 900 dum

935 920 1125 949 catechumeni
1158 920 1349 951 dimittantur.
1380 923 1588 954 permanentes;
1617 924 1722 954 partem

934 968 1016 995 etiam
1033 974 1094 1001 qua:
1110 966 1142 993 ad
1158 966 1290 993 miserum
1307 965 1384 992 illum
1398 965 1558 999 pertinebat,
1577 965 1642 992 dent
1655 973 1724 1000 pau-

934 1013 1057 1049 peribus.
1073 1011 1140 1039 Nam
1154 1012 1319 1039 oblationem
1341 1017 1367 1038 et
1384 1011 1520 1045 liturgiam
1539 1018 1589 1045 pro
1606 1010 1652 1037 illo
1666 1011 1723 1038 ﬁeri

935 1059 1047 1087 omnino
1072 1066 1125 1085 non
1148 1059 1231 1085 licet:
1247 1057 1420 1092 eleemosyna
1443 1063 1507 1084 vero
1529 1057 1597 1083 ﬁat:
1614 1056 1724 1091 prodest

934 1105 1007 1132 enim
1027 1104 1083 1132 haec
1101 1104 1180 1132 etiam
1198 1103 1311 1134 inﬁdeli,
1331 1107 1361 1129 ut
1374 1102 1440 1129 dicit
1452 1101 1682 1137 Chrysostomus;
1697 1106 1724 1130 et

935 1159 967 1179 ex
984 1150 1061 1178 Juda:
1078 1151 1176 1185 laqueo
1192 1149 1296 1176 nummi
1311 1148 1431 1183 argentei
1446 1148 1478 1175 ad
1499 1149 1665 1182 sepulturam
1676 1156 1723 1182 pe—

935 1197 1105 1231 regrinorum
1119 1195 1211 1223 donati
1224 1200 1297 1222 sunt.
1314 1193 1427 1228 Signum
1442 1194 1522 1220 etiam
1539 1194 1652 1220 vivitlcae
1665 1202 1724 1221 crn-

936 1241 1010 1268 eisin
1020 1249 1052 1268 eo
1061 1241 1121 1268 loco
1132 1240 1260 1275 deﬁgam,
1274 1239 1318 1266 ubi
1328 1239 1491 1274 praefocatus
1504 1238 1555 1266 fuit
1567 1247 1572 1265 :
1586 1239 1724 1273 siquidem

936 1295 1003 1314 crux
1021 1287 1078 1322 ipsa
1095 1287 1120 1313 in
1135 1286 1266 1313 Calvarize
1283 1285 1343 1312 loco
1358 1285 1448 1312 deﬁxa
1464 1285 1516 1311 fuit
1527 1305 1533 1316 ,
1549 1292 1581 1312 eo
1596 1286 1667 1320 quod
1686 1285 1723 1312 ibi

937 1334 1057 1361 hominis
1084 1332 1182 1359 mortui
1208 1332 1293 1359 Adam
1316 1331 1458 1359 calvaria:
1476 1331 1548 1358 unde
1574 1336 1600 1358 et
1625 1339 1723 1358 nomen

937 1381 998 1407 loco
1015 1380 1118 1407 datum.
1135 1378 1197 1406 llaec
1211 1378 1359 1405 habuimus
1382 1385 1442 1413 qua:
1455 1385 1487 1404 ex
1512 1377 1662 1412 Scripturis
1682 1377 1724 1404 di-

937 1433 1079 1458 ceremus;
1093 1433 1148 1459 quo
1161 1425 1221 1451 illos
1237 1424 1411 1450 hortarcmur
1421 1422 1520 1457 quibus
1533 1422 1558 1449 id
1570 1422 1679 1453 accidit,
1695 1426 1725 1449 ut

937 1481 1037 1509 magno
1053 1473 1141 1500 dolori
1162 1472 1242 1499 ﬁnem
1271 1472 1423 1506 imponant,
1447 1475 1476 1498 et
1496 1477 1559 1497 cum
1575 1470 1724 1505 gratiarum

95 1514 158 1547 γίας
173 1516 366 1552 προσεδρεύειν
375 1517 414 1553 τῷ
430 1518 526 1553 ἀγαθῷ
546 1519 615 1554 Θεῷ.
638 1519 707 1550 Τοὺς
723 1518 751 1545 δὲ
766 1518 813 1545 τοῦ
829 1528 883 1554 χω-

939 1521 1055 1552 actione,
1081 1519 1151 1546 bona
1175 1525 1257 1553 opera
1279 1518 1352 1545 bono
1373 1517 1428 1544 Deo
1453 1517 1548 1544 sedulo
1567 1517 1723 1544 exhibeant.

98 1559 156 1595 ρίου
171 1560 371 1595 παραινοῦντες
393 1563 547 1598 ἀφεμένους
568 1563 618 1598 τῆς
639 1565 761 1599 πονηρᾶς
778 1564 884 1599 διακρί-

938 1567 1056 1594 Vicanos
1064 1572 1128 1592 vero
1139 1564 1330 1597 admonemus,
1345 1568 1375 1590 ut
1387 1571 1470 1598 pravo
1481 1563 1578 1590 aﬁ‘ectu
1591 1563 1722 1598 deposito,

97 1614 176 1638 σεως,
207 1608 354 1640 κοινωνοὺς
378 1608 451 1644 ἔχειν
479 1609 518 1640 ὡς
541 1610 606 1645 πρὶν
631 1610 695 1641 τοὺς
718 1610 769 1644 τῆς
798 1610 884 1641 οίκίας

936 1619 999 1640 cum
1017 1611 1050 1638 iis
1064 1611 1110 1645 qui
1132 1610 1159 1636 in
1177 1609 1258 1636 domo
1278 1609 1323 1636 illa
1338 1613 1412 1640 sunt,
1432 1609 1546 1644 pristino
1561 1616 1635 1636 more
1650 1617 1725 1636 com-

96 1651 227 1687 ἐκείνης,
255 1653 285 1679 ὲν
317 1654 428 1690 Χριστῷ
465 1655 553 1691 Ἰησοῦ
588 1655 627 1691 τῷ
658 1656 755 1691 Κυρίῳ
794 1655 884 1691 ἡμῶν.

936 1657 1088 1688 municent.
1107 1656 1134 1683 in
1149 1655 1259 1683 Christo
1267 1654 1334 1682 Jesu
1351 1653 1467 1682 Domino
1482 1659 1587 1682 nostro.
1609 1655 1706 1682 Amen.

103 1696 129 1723 ’Δ
134 1698 202 1733 μήν.

184 1769 334 1806 ΡΝΑ’(ιε).
349 1787 383 1791 -
395 1771 509 1806 Nme
523 1773 687 1807 ἡγουμένῳ.
701 1771 794 1809 [χλβ’.]

1093 1767 1182 1796 CLlV.
1199 1782 1233 1787 ——
1252 1766 1352 1794 Nicelae
1367 1768 1506 1802 prteposito
1517 1767 1562 1802 (‘).

98 1840 169 1870 Quod
182 1841 338 1874 participauo
348 1845 375 1866 et
385 1842 525 1868 communio
536 1843 602 1868 idem
615 1842 675 1868 sint:
689 1846 764 1899 atque
777 1843 839 1867 adeo
851 1849 884 1874 pa

731 1881 777 1899 lClS
792 1880 884 1898 comma

936 1840 1115 1895 haereticorum,
1127 1846 1182 1864 cum
1200 1837 1361 1870 participatur
1388 1837 1417 1862 ab
1430 1836 1563 1868 aliquibus,
1574 1843 1630 1861 cum
1646 1836 1727 1861 haere-

936 1875 985 1896 ites
995 1879 1009 1896 e
1021 1873 1086 1895 limat
1093 1885 1099 1890 -

731 1882 777 1898 ICIS
792 1882 985 1898 commmcauws
995 1882 1086 1896 Ullﬂ‘l‘dl.
1093 1885 1099 1890 -

136 1926 192 1953 Οὐκ
216 1927 341 1963 ἄκαιρον,
369 1926 465 1964 οἶμαι,
484 1929 515 1956 τὸ
534 1929 621 1964 παρὸν
641 1929 832 1964 γραμματεῖον
852 1929 887 1964 τῇ

96 1974 221 2008 πατρικῇ
239 1982 284 1999 σου
299 1975 439 2011 ἁγιωσύνῃ
451 1982 458 1990 ·
477 1974 508 2001 οὐ
527 1974 608 2009 μόνον
619 1974 660 2001 ὅτι
674 1974 705 2001 τὸ
714 1975 765 2009 τῆς
776 1974 888 2009 ἀγάπης

96 2019 217 2053 πληροῖ·
237 2019 295 2046 ἀλλ’
309 2021 350 2047 ὅτι
372 2022 420 2048 καὶ
442 2021 564 2057 λυπηρόν
578 2030 605 2047 τι
624 2020 746 2053 ὲνιζάνον
760 2020 840 2056 ἡμῶν
853 2021 887 2056 τῇ

95 2066 213 2100 ταπεινῇ
226 2065 317 2101 ψυχῇ,
334 2069 519 2102 φανεροποιεί.
536 2068 600 2099 Καὶ,
617 2068 641 2094 εί
653 2067 787 2100 κελεύεις,
800 2068 886 2103 πρόσ-

96 2118 145 2144 χες
177 2111 234 2142 τοῖς
265 2111 434 2146 λεγομένοις.
458 2112 525 2139 Μεθ’
550 2112 725 2148 ὑποστροφὴν
739 2112 789 2148 τῆς
803 2113 833 2139 ὲν
847 2111 886 2147 τῷ

101 2156 218 2203 ΪΑκρίτᾳ
245 2157 380 2193 συνόψεως
398 2159 477 2194 ἡμῶν
496 2159 550 2186 τῶν
570 2159 656 2193 ἁγίων
667 2159 808 2203 Πατέριωι,
825 2167 888 2185 συν-

95 2201 195 2237 έτυχον
209 2202 247 2237 τῷ
262 2204 389 2239 ἡμετέρῳ
400 2205 508 2239 ἀδελφῷ
526 2204 690 2240 Ἀθανασίῳ,
706 2201 888 2240 διηγούμενος

94 2248 203 2274 ἕκαστα
218 2249 272 2275 τῶν
287 2251 315 2276 ἐν
329 2251 422 2286 Κυρίῳ
432 2251 635 2287 διειλεγμένων·
647 2251 780 2284 ἐπειπὼν,
792 2251 832 2277 ὃτι
841 2251 889 2278 καὶ

93 2295 108 2320 ὁ
123 2295 173 2321 τοῦ
191 2295 337 2330 Μηδικίου,
360 2297 500 2333 συνίστησι
528 2297 574 2324 τὸν
601 2296 755 2332 Μαξιμίνου
783 2297 829 2324 ἐπὶ
852 2298 886 2333 τῇ
903 2294 925 2322 D
939 2301 1032 2320 ramus
1055 2301 1062 2320 ε

93 2340 231 2376 καλλίστῃ
247 2343 381 2378 μεταδολῇ
394 2343 488 2376 αὐτοῦ,
506 2343 590 2379 ἦγουν
608 2343 740 2378 ἀπολογίᾳ
760 2343 810 2369 καὶ
827 2344 888 2378 ὁμο·

92 2386 189 2422 λογίᾳ.
212 2387 241 2412 't)
254 2387 282 2414 δὲ
295 2388 434 2421 ἀνένευσε,
450 2389 499 2416 καὶ
519 2389 570 2424 τὴν
592 2390 685 2417 αἰτίαν
707 2390 757 2425 τῆς
773 2389 888 2417 ἀνανεύ-

95 2440 186 2464 σεως·
202 2432 258 2467 ἐγὼ
283 2434 332 2468 μὲν
356 2435 489 2471 ἀπῄτουν,
505 2436 609 2467 ἐκεῖνος
631 2435 661 2462 δέ
678 2443 772 2470 φησιν·
793 2435 887 2471 Ἐντῷ

93 2477 306 2514 Ἀπολογητικῷ
314 2480 382 2515 ὅπερ
392 2480 592 2515 συνεγράψατο,
602 2480 651 2506 καὶ
661 2480 743 2512 αὐτὸς
754 2480 886 2514 ἀνέγνων,

92 2524 172 2559 λέγει
189 2525 353 2560 μεταλρ-εεεῖν
365 2534 372 2541 ·
392 2526 450 2553 ἀλλ’
465 2527 525 2562 οὐχὶ
542 2526 718 2561 κοινωνῆσαι,
730 2526 777 2553 καὶ
786 2527 888 2553 οἰκονο-

96 2572 166 2606 μίαν
179 2569 252 2598 εἷναι
264 2572 326 2599 καθ’
339 2572 435 2607 ὕφεσιν
449 2572 595 2608 ἀκριϐείας
605 2592 612 2604 ,
622 2573 679 2600 ἀλλ’
693 2573 742 2599 οὐκ
751 2572 889 2599 ἔκπτωσιν

94 2618 231 2652 ἀληθείας
245 2618 335 2645 τοῦτο.
349 2619 381 2645 Τί
394 2618 490 2651 ταῦτα,
502 2615 524 2645 ὦ
543 2619 634 2652 Πάτερ
645 2618 796 2654 τιμιώτατε
810 2626 817 2651 ;
835 2618 892 2653 οὐχ

94 2665 237 2699 ὁμολογεῖ,
251 2664 289 2697 ὡς
303 2665 332 2691 ὲν
346 2664 423 2700 τύπῳ
435 2666 533 2698 εἰπεῖν,
554 2665 594 2692 ὃτι
612 2665 699 2700 φειδοῖ
708 2664 756 2692 τοῦ
775 2665 888 2700 γήρους,

134 2733 161 2748 ’⁵
178 2734 255 2760 Deut.
280 2741 356 2766 xxrv,
378 2733 421 2761 16.

975 1927 1035 1954 Non
1059 1926 1214 1961 importuna
1240 1924 1301 1956 erit,
1317 1924 1424 1958 opinor,
1444 1923 1502 1950 haec
1530 1922 1647 1958 epistola
1677 1931 1728 1958 pa-

940 1979 1025 2000 ternzr
1036 1971 1173 2000 sanctitati
1191 1975 1245 1998 tua:
1267 1980 1273 1997 ε
1295 1977 1349 1997 non
1367 1970 1456 1997 solum
1476 1970 1540 2004 quia
1559 1969 1648 1996 ofﬁcio
1663 1969 1728 1996 fun-

938 2018 1011 2054 gitur
1031 2017 1172 2045 charitalis
1185 2025 1193 2049 ;
1212 2024 1307 2043 verum
1322 2015 1403 2042 etiam
1419 2015 1482 2050 quia
1497 2015 1575 2042 triste
1586 2015 1727 2048 quiddam,

938 2064 1011 2099 quod
1037 2064 1065 2091 in
1079 2063 1176 2090 humili
1203 2062 1295 2090 anima
1333 2066 1426 2088 nostra
1448 2061 1556 2095 insidet,
1587 2061 1726 2096 patefacit.

938 2110 981 2143 Et,
1004 2110 1027 2137 si
1051 2109 1140 2145 iubes,
1158 2108 1267 2136 attende
1281 2115 1343 2142 quae
1372 2107 1471 2134 dicam.
1490 2106 1557 2135 Post
1578 2107 1693 2134 reditum
1712 2115 1727 2134 a

936 2160 1084 2190 conspectu
1113 2159 1212 2182 sanetae
1247 2152 1422 2188 paternitatis
1452 2157 1551 2180 vestrm
1570 2152 1598 2180 in
1622 2152 1727 2186 Acrita,

936 2207 1100 2235 congressus
1131 2207 1191 2227 sum
1221 2206 1283 2226 cum
1322 2197 1406 2226 fratre
1427 2202 1522 2225 nostro
1558 2197 1727 2230 Athanasio,

937 2246 1044 2281 singula
1063 2253 1195 2273 enarratis
1222 2245 1256 2271 de
1272 2244 1371 2279 quibus
1395 2244 1422 2271 in
1453 2243 1567 2271 Domino
1585 2243 1727 2271 disserue-

1085 2292 1188 2319 addens
1216 2291 1339 2326 insuper,
1357 2290 1430 2325 quod
1464 2289 1636 2317 Mediciensis
1649 2297 1727 2317 com-

941 2339 1051 2366 mendat
1069 2337 1247 2365 Maximinum
1263 2337 1290 2364 in
1310 2336 1495 2372 pulcherrima
1522 2336 1581 2370 ejus
1610 2343 1729 2363 conver-

941 2385 1030 2418 sione,
1038 2384 1148 2416 hocest,
1155 2384 1182 2410 in
1191 2383 1315 2418 apologia
1325 2387 1353 2410 et
1360 2381 1545 2410 confessione.
1555 2381 1602 2408 llle
1611 2389 1674 2408 vero
1681 2381 1729 2409 ab-

939 2433 1014 2461 nuit:
1024 2439 1144 2467 cumque
1151 2438 1261 2458 causam
1271 2438 1394 2465 rogarem
1404 2437 1453 2457 cur
1461 2429 1595 2456 abnueret
1606 2428 1650 2463 :lln
1660 2428 1730 2463 Apo-

937 2479 1064 2515 logetico.
1072 2477 1170 2513 inquit,
1180 2484 1260 2512 quem
1273 2476 1447 2510 conscripsit,
1457 2479 1484 2502 et
1501 2483 1581 2510 quem
1595 2475 1654 2509 ipse
1664 2474 1727 2509 legi,

938 2526 977 2554 ait
1002 2525 1191 2560 participasse,
1213 2530 1266 2550 non
1288 2527 1378 2549 autem
1396 2521 1626 2552 communicasse,
1648 2524 1730 2555 atque

943 2572 996 2598 hoc
1016 2570 1250 2605 dispensationem
1266 2576 1337 2600 esse,
1353 2575 1406 2602 qua
1422 2567 1603 2601 exactumjus
1618 2566 1728 2593 emitta-

939 2622 995 2650 tur,
1005 2617 1108 2644 veritas
1118 2621 1209 2643 autem
1222 2622 1276 2643 non
1291 2615 1442 2642 amittatur.
1460 2613 1596 2646 Quidnam
1612 2613 1664 2640 hoc
1676 2615 1727 2644 est,

940 2662 1020 2691 Pater
1028 2661 1256 2690 honoratissime?
1271 2661 1368 2688 Annon
1379 2659 1420 2688 sic
1428 2660 1584 2692 conﬁtetur,
1598 2662 1628 2686 ut
1650 2664 1727 2685 sum-

861 2788 974 2817 NOTJE.

138 2847 197 2882 (46)
214 2847 244 2875 In
258 2848 318 2876 eod.
332 2848 398 2884 Reg.
417 2849 476 2884 ριδ’.

970 2847 1008 2883 (³⁸)
1027 2846 1194 2882 Dogmatica.
