1912 3080
187 127 256 160 1479

779 129 808 158 S.
831 127 1028 158 THEODORI
1045 127 1219 157 STUDIT/E

1744 126 1814 158 H30

185 183 280 209 matim
297 181 386 209 dicam
403 191 409 209 :
427 181 563 209 Senectuti
591 189 717 217 parcens,
738 184 858 210 animam
885 191 971 210 meam

1032 183 1111 210 ὒλεσά
1127 192 1180 218 μου
1192 184 1242 218 τὴν
1256 183 1355 218 ψυχὴν,
1378 183 1548 217 κοινωνήσας
1569 183 1615 210 ἐπὶ
1636 184 1670 218 τῇ
1697 183 1814 219 ἀρνήσει

184 228 301 264 perdidi,
314 228 522 255 communicatis
531 229 556 255 in
569 230 712 264 negatione
722 230 848 265 imaginis
858 230 972 263 Christi,

185 278 212 300 et
224 274 354 308 Deiparze,
366 278 580 309 sanctorumque
592 275 715 302 omnium
733 285 740 302 :
760 275 817 303 hmc
828 276 899 302 enim
914 276 973 303 Ico~

185 319 344 346 nomachica
356 324 397 346 est
406 319 529 351 haeresis,
545 324 626 354 atque
643 320 669 347 in
685 321 735 347 hoc
750 329 811 347 cum
824 321 915 356 impiis
925 329 973 355 ag-

185 369 314 398 gregatus
326 372 398 391 sum.
424 363 526 391 Deinde
540 365 571 391 ad
587 365 668 392 tinem
685 373 771 400 usque
787 366 814 392 in
836 373 975 394 monaste-

187 410 228 436 rio
246 418 305 436 meo
321 410 458 444 permansi
474 411 675 444 persecutionis
701 419 807 446 expers,
826 420 888 439 cum
915 412 973 447 agi-

187 460 290 482 taretur
302 455 422 482 Ecclesia
440 462 543 483 nostra.
556 457 654 484 Annon
677 457 713 484 ita
726 459 870 485 comitetur
883 463 908 485 et
924 458 974 485 de-

186 501 290 535 plorat?
307 500 406 528 Verum
427 509 511 536 nugas
539 502 599 530 illas
615 503 725 536 occinit,
740 509 829 539 atque,
848 509 876 531 ut
892 504 975 532 refert

187 548 210 574 is
225 547 270 580 qui
287 547 352 574 mihi
368 547 532 574 narravitad
549 556 627 575 suam
644 549 829 576 defensionem
844 549 972 576 Dianium

187 592 361 626 quemdame
378 591 507 620 Pati-ibus
535 593 671 628 producit,
700 594 747 628 qui
780 594 850 621 idem
869 594 973 625 fecerit.

187 642 214 664 et
230 646 244 665 a
270 643 365 665 sant-to
396 638 507 672 Basilio,
537 643 566 666 ut
591 640 639 672 ait,
665 645 809 675 susceptus
837 641 897 673 sit;
918 645 974 667 tum

188 686 270 711 etiam
293 690 395 719 patrem
418 684 541 720 Gregorii
559 684 699 721 Theologi.

223 730 245 757 Ο
276 731 377 765 justam
410 731 641 766 indignationem,
673 737 700 759 et
735 732 806 760 sacri
844 733 975 760 antistitis

188 776 287 807 nostri,
304 780 331 802 et
347 776 430 803 totius
447 775 636 804 confessorum
658 777 753 804 chori!
775 777 804 804 Si
828 779 901 805 enim
925 779 976 805 hoc

189 824 393 851 communicare
427 830 482 849 non
506 827 558 854 est,
591 831 678 858 neque
703 824 830 858 prolabi;
847 825 973 859 quisnam

189 869 296 896 fruetus
326 872 366 896 est
394 873 582 903 susceptomm
607 869 641 896 ab
670 869 724 897 illis
748 871 929 897 certaminum
947 874 974 898 et

190 916 355 950 praeliorum,
373 923 405 943 ac
429 916 570 951 sanguinis
588 915 692 950 profusi
723 921 750 943 et
763 924 947 944 aerumnarum
963 917 974 943 τ

190 970 240 988 cur
252 967 279 988 et
295 961 352 996 ipse
383 962 522 989 abscissus
534 961 597 988 est?
615 969 664 989 cur
679 963 877 990 monasterium
893 963 975 990 relin-

187 1007 271 1041 quit'?
287 1015 336 1034 cur
353 1007 492 1034 inhibetur
507 1015 522 1034 a
538 1006 692 1035 sacrificio?
703 1008 736 1041 Ο,
750 1014 777 1035 ει
788 1009 886 1036 iterum
902 1010 973 1042 dico,

188 1054 310 1080 divinam
329 1054 541 1089 indignationem
562 1055 657 1089 :quod
687 1056 827 1082 veritatem
850 1056 877 1082 in
902 1056 975 1091 inju-

189 1100 263 1127 stitia
280 1099 404 1127 detinens
420 1100 453 1132 °°,
469 1099 541 1127 idem
556 1100 627 1134 quod
645 1101 702 1134 ipse
730 1100 803 1134 fecit,
821 1101 916 1130 Patres
933 1103 974 1129 le-

189 1148 260 1175 cisse
275 1147 424 1175 existimat.
441 1147 496 1182 Age
521 1155 594 1182 ergo,
611 1148 794 1175 inconsultum
821 1155 975 1176 sermonem

189 1195 382 1229 expendamus.
393 1194 565 1228 Participavi.
586 1194 633 1221 sed
645 1203 697 1222 non
710 1195 922 1222 communicavi.
931 1195 977 1223 Ait

189 1238 281 1273 itaque
311 1239 416 1273 uspiam
442 1239 632 1274 theologorum
652 1241 849 1269 celeberrimus
866 1250 873 1268 :
891 1241 977 1268 Parti-

190 1293 254 1319 cvps
269 1285 358 1312 factus
387 1293 448 1312 sum
462 1285 600 1320 imaginis,
621 1291 715 1314 etnon
741 1287 890 1314 custodivi.
910 1286 978 1314 Par-

191 1332 275 1366 ticeps
296 1331 324 1358 fit
341 1338 406 1358 meze
428 1331 604 1365 infirmitatis,
622 1338 651 1360 ut
676 1338 703 1361 et
716 1333 860 1369 imaginem
875 1338 977 1366 servet,

191 1379 218 1401 et
237 1383 347 1402 carnem
370 1376 452 1403 morti
482 1377 583 1404 tradat.
610 1378 735 1406 Secunda
768 1387 834 1413 ergo
852 1386 977 1406 commu-

191 1422 273 1448 nione
297 1422 522 1455 communicavit,
543 1431 604 1458 qum
623 1424 711 1458 priori
726 1424 806 1460 longe
832 1423 979 1452 admirabi-

192 1467 244 1494 lior
263 1471 314 1495 est.
328 1467 398 1496 Ecce
416 1476 510 1496 vocem
528 1469 608 1501 hanc,
623 1470 793 1504 participavi.
808 1470 979 1498 communio-

191 1523 252 1542 nem
273 1515 428 1548 signiticare
451 1521 593 1542 ostensum
609 1519 661 1543 cst.
696 1515 870 1550 Purticipatio
903 1517 976 1543 enim
991 1532 1012 1560 ο

191 1569 238 1588 sm
270 1560 429 1595 μετάληψις,
456 1565 483 1587 et
508 1561 733 1594 communicatio,
750 1562 820 1589 idem
838 1566 978 1595 sunt;at—

191 1615 243 1641 que
263 1606 307 1633 illa
336 1607 445 1641 quidem
473 1607 513 1634 sic
527 1606 599 1634 dicta
621 1615 653 1634 ex
672 1615 705 1635 eo
722 1609 794 1642 quod
825 1613 868 1637 est
894 1609 978 1637 simul

191 1652 305 1684 haberi;
325 1653 382 1679 haec
397 1657 487 1680 autem
503 1660 536 1680 ex
555 1660 588 1680 eo
603 1653 677 1687 quod
693 1655 739 1688 qui
764 1654 847 1682 simul
864 1656 978 1689 habent,

191 1706 335 1725 commune
353 1698 464 1725 faciant.
481 1698 514 1725 Et
525 1699 635 1726 divinus
653 1700 717 1727 item
730 1700 877 1735 Apostolus
897 1710 904 1729 :
924 1701 977 1729 Ca-

191 1745 230 1772 lix
245 1745 429 1772 butedictionis
446 1745 489 1772 cui
503 1745 688 1778 benedicimus,
702 1754 786 1775 nonne
798 1749 979 1775 communica-

192 1792 228 1817 tio
249 1791 385 1825 sanguinis
405 1791 510 1818 Domini
526 1792 588 1818 est?
606 1793 683 1826 puni:
710 1801 787 1828 quem
817 1794 978 1828 frangimus,

192 1846 275 1864 nonne
292 1838 467 1872 participatio
483 1838 601 1872 corporis
632 1838 740 1865 Domini
755 1843 794 1866 est
805 1839 818 1866 7
847 1839 978 1872 Quoniam

192 1892 258 1910 unus
273 1884 360 1917 panis,
378 1891 459 1909 unum
479 1891 575 1917 corpus
599 1883 677 1910 multi
703 1892 809 1916 sumtu,
830 1892 919 1911 onmes
933 1885 978 1920 qui

192 1929 223 1956 de
242 1938 293 1956 uno
303 1937 370 1963 pane
382 1929 571 1963 participamm
589 1930 622 1955 ³⁸.

229 1975 298 2003 Ecce
314 1976 358 2003 hic
385 1976 467 2002 etiam
485 1975 532 2009 qui
554 1975 648 2002 umndi
664 1975 755 2003 lumen
772 1975 833 2009 fuit,
847 1977 979 2011 ostendit,

195 2020 429 2055 participationem
444 2019 502 2046 sive
533 2019 650 2054 μετοχὴν
666 2027 726 2047 esse
745 2021 980 2048 communionem.

194 2065 280 2093 Nemo
309 2070 397 2093 autem
418 2065 519 2093 mentis
549 2073 673 2100 compos,
693 2065 741 2100 qui
756 2071 834 2101 neget
863 2067 981 2102 μετοχὴν

194 2121 255 2140 esse
268 2112 429 2147 μετάληψιν.
443 2111 520 2140 Sicut
538 2119 604 2147 ergo
616 2112 726 2140 divinus
737 2113 816 2146 panis
834 2113 868 2140 ab
882 2114 981 2141 ortho-

195 2157 274 2185 doxis
298 2157 485 2192 participatus,
514 2164 611 2184 omnes
633 2157 680 2191 qui
707 2157 870 2191 participant
896 2166 979 2185 unum

194 2211 294 2237 corpus
328 2203 420 2235 elﬁcit,
458 2202 498 2230 sic
524 2202 646 2237 profecto
673 2207 701 2230 et
731 2203 874 2231 haereticus
901 2204 981 2239 panis

194 2249 362 2284 conjungens
383 2249 492 2276 interse
509 2256 556 2275 eos
564 2248 610 2283 qui
626 2248 700 2275 illum
711 2249 883 2284 participant,
895 2258 980 2277 unum

195 2302 296 2328 corpus
327 2295 483 2329 oppOSitum
502 2294 612 2321 Christo
642 2294 811 2322 exhibet:et
835 2296 881 2330 qui
906 2296 980 2323 aliud

195 2341 295 2372 ellutit,
321 2340 412 2374 inepte
435 2344 461 2367 et
478 2339 582 2367 frustra
596 2340 727 2375 loquitur.
748 2340 827 2373 Quod
844 2341 866 2368 si
891 2349 979 2375 mens,

197 2389 263 2412 tunc
272 2393 334 2412 cum
344 2385 402 2419 ipse
415 2385 603 2419 participabat,
619 2386 689 2412 facto
709 2393 763 2412 non
778 2386 981 2420 consentiebat;

198 2431 250 2458 hoc
267 2431 354 2465 magis
369 2438 470 2465 negare
483 2436 536 2462 est,
552 2431 587 2464 si,
605 2439 658 2458 non
676 2431 804 2466 ignorans
820 2432 937 2460 absurde
956 2441 986 2459 se

198 2485 290 2511 agere,
321 2477 348 2504 in
378 2478 491 2504 scicntia
519 2481 608 2504 tamen
639 2478 770 2512 poet-evil,
800 2485 855 2504 nou
883 2478 985 2506 veritus

200 2524 295 2556 Deum,
316 2523 364 2558 qui
386 2527 415 2550 et
438 2523 558 2550 animam
574 2527 602 2550 et
623 2531 724 2558 corpus
749 2523 858 2556 occidit,
873 2525 986 2552 mittens

200 2570 227 2596 in
253 2574 403 2604 gehennam
418 2578 426 2601 ;
448 2570 496 2597 sed
512 2569 588 2596 illum
617 2570 754 2597 reveritus
767 2571 813 2604 qui
829 2578 930 2605 corpus
951 2572 984 2598 ad

199 2621 306 2651 tempus
327 2616 415 2644 caedit.
441 2615 511 2648 Quid
536 2615 634 2650 juvant
654 2624 714 2650 qua:
730 2623 783 2643 non
811 2618 988 2652 congruunt?

199 2661 269 2694 Quid
288 2661 409 2689 faventes
422 2662 474 2689 sibi
487 2667 563 2696 putat
578 2668 699 2694 sanctos,
715 2662 762 2697 qui
775 2655 988 2691 contradicunt?

200 2706 312 2734 Illorum
339 2707 454 2742 judicio,
473 2708 605 2735 annuisse
623 2707 755 2735 duntaxat
777 2708 819 2735 vel
845 2709 986 2741 abnuisse,

202 2761 264 2780 cum
278 2754 311 2781 de
332 2753 505 2782 confessione
522 2759 569 2781 aut
594 2755 737 2790 negatione
759 2756 860 2792 agitur,
875 2757 987 2793 perinde

237 2843 260 2857 ⁸⁵
275 2843 352 2870 llom.
370 2852 388 2877 ι,
409 2844 450 2871 18.
491 2845 513 2860 ’⁸
531 2845 549 2872 ΙΙ
569 2846 633 2873 (lor.
649 2854 676 2879 Χ,
695 2846 786 2874 [6-18.

1025 229 1075 263 τῆς
1089 229 1194 261 εἰκόνος
1210 229 1339 264 Χριστοῦ,
1357 230 1407 264 τῆς
1422 238 1452 256 τε
1467 229 1611 261 Θεοτόκου,
1635 229 1683 256 καὶ
1701 229 1814 256 πάντων

1025 275 1221 308 ἁγίωνοτοῦτο
1251 275 1304 310 γὰρ
1335 276 1352 310 ἠ
1381 275 1584 310 Εἱκονομαχικὴ
1619 275 1743 310 αἴρεσις¹
1761 277 1815 302 κὰν

1024 321 1112 356 τούτῳ
1127 321 1290 356 συνηλίσοην
1303 321 1359 351 τοῖς
1369 320 1505 348 ἀσεὸέσιν.
1520 318 1587 347 Εἶτα
1599 322 1644 347 καὶ
1656 320 1707 351 ἕως
1718 320 1815 351 τέλους

1025 367 1150 402 ὲνέμεινα
1164 368 1193 393 ὲν
1201 367 1239 402 τῷ
1253 366 1428 401 μοναστηρίῳ
1440 375 1489 401 μου
1501 367 1634 397 ἁδίωκτος
1647 366 1723 393 δονου
1729 366 1815 400 μένης

1025 413 1075 447 τῆς
1090 413 1151 439 καθ’
1163 414 1237 449 ἡμᾶς
1256 413 1415 448 Ἐκκλησίας
1433 412 1505 448 [cod.
1526 412 1593 447 Reg.
1617 413 1780 447 οἰκουμένης
1792 412 1813 447 1.

1026 459 1082 493 Οὐχ
1092 458 1179 490 οὕτως
1195 459 1396 494 ὲξομολογεῐται
1421 459 1468 485 καὶ
1489 458 1650 493 προπκλαίει
1664 468 1672 492 ;
1697 459 1765 485 ἀλλὰ
1778 459 1817 485 τὰ

1027 504 1234 540 βατταρίσματα
1247 506 1342 531 ἐκεῖνα
1359 505 1436 539 φαίη,
1452 505 1499 530 καὶ
1521 503 1557 534 ὥς
1573 513 1655 538 φησιν
1668 505 1682 530 6
1700 503 1816 538 ἐξηγού-

1028 559 1118 585 μενος.
1135 550 1175 576 ὅτι
1186 559 1217 583 γε
1235 551 1282 577 καὶ
1297 550 1418 584 παράγει
1431 550 1470 581 είς
1482 549 1647 584 συνηγορίαν
1656 549 1738 576 αὐτοῦ
1750 549 1817 580 Διά-

1025 597 1081 622 νιόν
1096 605 1155 623 τινα
1169 596 1222 622 τῶν
1235 596 1363 631 Πατέρων
1379 595 1461 622 tau-.6
1473 595 1652 631 πεποιηκότα,
1666 595 1705 626 ὃν,
1718 595 1816 629 φησὶν,

1026 642 1178 675 εἰσεδέξατο
1194 643 1208 668 6
1220 643 1297 676 ἇγιος
1314 641 1453 673 Βασίλειος
1464 650 1470 656 ·
1485 642 1546 668 ἐπεὶ
1568 641 1615 668 καὶ
1633 641 1678 668 τὸν
1705 641 1816 675 πατέρα

1026 687 1178 723 Γρηγορίου
1193 686 1240 713 τοῦ
1255 687 1401 721 Θεολόγου.

1062 734 1094 759 Ὢ
1103 732 1208 763 δικαίας
1219 733 1440 767 ἀγανακτήσεως,
1448 732 1496 758 τοῦ
1506 741 1535 758 τε
1544 732 1617 767 ἱεροῦ
1625 731 1703 766 ἡμῶν
1714 732 1815 767 ἀρχιει-

1027 779 1108 815 ρέως,
1129 779 1176 805 καὶ
1202 778 1300 809 παντὸς
1308 778 1356 804 τοῦ
1365 778 1559 814 ὁμολογητικοῦ
1573 777 1756 813 πληρώματος
1767 777 1817 804 ῑΕι

1025 826 1080 860 γὰρ
1087 826 1173 851 ἐκεῖνο
1179 825 1208 850 οὺ
1219 825 1358 855 κοινωνία,
1365 825 1425 851 οὐδὲ
1432 825 1567 855 ἔκπτωσις
1573 832 1580 838 ’
1589 824 1614 851 τί
1621 824 1649 850 τὺ
1658 824 1751 858 δφελος
1759 823 1818 850 τῶν

1025 871 1138 902 ἐκείνοις
1151 870 1263 904 ἀγώνων
1281 879 1311 896 τε
1325 871 1372 897 καὶ
1380 870 1479 902 ἄθλων,
1489 871 1648 905 αἱμάτωντε
1662 870 1709 896 καὶ
1718 870 1817 896 ταλαι-

1025 916 1262 951 ταυρημάτων;τί
1273 914 1301 941 δὲ
1328 915 1376 941 καὶ
1401 915 1482 946 αὐτὸς
1498 915 1630 950 ἀπεμήθη
1653 914 1727 950 [cod.
1746 913 1815 948 Reg.

1024 961 1189 998 ἐπετιμήθη]
1201 970 1208 995 ;
1222 961 1248 987 τί
1262 961 1290 987 δὲ
1306 962 1354 987 καὶ
1380 961 1479 996 ἀφίησι
1492 960 1523 986 τὸ
1540 961 1720 996 μοναστήριον
1730 969 1737 991 ;
1748 961 1773 986 τί
1785 960 1818 986 δὲ

1024 1009 1200 1044 καὶεῖργεται
1223 1008 1274 1043 τῆς
1291 1008 1467 1043 ίερουργίαςς
1494 1008 1536 1039 Ὢ,
1559 1009 1606 1033 καὶ
1630 1005 1708 1038 αὖθις
1731 1006 1816 1040 λέγω,

1024 1055 1072 1089 τῆς
1084 1054 1159 1086 Θείας
1173 1054 1387 1089 ἀγανακτήσεως
1401 1054 1407 1080 l
1425 1054 1466 1080 ὅτι
1477 1053 1526 1088 τὴν
1541 1053 1670 1088 ἀλήθειαν
1682 1055 1710 1078 ἐν
1723 1053 1818 1088 ἀδικία

1025 1099 1157 1134 κατέχων,
1169 1099 1253 1125 οἴεται
1276 1099 1323 1125 καὶ
1350 1099 1413 1129 τοὺς
1436 1099 1561 1135 [Ιατέρας
1572 1099 1752 1125 ταυτοπαοεῖν
1762 1098 1818 1124 αὐ-

1025 1145 1072 1180 τῷ.
1080 1145 1148 1179 Φέρε
1157 1142 1214 1178 οὖν,
1223 1145 1322 1179 ἴδωμεν
1328 1145 1372 1170 τδν
1383 1144 1523 1178 ἀλόγιστον
1534 1145 1612 1178 λόγον
1628 1153 1635 1160 ·
1647 1144 1819 1177 Μετέλαὸον,

1025 1191 1082 1218 ἀλλ’
1097 1191 1147 1217 οὐκ
1173 1191 1352 1225 ἐκοινώνησα.
1365 1189 1447 1223 Λέγει
1472 1190 1618 1225 τοιγαροῦν
1631 1187 1682 1216 ὦδέ
1691 1199 1741 1216 που
1759 1190 1819 1216 τῶν

1027 1235 1158 1269 θεολόγων
1175 1237 1189 1261 ὁ
1196 1234 1346 1268 διαϐόητος·
1355 1234 1510 1260 Μετέλαὸον
1520 1235 1567 1268 τῆς
1577 1234 1690 1265 εἰκόνος,
1703 1235 1750 1259 καὶ
1764 1233 1820 1260 οὐκ

1026 1281 1146 1316 ἐφύλαξα
1156 1289 1163 1296 ·
1181 1280 1388 1316 μεταλαμϐάνει
1403 1281 1452 1316 τῆς
1463 1281 1533 1315 ὲμῆς
1543 1280 1699 1312 ἀσθενείας,
1713 1280 1758 1306 ἴνα
1769 1279 1821 1306 καὶ

1026 1326 1074 1362 τὴν
1089 1326 1179 1353 εἰκόνα
1196 1325 1281 1361 σώσῃ,
1299 1326 1345 1352 καὶ
1360 1325 1408 1360 τὴν
1427 1326 1517 1360 σάρκα
1538 1325 1702 1360 ἁθανατίσῃ.
1719 1325 1820 1351 Δευτὲ-

1029 1380 1078 1406 ραν
1091 1370 1137 1397 οὖν
1153 1372 1297 1398 κοινωνίαν
1312 1371 1445 1403 κοινωνεῖ,
1472 1371 1518 1396 καὶ
1531 1370 1598 1396 πυλὺ
1613 1371 1663 1405 τῆς
1677 1371 1821 1405 προτέρας

1027 1418 1252 1453 παραδοξοτέραν,
1265 1417 1344 1449 Ἰδοὺ,
1358 1417 1398 1449 τὸ,
1407 1415 1581 1451 μετέλαϐον,
1599 1419 1752 1448 κοινωνεῖν,
1768 1417 1822 1442 ὲκ-

1027 1465 1174 1497 πέῳασται.
1192 1462 1369 1496 Μετάληψις
1395 1463 1450 1496 γὰρ
1470 1463 1517 1489 καὶ
1551 1463 1681 1490 κοινωνία
1698 1462 1798 1489 ταυτόν
1811 1470 1820 1478 ·

1029 1512 1045 1545 ἡ
1061 1511 1110 1546 μὲν
1126 1512 1157 1537 ἐκ
1171 1510 1217 1537 τοῦ
1246 1510 1408 1545 μετέχεσοαι
1421 1518 1427 1525 ·
1442 1511 1458 1544 ἡ
1477 1510 1505 1536 δὲ
1531 1512 1563 1536 ἐκ
1588 1509 1636 1536 τοῦ
1660 1509 1725 1542 τοὺς
1751 1517 1822 1545 μετ-

1029 1559 1140 1592 έχοντας
1163 1556 1383 1587 κοινοποιείσθαι.
1400 1556 1601 1592 ὀνομαζομένη.
1632 1557 1688 1584 Καὶ
1702 1556 1793 1582 τοίνυν
1807 1557 1824 1583 ὁ

1029 1603 1170 1636 θεσπέσιος
1192 1603 1371 1635 ’Λπόστολος⁸
1392 1603 1427 1629 Τὸ
1439 1603 1583 1637 ποτήριον
1604 1602 1659 1635 τῆς
1677 1603 1823 1636 εὐλογίας

1029 1650 1252 1686 ὃεὺλογοῦμεν,
1270 1649 1338 1683 οὐχ).
1363 1650 1503 1676 κοινωνία
1530 1649 1583 1676 τοῦ
1614 1649 1735 1683 αἵματος
1766 1648 1823 1674 τοῦ

1029 1698 1138 1731 Kvpt'ov
1148 1697 1216 1724 ἐστί
1225 1705 1234 1728 ;
1244 1696 1297 1723 τὸν
1304 1695 1404 1730 ἄρτον,
1415 1695 1452 1722 ὃν
1458 1694 1588 1730 κλῶμεν,
1600 1694 1669 1728 οὐχὶ
1679 1695 1824 1720 κοινωνία

1029 1743 1082 1769 τοῦ
1096 1742 1232 1776 σώματος
1250 1740 1302 1767 τοῦ
1317 1741 1429 1774 Κυρίου
1445 1740 1550 1772 ἑστίν;
1563 1740 1607 1767 ὅτι
1620 1737 1662 1772 εἷς
1674 1740 1773 1773 ἄρτος.
1785 1739 1823 1764 ἓν

1030 1787 1114 1821 σῶμα
1129 1789 1156 1814 ol
1171 1787 1280 1814 πολλοί
1295 1786 1398 1821 ἐσμεν*
1417 1787 1443 1813 ol
1458 1785 1512 1820 γὰρ
1524 1785 1634 1817 πάντες
1643 1786 1677 1812 ὲκ
1689 1786 1740 1812 τοῦ
1749 1785 1824 1818 ἐνὸς

1029 1832 1119 1867 ἄρτου
1130 1833 1309 1868 μετέχομεν.
1711 1838 1714 1846 '

1072 1975 1138 2002 Ἰδοὺ
1152 1975 1251 2010 δέδειχε
1274 1975 1414 2002 κάνταῦθα
1434 1975 1465 2001 τὸ
1488 1974 1544 2009 φῶς
1564 1974 1611 2000 τοῦ
1636 1973 1740 2008 κόσμου
1756 1992 1763 2004 ,
1781 1973 1826 2000 ὅτι

1031 2022 1157 2047 κοινωνία
1171 2022 1244 2048 ἐστὶν
1258 2021 1397 2056 ἡμετοχή
1410 2029 1416 2036 ’
1431 2022 1480 2047 οὐκ
1491 2022 1523 2048 ἄν
1536 2030 1577 2052 τις
1590 2021 1619 2047 δὲ
1635 2020 1742 2055 φρενῶν
1755 2019 1828 2046 εἴσω

1031 2067 1080 2100 ὢν,
1095 2068 1155 2102 οὐχὶ
1170 2068 1220 2102 τὴν
1228 2068 1373 2102 μετοχὴν,
1392 2069 1565 2102 μετάληψιν
1587 2068 1671 2093 εἴποι.
1691 2066 1735 2098 Ὡς
1748 2064 1796 2092 οὖν
1813 2067 1829 2092 ό

1033 2112 1104 2145 θεῖος
1119 2113 1200 2148 ἄρτος
1218 2114 1270 2140 ὑπὸ
1287 2114 1341 2140 τῶν
1353 2113 1503 2149 ὁρθοδόξων
1516 2113 1706 2148 μετεχόμενος,
1717 2112 1828 2144 πάντας

1032 2159 1095 2191 τοὺς
1113 2159 1244 2193 μετόχους
1259 2159 1288 2185 ἓν
1302 2160 1381 2194 σῶμα
1399 2159 1543 2186 ἀποτελεῖ*
1562 2159 1634 2186 οὕτω
1652 2159 1684 2194 δὴ
1700 2159 1744 2184 καὶ
1758 2159 1828 2185 6a.!-

1034 2205 1142 2240 ρετικὸς
1159 2205 1241 2239 ἄρτος
1258 2205 1404 2236 κοινωνοὺς
1422 2206 1484 2236 τοὺς
1500 2204 1572 2231 οὕτω
1586 2204 1668 2231 αὑτοῦ
1697 2204 1830 2238 μετέχον-

1034 2260 1083 2282 τας
1094 2251 1217 2286 ἀλλήλων
1229 2251 1463 2286 ἀπεργαζόμενος,
1478 2251 1507 2277 ἓν
1518 2251 1596 2287 σῶμα
1607 2251 1828 2286 ἀντίθετονηΧρι-

1036 2298 1091 2332 an?)
1107 2297 1271 2333 παρίστησι·
1291 2298 1339 2324 καὶ
1365 2298 1379 2324 6
1399 2298 1542 2331 κενολόγος
1563 2297 1651 2333 μάτην
1666 2296 1827 2330 ικενολογεῖ.

1034 2342 1067 2368 Εἰ
1080 2342 1108 2368 δὲ
1122 2343 1163 2369 ὅτι
1182 2343 1196 2368 6
1211 2342 1283 2373 νοῦς,
1302 2342 1382 2369 ὁπότε
1408 2342 1622 2377 μετελάμϐανεν.
1639 2342 1669 2368 οὐ
1694 2342 1828 2368 συνδιετί-

1037 2388 1100 2415 Osco
1113 2388 1153 2423 τῷ
1172 2388 1363 2424 πραττομένῳ,
1384 2388 1463 2415 τοῦτό
1481 2390 1539 2415 ἐστι
1556 2388 1587 2414 τὸ
1603 2388 1703 2423 μᾶλλον
1716 2389 1831 2422 ἀναιρε-

1035 2434 1112 2460 τικόν
1127 2443 1133 2449 ·
1150 2435 1191 2460 ὅτι
1205 2435 1306 2469 καίπερ
1320 2433 1399 2466 εἰδὼς
1408 2435 1612 2469 ὲκτοπουργεῖν,
1623 2435 1698 2469 ὅμως
1713 2435 1741 2459 ὲν
1754 2433 1830 2467 γνώ-

1037 2489 1079 2507 σει
1097 2481 1251 2515 ἡμάρτανε,
1274 2480 1312 2516 μὴ
1332 2480 1461 2516 φοϐηθεὶς
1481 2481 1528 2506 τὸν
1551 2480 1735 2507 ἀποκτένοντα
1760 2479 1829 2506 Θεὸν

1037 2527 1084 2553 καὶ
1094 2526 1183 2561 ψυχὴν
1212 2527 1258 2553 καὶ
1291 2526 1370 2561 σῶμα
1400 2527 1445 2553 διὰ
1466 2527 1515 2561 τῆς
1536 2527 1564 2553 ὲν
1582 2526 1679 2561 γεέννῃ
1696 2525 1828 2561 ἐμϐολῆς,

1037 2573 1106 2600 ἀλλὰ
1122 2573 1167 2599 τὸν
1179 2573 1354 2608 προσκαίρως
1371 2573 1450 2607 σῶμα
1471 2573 1615 2600 τύπτοντα.
1635 2572 1668 2598 Τί
1694 2572 1830 2606 συμφέρει

1039 2620 1074 2646 τὰ
1087 2619 1231 2654 ἁσύμδατα
1244 2628 1252 2652 ς
1266 2619 1292 2645 τί
1303 2620 1388 2645 οἴεται
1400 2619 1566 2654 συνηγόρους
1585 2619 1648 2651 τοὺς
1660 2619 1830 2653 ἀντηγόρους

1040 2664 1123 2692 αὐτοῦ
1139 2665 1252 2698 ἁγίουςς
1271 2665 1323 2700 ήδη
1338 2665 1386 2691 καὶ
1405 2665 1484 2700 μόνον
1506 2665 1668 2697 κατάνευσις
1685 2665 1701 2699 ἦ
1715 2665 1830 2691 ἀνάνευ-

1042 2720 1096 2742 σις,
1116 2711 1161 2736 ἐπί
1175 2719 1204 2736 τε
1214 2710 1358 2745 ὁμολογίας
1373 2710 1420 2737 καὶ
1433 2711 1585 2746 ἀρνήσεως,
1597 2711 1679 2746 ἔργου
1689 2711 1830 2746 πλήρωσις

1042 2757 1132 2788 αὐτοῖς
1145 2755 1339 2791 δογματίζετσι
1350 2765 1356 2771 ·
1373 2756 1418 2784 καὶ
1432 2756 1493 2782 οὐδὲ
1510 2757 1656 2792 ὑπόκρισιν
1671 2757 1709 2788 εἰς
1725 2757 1831 2792 μαρτὺ-
