1912 3080
111 146 173 179 1481

702 145 971 180 EPISTULARUM
1001 147 1074 179 LIB.
1100 149 1137 178 ll.

1665 143 1734 178 14δῖ

111 213 166 240 ριον
178 205 366 240 προσήκαντο.
381 206 429 232 τοῦ
448 207 527 241 μόνον
549 206 671 241 ἅψασθαι
695 208 828 243 θύματος,
848 209 895 234 οὒκ

950 214 989 236 cst
1011 216 1042 235 ac
1070 215 1139 243 opus
1171 207 1260 241 ipsum
1288 205 1436 240 perfecisse
1455 215 1461 232 :
1479 213 1511 232 ac
1533 213 1566 232 ne
1584 204 1739 232 situulntio-‘

110 251 262 283 ειδωλικοῦ,
279 251 336 278 ἀλλ’
347 252 408 279 οὐδὲ
422 251 552 278 ἰδιοθύτου
563 260 571 267 ·
584 253 632 279 καὶ
644 253 677 280 τὰ
687 254 911 292 παραδείγματα.

109 297 220 332 ἄπειρα.
235 297 268 324 Τί
283 297 316 332 δὴ
329 297 377 324 οὖν
389 297 454 324 ἄλλο
470 297 487 333 ἢ
502 297 584 325 τοῦτο
601 299 665 334 ἐνῆν
682 299 721 335 τῷ
734 300 898 336 προλαϐόντι

108 343 220 378 διωγμῷ
235 352 243 376 ;
267 343 296 370 Ὀ
312 343 385 378 ἱερὸς
399 344 572 379 πατριάρχης
584 346 750 382 κατηνέχθη,
761 346 901 383 ἐξωστρα-

107 388 201 424 κίσθη,
221 388 392 424 περιωρίσθη
404 389 434 416 ὲν
448 390 618 426 παραϐύστῳ
632 389 726 426 τόπῳλ
742 392 899 427 ἀντίθρονος

109 435 299 470 Χριστομάχος
309 443 317 450 ·
343 434 450 467 σύνοδος
465 436 635 463 ἀθετούντων
647 446 653 452 ·
677 438 899 474 ἁναθεματισμὸς

107 481 157 516 τῆς
173 480 203 507 ὲν
215 481 320 515 Νικαίᾳ
334 481 416 515 ἁγίας
433 481 545 509 συνόδου
560 491 567 498 υ
585 483 738 519 ἀνάρῥησις
752 484 802 519 τῆς
815 485 899 511 πάλαι

107 527 334 562 ἀντιχριστούσης
347 536 355 544 ·
373 527 519 563 ὑπερορίαι
532 528 586 556 τῶν
600 529 686 563 ἁγίων
701 530 859 557 ἐπισκόπων
868 539 898 557 τε

107 573 155 601 καὶ
168 574 340 609 ἡγουμένων,
370 574 542 609 μοναζόντων
570 575 618 601 καὶ
639 575 814 610 μοναζουσῶν
827 585 834 591 ·
853 577 897 603 αῖ-

108 628 181 654 ματα
198 620 328 655 χεόμενα,
345 619 455 647 θάνατοι
467 621 564 656 ἄωροι,
583 621 703 656 εἱρκταὶ,
731 622 897 657 λιμαγχονή-

107 672 175 696 σεις,
189 663 334 699 λεηλασίαι
346 672 353 680 ·
368 665 400 691 τὸ
422 665 613 701 φοὸερώτερον
635 666 682 692 καὶ
699 666 839 702 ὁρώμενον
851 668 898 694 καὶ

106 710 286 745 ἁκουόμενον,
299 711 316 746 ὴ
333 711 421 746 σεπτὴ
443 711 528 739 εικὼν
550 712 598 739 τοῦ
619 713 739 748 Χριστοῦ
759 713 898 749 ἐνυϐριζο-

107 756 189 792 μένη,
204 757 448 792 καταπατουμὲνη,
465 757 518 792 τῆς
542 758 687 791 θεοτόκου,
705 759 758 785 τῶν
771 760 898 787 ἁπάντων

107 802 193 835 ἁγίων
203 809 211 817 °
227 802 255 829 οἵ
265 811 297 829 τε
312 803 373 830 ναοὶ
388 804 436 830 καὶ
450 804 485 830 τὰ
495 803 678 840 θυσιαστήρια
701 805 897 841 ἑρειπούμενα·

105 845 140 871 τὰ
154 844 221 878 ἆγια
246 845 445 882 βιϐηλοὺμενα,
458 848 535 883 ,πυρὶ
548 849 760 884 παραδιδόμενα.
789 850 899 878 Τούτων

105 890 194 922 οὕτως
209 891 337 926 ἑχόντων,
351 893 381 919 οὐ
399 893 454 925 πᾶς
469 894 484 919 ό
497 895 665 930 κοινωνήσας
679 895 763 930 ἦγουν
780 897 898 931 μεταλα-
915 885 934 914 Β

106 936 162 963 ὖὼν
186 937 234 963 τοῦ
262 937 366 965 ἰοϐόλου
390 938 488 974 ἄρτου,
515 940 743 976 ἀρνησίχριστος,
774 941 896 974 ἓκθετος,

104 982 213 1014 ἀνόσιος
225 991 232 998 ·
248 984 272 1010 ει
293 985 362 1020 μήτε
384 985 429 1012 διὰ
453 985 599 1020 μετανοίας
619 987 760 1023 ἁνακληθῇ
779 996 786 1020 ;
803 987 897 1020 Οὕτως

107 1029 164 1064 ἔχει
183 1029 200 1064 ή
217 1029 349 1064 ἀλήθεια·
363 1031 411 1057 καὶ
426 1031 512 1067 ταύτῃ
523 1032 733 1069 ἀπεκτάνθησαν
749 1034 773 1060 οἱ
789 1034 897 1070 μάρτυ-

106 1082 162 1108 ρες,
180 1076 229 1102 καὶ
244 1075 359 1103 ὑποῖσαν
377 1076 486 1105 ἅπαντα
505 1078 531 1104 oi
546 1079 731 1115 ἀντεχόμενοι.
747 1081 801 1108 Καὶ
813 1081 841 1108 sl
851 1090 896 1114 τις

103 1119 144 1152 τῷ
159 1121 269 1147 κανόνι
280 1121 376 1154 τούτῳ
397 1123 523 1158 στοιχεῖ,
544 1125 626 1161 φησὶν
638 1125 652 1152 ὁ
670 1125 843 1159 Ἀπόστολος,
856 1129 896 1155 sl-

101 1165 182 1199 ρήνη
196 1166 245 1192 ἐπ’
260 1167 366 1199 αὐτὸν,
389 1169 441 1196 και
463 1169 561 1203 ἕλεος,
577 1171 626 1198 καὶ
643 1171 693 1198 ἐπὶ
707 1172 761 1199 τὸν
775 1173 896 1207 Ἰσραὴλ

103 1211 158 1238 τοῦ
173 1211 260 1239 Θεοῦ.
274 1213 296 1239 Τ
297 1213 312 1239 ὸ
324 1213 378 1249 γὰρ
392 1214 439 1240 τοῦ
452 1215 571 1248 Διανίου,
588 1218 636 1243 καὶ¹
665 1218 711 1244 τοῦ
729 1218 836 1253 Πατρὺς
848 1219 895 1246 τοῦ

104 1256 248 1291 Θιοὶόγου,
266 1257 293 1284 εἴ
305 1266 333 1284 τι
346 1259 394 1285 καὶ
405 1260 526 1288 τοιοῦτον
537 1261 630 1297 ἓτερον
646 1271 653 1278 ·
669 1264 794 1298 τεχνικοῦ
807 1265 896 1300 γράμ-

105 1310 192 1337 ματος
227 1303 281 1330 ὐπὸ
311 1305 460 1341 αἰρετικῶν
493 1309 833 1346 σκαιωρηθὲντοςοκλοπὴ
861 1310 896 1348 ἦν

105 1349 258 1384 ἁπλότητος
275 1352 539 1387 κατασοφισθέντων,
553 1355 601 1381 καὶ
616 1355 666 1382 οὐκ
675 1355 707 1382 ἐκ
718 1355 801 1390 φόϐου
811 1357 894 1390 τινὸς,

103 1393 196 1429 ἄπαγε
209 1396 216 1422 l
232 1396 452 1432 ὑπογραψάντων
471 1398 528 1426 τῶν
543 1400 629 1434 ἁγίων
646 1401 769 1430 ἐκείνων.
796 1403 896 1438 Διόπερ

103 1439 197 1470 αὐτοῖς
216 1439 298 1472 εὐθὺς
313 1442 372 1477 ἅμα
386 1442 434 1470 τοῦ
449 1443 550 1477 γνῶναι
563 1445 609 1472 τδν
623 1445 698 1472 δόλον
713 1447 729 1481 ὴ
743 1447 894 1483 ἀνάκτησις

105 1485 156 1511 καὶ
169 1485 187 1520 ἠ
203 1485 337 1521 εὕθαρσος
349 1487 494 1522 ἀπολογία.
507 1489 610 1523 Ταῦτα,
626 1492 715 1528 Πάτερ
728 1493 799 1528 ἅγιε,
814 1493 841 1520 εἴ
854 1502 895 1521 σοι

105 1529 226 1585 θεμιτὸν,
241 1532 468 1585 Ξκιρειρομύθησον
472 1534 511 1570 τῷ
522 1535 608 1572 ἀνδρὶ,
618 1537 662 1564 ἵνα
676 1537 754 1570 eteo;
770 1539 820 1574 τὴν
831 1539 895 1576 ἀλή·
907 1556 929 1585 c

104 1575 193 1608 θειαν,
208 1579 359 1614 ἀπορρίψοι
374 1580 425 1616 τὴν
437 1581 531 1609 ἄδικον
544 1585 832 1621 συγγραφὴνὲκείνην,
846 1587 894 1613 καὶ

105 1624 177 1659 μετὰ
193 1624 316 1652 εὐσεϐῶν
329 1626 452 1654 τάττοιτο
464 1635 471 1643 '
489 1629 533 1655 ἐπ’
549 1629 583 1656 ἂν
598 1630 646 1656 καὶ
657 1630 758 1666 γέρων,
772 1632 820 1658 καὶ
833 1632 893 1658 ὲπι-

102 1670 243 1706 τιμηθεὶς,
262 1672 309 1697 καὶ
332 1671 377 1698 διὰ
394 1681 435 1699 τοι
459 1672 537 1700 τοῦτο
555 1674 640 1707 ἐάσας
657 1675 707 1711 τὴν
733 1677 895 1712 περιϐόητον

105 1716 201 1751 μονήν.
218 1716 250 1742 El
264 1716 294 1743 δὲ
311 1717 361 1752 μὴ,
373 1717 431 1744 ἀλλ’
446 1719 512 1753 ἡμῖν
525 1727 558 1753 γε
580 1718 656 1752 εὖξαι
684 1722 820 1757 μηδεμίαν
837 1731 896 1749 κοι-

102 1761 202 1787 νωνίαν
213 1761 287 1797 ἔχειν
298 1763 328 1788 ὲν
339 1762 408 1796 τῷδε
421 1763 460 1799 τῷ
473 1764 552 1800 μέρει
561 1767 631 1799 μετὰ
641 1766 688 1793 τοῦ
697 1767 803 1804 ἀνδρὸς.
816 1768 894 1803 εἴπερ

103 1806 151 1832 καὶ
167 1806 200 1833 οὐ
216 1807 410 1842 μεταμέλοιτο.

165 1961 244 1988 PNE'
254 1962 322 1997 (tr).
336 1979 370 1984 -
383 1964 515 1999 θεοφίλῳ
523 1963 578 1999 τῆς
591 1965 727 2001 Ἑφέσου.
749 1966 838 2002 [χλο¹.]

951 262 1012 281 nem
1037 254 1146 289 quidem
1177 253 1325 280 admittunt
1341 251 1482 287 tangenda:
1509 251 1638 283 victimae,
1654 259 1742 286 neque

950 301 1039 328 Solum
1058 299 1220 328 sacriﬁcalaa
1236 298 1328 330 idolis,
1344 298 1391 324 sed
1418 304 1468 325 nec
1497 297 1623 332 privatim
1639 306 1716 326 (ansa:
1732 308 1739 325 :

950 345 1104 378 cuiusmodi
1118 344 1240 379 exempla
1255 348 1320 371 sunt
1343 343 1498 370 innumera.
1517 342 1583 376 Qua:
1596 343 1670 371 enim
1689 344 1741 370 alia

949 400 1030 428 quam
1047 392 1104 419 haec
1122 397 1200 418 erant
1220 391 1247 417 in
1264 390 1348 425 priori
1365 389 1575 425 persecutione?
1590 390 1674 417 Sacer
1690 397 1741 425 pa-

950 439 1067 466 triarcha
1084 439 1209 465 detentus
1220 442 1274 469 est,
1303 437 1330 464 in
1351 436 1479 464 exsilium
1511 436 1618 471 pulsus.
1637 436 1663 463 in
1691 437 1743 464 ob-

949 492 1060 512 scurum
1091 484 1180 511 locutn
1210 484 1373 519 relegatus:
1394 483 1422 509 in
1453 482 1513 516 ejus
1538 483 1604 510 sede
1630 483 1740 510 locatus

950 531 1030 558 homo
1053 530 1281 558 Christomachus
1295 538 1302 556 :
1317 529 1439 564 synodus
1455 529 1659 564 abrogantlum,
1676 537 1741 556 ana-

949 576 1134 603 thematizatio
1172 580 1274 602 sanctae
1298 573 1395 609 synodi
1424 573 1550 605 Nictenai,
1578 574 1741 601 instauratio

949 622 1011 649 belli
1027 627 1120 649 contra
1134 621 1285 653 Christum,
1298 621 1395 649 exsilia
1412 624 1571 648 sanctorum
1591 620 1737 655 episcopo-

948 676 1008 695 rum
1019 673 1046 696 et
1059 668 1281 703 praepositorum,
1297 667 1496 694 monachorum
1511 673 1545 693 ac
1559 665 1719 693 monialium
1732 673 1740 692 :
1781 665 1788 671 ‘

948 714 1060 749 sanguis
1074 713 1189 746 effusus,
1205 717 1308 740 mortes
1338 712 1502 744 immaturae,
1530 719 1664 743 carceres,
1690 711 1740 738 ho-

949 761 1037 787 mines
1051 759 1122 786 l'ame
1136 758 1224 786 enecti
1242 767 1249 786 :
1264 757 1483 793 depraedationes
1498 761 1535 790 et,
1552 757 1623 791 quod
1652 757 1740 784 oculis

948 807 1116 841 auribusque
1132 806 1311 837 horrendum,
1327 804 1529 832 contumeliose
1559 803 1661 837 habita,
1676 811 1739 838 pro-

948 853 1066 886 culcata,
1093 852 1183 886 imago
1209 850 1310 878 Christi
1331 850 1499 882 veneranda,
1519 849 1653 884 Deiparte,
1681 857 1740 875 om-

949 901 1023 927 nium
1050 904 1207 928 sanctorum
1224 908 1231 926 :
1249 899 1347 933 templa
1373 903 1402 926 et
1427 897 1526 925 altaria
1547 898 1606 924 solo
1621 901 1738 930 a-quata,

948 947 1040 974 saucia
1055 945 1208 981 profanata,
1227 945 1338 980 ignique
1354 944 1465 972 tradita.
1497 943 1565 976 Qum
1578 950 1640 970 cum
1655 942 1691 968 ita
1706 948 1736 968 sc

949 993 1081 1025 habeant,
1106 992 1263 1027 quicunque
1291 990 1475 1018 communicat
1507 997 1555 1017 seu
1593 987 1740 1023 participat

949 1043 1109 1066 venenatum
1143 1045 1251 1072 panem,
1288 1044 1378 1064 nonne
1408 1035 1510 1062 Christi
1538 1038 1580 1061 est
1604 1038 1736 1068 negator;

947 1086 1061 1119 ejectus,
1078 1085 1190 1119 impius,
1221 1084 1274 1112 nisi
1294 1092 1341 1119 per
1352 1083 1539 1119 paenitentiam
1570 1081 1711 1115 resipiscat
1726 1081 1739 1106 ?

947 1134 992 1161 Sic
1008 1133 1087 1160 habet
1102 1133 1252 1160 veritas:et
1266 1139 1315 1167 pro
1327 1132 1378 1159 hac
1386 1131 1469 1159 occisi
1481 1135 1544 1158 sunt
1557 1133 1700 1164 martyres,
1710 1134 1738 1154 et

947 1180 1037 1206 omnia
1051 1186 1099 1213 pro
1113 1179 1186 1206 illius
1200 1178 1359 1206 defensione
1376 1177 1545 1212 pertulerunt
1560 1184 1567 1202 :
1586 1174 1618 1201 Et
1637 1173 1659 1200 si
1676 1174 1736 1208 quis

946 1223 1014 1250 hunc
1038 1223 1157 1258 regulam
1181 1228 1284 1250 secutus
1313 1222 1404 1256 fuerit,
1423 1220 1462 1248 ait
1490 1220 1651 1255 Apostolus,
1683 1225 1737 1253 prta:

945 1278 1023 1304 super
1037 1270 1136 1304 ipsum,
1152 1273 1178 1296 et
1205 1267 1399 1300 misericordia,
1412 1272 1437 1295 et
1449 1275 1526 1299 super
1541 1265 1626 1293 Israel
1641 1264 1687 1291 Dei
1701 1265 1736 1291 ".

946 1314 1023 1347 Quod
1038 1315 1111 1341 enim
1129 1314 1162 1341 de
1177 1313 1285 1345 Dianio,
1300 1317 1327 1340 et
1342 1312 1376 1340 de
1401 1311 1533 1347 Theologi
1560 1315 1647 1346 patre,
1670 1314 1698 1336 ct
1713 1309 1736 1336 si

946 1361 1009 1396 quid
1028 1360 1101 1388 aliud
1127 1359 1274 1394 ejusmodi,
1300 1358 1493 1386 haereticorum
1522 1356 1640 1384 artiﬁcio
1665 1355 1735 1383 scri-‘

947 1410 1023 1440 ptum
1040 1410 1067 1432 et
1090 1405 1276 1440 excogitatum
1289 1425 1297 1436 ,
1319 1405 1394 1431 l‘raus
1409 1402 1460 1430 fuit
1476 1403 1508 1430 ad
1523 1401 1658 1429 fallendos
1670 1401 1737 1429 simi

947 1453 1075 1487 pliciori-s
1086 1471 1094 1482 ,
1111 1458 1166 1478 non
1181 1451 1255 1486 quod
1275 1451 1372 1478 timore
1388 1449 1492 1484 aliquo,
1518 1448 1601 1481 absit,
1615 1447 1734 1475 subscri-

947 1497 1050 1532 pserint
1076 1497 1165 1523 sancti
1194 1496 1244 1523 illi.
1272 1494 1405 1528 Quocirca
1422 1493 1504 1521 simul
1535 1498 1617 1528 atque
1643 1492 1735 1519 dolum

945 1550 1125 1578 agnoverunt,
1142 1546 1306 1570 revocarunt
1331 1547 1370 1572 se,
1387 1544 1416 1567 et
1429 1547 1493 1567 cum
1508 1539 1607 1566 ﬁducia
1623 1544 1737 1573 respou-

944 1591 1052 1619 derunt.
1071 1589 1143 1622 Hinc,
1154 1589 1235 1616 Pater
1247 1591 1353 1620 sancte,
1370 1587 1393 1614 si
1408 1586 1449 1614 fas
1463 1586 1525 1618 erit,
1546 1585 1605 1612 viro
1633 1591 1737 1612 renun-

945 1637 1013 1664 tia:
1042 1641 1070 1662 ιιι
1106 1635 1196 1670 agnita
1230 1634 1354 1666 veritate,
1390 1633 1518 1666 injustam
1552 1629 1734 1666 syngrapham

950 1683 1024 1709 illam
1043 1681 1164 1716 ahjiciat,
1178 1684 1206 1707 et
1234 1679 1261 1706 in
1289 1685 1433 1706 numerum
1450 1678 1555 1713 piorum
1570 1676 1736 1704 ascriliatur.

947 1727 1165 1763 quandoquidem
1182 1730 1208 1753 et
1233 1733 1326 1758 senex,
1343 1729 1370 1751 et
1393 1724 1587 1759 reprehensus,
1617 1728 1644 1750 et
1672 1728 1734 1756 pro;

948 1778 1039 1808 plerea
1071 1771 1182 1806 reliquit
1220 1769 1427 1798 celeberrimum
1453 1767 1652 1795 monasterium
1669 1775 1676 1798 ;
1693 1766 1735 1793 sin

947 1819 1055 1846 minus:
1068 1822 1096 1844 at
1119 1824 1168 1852 pro
1183 1816 1262 1843 nobis
1277 1823 1337 1848 ora,
1352 1819 1382 1842 ut
1396 1814 1497 1842 nullam
1511 1821 1572 1840 cum
1589 1813 1647 1839 viro
1658 1818 1735 1839 com-

946 1864 1104 1893 munionem
1140 1862 1290 1889 habeamus
1304 1861 1332 1887 in
1362 1861 1414 1887 hac
1441 1864 1527 1895 parte,
1543 1859 1595 1886 nisi
1614 1859 1736 1885 animum

948 1919 972 1937 lli
979 1915 1045 1938 utet.

1118 1964 1196 1994 CLV.
1214 1980 1249 1986 —
1264 1963 1405 1998 Theophila
1427 1962 1521 1998 Ephesi
1541 1964 1582 1997 (').

598 2024 668 2053 Quod
686 2024 818 2049 hereticos
828 2024 922 2054 doceri,
934 2031 983 2048 non
994 2023 1101 2048 interﬁci
1113 2025 1236 2053 oporteat.

138 2061 258 2089 Ἐλαὸον
272 2061 319 2088 ἐπὶ
326 2063 421 2098 χεῖρας
430 2063 461 2090 τὸ
471 2067 672 2100 γραμματεῖον,
683 2066 750 2102 ὅπερ
768 2067 894 2093 ἐπέστει-

98 2107 146 2133 λεν
163 2108 180 2142 ή
200 2107 263 2143 ἱερά
276 2116 323 2134 σου
338 2109 445 2145 κορυφὴ
462 2110 615 2146 Ἀθανασὶῳ
633 2111 672 2147 τῷ
684 2112 810 2147 ἡμετέρῳ
819 2112 895 2139 ἁδελ-

100 2153 157 2188 φῷ,
174 2153 224 2180 καὶ
236 2154 372 2188 ἀναγνοὺς
386 2155 537 2192 ἐλυπήθην,
549 2157 699 2192 τιμιώτατέ
728 2167 779 2193 μου
792 2159 894 2194 Πάτερ,

981 2065 1093 2100 Sumpta
1110 2065 1137 2092 in
1162 2072 1260 2092 manus
1279 2063 1394 2098 cpistola
1413 2069 1496 2097 quant
1515 2069 1595 2089 sacra
1612 2061 1738 2089 sublimi-
1770 2078 1776 2085 κ

950 2119 992 2140 tas
1017 2116 1063 2139 tua
1093 2110 1171 2138 fratri
1204 2115 1299 2137 nostro
1313 2108 1463 2136 Athanasio
1493 2108 1581 2140 misit,
1599 2108 1647 2135 ubi
1667 2107 1737 2135 hanc

947 2158 1008 2194 legi,
1030 2158 1105 2193 gravi
1129 2157 1222 2184 dolare
1236 2155 1349 2183 alTectus
1369 2162 1441 2187 sum,
1457 2153 1538 2181 Pater
1562 2154 1598 2180 mi
1617 2154 1737 2181 honora-

100 2198 194 2248 λύπην
206 2199 311 2248 ἱκανήν.
329 2200 441 2235 Πρῶτον
455 2201 505 2236 μὲν
525 2202 567 2229 ὅτι
586 2203 616 2229 ἐν
638 2203 704 2238 ἡμῖν
729 2204 821 2236 αὐτοῖς
839 2205 893 2236 τοῖς

947 2205 1072 2236 tissime;
1094 2204 1212 2238 primum
1240 2201 1349 2237 quidem
1377 2201 1450 2236 quod
1476 2200 1558 2227 etiam
1589 2200 1660 2227 inter
1687 2208 1737 2227 nos

98 2244 281 2281 ὀρθοτομοῦσι
297 2246 342 2272 τὸν
356 2246 434 2281 λόγον
456 2247 508 2282 τῆς
528 2248 657 2283 ἀληθείας
680 2250 750 2276 κατὰ
768 2249 817 2286 τὴν
846 2251 893 2277 νῦν

98 2290 245 2318 λυττῶσαν
267 2292 375 2328 αἵρεσιν
393 2295 448 2321 τῶν
460 2296 663 2332 Εἰκονομάχων,
681 2297 832 2333 ἐρεσχελίαι
847 2298 892 2332 γί-

98 2346 207 2371 νονται,
226 2340 274 2366 καὶ
286 2341 425 2376 σχίσματα
448 2343 625 2377 ἐπιφύονται·
643 2343 738 2371 ἔπειτα
752 2345 794 2371 ὅτι
806 2345 892 2379 ἀναγ-

99 2384 226 2419 κάζομαι
236 2385 250 2411 ὁ
265 2386 406 2421 ἐλάχιστος
419 2389 597 2422 ἀντιθετικῶς
619 2390 669 2426 τὴν
682 2390 799 2423 διάλεξιν
812 2392 892 2425 ποιή-

100 2429 216 2458 σασθαι.
251 2431 330 2459 Ἀλλὰ
355 2435 566 2468 συγγινωσκὲτω
589 2436 606 2470 ἡ
622 2436 800 2471 μεγαλειότης
829 2430 891 2463 σου·

99 2477 168 2511 περὶ
179 2476 234 2512 γὰρ
248 2477 378 2513 ἀληθείας
393 2480 407 2505 ὁ
423 2479 518 2514 λόγος’
536 2478 571 2516 ἦς
590 2481 665 2508 οὐδὲν
685 2481 892 2517 προτιμότερον.

98 2523 163 2549 οὐδὲ
178 2523 392 2559 αἱδεσιμὼτερον
405 2525 480 2562 [cod.
495 2526 562 2562 Reg.
582 2527 830 2564 αἱδεστικώτερον].
859 2528 893 2555 Tt

97 2568 128 2594 δὲ
158 2568 191 2595 τὺ
220 2569 406 2606 ἐμφερόμενον
431 2572 462 2598 ὲν
486 2574 544 2604 τοῖς
575 2573 732 2608 γράμμασι,
751 2575 814 2609 περὶ
825 2571 856 2601 οὗ
875 2574 893 2610 ή

98 2613 199 2649 iam];
219 2615 326 2650 Ἡμεῖς,
347 2618 441 2652 φησὶν,
461 2618 523 2645 οὒτε
552 2619 696 2646 κτένεσθαι
719 2620 784 2652 τοὺς
806 2621 894 2647 Μανι-

99 2659 211 2695 χαίους,
226 2660 292 2687 οὔτε
310 2662 347 2697 μὴ
365 2663 525 2696 κτένισθαι,
536 2664 800 2701 συνεδουλεύσαμεν.
817 2665 846 2692 Ei
861 2665 891 2693 δὲ

98 2707 150 2734 καὶ
158 2706 364 2743 ἐπετρέψαμεν,
376 2708 431 2736 τῶν
439 2710 590 2738 καλλίστων
605 2711 635 2738 τὸ
646 2711 773 2747 μέγιστον
785 2712 895 2748 εἴχομεν

152 2763 176 2780 ’⁷
191 2762 283 2791 Galat.
305 2768 343 2797 Vt,
359 2764 405 2792 16.

141 2853 200 2889 (47)
216 2854 246 2883 ln
258 2855 319 2883 rod.
336 2855 404 2891 Reg.
420 2854 480 2890 ριζ’.
575 2895 577 2897 γ

273 2900 408 2931 Parnm.
423 2901 482 2930 Gn.
501 2899 611 2933 XCIX;

947 2252 1031 2286 ipsos,
1054 2249 1102 2284 qui
1131 2248 1237 2276 furente
1253 2255 1326 2275 nunc
1344 2247 1591 2274 lconomacliorum
1628 2247 1735 2278 haeresi,

945 2305 977 2324 ex
1003 2304 1099 2324 norma
1120 2294 1241 2322 veritatis
1257 2294 1407 2329 loquxmur,
1423 2293 1489 2320 rixae
1504 2292 1631 2324 oriantur
1646 2296 1672 2318 ct
1687 2299 1737 2318 ex-

946 2345 1043 2372 sistant
1073 2342 1222 2370 schismata
1239 2350 1247 2368 :
1263 2340 1362 2368 deinde
1391 2340 1464 2375 quod
1491 2347 1573 2373 cogar
1588 2346 1638 2373 ego
1654 2338 1737 2365 mini-

947 2398 1008 2418 mus
1035 2389 1199 2417 contrariam
1217 2395 1251 2415 ex
1262 2388 1378 2415 adverso
1403 2386 1624 2414 dissertationem
1656 2385 1735 2413 insti-

947 2442 1034 2464 tuere.
1063 2435 1123 2467 Sed.
1138 2435 1263 2469 ignoscat
1291 2433 1493 2469 magniﬁcentia
1522 2437 1590 2465 tua;
1621 2439 1682 2459 cum
1702 2431 1735 2458 dc

948 2484 1061 2510 veritate
1075 2486 1182 2517 agatur.
1201 2489 1255 2516 qua
1270 2481 1339 2508 nihil
1361 2485 1402 2508 est
1429 2480 1545 2512 honore,
1563 2479 1631 2506 nihil
1653 2486 1734 2505 vene-

946 2529 1054 2556 ratione
1070 2526 1189 2562 dignius.
1217 2526 1288 2559 Quid
1305 2529 1395 2553 autem
1414 2529 1456 2552 est
1471 2525 1498 2552 in
1511 2525 1609 2552 litteris
1625 2524 1658 2552 de
1678 2531 1735 2559 quo

946 2574 1005 2610 ipsa
1032 2573 1144 2601 doleat?
1163 2572 1229 2605 Nos,
1265 2572 1367 2606 inquis,
1396 2578 1484 2606 neque
1511 2574 1541 2597 ut
1574 2570 1734 2597 occidantur

946 2619 1098 2651 Manichaei,
1124 2625 1212 2653 neque
1225 2622 1254 2644 ut
1270 2625 1324 2644 non
1337 2615 1509 2650 occidantur,
1526 2616 1674 2643 c0nsilium
1687 2615 1734 2642 dc-

947 2666 1048 2693 dimus.
1075 2664 1103 2692 ld
1129 2672 1193 2692 vero
1217 2664 1240 2691 si
1267 2663 1500 2698 permitteremus,
1535 2661 1734 2696 pulcherrima-

950 2719 1009 2739 rum
1031 2719 1120 2739 rerum
1139 2709 1286 2738 maximam
1315 2709 1477 2737 faceremus.
1512 2708 1582 2742 Quid
1599 2708 1651 2741 ais,
1662 2707 1704 2735 vir
1718 2711 1734 2733 ιι

857 2809 972 2840 NOTAE.

993 2856 1029 2891 (⁸)
1048 2843 1215 2891 Dogniatica.

1507 2899 1543 2930 ΙιΊ
