1912 3080
181 138 248 169 1N}

775 139 804 167 S.
824 136 1020 167 THEODORI
1042 135 1216 165 STUIHT/E

1744 139 1810 173 1484

178 196 233 221 Deo
255 194 412 221 honorate?
433 194 564 222 Dominus
587 195 613 221 in
641 195 793 229 Evangeliis
816 194 909 223 vetuit.
925 193 964 219 di-

1023 190 1052 216 Ξιν
1070 191 1193 225 ποιῆσαι.
1214 191 1246 216 Ti
1265 190 1326 225 φὴς,
1341 188 1363 217 ὧ
1374 191 1519 227 θεοτίμητε
1533 201 1540 225 ;
1554 193 1568 220 ὁ
1585 193 1688 229 Κύριος
1704 195 1809 232 ἁπηγό.

177 248 242 268 oens
258 250 264 267 :
286 239 358 274 Non,
377 248 407 267 ne
422 240 490 274 forte
506 240 656 275 colligentes
686 240 802 271 zizania,
826 239 966 267 eradicctis

177 286 258 313 simul
284 295 344 313 cum
368 287 405 313 eis
436 287 565 313 triticum.
591 286 677 314 Sinite
705 294 820 314 crescere
835 285 966 321 usquead

176 341 285 359 meuem
299 333 332 359 ’³.
356 333 389 360 Ει
404 340 431 360 ιιι
448 334 694 368 pulcherrimarum
713 341 804 361 rerum
819 333 966 360 maximam

176 379 290 412 dixeris,
322 379 535 406 eradicationem
577 379 754 413 permittere?
778 378 857 411 Quod
894 378 967 404 enim

178 427 282 454 zizania
301 427 406 454 vocarit
419 427 572 459 haereticos,
591 431 649 454 tum
666 434 713 454 eos
740 426 787 461 qui
807 430 873 453 tunc
891 428 970 452 erant

177 473 312 504 videlicet,
333 478 391 500 tum
418 481 515 500 omnes
531 473 577 507 qui
608 477 702 507 postea
737 472 835 500 orituri
862 475 968 503 essent,

177 515 403 550 Chrysostomum
421 516 566 544 audiamus
591 517 643 543 hoc
666 517 753 551 ipsum
788 517 969 551 interpretan-

179 565 233 589 tem
260 562 301 589 his
326 562 415 589 verbis
431 563 452 578 ³⁹
468 572 474 589 :
491 571 501 588 ι
520 562 589 595 Quid
607 571 671 597 ergo
686 567 758 590 vetat
785 562 917 589 Dominus
931 562 970 589 di-

177 616 242 635 cens
260 618 265 634 :
283 608 324 634 Ne
339 609 407 642 forte
430 609 570 636 eradicetis
586 609 666 635 simul
690 617 749 635 τιιηι
773 609 816 635 eis‘
837 608 968 635 triticum.

180 655 236 682 Hoc
251 662 316 681 vero
330 655 430 687 aiebat,
448 656 516 682 bella
533 661 638 688 vetans,
655 661 681 682 et
705 656 866 689 sanguinem
894 655 969 682 fundi

178 697 206 726 et
220 700 307 727 caedes
324 699 393 726 ﬁeri.
425 699 483 727 Non
499 700 571 727 enim
601 705 707 735 oportet
723 701 865 727 haereticos
896 701 970 727 occi-

178 745 266 778 dere;
290 745 393 780 alioqui
419 746 520 773 bellum
539 746 710 781 implacabile
737 747 764 773 in
791 746 871 773 terris
896 745 970 772 futu-

179 799 240 817 rum
254 796 323 817 erat.
339 791 371 818 Et
383 796 444 826 post
457 792 509 818 alia
524 801 530 818 :
548 793 616 825 Quid
633 800 714 826 porro
730 792 815 824 aliud,
845 792 884 820 Ne
910 801 971 819 era-

178 836 273 863 dicetis
289 845 347 863 cunt
361 838 398 863 eis
416 836 544 869 triticum,
573 845 655 872 quant
685 837 737 864 hoc
757 837 871 865 innuit?
890 837 967 870 Quod

179 883 201 908 si
217 890 294 909 arma
310 889 420 909 movere
432 883 582 916 cmperitis,
602 886 629 910 et
643 883 787 911 ltzereticos
799 884 962 916 interlicerc,

179 927 280 955 multos
296 935 405 963 quoque
419 928 452 955 de
465 928 574 958 Sanctis
591 937 642 955 una
660 929 746 964 perire
762 937 873 957 necesse
887 935 938 957 est.
957 940 965 955 ι

179 973 256 1005 Quod
273 977 301 1000 et
310 973 478 1008 temporibus
489 975 591 1002 nostris
606 975 714 1002 accidit.
730 974 797 1001 Nam
814 980 841 1002 et
858 976 969 1010 sanguis

178 1019 293 1051 c-tl‘usus,
313 1024 340 1047 et
366 1020 454 1048 caedes
483 1021 622 1056 regionem
651 1026 772 1048 nostram
787 1022 968 1057 complevere,

182 1065 312 1100 multique
326 1065 359 1093 de
373 1073 489 1093 numero
502 1071 659 1094 sanctorum
679 1067 761 1094 simul
781 1068 880 1095 sublati
895 1074 968 1100 sunt,

180 1115 207 1137 et
223 1111 335 1138 verbum
354 1111 459 1139 Domini
478 1120 530 1139 non
542 1113 643 1139 excidit
660 1122 666 1139 :
684 1113 754 1140 sicut
773 1118 901 1141 testatum
929 1120 970 1141 est

181 1155 253 1190 apud
270 1156 380 1184 multos.
398 1156 467 1189 Quid
484 1162 576 1185 autem
588 1158 714 1191 dicimus,
733 1166 785 1185 non
809 1159 968 1193 permitten-

180 1201 246 1228 dum
264 1207 293 1229 ut
311 1203 473 1230 occidantur
490 1204 631 1231 haeretici?
649 1204 703 1232 illis
725 1212 759 1232 ne
780 1205 890 1240 quidem
917 1206 968 1233 im-

180 1250 286 1283 precari
299 1257 462 1278 concessum
479 1250 559 1278 nobis
581 1256 632 1279 cst.
650 1251 801 1280 Audiamus
821 1254 894 1281 enim
909 1262 970 1281 rur-

181 1303 229 1322 sus
248 1294 401 1323 Dominum
417 1302 513 1324 sancto
529 1296 630 1331 Carpo,
655 1303 683 1325 ut
700 1299 892 1332 sapientissimi
908 1300 969 1327 Dio-

182 1342 252 1375 nysii
280 1342 362 1369 verba
392 1343 543 1375 insinuant,
556 1345 596 1371 sic
619 1344 775 1379 loquentem
794 1354 799 1372 :
819 1354 829 1372 ι
855 1345 971 1374 Percute

182 1395 225 1414 me
240 1388 386 1423 deinceps;
401 1393 513 1423 paratus
526 1389 598 1416 ettim
621 1397 680 1417 sum
698 1398 746 1425 pro
762 1385 902 1419 hominum
923 1400 968 1419 sa—

182 1433 237 1459 lute
252 1437 279 1460 et
295 1433 394 1460 iterum
416 1434 473 1469 pati
489 1443 496 1460 :
515 1439 671 1469 pergratum
687 1437 787 1470 quippe
802 1436 855 1464 hoc
879 1438 946 1464 mihi
961 1447 968 1470 ;

180 1479 245 1505 dum
258 1479 442 1508 aliihomines
458 1487 512 1507 non
528 1485 652 1515 peccent.
673 1481 809 1510 Caeterum
843 1483 904 1511 vide
934 1492 968 1511 an

181 1570 244 1602 bus,
269 1576 426 1604 permutare
448 1578 510 1598 cum
526 1571 572 1598 illa
596 1580 656 1606 quae
671 1580 732 1599 cum
748 1573 802 1600 Deo
819 1579 862 1601 est
876 1575 970 1602 bonis—

181 1623 236 1651 que
262 1621 289 1643 et
318 1617 444 1644 homines
461 1617 617 1645 amantibus
634 1619 738 1654 angelis
754 1619 774 1646 ¹.
790 1629 800 1644 ι
818 1619 911 1653 Vides,
930 1620 972 1647 vir

181 1662 402 1697 prudentissime,
416 1662 536 1690 divinam
554 1664 779 1698 indignationem,
790 1673 823 1693 eo
833 1667 906 1701 quod
928 1666 972 1694 ille

181 1714 276 1737 contra
306 1710 448 1737 haereticos
479 1711 649 1744 precaretur,
680 1715 709 1738 ut
735 1719 750 1738 e
778 1711 832 1738 vita
854 1713 969 1740 excede-

182 1759 242 1782 rent
261 1763 267 1781 :
287 1759 313 1782 et
323 1762 378 1789 quo
392 1759 472 1790 pacto
483 1756 708 1783 condemnandus
720 1761 780 1784 erat
795 1758 835 1784 vir
846 1763 971 1790 sanctus.

181 1800 249 1827 siin
267 1801 408 1835 proposito
434 1801 609 1835 perstitissct.
637 1801 815 1837 Nequaquam
843 1811 918 1838 ergo,
944 1809 972 1831 nt

181 1846 283 1873 veritas
306 1846 479 1878 monstravit,
498 1846 642 1880 imprecari
670 1847 710 1874 ias
725 1852 786 1875 est:
801 1848 856 1875 imo
881 1850 972 1883 potius

180 1898 230 1926 pro
246 1891 289 1918 his
305 1891 438 1918 orandum
454 1900 461 1918 :
477 1891 549 1918 sicut
569 1891 699 1919 Dominus
717 1893 772 1927 ipse
783 1901 844 1920 cum
865 1900 970 1929 patere-

181 1943 236 1970 tur,
255 1937 363 1964 Patrem
388 1945 468 1964 suum
492 1937 581 1964 oravit
609 1938 705 1966 dicens
725 1939 843 1972 .‘Pater,
868 1942 972 1968 dimitte

179 1982 235 2009 illis
265 1989 403 2016 peccatum
418 1989 428 2008 :
445 1990 498 2009 non
530 1983 599 2009 enim
637 1983 723 2010 sciunt
753 1985 816 2020 quid
834 1985 970 2019 faciunt'.

180 2029 258 2062 Quod
280 2036 345 2055 vero
370 2028 437 2056 dicit
462 2029 593 2056 sanctitas
616 2034 672 2061 tua,
689 2030 790 2058 habere
805 2039 834 2058 se
864 2032 972 2065 aliquos

180 2078 290 2099 sanctos
300 2073 347 2107 qui
372 2073 398 2099 in
410 2073 506 2099 eadem
525 2081 556 2099 ac
573 2077 600 2099 tu
613 2074 747 2100 sententia
759 2073 813 2101 sint
826 2083 832 2107 ;
851 2074 971 2109 ignosce,

181 2120 272 2151 l‘ater,
294 2123 451 2146 sanctor-om
464 2119 547 2146 verba
563 2127 617 2146 non
631 2123 703 2147 recte
715 2120 874 2155 accipimus,
891 2126 972 2156 atque

181 2165 243 2192 inde
261 2165 439 2200 intelligimur
452 2165 581 2192 Patribus
610 2170 636 2193 et
653 2165 707 2193 Deo
722 2166 772 2201 ipsi
806 2175 968 2202 repugnare.

1020 245 1116 272 ρευσεν
1130 238 1159 263 ἐν
1174 239 1230 268 τοῖς
1248 237 1425 271 Εὐαγγελίοις
1441 238 1531 270 τοῦτο,
1555 240 1639 267 εἰπών
1651 249 1659 256 ·
1677 242 1719 268 οῦ
1733 250 1740 258 ³
1752 244 1811 278 μή-

1015 278 1091 309 'rrore
1107 290 1148 309 συ
1158 283 1311 317 uerosz
1322 284 1356 309 τὰ
1367 283 1484 315 ᾄζάνια,
1497 285 1676 320 ἐκριζώσητε
1688 288 1749 322 ἅμα
1759 291 1811 316 αὺ-

1018 328 1079 361 τοῖς
1097 328 1151 355 τὸν
1162 328 1258 356 σῖτον.
1281 330 1388 364 Ἅφετε
1399 330 1648 363 συναυξάνεσθαι
1661 334 1748 368 μέχρι
1759 336 1810 363 τοῦ

1019 376 1172 408 θερισμοῦ.
1181 375 1235 401 Καὶ
1244 376 1323 406 αὐτὸς
1331 375 1383 401 τῶν
1392 376 1542 403 καλλίστων
1552 378 1581 404 τὸ
1591 379 1718 412 μέγιστον
1729 382 1810 417 φαίης

1020 417 1101 452 εἶναι,
1117 422 1167 456 τὴν
1196 421 1347 457 ἐπιτροπὴν
1371 422 1421 456 τῆς
1450 423 1624 458 ὲκριζώσεως
1638 433 1644 457 ;
1660 426 1716 452 Καὶ
1728 427 1770 453 ὅτι
1778 428 1810 453 τὰ

1021 467 1128 499 ζιζάνια
1142 468 1205 499 τοὺς
1221 469 1377 503 αἰρετικοὺς
1393 469 1487 505 εἴρηκε
1498 490 1505 501 ,
1521 470 1585 502 τούς
1608 480 1638 497 τε
1658 473 1810 506 τηνικαῦτα

1020 513 1153 548 δηλονότι,
1166 514 1212 539 καὶ
1226 515 1288 545 τοὺς
1302 515 1346 547 ὑφ’
1357 515 1470 549 ἑτέρων,
1485 515 1570 550 ἤγουν
1583 517 1718 549 ἅπαντας,
1727 519 1811 545 ἀκου-

1022 558 1133 594 σώμεθα
1163 559 1208 585 τοί
1233 560 1428 594 Χρυσοστὸμου
1446 561 1514 587 αὐτὸ
1538 561 1618 588 τοῦτο
1642 563 1810 599 ἑρμηνεύον-

1020 613 1085 635 τος·
1110 605 1154 637 ἐφ’
1183 601 1205 638 ᾧ
1231 605 1306 631 τάδε·
1345 615 1353 630 ι
1383 606 1415 632 Τί
1433 604 1479 633 οὖν
1498 607 1512 633 ὀ
1541 608 1680 643 Δεσπότης
1711 610 1811 637 κωλύει

1021 650 1119 684 λέγων,
1138 650 1260 683 Μήποτε
1270 651 1447 685 ἐκριζώσητε
1462 652 1523 687 ἅμα
1531 653 1634 687 αὐτοῖς
1644 655 1697 681 τὸν
1706 655 1812 688 tritor;

1022 697 1107 723 Τοῦτο
1125 696 1154 723 δὲ
1169 697 1258 731 ἔλεγε,
1272 697 1383 724 κωλύων
1410 697 1544 733 πολέμους
1566 699 1690 734 γίνεσθαι
1707 701 1755 728 καὶ
1769 702 1811 728 αἴ-

1024 751 1096 778 ματα
1110 744 1157 770 καὶ
1173 735 1291 778 σφαγάς.
1318 745 1355 770 Ub
1375 744 1428 780 γὰρ
1441 744 1483 771 δεῖ
1496 746 1619 781 ἀναιρεῖν
1635 748 1790 782 αἱρετικούς
1802 756 1810 764 ’

1023 789 1083 814 ἐπεὶ
1096 789 1109 814 ὁ
1125 789 1243 824 πόλεμος
1260 789 1393 822 ἄσπονδος
1404 790 1516 825 ἔμελλεν
1531 792 1570 823 εἰς
1584 792 1634 828 τὴν
1648 795 1812 830 οἰκουμένην

1023 834 1208 868 εἰσάγεσθαι.)
1228 834 1283 861 Καὶ
1301 835 1362 870 μεθ’
1377 836 1460 871 ’ἐτερα
1474 844 1481 851 ·
1497 846 1506 862 ι
1523 836 1555 864 Τί
1568 838 1596 864 δὲ
1607 838 1680 871 ἄλλο,
1695 840 1740 866 διὰ
1751 840 1810 873 τοῦ,

1020 879 1068 913 Μὴ
1098 879 1276 914 ἐκριζώσητε
1302 880 1363 915 ἅμα
1392 882 1495 915 αὐτοῖς
1517 881 1569 909 τὸν
1587 883 1683 915 σῖτον,
1699 884 1715 919 ἦ
1734 885 1812 912 τοῦτὸ

1021 933 1114 960 φησιν,
1125 926 1164 951 ὅτι
1179 926 1210 951 Εἰ
1227 925 1349 960 μέλλοιτε
1368 928 1450 953 κινεῖν
1460 927 1540 959 ὅπλα,
1549 929 1596 955 καὶ
1609 930 1810 964 κατασφάττειν

1020 972 1186 1005 αίρετικοὺς,
1203 972 1310 1007 ἀνάγκη
1325 972 1441 1005 πολλοὺς
1455 974 1502 1000 καὶ
1521 974 1575 1000 τῶν
1600 975 1688 1009 ἁγίων
1704 985 1809 1010 συγκα-

1020 1015 1213 1043 ταόἀλλεσοαι.
1247 1026 1255 1041 ι
1275 1017 1363 1052 Ὂπερ
1393 1018 1440 1044 καὶ
1467 1019 1581 1052 γέγονεν
1612 1020 1642 1046 ἐν
1668 1022 1725 1051 τοῖς
1748 1021 1811 1048 καθ’

1022 1062 1094 1096 ἡμᾶς
1112 1062 1229 1097 χρόνοις.
1247 1063 1301 1089 Καὶ
1318 1063 1372 1099 γὰρ
1387 1064 1490 1098 αἵματα
1506 1065 1553 1091 καὶ
1570 1066 1673 1099 σφαγαὶ
1683 1066 1812 1102 ἐπλήρω-

1022 1115 1072 1133 σαν
1086 1107 1133 1141 τὴν
1147 1108 1206 1134 καθ’
1216 1109 1289 1143 ἡμᾶς
1296 1109 1461 1144 οἰκουμένην
1476 1118 1482 1125 ·
1497 1110 1543 1137 καὶ
1557 1111 1712 1138 πολλοὶτῶν
1726 1113 1813 1147 ἁγίων

1022 1154 1212 1188 συναπῆλοον·
1234 1155 1396 1189 καὶὸλόγος
1420 1156 1465 1182 τοῦ
1489 1157 1592 1192 Κυρίου
1619 1158 1650 1184 οὐ
1676 1158 1810 1192 διέπεσεν,

1021 1200 1059 1231 ὡς
1075 1200 1248 1236 ὡμολόγηται
1270 1202 1346 1236 παρὰ
1363 1202 1481 1234 πολλοῖς.
1495 1203 1550 1229 Καὶ
1567 1203 1593 1229 τί
1614 1203 1729 1239 λέγομεν
1745 1207 1812 1240 περὶ

1021 1245 1068 1271 τοῦ
1085 1244 1122 1279 μὴ
1154 1245 1312 1280 ἐπιτρέπειν
1341 1247 1484 1273 κτένεσοαι
1510 1249 1682 1283 clipeum-5;;
1701 1249 1761 1276 οὑδέ
1780 1259 1812 1284 γε

1021 1291 1203 1326 κατεύχεσθαι
1226 1293 1315 1319 αὐτῶν
1339 1294 1549 1330 συγκεχώρηται
1573 1297 1650 1330 ἡμῖν.
1675 1297 1813 1324 Ἀκουσὼ-

1023 1337 1093 1372 μεΟα
1107 1338 1162 1373 γὰρ
1178 1338 1256 1370 αὖθις
1272 1338 1319 1365 τοῦ
1335 1340 1438 1375 Κυρίου
1452 1340 1518 1375 πρὸς
1536 1341 1649 1377 Κάρπον
1662 1342 1706 1369 τὸν
1721 1344 1812 1376 ἅγιον,

1021 1383 1058 1416 ὡς
1073 1385 1275 1420 ὑποδεδήλωται
1291 1385 1334 1412 διὰ
1345 1386 1438 1420 φωνῆς
1447 1388 1586 1414 Διονυσίου
1600 1388 1648 1415 τοῦ
1659 1389 1811 1424 πανσόφου,

1022 1429 1147 1463 λέγοντος
1162 1439 1168 1445 ·
1199 1439 1207 1456 ι
1227 1432 1294 1457 Παῖε
1314 1431 1374 1458 κατ’
1396 1432 1463 1466 ἑμοῦ
1492 1433 1602 1460 λοιπόν·
1619 1435 1726 1470 ἕτοιμος
1755 1437 1812 1472 γάρ

1023 1476 1081 1509 εἰμι
1098 1479 1145 1503 καὶ
1161 1475 1239 1508 αὖθις
1260 1477 1330 1513 ὑπὲρ
1355 1478 1508 1514 ἀνθρώπων
1533 1480 1748 1516 ἀνασωζομένων
1764 1491 1814 1508 πα-

133 1531 137 1540 ·
180 1532 196 1549 e
209 1531 237 1550 re
251 1528 296 1550 tua
310 1524 355 1557 sit,
369 1524 565 1552 habitationem
580 1525 605 1552 in
620 1527 749 1561 voragine
759 1535 820 1554 cum
839 1529 969 1563 serpenti-

1023 1521 1079 1548 Οεῖν
1089 1531 1097 1539 ο
1118 1523 1267 1558 προσφιλές
1282 1532 1327 1558 μοι
1338 1523 1417 1551 τοῦτο
1431 1533 1437 1539 ·
1450 1524 1486 1560 μὴ
1501 1525 1590 1552 ἄλλων
1598 1527 1813 1561 ἁμαρτανόντων

1025 1567 1189 1603 ἀνθρώπων.
1209 1569 1282 1604 Πλὴν
1295 1569 1346 1604 ὅρα
1360 1570 1386 1596 εἰ
1400 1569 1491 1601 καλῶς
1514 1570 1570 1606 ἔχει
1587 1580 1638 1602 σοι.
1655 1573 1705 1608 τὴν
1726 1573 1756 1599 ἐν
1774 1573 1814 1609 τῷ

1023 1614 1143 1648 χάσματι
1160 1615 1227 1649 μετὰ
1238 1615 1292 1641 τῶν
1310 1614 1399 1649 ὄφεων
1419 1615 1504 1650 μονὴν
1530 1617 1746 1651 annisque“
1762 1619 1815 1654 τῆς

1025 1659 1094 1694 μετὰ
1108 1659 1174 1686 Θεοῦ
1186 1661 1233 1686 καὶ
1247 1660 1302 1686 τῶν
1314 1660 1425 1693 ἀγαθῶν
1443 1662 1489 1687 καὶ
1505 1661 1705 1697 φιλανθρώπων
1722 1664 1812 1698 ἀγγέ-

1023 1704 1087 1732 λων.
1109 1715 1118 1731 ι
1144 1706 1235 1741 Ὁρᾷς,
1260 1705 1412 1737 θεοσύνετε.
1436 1706 1486 1741 τὴν
1507 1706 1581 1733 θείαν
1604 1708 1812 1744 ἀγανάκτησιν·

1023 1751 1116 1787 ἐπειδὴ
1135 1751 1286 1786 κατηύχετο
1306 1751 1362 1778 τῶν
1383 1752 1532 1788 αίρετικῶν
1556 1753 1748 1789 ἀπαλλαγῆναι
1764 1756 1815 1790 τῆς

1024 1796 1096 1831 ζωῆς
1109 1804 1116 1811 ⁶
1135 1797 1181 1823 καὶ
1192 1797 1276 1829 ὅπως,
1294 1797 1318 1822 εὶ
1333 1797 1471 1832 ἐπιμένων
1486 1799 1519 1834 τῇ
1534 1798 1654 1825 διαθέσει
1665 1801 1751 1835 ταύτῃ
1768 1798 1814 1836 ἦν,

1023 1843 1136 1878 ἔμελλεν
1152 1845 1165 1868 ὁ
1177 1843 1255 1877 ἆγιος
1267 1843 1508 1876 καταδικάζεσθαι.
1525 1845 1594 1872 Οὔτε
1609 1845 1667 1878 οὖν,
1681 1846 1719 1879 ὡς
1732 1847 1817 1874 δέδει-

1024 1897 1070 1923 χεν
1084 1890 1100 1924 ὴ
1114 1889 1237 1924 ἀλήθεια,
1267 1889 1449 1925 κατεύχεσθαι
1466 1890 1507 1917 δεῖ
1530 1891 1597 1922 ὅλως
1612 1899 1618 1907 ·
1639 1892 1739 1927 μᾶλλον
1765 1895 1816 1929 μὲν

1023 1932 1069 1960 οὗν
1084 1934 1286 1970 ὑπερεύχεσθαι
1300 1943 1306 1950 '
1322 1935 1359 1966 ὼς
1372 1935 1455 1966 αὐτὸς
1469 1936 1483 1961 ὁ
1499 1936 1601 1971 Κύριος
1624 1937 1763 1969 ὑπέδειξεν
1786 1939 1816 1964 ὲν

1022 1980 1062 2015 τῷ
1078 1980 1126 2008 τοῦ
1139 1981 1241 2013 πάθους
1254 1981 1352 2016 καιρῷ,
1368 1981 1455 2015 λέγων
1481 1982 1548 2017 πρὸς
1562 1982 1608 2008 τὸν
1627 1983 1725 2009 ἑαυτοῦ
1755 1985 1816 2011 Πα-

1024 2029 1094 2064 τέρα
1103 2036 1109 2043 ’
1129 2028 1236 2062 Πάτερ,
1250 2028 1325 2062 ἄφες
1345 2028 1448 2061 αὐτοῖς
1460 2028 1517 2062 τὴν
1530 2029 1691 2063 ἁμαρτίαν·
1704 2031 1740 2057 σὺ
1758 2031 1817 2066 γὰρ

1023 2075 1125 2100 οἴδασι
1141 2075 1170 2101 τι
1183 2075 1316 2101 ποιοῦσι.
1332 2073 1368 2100 Τὸ
1382 2074 1409 2100 δὲ
1420 2075 1503 2108 φάναι
1518 2083 1564 2101 σου
1579 2075 1628 2110 τὴν
1654 2077 1816 2112 ἁγιωσύνην

1023 2120 1095 2155 ἔχειν
1113 2120 1214 2151 αὐτοὺς
1230 2119 1444 2155 συμφωνοῦντας
1454 2121 1483 2146 ἐν
1499 2120 1537 2154 τῷ
1549 2121 1723 2157 προϐλήματι
1735 2122 1814 2158 [ι-οᾱ.

1024 2166 1091 2201 Reg.
1107 2165 1301 2202 προδηλώματι
1314 2166 1325 2201 Ἰ
1339 2166 1433 2192 τούσδε
1448 2167 1510 2198 τοὺς
1535 2167 1645 2200 ἁγίους’
1663 2167 1816 2202 σύγγνωθι,

183 2211 294 2237 Itivinus
309 2211 381 2237 enim
397 2210 516 2246 Cyrillus
539 2211 567 2238 in
596 2219 678 2246 opere
697 2216 792 2239 contra
818 2212 969 2245 Julianum,

1028 2213 1129 2248 Πάτερ,
1145 2213 1174 2238 οὺ
1194 2212 1284 2243 καλῶς
1302 2211 1510 2246 ἐκλαμϐάνομεν
1533 2213 1580 2243 τὰς
1595 2213 1649 2239 τῶν
1665 2214 1751 2247 ἁγίων
1762 2223 1818 2248 φω-

179 2258 257 2292 juxta
277 2257 304 2284 id
319 2258 390 2292 quod
406 2257 471 2285 olim
488 2257 624 2284 sancitum
654 2257 755 2289 fuerat,
775 2257 883 2286 loculus
905 2264 947 2286 est
963 2269 969 2286 :

182 2313 235 2332 non
263 2304 469 2332 Testamentum
496 2302 582 2331 Vetus
602 2311 664 2330 cum
676 2302 752 2330 Novo
771 2305 946 2332 committens
964 2315 970 2338 ;

181 2350 273 2384 ahsit;
289 2358 377 2385 neque
401 2350 473 2377 enim
501 2349 649 2381 nesciebat,
674 2357 845 2384 quaecunque
872 2351 912 2378 lex
937 2351 973 2377 Ιυ-

181 2399 287 2432 quitur,
304 2398 338 2425 iis
357 2398 403 2431 qui
424 2398 474 2423 sub
491 2396 548 2430 lege
570 2401 659 2430 erant,
673 2396 768 2431 loqui:
786 2405 874 2432 neque
897 2398 973 2433 igno-

183 2445 259 2471 rabat
274 2443 506 2478 comparationem
521 2450 573 2477 qua
591 2443 670 2469 utitur
689 2442 825 2475 Salvator,
838 2451 900 2471 cum
916 2445 954 2471 ait
968 2455 972 2471 :

182 2491 289 2518 Dictum
316 2494 354 2517 est
373 2489 440 2516 illud
460 2488 600 2522 antiquis;
629 2496 673 2523 ego
689 2493 775 2515 autem
792 2490 840 2516 hoc
853 2490 912 2518 dico
931 2499 977 2517 1'0-

182 2538 220 2563 bis
233 2537 254 2563 ³.
279 2536 379 2569 Quare,
399 2535 471 2562 sicut
508 2534 667 2569 Demophilo
685 2535 792 2562 cuidam
809 2535 919 2563 divinus
934 2537 976 2562 di—

181 2585 218 2611 cit
245 2583 402 2618 Dionysius,
423 2581 537 2608 minime
565 2581 733 2608 aemulandos
763 2581 881 2616 impetus
917 2587 978 2610 tuos

182 2639 236 2658 non
251 2628 474 2665 approbabimus,
492 2627 543 2655 ctsi
560 2627 659 2654 millies
683 2626 806 2662 proferas
818 2627 934 2657 Phinees
951 2637 978 2659 ct,

183 2677 279 2704 Eliam.
302 2675 365 2703 Haec
393 2675 465 2702 enim
494 2681 556 2701 cum
575 2674 683 2701 audiret
698 2673 790 2707 Jesus,
805 2683 976 2711 nequaquam

183 2722 235 2756 ipsi
251 2722 415 2756 placuerunt
430 2719 513 2754 hujus
530 2719 665 2746 mansueti
685 2723 713 2747 et
725 2720 788 2747 boni
804 2722 920 2756 spiritus
931 2730 977 2748 ex-

183 2772 274 2803 pertes
290 2767 427 2803 discipuli.
444 2765 511 2793 Nam
527 2770 555 2793 et
567 2765 756 2795 divinissimus
774 2773 866 2795 noster
877 2775 972 2796 sacro-

1025 2259 1084 2291 νὰς,
1102 2257 1250 2284 κάντεῦθεν
1266 2256 1450 2292 εὑρισκόμεθα
1482 2259 1686 2293 πατρομαχίαν,
1711 2260 1818 2295 μᾶλλον

1025 2305 1054 2331 δὲ
1070 2302 1220 2337 θεομαχίαν
1236 2302 1418 2337 εἰσφέροντες.
1442 2302 1470 2328 '0
1485 2305 1539 2337 γάρ
1562 2311 1603 2329 τοι
1629 2303 1700 2335 θεῖος
1712 2305 1818 2339 K139i).-

1026 2351 1070 2382 λος
1087 2352 1116 2377 ὲν
1130 2351 1187 2381 τοῖς
1210 2349 1281 2376 κατὰ
1300 2349 1445 2386 Ἰουλιανὺν
1470 2349 1541 2376 κατὰ
1559 2351 1589 2376 τὺ
1603 2351 1688 2377 πάλαι
1702 2359 1819 2386 νενομο-

1028 2397 1177 2432 θετημένον
1193 2396 1336 2432 προῦτεινε
1358 2395 1407 2431 τὴν
1430 2385 1525 2431 ῥῆσιν·
1545 2395 1595 2422 οὐκ
1621 2397 1770 2432 ἐφάμιλλον
1782 2401 1819 2435 τῇ

1026 2446 1084 2480 Νέᾳ
1100 2444 1148 2479 τὴν
1177 2442 1300 2469 Παλαιὰν
1318 2441 1498 2477 συμϐάλλων·
1516 2442 1553 2477 μὴ
1578 2442 1682 2476 γένοιτο
1694 2452 1700 2458 ·
1715 2444 1746 2470 οὐ
1761 2445 1819 2481 γὰρ

1026 2492 1119 2527 ἠγνόει
1136 2491 1176 2516 ὅτι
1192 2490 1242 2516 ὅσα
1256 2489 1269 2514 ὁ
1283 2488 1363 2520 νόμος
1380 2487 1464 2522 λέγει.
1479 2489 1534 2520 τοῖς
1549 2489 1577 2514 ὲν
1592 2489 1630 2524 τῷ
1644 2490 1718 2524 νόμῳ
1729 2489 1817 2518 λαλεῖ,

1027 2538 1094 2565 Οὐδὲ
1109 2537 1159 2571 τὴν
1177 2535 1223 2562 τοῦ
1240 2535 1365 2569 Σωτῆρος
1377 2534 1532 2568 σύγκρισιν,
1545 2536 1574 2560 ὲν
1619 2543 1701 2570 φησιν
1717 2545 1723 2551 ·
1747 2537 1818 2571 Ἐρο

1024 2582 1103 2616 ῥήθη
1121 2581 1181 2613 τοῖς
1196 2581 1331 2614 ἀρχαίοις
1344 2578 1425 2605 τάδε’
1440 2578 1497 2613 ἐγὼ
1511 2580 1634 2615 δὲλέγω
1653 2581 1724 2615 ὑμῖν
1737 2583 1818 2610 τόδε,

1031 2630 1125 2660 Ὥστε,
1144 2626 1215 2653 καθά
1233 2634 1314 2660 φησιν
1327 2626 1340 2652 ὁ
1353 2625 1511 2660 Θεοφάντωρ
1524 2626 1662 2658 Διονύσιος
1674 2628 1742 2661 πρός
1755 2637 1820 2655 τινα

1031 2670 1434 2709 Δημόφιλονρὺκἀποδεξόμεοά
1443 2679 1488 2696 σου
1497 2671 1545 2702 τὰς
1554 2672 1708 2706 ὰξηλὼτους
1717 2675 1791 2708 ὁρμᾶ
1811 2694 1819 2705 ,

1032 2722 1083 2747 κᾶν
1095 2722 1119 2746 εἰ
1128 2719 1199 2755 tend.
1209 2719 1275 2753 ἱὶιιίς.
1283 2717 1336 2743 οὐδ’
1347 2716 1383 2753 εἰ]
1393 2717 1524 2752 μυριάκις
1533 2718 1716 2750 ὲπαναλάϐοις
1723 2719 1769 2744 τὸν
1777 2721 1822 2746 Φι-

1032 2768 1089 2798 νεὲς
1101 2766 1148 2792 καὶ
1162 2765 1206 2791 τδν
1223 2763 1328 2791 Ἠλίαν.
1339 2762 1432 2789 Ταῦτα
1438 2763 1492 2798 γὰρ
1501 2763 1634 2790 ἀκούοντα
1641 2764 1686 2790 τὸν
1700 2765 1820 2798 Ἰησοῦν,

218 2838 240 2855 οη
255 2838 350 2865 Μεηιι,
365 2844 426 2869 ,ειη1
446 2836 491 2864 29,
529 2833 654 2872 ”__liom.
673 2835 707 2862 47
726 2836 751 2862 in
772 2835 866 2863 Matth.
907 2837 914 2852 ‘
934 2837 1019 2872 Epist.
1043 2836 1069 2867 7,
1089 2834 1121 2862 ad
1151 2831 1338 2867 Drmophilum
1375 2830 1550 2863 monachum,
1567 2840 1642 2859 num.
1659 2832 1684 2860 6.
1725 2834 1734 2849 ¹
1748 2832 1820 2861 Luc.

186 2882 260 2905 nul,
279 2874 323 2901 56.
363 2873 373 2888 ³
388 2872 483 2899 Matth.
502 2878 526 2901 ι’,
543 2869 587 2901 91,
608 2870 652 2894 ‘22.
