1912 3080
117 142 185 174 1485

714 143 984 177 EPISTULARUM
1006 143 1081 173 LIB.
1104 143 1144 172 ΙΙ.

1680 117 1747 170 ιιεδ

114 201 164 227 οἰκ
178 201 300 236 ἠρεσκον
317 201 341 228 oi
352 201 399 228 τοῦ
413 202 515 237 πραὲος
529 202 626 228 τούτου
648 203 696 229 καὶ
707 203 811 235 ἀγαθοῦ
826 203 906 230 πνεύ-

960 210 1017 229 rum
1035 202 1173 229 iuslitutor
1189 201 1216 228 in
1239 199 1446 227 mansuetudine
1461 199 1541 226 docet
1555 204 1602 225 eos
1630 198 1677 232 qui
1697 197 1748 224 do-

115 255 203 281 ματος
214 247 346 282 ὰμέτοχοι
361 248 492 283 μαθηταί,
509 249 565 275 Καὶ
592 249 646 285 γὰρ
665 250 711 277 καὶ
735 251 749 276 ὁ
769 250 907 282 θειότατος

114 292 194 326 ἡμῶν
210 292 349 326 ἰεροθέτης
366 294 395 319 ὲν
410 293 545 328 πραότητι
557 294 680 321 διδάσκει
709 295 772 327 τοὺς
784 296 906 322 ἀντιδια-

114 338 276 373 τιθεμένους
299 341 331 374 τῇ
353 339 514 375 διδασκαλίᾳ
542 341 589 367 τοῦ
617 341 698 368 Θεοῦ.
726 342 907 369 Διδάσκεσθαι

114 385 181 420 γὰρ,
198 385 228 410 οὐ
241 385 422 420 τιμωρεῖσθαι
446 386 497 422 χρὴ
523 388 586 419 τοὺς
597 388 772 422 ἀγνοοῦντας.
793 388 908 415 Ἦνωτί-

110 431 205 465 opst):
221 428 318 463 οὗν,’ὧ
334 432 438 468 μάκαρ,
454 433 472 459 ἃ.
496 434 586 469 λέλεχε
608 435 680 461 καὶὸ
695 436 765 471 ἱερὸς
790 435 906 469 Παῦλος,

113 478 128 503 ό
141 476 219 511 ἥλιος
233 477 283 511 τῆς
299 478 346 504 ὑπ’
363 478 488 513 οὐρανόν.
501 480 581 514 Λέγει
594 480 684 507 τοίνυν
696 483 743 508 καὶ
754 482 768 507 ὁ
778 482 907 518 θεοφόρος

120 523 253 556 Ἰγνάτιος
265 532 271 538 “
285 524 354 555 Τοὺς
373 525 521 560 μισοῦντας
533 524 581 553 οὖν
599 527 644 553 τὸν
659 527 725 554 Θεὸν
741 529 829 562 μισεῖν
842 529 905 564 χρὴ,

113 569 162 595 καὶ
178 570 225 595 ἐπὶ
236 571 292 600 τοῖς
308 571 416 604 ἐχθροῖς
436 572 519 598 αὐτοῦ
538 573 718 608 ἐκτετηκέναι
731 583 738 589 ·
755 575 786 601 οὐ
811 575 865 610 μὴν
878 575 907 601 δὲ

113 615 225 642 διώκειν
243 617 317 651 ἡμᾶς
336 617 438 649 αὐτοὺς
465 617 481 653 ἦ
504 617 635 645 τύπτειν·
654 619 780 655 καθάπερ
794 620 828 646 τὰ
843 620 907 656 ἔθνη

113 662 148 688 τὰ
165 663 204 697 μὴ
220 663 311 689 εἰδότα
327 663 372 689 τὸν
389 664 467 691 Θεόν.
483 665 514 690 Et
530 664 559 691 δὲ
572 665 602 691 οὐ
626 665 739 692 τύπτειν
756 667 805 699 δεῖ,
824 667 906 702 σχολῇ

113 707 181 740 γοῦν
197 708 298 739 αὐτοὺς
315 709 432 736 κτένειν.
457 709 566 745 Ἐπειδὴ
579 710 608 737 δὲ
629 712 676 737 καὶ
687 711 732 738 τὸν
758 712 836 746 ἅγιον
853 713 907 738 Συ-

117 753 191 787 μεὼν
203 753 249 779 τὸν
275 754 323 780 τοῦ
350 754 509 789 θαυμαστοῦ
529 756 608 792 δρους
633 756 758 792 εἴληφας,
777 757 905 791 δέσποτα,

114 800 241 835 συνᾴδειν
260 809 313 826 σοι·
338 802 376 836 μὴ
392 801 471 828 τοῦτο
485 802 554 834 οἴου,
568 803 635 838 ἱερὲ,
654 804 693 834 ὡς
707 803 822 839 μάχεται
838 805 907 840 Χρι-

115 846 183 879 στῷ,
200 846 216 880 ἢ
233 847 290 876 τοῖς
305 846 375 881 ὑπὲρ
390 847 472 873 αὑτὸν
493 848 675 880 διδασκάλοις.
696 849 776 876 Ἀλλὰ
799 851 844 884 τί;
861 852 907 878 ἐπὶ
922 859 932 867 ’⁸

959 248 1053 275 ctrina!
1072 247 1119 274 Dei
1147 247 1337 274 adversantur.
1366 244 1460 272 Doceri
1478 243 1551 271 enim
1576 250 1630 270 non
1656 242 1748 277 puniri

957 299 1063 328 oportet
1082 295 1251 329 ignorantes.
1267 292 1429 319 Audivimus
1445 291 1536 325 igitur,
1552 297 1569 317 ο
1583 290 1671 321 beate,
1687 295 1749 323 quae

958 340 1112 367 dixitsaeer
1123 340 1236 371 Paulus,
1257 339 1298 366 sol
1315 337 1390 365 orbis
1410 336 1540 364 universi.
1557 335 1602 363 Ait
1614 339 1703 362 autem
1721 338 1749 361 et

958 386 1045 413 deifer
1059 385 1178 421 lgriatius
1189 385 1200 400 ⁸
1209 395 1216 413 :
1224 385 1293 412 0dio
1307 385 1399 418 itaque
1410 382 1495 410 Deum
1509 382 1638 409 habentes
1646 387 1748 408 conve-

957 433 998 460 nit
1014 432 1078 459 odio
1096 432 1207 464 habere,
1226 435 1254 459 et
1265 438 1348 466 super
1376 429 1502 457 inimicos
1516 428 1577 463 ejus
1588 428 1747 458 tabescere;

959 485 1013 504 non
1028 482 1118 504 tamen
1134 477 1195 504 illos
1207 475 1332 511 persequi
1343 474 1553 506 autverberare,
1567 473 1639 500 sicut
1653 477 1749 507 gentes

958 531 1017 558 qua).
1028 531 1081 550 non
1100 527 1236 550 noverunt
1262 521 1357 549 Deum.
1386 520 1463 554 Quod
1492 520 1514 548 si
1531 520 1674 546 verberare
1690 518 1748 544 ‘non

958 573 1074 604 oportet,
1104 568 1181 596 nullo
1202 569 1296 602 utique
1323 567 1403 594 modo
1431 566 1492 592 illos
1508 564 1643 591 occidere.
1670 561 1749 595 Quod

957 620 1047 642 autem
1073 615 1100 642 id
1127 614 1278 648 sumpsisti,
1294 620 1420 640 sanctum
1452 618 1563 646 quoque
1581 609 1747 640 Simeonem,

957 661 1003 696 qui
1029 661 1056 687 in
1079 660 1242 687 admirando
1260 664 1353 686 monte
1365 663 1417 690 est,
1431 663 1531 689 tecum,
1548 655 1669 687 domine,
1683 662 1751 681 con-

958 707 1059 734 sentire
1075 715 1082 733 :
1099 706 1154 733 noli
1175 706 1226 733 hoc
1244 705 1414 736 existimare,
1432 703 1472 730 νιι·
1494 709 1582 733 sacer,
1606 700 1681 736 quod
1704 699 1750 727 ille

957 753 1067 780 Christo
1097 757 1238 787 repugnet,
1256 755 1303 778 aut
1326 749 1464 785 magistris
1486 747 1640 783 potioribus
1665 753 1748 781 quam

958 800 1016 834 ipse
1031 799 1076 826 sit.
1103 798 1156 826 Sed
1173 798 1237 833 quid
1253 797 1264 823 ?
1286 797 1384 824 Sermo
1406 796 1444 823 illi
1462 800 1521 822 erat
1534 793 1704 821 hortatorius
1714 792 1749 819 ad

959 845 1031 872 illius
1059 845 1188 878 temporis
1219 844 1421 878 imperatorem,
1442 841 1476 869 de
1494 845 1575 876 gente
1589 847 1650 875 quae
1663 846 1750 874 popu-

113 891 188 918 ἔθνει
222 893 438 927 τραυματίζοντι
467 894 498 920 τὸ
518 895 681 928 Χριστιανῆν
703 896 787 930 φῦλον
800 897 814 922 ὁ
827 896 906 931 λόγος

960 892 1013 918 Ιυιιι
1036 891 1222 919 Christianum
1236 889 1384 917 infestabat
1399 897 1407 916 :
1423 895 1457 915 ne
1471 896 1486 914 a
1497 886 1641 914 Samaritis
1655 886 1748 920 oppri-

113 939 190 974 αὐτῷ
205 941 256 973 τῆς
269 939 337 974 πρὸς
350 939 396 965 τὸν
404 940 557 974 τηνικαῦτα
569 940 682 975 βασιλέα
694 942 904 977 παρακλήσεως,

111 984 152 1015 ὼς
167 983 201 1011 ἂν
221 985 258 1020 μὴ
276 985 421 1020 πορθοῖντο
432 986 484 1012 ὑπὸ
501 986 679 1022 Σαμαρειτῶν
696 988 721 1014 οι
735 988 904 1023 Χριστιανοί.

113 1031 169 1057 Kal
186 1028 254 1064 εὖγε
268 1031 334 1066 ἔχει.
351 1032 406 1058 Καὶ
422 1032 469 1058 νῦν
484 1032 567 1058 ταυτὺ
578 1032 658 1059 τοῦτο
676 1034 905 1068 παρακαλοῦμεν·

113 1076 163 1102 καὶ
180 1076 288 1108 Σκύθας
300 1077 348 1103 καὶ
367 1077 510 1113 ’Λῤῥαῆας
529 1077 710 1111 θσνατοῦντας
726 1079 772 1105 τὸν
782 1080 845 1106 λαὸν
858 1078 906 1106 τοῦ

112 1120 184 1147 Θεοῦ
217 1121 357 1157 πολεμεῖν,
374 1122 422 1148 καὶ
449 1122 487 1157 μὴ
516 1122 656 1156 φείδεσθαι
680 1123 744 1154 τοὺς
767 1123 906 1158 βασιλέας.

115 1167 199 1193 Ἄλλο
214 1167 304 1199 τοῦτο,
321 1167 432 1194 κάκεῖνο
446 1168 540 1204 ἕτερον
553 1176 560 1183 ·
575 1168 606 1194 τὸ
621 1169 670 1203 μὲν
687 1169 734 1195 ἐπὶ
750 1170 813 1201 τοὺς
824 1169 906 1196 πολεο

114 1212 214 1247 μίους·
230 1213 260 1238 τὸ
293 1213 321 1239 δὲ
343 1214 403 1246 ςὲπὶ
428 1215 492 1245 τοὺς
513 1213 566 1240 ὑπὸ
590 1215 669 1248 χεῖρα
690 1214 855 1249 αἱρετικοὺς.
870 1215 908 1242 Τὸ

113 1257 170 1292 γάρ
186 1265 228 1284 τοι
241 1258 306 1293 περὶ
321 1258 368 1284 τοῦ
382 1258 538 1294 Νηστευτοῦ
559 1259 684 1286 Ἰωάννου
700 1259 747 1285 τοῦ
761 1260 810 1295 τῆς
829 1260 908 1286 Κων-

115 1303 369 1334 σταντιιιουπύλεως
383 1304 528 1338 προέδρου,
543 1303 574 1330 οὗ
590 1313 635 1340 μοι
648 1304 773 1339 φαίνεται
797 1305 906 1340 ἀληθὲς,

114 1347 265 1382 ἐπιτρέψαι
301 1348 568 1384 ἀνασκολοπισθῆναι
599 1350 662 1381 τοὺς
694 1350 814 1384 γόητας,
840 1350 909 1377 ἀλλὰ

115 1393 394 1429 παρακεχωρηκέναι.
417 1395 509 1425 Φονεῖς
534 1395 589 1430 γὰρ
618 1395 731 1422 καύτοί·
748 1396 792 1430 ἐφ’
807 1396 855 1428 οὒς
876 1397 908 1423 οὔ

114 1439 254 1466 κωλυτὲον
267 1440 335 1471 τοῖς
349 1440 482 1474 κρατοῦσι
494 1440 529 1468 τὰ
551 1440 606 1468 τῶν
630 1441 794 1476 Ῥωμαϊκῶν
818 1442 909 1477 νόμων

115 1485 195 1520 δρᾷν.
214 1485 256 1511 Οὐ
271 1484 327 1519 γὰρ
343 1485 419 1519 εὶκῆ,
432 1486 509 1520 φησὶ,
518 1486 577 1520 τὴν
583 1485 735 1521 μάχαιραν
743 1487 891 1521 φοροῦσιν
900 1495 907 1502 ·

114 1530 233 1557 ἔκδικοι
244 1531 304 1557 εισι
319 1530 359 1563 τῷ
372 1532 406 1557 τὸ
426 1532 521 1559 κακὸν
540 1531 711 1566 πράσσοντι
723 1541 730 1548 ·
747 1533 778 1559 οὺ
801 1533 854 1568 μὴν
866 1532 908 1567 ἐφ’

115 1576 165 1608 οὓς
179 1578 194 1602 ὸ
208 1576 310 1612 Κύριος
326 1577 476 1610 ἐκώλυσεν,
499 1578 658 1613 ἐπιτρέπειν
682 1578 747 1613 χρή.
769 1579 908 1613 Σουμάτων

115 1623 172 1656 γὰρ
187 1623 328 1658 ἄρχοντες.
347 1623 410 1655 τοὺς
425 1625 454 1650 ὲν
470 1626 527 1656 τοῖς
541 1626 709 1659 σωματικοῖς
721 1624 835 1656 ἁλόντας
848 1625 909 1658 ἐξὸν

115 1669 211 1700 αὐτοῖς
224 1668 351 1701 κολάζειν
362 1678 369 1685 ·
386 1669 446 1705 οὐχὶ
460 1670 524 1701 τοὺς
534 1671 563 1696 ἐν
574 1671 631 1702 τοῖς
648 1671 718 1697 κατὰ
730 1671 819 1706 ψυχήν
831 1679 839 1686 ·
855 1671 909 1698 τῶν

115 1715 173 1749 γὰρ
184 1713 279 1749 ψυχῶν
290 1714 432 1750 ἀρχόντων
447 1715 528 1741 τοῦτο
543 1723 550 1729 ·
562 1711 600 1742 ὦν
614 1715 649 1742 τὰ
662 1715 841 1752 κολαστήρια,
857 1717 910 1751 ἀφ-

115 1762 241 1796 ορισμοὶ,
260 1761 307 1787 καὶ
324 1761 352 1787 αἱ
366 1760 459 1787 λοιπαὶ
468 1761 616 1796 ὲπιτιμίαι.

154 1805 251 1838 Οὕτως
273 1802 331 1838 οὗν,
350 1804 372 1834 ὦ
387 1806 514 1839 δέσποτα,
529 1808 609 1842 ἡμεῖς
621 1808 646 1834 οἱ
658 1807 779 1838 εὐτελεῖς
795 1808 909 1844 φρονοῦ-

118 1860 186 1885 μεν·
203 1851 251 1878 καί
265 1860 307 1885 γε,
322 1852 364 1878 ἵνα
385 1852 415 1878 ὲν
430 1851 571 1887 ἀφροσύνῃ
585 1852 720 1886 εῖποιμεν,
738 1851 787 1878 καὶ
799 1853 909 1888 παρῤη-

117 1897 166 1933 σίᾳ
181 1896 373 1933 λελαλήκαμεν
386 1897 425 1932 τῷ
436 1898 486 1932 μὲν
502 1898 707 1932 μακαριωτάτῳ
721 1898 737 1932 ὴ
741 1897 800 1932 μῶν
812 1906 910 1932 πατρι-

116 1944 192 1979 άρχῃ
206 1964 214 1975 ,
238 1944 280 1970 ὅτι
306 1944 427 1978 μαχαίρᾳ
444 1944 460 1979 ἡ
481 1943 631 1979 Ἐκκλησία
645 1944 697 1970 οὐκ
721 1943 842 1975 ὲκδικεῖ,
862 1943 910 1970 καὶ

116 1988 285 2015 κατένευσε’
302 1991 358 2021 τοῖς
376 1989 404 2015 δὲ
417 1989 467 2024 τὴν
483 1989 591 2024 σφαγὴν
604 1989 722 2025 δράσασι
745 1988 907 2024 βασιλεῦσι·

113 2035 157 2069 τῷ
172 2035 223 2069 μὲν
238 2034 350 2070 πρώτῳ,
364 2035 409 2061 ὅτι
423 2035 480 2061 Οὐκ
492 2035 596 2070 ἠρέσθη
612 2035 678 2067 Θεὸς
689 2036 736 2062 ἐπὶ
750 2037 782 2070 τῇ
797 2034 909 2070 τοιαύτῃ

112 2080 277 2114 ἀναιρέο-ει·
300 2080 341 2115 τῷ
361 2080 391 2106 δὲ
407 2080 528 2115 δευτέρῳ
545 2079 704 2107 ἀπαιτοῦντι
723 2081 773 2116 τὴν
791 2088 909 2115 συνηγο-

114 2127 179 2161 ρίαν
202 2126 253 2159 τῆς
274 2125 454 2161 ἀναιρέσεως,
470 2126 512 2152 ὃτι
529 2126 666 2163 Πρότερον
687 2127 703 2162 ἡ
727 2126 833 2162 κεφαλή
855 2134 907 2161 μου

112 2172 237 2207 αἴρεται,
252 2171 325 2207 ἥπερ
343 2172 490 2199 συνθέσθαι
513 2180 546 2207 με
568 2173 664 2208 τούτῳ.
683 2172 776 2200 Ταῦτα
790 2172 821 2206 δὴ
841 2172 907 2208 παρ’

111 2217 196 2252 ἡμῶν
211 2217 266 2243 τῶν
282 2217 465 2253 ἁμαρτωλῶν.
475 2218 568 2254 Ὑμεῖς
581 2219 620 2250 δὲ,
637 2218 797 2252 ἁγιώτατοι,
809 2220 832 2245 εί
845 2219 906 2246 ἓτε-

111 2272 163 2298 ρον
179 2263 347 2297 Εὑαγγέλιον
364 2264 513 2298 ἀνέγνωτε,
531 2265 600 2300 ὅπερ
615 2265 695 2300 ἡμεῖς
710 2265 760 2291 οὐκ
776 2265 865 2300 ἴσμεν,
875 2262 905 2292 εὗ

110 2309 150 2336 ἂν
165 2309 223 2343 ἐχοι
235 2317 242 2322 ·
258 2310 282 2334 εἰ
298 2309 327 2335 δὲ
346 2308 395 2344 μὴ,
412 2309 569 2344 σκοπήσατε
587 2309 613 2335 τί
629 2310 643 2335 ὁ
662 2309 824 2341 Ἀπόστολος
839 2310 907 2336 ἁπο-

110 2355 252 2389 φαίνοιτο.

110 2413 200 2446 Ρκςι
217 2412 284 2447 (48).
301 2427 334 2432 --
351 2413 389 2445 Τῇ
405 2411 540 2475 περὶότὸν,
553 2412 714 2446 [Ιατρίκιον
731 2413 799 2440 υἱὸν
817 2412 906 2441 ἀδελ-

451 2457 472 2475 0
491 2455 565 2475 τητι.

449 2455 565 2482 φοτητι.

957 941 1095 963 tuerentur
1108 935 1268 963 Christiani.
1284 934 1362 968 Quod
1378 934 1446 961 bene
1463 933 1554 960 habet.
1575 932 1653 959 Nunc
1665 931 1747 958 etiam

958 984 1074 1018 idipsum
1085 982 1269 1014 obtestamur,
1287 986 1318 1008 ιιι
1332 981 1449 1016 Scythas
1460 985 1487 1007 et
1503 979 1620 1011 Arabas,
1637 977 1685 1013 qui
1701 977 1748 1004 Dei

958 1030 1089 1064 populum
1121 1029 1270 1063 perimunt,
1286 1027 1357 1054 bello
1381 1031 1484 1061 petant,
1502 1033 1554 1053 nec
1572 1025 1611 1052 illi
1637 1029 1749 1059 parcant

957 1076 1146 1110 imperatores.
1171 1074 1224 1102 Sed
1246 1079 1288 1102 est
1312 1073 1382 1101 istud
1406 1073 1504 1100 abillo
1520 1072 1678 1104 diversum;
1695 1070 1749 1097 hoc

957 1121 1028 1149 enim
1045 1120 1178 1148 adversus
1197 1120 1299 1152 hostes,
1316 1119 1379 1146 illud
1394 1123 1489 1146 contra
1513 1117 1639 1144 subditos
1659 1117 1747 1143 haere-

958 1167 1037 1194 ticos.
1055 1165 1157 1199 Quare.
1173 1166 1245 1200 quod
1258 1166 1292 1192 de
1308 1165 1417 1193 Joanne
1429 1163 1595 1198 jejunatore,
1613 1162 1750 1190 Constan-

957 1212 1141 1248 tinopolitano
1169 1211 1291 1239 antistite
1312 1211 1413 1243 ierunt,
1433 1211 1581 1238 mandasse
1594 1215 1626 1237 ut
1638 1213 1748 1244 priest]-

957 1259 1078 1293 giatores
1094 1259 1120 1285 in
1132 1265 1242 1286 crucem
1260 1261 1417 1293 agerentur,
1434 1256 1502 1283 mihi
1522 1264 1616 1284 verum
1640 1263 1696 1282 non
1709 1255 1750 1282 vi-

957 1305 1048 1336 detur,
1062 1304 1108 1331 sed
1123 1303 1292 1338 permisisse.
1309 1301 1459 1330 Homicida;
1481 1309 1601 1335 namque
1628 1306 1691 1329 sunt
1721 1304 1750 1328 et

959 1349 1030 1384 ipsi:
1044 1350 1078 1377 de
1094 1349 1195 1385 quibus
1219 1349 1372 1377 velandum.
1393 1356 1447 1375 non
1470 1351 1522 1381 est,
1538 1348 1685 1383 quominus
1702 1347 1750 1381 qui

958 1403 1049 1423 rerum
1076 1396 1229 1430 potiuntur,
1246 1403 1280 1423 ex
1308 1395 1414 1430 legibus
1442 1394 1575 1422 Romanis
1589 1394 1748 1421 decernant.

959 1441 1022 1469 Non
1047 1442 1117 1468 enim
1133 1442 1198 1478 ,εἰπε
1223 1450 1315 1473 causa,
1332 1441 1431 1476 inquit,
1463 1440 1584 1475 gladium
1612 1443 1740 1474 portant,-

958 1488 1072 1514 vindicet
1089 1492 1150 1514 sunt
1165 1488 1190 1514 ei
1199 1489 1245 1523 qui
1264 1488 1366 1514 malum
1379 1487 1432 1522 agit
1447 1487 1498 1520 ⁶·⁷;
1519 1486 1566 1513 sed
1579 1493 1632 1513 non
1652 1486 1678 1513 in
1700 1490 1751 1513 ‘eos

959 1532 993 1560 de
1005 1532 1107 1567 quibus
1121 1531 1255 1560 Dominus
1282 1532 1432 1567 prohibuit,
1449 1531 1607 1566 permittere
1633 1534 1749 1565 oportet.

922 1566 943 1595 (ἶ
959 1566 1099 1610 Quirenim
1116 1577 1277 1612 corporibus
1287 1566 1422 1612 praesunt,
1434 1576 1476 1604 his
1496 1576 1558 1604 licet
1573 1575 1692 1611 plectere
1704 1583 1751 1602 eos

959 1623 1007 1659 qui
1032 1623 1060 1650 in
1084 1624 1273 1658 corporalibus
1299 1623 1416 1651 convicti
1438 1623 1562 1650 fuerint:
1581 1630 1634 1649 non
1660 1627 1750 1649 autent

958 1677 1007 1697 eos
1019 1669 1065 1704 qui
1081 1669 1108 1697 in
1121 1669 1311 1705 spiritualibus
1325 1678 1333 1703 ;
1354 1670 1405 1697 hoc
1435 1669 1508 1697 enim
1536 1676 1632 1696 eorum
1645 1673 1688 1696 est
1703 1668 1750 1703 qui

958 1716 1064 1744 animas
1079 1721 1176 1751 regunt
1191 1725 1198 1750 ;
1219 1723 1337 1752 quorum
1351 1716 1603 1744 animadversiones
1618 1721 1682 1743 sunt
1696 1723 1746 1743 ex-

958 1762 1232 1795 eommunicationes,
1248 1767 1276 1789 et
1289 1762 1401 1796 reliquae
1422 1769 1519 1796 pcenze.

995 1809 1041 1836 Sic
1055 1816 1132 1844 ergo,
1145 1808 1265 1842 domine,
1279 1816 1330 1836 nos
1352 1808 1469 1836 humiles
1483 1808 1633 1835 sentimus:
1647 1811 1674 1834 et
1689 1813 1749 1841 qnn~

958 1855 1032 1887 dem,
1050 1855 1117 1882 utin
1133 1854 1291 1890 insipientia
1305 1854 1440 1886 dicamus,
1457 1854 1543 1881 libere
1558 1853 1639 1881 locuti
1654 1861 1751 1880 sumus

958 1899 1117 1927 beatissitno
1134 1900 1298 1935 patriarcha:
1317 1903 1425 1931 nostro,
1440 1900 1512 1934 quod
1528 1898 1647 1926 Ecclesia
1660 1899 1751 1934 gladio

959 1953 1013 1972 non
1030 1945 1150 1973 vindicet
1165 1954 1172 1979 ;
1189 1946 1237 1981 qui
1267 1945 1377 1980 quidem
1394 1945 1489 1972 annuit
1505 1952 1513 1977 ;
1543 1944 1751 1976 imperatoribus

958 1999 1033 2024 vero,
1053 1992 1100 2026 qui
1117 1992 1219 2019 caedem
1244 1996 1399 2026 patrarunt,
1425 1991 1510 2026 priori
1538 1992 1658 2025 quidem,
1678 1991 1749 2025 quod

959 2037 1014 2065 Deo
1038 2037 1101 2064 talis
1116 2038 1204 2064 credes
1224 2045 1279 2064 non
1309 2037 1463 2072 placuerit;
1481 2035 1627 2071 posteriori
1647 2041 1749 2066 autem,

958 2091 1021 2110 cum
1035 2083 1118 2110 cadis
1135 2083 1322 2111 defensionem
1341 2083 1471 2117 exigeret,
1495 2082 1571 2116 prius
1596 2081 1663 2108 mihi
1691 2081 1751 2108 adi-

958 2130 1088 2157 mendum
1117 2134 1208 2164 caput,
1241 2137 1324 2164 quam
1352 2129 1439 2156 uthis
1459 2129 1653 2156 consentirem.
1689 2127 1751 2154 Haec

959 2174 1053 2210 itaque
1068 2183 1083 2202 a
1098 2175 1177 2203 nobis
1197 2175 1398 2210 peccatoribus.
1415 2174 1467 2202 Vos
1478 2181 1553 2206 vero,
1570 2173 1750 2204 sanctissimi,

958 2221 981 2249 si
995 2222 1069 2249 aliud
1079 2222 1257 2257 Evangelium
1270 2221 1383 2257 legistis,
1393 2220 1466 2255 quod
1481 2228 1532 2248 nos
1544 2227 1600 2247 non
1611 2220 1750 2251 novimus,

959 2268 1028 2296 bene
1055 2269 1188 2302 habebit;
1212 2269 1255 2296 sin
1283 2269 1385 2300 minus,
1413 2267 1588 2294 considerate
1598 2266 1662 2301 quid
1676 2267 1751 2294 dicat

959 2314 1119 2348 Apostolus.

990 2413 1082 2442 CLVI.
1095 2430 1130 2435 -
1144 2413 1288 2442 Fratribus
1300 2415 1345 2450 qui
1360 2423 1419 2442 cum
1435 2414 1553 2442 Patricio
1565 2414 1622 2450 [ilio
1635 2418 1695 2441 sunt
1705 2414 1748 2448 (⁸).

366 2507 402 2531 De
415 2506 561 2538 Theologia,
576 2510 602 2530 et
614 2507 646 2531 de
659 2506 813 2531 immaculata
829 2505 935 2537 imagine
944 2512 1012 2530 sacra
1028 2505 1127 2531 Domini
1139 2508 1166 2530 et
1176 2505 1223 2531 Dei
1235 2505 1315 2530 nostri
1327 2506 1386 2531 .Iesu
1403 2504 1500 2530 Christi.

157 2559 282 2594 Ἀδελφοὶ
293 2561 342 2587 καὶ
354 2561 426 2587 Πατέ
432 2569 487 2596 ρες,
503 2561 693 2596 παρακληθεὶς
708 2562 783 2596 παρὰ
797 2560 845 2587 τοῦ
853 2561 906 2587 Πα-

108 2604 179 2640 τρδς
194 2604 285 2640 ὑμῶν,
298 2604 336 2637 ὡς
352 2604 449 2640 Πατὴρ
464 2604 592 2632 κάκείνου
605 2625 613 2637 ,
628 2605 677 2632 καὶ
691 2605 768 2640 ὑμῶν
782 2604 816 2631 δι’
833 2604 907 2631 ἐκεί-

108 2658 173 2684 νου,
190 2650 307 2686 λαλῆσαι
322 2651 389 2687 ὑμῖν
405 2651 439 2678 τὰ
453 2651 521 2688 πρὸς
538 2651 690 2687 σωτηρίαν·
715 2651 762 2678 καὶ
776 2650 907 2686 ἐπείσθην

110 2697 242 2730 εἰκότως,
268 2697 314 2724 καὶ
329 2696 486 2732 φθέγγομαι
507 2699 520 2724 ὁ
535 2697 662 2729 ταπεινὸς
681 2693 757 2724 ἔνθεν
775 2697 853 2724 ἑλών·
875 2697 908 2723 Ἦ

155 2756 166 2770 ⁸
182 2755 271 2786 Epist.
282 2755 444 2791 interpolata
461 2758 494 2784 ad
508 2755 678 2792 Philadclpb.
696 2765 723 2784 ιι.

997 2560 1110 2588 Fratres
1133 2560 1292 2595 Pati-esque,
1308 2565 1419 2596 rogatus
1436 2568 1452 2588 a
1467 2560 1547 2588 Patre
1572 2563 1675 2593 vestro,
1691 2563 1750 2587 tan-

961 2614 1043 2641 quam
1065 2611 1092 2634 et
1121 2607 1197 2634 illius
1223 2612 1311 2642 pater,
1327 2611 1354 2635 et
1379 2611 1468 2634 vester
1481 2614 1530 2642 per
1545 2606 1645 2641 ipsum,
1660 2606 1693 2633 ad
1706 2614 1751 2633 sa-

963 2652 1077 2693 lutarem
1088 2659 1241 2680 sermonem
1253 2652 1328 2681 vobis
1341 2653 1550 2689 impertiendum
1559 2661 1567 2686 ;
1575 2657 1603 2680 et
1613 2651 1750 2688 acquievi,

963 2702 993 2724 ut
1015 2706 1064 2732 par
1088 2703 1157 2731 erat,
1175 2702 1203 2726 et
1219 2699 1281 2726 inde
1309 2699 1383 2735 loqui
1411 2698 1524 2728 humilis
1538 2698 1649 2734 incipio.
1669 2697 1751 2725 Salus

804 2757 815 2771 ⁸
832 2755 906 2784 Psal.
923 2763 1035 2787 Lxxvui,
1048 2756 1074 2782 6.
1114 2756 1146 2770 δ”
1164 2757 1242 2783 Ιὶοιιι.
1259 2759 1352 2790 κιιιμι.

883 2811 999 2840 NOTAE.

144 2861 206 2895 με)
222 2859 252 2887 In
267 2860 328 2888 cod.
347 2859 414 2895 Reg.
432 2863 487 2896 pt'q’.

999 2856 1035 2891 ι’)
1050 2855 1215 2891 Dugmatica.
