1912 3080
154 145 220 175 H87

743 145 774 173 S.
795 143 989 174 THEODORI
1011 145 1184 176 STUDITIE

1707 146 1772 179 1488

152 203 256 227 nostra.
275 197 321 224 lilii
343 198 509 230 charissimi,
527 203 601 226 recte
628 199 738 226 credere
767 200 793 226 in
813 204 935 226 sanctam

999 201 1114 235 ιωτηρία
1130 201 1219 236 ἡμῶν,
1239 201 1322 228 τέκνα
1344 202 1510 236 ἡγαπημένα
1525 201 1603 237 [ιιυς.
1625 203 1686 230 cod.
1704 204 1773 237 ἁγα-

151 244 324 277 Trinitntcm,
336 249 363 272 et
376 251 458 279 opera
470 245 558 272 facere
575 253 635 280 qua:
654 255 668 271 an
684 245 786 272 sanctis
799 246 845 272 Dei
861 254 939 273 nian-

153 291 225 318 datis
246 290 435 317 testimonium
458 290 585 317 habeam.
605 290 637 317 In
660 290 765 318 Christo
778 291 848 318 enim
862 290 937 324 λεια,

154 335 384 370 quemadmodum
409 336 448 362 ait
477 336 635 371 Apostolus,
664 344 745 371 neque
773 337 940 363 circumcisio

153 381 256 416 aliquid
279 381 357 414 ιιαίει,
383 389 464 415 neque
488 383 657 416 prwpulium,
683 383 728 409 sed
742 382 807 417 ﬁdes
824 390 883 417 quae
895 390 941 417 per

153 428 310 455 duritatem
338 432 462 462 operatur
476 428 498 454 ⁸.
522 427 554 454 Ει
575 429 638 456 lidei
669 428 779 463 quidem
807 430 878 456 ratio
906 430 940 457 ad

154 474 253 508 dogma
265 473 453 506 orthodoxiae;
464 474 606 502 charitatis
620 482 695 506 vero,
709 475 743 502 ad
755 475 833 502 bona
843 483 942 510 opera-

155 520 238 547 tionis
257 519 504 547 considerationem
525 520 676 547 reducitur.
707 520 852 548 Credimus
875 529 941 557 ergo

155 564 182 591 in
194 561 300 592 Patrem
316 570 343 591 et
360 563 458 591 Filium
474 570 500 592 et
513 565 644 599 Spiritum
660 569 796 598 sanctum,
813 573 873 600 quae
887 571 942 593 tres

141 615 220 638 .sunt
249 617 382 644 personae,
418 615 516 638 natura
551 618 614 642 una,
642 619 695 638 una
712 615 842 646 potestas,
856 619 940 639 unum

154 657 276 683 omnium
290 656 417 692 princeps
432 664 556 691 regnum,
571 657 599 684 in
618 664 682 689 uno,
710 661 740 684 ut
765 661 875 690 natura,
903 658 943 685 sic

154 707 183 730 et
203 703 354 735 voluntate,
378 707 406 730 et
425 703 585 737 operatione
609 703 753 732 adoratum
782 705 898 739 imperio
917 710 944 732 et

155 748 250 783 gloria.
279 748 424 776 Credimus
447 749 519 783 quod
541 757 613 777 unus
643 749 678 777 de
692 754 786 778 sancta
800 750 942 784 Trinitate,

155 794 241 822 Filius
257 798 285 822 et
299 793 419 822 Verbum
436 794 482 823 Dei
503 799 530 822 et
559 794 658 827 Patris,
679 803 726 830 per
746 803 881 824 summam
897 797 945 824 bo—

157 841 268 868 nitatem
295 840 446 868 exinanivit
470 841 657 875 semetipsum,
681 847 709 869 et
729 841 846 870 formam
872 844 943 870 servi

155 887 271 921 accepit,
287 886 314 913 in
328 885 415 914 forma
432 892 528 915 nostra
545 893 719 922 conspectus.
744 888 802 917 Hoc
814 889 886 917 enim
902 895 944 918 est

155 933 228 967 quod
244 933 283 960 ait
296 931 452 968 Theologus
478 941 486 960 ε
500 933 534 960 Et
552 932 666 960 Verbum
676 942 739 961 caro
749 935 849 969 factum
862 937 920 962 est”
935 944 942 968 ;

157 978 277 1013 etquod
301 986 417 1013 magnus
442 979 587 1014 Apostolus
615 979 700 1006 dicit:
727 979 799 1007 Deus
819 981 943 1016 apparuit

156 1026 185 1051 in
198 1033 278 1052 carne
293 1024 325 1052 η.
342 1024 376 1051 Ει
394 1033 465 1052 unus
485 1025 612 1060 idemque
628 1021 670 1053 est
693 1026 720 1052 in
738 1026 845 1054 duabus
862 1032 943 1053 natu-

157 1072 206 1103 ris,
222 1071 359 1106 perl'ectus
374 1070 455 1102 Deus,
472 1075 499 1098 et
512 1070 648 1105 perfectus
663 1072 765 1099 homo:
782 1077 809 1100 et
821 1073 848 1100 in
867 1078 944 1100 utro-

156 1125 210 1152 que
236 1117 358 1152 perfecto
373 1117 566 1154 proprietatem
589 1119 692 1146 nullam
710 1127 763 1146 non
780 1119 942 1154 assumpsit,

158 1164 262 1191 habens
272 1163 377 1192 scilicet
390 1167 420 1190 ut
436 1163 508 1191 Deus
537 1165 631 1191 omnia
665 1172 727 1199 qua:
746 1164 838 1193 Patris
854 1171 918 1193 sunt
934 1174 941 1198 ;

157 1212 225 1235 etut
237 1208 330 1240 homo,
345 1209 437 1235 omnia
454 1216 515 1243 qua:
537 1208 643 1241 Matris,
657 1216 787 1245 tanquam
799 1217 944 1246 germanus

158 1253 241 1282 titius.
256 1253 494 1286 Quemadmodum
512 1263 576 1290 ergo
598 1263 631 1282 ex
647 1255 727 1283 Patre
741 1256 944 1284 incircumscri-

159 1305 232 1334 ptus,
253 1300 293 1327 sic
317 1307 352 1327 ex
377 1299 464 1328 Matre
491 1300 738 1336 circumscriptus,
756 1302 806 1328 hoc
821 1306 872 1334 est,
897 1302 943 1336 qui

159 1348 207 1381 per
221 1345 379 1380 imaginem,
389 1346 501 1381 perinde
512 1354 545 1373 ac
554 1351 649 1379 mater,
663 1347 842 1382 exprimatur.
854 1347 945 1381 Quare

161 1393 347 1425 lconomaclti,
363 1393 398 1420 ad
413 1400 484 1427 quos
504 1393 621 1427 pertinet
634 1393 691 1421 haec
705 1393 875 1429 disceptatio,
889 1401 943 1421 non

159 1439 320 1466 conﬁtentes
350 1439 426 1466 illum
453 1439 654 1469 circumscribi.
688 1440 760 1467 haud
790 1439 872 1467 dubie
893 1448 945 1468 nec

159 1492 320 1520 germanum
335 1485 428 1513 Matris
437 1485 523 1512 lilium
540 1485 663 1512 conliteri
689 1485 943 1520 deprehenduntur,

160 1534 207 1560 sed
234 1531 352 1559 alienum
370 1532 469 1566 potius.
491 1531 543 1565 Qui
559 1532 632 1558 enim
657 1539 827 1567 germanum,
850 1537 943 1560 etnon
959 1543 981 1573 ο

160 1578 278 1605 alienum
296 1578 416 1612 penitus,
441 1578 492 1606 nisi
510 1578 536 1605 in
555 1579 685 1606 omnibus
704 1583 809 1605 natura:
825 1579 947 1614 proprie-

160 1624 263 1651 tatibus
285 1623 410 1658 genitrici
430 1623 520 1651 simile
546 1624 582 1651 sit
601 1624 673 1658 quod
690 1631 725 1650 ex
740 1624 786 1651 illa
802 1624 948 1658 genitura?

161 1667 197 1696 Ut
219 1669 290 1696 enim
311 1669 462 1696 secundum
490 1669 774 1704 circumscriptionem
802 1677 949 1698 commune

161 1714 230 1742 nihil
244 1714 326 1742 habet
341 1723 402 1742 cum
416 1714 507 1747 Patre,
524 1715 571 1742 sed
592 1723 654 1742 cum
671 1715 768 1748 Matre,
796 1716 834 1742 ita
850 1723 949 1743 secun-

160 1759 226 1786 dum
246 1759 569 1794 incircuntscriptionem,
588 1760 649 1787 vice
659 1768 734 1793 vera,
745 1767 807 1787 cum
821 1761 950 1788 Genitore

161 1805 322 1832 communio
335 1809 387 1836 est,
401 1812 455 1831 non
471 1813 532 1832 cum
553 1803 702 1833 Genitrice.

197 1849 245 1877 Sic
262 1858 292 1877 se
319 1850 399 1876 habet
420 1853 524 1876 rectum
541 1849 667 1876 veritatis
679 1850 780 1884 dogma
795 1859 801 1877 :
819 1850 875 1877 haec
884 1857 950 1884 apo.

161 1897 257 1923 stolica
280 1896 369 1923 lides:
396 1895 636 1929 circumscriptum
661 1896 784 1922 conliteri
809 1895 949 1923 Christum

163 1943 188 1968 in
201 1949 294 1969 carne.
316 1941 363 1968 Sic
378 1941 451 1967 enim
466 1948 581 1974 magnus
601 1940 736 1969 Basilius:
756 1952 766 1968 ι
782 1941 951 1977 Depingatnr

163 1987 189 2014 in
202 1986 295 2013 tabula
314 1985 496 2012 certaminum
521 1993 621 2020 prazses
645 1985 783 2014 Christus.
803 1996 813 2012 ι
827 1987 860 2014 Ει
873 1987 949 2022 depi-

161 2038 233 2059 ctam
262 2032 407 2067 imaginem
431 2032 566 2065 venerari,
592 2036 721 2067 tanquam
746 2033 859 2061 adorato
877 2034 904 2061 in
920 2042 950 2062 ea

162 2077 281 2104 Christo.
303 2076 331 2103 Ιιι
347 2077 465 2111 imagine
485 2077 586 2112 quippe
602 2078 694 2106 videre
707 2086 737 2106 se
753 2079 880 2114 angelum
897 2080 952 2107 cla-

161 2128 218 2149 mat
237 2130 338 2149 aureus
360 2122 587 2157 Chrysostomus.
604 2121 632 2149 Si
652 2128 742 2150 autetn
762 2123 951 2158 incorporeum

162 2169 189 2195 in
199 2168 327 2202 imagine,
338 2173 442 2202 quanto
455 2168 541 2203 magis
553 2176 667 2203 corpore
679 2169 804 2196 indutum
817 2168 953 2197 Verbum?

162 2213 241 2246 Quod
265 2213 288 2240 si
305 2213 388 2244 videt,
417 2218 521 2240 certum
542 2218 584 2240 est
605 2213 678 2248 quod
708 2214 791 2240 etiam
815 2215 909 2242 adoret
924 2215 950 2241 in
966 2211 991 2240 Ι)

162 2259 280 2294 imagine
311 2259 464 2294 angelum:
491 2259 723 2294 quemadmodum
752 2264 780 2286 et
803 2260 953 2288 Christum.

163 2306 192 2332 In
209 2305 327 2340 imagine
343 2305 415 2332 enim
440 2306 530 2333 videre
549 2306 693 2338 meruisse,
712 2313 761 2341 par
781 2312 824 2334 est
840 2314 873 2334 ac
887 2307 953 2334 ado-

162 2358 224 2378 rare
241 2359 248 2378 :
269 2360 278 2377 ‹
292 2350 518 2385 Quandoquidem
539 2351 626 2378 honor
642 2351 768 2386 imaginis
782 2352 815 2379 ad
830 2356 954 2387 prototy-

162 2405 227 2432 pum
263 2398 371 2431 transit,
390 2407 399 2423 ι
421 2402 449 2423 ut
474 2405 580 2424 rursum
615 2397 652 2424 ait
681 2405 796 2432 magnus
823 2398 952 2426 Basilius.

162 2442 312 2477 Negatnres
326 2443 416 2477 itaque
426 2447 490 2469 sunt
501 2442 612 2475 Christi,
629 2443 874 2477 quicontumoliosi
889 2448 953 2471 sttnt:

164 2489 190 2515 in
214 2489 359 2524 imaginem
377 2497 384 2515 :
402 2493 483 2523 atque
498 2488 568 2514 hanc
584 2494 755 2523 spernentes.
771 2490 952 2524 contemptio-

164 2542 226 2561 nem
257 2535 285 2560 in
324 2533 411 2568 ipsum
439 2533 617 2567 transferunt,
640 2533 703 2560 licet
727 2534 868 2561 Christum
883 2542 951 2562 con-

166 2581 233 2607 literi
252 2588 282 2607 se
311 2580 401 2606 dicant
420 2589 426 2607 :
451 2579 589 2615 quomodo
613 2579 752 2608 daemones
767 2582 849 2608 etiam
866 2581 951 2608 conli-

164 2632 255 2654 tentur
274 2626 305 2659 “,
329 2626 427 2660 inquit,
453 2625 603 2658 Christum,
624 2625 703 2654 lactis
726 2634 790 2653 vero
804 2632 903 2662 negant
918 2627 949 2654 ”.

164 2673 261 2708 Magna
276 2673 368 2708 igitur,
381 2672 491 2703 fratres,
503 2673 629 2707 impietas
641 2672 761 2704 illorum,
779 2676 806 2700 et
821 2672 950 2707 praeclara

164 2720 300 2747 truttl'ussio
327 2723 432 2749 nostra.
461 2719 548 2746 nihilo
568 2718 680 2745 inferior
699 2727 781 2753 quatit
801 2723 950 2754 martyrum

165 2764 352 2798 antiquorum.
379 2762 454 2790 State
468 2763 550 2798 igitur
569 2763 685 2796 fortiter,
708 2763 864 2791 nullatenus
887 2765 951 2791 titu:

990 245 1075 281 πητὰ]
1089 266 1096 277 ,
1119 246 1256 273 πιστεύειν
1270 247 1357 282 ὀρθῶς
1370 247 1410 278 εἰς
1423 247 1472 281 τὴν
1493 247 1572 281 ἁγίαν
1587 247 1691 282 Τριάδα
1701 268 1708 280 ,
1728 249 1775 275 καὶ

990 288 1059 323 ἔργα
1081 289 1153 323 ἔχειν
1178 290 1389 325 μαρτυρούμενα
1413 291 1465 316 ὑπὸ
1480 291 1535 317 τῶν
1556 291 1642 324 ἁγίων
1662 292 1775 319 ἐντολῶν

989 334 1036 361 τοῦ
1051 335 1131 362 Θεοῦ.
1150 336 1202 362 Ἐν
1214 335 1269 370 τὰρ
1283 336 1399 370 Χριστῷ
1426 337 1534 371 Ἰησοῦ,
1555 337 1647 369 καθώς
1663 346 1745 373 φησιν
1761 340 1776 364 6

997 380 1169 413 Ἀπόστολος,
1185 382 1254 409 οὔτε
1268 382 1411 416 περιτομὴ
1432 383 1532 416 ἰσχύει
1545 402 1551 413 ,
1570 383 1638 410 οὔτε
1650 383 1776 417 ἀκροόιιδ

990 427 1075 454 στία·
1089 427 1169 454 ἀλλὰ
1187 428 1290 461 πίστις
1308 427 1345 455 δι’
1361 428 1478 463 ἀγάπης
1492 429 1702 464 ἐνεργουμένη.
1720 431 1777 457 Καὶ

991 473 1005 499 ὁ
1018 473 1067 508 μὲν
1079 474 1129 508 τῆς
1151 473 1269 505 πίστεως
1284 473 1364 508 λόγος
1374 494 1382 506 ,
1397 475 1437 505 εἰς
1451 474 1482 500 τὸ
1496 475 1548 510 τῆς
1561 475 1715 511 ὁρθοδοξὶαι,
1733 476 1777 502 δό-

991 527 1050 554 γμα
1063 527 1070 535 ·
1091 521 1105 546 ὁ
1118 519 1147 546 δὲ
1163 521 1213 553 τῆς
1232 520 1353 556 ἀγάπης,
1374 521 1414 552 είς
1427 521 1458 547 τὸ
1473 521 1524 555 τῆς
1546 522 1696 557 εὐπραξίας
1711 522 1777 548 Θεώ-

993 575 1070 601 ρημα
1086 567 1263 601 ἀναφέρεται,
1288 567 1456 603 Πιστεύομεν
1478 566 1526 595 οὖν
1547 569 1587 600 εἰς
1603 569 1712 604 Πατέρα
1729 570 1777 596 καὶ

993 612 1058 638 Υἱδν
1076 613 1122 639 καὶ
1136 612 1215 647 ἅγιον
1237 613 1366 648 Πνεῦμα·
1381 614 1452 648 ἂπερ
1472 614 1530 640 ἐστὶ
1545 614 1609 649 τρῖα
1631 616 1776 649 πρόσωπα,

995 657 1044 692 μία
1067 657 1157 692 φύσις,
1182 659 1231 692 μία
1245 658 1369 694 δύναμις,
1395 659 1444 693 μία
1458 659 1561 694 ἀρχικὴ
1578 660 1632 686 τῶν
1649 659 1779 687 ἁπάντων

995 703 1133 737 βασιλείαο
1150 704 1179 730 ἐν
1193 705 1242 734 ἐνὶ,
1268 704 1306 736 ὡς
1321 705 1414 738 φύσει.
1433 706 1480 731 καὶ
1496 705 1621 739 θελήσει,
1641 706 1687 732 καὶ
1701 707 1780 742 ἐνερ-

994 749 1057 784 γείᾳ
1072 750 1300 785 προσκυνουμένη
1322 750 1418 785 κράτει
1439 751 1487 777 καὶ
1509 751 1594 778 κλέει.
1611 752 1780 788 Πιστεύομεν

994 795 1032 827 ὡς
1048 795 1063 822 ὁ
1078 793 1119 828 εἷς
1134 796 1184 831 τῆς
1207 796 1286 830 ἁγίας
1309 797 1440 832 Τριάδος,
1456 799 1470 824 6
1486 797 1550 830 Υἱὸς
1567 798 1614 824 καὶ
1627 798 1712 833 Λόγος
1731 800 1780 826 τοῦ

995 840 1064 866 Θεοῦ
1091 841 1140 867 καὶ
1166 841 1291 876 Πατρδς,
1313 841 1346 868 δι’
1371 841 1459 876 ἄκραν
1481 841 1638 876 ἀγαοότητα
1657 841 1781 871 κενώσας

997 886 1103 918 ἑαυτὸν.
1120 887 1227 922 μορφὴν
1236 887 1330 914 δούλου
1345 887 1441 913 ἔλαϐεν
1452 888 1481 914 ὲν
1492 887 1531 922 τῷ
1547 887 1608 914 καθ’
1624 888 1697 923 ἡμᾶς
1715 888 1781 914 εῖδει

995 931 1098 966 ὀφθείς.
1111 932 1196 958 Τοῦτο
1212 933 1267 968 γάρ
1281 934 1355 960 ἐστιν
1368 933 1382 960 ὅ
1396 941 1478 967 φησιν
1499 934 1513 960 6
1533 933 1677 967 Θεολόγος·
1694 934 1749 960 Kal
1765 935 1782 960 ὁ

997 978 1092 1012 Λόγος
1114 978 1191 1012 σὰρξ
1215 978 1349 1013 ἑγένετο’
1371 980 1419 1006 καὶ
1433 979 1447 1006 ὃ
1461 986 1543 1014 φησιν
1557 980 1571 1006 ό
1591 979 1677 1014 μέγας
1700 979 1782 1006 ’Δπόυ

998 1024 1104 1056 στολος·
1122 1025 1194 1057 Θεὸς
1215 1024 1385 1059 ἐφανερώθη
1399 1025 1434 1052 ὲν
1450 1026 1549 1059 σαρκί.
1573 1025 1629 1052 Καὶ
1649 1025 1722 1052 ἐστιν
1741 1022 1783 1055 εἷς

997 1070 1044 1095 καὶ
1057 1070 1071 1096 ὁ
1083 1069 1164 1100 αὐτὸς
1178 1070 1207 1095 ἐν
1222 1069 1284 1095 δυσὶ
1297 1068 1394 1103 φύσεσι
1407 1063 1509 1100 τέλειος
1523 1069 1600 1102 Θεὸς,
1619 1070 1667 1096 καὶ
1680 1070 1783 1101 τέλειος

997 1115 1150 1149 ἄνθρωπος,
1176 1115 1225 1141 καὶ
1249 1115 1278 1141 ἐν
1302 1115 1426 1150 ἐκατέρῳ
1451 1114 1546 1150 τελείῳ
1576 1115 1625 1150 οὺχ
1651 1115 1729 1150 ὑφείς
1754 1123 1785 1142 τι

999 1160 1097 1194 ἰδίωμα
1113 1160 1315 1196 ἀπρόσληπτον,
1336 1160 1404 1196 ἔχων
1420 1161 1448 1188 δὲ
1468 1161 1568 1196 μᾶλλον
1585 1162 1619 1188 τὰ
1633 1162 1722 1188 πάντα
1734 1162 1783 1189 τοῦ

998 1206 1104 1241 Πατρὸς
1121 1205 1230 1239 θεῖκῶς,
1246 1207 1293 1233 καὶ
1308 1206 1397 1233 πάντα
1406 1206 1441 1234 τὰ
1455 1207 1505 1242 τῆς
1520 1206 1629 1243 Μητρδι.
1645 1207 1784 1243 ἀνθρωπι-

997 1252 1063 1283 κῶς,
1091 1252 1129 1284 ὠς
1161 1252 1218 1283 υἱὸς
1246 1253 1368 1287 γνήσιος.
1393 1252 1438 1284 Ὠς
1464 1251 1511 1280 οὖν
1538 1253 1570 1280 ἐκ
1599 1253 1646 1280 τοῦ
1676 1254 1785 1288 Πατρδς

997 1298 1204 1333 ἀπερίγραπτος
1215 1319 1223 1330 ,
1240 1297 1326 1330 οὕτως
1340 1299 1372 1325 ὲκ
1386 1299 1437 1334 τῆς
1449 1298 1561 1334 Μητρὸς
1576 1299 1783 1335 περιγραπτὸς,

997 1344 1081 1379 ἤγουν
1097 1344 1326 1379 ἐξεικςνιζόμενος
1343 1344 1528 1380 μητρομοίως.
1553 1345 1583 1371 Οἱ
1606 1342 1654 1371 οὖν
1675 1345 1786 1371 Εἰκονο-

998 1390 1081 1425 μάχοι
1092 1410 1100 1423 ,
1115 1391 1180 1426 περὶ
1195 1387 1232 1417 ὧν
1247 1390 1295 1417 καὶ
1310 1391 1340 1417 τὸ
1353 1389 1441 1417 ταῦτα
1456 1390 1640 1426 δογματίζειν,
1659 1390 1696 1426 μὴ
1717 1390 1787 1426 ὁμο·

997 1435 1140 1470 λογοΰντες
1162 1436 1243 1463 αὑτὸν
1257 1436 1491 1472 περιγράφεσθαι,
1506 1436 1678 1472 εὑρίσκονται
1694 1437 1787 1471 ἀσφα-

998 1482 1050 1514 λῶς
1067 1483 1135 1518 μηδὲ
1144 1482 1286 1517 ὁμολογεῖν
1301 1483 1382 1510 αὐτὸν
1397 1484 1509 1518 γνήσιον
1524 1484 1581 1510 υἱὸν
1596 1483 1645 1518 τῆς
1657 1483 1785 1519 Μητρός·

998 1527 1051 1554 ποῦ
1063 1530 1118 1563 γὰρ
1130 1529 1159 1555 τὸ
1174 1528 1297 1563 γνήσιον,
1307 1529 1355 1554 καὶ
1362 1528 1393 1554 οὐ
1408 1529 1498 1563 πάντη
1517 1527 1617 1563 μᾶλλον
1632 1529 1786 1563 ἀλλότριον,

998 1573 1031 1600 ἂν
1049 1574 1085 1608 μὴ
1100 1573 1172 1600 κατὰ
1193 1574 1243 1609 τὴν
1259 1573 1429 1608 γεννήσασαν
1446 1574 1475 1599 ἐν
1489 1574 1556 1599 πᾶσι
1578 1574 1635 1605 τοῖς
1660 1573 1788 1606 φυσικοῖς

1000 1618 1143 1654 ἰδιώμασιν
1165 1616 1222 1646 εἷεν
1239 1620 1272 1646 ἂν
1288 1620 1334 1645 καὶ
1350 1619 1382 1646 τὸ
1405 1619 1545 1654 γέννημας
1575 1618 1621 1650 Ὦς
1636 1618 1691 1652 γὰρ
1709 1619 1787 1646 κατὰ

997 1665 1046 1700 τὴν
1060 1665 1236 1700 περιγραφὴν
1260 1665 1390 1700 οὐδεμίαν
1414 1664 1557 1691 κοινωνίαν
1576 1664 1632 1700 ἔχει
1651 1664 1720 1700 πρὸς
1738 1665 1788 1691 τὸν

999 1712 1110 1747 Πατέρα
1122 1731 1129 1744 ,
1145 1711 1214 1738 ἀλλὰ
1227 1712 1295 1747 πρὸς
1305 1712 1355 1747 τὴν
1374 1712 1505 1747 Μητέρα·
1526 1711 1612 1744 οὕτως
1633 1711 1694 1739 οὐδὲ
1714 1711 1789 1738 κατά

998 1757 1047 1792 τὴν
1063 1757 1201 1792 ἀγραφίαν
1217 1757 1247 1783 τὸ
1260 1757 1379 1792 ἔμπαλιν
1389 1764 1396 1771 ·
1410 1758 1478 1793 πρὸς
1493 1757 1539 1784 τὸν
1551 1758 1718 1793 γεννήσαντα
1729 1758 1789 1794 γὰρ

998 1803 1015 1837 ἠ
1031 1802 1170 1834 κοινωνία,
1187 1803 1217 1828 οὺ
1235 1802 1303 1837 πρὸς
1320 1802 1370 1837 τὴν
1384 1801 1527 1829 τεκοῦσαν.

1034 1847 1127 1879 οὕτως
1136 1847 1167 1874 τὸ
1180 1847 1260 1882 ὀρθὸν
1274 1847 1362 1882 δόγμα
1373 1848 1423 1883 τῆς
1438 1847 1568 1883 ἀληθείας
1580 1847 1665 1883 ἀὕτη
1678 1849 1695 1882 ἡ
1714 1849 1786 1875 ἀπο-

1000 1893 1110 1928 στολικὴ
1123 1893 1215 1924 πίστις
1226 1901 1233 1908 ”
1252 1893 1442 1929 περιγραπτὸν
1456 1893 1598 1928 ὁμολογεῖν
1609 1893 1654 1921 τὸν
1668 1894 1790 1930 Χριστὸν

999 1939 1028 1966 ὲν
1041 1939 1134 1973 σαρκί,
1152 1939 1206 1965 Καὶ
1223 1939 1288 1973 γοῦν
1299 1940 1313 1966 6
1330 1939 1416 1975 μέγας
1433 1939 1591 1971 Βασίλειος·
1613 1939 1790 1975 «Ἐγ-γραφέ-

1001 1985 1058 2012 σθω
1073 1985 1112 2021 τῷ
1127 1985 1221 2012 πίνακι
1242 1986 1290 2012 καὶ
1303 1987 1318 2012 6
1328 1986 1385 2012 τῶν
1401 1985 1602 2022 παλαισμάτων
1615 1986 1791 2022 ἀγωνοθέτης

1002 2032 1130 2066 Χριστός.
1142 2041 1151 2058 ι
1171 2032 1225 2058 Καὶ
1237 2031 1287 2066 τὴν
1298 2033 1528 2067 ὲγγεγραμμένην
1546 2032 1638 2058 εἰκόνα
1648 2033 1741 2067 τιμᾷν,
1750 2033 1790 2064 ὡς

1001 2078 1030 2103 ἐν
1044 2077 1113 2113 αὐτῇ
1133 2078 1371 2112 προσκυνουμένου
1386 2078 1516 2113 Χριστοῦ.
1532 2078 1577 2104 Ἐν
1593 2078 1647 2113 γὰρ
1658 2079 1690 2114 τῇ
1701 2078 1790 2104 εἰκόνι

1003 2124 1052 2160 βοᾷ
1066 2125 1081 2150 ὁ
1097 2123 1215 2158 χρυσοῦς
1236 2124 1430 2158 Χρυσόστομος
1456 2123 1520 2150 ἰδεῖν
1537 2123 1663 2156 ἄγγελον.
1690 2123 1745 2150 Καὶ
1764 2124 1790 2150 εί

1002 2170 1047 2197 τὸν
1062 2170 1208 2203 ἀσώματον
1221 2170 1250 2195 ἐν
1263 2172 1348 2197 εἰκόνι
1360 2178 1367 2185 ·
1383 2170 1458 2205 πόσῳ
1470 2168 1517 2196 οὖν
1531 2168 1632 2204 μᾶλλον
1643 2169 1689 2196 τὸν
1704 2169 1792 2195 ὲνσὼιι
1811 2195 1814 2197 .

1006 2226 1090 2252 ματον
1112 2218 1215 2252 Λόγον;
1231 2218 1286 2245 Καὶ
1304 2218 1329 2243 εἰ
1345 2218 1406 2252 ἐρᾷ,
1423 2217 1502 2252 δῆλον
1523 2217 1563 2243 ὅτι
1579 2217 1626 2243 καὶ
1640 2218 1794 2251 προσκυνεῖ

1005 2265 1035 2290 ὲν
1056 2264 1140 2291 εἰκόνι
1156 2264 1203 2291 τὸν
1217 2263 1348 2297 ἄγγελον·
1369 2263 1464 2298 ὥσπερ
1478 2263 1526 2289 καὶ
1540 2263 1587 2289 τὸν
1601 2263 1727 2298 Χριστόν.
1753 2259 1795 2290 Τὺ

1004 2310 1059 2345 γὰρ
1082 2310 1232 2345 ἀξιωθῆναι
1250 2311 1314 2337 ἰδεῖν
1328 2310 1356 2336 ὲν
1370 2310 1466 2345 Γραφῇ
1478 2309 1546 2342 ,ἴσον
1569 2309 1628 2335 ἐστὶ
1643 2309 1681 2344 τῷ
1700 2318 1791 2344 προσ-

1004 2358 1112 2383 κυνεῖν·
1132 2365 1141 2382 (
1166 2356 1297 2389 Ἐπείπερ
1316 2355 1362 2382 καὶ
1375 2356 1391 2391 ὴ
1405 2355 1455 2389 τῆς
1475 2356 1578 2386 είκόνος
1594 2355 1673 2390 τιμὴ,
1693 2355 1741 2382 ἐπὶ
1759 2356 1794 2382 τὸ

1005 2403 1183 2438 πρωτότυπον
1210 2402 1362 2434 ἀναϐαίνει,
1381 2412 1390 2428 ι
1416 2402 1454 2433 ὼς
1485 2402 1564 2429 πάὶιν
1587 2402 1670 2437 φησὶν
1699 2403 1714 2428 ὁ
1743 2402 1797 2437 μέι

1006 2457 1058 2483 γας
1083 2448 1156 2484 [cm].
1175 2448 1243 2483 Reg.
1259 2448 1327 2483 φαίη
1349 2448 1363 2474 ό
1385 2446 1468 2479 ΘείοςῙ
1491 2446 1640 2478 Βασίλειος.
1664 2446 1795 2481 Ἀρνηταὶ

1005 2493 1150 2528 τοιγαροῦν
1165 2494 1219 2519 εἱσι
1233 2493 1363 2528 Χριστοῦ,
1377 2492 1401 2518 οἱ
1427 2492 1477 2526 τῆς
1491 2491 1596 2523 εἰκόνος
1612 2490 1695 2518 αὑτοῦ
1712 2491 1776 2526 ὑὸρι
1786 2505 1795 2512 -

1006 2539 1078 2572 σταὶ,
1102 2538 1145 2565 διὰ
1162 2539 1213 2573 τῆς
1227 2539 1271 2565 ἐπ’
1290 2538 1374 2573 αὐτῆς
1389 2537 1544 2572 ἀθετήσεως
1557 2557 1565 2569 ,
1583 2537 1624 2568 είς
1641 2536 1722 2563 αὐτὸν
1741 2536 1793 2571 τὴν

1005 2584 1134 2619 ἀθέτησιν
1156 2585 1337 2620 ἀναφέροντες
1347 2592 1353 2600 ·
1370 2583 1421 2610 κᾶν
1435 2583 1551 2617 λέγωσιν
1565 2583 1707 2618 ὁμολογεῖν
1722 2583 1794 2617 Χρι-

1006 2629 1085 2656 στόν·
1100 2629 1162 2655 ἐπεὶ
1174 2629 1221 2654 καὶ
1231 2629 1266 2655 τὰ
1284 2628 1413 2663 δαιμόνια
1428 2627 1601 2662 ὁμολογοῦσι,
1617 2627 1694 2662 φησι,
1712 2627 1792 2658 Θεὸν,

1005 2676 1060 2706 τοῖς
1080 2675 1108 2701 δὲ
1133 2675 1225 2710 ἔργοις
1248 2674 1405 2710 ἀρνοῦνται.
1430 2673 1510 2708 Μέγα
1532 2671 1589 2705 οὖν,
1614 2673 1740 2706 ἀδελφοὶ,
1760 2674 1795 2699 τὸ

1005 2720 1134 2755 ἀσέϐημα
1150 2720 1238 2746 αὐτῶν
1248 2729 1255 2735 ·
1272 2720 1318 2746 καὶ
1334 2720 1439 2755 μεγάλη
1453 2720 1470 2755 ἡ
1482 2719 1612 2754 ὁμολογία
1626 2719 1707 2754 ἡμῶν
1719 2727 1726 2734 ·
1742 2719 1792 2745 καὶ

1006 2766 1118 2793 obtineo
1143 2765 1296 2792 ἀποδέουσα
1309 2764 1363 2791 τῶν
1384 2764 1467 2792 πάλαι
1482 2764 1637 2800 μαρτύρων.
1648 2763 1732 2799 Στῆτε
1744 2761 1799 2790 οὖν

203 2854 313 2884 'calat.
329 2862 359 2886 γ,
377 2856 405 2886 6.
442 2854 452 2869 ⁸
466 2852 544 2881 Joan.
562 2862 580 2886 ι,
596 2853 639 2881 ll.
679 2853 700 2870 ‘°
715 2853 724 2880 Ι
742 2852 813 2883 Tim.
832 2861 872 2888 ιιι,
888 2854 921 2882 l6

1005 2853 1112 2887 1.10.”,
1132 2855 1171 2882 l9.
1212 2855 1232 2871 ¹¹
1245 2855 1288 2883 Tit
1313 2863 1336 2890 ι,
1355 2854 1397 2883 16.
