1912 3080
140 124 210 163 1489

739 132 1008 166 EPISTOLARUM
1029 137 1105 169 LIB.
1142 139 1182 169 ΙΙ-

1714 147 1783 182 1490

102 175 106 183 ’
138 181 283 217 κραταιῶς
297 180 371 217 [cod.
387 182 455 219 Reg.
472 184 617 237 κραταιοὶ]
634 186 757 238 μηδάλως
769 188 926 238 ,ὀκλάζοντεη

989 191 1088 221 bantes
1117 194 1143 221 in
1166 194 1209 223 bis
1231 203 1292 231 quae
1311 204 1374 225 vera
1395 205 1457 228 esse
1478 199 1698 229 demonstratum
1714 209 1780 238 est;

138 227 206 262 περὶ
236 228 292 254 τῶν
319 229 371 263 ἥδη
403 228 607 263 ἀποδεικτικῶς
638 231 848 268 ἠληθευμένων·
868 235 936 264 ἀλλὰ

136 273 224 309 ταύτῃ
239 276 273 310 τῇ
294 275 386 302 πίστει
402 275 500 311 μέχρις
516 277 632 311 αἵματος
644 298 651 310 ,
668 279 693 306 εί
716 279 813 316 καλοίη
829 283 934 318 καιρὸς,

138 320 319 354 ὑποδυόμενοι
345 322 408 354 τοὺς
424 322 546 356 ἀγῶνας.
566 323 707 352 Ἐντεῦθεν
729 327 870 356 ἀνατέλλει
889 330 936 356 καὶ

137 368 152 394 6
167 368 279 402 φαεινὸς
292 368 361 404 βίος,
378 369 408 403 ἐξ
422 369 499 405 ἡλίου
515 371 592 406 ἥλιος
602 381 608 387 ·
627 373 745 409 ἐπείπερ
758 374 873 412 θάτερον
888 377 936 405 θα-

135 412 218 448 τέρου
242 414 394 450 μαρτύριον
421 415 436 441 6
462 416 625 452 ἀδελφόθεος
649 419 823 456 ἁποδέδειχεν
850 420 930 450 εἶναι.

142 458 283 492 ’Δγαπᾶτε
296 459 343 486 τὸν
362 460 430 488 Θεὸν
453 461 484 494 ἐξ
504 462 654 500 ὁλοκλήρου
673 464 727 491 τῶν
743 466 829 501 τριῶν
851 467 933 495 δυνά-

137 512 223 538 μεων,
252 504 344 538 καθὼς
360 506 376 542 ἡ
391 506 486 542 ἐντολὴ
503 508 623 536 κελεύει.
648 510 786 544 ’Λγαπᾱτε
803 513 851 540 καὶ
869 513 933 540 ἐαυ-

134 550 202 582 τοὺς
219 551 257 582 ὡς
272 551 341 587 μέλη
353 553 485 587 Χριστοῦ.
515 554 563 581 Ἐν
575 556 670 588 τούτῳ
683 557 748 591 γὰρ,
767 559 846 594 φησὶ,
859 562 933 594 γνώ-

135 603 245 625 σονται
258 597 381 632 πάντες,
396 600 441 626 ὅτι
465 601 530 635 ἐμοὶ
543 604 675 637 μαθηται
690 605 773 637 ἐστε,
788 605 843 634 ἐὰν
858 606 933 641 ἀγά-

134 650 200 677 πην
224 644 311 679 ἔχετε
338 646 374 672 ἐν
388 646 549 681 ἀλλήλοις.
572 649 623 675 Διὰ
644 649 762 682 πίστεως
785 650 868 686 ἄγετε
887 652 933 680 τὸν

134 689 344 726 καθηγούμενον
370 692 466 728 ὑμῶν·
493 694 590 729 μηδεὶς
620 694 691 722 ἔστω
719 696 934 733 ἀνεξαγόρευτος

134 735 212 770 αὑτῷ
222 743 231 751 ”
247 737 262 763 6
277 737 332 773 γὰρ
344 738 466 771 τοιοῦτος
480 739 652 776 ὀφιοτρόφος.
671 742 774 777 Μηδεὶς
787 743 932 778 χλιαρὸπι-

134 789 216 813 στος
232 783 246 808 ό
262 783 318 819 γάρ
331 783 453 816 τοιοῦτος
471 786 604 822 ἀμέτοχος
618 787 668 822 τῆς
687 788 733 814 τοῦ
750 789 830 822 ἁγίου
844 789 931 816 Ilvati-

135 835 225 862 ματος
238 826 351 861 ζέσεως.
368 830 471 864 Μηδεὶς
505 833 719 868 κρυφιοκτήμων
729 842 735 848 ·
748 835 761 860 6
777 835 831 870 γὰρ
843 835 931 862 τοιοῦ-

989 239 1036 267 sed
1060 246 1112 274 pro
1135 241 1186 269 hac
1203 242 1256 270 ﬁde
1280 245 1431 274 certamina
1450 255 1540 282 usque
1562 248 1596 276 ad
1608 250 1780 285 sanguinem.

989 285 1012 313 si
1039 293 1084 314 res
1109 288 1211 323 exigat,
1235 296 1289 316 non
1314 291 1488 326 refugientes.
1518 294 1588 322 Hinc
1610 297 1734 325 exoritur
1754 303 1782 325 et

988 331 1079 359 lucida
1095 333 1161 366 vita,
1175 342 1207 361 ex
1225 335 1284 363 sole
1304 337 1344 364 sol
1359 347 1365 370 ;
1391 338 1508 367 alterum
1523 341 1658 376 siquidem
1667 342 1781 371 alterius

989 378 1119 407 indicium
1140 387 1200 408 esse
1217 381 1301 409 frater
1319 383 1426 412 Domini
1452 387 1641 420 comprobavit
1656 389 1690 417 “.
1712 389 1782 418 Dili-

987 425 1043 458 gite
1061 425 1145 453 Deum
1165 435 1198 455 ex
1219 429 1283 456 totis
1297 430 1385 458 tribus
1412 431 1586 461 facultatibus
1602 437 1781 470 quemadmo-

987 472 1052 499 dum
1078 474 1201 510 praecipit
1221 477 1380 505 mandatum
1397 478 1430 506 “.
1450 478 1560 515 Diligite
1576 486 1602 508 et
1634 489 1681 510 vos
1705 483 1780 518 ipsos

986 517 1063 545 velut
1081 519 1203 548 membra
1217 520 1329 550 Christi.
1353 523 1386 550 1η
1402 524 1451 551 hoc
1465 526 1545 558 enim,
1562 526 1610 559 ait,
1626 517 1779 563 cognoscent

986 572 1086 597 omnes,
1113 566 1176 600 quia
1204 567 1330 602 discipuli
1355 571 1407 597 mei
1435 573 1497 599 estis
1512 573 1535 599 si
1551 573 1721 603 dilectionem
1731 577 1779 603 Im-

986 610 1095 638 bueritis
1117 613 1152 638 ad
1183 614 1294 640 invicem
1312 616 1342 640 η.
1367 615 1459 644 Fidem
1480 619 1580 647 habete
1600 621 1751 655 preposito
1770 631 1777 650 :

986 663 1068 683 nemo
1092 657 1129 685 sit
1144 659 1190 693 qui
1217 667 1247 686 se
1261 660 1300 687 illi
1327 668 1381 688 non
1412 664 1539 698 aperiat:
1556 666 1601 700 qui
1618 667 1693 694 enim
1716 668 1778 695 talis

986 707 1028 730 est
1043 709 1198 738 serpentem
1209 707 1303 733 nutrit.
1318 706 1416 736 Nullus
1429 710 1545 744 tepidam
1567 711 1647 740 iidem
1662 712 1776 741 haheat:

985 749 1031 784 qui
1049 750 1121 778 enim
1139 752 1202 779 talis
1222 757 1273 785 est,
1285 753 1308 780 is
1331 753 1448 789 Spiritus
1463 758 1552 784 sancti
1571 757 1706 787 fervorem
1724 768 1776 787 non

984 796 1139 831 participat.
1161 797 1259 826 Nullus
1278 799 1348 827 clam
1377 801 1446 829 bona
1462 803 1603 837 possideat
1620 814 1627 832 :
1643 806 1690 841 qui
1704 807 1776 834 enim

985 840 1049 869 talis
1067 846 1120 873 est.
1134 843 1260 871 occultus
1279 849 1322 872 est
1343 845 1439 874 Judas.
1453 847 1550 876 Nullus
1565 840 1684 884 propriae
1696 855 1776 879 tenax

132 879 181 904 τος
199 871 418 911 Ἰουδοκλέπτης.
426 876 530 911 Μηδεὶς
541 877 710 914 ὶδιόγνωμος·
724 880 738 906 6
748 880 802 916 γὰρ
811 881 926 914 τοιοῦτος

1114 871 1118 873 μ
1285 871 1291 872 ,
1314 871 1319 872 ,
1345 871 1438 874 ,.,___.
1453 871 1550 876 _._.._-
1565 871 1684 884 ,,.ν,ι....,
1697 871 1776 879 ,νη-η

985 887 1127 915 sententia:
1142 888 1180 916 sit
1193 898 1200 916 :
1213 890 1259 924 qui
1273 891 1346 918 enim
1367 892 1429 919 talis
1442 899 1494 925 est,
1519 899 1597 922 extra
1611 897 1776 924 monachum

132 916 321 955 ὲξωμόναχος.
337 921 441 955 Μηδεὶς
455 923 690 959 παῤῥησιοποιός”
710 926 724 953 6
741 927 796 965 γὰρ
812 927 931 960 τοιοῦτος

133 963 338 1001 φθορεργάτης.
355 966 461 1003 Μηδεὶς
480 968 668 1005 κλεψιφάγοςι
693 973 707 999 6
729 963 785 1007 γὰρ
811 974 931 1006 τοιοῦτος

132 1009 303 1046 δουλόμοιος.
320 1013 424 1048 Μηδεὶς
437 1014 473 1041 ἐν
482 1015 590 1049 μηδενὶ
603 1016 708 1051 διδοὺς
727 1021 912 1055 προσκοπήν
922 1029 929 1037 ’

132 1055 186 1083 ἵνα
199 1056 245 1091 μὴ
255 1058 382 1093 μωμηθῇ
396 1059 415 1094 ἡ
432 1059 588 1095 διακονία,
609 1062 647 1095 ὡς
661 1063 711 1099 βοᾷ
727 1065 740 1091 6
759 1065 929 1098 ¹Απόστολος”

132 1102 208 1129 ἀλλ’
222 1102 258 1129 ἐν
274 1104 366 1130 παντὶ
397 1106 555 1134 συνιστῶν
571 1107 682 1136 ἑαυτὸν
696 1110 735 1144 ὡς
750 1111 824 1138 Θεοῦ
835 1111 932 1139 διάκο-

129 1156 200 1180 νον,
212 1148 249 1175 ἐν
262 1150 402 1186 ὑπομονῇ
416 1152 519 1187 πολλῇ
531 1157 541 1186 ,“
553 1154 589 1181 ὲν
603 1156 755 1190 θλίψεσιν,
776 1157 811 1184 ἐν
824 1166 930 1186 στενο-

133 1195 272 1229 χωρίαις,
289 1197 337 1222 καὶ
353 1198 410 1229 τοῖς
427 1198 542 1232 λοιποῖς,
556 1197 597 1232 οἷς
610 1201 692 1234 αὐτὸς
704 1203 928 1239 ἀπηριθμήσατο,

130 1239 310 1275 καταρτίζων
330 1242 377 1269 τὸν
394 1242 521 1279 ἀληθινὸν
543 1246 718 1284 Χριστιανόν.
733 1249 765 1275 Εἰ
788 1249 818 1276 δὲ
837 1251 852 1276 6
878 1251 930 1277 ὐπ-

129 1286 217 1321 ἡκοος
239 1286 327 1320 οὓτως
338 1296 345 1303 ·
369 1289 396 1315 τί
409 1291 456 1317 καὶ
469 1291 553 1319 πόσον
574 1294 717 1322 ἀπαιτοῖτο
729 1296 743 1322 6
756 1296 929 1334 καθηγούμε-

129 1339 189 1365 νος,
204 1332 290 1365 τύπος
306 1334 408 1369 ἀγαθὸς
421 1333 458 1362 ὧν
478 1336 600 1365 διδάσκει
615 1339 731 1374 ὀφείλων
749 1344 928 1378 προκεῖσθαι,

127 1378 230 1412 Μέγας
248 1379 263 1405 6
276 1379 368 1414 ἀγών·
392 1381 461 1408 ἀλλὰ
482 1383 528 1410 καὶ
551 1385 565 1410 6
590 1385 684 1420 μισθὸς
700 1386 927 1423 ἀπειροπλὰςιος,

129 1421 261 1460 βασιλεία
274 1425 409 1460 οὐρανῶν,
424 1424 458 1463 ἧς
473 1427 656 1465 ἀξιωθείημεν
668 1431 716 1457 καὶ
731 1421 861 1468 ἄρχοντες
882 1438 928 1462 καὶ

128 1469 294 1504 ἀρχόμενοι,
319 1471 400 1504 θείως
414 1474 584 1508 βιοτεύοντες
608 1477 636 1502 ὲν
653 1476 764 1513 Χριστῷ
783 1479 870 1514 Ἰησοῦ
889 1481 928 1515 τῷ

127 1515 229 1552 Κυρίῳ
244 1515 372 1555 iusdiva
386 1519 403 1555 ή
417 1519 481 1553 δόξα
500 1521 589 1548 καὶτὸ
603 1522 705 1557 κράτος
720 1524 768 1551 σὺν
783 1525 822 1561 τῷ
838 1527 927 1562 Ila-rp).
940 1543 962 1571 υ

982 935 1035 958 est.
1048 931 1157 961 Nullius
1172 941 1264 961 sermo
1276 935 1313 963 sit
1330 936 1455 964 licentior
1471 947 1479 970 ;
1498 939 1544 973 qui
1561 940 1634 967 enim
1652 941 1713 969 talis
1723 947 1775 974 est,

983 977 1133 1012 perniciem
1156 984 1296 1014 operatur.
1318 981 1415 1010 Nullus
1437 984 1530 1012 furtim
1560 987 1686 1014 comedat
1705 995 1713 1020 ;
1729 989 1776 1023 qui

981 1023 1054 1051 enim
1072 1024 1134 1052 talis
1155 1029 1208 1058 est,
1226 1033 1335 1055 servum
1362 1028 1495 1057 imitatur.
1518 1029 1616 1059 Nullus
1629 1032 1658 1059 in
1677 1033 1735 1060 ulla
1748 1041 1777 1062 re

981 1068 1024 1096 det
1036 1069 1205 1104 oﬂeitsioncm
1218 1092 1225 1104 ,
1254 1076 1284 1099 ut
1316 1066 1375 1101 non‘
1394 1075 1557 1111 vituperetur
1573 1078 1751 1106 ministerium
1767 1100 1775 1111 ,

981 1114 1054 1142 sicut
1081 1116 1182 1144 clamat
1207 1119 1382 1154 Apostolus;
1409 1122 1454 1148 sed
1471 1122 1499 1149 in
1512 1124 1632 1151 omnibus
1654 1125 1776 1153 exhibeat

981 1161 1096 1196 seipsum
1108 1164 1177 1191 sicut
1191 1163 1241 1192 Dei
1256 1166 1418 1199 ministrum,
1435 1169 1462 1194 iu
1484 1171 1568 1197 multa
1595 1172 1736 1207 patientia,
1747 1174 1775 1201 in

982 1207 1210 1245 tribulationibus,
1239 1212 1268 1239 in
1296 1215 1427 1248 angustiis
1447 1216 1478 1248 “,
1500 1221 1528 1244 et
1554 1218 1677 1254 reliquis,
1712 1227 1775 1255 quin

981 1253 1053 1282 idem
1069 1261 1204 1291 recenset,
1219 1259 1365 1293 periicicns
1377 1270 1470 1289 verum
1482 1263 1682 1293 Christianum.
1696 1266 1774 1300 Quod

980 1300 1003 1328 si
1023 1301 1080 1329 haec
1099 1310 1115 1329 a
1131 1304 1242 1332 subdito
1255 1326 1262 1338 ,
1288 1307 1387 1341 ecquid
1413 1314 1440 1336 et
1462 1317 1595 1345 quantum
1618 1314 1774 1349 requiratur

980 1354 996 1374 a
1024 1349 1182 1383 praposito,
1203 1352 1250 1385 qui
1275 1352 1309 1380 iis
1323 1361 1393 1388 quos
1404 1355 1492 1390 docet,
1515 1361 1644 1392 tanquam
1666 1361 1773 1396 egregia

980 1390 1068 1420 forma
1093 1395 1209 1428 proponi
1230 1395 1337 1424 debet?
1359 1399 1487 1435 Magnum
1503 1390 1641 1430 certamen
1660 1390 1774 1433 :sedvet

980 1445 1086 1466 merces
1103 1439 1219 1474 inﬁnita,
1242 1450 1356 1478 regnum
1374 1446 1509 1477 cmlorum
1525 1456 1533 1482 ;
1550 1457 1605 1484 quo
1622 1451 1728 1479 utinam
1745 1457 1773 1480 et

980 1484 1151 1518 praesideset
1178 1488 1279 1516 subditi
1304 1489 1449 1526 donemur,
1477 1493 1533 1521 Deo
1551 1496 1632 1530 digne
1647 1497 1772 1526 viventes

978 1529 1005 1556 in
1015 1529 1124 1559 Christo
1140 1531 1203 1560 .Icsu
1217 1533 1335 1563 Domino
1355 1543 1460 1571 nostro,
1475 1540 1520 1567 cui
1535 1529 1623 1576 gloria
1639 1547 1673 1570 οι·
1687 1543 1772 1579 impe-

128 1562 180 1594 ιςαὶ
201 1562 242 1598 τῷ
269 1563 341 1600 ἁγίῳ
360 1565 512 1601 Πνεύματι,
531 1567 578 1594 νῦν
599 1568 647 1595 καὶ
669 1569 724 1604 ἀεὶ,
742 1571 789 1597 καὶ
802 1572 842 1603 εἰς
864 1573 925 1606 τοὺς

128 1607 235 1625 uti“.--
251 1609 308 1625 ρει..
324 1610 432 1625 ..ιιιηηγιη
463 1612 550 1625 τιμε..

1323 1562 1329 1563 ,
1355 1562 1460 1571 me“,
1476 1562 1520 1567 ν-.
1535 1562 1623 1576 σω...
1639 1562 1667 1570 η.
1687 1562 1772 1579 ...Ψψ

981 1575 1053 1602 rium
1070 1585 1133 1604 cum
1157 1577 1237 1607 Patre
1252 1585 1280 1608 et
1293 1587 1390 1610 sancto
1405 1584 1508 1619 Spiritu
1527 1594 1601 1615 nunc
1615 1592 1643 1616 et
1652 1596 1774 1625 semper,

127 1607 235 1641 αἰῶνας
251 1609 308 1636 τῶν
324 1610 441 1638 αἰώνων.
463 1612 560 1648 Ἀμήν.

201 1665 278 1692 ΡΝΖ¹
294 1667 361 1703 (49).
375 1668 559 1703 -Ἀντωνίῳ
571 1670 612 1704 τῷ
628 1673 808 1712 Δυρῤαχίου.
821 1674 922 1712 [χμθ’.]

979 1625 1006 1648 et
1022 1622 1047 1648 in
1061 1624 1160 1652 saecula
1177 1627 1352 1657 steculorum.
1371 1630 1470 1658 Amen.

1116 1682 1216 1710 CLVII.
1232 1699 1268 1704 —
1283 1687 1398 1715 Antonio
1412 1687 1572 1724 Dyrrhachii
1588 1692 1633 1728 (‘).

689 1733 728 1759 De
742 1733 865 1766 baptismo
875 1735 918 1767 qui
936 1737 963 1762 tit
976 1744 1008 1763 ex
1023 1740 1183 1767 necessitate.

173 1779 239 1815 Ὀψὲ
256 1779 306 1816 μὲν
320 1780 368 1807 τοῦ
381 1782 492 1818 καιροῦ,
515 1784 591 1819 ὅμως
606 1785 648 1812 ὅτι
662 1787 852 1824 κατελάϐομεν
871 1790 923 1817 τῶι

127 1825 218 1853 πάλαι
232 1827 436 1862 γεγραμμένων
445 1829 590 1865 επιστολὴν
603 1831 699 1867 τιμίαν
710 1833 757 1860 τοῦ
772 1833 924 1868 ἀγιωτάτου

127 1871 212 1908 ἡμῶν
226 1872 346 1909 Πατρὶς,
360 1874 433 1901 πάνυ
446 1875 571 1912 ἥσθημεν
585 1877 609 1905 οἰ
625 1879 759 1905 ταπεινοί·
775 1880 854 1908 οὐδὲν
868 1881 924 1917 γὰρ

126 1919 219 1952 οὕτως
235 1921 340 1949 συνδεῖν
357 1920 428 1949 οἶδεν
452 1924 564 1960 ἀγάπην
578 1926 626 1953 καὶ
640 1926 854 1956 ἁδιασκέδαστον
870 1938 922 1964 φυ-

126 1965 241 1992 λάττειν
250 1985 258 1999 ,
272 1966 310 1998 ὼς
324 1967 515 2004 ἁντιδιδομένη
532 1970 664 2004 διάθεσις.
685 1973 768 2000 Ἀλλὰ
779 1974 806 2000 τί
819 1975 860 2002 ὅτι
873 1975 920 2002 οὔ·

125 2021 194 2044 τως,
208 2009 231 2039 ὦ
254 2012 383 2046 δέσποτα,
406 2012 474 2050 ἦρες
491 2017 529 2052 τῷ
554 2018 766 2056 ἐγκωμιαστικῷ
782 2020 854 2057 λόγῳ
872 2023 921 2058 τῆς

124 2059 285 2094 πολυσόφου
309 2069 356 2087 σου
384 2061 528 2099 γλώττης,
543 2064 577 2092 τὰ
594 2065 656 2092 καθ’
678 2066 754 2101 ἡμᾶς
777 2068 841 2100 τοὺς
858 2069 920 2104 μηδ’

122 2103 219 2131 ὁτιοῦν
233 2105 335 2139 ἀγαθὸν
355 2105 486 2142 ἔχοντας;
507 2109 541 2135 "H
568 2109 678 2151 πάντως
692 2112 709 2147 ἡ
724 2112 821 2148 ἀγάπη
836 2114 921 2147 αίτία,

124 2149 285 2178 κλέπτουσα
299 2151 324 2177 τ’
347 2152 435 2188 ἀληθῆ
448 2173 456 2185 ,
471 2155 519 2181 καὶ
534 2155 569 2182 τὰ
648 2156 714 2183 ὂντα
729 2158 767 2190 ὡς
782 2159 847 2186 ὄντα
866 2161 923 2192 τοῖς

123 2195 303 2232 φιλουμένοις
330 2199 513 2234 άνάπτουσα;
540 2201 614 2237 Πλὴν
639 2203 680 2230 ὅτι
706 2205 736 2231 ἐν
759 2204 846 2241 τούτῳ
873 2206 920 2232 καὶ
938 2218 958 2246 ι)

121 2242 209 2277 ἡμεῖς
226 2243 324 2278 ἔχομεν
340 2245 580 2283 (εῖρήσεταιγὰρ),
595 2249 619 2274 εί
637 2249 675 2284 μὴ
690 2250 874 2286 άπατώμεθα.
890 2253 920 2279 τὸ

121 2289 257 2324 στέργειν
277 2291 324 2318 καὶ
347 2293 460 2329 ἀγαπᾷν
473 2293 539 2325 τοὺς
561 2295 692 2329 ἀδελφοὺς
711 2298 759 2323 καὶ
782 2297 919 2334 Πατέρας,

120 2336 174 2362 καί
185 2344 218 2370 γε
233 2337 295 2369 τοὺς
319 2335 376 2370 οἷος
400 2340 433 2366 σὺ
457 2337 499 2373 εἴ,
515 2341 602 2368 ἕλκων
625 2343 657 2379 τῇ
683 2344 847 2380 χρηστότητι
864 2346 918 2374 τῶν

120 2381 238 2415 ἀγαθῶν
263 2383 373 2418 τρόπων
401 2385 470 2420 πρὸς
493 2386 588 2420 φιλίαν
608 2389 656 2414 καὶ
678 2389 724 2415 τὸν
747 2389 919 2425 ἠγριωμένον

119 2427 197 2463 non.
214 2429 309 2456 Ταῦτα
325 2430 375 2465 μὲν
393 2428 441 2459 οὖν
455 2433 522 2468 παρ’
535 2433 701 2470 ἀμφοτέρων
714 2435 792 2470 ἡμῶν
809 2438 842 2472 τῇ
856 2437 918 2474 ἱερᾷ

120 2482 172 2501 σου
199 2477 307 2512 κορυφῇ
333 2476 448 2513 βραχέσι
472 2478 618 2512 συλλαὸαῖς
642 2481 840 2519 ἀμειψαμένων
867 2485 916 2519 τὴν

118 2520 290 2556 πολύπιχον
314 2523 363 2549 καὶ
395 2523 545 2551 πολύολϐον
569 2518 724 2562 ἐπιστολήν.
743 2529 777 2554 Ἀ
797 2529 824 2556 δὲ
848 2530 916 2565 πρὸς

117 2566 203 2600 ἡμῶν
219 2568 260 2599 είς
275 2567 426 2603 ἀπολογίαν
439 2570 490 2604 τῆς
505 2571 571 2606 περὶ
588 2571 634 2598 τὸν
650 2572 764 2608 ἀδελφὺν
784 2575 919 2610 Ἔραστον

117 2613 292 2648 ἐγκλήσεως,
318 2615 347 2640 ὲν
375 2615 494 2648 τούτοις.
518 2617 626 2652 Ἡμεῖς,
655 2619 795 2654 ἱερώτατε,
818 2622 842 2648 εί
871 2623 919 2649 καὶ

115 2658 209 2690 ἄλλως
224 2659 344 2691 εὐτελεῖς
369 2661 465 2696 ἐσμεν,
492 2662 524 2689 οὺ
551 2663 606 2699 μὴν
631 2663 720 2697 οὕτως
742 2665 877 2700 ἀμαθεῖς,
899 2668 916 2703 ῆ

157 2726 179 2743 ⁸³
194 2727 255 2756 Jac.
274 2736 305 2761 ιι,
322 2728 366 2757 18.
406 2729 429 2746 ’⁸
443 2729 537 2762 Matth.
565 2739 622 2761 xm
647 2733 692 2764 27.
733 2734 754 2750 "
768 2733 847 2763 Joan.
861 2743 910 2770 xu,
929 2737 973 2765 55.

1016 1792 1083 1821 Sero
1104 1796 1226 1830 quidem,
1250 1799 1315 1834 quia
1330 1804 1420 1829 tamen
1443 1803 1547 1832 dudum
1559 1806 1690 1842 scriptam
1706 1813 1770 1837 san-

978 1839 1095 1868 ctissimi
1115 1841 1205 1871 Patris
1227 1846 1315 1874 nostri
1340 1848 1483 1883 epistolam
1508 1839 1676 1888 accepimus,
1691 1855 1770 1884 valde

978 1894 1028 1915 nos
1043 1888 1159 1917 humiles
1174 1892 1259 1926 gavisi
1294 1901 1400 1922 sumus.
1422 1895 1496 1924 Nihil
1508 1898 1581 1926 enim
1595 1900 1664 1928 adeo
1676 1901 1770 1930 chari-

978 1936 1060 1960 tatetn
1075 1935 1212 1971 colligare,
1229 1938 1504 1978 indissolubilemque
1518 1952 1629 1974 servare
1640 1947 1721 1981 solet.
1735 1956 1768 1977 ac
1796 1967 1798 1974 ι

975 1978 1115 2014 reciproca
1127 1985 1355 2014 communicatio.
1370 1987 1424 2015 Sed
1438 1990 1505 2024 quid
1519 1990 1559 2019 ita
1569 2000 1633 2027 nos,
1644 1993 1767 2028 domine.

975 2025 1021 2059 qui
1032 2027 1146 2055 omnino
1161 2029 1228 2057 nihil
1241 2030 1306 2059 boni
1318 2032 1463 2069 habemus,
1474 2025 1680 2069 encomiasticis
1693 2043 1768 2077 pet-i-

975 2071 1087 2100 tissimee
1101 2074 1201 2110 linguae
1218 2081 1271 2104 tua:
1292 2080 1383 2108 verbis
1405 2083 1551 2111 extulisti?
1567 2085 1608 2113 An
1628 2071 1768 2118 causaest

975 2125 1090 2152 prorsus
1120 2121 1251 2157 charilas,
1282 2132 1345 2153 vera
1367 2128 1554 2164 supprimens,
1578 2137 1605 2160 ct
1625 2141 1685 2168 quae
1709 2143 1766 2163 nou

974 2168 1051 2197 sunt,
1075 2172 1108 2194 ac
1130 2166 1153 2194 si
1176 2173 1278 2203 essent,
1303 2171 1400 2200 amicis
1429 2173 1588 2210 adaptatis?
1606 2166 1666 2206 Nisi
1691 2182 1765 2216 quod

976 2209 1108 2239 habemus
1134 2220 1161 2241 et
1176 2222 1227 2242 nos
1243 2217 1315 2244 istud
1332 2224 1406 2247 certe
1424 2209 1593 2255 (dicendum
1609 2230 1652 2253 est
1666 2209 1763 2264 enim)

970 2256 1055 2290 quod,
1072 2258 1094 2285 si
1122 2267 1178 2288 non
1201 2262 1330 2297 t‘allitnur,
1353 2265 1449 2294 fratres
1470 2273 1613 2304 patresque
1639 2256 1764 2303 amamus

969 2306 997 2329 ct
1023 2303 1173 2340 diligimus,
1202 2315 1250 2336 eos
1276 2312 1428 2344 prtesertiiu
1455 2315 1501 2349 qui
1517 2303 1622 2345 similes
1635 2324 1700 2347 sunt
1714 2322 1763 2354 tui,

970 2349 1015 2383 qui
1044 2352 1151 2387 egregia
1178 2361 1286 2383 merum
1312 2358 1448 2392 probitate
1474 2361 1500 2388 in
1527 2370 1648 2392 amorem
1670 2366 1764 2396 trahas

972 2395 1054 2423 etiam
1080 2400 1196 2432 agrestis
1222 2401 1324 2438 ingenii
1358 2404 1508 2435 hominem.
1535 2409 1624 2445 Atque
1646 2412 1703 2440 haec
1730 2414 1764 2442 de

973 2446 1090 2477 utroque
1102 2451 1240 2479 nostrum,
1257 2456 1338 2477 sacro
1355 2452 1448 2480 vertici
1472 2458 1519 2481 tuo
1534 2463 1632 2489 pauca,
1648 2457 1681 2485 ad
1697 2466 1762 2494 pro-

971 2486 1055 2515 lixam
1068 2493 1095 2515 et
1116 2490 1278 2526 locupletem
1295 2496 1438 2532 epistolam
1460 2499 1577 2529 breviter
1593 2486 1763 2538 responden-

971 2538 1020 2560 tes.
1046 2534 1112 2568 Quae
1139 2544 1203 2566 vero
1228 2540 1261 2568 ad
1281 2541 1375 2571 fratris
1389 2544 1488 2579 Erasti,
1517 2555 1599 2582 quem
1619 2556 1761 2585 accusant,

969 2578 1157 2610 defensionem
1182 2584 1328 2618 habemus.
1354 2589 1411 2618 haec
1430 2595 1505 2619 sunt.
1530 2592 1596 2628 Nos,
1611 2595 1654 2622 vir
1668 2604 1764 2625 sacra—

970 2624 1085 2658 tissime.
1106 2630 1158 2656 etsi
1188 2631 1255 2660 viles
1274 2634 1375 2669 alioqui
1392 2644 1497 2671 sumus,
1513 2646 1569 2666 non
1588 2645 1678 2669 tamen
1692 2642 1761 2670 adeo

969 2671 1098 2707 imperiti,
1115 2681 1162 2703 aut
1186 2678 1340 2709 divinarum
1371 2683 1598 2716 constitutionum
1637 2692 1761 2716 contem-

1015 2741 1036 2756 ”
1052 2742 1060 2767 1
1077 2742 1140 2770 Cor.
1157 2753 1194 2778 vt,
1211 2746 1237 2777 5,
1256 2748 1281 2774 4.

878 2795 992 2826 NOTAE.

157 2844 213 2881 (i9)
230 2844 260 2875 In
273 2845 335 2874 cod.
358 2846 424 2884 Reg.
442 2849 500 2883 ρώῆ

989 2855 1024 2891 (⁸)
1041 2856 1205 2895 Dogmatica'
