1912 3080
150 132 216 166 1491

746 134 775 164 S.
795 133 992 164 THEODORI
1014 133 1186 165 STUDITAE

1721 137 1787 169 1492

147 195 251 224 plores,
280 191 310 215 ut
336 187 472 223 discipulo
503 192 612 222 nostro,
645 193 723 216 extra
756 189 941 215 sacerdotium

1006 188 1048 214 τῶν
1064 189 1144 215 οεῑων
1158 188 1296 222 ὁιαταγῶν
1320 190 1525 225 καταφρονηταὶ
1542 211 1548 222 ,
1564 190 1603 221 ὡς
1617 190 1786 219 ἐντείλασθαι

147 233 307 264 constituto.
339 233 549 269 praeciperemus
572 239 604 261 ut
618 242 679 269 quae
702 234 856 262 sacerdotis
870 239 945 267 sunt,

149 280 258 315 aggredi
271 280 396 312 auderet,
407 288 440 308 ac
452 281 566 316 proinde
581 282 709 315 parvulos
721 281 870 316 baptizare.
884 280 947 308 Haec

149 327 222 353 enim
233 331 276 354 est
291 328 443 355 accusatio.
466 327 545 360 Quod
571 327 594 355 si
620 328 796 355 necessitatis
827 329 896 355 ratio
919 327 946 355 id

149 372 275 408 exigebat
295 373 329 400 iis
355 373 465 406 diebus,
485 374 514 401 in
539 374 642 408 quibus
676 375 789 402 haeresis
813 375 946 409 populum

150 419 284 446 seducuns
309 419 489 454 grassabatur
511 428 519 452 ;
546 420 721 454 maximeque
751 421 778 447 in
801 421 947 455 praeteritis

151 465 411 500 tleprzedationibus,
427 467 537 500 quando
550 467 575 494 ei
591 467 638 501 qui
663 467 714 494 sibi
731 472 840 494 cautum
857 468 945 499 vellet,

150 518 203 539 nec
217 516 294 538 extra
311 511 488 539 domunculae
514 513 633 540 latebras
651 513 810 548 prospicere
824 513 924 541 licebat
938 521 946 547 ;

152 564 207 584 non
224 564 348 592 possum,
364 565 414 592 pro
437 558 536 593 exigua
560 565 620 585 mea
648 559 839 594 intelligentia,
859 566 949 594 neque

153 603 226 630 hunc
243 603 421 636 monachum,
438 611 526 639 neque
539 604 623 631 alium
646 605 779 632 damnare
796 614 803 638 ;
821 606 947 640 quatido-

153 649 264 684 quidem
278 657 313 678 ex
339 650 514 683 necessitate,
536 650 604 686 legis
633 659 744 686 quoque
768 652 895 679 mutatio.
915 653 950 679 Et

153 695 264 729 quidem
287 695 386 730 priscis
413 696 583 730 temporibus
608 697 672 724 talia
698 697 767 724 facta
783 697 921 725 cernimus
940 706 948 731 ;

154 747 236 777 atque
252 741 326 769 hunc
340 749 423 769 arena
447 742 548 774 infusa.
568 742 594 769 in
607 743 727 774 deserto,
742 751 777 770 eo
790 744 862 778 quod
876 751 950 771 mors

155 787 280 818 instaret,
300 787 454 822 baptizasse
469 793 496 815 et
525 788 692 823 baptizatum
709 796 779 820 esse.
810 794 837 816 et
865 789 949 816 alium

155 834 234 861 aliter
251 842 259 861 :
274 841 325 861 nec
339 842 404 861 vero
420 834 617 869 perfectionem
640 840 714 862 tuam
730 835 823 868 latent,
840 843 902 870 qua:
916 835 949 862 ad

156 883 282 906 sanctum
311 865 434 914 spectaui.
466 880 660 907 Athanasium.
689 881 815 908 Attamen
837 865 951 916 puerilis
968 865 989 892 Β

156 925 229 952 actio
252 932 268 952 a
292 925 450 953 beatissimo
464 925 625 956 Alexandro
654 931 813 960 conspecta,
842 931 951 961 recepta

156 975 199 998 est
212 976 342 1007 tanquam
358 971 490 999 divinitus
504 972 573 1000 facta
589 981 596 999 :
615 976 643 999 et
663 974 709 1006 qui
724 973 852 1006 initiavit,
874 973 952 1001 habi-

159 1023 203 1044 tus
217 1025 266 1053 pro
278 1018 420 1045 sacerdote
435 1026 443 1051 ;
458 1022 486 1045 et
500 1018 547 1053 qui
560 1018 693 1050 initiatus,
718 1027 765 1053 pro
781 1024 951 1054 regenerato,

157 1071 316 1099 quanquam
331 1064 403 1091 nulla
422 1070 486 1092 tunc
506 1069 566 1092 erat
590 1066 751 1092 necessitas.
772 1064 824 1092 Sed
836 1071 863 1093 et
875 1071 952 1094 sexta

158 1111 280 1145 synodus
296 1110 323 1136 in
343 1110 445 1137 divinis
460 1110 613 1138 canonibus
625 1111 759 1146 permittit
774 1111 806 1142 ".
823 1116 853 1139 ut
867 1111 953 1139 laicus

158 1165 191 1184 ex
205 1158 382 1188 necessitate,
399 1157 422 1184 si
442 1164 496 1184 non
511 1157 583 1185 adsit
596 1158 736 1190 sacerdos,
756 1158 808 1185 sibi
825 1159 875 1192 ipsi
890 1167 953 1194 por-

158 1204 228 1238 rigat
253 1209 423 1231 sacramenta
441 1211 448 1230 :
469 1203 543 1238 quod
577 1204 686 1239 quidem
715 1205 784 1232 citra
805 1210 952 1241 urgentem

158 1250 293 1277 rationem
309 1257 363 1277 non
381 1254 423 1277 est
438 1250 636 1285 recipiendum.

194 1296 285 1330 Quare
307 1296 336 1323 si
361 1296 412 1323 hoc
437 1298 518 1324 modo
542 1305 586 1324 res
607 1302 682 1332 gesta
698 1302 738 1325 est
755 1306 763 1330 ;
781 1298 901 1334 ignosce,
913 1299 955 1326 vir

160 1342 388 1374 honoratissimo,
414 1351 469 1370 non
495 1344 630 1370 audemus
653 1350 748 1378 praeter
762 1351 793 1371 ea
809 1352 871 1380 qua:
886 1345 955 1372 divi-

160 1393 235 1416 nitus
251 1395 265 1415 a
284 1388 411 1416 Patribus
432 1393 582 1416 intulisti-ala
604 1394 679 1423 sum,
698 1390 788 1418 dicere
804 1391 953 1426 quidquam

159 1438 209 1460 aut
232 1433 442 1468 reprehendere.
466 1433 636 1469 Comprobat
657 1440 748 1462 autem
779 1436 889 1464 fratrem
914 1438 955 1465 sic

159 1479 269 1512 fecisse,
296 1481 378 1516 idque
403 1488 505 1516 magno
527 1489 588 1508 cum
603 1480 687 1508 animi
705 1490 817 1517 angore,
835 1485 953 1518 primum

999 234 1109 270 μαθητῇ
1133 235 1212 270 ἡμῶν
1229 235 1281 267 ἔξω
1300 236 1450 271 ἱερωσύνης
1464 236 1599 271 τελοῦντι,
1614 238 1788 274 κατατολμᾷν

998 282 1134 316 ἐγχειρεῖν
1150 281 1185 308 τὰ
1206 282 1254 316 τῆς
1280 281 1447 326 ἱερωσύνης,
1474 283 1624 310 κάντεῦθεν
1647 284 1788 320 βαπτίζειν

997 327 1093 353 παιδία
1103 335 1110 342 ο
1124 328 1203 354 τοῦτο
1217 327 1324 363 γὰρ’τδ
1339 327 1474 364 ἔγκλημα.
1492 329 1523 356 El
1537 329 1566 356 δὲ
1580 331 1594 356 ὁ
1611 329 1689 364 λόγος
1704 330 1789 364 ἀνάγ-

999 382 1050 409 κης
1072 375 1213 410 ἀπῄτησεν
1234 375 1263 402 ἐν
1282 374 1397 407 ταύταις
1413 377 1474 407 ταῖς
1496 372 1628 411 ἡμέραις,
1647 377 1676 402 ὲν
1690 373 1733 408 αἷς
1746 377 1790 403 αῖ-

1000 429 1075 456 ρεσις
1090 421 1251 453 λαοπλάνος,
1266 421 1312 448 καὶ
1334 422 1454 456 μάλιστα.
1470 423 1500 449 ἐν
1515 424 1575 454 ταῖς
1590 423 1790 458 προ).α6ούσαις

998 467 1169 502 λεηλασίαις,
1185 468 1229 502 ἐφ’
1247 466 1292 499 αἷς
1313 468 1373 494 οὐδὲ
1389 468 1560 503 προκύπτειν
1575 467 1610 504 ἦν
1625 469 1672 496 τὸν
1688 469 1791 504 φυλατ-

998 511 1114 546 τόμενον
1126 511 1174 538 τοῦ
1198 512 1351 548 κρυ-πτικοῦ
1366 513 1505 547 δωματίου
1518 521 1525 529 ο
1542 513 1592 540 οὐκ
1606 513 1660 549 ἔχω
1674 514 1792 548 ἀποκρί-

999 566 1067 590 νειν,
1091 559 1163 586 κατὰ
1179 559 1229 593 τὴν
1246 559 1362 586 ἐνοῦσάν
1381 567 1427 594 μοι
1446 559 1577 594 βραχεῖαν
1591 559 1710 593 σύνεσιν,
1728 560 1792 587 οὔτε

1000 605 1075 632 τόνδε
1097 605 1143 632 τὸν
1170 604 1341 640 μονάζοντα,
1365 604 1422 632 οὔτ’
1448 605 1483 632 αὖ
1505 605 1618 641 ἕτερον·
1643 605 1738 642 ἐπειδὴ
1763 605 1794 639 ἐξ

1000 651 1124 686 ἀνάγκης
1142 651 1190 678 καὶ
1206 651 1290 686 νόμου
1305 651 1461 686 μετάθεσις.
1472 651 1560 686 Καίγε
1576 652 1685 688 ὁρῶμεν
1697 653 1726 678 ὲν
1736 654 1794 684 τοῖς

1001 698 1086 725 πάλαι
1099 698 1207 733 χρόνοις
1223 697 1336 724 τοιαῦτα
1350 699 1516 732 γιγνόμενα·
1528 699 1576 725 καὶ
1589 698 1618 725 ὃν
1632 699 1683 733 μὲν
1698 699 1794 733 ἀμμώ-

1001 743 1041 770 δει
1064 743 1192 779 ὲπιχύσει
1209 743 1270 771 κατ’
1291 744 1421 780 ἐρημίαν,
1440 744 1534 780 ἐπειδὴ
1553 744 1670 776 θάνατος
1690 745 1792 780 παρῆν,

1003 790 1175 826 βαπτίσαντα
1191 790 1238 817 καὶ
1253 790 1447 826 βαπτισθέντα,
1465 791 1512 817 καὶ
1528 791 1607 818 ἄλλον
1621 790 1723 822 ἄλλων
1744 791 1795 818 οὐκ

1002 838 1055 871 ἔξω
1066 837 1094 864 δὲ
1106 837 1236 872 γνώσεως
1249 839 1283 874 τῇ
1294 837 1446 872 τελειότητι
1464 847 1512 865 σου
1525 838 1560 865 τὰ
1573 837 1644 865 κατὰ
1655 838 1701 865 τὸν
1715 839 1794 872 ἆγιον

1010 884 1181 912 Ἀθανάσιον.
1191 884 1286 920 Ὅμως
1300 885 1318 920 ὴ
1337 884 1451 920 παιδικὴ
1468 885 1568 920 πρᾶξις
1583 885 1713 922 όραθεῖσα
1725 885 1795 920 πρὸς

1003 932 1050 958 τοῦ
1065 933 1277 967 μακαριωτάτου
1293 932 1482 968 Ἀλεξάνδρου,
1501 932 1631 968 ὲνεκρίθη
1654 933 1691 964 ὠς
1709 932 1797 959 θεοτε-

1003 978 1053 1014 λὴς
1065 999 1073 1012 ,
1098 979 1146 1006 καὶ
1164 979 1293 1014 ἐλογίσθη
1308 979 1323 1006 ὁ
1338 979 1450 1010 τελέσας
1472 979 1510 1011 ὼς
1525 979 1617 1013 ἱερεὺς
1629 999 1637 1010 ,
1659 978 1708 1005 καὶ
1722 979 1737 1005 ὁ
1749 987 1796 1005 τε-

1003 1024 1118 1056 λειώσας
1131 1024 1169 1055 ὡς
1184 1024 1381 1060 ἀναγεννηθείς
1392 1032 1399 1040 ·
1415 1024 1518 1059 καίπερ
1533 1025 1584 1051 οὐκ
1599 1024 1628 1057 ἐξ
1645 1025 1768 1059 ἀνάγκης
1782 1026 1799 1051 ἁ

1004 1070 1109 1106 καιρός.
1138 1070 1303 1104 Παραχωρεί
1319 1069 1347 1095 δὲ
1371 1070 1419 1096 καὶ
1440 1070 1459 1105 ὴ
1480 1069 1548 1105 ἒκτη
1572 1069 1680 1103 σύνοδος
1695 1071 1725 1096 ὲν
1738 1071 1797 1102 τοῖς

1004 1116 1088 1148 θείοις
1100 1116 1221 1148 κανόσιν,
1235 1117 1259 1142 εἰ
1271 1116 1308 1151 μὴ
1321 1117 1455 1152 πάρεστιν
1466 1116 1624 1152 ίερωμένος,
1636 1116 1798 1153 ἐξάνάγκης

1003 1162 1098 1189 λαῖκὺν
1113 1161 1203 1196 ἐαυτῷ
1217 1160 1380 1197 μεταδοῦναι
1395 1162 1449 1188 τῶν
1466 1163 1662 1198 ἀγιασμὸιτων⁹
1677 1164 1747 1199 ὅπερ
1765 1164 1798 1191 οὐ

1005 1209 1125 1244 θεμιτὸν,
1142 1208 1206 1235 ἄνευ
1224 1208 1419 1244 περιστατιχοῦ
1437 1209 1530 1242 λόγου.

1042 1297 1135 1328 Οὕτως
1149 1296 1196 1324 οὖν
1212 1298 1237 1324 εἰ
1252 1297 1377 1331 γέγονεν,
1393 1298 1485 1333 ἡμεῖς,
1499 1297 1648 1332 σύγγνωθι,
1663 1298 1799 1334 πάντιμε,

1005 1344 1037 1371 οὐ
1051 1343 1198 1379 τολμῶμεν
1221 1344 1297 1379 παρὰ
1317 1345 1351 1371 τὰ
1367 1344 1486 1376 θειωδῶς
1509 1346 1566 1376 τοῖς
1590 1346 1730 1381 Πατράσιν
1749 1346 1800 1372 ἐκ·

1006 1390 1171 1426 πεψασμένα
1185 1390 1274 1417 εἰπεῖν
1287 1399 1314 1417 τι
1327 1391 1343 1425 ἣ
1361 1391 1535 1426 ἐπιτιμῆσαι.
1552 1391 1700 1425 Συνίστησι
1711 1391 1740 1417 δὲ
1753 1392 1801 1418 τὸν

1006 1436 1123 1470 ἀδελφὺν
1145 1436 1218 1474 οὕτω
1229 1436 1384 1471 πράξαντα,
1404 1436 1452 1463 καὶ
1466 1436 1537 1471 μετὰ
1552 1436 1653 1471 πολλῆς
1666 1437 1800 1470 ἀγωνίας,

1007 1482 1117 1518 πρῶτον
1140 1483 1190 1517 μὲν
1215 1482 1296 1514 αὐτὸς
1317 1483 1332 1509 ὸ
1350 1483 1520 1516 ἀναγκάσας,
1538 1484 1587 1510 καὶ
1601 1483 1675 1509 ἐστιν
1696 1485 1709 1510 ὁ
1728 1484 1802 1519 ἀνὴρ

159 1527 270 1562 quidem
286 1527 345 1562 ipse
361 1528 406 1562 qui
423 1528 523 1563 coegit,
540 1529 581 1555 vir
593 1528 664 1556 inter
677 1530 797 1564 insignes
813 1531 913 1566 pietate
926 1539 953 1560 at

1009 1528 1064 1555 τῶν
1077 1528 1135 1554 λίαν
1150 1528 1197 1554 καὶ
1210 1527 1331 1555 εὐσεϐῶν
1349 1529 1396 1554 καὶ
1409 1528 1565 1564 ἐμφρόνων,
1583 1528 1662 1562 καίγε
1679 1536 1802 1564 περιφα-

161 1571 317 1608 prudentia,
333 1577 416 1608 atque
431 1574 504 1601 inter
523 1574 654 1607 illustres,
686 1575 807 1602 Thomas
820 1577 955 1604 consulet

159 1619 344 1647 cliartularius
363 1628 369 1647 :
398 1619 496 1648 deinde
511 1619 631 1648 Jacobus
656 1622 879 1656 religiosissimus
894 1630 954 1650 mo-

160 1666 275 1698 uachus,
297 1666 341 1693 cui
361 1673 425 1701 pars
445 1666 518 1694 nulla
542 1674 605 1694 cum
626 1667 723 1695 hmrcs:
741 1677 748 1694 :
766 1673 822 1694 tum
850 1668 954 1704 Euthy-

161 1711 244 1743 mius,
260 1713 430 1739 venerandus
448 1712 516 1739 alter
528 1713 681 1740 monachus
693 1718 720 1740 ct
736 1715 954 1748 persecutionem

160 1765 268 1793 passus.
288 1758 320 1785 In
334 1759 436 1785 duobus
451 1759 490 1786 vel
512 1759 597 1786 (ribus
620 1760 727 1787 testibus
751 1761 844 1792 stabit,
857 1761 955 1796 inquit,

161 1813 237 1832 omne
252 1805 357 1832 verbum
373 1805 404 1832 ιθ.
420 1805 478 1838 Ais,
500 1805 619 1838 domine,
633 1813 687 1833 non
704 1806 740 1833 ita
758 1815 815 1834 rem
834 1807 933 1834 habere
947 1815 954 1840 ;

161 1857 191 1878 tu
217 1851 328 1886 quidem
355 1852 485 1879 omnibus
509 1851 581 1878 haud
606 1851 689 1879 dubie
713 1852 856 1880 illustrior.
885 1852 956 1885 Quid

161 1897 245 1933 igitur
262 1897 372 1930 faciam,
389 1899 416 1924 in
436 1898 525 1925 medio
543 1903 679 1925 tantorum
698 1899 807 1925 testium
821 1900 956 1926 constitu-

161 1950 207 1972 tus
221 1944 234 1971 ‘l
248 1944 276 1972 Si
291 1944 327 1971 ita
352 1952 397 1971 res
413 1944 494 1971 habet
512 1949 540 1970 ut
553 1944 632 1976 dicis,
649 1949 730 1978 atque
743 1944 786 1972 ille
804 1945 957 1972 astantibus

161 1991 341 2027 presbyteris,
373 1991 532 2018 dominandi
561 1991 653 2018 studio
686 1992 868 2018 sacordotium
904 1992 957 2019 sibi

161 2039 336 2073 despondens
352 2038 406 2065 hoc
423 2038 487 2074 egit,
504 2046 644 2074 nunquam
659 2039 730 2073 apud
746 2047 795 2066 nos
817 2041 851 2067 ad
869 2039 957 2075 digni-

163 2091 246 2113 tatem
274 2085 421 2112 sacerdotii
442 2085 619 2119 provehetur,
637 2089 734 2120 prwter
754 2086 822 2113 alias
850 2094 956 2121 positas.

137 2141 139 2143 ί
163 2133 221 2160 Hoc
235 2132 308 2159 enim
324 2131 442 2166 justum.
466 2131 513 2158 Sin
529 2136 620 2159 autem
643 2137 766 2165 coactus,
785 2137 814 2160 ut
833 2137 915 2161 testes
931 2137 958 2160 et

162 2179 278 2212 ipsemet
297 2181 421 2208 narrant,
439 2181 465 2203 et.
482 2184 544 2204 clllll
569 2177 622 2203 duo
637 2178 776 2211 proposita
795 2182 897 2208 essent,
912 2182 959 2204 aut

1009 1575 1073 1608 νῶν,
1088 1575 1190 1609 Θωμᾶς
1204 1575 1218 1601 ὁ
1238 1575 1341 1606 ὕπατός
1363 1583 1392 1601 τε
1410 1575 1459 1602 καὶ
1470 1575 1687 1610 ιχαρτουλάριος·
1703 1575 1802 1604 ἔπειτα

1015 1622 1144 1653 Ἰάκωϐος
1158 1622 1172 1648 ὁ
1186 1621 1384 1652 εὐλαϐέστατος
1401 1620 1537 1656 μονάζων,
1551 1622 1597 1648 καὶ
1609 1622 1657 1657 τῆς
1668 1621 1803 1657 αἱρέσεως

1009 1668 1152 1703 ἀμέτοχος.
1170 1666 1238 1695 Εἶτα
1253 1668 1302 1695 καὶ
1317 1667 1464 1704 Εὐθύμιος.
1478 1667 1573 1703 ἕτερος
1599 1668 1738 1703 αἰδέσιμος
1755 1677 1804 1703 μο-

1009 1715 1109 1746 νὰςων,
1128 1715 1174 1741 καὶ
1189 1713 1378 1748 δεδιωγμένος.
1399 1713 1464 1740 Ἐπὶ
1484 1713 1539 1740 δύο
1558 1713 1608 1740 καὶ
1628 1713 1716 1747 τριῶν
1725 1723 1804 1748 μαρ-

1010 1761 1107 1794 τύρων
1126 1759 1322 1794 σταθήσεται,
1346 1759 1431 1795 φησι,
1449 1758 1511 1787 πᾶν
1529 1759 1622 1795 ῥῆμα.
1649 1760 1766 1794 Λέγεις,
1788 1761 1805 1786 ὀ

1010 1807 1155 1841 δεσπότης,
1172 1806 1221 1841 οὐχ
1237 1805 1324 1837 οὕτως
1342 1805 1430 1840 ἔχειν’
1454 1805 1502 1832 καὶ
1516 1806 1736 1841 προφερέστερος
1750 1806 1804 1842 δη-

1009 1851 1097 1878 λονότι
1110 1851 1164 1878 τῶν
1179 1851 1301 1878 πάντων.
1315 1850 1348 1876 Τί
1360 1849 1426 1884 γοῦν
1443 1850 1550 1885 ποιήσω
1563 1849 1617 1883 ἐγὼ
1629 1850 1806 1885 ἀπειλημμέ-

1010 1907 1055 1929 νος
1068 1899 1095 1924 ὲν
1109 1898 1184 1933 μέσῳ
1192 1897 1326 1924 τοσούτων
1337 1896 1483 1932 μαρτύρων
1493 1905 1500 1929 ;
1509 1895 1583 1930 Ἐὰν,
1594 1896 1630 1926 ὠ,
1642 1896 1723 1928 αὺτὺς
1736 1897 1805 1932 φῂς,

1011 1945 1060 1980 ἔχῃ
1073 1965 1080 1976 ,
1097 1945 1137 1971 ὅτι
1153 1945 1295 1979 παρόντων
1311 1943 1418 1980 ἱερέων,
1443 1943 1578 1978 φιλαρχίᾳ
1595 1943 1806 1977 προμνηστευό-

1013 1999 1093 2026 μενος
1116 1990 1191 2026 αὺτῷ
1213 1990 1375 2026 ἱερωσύνην,
1396 1989 1476 2016 τοῦτο
1493 1988 1655 2024 εἰργάσατο·
1671 1987 1714 2023 είη
1733 1988 1806 2023 πρὸς

1010 2036 1091 2071 ἡμῶν
1108 2037 1213 2071 μήποτε
1226 2036 1266 2067 εἰς
1287 2035 1317 2061 τὸ
1334 2035 1382 2070 τῆς
1398 2034 1550 2070 ἱερωσύνης
1563 2033 1672 2069 ἀξίωμα
1692 2034 1807 2070 προϐαί-

1011 2092 1075 2115 νων,
1086 2083 1156 2118 μετὰ
1171 2083 1219 2110 καὶ
1233 2083 1334 2117 ἑτέρων
1348 2082 1496 2116 ἐπιτιμίων
1506 2092 1513 2098 ’
1526 2081 1629 2108 δίκαιον
1641 2081 1705 2117 γὰρ.
1716 2081 1746 2107 El
1762 2081 1808 2114 δὲ,

1011 2131 1050 2163 ὡς
1072 2131 1097 2156 οἱ
1129 2130 1266 2166 μάρτυρες
1286 2130 1334 2155 καὶ
1347 2129 1428 2161 αὐτὸς
1443 2129 1587 2165 διηγεῖται,
1605 2129 1807 2163 ἀναγκασθεὶς,

1014 2179 1061 2206 καὶ
1078 2178 1152 2204 δυοῖν
1167 2177 1356 2212 προκειμένων
1367 2185 1374 2192 ·
1392 2176 1408 2211 ἢ
1425 2176 1547 2211 ἀμύητον
1566 2176 1597 2202 το
1617 2175 1718 2211 βρέφος
1733 2176 1807 2202 ἀπο-

163 2223 296 2251 infantem
313 2231 368 2250 non
388 2223 526 2250 initiatum
543 2223 623 2255 mori,
641 2223 714 2257 quod
739 2224 764 2249 in
786 2223 893 2250 duobus
913 2232 953 2250 an-

1013 2224 1140 2250 τεθνάναι
1150 2232 1157 2238 ·
1176 2223 1245 2257 ὅπερ
1256 2222 1357 2249 ἔπαθεν
1371 2223 1400 2249 ἐν
1417 2222 1478 2248 δυσὶ
1494 2221 1627 2257 πρότερον
1637 2221 1666 2247 οὺ
1682 2221 1808 2253 πεισθεὶς

163 2276 205 2298 tea
230 2270 332 2305 pueris,
363 2269 427 2304 quia
451 2269 640 2303 obtemperare
671 2269 768 2302 noluit,
794 2270 960 2302 acciderat;

163 2323 210 2344 aut
228 2317 363 2344 haereticis
381 2316 463 2350 objici
478 2323 527 2342 cos
544 2317 589 2350 qul
606 2315 733 2350 pietatem
755 2315 937 2343 observabant
952 2322 960 2342 ι

163 2365 231 2392 nihil
258 2363 345 2390 ausint
362 2370 414 2397 ego
431 2368 559 2395 peccator
582 2362 734 2397 injungere,
752 2362 844 2397 quoad
862 2362 961 2390 beatis-

162 2411 251 2438 simus
267 2416 410 2438 sacrorum
423 2409 538 2435 antistes
559 2411 653 2435 noster
668 2416 696 2435 re
711 2409 883 2435 considerata
896 2416 960 2443 pro-

163 2457 233 2483 ferat
252 2455 428 2483 sententiam.
445 2453 485 2480 Tn
501 2461 566 2482 vero
582 2454 713 2481 vilitatem
737 2463 836 2487 meam,
849 2455 960 2482 Patrum

163 2503 341 2534 amicissime,
363 2509 397 2528 ne
419 2502 544 2536 deplores
561 2510 567 2527 :
590 2502 637 2529 sed
659 2503 748 2536 potius
768 2510 828 2534 ora,
844 2508 874 2529 ut
889 2503 959 2529 intra

163 2551 303 2577 modulum
314 2555 439 2577 nostrum
449 2548 644 2581 consistamus,
653 2549 867 2584 mendosamque
877 2548 960 2575 vitam

163 2597 344 2632 corrigamus.
366 2596 403 2624 De
416 2596 479 2624 aliis
504 2600 596 2623 autem
610 2596 719 2628 erratis,
747 2603 863 2631 quorum
886 2595 962 2622 indi-

163 2644 236 2671 cium
262 2643 343 2671 nobis
365 2643 462 2678 religio
489 2648 535 2669 tua
563 2646 591 2669 et
614 2642 842 2676 signiﬁcationem
875 2641 959 2672 dedit,

163 2691 239 2718 nullo
255 2691 337 2717 modo
353 2690 445 2724 inique
461 2690 538 2716 illum
553 2689 643 2723 egisse
659 2688 881 2715 existimavimus
895 2697 901 2719 ;
914 2688 960 2714 sed

164 2744 220 2763 rem
249 2735 329 2763 laude
355 2735 475 2770 dignam,
488 2735 521 2768 si,
538 2736 673 2769 quosdam
689 2734 820 2762 mmcllari
834 2734 959 2766 audions,

165 2781 268 2809 veritus
295 2789 349 2809 non
374 2785 415 2808 est
445 2789 503 2809 rem
523 2781 686 2809 detnmtiare
708 2781 741 2808 iis
768 2780 814 2815 qui
838 2780 961 2808 inhibere

204 2870 222 2884 ¹τ
238 2868 325 2896 'l'rull.
345 2877 406 2896 can.
425 2868 469 2895 58.
511 2868 531 2884 ³⁸
548 2867 627 2896 Deut.
650 2875 705 2900 xu,
727 2867 767 2894 13.

1013 2270 1122 2296 παισίν·
1137 2269 1153 2305 ἢ
1171 2269 1304 2304 προέσθαι
1318 2269 1375 2300 τοῖς
1389 2268 1541 2303 αἱρετικοῖς
1553 2268 1618 2299 τοὺς
1632 2267 1808 2302 φυλαττομέ-

1013 2325 1075 2348 νους
1088 2317 1139 2351 τὴν
1153 2313 1298 2342 εὐσέϐειαν
1310 2322 1316 2329 ·
1336 2315 1412 2341 οὐδὲν
1432 2313 1488 2349 ἐγὼ
1505 2314 1520 2340 ὁ
1535 2314 1697 2350 ἁμαρτωλὸς
1712 2314 1808 2348 τολμῶ

1014 2362 1177 2397 ἐπισκῆψαι,
1207 2362 1258 2393 ἓως
1272 2361 1305 2388 ἂν
1320 2362 1334 2388 ὁ
1349 2359 1561 2396 μακαριώτατος
1577 2360 1655 2395 ὴμῶν
1673 2361 1810 2395 ίεροτελε-

1014 2408 1080 2444 στὴς
1103 2408 1296 2442 ἐπιθεωρήσας
1311 2407 1408 2439 ἐξοίσει
1433 2406 1534 2442 κρίσιν.
1557 2406 1612 2433 Καὶ
1630 2406 1667 2441 μή
1687 2415 1737 2442 μου
1756 2407 1810 2439 τίς

1013 2453 1205 2485 ταπεινώσεως
1218 2474 1224 2485 ,
1253 2454 1384 2489 Πατέρων
1402 2453 1523 2488 φίλτατε,
1556 2452 1787 2485 καταστενάξειας
1800 2463 1808 2469 ·

1014 2502 1070 2528 ἀλλ’
1101 2503 1118 2536 ἢ
1148 2501 1248 2536 μᾶλλον
1274 2501 1427 2537 προσεύχου
1452 2501 1481 2526 ὲν
1506 2502 1563 2531 τοῖς
1594 2500 1668 2531 ίδίοις
1698 2500 1810 2534 μέτροις

1015 2550 1144 2580 ἑστάναι,
1178 2549 1225 2575 καὶ
1253 2548 1299 2574 τὸν
1323 2547 1493 2582 ἐσφαλμένον
1525 2546 1582 2582 βίον
1608 2546 1811 2581 διορθώσασθαι

1015 2595 1100 2629 ἡμᾶς.
1114 2594 1182 2628 Περὶ
1196 2594 1224 2620 δὲ
1238 2594 1339 2628 ἑτέρων
1354 2593 1530 2628 σφαλμάτων,
1545 2590 1583 2620 ὧν
1604 2593 1704 2618 ἔδωκεν
1716 2592 1810 2626 ἔμφα-

1017 2650 1059 2668 σιν
1084 2643 1100 2676 ή
1125 2641 1266 2667 θεοσέϐειά
1290 2648 1357 2671 σου,
1384 2641 1431 2667 καὶ
1454 2640 1635 2675 ὲξηγόρευσεν
1659 2640 1738 2674 ἡμῖν,
1759 2640 1810 2665 καὶ

1014 2687 1069 2713 οὐδ’
1097 2688 1165 2718 ὅλως
1195 2686 1381 2721 ἐπενοήσαμεν
1405 2685 1546 2721 ὲκθὲσμως
1579 2685 1660 2712 αὑτὸν
1691 2685 1808 2721 πρᾶξαι,

1014 2733 1071 2760 ἀλλ’
1090 2733 1106 2767 ἢ
1122 2733 1167 2759 καὶ
1183 2732 1295 2759 ἐπαίνου
1325 2731 1415 2764 ἄξιον,
1438 2732 1462 2758 εἰ
1488 2731 1665 2766 μοιχεύοντας
1687 2730 1808 2761 ἁκούων,

1014 2782 1063 2814 οὐχ
1077 2779 1256 2806 ὑπεστείλατο
1278 2778 1315 2815 μὴ
1332 2778 1391 2813 οὐχὶ
1406 2778 1566 2812 ἀναγγεῖλαι
1578 2779 1633 2809 τοῖς
1650 2776 1810 2811 δυναμένοις
