1912 3080
128 139 194 170 “93

719 134 988 165 EPIS’I‘OLARUM
1013 134 1085 163 LIB.
1115 133 1156 162 Il.

1684 129 1751 160 149i

127 196 254 230 ἁπεῖρξαι
270 194 301 221 τὸ
315 194 445 228 ἀσέϐημα
462 194 535 229 lecti.
562 193 628 228 Reg.
654 192 828 228 ἁσὲλγημα]·
850 193 866 227 ἢ
884 193 914 218 τὸ

976 196 1090 219 tolerant
1110 190 1276 226 impietatem
1293 210 1300 222 ,
1314 193 1359 216 aut
1371 208 1379 220 ,
1413 196 1474 216 cum
1497 188 1536 215 uti
1561 188 1658 222 laqueo
1674 188 1755 216 vellet

126 243 158 276 τῇ
177 240 325 274 κομιτίσσῃ
344 239 494 274 αἱρουμένη
520 239 621 273 ἀγχόνῃ
649 238 818 274 χρήσασθαι’
847 238 910 264 ἰδεῖν

978 238 1103 265 omitissa
1116 257 1123 270 ,
1141 237 1233 264 videre
1248 236 1313 271 quid
1331 236 1402 263 facto
1413 241 1484 263 esset
1508 243 1586 270 opus.
1606 233 1668 262 Haec
1680 235 1752 262 enim

126 287 158 312 τα
170 284 345 320 προσήκοντα
361 283 576 318 ὲπιπράξασθαι.
591 283 660 310 Τάδε
675 283 729 318 γὰρ
741 281 811 310 οἶδεν
822 283 911 317 ὠφλη-

127 331 213 362 κέναι,
229 332 277 357 καὶ
289 330 340 356 οὐκ
358 329 423 356 ἄλλο
432 336 439 343 '
454 330 502 355 καὶ
513 329 613 364 πολλῆς
627 327 764 363 εὑιρημίας
779 328 847 364 πρὸς
858 327 925 354 τῶν”

125 376 254 412 ἀνωτέρω
271 375 447 409 δηλωθέντων
471 375 586 409 ἀνδρῶν,
611 374 649 406 ὡς
672 375 805 409 αὐτήκοος
822 374 913 408 ἐγενό-

128 432 194 458 μην,
209 422 414 456 προανεδήσατο
425 422 439 447 ὁ
452 420 566 454 ἁδελφὸς
579 420 713 455 Ἔραστος
730 419 913 451 ἐπαίνους.υὺ

130 469 228 501 τοίνυν,
246 468 319 502 ἆγιε,
332 467 378 494 διὰ
393 467 423 493 τὸ
437 466 600 501 σκινδαλμὸν
616 466 696 493 αὐτὸν
715 466 864 500 ἐμποιῆσαι
885 467 914 492 ἐν

127 517 184 546 τοῖς
195 515 302 546 αὐτόθι,
314 513 383 541 ἀλλὰ
397 514 440 540 διὰ
455 513 490 539 τὰ
505 512 656 548 ἀδιόρθωτα
672 512 818 544 σκάνδαλα,
837 510 914 545 εἷρξα

126 561 173 588 τὸν
190 560 304 594 ἀδελφὸν
316 560 365 595 τῆς
385 559 565 593 παλινῳδίας·
581 558 618 590 ὡς
632 558 664 584 ἂν
680 558 804 584 ἐντεῦθεν
820 558 912 584 ἁοωω-

127 608 188 642 θείη
206 607 255 642 μὲν
269 607 283 632 ὀ
298 605 537 641 κατηγορούμενος
553 604 607 630 τῶν
621 604 804 639 ἐγκλημάτων
814 612 820 619 ⁸
838 604 915 639 εἰρη-

126 654 255 680 νεὺσειαν
282 653 310 679 δὲ
334 653 360 678 οἱ
387 651 620 686 φιλεγκλήμονες,
653 650 700 676 καὶ
731 650 914 685 παοοπρὰται.

129 700 164 725 Ὅ
174 707 204 724 τε
227 697 437 733 μακαριώτατος
456 695 534 731 ἡμῶν
550 697 644 731 Πατὴρ
660 695 853 728 ὑπακουσοεὶς,
868 704 918 730 χα-

129 744 195 779 ρίσῃ
209 744 276 778 ἡμῖν
289 743 338 774 τὰς
354 741 501 773 θεοκλινεῖς
528 749 574 766 σου
596 741 752 776 προσευχὰς
763 760 770 772 ,
792 741 853 766 ἐπεὶ
872 740 918 766 καὶ

127 790 169 825 τῷ
183 789 291 823 ἁδελφῷ
308 788 492 823 συγχώρησιν.

247 844 325 872 PNH’
343 843 411 879 (50).
429 857 466 862 —
487 841 612 876 Ἰωάννῃ
629 842 795 876 Σπαθιιρίῳ.

963 283 1042 310 ofﬁcii
1065 284 1108 311 sui
1131 283 1217 310 fuisse
1238 283 1324 313 novit,
1339 287 1366 309 et
1386 290 1438 309 non
1454 281 1541 313 aliud,
1568 285 1596 308 et
1614 288 1727 316 magnas
1738 288 1754 308 a,

965 329 1031 357 viris
1049 337 1133 364 supra
1143 328 1312 359 memoratis,
1329 333 1358 355 ut
1381 328 1439 362 ipse
1463 328 1565 360 audivi,
1589 328 1683 370 Iaudes
1708 335 1754 355 re-

965 376 1027 402 tulit
1048 375 1131 402 frater
1153 374 1277 402 Erastus.
1299 373 1357 401 Non
1382 374 1474 408 igitur,
1490 374 1532 402 vir
1554 378 1660 406 sancte,
1680 373 1755 408 quod

965 421 1109 449 diecordia:
1125 421 1178 448 illis
1190 421 1215 447 in
1231 421 1300 448 locis
1319 420 1377 455 ipse
1387 424 1484 447 auctor
1507 419 1599 450 fuerit,
1623 419 1672 447 sed
1691 426 1756 454 pro-

965 471 1025 501 pter
1048 474 1173 501 perversa
1189 466 1330 498 scandala,
1347 465 1419 493 vetui
1437 473 1471 492 ne
1486 464 1571 493 frater
1586 465 1754 500 palinodiam

960 517 1095 545 .caneret;
1109 517 1139 540 ut
1150 517 1177 540 et
1187 517 1332 539 accusatus
1356 512 1513 539 absolvatur
1538 511 1713 543 Criminibus,
1729 515 1756 537 et

967 559 1110 594 quiescant
1121 559 1168 594 qui
1180 559 1385 586 criminationes
1397 563 1499 589 amant,
1509 563 1535 584 et
1547 558 1611 584 \‘itia
1620 557 1750 584 vendunt.

967 605 1063 639 Tuque
1087 604 1262 632 beatissimus
1280 604 1359 631 Pater
1377 609 1470 631 noster
1489 604 1532 631 his
1545 603 1646 631 auditis
1661 610 1756 638 preces

969 658 1030 680 tuas
1058 651 1140 679 Ueum
1169 651 1337 679 inflectentes
1360 651 1485 686 largiaris
1514 651 1605 681 nobis,
1621 654 1650 677 et
1675 649 1754 678 fratri

968 706 1075 725 Velllillll

1127 845 1277 873 CLVlll.—
1285 844 1385 872 Joanni
1400 844 1542 879 Spathario
1551 844 1595 878 (⁸).

424 899 462 924 De
477 898 623 929 Theologia,
637 900 664 923 et
675 898 706 923 de
719 897 800 923 divina
810 897 986 928 incarnatione.
1003 904 1029 925 et
1041 900 1073 925 de
1084 900 1174 925 sanctis
1184 906 1212 924 ac
1222 899 1298 924 sacris
1308 898 1462 931 imaginibus.

169 956 206 983 Τὸ
231 955 399 990 Εὐαγγέλιον
423 954 473 989 τῆς
500 954 638 990 σωτηρίας
661 954 708 981 τοῦ
737 955 919 990 εὐλογημένοι)

1008 956 1125 984 Faustus
1142 956 1176 984 de
1192 956 1281 983 salute
1299 955 1435 983 benedicti
1451 955 1553 982 domini
1579 954 1632 982 mei
1656 959 1683 981 et
1701 955 1758 990 spi-

83 1020 86 1021 ν
131 1012 187 1039 μου
203 1002 336 1030 δεσπότου
352 1000 398 1028 καὶ
417 1001 604 1036 πνευματικοῦ
617 1001 734 1035 ἀδελφοῦ
747 1001 793 1028 καὶ
807 1001 861 1036 πρὸ
873 1002 920 1028 τοῦ

128 1050 301 1084 γράμματος
316 1047 500 1082 ἀπαγγελοὲν,
520 1047 617 1082 ἦδυνεν
629 1047 710 1081 ἡμῶν
724 1047 772 1076 τὰς
791 1047 922 1079 ταπεινὰς

132 1094 348 1130 χαρδίαςυὲπεὶ
363 1093 392 1119 δὲ
410 1093 456 1120 καὶ
471 1091 629 1126 ἀνεγνώσθη
643 1112 650 1125 ,
671 1092 781 1124 τελείως
803 1091 922 1127 εὕφρανε

131 1143 182 1168 καὶ
197 1140 378 1176 ἰχαροποίησε
390 1148 397 1154 ·
414 1140 461 1166 καὶ
475 1138 524 1173 οὐχ
540 1138 614 1173 ἡμᾶς
636 1138 734 1173 μόνους
752 1138 815 1170 τοὺς
831 1139 920 1173 ἁμαρ-

131 1185 250 1217 τωλοὺς,
270 1184 339 1211 ἀλλὰ
359 1185 407 1210 καὶ
428 1184 477 1215 τὰς
501 1183 651 1216 ἁγγελικὰς
675 1183 817 1218 δυνάμεις·
843 1183 922 1218 εἴπερ

132 1231 179 1266 ἐφ’
191 1231 233 1258 ἐνὶ
244 1230 378 1266 ἀνθρώπῳ
397 1228 571 1264 μετανοοῦντι
584 1228 656 1264 χαρὰ
670 1229 698 1255 ὲν
712 1229 836 1264 οὐρανοῖς
850 1229 923 1263 γίνε-

132 1287 192 1310 ται,
208 1278 279 1304 κατὰ
294 1276 329 1303 τὰ
342 1276 404 1311 ἱερὰ
426 1275 518 1309 λόγια.
537 1275 606 1301 Ἀλλ’
625 1274 770 1310 εὐλογητὸς
785 1276 798 1301 ὁ
811 1274 876 1306 Θεὸς
894 1275 923 1306 ὃς

132 1324 187 1350 οὐκ
201 1324 275 1350 εῐασε
290 1323 340 1358 τὴν
355 1322 501 1357 τιμιάτητά
516 1330 563 1348 σου
575 1321 627 1352 ’ἑως
642 1321 736 1352 τέλους
748 1321 923 1356 συναπαχθῆ-

133 1380 181 1398 ναι
200 1372 234 1405 τῇ
252 1370 359 1405 πονηρᾷ
377 1369 482 1405 αἱρέσει
500 1368 555 1394 τῶν
568 1368 782 1403 Χριστομάχωνο
798 1367 866 1394 ἀλλὰ
881 1368 924 1395 διὰ

133 1418 186 1452 τῆς
200 1416 285 1452 καλῆς
302 1416 348 1442 καὶ
360 1415 500 1450 μακαρίας
517 1413 650 1449 θυγατρὸς
663 1413 830 1448 ἐπέστρεψεν
845 1414 884 1445 εἰς
896 1415 925 1440 τὸ

134 1463 196 1498 φῶς
220 1463 270 1497 τῆς
285 1461 425 1496 ἀληθείας.
451 1460 504 1487 Καὶ
526 1459 549 1486 ὦ
573 1459 619 1486 τοῦ
641 1459 789 1494 θαύματος,
811 1460 858 1486 καὶ
876 1459 924 1486 τοῦ

135 1508 331 1543 γεννήσαντος,
350 1507 396 1533 καὶ
410 1506 460 1542 τῆς
477 1505 671 1541 γεννηθείσηςξ
688 1505 720 1531 Ὢ
734 1505 784 1539 τῆς
798 1505 852 1531 τῶν
870 1506 925 1539 ἀμ-

136 1556 262 1589 φοτέρων
277 1552 439 1587 εἰλικρινοῦς
455 1551 581 1586 ὰγάπηςῑ
602 1551 651 1585 τῆς
677 1550 725 1586 μὲν
742 1550 925 1586 φροντισάσης

136 1600 183 1626 ἐπ’
205 1600 302 1630 αὑταῖς
322 1600 383 1630 ταῖς
398 1598 564 1628 τελευταίαις
578 1597 727 1627 ἀναπνοαῖς
743 1597 774 1622 τὸ
793 1596 925 1631 πατρικὸν

138 1645 256 1680 σῶσμα·
280 1644 328 1670 τοῦ
350 1644 378 1670 δὲ
402 1644 543 1673 κλίναντος
562 1641 722 1677 Θεοπρεπῶς
747 1642 778 1668 τὸ
801 1641 857 1673 οὓς,
879 1642 925 1668 καὶ
939 1630 961 1660 C

136 1690 326 1726 χαρισαμένου
349 1691 382 1724 τῇ
409 1688 579 1724 αἰτησαμένη
612 1688 694 1714 καλὸν
718 1688 852 1721 ἐντάφιον,
877 1688 926 1722 τὴν

137 1735 282 1772 ὲρθὸδοξον
295 1735 472 1770 ἐπιστροφήν.
494 1733 629 1768 Ἀπῆλθεν
644 1734 660 1767 ἡ
677 1733 726 1769 μὲν
741 1733 840 1768 ἔχουσα
858 1741 927 1767 μετα

137 1783 189 1816 τῆς
205 1780 310 1812 οἰκείας
327 1780 531 1814 καλοκαγαθίας
548 1780 633 1813 ξένιον
647 1780 761 1815 τερπνὸν
782 1780 926 1814 προσοῖσαι

138 1828 180 1864 τῷ
194 1827 266 1862 Θεῷ,
283 1827 314 1853 τὸ
330 1826 456 1862 πατρῷον
470 1827 618 1862 σωτήριονν
633 1827 647 1853 ὁ
664 1827 692 1852 δὲ
705 1825 832 1860 ἐπέμεινε
846 1825 928 1858 οντα-

138 1875 205 1909 τρὸς
219 1874 297 1909 ἱερᾶς
312 1873 424 1904 εὐσεϐὲς
440 1872 666 1907 ἐγκαλλώπισμα,
683 1873 730 1898 καὶ
745 1874 854 1898 παντων
872 1871 927 1897 τῶν

138 1920 291 1955 ὀρϐοόόξων
306 1920 344 1951 ὡς
361 1919 468 1954 ἀληθῶς
486 1919 695 1954 εὐφραντήριον.
714 1919 745 1945 Τί
763 1918 818 1952 γὰρ
832 1916 927 1950 οἶδας,

139 1966 210 2002 φησὶ
222 1986 230 1999 ,
242 1967 341 2000 γύναι,
368 1967 395 1992 si
411 1965 465 1991 τὸν
484 1965 578 1998 ἄνδρα
594 1965 724 1997 odio-etc;
740 1964 759 1998 ἣ
775 1965 803 1990 τί
823 1962 907 1996 οἶδας
920 1983 927 1994 ,

139 2013 225 2046 ἄνερ,
247 2013 274 2038 ει
296 2011 354 2045 τὴν
375 2010 502 2046 γυναῖκα
524 2010 652 2043 σώσεις;
674 2010 755 2044 Ἡμῖν
778 2010 806 2036 δὲ
831 2009 928 2044 μικρὸν

142 2057 341 2088 ὐπαλλακτέον,
353 2056 394 2083 ὃτι
408 2055 510 2082 ἔσωσεν
524 2056 540 2090 ἡ
553 2055 676 2090 Θυγάτηρ
685 2055 731 2081 τὸν
747 2055 862 2089 πατέρα.
875 2054 929 2080 Καὶ

141 2103 269 2138 μακαρία
284 2102 376 2136 ἐκείνη
394 2103 410 2137 ἡ
426 2101 497 2132 ὁσία,
516 2101 649 2136 μακάριος
663 2101 710 2127 καὶ
734 2101 777 2131 σὺ,
798 2098 820 2127 ὦ
835 2100 929 2135 τριπό-

140 2150 219 2184 οητε.
236 2147 370 2182 Πείθομαι
383 2147 437 2182 γὰρ
452 2147 492 2173 ﬁt
505 2147 553 2173 σὺν
563 2147 605 2173 σοὶ
620 2147 667 2173 καὶ
679 2146 743 2181 ὃλην
753 2146 929 2180 οἰκίαν,τάχα

140 2195 171 2222 δὲ
199 2195 247 2221 καὶ⁵
269 2194 348 2228 γένος
370 2193 552 2228 προσαγάγῃς
571 2193 728 2228 ὀρθοδοξοῦν
749 2192 788 2227 τῷ
803 2193 927 2227 Δεσπότῃ

141 2240 271 2276 Χριστῷ·
285 2240 329 2266 ῖνα
343 2241 376 2266 ἐκ
399 2239 506 2266 πολλῶν
523 2238 685 2274 προσώπων,
700 2238 729 2265 τὸ
743 2239 782 2269 εις
797 2239 868 2273 ὑμᾶς
881 2239 929 2274 χά-

972 1003 1078 1030 ritualis
1091 1002 1185 1030 fratris
1201 1002 1316 1030 nuntius
1331 1002 1507 1030 antelitteras
1525 1002 1758 1034 allatus,humilia

972 1050 1054 1077 cerda
1073 1053 1167 1076 nostra
1190 1049 1362 1080 oblectabat;
1385 1053 1447 1084 post
1464 1049 1549 1076 lectas
1567 1056 1632 1076 vero
1653 1048 1758 1076 litteras

972 1095 1050 1130 plene
1064 1103 1097 1123 ac
1111 1095 1229 1130 perfecte
1243 1095 1408 1122 exhilaravit
1422 1100 1449 1123 et
1464 1095 1560 1122 laetitia
1578 1095 1683 1127 affecit;
1712 1103 1759 1122 ne-

972 1150 1024 1176 que
1049 1149 1100 1169 nos
1122 1141 1212 1169 solum
1231 1146 1409 1176 peccatores,
1436 1142 1483 1169 sed
1512 1142 1652 1176 angelicas
1675 1141 1758 1168 etiam

973 1186 1088 1213 virtutes
1108 1194 1115 1212 :
1140 1185 1275 1221 siquidem
1289 1186 1322 1214 de
1350 1187 1460 1214 homine
1489 1194 1544 1214 uno
1570 1187 1758 1221 pcenitentiam

973 1236 1070 1266 agente
1083 1232 1214 1267 gaudium
1227 1236 1270 1259 est
1281 1233 1307 1259 in
1320 1233 1408 1265 carlis,
1421 1233 1498 1267 juxta
1514 1241 1591 1260 sacra
1608 1232 1759 1268 eloquia",

973 1278 1026 1305 Sed
1048 1278 1208 1306 benedictus
1229 1279 1321 1311 Dens,
1347 1279 1393 1313 qui
1419 1279 1654 1306 honorificentiam
1684 1283 1760 1306 tuam

976 1331 1032 1352 non
1051 1324 1178 1358 permisit
1192 1332 1278 1359 usque
1296 1325 1323 1351 in
1347 1325 1427 1351 linem
1445 1324 1542 1352 abduci
1558 1332 1686 1359 perversa
1706 1326 1762 1352 hat"

974 1370 1028 1397 resi
1047 1370 1317 1398 Christomachorum
1331 1378 1338 1396 :
1353 1370 1400 1398 sed
1417 1378 1465 1405 per
1496 1371 1633 1406 egregiam
1653 1375 1680 1399 et
1697 1371 1762 1398 lica-

974 1418 1029 1442 tam
1048 1415 1131 1442 liliam
1153 1417 1287 1443 convertit
1306 1415 1340 1443 ad
1357 1416 1445 1444 lucem
1459 1417 1593 1445 veritatis.
1611 1416 1652 1449 Et,
1673 1425 1689 1444 o
1704 1425 1761 1444 rem

975 1461 1084 1493 miram,
1103 1465 1159 1487 tum
1172 1461 1198 1487 in
1213 1461 1344 1497 genitore,
1359 1467 1417 1489 tum
1439 1462 1464 1488 in
1477 1462 1580 1497 genita!
1596 1470 1612 1489 ο
1625 1462 1761 1490 sinceram

976 1506 1119 1542 utriusque
1137 1506 1318 1534 charitatcm!
1338 1507 1419 1542 hujus
1432 1509 1556 1542 quidem,
1572 1508 1647 1543 quod
1668 1508 1695 1535 in
1712 1516 1762 1535 ex-

976 1555 1063 1579 tremo
1079 1552 1139 1586 ipso
1167 1552 1265 1587 spiritu
1286 1557 1406 1588 paterna:
1430 1553 1527 1581 salutis
1546 1561 1640 1581 curam
1655 1554 1762 1589 gessit;

977 1598 1052 1626 illius
1069 1606 1133 1626 vero
1149 1599 1221 1633 quod
1246 1604 1336 1627 autem
1354 1600 1398 1634 pie
1414 1599 1594 1633 inclinaverit,
1611 1605 1638 1627 et
1655 1602 1763 1636 roganti

979 1644 1107 1678 pulchras
1132 1645 1287 1679 exsequias,
1307 1646 1469 1680 persolverit
1493 1646 1703 1674 conuersionem
1717 1655 1764 1674 or-

979 1689 1137 1716 thodoxam.
1175 1690 1295 1718 Decessit
1324 1691 1371 1718 illa
1398 1691 1519 1726 quidem,
1550 1692 1666 1724 habens,
1700 1700 1762 1719 cum

978 1735 1089 1769 propria
1107 1735 1253 1762 sanctitate
1265 1756 1272 1768 ,
1296 1735 1565 1771 jucundumlmunus
1582 1738 1653 1772 quod
1669 1738 1765 1765 offerat

980 1779 1051 1813 Deo,
1067 1784 1208 1814 paternam
1231 1781 1365 1814 salutem;
1392 1782 1436 1808 hic
1460 1790 1523 1810 rero
1547 1783 1725 1818 exspectabat
1749 1791 1764 1810 a

979 1833 1058 1853 sacra
1075 1827 1130 1853 lilia
1157 1827 1231 1861 pium
1249 1833 1452 1860 ornamentum,
1469 1830 1645 1863 omniumque
1671 1838 1764 1859 rcvcra

979 1871 1196 1899 orthodoxorum
1212 1873 1436 1900 exsultationem.
1453 1873 1527 1901 Unde
1543 1875 1612 1901 enim
1628 1875 1691 1906 stis,
1706 1883 1765 1903 mu-

980 1917 1038 1949 lier.
1055 1918 1153 1953 inquit,
1170 1918 1193 1946 si
1207 1919 1295 1945 'virum
1310 1920 1412 1946 salvum
1426 1920 1527 1954 facies?
1549 1927 1593 1947 aut
1609 1922 1677 1947 unde
1701 1930 1764 1954 scas,

979 1964 1029 1997 vir,
1047 1964 1070 1990 si
1088 1965 1224 1992 mulierem
1248 1966 1349 1992 salvam
1365 1966 1501 2001 facies"?
1524 1966 1607 1995 Nobis
1623 1969 1764 2003 paululum

981 2011 1193 2044 immutandum,
1209 2012 1272 2047 quia
1290 2013 1405 2041 salvavit
1426 2015 1481 2041 lilia
1508 2020 1623 2049 patrem.
1647 2015 1679 2042 Et
1701 2015 1763 2042 fclix

980 2057 1024 2084 illa
1056 2061 1172 2085 sancta:
1191 2064 1215 2085 e'
1241 2063 1269 2086 tu
1292 2067 1402 2094 quoque
1432 2061 1539 2094 l'eatus,
1558 2069 1575 2088 o
1594 2062 1765 2089 charissimc.

980 2101 1144 2130 Persuasum
1160 2104 1232 2131 enim
1249 2104 1337 2131 habeo
1354 2104 1411 2132 fore
1426 2109 1454 2132 ut
1471 2110 1554 2133 totam
1579 2111 1665 2134 tecum
1688 2106 1767 2134 fami-

982 2148 1059 2180 liam.
1074 2157 1106 2177 ac
1120 2149 1235 2177 fortasse
1245 2151 1448 2185 cognationem.
1461 2153 1640 2179 orthodoxam
1657 2153 1764 2186 reddas,

980 2201 1006 2222 et
1024 2194 1058 2222 ad
1083 2196 1224 2223 Christum
1240 2196 1384 2224 Dominum
1413 2198 1552 2225 adducas:
1568 2203 1596 2226 ut
1615 2207 1647 2225 ex
1675 2206 1767 2234 perso-

982 2248 1078 2268 narum
1100 2249 1236 2271 numero.
1260 2243 1420 2271 beneficium
1447 2244 1518 2279 quod
1546 2244 1689 2279 accepistis
1719 2252 1767 2279 per

142 2297 231 2324 ρισμα
241 2288 286 2315 διὰ
296 2287 408 2326 πολλῶν
424 2287 608 2322 εὐχαριστηθῇ
624 2286 694 2322 ὑπὲρ
707 2285 794 2321 ὑμῶν.
811 2285 923 2312 Τοιαύττ

984 2288 1087 2314 multos
1105 2294 1167 2314 cum
1184 2288 1334 2322 gratiarum
1352 2290 1459 2316 actione
1478 2298 1527 2325 pro
1548 2291 1625 2317 vobis
1645 2290 1766 2318 celebre-

139 2337 158 2369 ἡ
173 2334 235 2360 Θεία
251 2333 394 2368 προσφορὰ
406 2353 414 2366 ,
428 2333 476 2360 καὶ
490 2333 620 2368 καλλίστη
637 2341 684 2358 σου
700 2333 716 2367 ἡ
734 2331 874 2367 ὁμολογία,
895 2332 927 2366 ἣν

140 2382 172 2407 ἐν
193 2381 251 2411 τοῖς
276 2379 440 2415 γράμμασιν
464 2379 642 2414 ὡμολόγησας
661 2378 777 2405 ἐνώπιον
795 2377 862 2404 Θεοῦ
883 2377 929 2404 καὶ

140 2426 192 2454 ἀνθ
195 2425 308 2461 ρώπων.

177 2471 259 2498 Οὕτω
274 2471 329 2506 γὰρ
344 2471 361 2505 ἡ
375 2470 487 2505 ἀληθινὴ
501 2470 592 2501 πίστις
603 2469 658 2496 τῶν
670 2470 849 2505 Χριστιανῶν·
861 2470 932 2495 κατὰ

144 2517 197 2553 μὲν
214 2517 247 2543 τὸ
261 2518 310 2552 τῆς
329 2516 470 2550 θεολογίας
485 2516 574 2551 δόγμα
601 2516 740 2542 πιστεύειν
757 2516 796 2547 εἰς
812 2516 930 2550 Πατέρα,

143 2564 193 2590 καὶ
202 2563 279 2594 Υιὸν,
295 2563 342 2589 καὶ
357 2563 434 2596 ἅγιον
451 2563 562 2597 Πνεῦμα
573 2570 579 2577 '
592 2563 620 2588 ἐν
632 2559 673 2594 οἷς
688 2562 734 2589 καὶ
747 2562 778 2588 τὸ
791 2559 931 2597 βάπτισμα

142 2610 194 2643 τὴν
205 2608 347 2634 τελείωσιν
358 2608 414 2643 ἔχει
426 2615 433 2622 ·
447 2607 513 2634 Θεὸν
528 2607 575 2634 τὸν
592 2607 711 2643 Πατέρα,
720 2607 787 2634 Θεὸν
800 2607 844 2634 τὸν
856 2607 929 2639 Υἱὸν,

143 2653 212 2680 θεὸν
228 2652 260 2680 τὸ
273 2653 385 2688 Πνεῦμα
395 2653 426 2680 τὸ
438 2653 516 2687 ἆγιον
525 2661 532 2669 ·
541 2653 581 2684 είς
596 2653 645 2680 ἕνα
655 2653 731 2685 Θεὸν,
740 2653 787 2680 καὶ
799 2653 829 2679 οὺ
844 2653 929 2688 τρεῖς,

181 2721 202 2738 ι’
218 2721 284 2750 Luc.
315 2729 358 2753 xv,
373 2721 397 2748 7.
452 2722 473 2737 ὀ
505 2721 590 2749 lCor.
603 2729 647 2753 ru,
667 2721 707 2748 l6.

983 2337 1037 2359 tur.
1055 2332 1128 2360 Talis
1153 2339 1195 2360 cst
1219 2334 1311 2361 divina
1334 2335 1455 2369 oblatio,
1480 2341 1507 2363 et
1521 2336 1703 2371 pulcherrima
1721 2341 1766 2363 tua

983 2379 1135 2412 confessio,
1166 2388 1248 2414 quam
1273 2389 1321 2416 per
1346 2381 1451 2410 litteras
1466 2383 1608 2411 confessus
1627 2391 1657 2410 es
1673 2391 1767 2411 coram

985 2425 1039 2452 Deo
1053 2430 1080 2453 et
1092 2426 1259 2455 hominibus.

1019 2470 1066 2499 Sic
1089 2472 1163 2499 enim
1184 2480 1249 2500 vera
1264 2473 1331 2501 ﬁdes
1356 2474 1592 2508 Christianorum;
1618 2475 1768 2503 secundum

984 2517 1127 2553 theologia!
1151 2519 1261 2553 quidem
1288 2519 1397 2554 dogma,
1422 2521 1534 2548 credere
1556 2521 1582 2548 in
1606 2521 1728 2554 Patrem,
1743 2528 1770 2548 et

983 2562 1092 2596 Filium,
1108 2568 1134 2591 et
1151 2564 1282 2599 Spiritum
1299 2569 1437 2598 sanctumI
1460 2566 1505 2593 in'
1523 2567 1623 2601 quibus
1638 2571 1665 2594 et
1681 2567 1770 2601 bapti-

982 2617 1042 2637 sma
1057 2610 1250 2645 perfectionem
1272 2612 1370 2639 habet:
1390 2611 1474 2639 Deum
1492 2613 1706 2646 Patrem,Deum
1724 2613 1769 2640 Fi-

982 2655 1063 2688 lium,
1080 2655 1165 2683 Deum
1179 2656 1310 2692 Spiritum
1325 2662 1450 2686 sanctum
1463 2679 1470 2691 ,
1485 2659 1512 2686 in
1529 2667 1613 2686 unum
1629 2658 1724 2691 Deum,
1742 2665 1768 2686 et

897 2780 1010 2809 NOT/E.

182 2848 236 2883 (50,“
251 2847 278 2874 ln
297 2847 356 2874 cml.
373 2847 436 2883 llrg.
458 2849 530 2883 pzc'.

1024 2850 1059 2885 t")
1082 2849 1248 2886 Dogmatica.
