1912 3080
172 132 240 171 1495

768 136 797 163 S.
813 134 1007 164 TllEODORI
1038 134 1209 166 STUDITE

1735 135 1802 170 1496

171 201 227 222 non
241 200 312 226 tres,
337 195 425 228 absit;
443 196 573 231 quoniam
597 202 651 222 una
669 194 758 222 dcitas
770 217 776 226 ,
802 201 856 221 non
875 194 962 222 divisa

1016 194 1107 228 ἄπαγε
1120 201 1127 209 ’
1145 194 1264 230 ἐπείπερ
1280 194 1329 230 μία
1343 195 1359 230 ἡ
1376 194 1489 230 Θεότης,
1509 194 1541 221 οὐ
1554 195 1733 232 διαιρουμένη
1743 198 1802 228 ταῖς

172 241 260 268 tribus
277 241 487 276 hypostasibus,
507 242 556 270 sed
573 245 628 269 tota
656 241 684 268 in
707 240 822 275 singulis
837 240 962 275 personis

171 291 294 321 spectata
311 286 449 315 indivisim
463 295 470 314 :
484 287 557 322 quod
580 287 662 319 plane
681 285 888 320 intelligentiam
911 291 961 312 ex-

171 334 266 361 cedit:
282 332 368 361 Deum
390 334 483 362 dicere
504 340 730 369 unumquemque
744 353 752 366 ,
772 337 800 360 et
823 332 851 359 in
875 339 962 359 unum

172 379 258 407 Deum
286 380 446 417 recolligere
469 380 696 410 confessionem:
715 378 869 407 secundum
899 385 964 405 vero

171 425 370 454 incarnationis
389 426 507 462 dogma,
536 434 646 457 rursum
670 425 783 453 credere
806 425 880 459 quod
898 424 963 451 Ver-

170 471 233 498 bum
246 480 310 498 caro
325 472 428 507 factum
440 473 520 504 est“,
535 473 594 500 sive
617 478 691 499 unus
712 470 747 498 de
766 474 860 498 sancta
872 469 963 497 Trini-

171 521 226 544 tate
265 522 346 546 natus
379 523 422 546 est
449 526 481 546 ex
510 518 687 547 immaculata
714 518 818 553 virgine
851 517 961 550 Maria;

172 570 289 590 nmuens
304 563 413 598 quidem
430 563 456 591 id
473 564 547 598 quod
575 568 645 596 erat,
662 563 735 592 Deus
760 563 940 591 immutabilis
953 584 961 596 ,

173 613 201 635 et
217 608 289 636 Patri
315 615 485 641 coaeternus;
512 610 560 637 sed
574 614 716 644 assumpta
745 614 844 637 natura
867 614 962 637 nostra

144 657 146 662 ‘
175 664 224 690 per
248 657 410 691 virginalem
438 658 465 684 in
493 657 595 692 Spiritu
620 662 717 686 sancto
744 658 959 692 generationem.

170 703 276 738 Estque
294 703 364 731 idem
384 709 456 731 lotus
473 704 555 736 Deus,
569 709 595 732 et
609 710 682 733 totus
699 705 781 732 homo
795 714 801 731 :
819 709 890 732 totas
903 705 963 733 sine

171 750 280 777 defectu
300 750 404 778 habens
433 752 459 778 in
486 751 577 786 seipso
601 751 721 778 duarum
746 756 909 778 naturarum
927 760 961 779 ex

170 798 270 832 quibus
287 803 411 830 constat,
427 798 536 826 deitatis
551 798 657 826 scilicet
673 803 756 833 atque
771 799 962 832 humanitatis,

170 844 197 870 in
222 852 277 871 una
303 843 443 880 hypostasi
464 844 666 879 proprietates;
695 844 922 880 circumscriptus
935 850 963 873 et

171 897 224 916 non
251 890 479 924 circumscriptus
502 899 508 916 :
537 890 588 917 hoc
624 889 733 925 quidem
765 895 876 925 propter
903 891 962 918 dei-

171 940 270 968 tatem,
306 937 372 964 illud
406 944 470 963 vero
507 942 620 971 propter
655 937 851 965 humanitatem
881 947 889 965 :
922 939 963 966 ha:

172 988 237 1010 sunt
267 983 340 1010 enim
369 984 549 1018 proprietates
573 992 579 1010 :
609 989 636 1010 ct
663 991 717 1018 qua
755 984 962 1012 incircumscri-

172 1031 246 1062 ptus,
276 1035 348 1054 unus
375 1027 510 1054 exsistens
540 1027 574 1055 de
600 1032 693 1055 sancta
720 1027 876 1062 Trinitate;
908 1037 961 1063 qua

171 1073 409 1108 circumscriptus,
439 1081 511 1100 unus
540 1074 574 1101 de
612 1073 700 1101 nobis.
730 1074 819 1109 Atque
853 1075 880 1102 in
911 1075 962 1104 hoc

170 1119 292 1148 creditur
324 1120 458 1147 mediator
490 1119 538 1147 Dei
566 1124 594 1147 et
618 1120 760 1148 hominum
790 1120 899 1154 factus,
932 1127 963 1150 ut

171 1166 219 1202 qui
242 1166 270 1194 in
302 1165 394 1201 seipso
417 1170 537 1193 extrema
569 1166 717 1201 conjungat
739 1186 747 1198 .
778 1172 806 1195 et
841 1175 890 1203 per
918 1176 962 1196 se-

175 1213 265 1246 ipsum
286 1211 386 1239 dirinze
410 1217 515 1239 naturae
540 1213 688 1248 participes
712 1213 815 1248 Deique
829 1214 900 1243 ﬁlios
912 1223 962 1244 nos

171 1257 274 1285 efﬁciat
287 1266 294 1273 ·
310 1257 383 1292 quod
399 1257 592 1285 admirandum
609 1265 637 1286 et
659 1260 735 1287 omni
753 1259 833 1288 laude
850 1261 939 1296 majus
952 1282 960 1292 ,

172 1303 229 1331 sive
248 1304 394 1339 cogitatur.
421 1304 480 1333 sive
504 1305 614 1333 dicitur.
635 1305 687 1338 Qui
713 1313 779 1341 ergo
823 1307 899 1334 illum
923 1308 963 1335 ait

173 1355 226 1375 non
250 1348 442 1376 circumscribi
465 1348 493 1376 in
514 1356 596 1376 carne
614 1369 621 1379 ,
638 1354 773 1383 quatenus
796 1349 896 1378 similis
920 1355 964 1378 est

172 1393 268 1428 nobis;
284 1398 376 1430 negat,
389 1394 533 1423 benedicte
549 1396 584 1422 mi
611 1395 704 1429 frater,
722 1396 805 1424 Deum
822 1397 848 1424 in
879 1404 964 1424 carne

171 1439 343 1474 apparuisse.
370 1439 563 1466 contradicens
580 1437 729 1474 Evangelio
743 1440 858 1472 Christi,
870 1445 898 1468 et
913 1449 964 1476 par

170 1490 213 1516 cst
225 1485 336 1513 Judaais.
355 1485 407 1514 Ubi
437 1487 510 1514 enim
529 1494 623 1514 verum
651 1488 704 1514 crit
733 1486 819 1520 illud,
845 1488 963 1516 similem

1013 239 1104 274 τρισὶν
1124 239 1320 273 ὑποστάσεσιν,
1334 240 1392 267 ἀλλ’
1413 240 1461 276 ὅλη
1478 240 1521 276 ἐφ’
1534 241 1643 277 ἑκάστῳ
1665 241 1803 278 προσώπῳ

1015 285 1192 321 Θεωρουμένη
1213 287 1385 321 ἀμερίστως·
1398 287 1413 314 ὃ
1424 288 1472 314 καὶ
1488 288 1641 324 παράδοξον
1650 296 1658 304 ο
1677 289 1744 315 Θεὸν
1758 289 1803 316 λέ-

1014 340 1074 365 γειν
1095 332 1220 366 ἕκαστον,
1243 333 1292 360 καὶ
1313 335 1352 366 εἰς
1375 334 1423 361 ἕνα
1442 334 1509 362 Θεὸν
1531 335 1751 370 ἀνακεφαλαιοῦν
1772 337 1803 364 τὸ

1014 378 1191 414 ὁμολόγημα·
1210 381 1280 407 κατὰ
1301 380 1330 407 δὲ
1351 380 1382 407 τὸ
1395 381 1446 415 τῆς
1469 381 1637 416 οίκονομίας,
1655 382 1738 409 πάλιν
1756 391 1803 410 πι-

1015 424 1132 458 στεύειν,
1149 426 1189 453 ὅτι
1219 426 1246 452 Ὁ
1263 427 1357 462 Λόγος
1373 427 1452 461 σὰρξ
1466 427 1603 462 ἑτέιλετο⁶
1628 428 1712 463 ῆγουν
1731 429 1745 455 ὁ
1763 426 1804 460 εἷς

1014 471 1064 506 τῆς
1086 471 1168 505 ἁγίας
1190 471 1306 507 Τριάδος
1327 472 1461 508 ἐγεννήθη
1485 475 1518 500 ὲκ
1534 474 1584 509 τῆς
1609 474 1802 510 παναχράντου

1015 516 1151 552 παρθένου
1162 518 1273 553 Μαρίας
1283 527 1289 534 ·
1305 519 1400 553 μείνας
1425 519 1476 554 μὲν
1492 519 1560 555 ὅπερ
1575 517 1620 555 ἦν,
1640 519 1706 552 Θεὸς
1721 520 1803 547 ἀναλ-

1014 563 1134 595 λοίωτος,
1157 563 1205 591 καὶ
1227 563 1265 599 τῷ
1288 565 1376 599 Πατρὶ
1391 565 1536 598 συναῖδιος,
1555 565 1715 600 προσλαϐὼν
1727 565 1755 592 δὲ
1774 566 1804 592 τὺ

1014 610 1150 645 ἡμέτερον
1177 610 1222 637 διὰ
1249 612 1300 646 τῆς
1323 610 1492 646 παρθενικῆς
1515 612 1544 637 ὲν
1568 611 1707 646 ῐΙνεύματι
1731 612 1804 647 ἁγίῳ

1013 657 1181 692 γεννήσεως.
1193 656 1249 684 Καὶ
1264 656 1340 683 ἔστιν
1355 656 1414 689 ὅλος
1429 656 1562 688 Θεὺς.καὶ
1576 657 1636 689 ὅλος
1648 657 1803 693 ἄνθρωπος’

1013 702 1062 729 ὅλα
1079 702 1170 737 φέρων
1189 702 1342 735 ἁνελλιπῶς
1368 704 1398 730 ὲν
1419 703 1510 738 ἑαυτῷ
1530 703 1566 730 τὰ
1588 703 1643 730 τῶν
1664 704 1804 739 ἑκατέρων

1014 748 1121 784 φύσεων
1137 748 1166 781 ἐξ
1177 745 1215 776 ὧν
1228 749 1358 785 συνετέθη
1370 757 1378 765 ’
1391 748 1528 785 θεότητος,
1543 749 1624 786 φημὶ,
1639 750 1687 777 καὶ
1699 749 1805 786 ἀνθρω-

1013 795 1141 829 πότητος,
1159 795 1188 821 ὲν
1205 795 1256 830 μιᾷ
1276 795 1424 822 ὑποστάσει
1442 795 1591 831 ἰδιώματα·
1613 796 1803 832 περιγραπτδς

1014 842 1062 867 καὶ
1083 842 1113 867 οὑ
1136 842 1325 876 περιγραπτός
1335 849 1343 857 ·
1359 842 1390 868 τὸ
1405 842 1455 878 μὲν
1469 842 1540 869 κατὰ
1563 842 1614 878 τὴν
1630 842 1756 879 θεότητα,
1771 843 1804 870 τὸ

1015 886 1044 913 δὲ
1059 886 1131 913 κατὰ
1147 886 1197 922 τὴν
1212 887 1425 922 ἀνθρωπότητα·
1435 887 1523 914 ταῦτα
1538 887 1592 923 γὰρ
1607 887 1642 914 τὰ
1658 887 1802 923 ίδιώματα·

1014 933 1062 959 καὶ
1074 932 1112 968 τῷ
1127 933 1176 967 μὲν
1195 933 1397 968 ἀπεριγράπτῳ
1411 930 1452 965 εἷς
1466 933 1504 961 ὢν
1514 933 1564 970 τῆς
1579 934 1659 968 ἁγίας
1670 935 1803 970 Τριάὸοςο

1013 978 1052 1015 τῷ
1067 978 1094 1005 δὲ
1110 979 1302 1015 περιγραπτῷ,
1319 976 1359 1011 εἷς
1371 978 1409 1007 ὢν
1423 980 1453 1012 ἐξ
1468 980 1557 1015 ἡμῶν.
1573 981 1632 1008 Κάν
1649 981 1737 1017 τούτῳ
1755 991 1804 1010 πι-

1014 1024 1124 1052 στοῦται
1140 1026 1253 1060 μεσίτης
1267 1026 1335 1052 Θεοῦ
1353 1026 1401 1053 καὶ
1417 1026 1570 1061 ἀνθρώπων
1587 1027 1744 1063 γενόμενος,
1764 1028 1805 1060 ὡς

1013 1072 1158 1099 συνάπτων
1174 1073 1208 1099 τὰ
1224 1073 1297 1108 ἄκρα
1313 1072 1382 1107 πρὸς
1394 1073 1503 1104 ἑαυτὸν,
1521 1073 1568 1099 καὶ
1583 1073 1617 1100 δι’
1629 1073 1713 1100 αὑτοῦ
1726 1074 1804 1106 θείας

1013 1119 1121 1153 φύσεως
1138 1119 1285 1151 κοινωνοὺς
1299 1119 1346 1146 καὶ
1363 1119 1430 1146 Θεοῦ
1452 1120 1528 1151 υἱοὺς
1546 1121 1621 1155 ἡμᾶς
1642 1121 1806 1157 ἀπεργασά-

1015 1174 1096 1200 μενος
1105 1173 1112 1180 ·
1127 1166 1157 1192 τὺ
1172 1166 1329 1201 θαυμαστὸν
1342 1166 1391 1193 καὶ
1402 1167 1590 1202 ὗπεραινετδν,
1599 1169 1647 1195 καὶ
1658 1168 1805 1202 νοούμενον

1015 1212 1062 1238 καὶ
1077 1211 1234 1248 λεγόμενον.
1256 1212 1285 1238 '0
1300 1211 1348 1239 οὖν
1365 1212 1453 1246 λέγων
1469 1212 1550 1240 αὑτὸν
1575 1212 1613 1249 μὴ
1634 1213 1807 1248 περιγράφε-

1015 1259 1077 1285 σθαι
1097 1260 1127 1285 ὲν
1149 1259 1232 1293 σαρκὶ
1259 1258 1320 1285 καθ’
1340 1259 1471 1293 ὁμοίωσιν
1489 1259 1639 1294 ἡμετέραν,
1665 1260 1804 1295 ἀρνεῖται,

1015 1303 1181 1338 εὐλογημένε
1198 1312 1250 1338 μου
1274 1304 1382 1338 ἀδελφὲ,
1398 1304 1465 1331 Θεὸν
1475 1305 1504 1332 ὲν
1515 1305 1599 1340 σαρκὶ
1612 1306 1713 1340 φᾶναι·
1729 1305 1806 1333 ἀντι-

1013 1349 1182 1384 τασσόμενος
1198 1349 1238 1385 τῷ
1257 1350 1415 1386 Εὑαγγελίῳ
1437 1351 1485 1378 τοῦ
1510 1351 1629 1388 Χριστοῦ
1641 1372 1649 1385 ,
1665 1352 1712 1379 καὶ
1730 1352 1807 1384 ἐστιν

1020 1393 1159 1425 Ἰουδαίοις
1173 1394 1240 1426 ἴσος.
1264 1394 1319 1421 Ποῦ
1339 1395 1393 1430 γὰρ
1408 1395 1553 1431 ἀληθεύσει
1577 1396 1607 1423 τὸ
1622 1397 1715 1431 ὅμοιον
1735 1397 1807 1433 ἡμῖν

1014 1439 1087 1473 κατὰ
1102 1439 1192 1466 πάντα
1207 1440 1367 1474 γεγονέναι,
1382 1440 1462 1476 εἴπερ
1481 1442 1519 1477 μὴ
1536 1441 1729 1477 ἐξεικονίζοιτο
1741 1444 1807 1472 καθ’

1014 1486 1105 1521 ἡμᾶς
1123 1485 1177 1513 ιΙοῦ
1199 1486 1228 1512 δὲ
1248 1486 1278 1513 τό
1291 1494 1297 1500 ⁸
1315 1487 1520 1522 Ψηλαρήσατέ
1531 1497 1570 1523 με
1584 1488 1633 1517 καὶ
1655 1489 1743 1522 were,
1758 1489 1808 1517 ὅτι

171 1531 252 1560 nobis
267 1539 313 1567 per
328 1532 420 1560 omnia
451 1531 552 1559 factum
570 1541 631 1561 esse
645 1553 652 1565 ,
680 1533 703 1561 si
728 1533 856 1569 imagine,
882 1542 960 1562 more

1015 1531 1135 1567 πνεῦμα
1158 1531 1258 1567 σάρκα
1273 1533 1324 1560 καὶ
1348 1534 1440 1560 ὀστέα
1463 1535 1519 1561 οὐκ
1546 1535 1620 1569 ἔχει,
1643 1537 1740 1570 καθὼς
1751 1536 1809 1572 ἐμὲ

173 1583 284 1609 nostro.
306 1586 361 1605 non
386 1578 641 1613 expritnatur?Ubi
667 1579 755 1607 illud:
782 1580 895 1615 Palpate
922 1588 963 1609 me

172 1628 198 1657 et
214 1623 306 1658 videte,
324 1625 388 1660 quia
400 1624 513 1659 spiritus
529 1633 636 1653 carnem
660 1630 686 1653 et
707 1634 769 1654 ossa
787 1635 840 1654 non
863 1627 962 1658 habet,

170 1671 239 1703 sicut
272 1680 313 1698 me
345 1671 439 1699 videtis
464 1672 680 1702 Itabcre"?Ubi
711 1679 737 1701 ct
767 1674 832 1701 illud
858 1683 864 1700 :
892 1674 962 1706 Quid

170 1725 211 1749 me
235 1717 314 1745 vultis
329 1717 490 1752 interﬁcere,
519 1718 650 1746 hominem
670 1720 716 1754 qui
732 1721 868 1747 veritatem
889 1714 961 1747 uobis

171 1764 274 1797 locutu:
313 1773 394 1797 tum,
436 1774 518 1800 quant
565 1767 656 1795 audivi
677 1776 694 1794 α
731 1767 867 1794 Patre"?
907 1767 962 1800 Qui

170 1817 237 1846 ergo
266 1819 320 1838 non
347 1811 598 1845 circumscribitur,
627 1820 677 1840 nec
697 1813 798 1840 sitnilis
822 1813 901 1840 nobis
921 1817 963 1840 est

171 1856 244 1884 haud
269 1857 372 1890 dubie,
402 1864 453 1885 nec
482 1858 619 1892 palpatur,
646 1865 736 1892 neque
774 1865 857 1892 porro
887 1858 963 1886 occi-

171 1903 257 1934 ditur.
285 1903 366 1938 Atqui
400 1903 507 1931 occisus
539 1910 602 1937 est,
634 1910 661 1932 et
691 1906 817 1940 palpatus
834 1909 894 1940 post
920 1912 964 1932 re-

172 1947 384 1978 surrectionem.
411 1948 482 1983 Ergo
499 1954 526 1976 et
545 1949 734 1976 circumscribi
759 1949 831 1976 sicut
845 1957 896 1976 nos
914 1957 962 1984 per

172 1994 319 2030 imaginem
345 1999 445 2030 potest.
474 1994 528 2023 Sed
553 2000 715 2026 evanuerunt
741 1995 768 2029 in
793 1996 963 2031 cogitationi-

172 2040 221 2070 bus
258 2041 314 2069 suis
341 2040 538 2073 lconomachi,
574 2048 599 2069 et
626 2040 796 2068 obscuratum
827 2047 866 2070 est
895 2044 964 2069 insi-

170 2087 245 2122 piens
267 2094 312 2114 cor
335 2095 426 2114 eorum
438 2087 478 2114 ’δι
498 2095 530 2114 ex
552 2095 586 2115 eo
606 2089 679 2123 quod
693 2093 793 2123 negant
818 2088 962 2124 imaginem

172 2132 289 2166 Christi,
303 2137 331 2160 et
347 2132 481 2168 Deipane,
496 2138 523 2160 et
536 2134 658 2160 omnium
674 2139 845 2166 sanctorum,
862 2141 964 2169 negan-

173 2184 214 2207 tes
239 2179 390 2206 salutarem
415 2178 671 2214 dispensationem;
698 2184 726 2207 ct
749 2179 890 2207 Christum
916 2188 964 2206 ore

1014 1577 1148 1612 θεωρεῖτε
1161 1578 1286 1613 ἔχοντα;
1294 1579 1347 1606 Ποῖ
1361 1580 1390 1607 δὲ
1403 1581 1442 1612 τὸ,
1462 1581 1493 1608 Τί
1499 1589 1538 1616 με
1553 1581 1656 1608 θέλετε
1667 1582 1809 1611 ἀποκτεῖ-

1014 1633 1075 1654 ναι,
1093 1623 1250 1658 ἄνθρωπον
1265 1625 1300 1657 ὃς
1316 1625 1373 1659 τὴν
1385 1626 1532 1661 ἀλήθειαν
1546 1627 1618 1662 ὑμῖν
1634 1627 1806 1662 λελάληκα,

1015 1670 1056 1704 ῆν
1069 1670 1189 1705 ἤκουσα
1203 1670 1284 1705 παρὰ
1298 1671 1352 1699 τοῦ
1375 1673 1510 1706 Πατρός;
1527 1672 1555 1699 ’0
1570 1673 1660 1700 τοίνυν
1673 1674 1712 1710 μὴ
1724 1682 1807 1710 περι-

1015 1716 1210 1751 γραφόμενος,
1230 1716 1288 1743 οὗθ’
1312 1718 1403 1752 ὅμοιος
1429 1718 1496 1754 ἡμῖν
1518 1718 1651 1754 δηλονότι,
1677 1720 1734 1747 οὔτ’
1771 1719 1807 1748 αὖ

1014 1762 1194 1797 ψηλαφᾶται,
1217 1763 1271 1789 οὐδ’
1299 1763 1330 1789 οὐ
1354 1764 1409 1799 μὴν
1430 1764 1623 1800 ᾁποκτὲνεται.
1644 1765 1726 1793 Ἀλλὰ
1751 1767 1809 1802 μὴν

1014 1808 1173 1844 ἀπεκτάνθη
1201 1808 1248 1836 καὶ
1275 1809 1438 1845 ἐψηλαφήθη
1469 1810 1539 1845 μετὰ
1566 1811 1617 1847 τὴν
1643 1813 1806 1840 ἀνάστασιν.

1015 1855 1121 1882 οὐκοῦν
1145 1855 1193 1882 καὶ
1212 1857 1400 1891 περιγραπτδς
1415 1857 1447 1892 τῇ
1462 1857 1524 1884 καθ’
1539 1858 1614 1893 ἡμᾶς
1632 1859 1806 1892 ὲξεικονίσει.

1021 1902 1091 1929 Ἀλλ’
1106 1902 1335 1937 ἐματαιώθησαν
1351 1903 1385 1930 ὲν
1398 1904 1461 1936 τοῖς
1484 1903 1693 1940 διαλογισμοῖς
1705 1907 1809 1933 αὐτῶν

1014 1948 1038 1975 οἱ
1051 1948 1240 1984 Εἱκονομάχοι,
1255 1949 1303 1976 καί
1317 1949 1484 1984 ἐσκοτίσθη
1503 1951 1523 1985 ἡ
1541 1951 1691 1985 ἀσύνετος
1706 1953 1809 1980 αὐτῶν

1014 1994 1121 2028 καρδία
1133 2002 1140 2009 ·
1160 1995 1193 2022 ὲκ
1209 1994 1256 2021 τοῦ
1274 1995 1416 2030 ἀρνεῖσθαι
1427 1995 1477 2030 τὴν
1491 1996 1584 2023 εἰκόνα
1601 1997 1732 2032 Χριστοῦ,
1756 1998 1808 2025 σὺν

1014 2040 1065 2074 τῆς
1079 2040 1223 2073 Θεοτόκου,
1239 2041 1286 2067 καὶ
1300 2040 1430 2073 ἁπάντων
1447 2042 1502 2068 τῶν
1525 2042 1621 2076 ἁγίων,
1641 2043 1807 2079 ἀρνούμενοι

1014 2086 1063 2121 τὴν
1085 2087 1218 2122 σωτήριον
1234 2087 1403 2122 οἰκονομίαν,
1427 2088 1476 2114 καὶ
1500 2088 1620 2123 Χριστὸν
1644 2089 1694 2124 μὲν
1708 2089 1809 2124 ὁμολο‹

1014 2133 1139 2166 γοῦντες,
1153 2132 1192 2164 ὡς
1203 2133 1237 2158 τὰ
1248 2132 1376 2168 δαιμόνια
1388 2154 1396 2166 ,
1415 2135 1470 2165 τοῖς
1483 2134 1511 2160 δὲ
1527 2134 1617 2170 ἔργοις
1630 2135 1806 2170 ἀρνούμενοι.

1017 2179 1054 2205 Οὐ
1071 2179 1125 2214 γάρ
1139 2178 1307 2214 τοιΧριστὺς
1321 2180 1335 2205 ὁ
1348 2180 1482 2215 Χριστὸς,
1495 2182 1520 2207 εί
1537 2181 1574 2216 μὴ
1588 2182 1805 2216 περιγράφοιτο·

170 2224 283 2259 quidem
301 2225 475 2257 conﬁtcntes,
502 2225 575 2252 sicut
590 2225 736 2258 daunonia,
764 2225 894 2260 operibus
913 2233 962 2252 au-

1015 2225 1075 2252 οὑδὲ
1091 2227 1304 2260 προσκυνεῖται,
1319 2227 1344 2253 εἰ
1369 2226 1407 2262 μὴ
1429 2227 1588 2254 πιστεύεται
1611 2228 1641 2254 ὲν
1663 2230 1696 2264 τῇ
1719 2229 1809 2258 εικόνι

170 2276 224 2298 tem
242 2275 384 2305 negantes.
409 2269 505 2305 Neque
517 2271 591 2298 enim
608 2271 735 2299 Christus
756 2271 882 2299 Christus
899 2277 961 2305 est,

1015 2272 1098 2299 αὑτοῦ
1116 2273 1364 2307 προσκυνούμενος.

169 2317 194 2344 si
215 2325 269 2344 non
290 2317 557 2350 circumscribatur;
581 2325 669 2351 neque
693 2317 836 2349 adoratnr,
863 2317 885 2345 si
907 2325 960 2344 non
1008 2321 1012 2324 '

169 2362 291 2391 creditur
308 2363 334 2389 in
353 2362 472 2398 imagine
486 2370 536 2391 sua
554 2363 676 2390 adorari.

205 2408 252 2436 Sic
271 2409 364 2444 igitur,
376 2417 393 2436 o
409 2409 493 2436 homo
516 2408 574 2441 Dei,
592 2417 621 2436 se
638 2409 720 2440 habet
745 2409 865 2436 veritas:
881 2414 962 2444 atque

170 2454 206 2481 ita
223 2454 378 2482 douuerunt
392 2459 420 2481 ct
434 2454 551 2489 apostoli
563 2474 571 2487 ,
585 2459 612 2485 et
628 2455 779 2490 prophetat,
795 2460 824 2482 et
837 2454 893 2482 Deo
905 2455 961 2490 ple-

169 2501 197 2527 ni
217 2500 327 2533 Patres;
345 2500 368 2528 si
385 2508 438 2527 non
453 2496 550 2527 iisdem
563 2501 666 2533 verbis,
685 2505 713 2528 at
727 2507 802 2528 certe
813 2508 859 2536 per
868 2508 959 2527 veram

169 2554 264 2574 eorum
277 2555 338 2582 qua:
352 2546 386 2581 ab
403 2547 457 2575 illis
471 2547 544 2576 dicta
561 2547 868 2582 suntexplanationem.
879 2545 960 2579 Nam,

169 2593 244 2620 velut
267 2593 374 2621 semina
391 2593 527 2628 quaadam,
558 2594 704 2628 proposita:
719 2599 786 2621 sunt
799 2601 894 2621 omnes
912 2593 960 2621 do-

172 2640 299 2676 gmaticze
318 2628 461 2667 seritentize
481 2639 507 2666 in
530 2639 686 2667 divinorum
711 2640 882 2674 (loquiorum
911 2646 960 2666 no-

1048 2405 1140 2437 Οὕτως
1158 2415 1214 2439 ουν,
1234 2402 1394 2439 ὧᾶνθρωπε
1413 2406 1459 2432 τοῦ
1477 2406 1556 2438 Θεοῦ,
1572 2407 1589 2442 ἡ
1606 2407 1719 2442 ἀλήθεια
1731 2416 1739 2423 ·
1758 2407 1808 2435 καὶ

1012 2451 1098 2484 οὕτως
1113 2451 1324 2488 δεδογμάτισται
1341 2452 1417 2487 παρά
1435 2461 1464 2478 τε
1477 2453 1648 2486 ἀποστόλων,
1662 2454 1709 2480 καὶ
1735 2463 1807 2489 προ-

1013 2497 1117 2534 φητῶν,
1147 2498 1195 2525 καὶ
1227 2496 1365 2533 θεοφόρων
1384 2498 1532 2534 Πατέρων·
1553 2498 1606 2526 κᾶν
1637 2499 1688 2526 οὒκ
1707 2499 1806 2532 αὑταῖς

1012 2543 1128 2578 λέξεσιν,
1143 2543 1211 2571 ἀλλά
1223 2552 1255 2578 γε
1266 2543 1311 2570 διὰ
1324 2543 1374 2579 τῆς
1388 2543 1505 2578 ἀληθοῦς
1517 2544 1572 2570 τῶν
1595 2543 1642 2570 ὑπ“
1653 2543 1744 2570 αὐτῶν
1759 2544 1806 2570 λε·-

1012 2589 1154 2625 λεγμένων
1176 2589 1403 2626 ἀναθεωρήσεως.
1421 2587 1472 2616 Οἷα
1487 2590 1541 2625 γάρ
1567 2599 1628 2616 τινα
1645 2590 1805 2625 σπέρματα,

1012 2635 1214 2671 προϐέϐληνται
1229 2635 1317 2662 πᾶσαι
1337 2635 1366 2662 αἱ
1382 2635 1546 2670 δογματικαὶ
1558 2635 1689 2671 δυνάμεις
1701 2637 1806 2668 ὲν-ταῖς

172 2686 294 2720 tionibus
311 2695 319 2713 :
335 2686 453 2714 subinde
472 2689 563 2713 autem
590 2686 779 2713 exorientibus
807 2685 959 2712 hzeresibus

1015 2681 1064 2708 τῶν
1081 2681 1160 2708 θείων
1171 2681 1268 2715 λογίων
1284 2681 1394 2716 νοήσεσι
1405 2689 1410 2695 ·
1421 2683 1480 2709 rei:
1495 2682 1522 2707 δὲ
1537 2681 1608 2708 κατὰ
1625 2681 1719 2717 καιρὸν
1737 2682 1806 2708 ἀνα-

170 2736 348 2767 ppponuntur
358 2732 466 2767 pietatis
476 2731 614 2766 dogmata,
628 2731 692 2758 inde
706 2730 825 2765 Spiritus
843 2730 959 2766 impulsu

171 2780 281 2816 paculio
291 2788 297 2807 :
306 2784 333 2809 et
341 2779 487 2812 impietatis
497 2779 601 2805 tizania
611 2778 766 2806 abolentur.
775 2777 820 2806 Sic
829 2783 854 2805 et
865 2782 890 2804 tu
901 2786 960 2805 crc—

210 2858 230 2881 i'
249 2857 326 2889 Joan.
367 2866 385 2890 ι,
404 2858 445 2885 ll.
484 2858 506 2874 "
523 2856 589 2885 Luc.
607 2865 681 2890 xxxv,
700 2856 745 2886 59.
785 2857 807 2872 ’⁵
823 2859 904 2888 Joan.
933 2863 977 2882 ru:
996 2874 1002 2887 ,

1015 2729 1164 2765 φυομέναις
1179 2729 1319 2764 αἱρέσεσιν
1334 2728 1549 2762 ὰντεπεξάγεται
1564 2729 1597 2755 τὰ
1608 2727 1729 2759 εὐσεΰῶς
1742 2727 1806 2761 δογ-

1019 2775 1205 2812 ματιζόμενα,
1234 2775 1341 2802 ἐκεῖθεν
1374 2775 1631 2811 πνευματοκινήτως
1661 2773 1803 2810 γεωργούιυ

1032 2854 1076 2881 40.
1132 2854 1153 2871 ’⁸
1172 2854 1248 2883 lium.
1274 2861 1291 2885 t.
1309 2853 1354 2880 Si.
