1912 3080
103 149 159 183 1L9?

684 137 952 172 EPISTOLABUM
982 138 1056 170 LIB.
1076 139 1118 170 ll.

1644 136 1712 169 1498

104 213 161 242 μενα
201 203 248 230 καὶ
271 202 317 230 τὰ.
333 201 384 237 τῆς
411 199 539 231 ἀσεϐείας
558 197 670 231 ζιζάνια
696 195 876 224 summa.

933 195 1006 227 lteris,
1024 194 1086 224 vale
1111 193 1139 221 in
1161 192 1289 227 Domino,
1305 192 1444 222 Christum
1461 192 1589 226 adorans,
1606 189 1633 219 et
1646 192 1714 220 ado-

103 251 182 280 θῦτως
193 249 241 276 καὶ
248 248 330 280 αὐτὸς
344 246 490 279 πιστεύων,
504 245 610 282 ἔρρωσο
625 244 654 271 έν
669 243 774 279 Κυρίῳ,
789 249 875 277 προσ-

102 296 177 325 κυνῶν
202 295 248 322 τὸν
271 293 388 330 Χριστὸν
408 312 416 326 ,
443 290 603 327 προσκυνῶν
629 289 677 316 καὶ
705 288 756 322 τὴν
782 287 875 313 εἰκόνα

101 341 171 370 αὖτοῦ
183 349 191 358 ’
203 340 254 376 τὴν
278 338 422 370 Θεοτόκον,
449 337 497 364 καὶ
510 335 560 371 τὴν
581 335 673 361 εἰκόνα
685 333 770 368 αὐτῆς
786 341 793 348 ·
811 332 875 364 τοὺς

101 388 193 422 ἁγίους,
208 386 256 414 καὶ
270 385 320 416 τὰς
332 384 439 414 εἰκόνας
453 381 553 408 αὐτῶν·
570 379 664 415 ἐπειδὴ
678 380 708 407 ὲν
715 379 774 410 ταῖς
788 377 874 404 εἰκόσι

101 421 129 460 τά
145 431 307 468 πρωτότυτοα
322 426 557 465 προσκεκύνηνται
568 433 575 440 ·
590 425 637 453 καὶ
659 425 677 460 ἡ
695 423 746 458 τῆς
770 421 875 453 εἰκόνος

927 246 993 268 rans
1007 239 1155 273 imaginem
1167 239 1248 274 ejus;
1266 239 1422 274 Deiparam,
1435 243 1463 266 et
1476 239 1537 274 ejus
1548 239 1713 274 imaglnem;

928 289 1054 317 sanctos.
1085 289 1229 313 eteorum
1259 285 1410 320 imagines;
1437 285 1658 320 quandoquidem
1687 285 1714 312 in

928 329 1096 366 imaginibus
1116 335 1262 366 prototypa
1281 331 1447 363 adorantur;
1477 335 1504 358 et
1530 331 1620 358 honor
1647 331 1714 358 ima-

928 377 1000 412 ginis
1021 379 1064 406 .ad
1091 383 1266 419 prototypum
1294 378 1442 411 ascendit,
1471 382 1502 406 ut
1533 378 1572 406 ait
1596 386 1714 414 magnus

928 422 1055 452 Basilius.

100 479 156 515 τιμὴ
168 478 214 504 ἐπὶ
226 476 258 504 τδ
271 474 448 511 πρωτότυπον
464 472 615 505 ἀναϐαίνει,
630 469 668 502 ὥς
685 477 768 505 φησιν
789 470 803 495 ό
829 469 916 503 μέγας
928 469 1079 503 Βασίλειος.

192 532 269 560 ΡΝΘ¹
281 531 349 567 (51).
361 545 398 551 -—
414 528 501 565 Θωμᾷ
516 527 731 562 χαρτουλαρίῳ.
747 523 838 561 [χνε’.]

1067 527 1157 556 CLIX.
1175 543 1211 549 -—
1225 528 1333 557 Thema:
1352 527 1517 554 cltarlulario
1532 526 1574 563 (‘).

181 588 253 619 Quod
262 588 304 619 qui
314 587 492 612 monasterium
500 584 622 614 condidit,
638 582 660 609 si
670 589 758 608 manus
768 582 794 606 in
810 580 875 606 illud
889 579 994 614 injiciat,
1005 587 1135 615 postquam
1146 583 1277 616 praeposito
1285 583 1393 614 tradidit,
1406 584 1460 609 Deo
1472 589 1522 607 non
1533 583 1615 614 placet

134 643 262 678 Ἐντυχὼν
275 643 332 674 τοῖς
346 642 491 679 γράμμασι
505 639 555 674 τῆς
580 637 736 674 τιμιότητός
754 643 814 665 σου.
828 633 876 660 καὶ

100 688 255 724 καταμαθὼν
264 689 306 716 ὅτι
322 687 447 723 παρῆλθε
460 686 508 713 τοῦ
523 685 582 721 βίου
597 686 613 720 ή
638 683 721 718 κυρία
735 682 783 709 καὶ
810 680 876 716 ὁμό-

100 735 180 769 ζυγος.
206 733 363 769 συνήλγησα
383 741 437 764 σοι,
465 731 595 761 δέσποτα,
613 728 691 760 εἰδὼς
703 728 777 759 ,ὅσον
802 726 876 752 ἐστὶν

99 780 213 815 ἀλγεινὸν
229 779 261 806 τδ
277 779 371 810 πάθος.
395 779 443 804 Ὃν
453 777 508 813 γὰρ
523 777 596 802 ποιεῖ
609 775 731 811 μάχαιρα
741 773 876 808 τέμνουσα

183 826 275 858 πόνον,
299 809 439 851 τὸνναῦτὺν
517 824 532 849 ό
552 809 614 857 τῆς
628 809 780 856 ὁμοζυγίας
794 826 877 854 χωρι-
893 809 913 837 Β

99 872 166 908 σμός.
181 871 241 899 Μία
255 870 310 906 γὰρ
324 869 465 897 κάνταῦθα
479 867 558 904 σὰρξ,
570 867 640 894 κατὰ
649 867 699 901 τὴν
711 865 758 892 τοῦ
772 864 877 900 Κυρίου

98 917 190 952 φωνήν.
212 916 284 943 Ἀλλ’
299 916 373 951 ὅμως
401 915 523 953 ἐγένετο,
537 913 585 940 καὶ¹
601 912 758 947 ὑπέστημεν
771 910 804 937 τὸ
819 918 877 936 κοι-

98 963 136 990 νὸν
160 964 242 990 πᾶσιν
274 962 412 997 ἐπιτίμιον
439 960 488 995 τῆς
519 958 692 993 διαζεύξεως.
716 956 824 992 Μικρὸν
849 955 878 982 δὲ

99 1008 202 1045 ὕστερον
227 1009 274 1035 καί
287 1009 369 1043 ἡμεῖς
381 1007 431 1042 τὴν
447 1006 532 1041 αὐτὴν
545 1005 604 1032 ὁδὸν
628 1003 827 1040 πορευσόμεθα,
841 1001 879 1033 ὡς

97 1053 166 1082 οἶσθα
179 1062 186 1071 ·
216 1054 263 1081 καὶ
285 1052 372 1085 οὕτως
397 1054 411 1079 ό
427 1052 495 1088 βίος,
521 1051 572 1078 οὒκ
585 1050 666 1082 ὄντας
677 1049 813 1084 γενέσθαι,
830 1047 879 1074 καὶ

97 1101 253 1136 γενομένους
274 1098 450 1134 ἀναλυθῆναι.
478 1096 668 1132 Ἐπῃνὲσαμεν
685 1094 714 1121 δὲ
728 1094 778 1129 τὴν
800 1092 879 1119 εὐσέ-

100 1147 168 1174 ϐειάν
189 1155 248 1178 σου,
267 1146 302 1181 τῇ
316 1143 451 1177 διαζεύξει
480 1142 668 1177 αἱρησαμένην
682 1139 808 1176 μονάσαι,
832 1138 881 1164 καὶ

98 1192 254 1227 κουηθῆναι
266 1190 296 1224 ἐξ
311 1189 459 1224 ὁλοκλήρου
475 1188 514 1223 τῷ
527 1188 633 1223 Κυρίῳ.
647 1185 733 1212 Τοῦτο
747 1184 800 1220 γὰρ
818 1184 880 1219 ἐδή-

97 1239 138 1265 λου
151 1239 180 1265 τὺ
197 1238 318 1274 γράμμα
330 1244 337 1251 ·
354 1236 401 1263 καὶ
423 1234 587 1269 ὃτιάδελφός
603 1242 646 1264 τις
662 1231 787 1267 μονάζων
810 1230 880 1274 πάρ-

97 1292 162 1311 εστιν
179 1284 222 1315 εἰς
249 1281 361 1317 όδηγίαν
388 1280 435 1307 τοῦ
461 1278 622 1315 τηλικούτου
639 1276 707 1312 βίου.
728 1277 777 1302 Ὃν
802 1273 881 1306 αὖθις

97 1328 239 1364 ἁπέκρινεν
258 1327 296 1358 ὡς
314 1325 455 1360 ἀδόκιμον,
481 1324 525 1351 διὰ
553 1323 714 1359 δηλώματος
742 1320 880 1357 Γεωργίου

97 1374 138 1401 τοῦ
152 1373 236 1401 καλοῦ
262 1372 369 1408 ἀνδρὸς1
393 1371 442 1398 καὶ
459 1370 560 1398 οἰκείου
575 1369 710 1404 Νοταρίου
728 1376 735 1383 ·
759 1367 838 1394 ἀλλον
852 1367 882 1396 δὲ

97 1421 158 1456 πρὸς
178 1419 259 1456 ἡμῶν
285 1418 394 1454 δοθῆναι
421 1417 521 1453 μᾶλλον
546 1416 674 1449 αἰτοῦσα,
705 1414 753 1442 τὸν
780 1413 882 1445 ἱκανῶς

97 1467 186 1502 ἔχοντα
200 1465 372 1500 κυῦερνῆσαι
387 1464 487 1500 ψυχὰς,
505 1463 553 1508 καί
571 1462 635 1508 ὃλην
651 1460 735 1508 μονὴν
746 1459 879 1508 διασώσα-
893 1479 914 1508 c

98 1511 164 1538 σθαι.
183 1511 214 1537 '0
229 1510 278 1546 μὲν
299 1508 345 1536 οὖν
369 1509 478 1540 ἔπαινος
493 1507 605 1534 εἰκότως
621 1507 686 1541 ἡμῖν
705 1504 878 1540 προείρηται.

97 1557 138 1591 Δεῖ
150 1555 178 1583 δὲ
192 1555 302 1591 πρῶτον
322 1554 420 1590 μαθεῖν
433 1554 515 1589 ὑμᾶς,
530 1552 557 1579 τί
580 1551 611 1578 τὸ
637 1550 779 1586 μοναδικὺν
796 1549 880 1584 ἐπάγ-

96 1602 188 1638 γελμα,
208 1601 258 1628 καὶ
278 1601 340 1628 ὅσον
354 1599 384 1626 τὸ
401 1599 448 1626 τοῦ
465 1599 522 1634 βίου
537 1598 621 1633 ὕψος·
639 1597 683 1624 ἵνα
701 1596 738 1631 μὴ
757 1595 880 1630 ἀπείρως

97 1648 274 1684 εἰσαχθέντες,
286 1645 505 1681 κινδυνεύσωμεν
520 1644 584 1679 περὶ
598 1643 644 1669 τδν
657 1642 751 1669 πλοῦν.
768 1641 799 1667 'H
811 1641 879 1684 ἁπο-

95 1692 161 1728 τιιγὴ
171 1691 249 1719 οὐδὲν
264 1690 328 1718 ἄλλο
342 1689 523 1724 καθέστηκεν,
540 1688 565 1714 εἰ
579 1686 616 1722 μὴ
634 1684 752 1720 σταυροῦ
769 1684 816 1710 καὶ
831 1683 879 1710 θα-

97 1738 169 1765 νάτου
191 1736 354 1772 ἐπαγγελία.
380 1735 412 1762 Τι
440 1733 538 1767 τοῦτο;
562 1732 631 1759 κατὰ
655 1732 701 1758 τὸν
728 1731 807 1765 λόγον
831 1729 878 1756 τοῦ

97 1784 207 1819 Κυρίου,
225 1784 292 1809 πᾶσι
308 1782 365 1812 τοῖς
381 1779 480 1808 ἑαυτοῦ
504 1778 672 1815 ὑπάρχουσιν
690 1775 880 1809 ἀποτάξασθαι

96 1830 138 1856 τὸν
149 1829 322 1865 βουλόμενον,
339 1827 387 1859 καὶ
406 1827 512 1862 ἄραντα
525 1825 571 1852 τὸν
586 1822 880 1860 σταυρὸν,ἀκολουθεῖν

96 1875 176 1902 ὀπίσω
191 1873 287 1902 αὐτοῦ.
309 1873 420 1908 Ἐπειδὴ
438 1872 466 1899 δὲ
485 1871 631 1906 πρόσωπον
646 1869 739 1904 ἐπέχει
760 1867 879 1903 Χριστοῦ

97 1922 147 1953 πᾶς
162 1920 292 1956 ἀληθινὸς
313 1919 477 1955 ἡγούμενοςο
492 1916 604 1952 Χριστῷ
618 1916 663 1943 διὰ
677 1916 760 1951 μέσου
775 1915 880 1941 ἐκείνου

96 1966 252 1993 ἀκολουθεῖν
265 1964 339 1991 ἐστιν
356 1962 490 1999 meum.
506 1962 563 1989 Καὶ
580 1961 668 1995 οὕτως
683 1960 836 1996 σωθήσεται
850 1959 881 1986 τὸ

95 2012 141 2047 τῆς
152 2012 265 2047 ἐντολῆς
279 2009 454 2045 ἀξιάγαστον.

135 2060 164 2086 '0
177 2060 209 2087 δὲ
224 2059 262 2094 μὴ
278 2057 365 2088 οὕτως
383 2057 521 2093 ἑλόμενος,
538 2055 608 2083 ἀλλὰ
623 2054 726 2087 κτίζειν
743 2052 880 2089 μοναστή-

97 2113 150 2139 ριον
162 2105 193 2131 ὲν
206 2104 264 2135 τοῖς
278 2103 399 2136 οἰκείοις,
412 2102 459 2129 καὶ
473 2101 632 2139 καθηγητὴν
647 2098 879 2136 προκαλούμενος,

963 635 1055 666 Lectis
1089 638 1189 666 litteris
1218 638 1433 666 honoriﬁcentia:
1461 642 1573 669 tnaa,ut
1599 638 1714 672 cognovi

927 681 1068 710 dominam
1086 683 1229 720 coniugem
1250 689 1326 711 tuam
1348 691 1383 711 ex
1399 684 1454 711 vita
1478 682 1639 716 excessisse,
1655 683 1714 715 tibi,

928 727 1049 761 domine,
1072 730 1209 762 condolui,
1231 738 1286 757 non
1313 730 1444 765 ignorans
1464 737 1546 764 quam
1568 729 1663 757 acerba
1680 729 1716 756 sit

928 773 987 801 haec
999 783 1132 803 aerumna.
1148 775 1234 808 Quem
1250 776 1322 803 enim
1335 776 1457 803 dolorem
1469 775 1550 803 infert
1561 783 1661 811 corpus
1672 781 1716 803 se!-

927 826 993 846 cans
1015 819 1133 854 gladius,
1161 821 1288 849 eumdem
1311 821 1401 857 ipsum
1427 820 1546 856 cunjugii
1569 821 1715 854 separatio.

929 864 989 893 Una
1005 866 1079 893 enim
1099 867 1144 894 hic
1158 867 1242 894 etiam
1258 875 1333 899 caro,
1354 867 1433 903 juxta
1448 866 1556 895 Domini
1573 875 1664 895 vocem
1680 868 1714 894 “.

929 911 1054 939 Attamen
1071 913 1098 940 id
1115 913 1225 945 accidit.
1244 918 1272 941 et
1296 921 1470 942 communem
1503 914 1632 942 omnibus
1657 914 1716 941 dis-

926 958 1080 992 junctionis
1100 966 1209 994 poenam
1234 959 1409 994 pertulimus.
1423 958 1601 987 Postmodum
1625 964 1715 987 autem

929 1004 1053 1032 eamdem
1067 1008 1095 1031 et
1111 1013 1172 1038 nos,
1191 1009 1218 1032 ut
1233 1005 1300 1038 scis,
1314 1004 1388 1032 viam
1402 1004 1607 1040 ingrediemur;
1622 1009 1649 1032 et
1658 1005 1716 1032 haec

929 1054 971 1077 est
985 1049 1047 1077 vitae
1065 1050 1197 1082 conditio,
1216 1058 1265 1078 eos
1287 1051 1335 1086 qui
1352 1058 1407 1078 non
1426 1055 1500 1082 sunt.
1527 1050 1612 1084 nasci,
1627 1055 1655 1078 et
1667 1058 1717 1078 na-

930 1100 973 1124 tos
987 1096 1108 1124 interire.
1121 1094 1308 1124 L‘aridavimus
1316 1104 1383 1124 sane
1398 1096 1525 1132 pietatem
1541 1101 1626 1128 tuam,
1642 1096 1716 1132 quod

932 1146 995 1176 post
1010 1141 1234 1176 disjunctionem,
1247 1142 1430 1171 monasticam
1441 1143 1526 1170 vitam
1543 1142 1670 1178 elegeris,
1689 1147 1717 1170 et

932 1186 1047 1216 Domino
1063 1188 1172 1222 penitus
1187 1189 1381 1224 conglutinari.
1396 1188 1454 1218 Hoc
1464 1189 1537 1218 enim
1548 1189 1647 1218 litterae
1663 1194 1716 1217 tuae

931 1233 1107 1266 indicabant;
1123 1234 1228 1270 tibique
1246 1235 1410 1263 monachum
1439 1235 1584 1271 quemdam
1604 1235 1716 1263 fratrem

931 1284 1095 1314 praesentem
1123 1280 1219 1308 adesse
1249 1281 1282 1308 ad
1310 1281 1393 1316 hujus
1420 1281 1482 1309 vitae
1511 1281 1714 1309 directionem:

931 1332 1013 1359 quem
1049 1333 1159 1352 rursum
1191 1326 1311 1361 rejecisti
1346 1331 1376 1354 ut
1407 1327 1583 1362 improbum,
1616 1327 1717 1354 indicio

931 1370 1053 1407 Georgii,
1072 1372 1122 1399 viri
1150 1373 1260 1408 egregii,
1275 1377 1303 1400 et
1323 1373 1466 1401 domestici
1483 1372 1587 1401 Notarii
1603 1380 1610 1400 :
1630 1372 1716 1400 alium

931 1423 996 1444 vero
1014 1424 1029 1443 ιι
1054 1417 1134 1446 nobis
1147 1418 1206 1446 dari
1236 1419 1354 1454 expetis,
1369 1420 1416 1454 qui
1431 1419 1547 1447 idoneus
1565 1420 1602 1447 sit
1618 1419 1652 1446 ad
1672 1427 1718 1447 re-

932 1461 1034 1495 gendas
1050 1462 1164 1495 animas,
1187 1467 1215 1491 et
1236 1467 1322 1491 totum
1341 1464 1541 1492 monasterium
1553 1471 1720 1491 conservan-

933 1507 1010 1534 dum.
1027 1506 1094 1535 Jnre
1113 1515 1177 1544 ergo
1194 1516 1209 1536 a
1237 1509 1317 1537 nobis
1346 1513 1409 1536 ante
1435 1509 1561 1537 laudatus
1588 1516 1627 1536 es.
1641 1508 1718 1538 Scire

933 1557 1023 1580 autem
1040 1553 1158 1588 primum
1169 1562 1219 1582 vos
1231 1558 1349 1589 oportet,
1364 1555 1430 1590 quid
1443 1555 1479 1583 sit
1493 1555 1645 1583 monsstica
1654 1562 1719 1590 pro-

934 1598 1027 1630 fessio,
1048 1603 1075 1626 et
1091 1604 1193 1634 quanta
1214 1599 1287 1628 illius
1301 1600 1364 1627 vitae
1377 1600 1543 1634 sublimitas,
1570 1607 1604 1628 ne
1622 1600 1718 1628 incon-

934 1645 1006 1672 sulto
1017 1645 1144 1678 admissi,
1162 1646 1319 1683 periculum
1343 1647 1475 1676 adeamus
1491 1646 1517 1674 in
1532 1647 1718 1682 navigatione.

934 1689 1116 1722 Renuntiatio
1134 1692 1208 1719 aliud
1225 1692 1293 1719 nihil
1308 1698 1361 1728 est,
1376 1700 1460 1728 quam
1474 1693 1566 1721 crucis
1580 1697 1608 1721 et
1623 1692 1719 1720 mortis

933 1737 1079 1773 professio.
1092 1737 1163 1771 Quid
1173 1739 1227 1767 hoc
1238 1739 1299 1766 est?
1310 1739 1389 1774 juxta
1400 1739 1507 1766 Domini
1523 1739 1614 1773 verba,
1629 1739 1719 1766 omni-

934 1785 985 1813 bus
998 1785 1076 1813 bonis
1092 1785 1151 1812 suis
1165 1786 1324 1815 renuntiare
1339 1793 1402 1814 eum
1419 1785 1465 1820 qui
1480 1787 1534 1814 hoc
1546 1785 1613 1818 vult,
1631 1790 1659 1813 et
1670 1792 1719 1813 su-

934 1830 1006 1857 blula
1020 1837 1101 1857 cruce
1118 1830 1195 1857 illum
1212 1831 1290 1866 sequi
1305 1830 1340 1857 ³⁸.
1358 1830 1494 1863 Quoniam
1509 1835 1600 1858 autem
1616 1830 1720 1858 Christi

934 1883 1080 1911 personam
1096 1877 1214 1904 sustinet
1245 1877 1334 1907 omnia
1359 1885 1441 1904 verus
1456 1877 1628 1912 prmpositus,
1648 1877 1721 1904 illius

934 1920 1017 1950 ductu
1034 1921 1176 1949 Christum
1190 1922 1269 1956 sequi
1295 1921 1360 1949 licet
1375 1922 1480 1957 alisque
1495 1922 1607 1950 fallaciae
1634 1927 1718 1950 metu.

934 1967 973 1994 Ita
992 1968 1148 1995 servabitur
1166 1968 1329 1996 admirabile
1344 1968 1513 1996 mandatum.

974 2057 1026 2090 Qui
1042 2063 1134 2084 autem
1159 2065 1214 2088 non
1229 2057 1370 2085 constituit
1384 2058 1424 2086 sic
1435 2065 1527 2092 agere,
1547 2057 1594 2086 sed
1607 2057 1636 2085 in
1657 2064 1722 2093 pro-

936 2103 1002 2139 priis
1016 2103 1213 2133 monasterium
1226 2107 1380 2136 exstruere,
1395 2108 1423 2131 et
1439 2103 1643 2131 moderatorem
1670 2104 1721 2133 ad-

96 2149 130 2181 ὡς
155 2149 190 2176 ἂν
216 2151 246 2175 ὲν
263 2150 318 2180 τοῖς
342 2147 424 2175 αὐτοῦ
451 2148 498 2174 καὶ
522 2147 638 2182 μονάσῃ,
665 2145 712 2173 καὶ
731 2143 815 2179 σωθῇ,
833 2143 879 2170 καὶ

934 2156 1043 2182 vocare,
1059 2149 1105 2184 qui
1121 2149 1193 2184 apud
1209 2149 1297 2184 ipsum
1317 2149 1468 2177 monachus
1485 2149 1530 2181 sit,
1544 2156 1559 2176 a
1580 2156 1635 2184 quo
1656 2149 1723 2178 diri-,

96 2195 215 2231 ὑδητηθῇ
230 2202 237 2209 ·
263 2195 358 2229 ἀγνοεῖ
374 2194 417 2221 ὅτι
443 2193 506 2228 εἰκῆ
535 2193 582 2219 καί
609 2192 697 2227 μάτην
713 2191 806 2228 κοπιᾷ,
835 2188 904 2217 και

96 2240 166 2276 ἅπερ
183 2241 273 2275 ζητεῖ,
289 2240 338 2274 οὐχ
352 2239 474 2274 εὑρήσει,
492 2238 560 2264 ἀλλὰ
586 2236 741 2264 τούναντίον
763 2235 883 2263 ἐκτοπα⁸

97 2285 190 2321 ἐπειδὴ
205 2286 237 2312 οὐ
260 2285 319 2312 κατ’
333 2284 441 2319 ἐντολὴν
461 2283 564 2319 Κυρίου
577 2284 594 2318 ἡ
607 2282 721 2317 τοιαύτη
748 2281 883 2316 ἁποταγὴ,

96 2330 197 2367 ὤφελον
221 2322 400 2365 γυμνωθῆναι
429 2329 520 2364 πάσης
547 2328 630 2363 ὕλης,
651 2328 699 2354 καὶ
721 2327 816 2365 πόρῤω
830 2327 884 2353 τῶν

98 2378 168 2405 ἰδίων
191 2377 331 2412 γενέσθαι,
360 2376 408 2403 καὶ
429 2375 618 2412 καθηγεμόνος
645 2374 738 2409 τυχεῖν
757 2373 881 2408 ἀρίστου,

95 2425 141 2450 καὶ
166 2423 242 2451 οὕτω
266 2421 454 2458 περαιωθῆναι
479 2421 509 2448 τὺ
523 2420 595 2456 μέγα
618 2420 737 2454 πέλαγος
754 2419 801 2456 τοῦ
818 2418 882 2454 τῇδε

97 2470 153 2507 βίου
173 2469 325 2502 ἀκινδύνως
336 2476 343 2483 ”
362 2469 411 2505 οὐχ
425 2469 466 2496 ὅτι
489 2468 574 2505 μηδὲν
588 2468 642 2496 τῶν
657 2467 864 2504 προειρημένων
875 2475 881 2482 ·

95 2518 150 2544 ἀλλ’
166 2518 200 2544 ὲκ
222 2516 305 2551 μόνου
319 2515 367 2545 τοῦ
389 2516 540 2552 οἰκοδομεῖν
561 2515 742 2551 μοναστήριον
765 2517 812 2548 καὶ
836 2514 883 2541 τδν

97 2562 161 2591 θεὸν
171 2561 248 2598 food.
261 2560 330 2596 Reg.
344 2560 375 2588 τὸ
391 2560 482 2596 φαιὸν]
497 2560 693 2595 περιὸαλέσθαι
707 2568 715 2576 ⁸
731 2561 779 2587 καὶ
795 2560 882 2595 ἡγού-

99 2619 177 2645 μενον
192 2611 282 2637 δοκεῖν
294 2609 367 2644 ἔχειν
382 2608 446 2635 ὄντα
462 2608 563 2643 μᾶλλον
582 2608 738 2643 ἐπίτροπον,
751 2607 799 2634 καὶ
810 2615 882 2642 συμ-

98 2658 240 2690 ποδίζοντα
263 2657 310 2684 καὶ
322 2656 557 2692 ησυμποδιζόμενον
573 2664 580 2671 ·
599 2655 648 2682 καὶ
670 2655 732 2682 οὔτε
748 2654 881 2689 σώζοντα,

95 2703 153 2730 οὒτε
169 2702 336 2738 σωζόμενον.
353 2703 488 2734 Ἔξελθε,
513 2701 605 2736 φησὶν,
625 2702 660 2729 ἐκ
684 2701 738 2737 τῆς
752 2701 809 2737 γῆς
823 2708 882 2730 σου

125 2762 149 2779 ³⁸
166 2759 265 2787 Matth.
282 2766 339 2792 xix,
351 2759 378 2786 5.
416 2759 439 2775 ’⁸
454 2758 521 2787 Luc.
537 2767 577 2792 rx,
588 2758 633 2787 ‘25.

933 2200 1027 2230 gatur,
1041 2200 1122 2230 atque
1134 2194 1172 2222 ita
1185 2194 1302 2222 salutem
1323 2200 1523 2230 consequatur;
1542 2195 1565 2222 is
1581 2203 1634 2222 non
1649 2196 1722 2223 videt

932 2247 963 2269 Se
978 2248 1078 2271 vanum
1103 2241 1224 2269 laborem
1245 2248 1354 2269 sumere
1366 2261 1374 2273 ,
1391 2245 1420 2268 et
1433 2241 1505 2276 quod
1532 2242 1638 2277 qumrit,
1665 2250 1720 2270 non

933 2286 1121 2318 inventurum,
1137 2287 1186 2314 sed
1201 2294 1315 2322 prorsus
1326 2287 1475 2320 contraria,
1497 2287 1561 2322 quia
1575 2295 1630 2316 non
1642 2287 1720 2323 juxta

933 2332 1043 2360 Domini
1057 2333 1213 2361 mandatum
1229 2338 1272 2361 est
1293 2332 1450 2368 huiusmodi
1467 2333 1644 2366 renuntiatio,
1655 2340 1719 2361 cum

933 2377 1045 2405 deberet
1061 2377 1175 2413 spoliari
1196 2377 1374 2405 facultatibus
1390 2377 1529 2410 omnibus,
1543 2382 1570 2405 et
1596 2378 1689 2413 procul
1704 2386 1720 2407 a

934 2423 1055 2459 propriis
1072 2423 1180 2457 abesse,
1211 2428 1239 2451 et
1268 2424 1403 2458 optimum
1428 2423 1569 2451 ductorem
1586 2423 1719 2456 nancisci,

934 2475 1017 2504 atque
1035 2470 1071 2496 ita
1090 2477 1217 2504 magnum
1238 2469 1322 2504 hujus
1335 2470 1399 2502 vitae
1413 2469 1524 2504 pelagus
1540 2469 1600 2497 sine
1615 2470 1722 2504 pericu-

934 2514 962 2542 lo
976 2514 1120 2549 trajicere;
1136 2521 1190 2541 non
1206 2518 1297 2542 autem
1306 2515 1404 2542 horum
1421 2521 1483 2549 quae
1494 2513 1565 2541 dicta
1585 2518 1651 2541 sunt
1676 2514 1721 2541 ni-

936 2561 973 2588 hil
988 2569 1080 2596 agere,
1090 2561 1136 2589 sed
1154 2569 1188 2588 ex
1203 2560 1263 2588 sola
1279 2560 1441 2588 monasterii
1457 2560 1643 2588 exstructione
1658 2568 1721 2596 gra-

935 2607 1000 2635 tiam
1012 2615 1027 2635 a
1047 2608 1101 2635 Deo
1109 2607 1182 2635 inire
1204 2607 1284 2639 velle,
1300 2610 1382 2642 atque
1400 2606 1428 2633 in
1445 2607 1563 2641 speciem
1587 2607 1722 2642 duntaxat

935 2654 1111 2688 przepositum
1123 2654 1236 2686 habere,
1249 2654 1294 2689 qui
1310 2656 1474 2688 procurator
1496 2654 1533 2680 sit
1552 2653 1654 2688 potius,
1673 2653 1720 2688 qui

935 2700 1016 2729 simul
1026 2701 1160 2744 impediat
1173 2705 1200 2729 et
1215 2700 1295 2729 simul
1312 2700 1487 2736 impediatur,
1503 2701 1551 2736 qui
1563 2708 1654 2736 neque
1670 2701 1722 2729 sal-

851 2805 966 2834 NOT/E.

128 2855 185 2892 (Si!)
203 2853 231 2881 In
244 2853 305 2882 cod.
323 2853 388 2888 Reg.
412 2852 459 2888 pi".

976 2850 1014 2893 (³⁸)
1030 2850 1176 2886 Dugmatir:
