1912 3080
187 144 256 178 1499

780 149 810 179 S.
830 148 1026 178 TIIEODORI
1046 148 1219 179 STUDch-E

1743 146 1812 179 1500

187 208 231 230 vet
245 209 334 237 neque
352 201 483 230 salvetur.
512 202 650 238 Egredere.
667 203 767 239 inquit,
782 205 814 231 de
840 209 912 231 terra
927 209 987 233 tua.

1038 205 1073 231 xtl.
1085 205 1120 231 ἐκ
1136 204 1192 239 τῆς
1204 204 1383 240 συγγενείας
1399 212 1458 232 σου
1468 211 1475 219 ”
1498 203 1562 231 λάὁε
1577 203 1622 230 τὸν
1637 203 1752 239 σταυρὸν
1768 205 1812 231 ἐπ’

186 254 212 276 et
225 249 257 276 de
268 248 440 283 congnatione
453 252 500 275 tua
508 249 541 281 '7;
556 250 650 285 accipe
663 257 773 278 crucem
791 250 819 277 in
834 250 974 282 humeros.

188 302 352 330 conspuere,
377 295 502 330 colaphis
516 295 639 328 creditor,
668 296 732 323 bibe
746 302 866 327 acetum.
883 296 977 331 ﬂagel-

188 341 254 371 lare,
270 347 380 368 crucem
395 341 524 372 ascende,
538 342 699 376 sanguinem
711 341 806 374 funde,
822 343 879 370 sive
893 343 976 370 intel-

189 391 271 418 lectu,
287 386 345 413 sive
371 393 466 414 sensu.
482 386 561 419 Quod
574 387 597 414 si
620 388 677 415 haec
688 395 742 415 non
758 387 842 420 feras,
859 389 924 416 sede
949 388 975 415 in

188 433 270 459 domu
284 437 342 465 tua,
364 433 509 460 humiliore
526 434 579 460 vita
603 434 705 461 salvari
719 433 899 462 contendens.
924 433 977 462 Ne-

189 486 243 514 que
261 479 334 505 enim
351 478 409 505 sine
422 479 517 507 labore
534 479 579 506 hic
597 479 682 511 salus,
696 480 742 507 sed
758 488 805 515 per
816 480 916 507 multas
928 487 978 507 an-

189 524 305 560 gustias.
324 523 363 552 Ne
380 525 446 552 mihi
461 525 594 552 hodierna
604 526 728 560 exempla
741 526 874 560 proferas.
890 526 977 559 Quid-

189 570 254 605 quid
268 577 323 611 npn
334 574 377 597 est
395 578 427 597 ex
449 571 596 604 mandato;
615 572 786 606 improbum,
801 571 892 604 inane,
918 572 977 606 ple—

189 615 254 642 num
270 615 403 648 scandali,
419 616 479 650 ejus
491 616 538 651 qui
551 617 590 643 sic
599 617 763 644 renuntiarit
775 625 856 652 opus,
867 625 921 645 non
935 617 978 644 di-

190 661 245 688 vini
255 661 470 696 praecepti.Quod
485 663 507 689 si
517 663 714 690 monasterium
727 670 827 690 novum
837 668 980 691 exstruere

191 706 269 741 cupis
286 715 294 739 ;
310 706 335 733 id
361 714 415 734 non
433 712 473 735 est
494 707 614 734 alienum
629 716 645 735 a
669 709 774 735 ratione
791 717 798 736 :
827 708 873 736 sed
894 708 979 736 simul

192 759 225 779 ac
240 752 388 780 tradideris
402 753 490 788 ipsum
505 754 564 780 viro
578 754 624 789 qui
638 758 723 789 regat,
741 762 773 782 ne
788 755 904 790 amplius
927 763 982 782 ma-

192 805 258 825 num
275 797 391 832 injicias,
404 803 533 834 tanquam
544 799 572 826 in
587 807 643 826 rem
659 805 734 827 tuam
752 809 759 828 :
775 804 802 827 et
816 799 873 828 Deo
884 808 982 835 accep-

194 849 252 871 tum
283 844 310 871 id
326 845 399 877 erit;
419 849 446 872 et
463 850 590 873 occurret
605 847 652 873 tibi
671 847 697 873 in
715 847 862 882 hospitium
882 847 982 882 sempi-

1026 249 1109 285 ὤμων
1125 259 1183 283 σου,
1198 250 1381 285 ἐμπτύσθητι,
1397 250 1587 286 κολαφίσθητι,
1598 250 1644 276 πίε
1655 249 1726 282 δξος,
1742 259 1813 286 φρα-

1026 294 1187 330 γελλώθητι,
1211 295 1281 323 ἄνιθι
1300 296 1346 322 ἐπὶ
1375 295 1421 322 τδν
1449 296 1578 331 σταυρὸν,
1596 296 1714 322 κένωσον
1731 294 1812 331 αἷμα,

1027 340 1077 367 εἴτ’
1090 338 1135 367 οὖν
1155 340 1267 375 νοητῶς,
1284 340 1334 367 εἰτ’
1348 338 1395 367 οὖν
1411 340 1557 376 αἰσθητῶς.
1576 341 1607 367 EE
1624 341 1652 367 δὲ
1666 341 1703 375 μὴ
1720 341 1815 376 φέροις

1026 386 1122 418 ταῦτα,
1139 386 1224 413 κάθου
1247 387 1276 413 ὲν
1291 387 1330 421 τῷ
1350 387 1417 422 οῐκῳ
1432 395 1489 418 σου,
1515 387 1555 422 τῷ
1566 387 1751 422 ταπεινοτέρῳ
1765 387 1816 422 βίῳ

1027 431 1220 466 ἐκϐιαζόμενος
1239 431 1384 464 σώζεσθαι.
1405 432 1472 458 Οὐδὲ
1486 433 1538 466 γὰρ
1555 432 1671 459 ἐνταῦθα
1695 433 1816 466 ἀμογητὶ

1027 477 1057 504 τὺ
1083 478 1190 512 σῶσμα,
1205 477 1273 504 ἀλλά
1286 477 1340 512 γὰρ
1368 479 1415 504 καὶ
1433 477 1477 504 διὰ
1495 478 1602 504 πολλῶν
1621 478 1748 512 θλίψεων.
1769 478 1816 513 Μή

1029 531 1074 557 μοι
1088 522 1123 548 τὰ
1141 522 1188 549 νῦν
1204 523 1415 558 παραδείγματα
1439 523 1587 558 προσοίσῃς
1598 531 1606 539 ⁸
1630 524 1684 550 πᾶν
1698 523 1767 557 ὅπερ
1784 524 1816 549 οὐ

1028 570 1088 596 κατ’
1101 570 1211 605 ἐντολήν
1227 578 1234 586 ·
1250 571 1389 606 ἀδόκιμον,
1421 571 1515 602 ἕωλον,
1545 571 1741 602 πανδαλῶδες,
1768 571 1818 597 τοῦ

1029 613 1115 646 οὕτως
1142 616 1350 650 ἀποταξαμένου
1366 616 1455 650 ἔργον,
1468 616 1525 643 ἀλλ’
1539 617 1570 643 οὐ
1583 616 1655 643 θείου
1676 616 1820 652 προστάγ-

1031 671 1125 697 ματος.
1155 663 1184 688 Εἰ
1201 662 1229 688 δὲ
1254 663 1319 697 ἐρᾷς
1337 662 1500 698 νεουργῆσαι
1527 663 1621 697 μονὴν,
1636 663 1686 688 οὐκ
1703 661 1754 694 ἔξω
1769 661 1819 687 τοῦ

1030 707 1134 738 εἰκότος
1149 715 1156 722 ·
1179 707 1237 733 ἀλλ’
1252 707 1296 734 ἐπ’
1311 708 1344 734 ἂν
1364 707 1535 742 παραδώσεις
1552 707 1636 743 αὐτὴν
1654 707 1732 740 ἀνδρὶ
1749 707 1821 733 καθ-

1030 753 1188 787 ηγουμένῳ,
1218 752 1316 787 μηκέτι
1344 752 1483 784 ὲπιΰαλετς
1507 752 1556 787 τὴν
1573 753 1650 787 χεῖρα
1676 751 1820 786 ἐπάὺτῷ.

1032 798 1157 833 καθάπερ
1182 798 1229 824 ὲπὶ
1242 798 1297 824 τῶν
1310 798 1412 824 οὐσῶν·
1430 799 1477 825 καὶ
1493 798 1552 832 Θεῷ
1566 798 1597 824 τὸ
1617 799 1733 833 πρᾶγμα
1753 797 1822 823 εὐά-

1033 852 1138 880 ρεστον·
1151 844 1196 869 καὶ
1211 843 1363 879 ἀπαντήσει
1379 852 1419 870 σοι
1439 845 1478 875 εἰς
1494 843 1584 876 ξενίαν
1596 842 1822 876 αἰώνιον.’ἰίμεῖς

192 893 313 918 ternum.
327 889 387 918 Non
406 891 439 918 ad
453 899 514 918 eum
529 891 574 926 qui
592 892 632 920 sic
644 879 774 927 eligitur,w
785 893 912 920 addimus
928 879 983 919 fra-

1038 889 1079 915 ὶπὶ
1091 889 1135 915 τὸν
1151 889 1237 920 οὕτως
1252 888 1412 924 αἱρούμενον
1434 888 1607 923 ἐπιδιδοῦμεν
1620 888 1734 922 ἀδελφδν
1747 888 1824 914 ἐκεῖ-

193 940 263 964 trem
279 936 356 963 illum
370 945 452 971 quem
470 937 581 973 elegerit
597 938 620 965 is
637 938 684 973 qui
701 938 828 973 requirit,
845 946 907 965 cum
923 938 984 965 aliis

193 989 292 1010 novem
306 981 436 1010 fratribus
450 983 653 1018 quiprteposito
667 984 765 1019 subjici
786 984 892 1011 volunt.
901 983 983 1016 Ecce,

194 1029 266 1057 bone
293 1030 392 1062 amice,
422 1031 549 1058 monachi
569 1030 688 1058 cilicium
713 1030 829 1065 exposui
851 1030 922 1057 tibi:
944 1030 985 1057 sic

195 1082 275 1110 agere
303 1075 385 1103 debet
405 1076 453 1111 qui
473 1076 530 1103 vult
543 1081 685 1104 exstruere
710 1076 907 1104 monasterium
924 1085 930 1103 :
945 1076 986 1103 sic

195 1121 354 1155 proﬂcietis.
369 1120 446 1155 Quod
460 1127 554 1155 restat,
569 1122 702 1150 Dominus
712 1123 747 1150 sit
758 1121 910 1150 consolatio
923 1125 980 1155 tua,

195 1167 325 1195 erudiens
345 1167 414 1194 tein
434 1168 564 1195 omnibus
583 1168 617 1194 ad
633 1169 761 1195 salutem.

407 1268 485 1297 CLX.
497 1284 533 1289 —
545 1268 670 1304 Gregorio
683 1269 740 1304 [ilio
752 1269 799 1305 (⁸).

1033 944 1078 962 νον
1090 934 1119 961 ὃν
1137 935 1274 969 ὲκλέγοιτο
1287 936 1301 961 ὁ
1318 935 1465 970 ἐπιζητῶν,
1481 934 1550 970 μετὰ
1565 934 1612 960 καὶ
1627 933 1728 969 ἐτέρων
1742 934 1825 960 ὲννὲα

1034 980 1156 1016 ἀδελφῶν
1184 981 1330 1008 ἐθελόντων
1359 981 1504 1007 τάττεσθαι
1538 980 1577 1016 τῷ
1610 979 1824 1015 προηγουμένῳ.

1041 1026 1117 1057 Ἰδοὺ,
1138 1026 1199 1060 φίλε
1229 1026 1306 1059 καλὲ,
1322 1025 1352 1052 τὸ
1379 1026 1518 1060 δικαίωμα
1531 1025 1577 1052 τοῦ
1595 1025 1712 1061 μοναχοῦ
1735 1025 1827 1060 ἀνήγ-

1035 1072 1113 1107 γειλὰ
1126 1081 1166 1099 σοι
1181 1081 1187 1087 ·
1205 1073 1219 1099 ὁ
1231 1072 1331 1107 τρόπος
1346 1072 1392 1098 τοῦ
1410 1072 1611 1102 συνιστάνοντος
1631 1071 1662 1098 τὺ
1685 1071 1827 1106 μοναστή-

1039 1126 1104 1154 ριον,
1131 1119 1144 1153 ἡ
1172 1118 1293 1153 ὑμετέρα
1318 1118 1448 1149 ἐπίδοσις.
1465 1117 1500 1144 Τὸ
1525 1117 1628 1149 λοιπὸν,
1653 1117 1696 1152 εἰη
1721 1115 1829 1152 Κύριος

1038 1162 1211 1197 παραμύθιόν
1247 1172 1309 1198 σου,
1340 1163 1485 1195 συνετίζων
1518 1171 1548 1189 σε
1572 1162 1643 1189 κατὰ
1667 1162 1758 1189 πάντα
1783 1163 1830 1195 δεῖ

1039 1209 1186 1245 σωτηρίαν.

1188 1268 1237 1294 PE.’
1250 1267 1352 1304 (52).-—-
1363 1269 1514 1304 Γρηγορίφ
1527 1267 1631 1301 τέκνῳ.
1643 1265 1719 1305 [ﬁt]

416 1327 455 1353 De
464 1327 549 1353 seculi
566 1327 729 1353 restitutione
742 1335 748 1352 :
762 1331 789 1353 et
799 1328 898 1360 qualem
916 1327 1034 1352 videlicet
1049 1328 1112 1352 hanc
1127 1333 1183 1352 esse
1199 1326 1306 1352 futuram
1320 1335 1422 1358 magnus
1434 1328 1505 1352 l‘ater
1515 1327 1611 1352 doceat.

235 1381 301 1415 Quae
314 1382 341 1408 in
357 1381 449 1416 priore
462 1381 576 1416 epistola
595 1381 628 1408 de
641 1381 820 1408 sanctissimo
835 1380 988 1408 Chalcedo-

200 1429 243 1456 nis
258 1428 439 1462 metropolita,
455 1433 481 1454 et
492 1432 568 1462 patre
579 1432 682 1461 nostro,
700 1432 830 1462 tanquam
845 1428 871 1454 in
897 1432 988 1454 trans-

1079 1381 1112 1406 Ἀ
1126 1380 1176 1415 μὲν
1193 1378 1239 1407 οὖν
1252 1381 1280 1407 ἐν
1302 1381 1334 1415 τῇ
1355 1380 1476 1415 προτέρᾳ
1495 1379 1622 1415 ἐπιστολῇ
1638 1379 1703 1414 περὶ
1718 1378 1765 1406 τοῦ
1777 1379 1835 1416 τῆς

1041 1426 1211 1460 Χαλκηδόνος
1238 1426 1388 1459 ἀγιωτάτου
1421 1425 1631 1461 μητροπολίτου,
1649 1426 1696 1453 καὶ
1723 1426 1834 1462 πατρὸς

200 1482 282 1502 cursu
304 1474 376 1501 dicta
393 1479 468 1506 sunt,
483 1474 597 1501 uberius
618 1478 645 1501 et
671 1475 835 1509 explicatius
859 1482 932 1501 nunc
946 1473 986 1501 di—

1041 1472 1119 1508 ήμῶν
1133 1472 1251 1507 εἴρηται,
1266 1472 1304 1503 ὡς
1318 1472 1347 1498 ἐν
1365 1472 1538 1508 παραδρομῇ,
1555 1472 1602 1499 νῦν
1625 1472 1651 1498 δὲ
1674 1473 1834 1506 διεξοδικώ-

200 1525 307 1547 centur.
318 1518 364 1547 Dic
377 1520 488 1554 illi.qua
501 1525 607 1555 patrem
617 1520 718 1555 alloqui
733 1520 811 1548 decet
825 1520 985 1552 reverentia.

201 1567 359 1602 quidiquod
374 1567 498 1598 omnino,
510 1567 588 1600 juxta
603 1567 706 1593 dictum
720 1566 845 1600 Apostoli
861 1575 868 1593 :
886 1565 987 1593 Unius-

200 1613 327 1648 cujurque
354 1621 418 1647 opus
443 1612 521 1647 quale
545 1613 580 1638 sit
606 1613 674 1647 ignis
701 1611 832 1646 probabit.
858 1611 889 1638 Si
913 1610 988 1644 cujus

201 1668 266 1694 opus
288 1659 413 1686 manserit
425 1659 494 1694 quod
517 1658 748 1692 supermdiﬁcavt‘l,
763 1657 906 1684 mercedem
918 1657 989 1682 acci-

200 1706 264 1740 piet.
286 1705 316 1732 Si
341 1707 415 1739 cuius
439 1712 504 1738 opus
528 1704 637 1734 arserit,
656 1703 842 1729 detrimentum
862 1701 988 1735 patietur.

201 1751 263 1784 Ipse
280 1756 369 1778 autem
382 1750 471 1777 saluus
484 1750 545 1781 erit,
558 1750 596 1776 sic
614 1749 788 1783 tamenquasi
801 1756 847 1783 per
859 1749 945 1783 ignem
957 1748 989 1775 ”.

202 1795 353 1823 Percontor
376 1795 468 1828 itaque
481 1801 488 1820 :
503 1794 581 1824 illud.
597 1794 705 1825 arserit,
722 1793 874 1820 absolutam
903 1792 990 1819 aboli-

203 1842 305 1867 tionem
321 1840 441 1870 denotat,
460 1839 574 1866 annon?
589 1837 617 1865 Si
645 1839 762 1873 primum
778 1838 889 1870 dicitur,
917 1837 991 1864 sicut

203 1877 292 1913 l’aulo‘
302 1887 473 1912 cohaerenter
493 1883 641 1910 aitalieubi
661 1883 816 1918 ’l‘heologus
827 1882 990 1917 GregOrius,

203 1931 284 1965 isque
302 1934 458 1964 postremus
469 1933 510 1956 est
530 1929 613 1964 ignis,
625 1936 680 1964 quo
691 1933 787 1956 nostra
803 1929 897 1955 omnia
912 1928 991 1955 dam-

204 1981 307 2002 nantur
319 1975 361 2002 vel
369 1979 521 2010 purgantur
533 1983 541 2008 ;
550 1975 615 2009 quid
628 1979 725 2002 estcur
734 1974 848 2001 audiens
856 1974 991 2009 quispiam

204 2023 344 2051 existimet
361 2030 416 2050 non
444 2027 518 2050 recte
529 2022 631 2050 dixisse
657 2026 783 2050 sanctum
811 2021 957 2048 Maximum
970 2021 993 2037 ’ν

205 2074 261 2097 tres
291 2076 353 2096 esse
372 2068 559 2095 restitutiones
584 2067 612 2094 in
645 2067 803 2102 pristinum,
821 2074 889 2101 quas
918 2066 994 2094 norit

206 2114 355 2143 Ecclesia?
380 2114 467 2142 Unam
503 2113 614 2148 quidem
643 2113 861 2148 uniuscujusque
884 2120 934 2147 pro
949 2120 994 2139 ra-

1037 1527 1116 1553 τερον
1133 1519 1283 1554 είρήσεται.
1304 1518 1370 1544 Εἰπὲ
1394 1518 1467 1553 αὐτῷ
1489 1521 1679 1554 πατροπρεπεῖ
1700 1519 1832 1553 διαλέξει,

1037 1563 1084 1597 cf;
1101 1564 1142 1590 ὅτι
1159 1566 1278 1596 παντως,
1289 1565 1359 1591 κατὰ
1376 1564 1425 1598 τὴν
1436 1563 1483 1590 τοῦ
1502 1564 1664 1590 ’Δποστόλου
1681 1564 1835 1600 ἀπόφασιν,

1046 1609 1193 1637 Ἐκάστου
1212 1610 1246 1637 τὸ
1267 1611 1356 1645 ἔργον
1384 1611 1489 1638 ὁποῖόν
1508 1611 1621 1638 ἐστιτὰ
1635 1611 1695 1646 πῦρ
1707 1611 1835 1646 δοκιμά-

1039 1663 1097 1683 σει.
1125 1656 1158 1682 ΕΖ
1183 1665 1264 1689 τινος
1287 1657 1318 1682 τὸ
1341 1656 1443 1691 ἔργον
1457 1656 1542 1692 μένει
1567 1656 1583 1684 ὃ
1601 1656 1835 1692 ἐπῳκοδόμησε,

1037 1701 1149 1737 μισθὸν
1165 1702 1305 1736 λήψεται.
1329 1702 1366 1729 Et
1379 1711 1460 1736 τινος
1478 1702 1512 1730 τὸ
1536 1704 1626 1738 ἔργον
1641 1704 1837 1737 κατακαήσε-

1040 1757 1097 1781 ται,
1114 1747 1339 1781 ζημιωθήσεται·
1354 1749 1456 1782 -αὐτὸς
1472 1749 1506 1775 δὲ
1528 1749 1709 1783 σωθήσεται,
1735 1750 1837 1784 οὕτως

1040 1795 1074 1821 δὲ
1087 1795 1127 1827 ὡς
1139 1794 1187 1821 διὰ
1199 1795 1303 1828 πηρός.
1325 1795 1498 1830 Πυνθάνομαι
1513 1796 1570 1826 οὖν,
1584 1796 1624 1828 τὸ,
1641 1797 1836 1828 κατακαήσε-

1041 1848 1098 1871 ται,
1119 1839 1277 1874 ὲξπιφάνισίς
1291 1840 1349 1866 ἐστι
1363 1840 1462 1870 τελεία,
1485 1840 1500 1876 ἢ
1522 1840 1571 1874 οὕς
1590 1841 1621 1867 El
1637 1841 1665 1867 δὲ
1682 1840 1838 1876 ὁμολογου-

1042 1886 1130 1920 μένως
1156 1886 1187 1911 τὸ
1211 1885 1319 1920 πρῶτον
1335 1895 1342 1901 ·
1358 1885 1429 1912 καθά
1454 1885 1504 1912 πού
1529 1894 1612 1921 φησιν
1637 1887 1779 1922 ἑπομένως
1794 1886 1839 1922 τῷ

1041 1931 1139 1967 Παύλῳ
1157 1933 1203 1958 καὶ
1217 1933 1230 1958 ὀ
1244 1932 1373 1966 Θεολόγος
1389 1932 1548 1967 Γρηγὸριος·
1567 1933 1615 1958 καὶ
1631 1932 1661 1958 τὸ
1678 1932 1838 1958 τελευταῖον

1043 1979 1109 2013 πῦρ,
1171 1977 1260 2005 πάντα
1284 1978 1477 2013 κατακρίνεται
1500 1978 1516 2013 ἢ
1533 1977 1693 2013 καθαίρεται
1713 1978 1746 2004 τὰ
1763 1978 1839 2013 ἠμέ-

1042 2034 1108 2061 τερα
1124 2033 1130 2040 ·
1159 2025 1184 2052 τί
1199 2025 1314 2052 ἐπισείει
1341 2025 1386 2051 τὸν
1401 2024 1462 2051 νοῦν
1477 2024 1524 2051 τοῦ
1540 2024 1685 2056 ἀκούοντος
1701 2031 1708 2039 ·
1725 2024 1776 2050 οὐκ
1806 2022 1840 2051 εὖ

1043 2071 1183 2106 εἰρηκέναι
1198 2072 1243 2098 τὸν
1271 2071 1343 2107 ιερὺν
1366 2071 1503 2107 Μάξιμον,
1523 2073 1597 2107 τρεῖς
1615 2070 1684 2098 εἶναι
1701 2071 1752 2102 τὰς
1767 2071 1840 2098 ἀπο-

1044 2117 1235 2150 καταστάσεις,
1249 2116 1282 2149 ἃς
1306 2116 1375 2144 οἶδεν
1399 2118 1415 2153 ἡ
1442 2117 1602 2153 Ἐκκλησία;
1631 2118 1704 2144 Μίαν
1720 2117 1770 2152 μὲν
1785 2117 1841 2152 τὴν

206 2161 282 2187 tione
296 2159 417 2187 virtutis:
432 2159 457 2186 in
473 2166 525 2194 qua
540 2159 694 2186 restituitur
715 2159 763 2192 qui
786 2158 894 2185 virtutis
910 2166 987 2192 quem

1046 2163 1160 2189 ἑκαστον)
1177 2163 1246 2189 κατὰ
1261 2163 1308 2189 τὸν
1324 2163 1374 2198 τῆς
1387 2164 1487 2199 ἀρετῆς
1510 2163 1598 2198 λόγον,
1621 2164 1649 2190 ὲν
1698 2163 1840 2189 ἀποκαθί-

207 2210 314 2241 poterat
328 2205 438 2232 modum
465 2204 598 2240 implevit.
611 2205 732 2232 Alteram
759 2209 865 2231 natura;
882 2205 994 2231 univer-

208 2259 257 2284 sae,
276 2251 303 2278 in
326 2252 527 2278 resurrectione
557 2258 564 2277 :
591 2250 792 2278 restitutionem
821 2250 930 2278 scilicet
964 2251 992 2277 iu

208 2297 496 2333 incorruptibilitatem
522 2301 549 2324 et
579 2297 826 2324 immortalitatem.
862 2296 994 2328 Tertiam,

209 2352 263 2379 qua
277 2344 448 2378 frequentius
459 2343 544 2370 utitur
563 2347 675 2370 sanctus
691 2342 840 2377 Gregorius
853 2341 995 2377 Nyssenus

210 2391 238 2418 in
252 2391 432 2418 Sermonibus
448 2389 507 2417 suis
520 2389 561 2416 ‘°:
575 2397 622 2423 per
641 2396 721 2423 quam
736 2388 835 2416 anima:
850 2388 995 2416 facultates

211 2444 259 2472 per
273 2442 415 2471 peccatum
431 2435 567 2470 collapsaa,
579 2435 606 2461 iu
616 2442 678 2461 eum
697 2442 795 2462 rursus
811 2439 912 2462 statum
941 2443 996 2470 quo

210 2482 328 2510 condita:
353 2486 435 2510 sunt.
454 2481 643 2509 restituentur.
666 2479 745 2508 Sicut
765 2482 839 2508 enim
866 2481 997 2508 universa

213 2531 312 2554 natura
333 2527 360 2554 in
380 2527 600 2556 resurrectione.
619 2526 905 2561 incorruptibilitatem
934 2534 998 2554 car-

214 2574 257 2601 nis
281 2574 329 2601 diu
353 2577 491 2608 speratam
509 2572 642 2607 recipiet;
660 2572 698 2599 ita
715 2576 743 2600 et
759 2572 878 2599 animam
893 2576 1001 2607 oportet

214 2620 359 2648 facultates
372 2627 433 2655 qua:
446 2620 526 2655 loriga
542 2620 706 2647 saeculorum
721 2619 866 2647 duralione
881 2618 1002 2647 deﬂuxe-

214 2670 290 2697 runt,
315 2665 458 2700 recipere:
477 2669 580 2693 etcum
608 2665 707 2693 saecula
733 2665 826 2692 omnia
851 2665 1000 2698 transierit,

215 2721 266 2740 nec
274 2717 376 2740 statum
385 2712 531 2745 invenerit,
545 2712 578 2740 ad
591 2711 676 2739 Deum
693 2711 784 2739 venire
797 2711 844 2747 qui
854 2711 933 2739 fidem
946 2719 1001 2739 non

1049 2217 1143 2235 σταται
1160 2209 1203 2235 τὸν
1218 2209 1260 2235 ἔπ’
1275 2209 1348 2244 αὐτῷ
1359 2209 1436 2244 λόγον
1451 2209 1500 2243 τῆς
1520 2209 1618 2244 ἀρετῆς
1640 2208 1841 2244 ἐκπληρώσας.

1048 2254 1182 2289 Δευτέραν
1195 2255 1224 2282 δὲ
1239 2255 1288 2289 τῆς
1299 2255 1363 2290 ὅλης
1381 2255 1488 2290 φύσεως
1500 2257 1532 2291 τῇ
1547 2255 1694 2282 ἀναστάσει
1705 2262 1712 2270 ’
1727 2254 1787 2290 τὴψ
1797 2256 1841 2286 εἰς

1049 2301 1202 2336 ἀφθαρσίαν
1228 2301 1276 2328 καὶ⁵
1300 2301 1450 2328 ἀθανασίαν
1475 2301 1708 2328 ἀποκατάστασιν.
1733 2300 1842 2336 Τρίτην

1049 2346 1089 2378 δὲ,
1104 2344 1121 2384 ᾖ
1147 2347 1194 2373 καὶ
1218 2347 1318 2382 μᾶλλον
1338 2347 1542 2382 κατακέχρηται
1558 2348 1586 2373 ὲν
1601 2348 1657 2378 τοῖς
1674 2347 1771 2372 ἑαυτοῦ
1792 2346 1842 2373 λό-

1049 2401 1108 2428 γοις
1131 2393 1145 2419 ό
1171 2394 1200 2420 ἐν
1227 2393 1314 2427 ἁγίοις
1330 2394 1479 2429 Γρηγόριος
1498 2392 1619 2426 Νύσσης,
1633 2393 1705 2419 ἐστὶν
1720 2389 1804 2426 αὕτη,
1823 2393 1841 2427 ἡ

1049 2439 1103 2466 τῶν
1126 2439 1249 2475 ψυχικῶν
1275 2440 1415 2476 δυνάμεων
1433 2442 1465 2476 τῇ
1485 2439 1606 2475 ἁμαρτίᾳ
1630 2438 1841 2470 ὑποπεσουσῶν,

1051 2486 1091 2517 εἰς
1108 2485 1176 2522 ὅπερ
1191 2486 1364 2521 ἐκτίσθησαν,
1382 2485 1462 2512 πάλιν
1472 2486 1702 2515 ἀποκατάστασις.
1718 2485 1764 2510 Δεῖ
1784 2484 1843 2518 γὰρ

1053 2531 1147 2566 ὥσπερ
1161 2530 1210 2565 τὴν
1223 2531 1286 2566 ὃλην
1299 2530 1379 2565 φύσιν
1391 2531 1419 2556 ὲν
1435 2532 1467 2566 τῇ
1486 2531 1632 2557 ἀναστάσει
1644 2531 1694 2564 τὴν
1708 2529 1757 2564 τῆς
1773 2537 1843 2564 σαρ-

1049 2575 1096 2607 κὸς
1115 2575 1269 2612 ἀφθαρσίαν
1283 2576 1372 2611 χρόνῳ
1385 2576 1565 2611 ἐλπιζομένην
1582 2575 1738 2602 ἀπολαϐεῖν·
1752 2574 1843 2606 οὕτως

1050 2621 1098 2648 καὶ
1120 2621 1170 2653 τὰς
1197 2623 1426 2658 παρατραπείσας
1457 2622 1506 2657 τῆς
1533 2622 1622 2657 ψυχῆς
1645 2621 1774 2656 δυνάμεις
1806 2621 1843 2654 τῇ

1051 2668 1201 2703 παρατάσει
1218 2669 1272 2694 τῶν
1286 2669 1391 2695 αἰώνων
1413 2667 1559 2694 ἀπολαϐεῖν
1572 2675 1581 2683 θ
1607 2667 1654 2694 καὶ
1681 2666 1845 2701 περάσασαν

1051 2714 1114 2745 τοὺς
1128 2713 1231 2746 πάντας
1249 2714 1300 2740 αἰῶ
1307 2723 1359 2747 ιας,
1372 2715 1420 2741 καὶ
1434 2713 1470 2750 μὴ
1485 2713 1665 2749 εὑρίσκουσαν
1679 2712 1783 2744 στάσιν,
1801 2712 1845 2743 εἰς

251 2770 273 2787 ’⁷
287 2768 356 2797 Gen.
370 2777 419 2803 xu,
433 2768 459 2796 Ι,
496 2770 520 2786 ’⁸
535 2768 544 2797 l
558 2768 623 2798 Cor.
639 2776 679 2803 tu,
700 2769 742 2796 15.
782 2769 804 2785 ¹⁹
824 2772 891 2797 tom.
902 2768 924 2802 l,
935 2777 961 2805 p.
978 2769 987 2796 Ξ

1038 2791 1040 2797 .
1074 2771 1096 2787 ³⁰
1109 2770 1169 2799 Lib.
1185 2771 1222 2798 De
1236 2771 1323 2806 opiﬁc.
1339 2772 1422 2802 Iiom.,
1437 2779 1498 2806 cap.
1511 2770 1557 2798 21.

990 2815 1104 2844 NOTAE.

253 2862 291 2896 (⁵)
309 2861 473 2897 Dogmatica.

1097 2863 1153 2898 (3"!)
1171 2865 1197 2893 lu
1212 2866 1272 2894 cod.
1291 2867 1354 2902 ιιι-ε.
1378 2865 1434 2900 ρὶδζ
