1912 3080
95 140 153 179 ’1501

672 148 938 180 EPISTULARUM
968 149 1040 178 LIB.
1062 147 1102 178 ἷΙ.

1633 146 1700 179 1502

96 205 132 230 τὸν
144 202 201 230 Θεὸν
211 201 296 230 ἐλθεῖν
307 203 354 230 τὸν
369 203 406 240 μὴ
420 203 515 239 ἔχοντα
531 204 617 240 πέρας
628 212 635 219 ·
665 205 713 231 καῖ
724 203 811 235 οὕτως
823 204 855 238 τῇ

917 203 1004 236 labet;
1023 207 1105 236 atque
1124 202 1161 229 ita
1177 208 1224 237 per
1237 201 1430 237 cognitionem,
1447 209 1500 230 non
1521 209 1568 237 per
1588 202 1699 234 partici-

97 249 237 284 ἐπιγνώσειμ
255 249 286 275 οὐ
313 250 345 284 τῇ
373 249 480 284 μεθέξει
495 250 548 276 τῶν
568 250 686 284 ἀγαθῶν.
712 249 858 276 ἁπολαΰεῖν

917 249 1044 276 iationem
1063 249 1198 275 bonorum
1209 268 1217 281 ,
1231 248 1350 282 recipere
1378 248 1531 280 facultates,
1547 252 1574 275 et
1591 248 1616 274 in
1635 248 1692 282 pri-

96 294 135 325 τὰς
145 294 273 329 δυνάμεις,
290 294 338 321 καὶ
351 295 392 326 εις
403 295 434 322 τὸ
458 296 571 330 ἀρχαῖον
589 296 857 330 ἀποκατασταθῆναι,

909 294 1010 322 stiuum
1027 295 1131 322 restitui
1144 299 1187 327 ,ct
1198 294 1286 329 palam
1305 293 1362 321 ﬂeri
1375 294 1447 329 quod
1460 294 1576 322 Creator
1596 293 1700 329 peccati

98 341 135 366 καὶ
149 339 180 376 μὴ
194 340 330 375 δειχθῆναι
351 340 396 367 τὸν
410 342 581 377 Δημιουργὸν
596 342 682 369 αἴτιον
697 342 747 377 τῆς
768 343 859 377 ἀμαρ-

917 344 1004 368 iuctor
1015 348 1069 368 non
1086 340 1133 367 sit.

96 383 153 416 τίας.

125 428 246 458 ϋὺδὲνοῦν
255 427 347 465 ἕτερον
354 433 428 458 ἐστιν
438 432 527 468 [abest
538 434 563 459 in
571 434 631 461 cod.
642 433 707 468 Reg.
716 434 810 469 ἕτερόν
820 436 862 461 ἐσ-

95 476 140 512 τιν]
146 477 159 511 ἡ
166 477 236 512 τρίτη
245 478 466 510 ἀποκατάστασις
477 487 485 494 ⁶
496 480 560 514 περὶ
568 480 621 515 γὰρ
632 481 687 506 τοῖν
695 480 767 506 δυοῖν
774 481 862 515 ἀναμ-

97 522 211 557 φίλεκτον·
222 523 238 559 ἢ
250 523 318 559 ὅπερ
331 524 538 559 δεδογμάτισται
547 525 585 560 τῷ
601 526 763 561 Ἀποστύλῳ,
774 526 821 552 τοῦ
832 527 861 552 τὸ

97 569 262 604 ἁμαρτητικὸν
277 569 357 604 ἔργον
380 571 561 606 κατακαῆναι,
578 572 625 598 καὶ
640 572 686 598 τὸν
701 573 862 608 πεπραχότα

96 614 196 648 σωθῆναι
218 616 424 642 ἀκατάκαυοτον
440 625 447 632 ·
463 616 549 649 οὕτως
562 618 590 644 δὲ
605 618 642 650 ὠς
666 621 696 645 οὐ
713 619 863 654 μετέχοντα

95 659 139 685 τῶν
150 660 262 694 ἀγαθῶν,
279 662 337 688 ἀλλ’
349 661 564 696 ἑπιγινώσκοντα
592 664 642 698 τὴν
668 664 798 699 στέρησιν
812 665 862 699 τῆς

97 705 222 739 μεθέξεως.
236 708 291 733 Καὶ
307 708 380 742 μάλα
393 709 505 740 εἰκότως
518 710 625 746 εἴρηται
646 710 684 745 τῷ
697 710 785 746 Πατρι
793 719 801 727 ι
815 711 863 738 καὶ

97 751 126 786 μὴ
145 751 276 787 δειχθῆναι
293 753 339 780 τὴν
354 755 525 790 Δημιουργὺν
547 755 632 782 αἴτιον
645 756 696 790 τῆς
712 757 861 792 ἁμαρτιας.

97 798 123 823 Ὂ
136 798 180 832 μὲν
194 799 248 833 γὰρ
271 800 347 835 παρὰ
363 800 440 833 Θεοῦ,
463 801 546 836 ἤγουν
561 802 578 837 ἡ
600 801 660 828 καθ’
674 803 747 837 ἡμᾶς
770 803 862 838 φύσις,

94 841 124 873 tit;
146 842 175 868 ὲκ
198 843 244 870 τοῦ
270 843 347 876 ὄντος
373 845 555 880 παραχθεῖσα,
579 846 714 878 ἀνάλωτος
740 847 778 882 τῷ
797 849 864 883 πυρὶ

95 888 185 923 ἐκείνῳ.
203 890 235 916 '0
249 890 277 916 δὲ
294 891 343 917 οὐκ
356 892 388 918 ἐκ
400 876 477 924 Ελεοξ,
497 876 555 926 ἦτοι
571 893 587 928 ἡ
603 876 735 928 ἁμαρτία,
749 876 817 920 ἀλλὰ
829 876 862 929 τῇ
881 876 900 903 Β

94 933 132 960 τοῦ
151 934 299 970 πράξαντος
311 936 542 973 δημιουργηθεῖσα
560 940 728 973 προαιρέσει·
738 939 775 979 ᾡς
791 939 821 965 οὔ
837 948 864 966 τι

93 979 137 1005 τῶν
162 980 244 1008 ὅντων
272 980 350 1015 οὖσα,
380 983 447 1010 ἀλλὰ
480 985 685 1019 παρυφιστᾶσα,
715 985 863 1020 οἰχήσεται,

94 1026 267 1059 ἁκατάτακτος
288 1026 356 1055 οὖσα
370 1030 426 1061 τοῖς
440 1027 525 1056 οὖσιν.
549 1030 641 1060 οὕτως
653 1030 710 1063 οὖν,
727 1031 779 1057 κᾶν
796 1031 864 1066 μήτε

94 1069 226 1106 Γρηγόριος
251 1073 266 1098 ὁ
285 1072 438 1105 Nunquam,
451 1073 503 1099 κᾶν
519 1074 587 1108 μήτε
602 1072 727 1108 Μάξιμος
741 1073 755 1100 ὁ
771 1073 865 1108 Πατὴρ

93 1115 153 1149 λέγοι
167 1125 173 1131 ·
187 1117 255 1144 ἁλλά
277 1126 310 1152 γε
329 1117 343 1144 ό
358 1119 445 1153 μέγας
472 1119 631 1150 Ἀπόστολος
644 1119 795 1154 ἀπέφησεν,
824 1120 865 1146 ὅτι

93 1161 189 1197 ἀμειψις
203 1163 335 1199 διάπυρος
357 1164 399 1199 εἴη
425 1165 473 1199 τῆς
490 1164 629 1200 ἁμαρτίας
639 1174 646 1181 ·
671 1166 687 1200 ἡ
702 1164 731 1191 δὲ
746 1164 865 1200 ἔμφασίς

93 1208 154 1234 ἐστιν
176 1210 435 1242 ἀποκαταστάσεως,
452 1211 490 1242 ὡς
505 1211 612 1246 εἴρηται
634 1210 673 1246 τῷ
688 1212 787 1247 Πατρὶ,
812 1212 863 1238 οὐκ

97 1253 300 1291 Ὦριγε-ιιαστική
315 1263 320 1270 ·
337 1257 427 1290 ἄπαγε
442 1265 450 1272 ·
462 1257 574 1292 οὐδεμία
584 1257 639 1292 γὰρ
651 1258 777 1284 κοινωνία
796 1259 866 1292 φωτὶ
881 1281 884 1283 .

92 1301 150 1335 πρὸς
163 1303 257 1334 σκότος
273 1311 280 1317 ·
305 1303 366 1330 οὐδὲ
394 1303 573 1340 συμφώνησις
589 1304 676 1338 ἁγίοις
699 1305 767 1339 πρὸς
782 1305 864 1340 αἱρε-

91 1347 191 1382 σιὰρχας
205 1357 212 1364 ·
237 1349 308 1383 πρὸς
330 1349 377 1381 οὓς
404 1350 648 1386 σφετεριζομένους
674 1350 709 1377 τὰ
732 1351 778 1377 τοῦ
795 1351 865 1377 θειο-

90 1391 159 1418 τάτου
186 1393 338 1429 Γρηγορίου
371 1395 431 1430 ἱερὰ
459 1395 591 1430 δόγματα,
622 1396 690 1430 πρὸς
717 1396 767 1431 τὴν
790 1397 883 1431 σφῶν·

90 1438 232 1471 κακόνοιαν.
260 1441 308 1466 καὶ
334 1441 351 1476 ή
375 1441 519 1473 ἀνόθευτος
546 1443 594 1468 καὶ
619 1443 634 1468 ὁ
657 1442 863 1478 κλεπτέλεγχος,

90 1482 138 1508 ἀλλ’
149 1485 195 1512 οὐκ
218 1486 263 1512 ἐπ’
278 1487 418 1522 ἀνατροπῇ
433 1487 487 1514 τῶν
512 1488 730 1524 προειρημένων,
745 1489 782 1520 ὡς
801 1490 866 1524 ἡμῖν

89 1527 207 1577 φαίνοιτο.
225 1529 258 1556 Ei
273 1531 302 1557 δέ
325 1540 352 1558 τι
376 1532 525 1567 βαθύτερον
540 1532 696 1569 ὲξευρεθείη
719 1533 758 1567 τῷ
781 1534 864 1567 ἁγιω-
877 1548 899 1577 c

89 1572 151 1609 τάτῳ
169 1576 366 1613 μητροπολὶτῃ,
394 1578 567 1613 ἀκουσόμεθα
600 1579 691 1607 πάλιν.
712 1580 789 1607 Ἐπεὶ
818 1581 864 1607 καὶ

88 1618 101 1643 ὁ
123 1619 266 1654 ἱερώτατος
293 1623 371 1658 ήμῶν
401 1625 575 1660 πατριάρχης
600 1626 727 1660 ἀκηκοως
755 1626 788 1653 τὰ
822 1626 865 1653 λε-

89 1665 175 1736 ἔθέντα
184 1670 223 1705 τῷ
233 1670 305 1705 ἁγίῳ
312 1670 439 1706 Μαξίμῳ,
446 1672 522 1698 οὐδὲν
531 1671 584 1698 ἀπε
588 1674 703 1707 μφαῖνον
713 1672 864 1707 τηνικαῦτα

100 1720 185 1736 ωτὶσεν.

100 1720 185 1747 φησίν.

214 1772 290 1799 ΡΞΔ¹
307 1773 373 1807 (53).
385 1789 419 1795 —
430 1774 542 1809 Νικήτᾳ
557 1776 721 1809 Σπαθαρίῳ.

947 387 955 398 ν

947 437 1026 465 Aliud
1043 437 1125 472 igitur
1152 438 1220 464 nihil
1239 442 1280 465 est
1299 437 1380 464 tertia
1404 437 1544 464 restitutio
1564 445 1570 462 τ
1588 436 1621 463 de
1639 436 1698 463 aliis

912 485 984 512 enim
1004 485 1110 511 duabus
1130 491 1184 510 non
1207 488 1249 510 est
1264 483 1399 510 dubitatio
1428 491 1510 518 quatit
1536 483 1608 517 quod
1625 483 1699 517 Apo-

912 529 999 556 stolus
1009 529 1110 560 docuit,
1125 536 1195 562 opus
1207 529 1309 562 peccati
1327 528 1424 554 ardere
1435 548 1441 560 ,
1459 528 1533 554 iiilllll
1547 532 1636 554 autem
1654 527 1698 561 qui

915 575 993 606 fecit,
1009 574 1112 602 servari
1132 574 1334 601 incombustum
1357 582 1365 600 :
1385 574 1426 601 sic
1448 579 1539 600 autem
1570 577 1700 607 tanquam

914 620 959 655 qui
974 628 1026 647 non
1041 620 1076 647 sit
1093 620 1229 654 particeps
1245 619 1378 646 bonorum
1392 638 1400 650 ,
1421 619 1468 646 sed
1483 618 1700 653 participationis

914 666 1092 701 privationem
1113 669 1253 700 agnoscat.
1278 665 1409 700 Apposite
1441 672 1506 701 vero
1529 672 1544 691 a
1564 663 1644 690 Patre
1658 665 1701 690 di—

914 717 988 740 ctum
1003 716 1062 743 est,
1088 719 1175 746 neque
1190 711 1296 738 ostendi
1313 711 1385 745 quod
1408 700 1521 738 Creator
1548 711 1583 737 sit
1605 715 1701 738 auctor

916 757 1027 791 peccati.
1041 756 1116 789 Quod
1129 756 1201 782 enim
1215 765 1229 782 a
1246 755 1299 782 Deo
1315 761 1356 782 est
1367 776 1374 787 ,
1390 756 1497 782 scilicet
1533 759 1629 781 natura
1649 762 1701 781 n0-

915 806 972 829 stra
989 810 1021 828 ex
1040 802 1125 828 nihilo
1140 802 1288 836 producta,
1314 801 1374 835 igne
1392 801 1437 827 illo
1455 801 1580 827 consumi
1596 800 1700 835 nequit.

915 848 994 881 Quod
1009 856 1072 875 vero
1087 855 1140 874 non
1156 851 1199 874 est
1214 855 1229 874 a
1246 846 1320 879 Deo,
1348 852 1489 881 peccatum
1515 846 1638 878 scilicet,
1654 845 1700 872 sed

916 894 989 920 illius
999 894 1044 928 qui
1055 893 1195 920 commisit
1207 913 1214 924 ,
1228 894 1337 927 propria
1351 892 1490 918 voluntate
1500 891 1628 919 eﬂ‘ectum
1640 895 1699 923 est;

915 940 1015 975 quippe
1032 939 1104 974 quod
1119 939 1187 966 nihil
1202 943 1243 966 est
1257 946 1353 965 eorum
1373 946 1433 973 qua:
1449 942 1514 965 sunt
1528 958 1534 969 ,
1553 938 1599 965 sed
1614 938 1701 964 inlite-

916 991 971 1018 rct;
989 985 1142 1016 exolescet,
1161 992 1213 1011 non
1234 985 1329 1011 Valens
1342 985 1368 1011 iu
1385 992 1480 1011 eorum
1494 991 1555 1017 qua:
1571 988 1636 1011 sunt
1650 991 1697 1010 or-

915 1031 978 1057 dine
994 1031 1155 1058 consisxerc.
1169 1029 1214 1057 Sic
1226 1030 1310 1064 igitur
1321 1049 1329 1061 ,
1352 1029 1479 1064 quamvis
1498 1037 1584 1064 neque
1598 1028 1702 1063 Grego-

916 1077 973 1103 rius
1006 1075 1160 1111 Nysscnus,
1192 1084 1279 1110 neque
1307 1075 1441 1103 Maximus
1469 1075 1550 1102 Pater
1582 1075 1700 1108 diceret;

915 1126 1033 1148 attamen
1051 1129 1166 1155 magnus
1177 1121 1326 1155 Apostolus
1342 1121 1531 1156 pronuntiavit
1542 1141 1549 1152 ,
1567 1121 1638 1155 quod
1655 1128 1703 1155 per

916 1168 1004 1202 ignem
1027 1168 1072 1195 liat
1089 1168 1205 1194 \indicla
1226 1168 1372 1202 peccati".
1390 1176 1450 1203 qua:
1463 1168 1644 1195 restitutionis
1660 1171 1703 1195 est

913 1222 1043 1249 expressa
1074 1215 1258 1248 signiﬁcatio.
1286 1214 1357 1241 sicut
1380 1222 1395 1242 a
1420 1214 1503 1241 Patre
1530 1214 1633 1241 dictant
1661 1217 1703 1240 est

915 1266 985 1295 (non
1015 1260 1199 1296 Origeuiana,
1228 1260 1300 1287 absit
1320 1269 1327 1287 :
1347 1260 1420 1287 nulla
1445 1260 1518 1286 enim
1543 1259 1702 1286 communio

915 1307 969 1334 luci
983 1314 1043 1333 cum
1061 1306 1198 1337 tenebris,
1231 1313 1321 1339 neque
1345 1305 1448 1332 sanctis
1467 1304 1615 1332 consensio
1640 1312 1702 1330 cmn

916 1351 1158 1386 haeresiarchis"),
1177 1356 1204 1379 et
1229 1353 1362 1378 adversus
1386 1359 1434 1378 eos
1464 1351 1511 1385 qui
1538 1349 1704 1377 divinissimi

915 1398 1040 1433 Gregorii
1060 1405 1138 1425 sacra
1151 1398 1277 1431 dogmata
1295 1397 1347 1424 sibi
1371 1397 1513 1424 vindicant
1530 1404 1577 1431 per
1590 1403 1703 1431 pravam

915 1450 993 1470 suam
1019 1441 1226 1476 intelligentiam
1254 1449 1384 1475 germana
1418 1441 1628 1476 interpretatio,
1647 1448 1702 1474 qua

917 1489 962 1516 ille
978 1488 1082 1516 furtum
1096 1495 1192 1516 eorum
1208 1488 1352 1522 coarguit,
1370 1487 1416 1514 sed
1439 1496 1493 1514 non
1516 1487 1616 1514 evertit
1639 1495 1700 1522 quae

916 1535 998 1563 modo
1011 1535 1082 1561 dicta
1102 1538 1183 1566 sunt,
1210 1538 1239 1561 ut
1263 1534 1343 1560 nobis
1367 1534 1484 1561 videtur.
1507 1532 1583 1566 Quod
1605 1533 1626 1560 si
1641 1540 1705 1568 pro-

919 1582 1029 1608 fundius
1055 1580 1159 1615 aliquid
1189 1579 1375 1615 excogitatum
1397 1579 1481 1606 fuerit
1500 1587 1515 1606 a
1529 1579 1704 1606 sanctissimo

918 1626 1090 1660 metropolita
1101 1646 1108 1656 .
1123 1625 1220 1652 iterum
1230 1625 1384 1652 audiemus.
1396 1624 1462 1652 Nam
1474 1629 1500 1652 et
1511 1624 1704 1652 sanctissimus

917 1671 1073 1706 patriarcha
1087 1675 1179 1698 uoster
1196 1671 1229 1697 iis
1245 1670 1347 1697 auditis
1361 1678 1422 1705 qua;
1437 1678 1451 1697 a
1470 1675 1567 1697 sancto
1585 1669 1703 1696 Maximo

917 1723 980 1746 sunt
994 1718 1064 1745 dicta
1074 1737 1081 1749 ,
1102 1717 1169 1744 nihil
1189 1717 1391 1744 dissentancum
1408 1720 1472 1743 tum:
1486 1717 1564 1744 dixit.

1091 1772 1183 1801 CLXL
1208 1772 1309 1800 Nicena
1328 1772 1527 1814 Spw/nariam.

89 1825 120 1850 De
131 1829 282 1856 sanctissima
292 1830 382 1866 Christi
395 1831 503 1866 imagine
515 1839 521 1866 ι
534 1834 560 1866 et
571 1833 636 1866 quod
650 1832 781 1866 idololatra
788 1831 821 1857 sit
830 1832 873 1866 qui
884 1831 1014 1866 imaginem
1027 1830 1201 1866 ChristLlat.ria
1212 1829 1473 1866 colit.Belati\_'a_cuim
1488 1830 1541 1854 eius
1552 1827 1705 1858 adoratio,et

341 1862 384 1893 qni
398 1861 423 1886 in
443 1860 472 1886 ἕο
483 1860 590 1887 relative
602 1863 716 1887 adorator
727 1860 844 1888 Christus
856 1860 1035 1888 latriaucolitur
1045 1869 1101 1886 cum
1114 1861 1187 1885 Patre
1200 1865 1226 1885 et
1237 1865 1320 1885 sancto
1337 1860 1440 1891 Spiritu.

122 1900 254 1938 Ἐδηλώθη
277 1912 322 1938 μοι
341 1904 393 1930 ὑπὸ
412 1904 457 1931 τοῦ
473 1905 556 1931 καλοῦ
572 1913 618 1931 σου
629 1905 756 1940 ἀδελφοῦ,
770 1906 810 1932 ὅτι
823 1914 864 1937 τις

86 1945 133 1972 τῶν
144 1948 286 1984 ἡμετέρων
302 1950 437 1985 ἱεραρχῶν
455 1951 591 1977 ένδιέὸαλέ
604 1959 637 1986 με
653 1952 698 1977 ἐπὶ
712 1951 759 1977 τοῦ
772 1952 863 1986 τιμίου

87 1993 224 2027 προσώπου
244 1996 295 2030 τῆς
319 1997 429 2031 ἀγάπης
455 2005 512 2030 σου,
529 1996 567 2028 ὡς
592 1997 799 2032 θεοποιούμενον
814 1998 864 2032 τὴν

86 2037 194 2073 Χριστοῦ
210 2041 305 2067 εἰκόνα
315 2050 322 2056 ·
347 2042 394 2068 καὶ
419 2041 499 2069 τοῦτο
518 2043 624 2070 κεῖσθαι
637 2044 665 2069 ὲν
680 2044 713 2077 τῇ
735 2043 803 2078 πρὶς
818 2043 864 2069 τὸν

86 2083 189 2119 ἀδελφὺν
210 2087 372 2114 Ἀθανάσιον
390 2089 518 2124 ἐπιστολῇ
545 2097 605 2123 μου.
636 2087 726 2126 Ἐφ“ᾖ
752 2089 863 2125 διαϐολῇ

86 2127 207 2163 ἑπέναξα
229 2132 244 2158 ὁ
258 2131 395 2164 ταπεινὸς,
409 2133 584 2168 ἐννοούμενος
597 2133 653 2165 πῶς
669 2134 693 2160 οἱ
712 2135 864 2168 κατηγγελ-

87 2176 152 2209 μένοι
176 2179 225 2205 καὶ
253 2179 320 2213 περὶ
340 2179 433 2213 ἀργοῦ
441 2180 576 2214 ῥήματος
589 2180 698 2207 δώσειν
711 2181 805 2215 λόγον
830 2181 865 2207 ἐν

86 2222 170 2257 ἡμέρᾳ
191 2225 332 2258 κρίσεως,
355 2225 401 2251 ἐπὶ
417 2226 470 2252 τῶν
493 2225 565 2252 οὕτω
581 2227 734 2261 μεγίστων·
759 2227 787 2253 τί
810 2227 865 2262 γὰρ

951 1905 1054 1932 Certior
1066 1903 1152 1931 iactus
1165 1911 1224 1930 sum
1241 1903 1275 1929 ab
1284 1905 1389 1938 egregio
1399 1902 1482 1929 fratre
1494 1907 1550 1932 tuo,
1559 1901 1703 1936 quemdam

914 1958 948 1978 ex
959 1950 1094 1984 episcopis
1104 1950 1204 1976 nostris
1216 1949 1384 1975 obtrectasse
1394 1948 1460 1974 mibi
1472 1955 1563 1974 coram
1573 1947 1706 1974 charitatc

916 1999 1016 2028 vestra,
1027 1995 1106 2029 quasi
1123 2003 1171 2029 pro
1182 1995 1235 2021 Deo
1250 1995 1364 2021 habeam
1382 1995 1526 2030 imaginem
1535 1993 1636 2020 Christi
1647 2002 1654 2024 ;
1665 1997 1706 2019 at-

916 2049 967 2077 que
977 2042 1027 2068 boc
1040 2046 1147 2068 exstare
1161 2041 1187 2067 iu
1198 2041 1310 2075 cpistola
1320 2049 1401 2075 quam
1414 2041 1445 2066 ad
1457 2039 1636 2066 Athanasium
1649 2038 1705 2065 fra-

917 2094 985 2115 trem
998 2087 1103 2121 scripsi.
1117 2087 1203 2120 Quam
1217 2087 1252 2114 ob
1265 2087 1430 2113 calumniam
1444 2086 1554 2113 humilis
1573 2086 1704 2120 iugemui,

915 2134 1008 2160 animo
1022 2137 1148 2167 reputans
1157 2140 1212 2167 quo
1226 2139 1304 2167 pacto
1319 2132 1336 2158 ii
1346 2132 1445 2167 quibus
1456 2132 1644 2158 denuntiatum
1652 2136 1704 2162 est,

917 2180 997 2207 etiam
1008 2181 1039 2206 de
1053 2181 1127 2206 verba
1140 2180 1224 2206 otioso
1234 2179 1384 2206 reddituros
1400 2179 1529 2205 rationem
1539 2179 1565 2204 in
1576 2178 1618 2204 die
1630 2177 1704 2211 judi-

918 2226 952 2253 cii
967 2225 1001 2259 ",
1018 2225 1144 2252 tnaximis
1160 2225 1186 2251 in
1204 2225 1369 2259 rcbus,quitl
1383 2223 1705 2257 euitniidemajushdco

87 2270 169 2301 μεῖζον
181 2271 321 2302 πὶστεως;
342 2271 435 2303 ἁπλῶς
451 2272 496 2298 καὶ
514 2272 676 2307 ἀφυλάκτως
689 2273 864 2307 φθέγγονται,

918 2279 1019 2301 temere
1043 2278 1070 2301 et
1088 2273 1193 2300 incaute
1219 2274 1363 2308 loquantur
1377 2293 1384 2304 ,
1399 2272 1597 2300 criminationis
1615 2271 1706 2306 jarqu

86 2318 246 2352 κατηγορίας
274 2318 345 2352 βέλει
372 2318 569 2354 τιτρώσκοντες
594 2320 657 2350 τοὺς
685 2319 864 2351 ἀνευθύνους·

87 2364 127 2388 καὶ
140 2364 200 2398 οὐχὶ
215 2364 329 2398 μᾶλλον.
345 2365 423 2400 εἴπερ
445 2364 492 2391 καί
506 2374 532 2391 τι
546 2363 581 2400 ἦν
596 2365 773 2400 ἐσφαλμένον,
800 2367 867 2401 ἁγα-

86 2408 200 2440 πητικῶς
214 2409 380 2443 ὑπομνῆσαι,
395 2409 466 2436 κατὰ
477 2409 508 2436 τὸ
523 2411 724 2445 γεγραμμένον
735 2411 866 2446 Ἑλεπμῷ

85 2451 209 2488 ὲλέγξεις
226 2454 281 2482 τὸν
302 2456 435 2489 πλησίον
450 2463 520 2489 σου,
542 2457 591 2483 καὶ
605 2457 642 2483 οὐ
658 2457 744 2491 λήψῃ
757 2457 793 2484 δι’
810 2458 863 2484 αὐ-

83 2497 130 2524 τὸν
147 2501 306 2536 ἁμαρτίαν.
322 2502 357 2528 Τὸ
370 2502 391 2529 δ’
402 2501 489 2534 οὕτως
514 2502 708 2534 ὲνδιαὸάλλειν,
726 2503 756 2529 οὺ
785 2503 865 2537 μόνον

85 2544 136 2571 ἐστὶ
146 2547 197 2582 τῆς
210 2548 322 2583 ἐντολῆς
341 2549 528 2584 ἀναιρετικὸν
545 2548 614 2575 ἀλλὰ
625 2550 679 2583 γὰρ
694 2549 738 2575 καὶ
752 2549 791 2583 τῷ
807 2549 865 2575 ὀνό-

85 2598 142 2625 ματι
158 2594 209 2627 τῆς
235 2593 361 2628 διαῦώῆς
375 2595 455 2627 αὐτὸς
483 2595 578 2621 ἑαυτὸν
591 2595 666 2628 ἄξιον
686 2594 865 2629 ὀνομάζεσθαι

84 2636 242 2672 ἀποφαίνει·
267 2637 298 2666 οὗ
315 2641 340 2665 τί
362 2642 454 2676 χεῖρον
474 2638 529 2666 εἷεν
553 2642 589 2677 ἐν1
604 2639 774 2675 ἀνθρώποις
795 2640 866 2666 Ἀλλ’

85 2681 124 2708 ἐπὶ
149 2684 199 2717 τὴν
227 2683 356 2720 ἔγκλησιν
373 2685 487 2720 ὁλόγος,
513 2686 694 2718 Θεοποιεῖται,
711 2687 789 2721 φησὶ,
816 2685 864 2720 τὴν

109 2752 129 2769 ³¹
145 2753 168 2780 ll
181 2753 281 2782 Thess.
303 2762 321 2787 ι,
337 2756 347 2782 1
364 2763 441 2791 seqq.

113 2861 166 2897 (55)
181 2862 209 2890 In
233 2863 290 2891 cod.
309 2862 363 2899 [leg
388 2866 441 2898 ppu.

918 2320 1107 2349 confodientes
1127 2320 1251 2347 innoxios
1273 2329 1279 2346 :
1309 2327 1340 2346 ac
1366 2327 1419 2346 non
1446 2320 1554 2353 potius,
1592 2319 1614 2345 si
1639 2317 1705 2352 quid

918 2371 1039 2394 erratum
1055 2366 1135 2399 foret,
1156 2371 1280 2393 amanter
1294 2367 1467 2398 admoneant,
1488 2365 1563 2400 juxta
1587 2365 1612 2391 id
1631 2363 1704 2399 quod

918 2414 1048 2447 scriptum
1065 2417 1106 2439 est
1117 2420 1126 2438 :
1135 2412 1243 2438 Publice
1255 2420 1348 2446 argues
1359 2412 1509 2446 proximum
1519 2416 1602 2442 tuum,
1613 2417 1637 2437 et
1654 2418 1704 2437 non

917 2459 1024 2485 habebis
1051 2466 1129 2492 super
1152 2458 1199 2484 illo
1218 2463 1352 2492 peccatum
1374 2457 1407 2484 ³⁸.
1426 2457 1476 2491 Qui
1496 2457 1535 2484 sic
1553 2456 1705 2483 calumnia-

914 2509 969 2536 tur,
989 2512 1042 2531 uon
1067 2504 1147 2531 modo
1165 2509 1329 2539 praeceptum
1347 2503 1418 2530 tollit
1446 2504 1479 2531 de
1501 2503 1600 2535 medio,
1618 2502 1664 2529 sed
1678 2506 1706 2530 et

916 2551 976 2586 ipse
993 2551 1106 2586 dignum
1119 2558 1148 2578 se
1173 2550 1292 2578 ostendit
1308 2550 1353 2585 qui
1370 2550 1576 2577 caiumniatoris
1597 2549 1706 2575 nomine

920 2597 1070 2631 appellctttr
1085 2604 1091 2622 :
1108 2603 1163 2630 quo
1176 2595 1240 2630 quid
1253 2595 1331 2631 pejus
1347 2595 1416 2622 inter
1429 2595 1552 2621 homines
1567 2602 1626 2620 esse
1639 2601 1704 2627 pos-

917 2642 953 2668 sit
970 2642 981 2668 ?
1000 2641 1100 2668 Verum
1115 2641 1147 2667 ad
1164 2642 1366 2668 accusationem
1386 2640 1476 2665 veniat
1489 2638 1588 2665 oratio.
1607 2637 1702 2668 Deum,

919 2686 1017 2722 inquit,
1028 2686 1202 2714 facitChristi
1211 2686 1365 2720 imaginem.
1376 2684 1563 2721 Nequaquam,
1572 2691 1588 2710 0
1598 2683 1704 2710 charis-

489 2756 512 2772 "
527 2755 610 2785 lCor.
626 2765 663 2791 vr,
682 2756 723 2785 H.
763 2757 784 2773 ³³
799 2756 954 2790 lilattb.‘xtt,
969 2756 1014 2784 56.
1052 2756 1076 2772 “
1091 2754 1176 2784 Levit.
1191 2763 1246 2788 χιι,
1262 2755 1305 2782 l7.

834 2817 947 2845 NOTAE.

974 2863 1009 2899 t“)
1029 2862 1192 2899 Dogutatica.
