  <div class='ocr_page' id='page_1' title='image "/cluster/home/n/w/nwhite01/storage/ocr_20150623/99/njp.32101010943858/823.png"; bbox 0 0 1912 3080; ppageno 0'>
   <div class='ocr_carea' id='block_1_1' title="bbox 208 155 276 189">
    <p class='ocr_par' dir='ltr' id='par_1_1' title="bbox 208 155 276 189">
     <span class='ocr_line' id='line_1_1' title="bbox 208 155 276 189; baseline 0.015 -1"><span class='ocrx_word' id='word_1_1' title='bbox 208 155 276 189; x_wconf 78' lang='grc'><strong>1503</strong></span> 
     </span>
    </p>
   </div>
   <div class='ocr_carea' id='block_1_2' title="bbox 801 139 1238 178">
    <p class='ocr_par' dir='ltr' id='par_1_2' title="bbox 801 139 1238 178">
     <span class='ocr_line' id='line_1_2' title="bbox 801 139 1238 178; baseline -0.016 0"><span class='ocrx_word' id='word_1_2' title='bbox 801 147 833 178; x_wconf 83' lang='lat' dir='ltr'><strong>S.</strong></span> <span class='ocrx_word' id='word_1_3' title='bbox 852 141 1051 177; x_wconf 82' lang='lat' dir='ltr'><strong>THEODORI</strong></span> <span class='ocrx_word' id='word_1_4' title='bbox 1065 139 1238 173; x_wconf 64' lang='lat' dir='ltr'><strong>STUDITE</strong></span> 
     </span>
    </p>
   </div>
   <div class='ocr_carea' id='block_1_3' title="bbox 1758 131 1826 164">
    <p class='ocr_par' dir='ltr' id='par_1_3' title="bbox 1758 131 1826 164">
     <span class='ocr_line' id='line_1_3' title="bbox 1758 131 1826 164; baseline 0 0"><span class='ocrx_word' id='word_1_5' title='bbox 1758 131 1826 164; x_wconf 68' lang='grc'><strong>1504</strong></span> 
     </span>
    </p>
   </div>
   <div class='ocr_carea' id='block_1_4' title="bbox 207 185 1009 243">
    <p class='ocr_par' dir='ltr' id='par_1_4' title="bbox 207 199 1009 243">
     <span class='ocr_line' id='line_1_4' title="bbox 207 199 1009 243; baseline -0.011 -5"><span class='ocrx_word' id='word_1_6' title='bbox 207 211 287 243; x_wconf 86' lang='lat' dir='ltr'><strong>sime,</strong></span> <span class='ocrx_word' id='word_1_7' title='bbox 302 209 354 238; x_wconf 88' lang='lat' dir='ltr'><strong>hoc</strong></span> <span class='ocrx_word' id='word_1_8' title='bbox 371 207 398 237; x_wconf 87' lang='lat' dir='ltr'><strong>in</strong></span> <span class='ocrx_word' id='word_1_9' title='bbox 424 205 541 242; x_wconf 87' lang='lat' dir='ltr'><strong>epistola</strong></span> <span class='ocrx_word' id='word_1_10' title='bbox 560 211 634 242; x_wconf 83' lang='lat' dir='ltr'><strong>mea,</strong></span> <span class='ocrx_word' id='word_1_11' title='bbox 647 204 695 233; x_wconf 83' lang='lat' dir='ltr'><strong>sed</strong></span> <span class='ocrx_word' id='word_1_12' title='bbox 724 202 797 239; x_wconf 89' lang='lat' dir='ltr'><strong>quod</strong></span> <span class='ocrx_word' id='word_1_13' title='bbox 826 201 907 229; x_wconf 84' lang='lat' dir='ltr'><strong>latria</strong></span> <span class='ocrx_word' id='word_1_14' title='bbox 939 199 1009 229; x_wconf 82' lang='lat' dir='ltr'><strong>coli.</strong></span> 
     </span>
    </p>
   </div>
   <div class='ocr_carea' id='block_1_5' title="bbox 1062 185 1826 243">
    <p class='ocr_par' dir='ltr' id='par_1_5' title="bbox 1062 185 1826 233">
     <span class='ocr_line' id='line_1_5' title="bbox 1062 185 1826 233; baseline -0.016 -9"><span class='ocrx_word' id='word_1_15' title='bbox 1062 195 1163 233; x_wconf 76' lang='grc' dir='ltr'>ἰριστοῦ</span> <span class='ocrx_word' id='word_1_16' title='bbox 1179 195 1282 223; x_wconf 85' lang='grc' dir='ltr'>εἰκόνα.</span> <span class='ocrx_word' id='word_1_17' title='bbox 1297 191 1417 222; x_wconf 78' lang='grc' dir='ltr'>Οὒτῐπου</span> <span class='ocrx_word' id='word_1_18' title='bbox 1431 189 1521 223; x_wconf 79' lang='grc' dir='ltr'>τοῦτο,</span> <span class='ocrx_word' id='word_1_19' title='bbox 1537 185 1561 216; x_wconf 75' lang='grc' dir='ltr'><strong>ὦ</strong></span> <span class='ocrx_word' id='word_1_20' title='bbox 1572 187 1733 224; x_wconf 77' lang='grc' dir='ltr'>τριπόθητε.</span> <span class='ocrx_word' id='word_1_21' title='bbox 1745 186 1774 213; x_wconf 78' lang='grc' dir='ltr'>ὲν</span> <span class='ocrx_word' id='word_1_22' title='bbox 1791 189 1826 222; x_wconf 79' lang='grc' dir='ltr'>τῇ</span> 
     </span>
    </p>
   </div>
   <div class='ocr_carea' id='block_1_6' title="bbox 208 246 993 288">
    <p class='ocr_par' dir='ltr' id='par_1_6' title="bbox 208 246 993 288">
     <span class='ocr_line' id='line_1_6' title="bbox 208 246 993 288; baseline -0.013 -4"><span class='ocrx_word' id='word_1_23' title='bbox 208 265 262 285; x_wconf 89' lang='lat' dir='ltr'><strong>non</strong></span> <span class='ocrx_word' id='word_1_24' title='bbox 281 255 361 283; x_wconf 85' lang='lat' dir='ltr'><strong>debet</strong></span> <span class='ocrx_word' id='word_1_25' title='bbox 381 254 470 288; x_wconf 81' lang='lat' dir='ltr'><strong>imago</strong></span> <span class='ocrx_word' id='word_1_26' title='bbox 496 250 608 283; x_wconf 76' lang='lat' dir='ltr'><strong>Christi,</strong></span> <span class='ocrx_word' id='word_1_27' title='bbox 623 250 828 278; x_wconf 86' lang='lat' dir='ltr'><strong>idololatrarum</strong></span> <span class='ocrx_word' id='word_1_28' title='bbox 850 247 924 276; x_wconf 90' lang='lat' dir='ltr'><strong>enim</strong></span> <span class='ocrx_word' id='word_1_29' title='bbox 947 246 993 274; x_wconf 88' lang='lat' dir='ltr'><strong>hic</strong></span> 
     </span>
    </p>
   </div>
   <div class='ocr_carea' id='block_1_7' title="bbox 208 292 994 334">
    <p class='ocr_par' dir='ltr' id='par_1_7' title="bbox 208 292 994 334">
     <span class='ocr_line' id='line_1_7' title="bbox 208 292 994 334; baseline -0.013 -4"><span class='ocrx_word' id='word_1_30' title='bbox 208 307 249 330; x_wconf 90' lang='lat' dir='ltr'><strong>est</strong></span> <span class='ocrx_word' id='word_1_31' title='bbox 266 308 374 333; x_wconf 75' lang='lat' dir='ltr'><strong>sensus,</strong></span> <span class='ocrx_word' id='word_1_32' title='bbox 386 299 520 334; x_wconf 81' lang='lat' dir='ltr'><strong>siquidem</strong></span> <span class='ocrx_word' id='word_1_33' title='bbox 541 298 567 325; x_wconf 90' lang='lat' dir='ltr'><strong>id</strong></span> <span class='ocrx_word' id='word_1_34' title='bbox 581 296 633 324; x_wconf 83' lang='lat' dir='ltr'><strong>soli</strong></span> <span class='ocrx_word' id='word_1_35' title='bbox 652 299 754 324; x_wconf 72' lang='lat' dir='ltr'><strong>sancta:</strong></span> <span class='ocrx_word' id='word_1_36' title='bbox 776 293 902 323; x_wconf 80' lang='lat' dir='ltr'><strong>Trinitati</strong></span> <span class='ocrx_word' id='word_1_37' title='bbox 917 292 994 321; x_wconf 78' lang='lat' dir='ltr'><strong>defe-</strong></span> 
     </span>
    </p>
   </div>
   <div class='ocr_carea' id='block_1_8' title="bbox 208 339 996 380">
    <p class='ocr_par' dir='ltr' id='par_1_8' title="bbox 208 339 996 380">
     <span class='ocr_line' id='line_1_8' title="bbox 208 339 996 380; baseline -0.011 -5"><span class='ocrx_word' id='word_1_38' title='bbox 208 348 334 376; x_wconf 87' lang='lat' dir='ltr'><strong>rendum.</strong></span> <span class='ocrx_word' id='word_1_39' title='bbox 346 346 378 373; x_wconf 87' lang='lat' dir='ltr'><strong>Et</strong></span> <span class='ocrx_word' id='word_1_40' title='bbox 394 345 466 380; x_wconf 87' lang='lat' dir='ltr'><strong>quod</strong></span> <span class='ocrx_word' id='word_1_41' title='bbox 481 345 508 371; x_wconf 94' lang='lat' dir='ltr'><strong>in</strong></span> <span class='ocrx_word' id='word_1_42' title='bbox 528 348 621 372; x_wconf 85' lang='lat' dir='ltr'><strong>sancta</strong></span> <span class='ocrx_word' id='word_1_43' title='bbox 638 342 755 377; x_wconf 84' lang='lat' dir='ltr'><strong>imagine</strong></span> <span class='ocrx_word' id='word_1_44' title='bbox 773 340 903 368; x_wconf 86' lang='lat' dir='ltr'><strong>adoratus</strong></span> <span class='ocrx_word' id='word_1_45' title='bbox 915 339 996 366; x_wconf 81' lang='lat' dir='ltr'><strong>Chri-</strong></span> 
     </span>
    </p>
   </div>
   <div class='ocr_carea' id='block_1_9' title="bbox 211 384 996 425">
    <p class='ocr_par' dir='ltr' id='par_1_9' title="bbox 211 384 996 425">
     <span class='ocr_line' id='line_1_9' title="bbox 211 384 996 425; baseline -0.014 -4"><span class='ocrx_word' id='word_1_46' title='bbox 211 398 279 425; x_wconf 86' lang='lat' dir='ltr'><strong>stus,</strong></span> <span class='ocrx_word' id='word_1_47' title='bbox 307 391 385 418; x_wconf 86' lang='lat' dir='ltr'><strong>latria</strong></span> <span class='ocrx_word' id='word_1_48' title='bbox 409 390 512 417; x_wconf 76' lang='lat' dir='ltr'><strong>colatur</strong></span> <span class='ocrx_word' id='word_1_49' title='bbox 539 396 602 416; x_wconf 91' lang='lat' dir='ltr'><strong>cum</strong></span> <span class='ocrx_word' id='word_1_50' title='bbox 625 388 704 415; x_wconf 86' lang='lat' dir='ltr'><strong>Patre</strong></span> <span class='ocrx_word' id='word_1_51' title='bbox 720 391 747 414; x_wconf 85' lang='lat' dir='ltr'><strong>et</strong></span> <span class='ocrx_word' id='word_1_52' title='bbox 770 384 996 421; x_wconf 84' lang='lat' dir='ltr'><strong>Spiritu;imago</strong></span> 
     </span>
    </p>
   </div>
   <div class='ocr_carea' id='block_1_10' title="bbox 210 431 995 467">
    <p class='ocr_par' dir='ltr' id='par_1_10' title="bbox 210 431 995 467">
     <span class='ocr_line' id='line_1_10' title="bbox 210 431 995 467; baseline -0.011 -1"><span class='ocrx_word' id='word_1_53' title='bbox 210 444 300 467; x_wconf 82' lang='lat' dir='ltr'><strong>autem</strong></span> <span class='ocrx_word' id='word_1_54' title='bbox 322 436 427 465; x_wconf 83' lang='lat' dir='ltr'><strong>Christi</strong></span> <span class='ocrx_word' id='word_1_55' title='bbox 457 434 593 463; x_wconf 78' lang='lat' dir='ltr'><strong>adoranda</strong></span> <span class='ocrx_word' id='word_1_56' title='bbox 617 434 652 462; x_wconf 87' lang='lat' dir='ltr'><strong>sit</strong></span> <span class='ocrx_word' id='word_1_57' title='bbox 674 432 832 461; x_wconf 88' lang='lat' dir='ltr'><strong>adoratione</strong></span> <span class='ocrx_word' id='word_1_58' title='bbox 859 431 995 464; x_wconf 82' lang='lat' dir='ltr'><strong>relativa;</strong></span> 
     </span>
    </p>
   </div>
   <div class='ocr_carea' id='block_1_11' title="bbox 209 478 997 519">
    <p class='ocr_par' dir='ltr' id='par_1_11' title="bbox 209 478 997 519">
     <span class='ocr_line' id='line_1_11' title="bbox 209 478 997 519; baseline -0.01 -8"><span class='ocrx_word' id='word_1_59' title='bbox 209 490 236 511; x_wconf 84' lang='lat' dir='ltr'><strong>ct</strong></span> <span class='ocrx_word' id='word_1_60' title='bbox 256 483 328 519; x_wconf 87' lang='lat' dir='ltr'><strong>quod</strong></span> <span class='ocrx_word' id='word_1_61' title='bbox 345 483 414 510; x_wconf 88' lang='lat' dir='ltr'><strong>hanc</strong></span> <span class='ocrx_word' id='word_1_62' title='bbox 430 482 590 511; x_wconf 86' lang='lat' dir='ltr'><strong>adorantes,</strong></span> <span class='ocrx_word' id='word_1_63' title='bbox 614 479 752 507; x_wconf 78' lang='lat' dir='ltr'><strong>Christum</strong></span> <span class='ocrx_word' id='word_1_64' title='bbox 769 478 926 509; x_wconf 83' lang='lat' dir='ltr'><strong>adoremus,</strong></span> <span class='ocrx_word' id='word_1_65' title='bbox 943 484 997 504; x_wconf 91' lang='lat' dir='ltr'><strong>non</strong></span> 
     </span>
    </p>
   </div>
   <div class='ocr_carea' id='block_1_12' title="bbox 210 524 998 563">
    <p class='ocr_par' dir='ltr' id='par_1_12' title="bbox 210 524 998 563">
     <span class='ocr_line' id='line_1_12' title="bbox 210 524 998 563; baseline -0.01 -6"><span class='ocrx_word' id='word_1_66' title='bbox 210 530 367 557; x_wconf 86' lang='lat' dir='ltr'><strong>distinctum</strong></span> <span class='ocrx_word' id='word_1_67' title='bbox 384 529 534 555; x_wconf 87' lang='lat' dir='ltr'><strong>secundum</strong></span> <span class='ocrx_word' id='word_1_68' title='bbox 561 527 740 563; x_wconf 86' lang='lat' dir='ltr'><strong>hypostasim,</strong></span> <span class='ocrx_word' id='word_1_69' title='bbox 770 525 816 552; x_wconf 86' lang='lat' dir='ltr'><strong>sed</strong></span> <span class='ocrx_word' id='word_1_70' title='bbox 838 524 998 558; x_wconf 83' lang='lat' dir='ltr'><strong>discrepan-</strong></span> 
     </span>
    </p>
   </div>
   <div class='ocr_carea' id='block_1_13' title="bbox 210 571 998 605">
    <p class='ocr_par' dir='ltr' id='par_1_13' title="bbox 210 571 998 605">
     <span class='ocr_line' id='line_1_13' title="bbox 210 571 998 605; baseline -0.011 -1"><span class='ocrx_word' id='word_1_71' title='bbox 210 581 266 604; x_wconf 88' lang='lat' dir='ltr'><strong>tem</strong></span> <span class='ocrx_word' id='word_1_72' title='bbox 288 576 438 603; x_wconf 85' lang='lat' dir='ltr'><strong>secundum</strong></span> <span class='ocrx_word' id='word_1_73' title='bbox 467 574 599 601; x_wconf 88' lang='lat' dir='ltr'><strong>rationem</strong></span> <span class='ocrx_word' id='word_1_74' title='bbox 615 571 752 604; x_wconf 61' lang='lat' dir='ltr'><strong>essentia),</strong></span> <span class='ocrx_word' id='word_1_75' title='bbox 767 571 879 605; x_wconf 87' lang='lat' dir='ltr'><strong>quodet</strong></span> <span class='ocrx_word' id='word_1_76' title='bbox 903 575 998 596; x_wconf 81' lang='lat' dir='ltr'><strong>verum</strong></span> 
     </span>
    </p>
   </div>
   <div class='ocr_carea' id='block_1_14' title="bbox 211 614 999 656">
    <p class='ocr_par' dir='ltr' id='par_1_14' title="bbox 211 614 999 656">
     <span class='ocr_line' id='line_1_14' title="bbox 211 614 999 656; baseline -0.01 -8"><span class='ocrx_word' id='word_1_77' title='bbox 211 614 263 649; x_wconf 75' lang='lat' dir='ltr'><strong>est.</strong></span> <span class='ocrx_word' id='word_1_78' title='bbox 282 620 466 656; x_wconf 73' lang='lat' dir='ltr'><strong>Archetypum</strong></span> <span class='ocrx_word' id='word_1_79' title='bbox 486 619 560 646; x_wconf 88' lang='lat' dir='ltr'><strong>enim</strong></span> <span class='ocrx_word' id='word_1_80' title='bbox 584 618 673 646; x_wconf 81' lang='lat' dir='ltr'><strong>elucet</strong></span> <span class='ocrx_word' id='word_1_81' title='bbox 692 617 718 644; x_wconf 95' lang='lat' dir='ltr'><strong>in</strong></span> <span class='ocrx_word' id='word_1_82' title='bbox 741 615 869 651; x_wconf 77' lang='lat' dir='ltr'><strong>imagine,</strong></span> <span class='ocrx_word' id='word_1_83' title='bbox 889 619 916 647; x_wconf 87' lang='lat' dir='ltr'><strong>ct</strong></span> <span class='ocrx_word' id='word_1_84' title='bbox 929 614 999 641; x_wconf 82' lang='lat' dir='ltr'><strong>alte—</strong></span> 
     </span>
    </p>
   </div>
   <div class='ocr_carea' id='block_1_15' title="bbox 213 661 1000 697">
    <p class='ocr_par' dir='ltr' id='par_1_15' title="bbox 213 661 1000 697">
     <span class='ocr_line' id='line_1_15' title="bbox 213 661 1000 697; baseline -0.009 -3"><span class='ocrx_word' id='word_1_85' title='bbox 213 674 272 694; x_wconf 90' lang='lat' dir='ltr'><strong>rum</strong></span> <span class='ocrx_word' id='word_1_86' title='bbox 289 667 315 693; x_wconf 92' lang='lat' dir='ltr'><strong>in</strong></span> <span class='ocrx_word' id='word_1_87' title='bbox 332 666 429 697; x_wconf 85' lang='lat' dir='ltr'><strong>altero,</strong></span> <span class='ocrx_word' id='word_1_88' title='bbox 448 664 598 692; x_wconf 88' lang='lat' dir='ltr'><strong>secundum</strong></span> <span class='ocrx_word' id='word_1_89' title='bbox 612 663 739 690; x_wconf 57' lang='lat' dir='ltr'><strong>essentia!</strong></span> <span class='ocrx_word' id='word_1_90' title='bbox 766 661 956 693; x_wconf 80' lang='lat' dir='ltr'><strong>diﬂ&#39;erentiam,</strong></span> <span class='ocrx_word' id='word_1_91' title='bbox 969 664 1000 692; x_wconf 78' lang='lat' dir='ltr'><strong>ut,</strong></span> 
     </span>
    </p>
   </div>
   <div class='ocr_carea' id='block_1_16' title="bbox 213 704 662 746">
    <p class='ocr_par' dir='ltr' id='par_1_16' title="bbox 213 704 662 746">
     <span class='ocr_line' id='line_1_16' title="bbox 213 704 662 746; baseline -0.009 -7"><span class='ocrx_word' id='word_1_92' title='bbox 213 712 252 739; x_wconf 93' lang='lat' dir='ltr'><strong>ait</strong></span> <span class='ocrx_word' id='word_1_93' title='bbox 270 711 490 746; x_wconf 76' lang='lat' dir='ltr'><strong>sapientissimus</strong></span> <span class='ocrx_word' id='word_1_94' title='bbox 505 704 662 744; x_wconf 67' lang='lat' dir='ltr'><strong>Dionysius.</strong></span> 
     </span>
    </p>
   </div>
   <div class='ocr_carea' id='block_1_17' title="bbox 249 795 1001 835">
    <p class='ocr_par' dir='ltr' id='par_1_17' title="bbox 249 795 1001 835">
     <span class='ocr_line' id='line_1_17' title="bbox 249 795 1001 835; baseline -0.007 -8"><span class='ocrx_word' id='word_1_95' title='bbox 249 799 310 834; x_wconf 87' lang='lat' dir='ltr'><strong>Quo</strong></span> <span class='ocrx_word' id='word_1_96' title='bbox 327 800 411 835; x_wconf 93' lang='lat' dir='ltr'><strong>igitur</strong></span> <span class='ocrx_word' id='word_1_97' title='bbox 424 803 513 834; x_wconf 85' lang='lat' dir='ltr'><strong>pacto,</strong></span> <span class='ocrx_word' id='word_1_98' title='bbox 525 806 588 826; x_wconf 91' lang='lat' dir='ltr'><strong>cum</strong></span> <span class='ocrx_word' id='word_1_99' title='bbox 597 797 709 833; x_wconf 82' lang='lat' dir='ltr'><strong>cpistola</strong></span> <span class='ocrx_word' id='word_1_100' title='bbox 727 797 768 824; x_wconf 88' lang='lat' dir='ltr'><strong>sic</strong></span> <span class='ocrx_word' id='word_1_101' title='bbox 778 796 887 828; x_wconf 87' lang='lat' dir='ltr'><strong>habeat,</strong></span> <span class='ocrx_word' id='word_1_102' title='bbox 900 795 1001 823; x_wconf 88' lang='lat' dir='ltr'><strong>calum-</strong></span> 
     </span>
    </p>
   </div>
   <div class='ocr_carea' id='block_1_18' title="bbox 214 839 1000 877">
    <p class='ocr_par' dir='ltr' id='par_1_18' title="bbox 214 839 1000 877">
     <span class='ocr_line' id='line_1_18' title="bbox 214 839 1000 877; baseline -0.009 -4"><span class='ocrx_word' id='word_1_103' title='bbox 214 845 304 873; x_wconf 83' lang='lat' dir='ltr'><strong>niatur</strong></span> <span class='ocrx_word' id='word_1_104' title='bbox 323 844 505 876; x_wconf 84' lang='lat' dir='ltr'><strong>adversarius,</strong></span> <span class='ocrx_word' id='word_1_105' title='bbox 533 847 560 870; x_wconf 90' lang='lat' dir='ltr'><strong>et</strong></span> <span class='ocrx_word' id='word_1_106' title='bbox 573 842 692 877; x_wconf 89' lang='lat' dir='ltr'><strong>seipsum</strong></span> <span class='ocrx_word' id='word_1_107' title='bbox 720 840 823 868; x_wconf 78' lang='lat' dir='ltr'><strong>sanctis</strong></span> <span class='ocrx_word' id='word_1_108' title='bbox 844 839 1000 874; x_wconf 87' lang='lat' dir='ltr'><strong>oppositum</strong></span> 
     </span>
    </p>
   </div>
   <div class='ocr_carea' id='block_1_19' title="bbox 215 887 1000 924">
    <p class='ocr_par' dir='ltr' id='par_1_19' title="bbox 215 887 1000 924">
     <span class='ocr_line' id='line_1_19' title="bbox 215 887 1000 924; baseline -0.009 -5"><span class='ocrx_word' id='word_1_109' title='bbox 215 891 334 922; x_wconf 85' lang='lat' dir='ltr'><strong>ostendit</strong></span> <span class='ocrx_word' id='word_1_110' title='bbox 346 891 358 917; x_wconf 69' lang='grc' dir='ltr'>*ἰ</span> <span class='ocrx_word' id='word_1_111' title='bbox 372 890 424 918; x_wconf 89' lang='lat' dir='ltr'><strong>Sed</strong></span> <span class='ocrx_word' id='word_1_112' title='bbox 439 889 502 924; x_wconf 90' lang='lat' dir='ltr'><strong>quid</strong></span> <span class='ocrx_word' id='word_1_113' title='bbox 513 896 576 917; x_wconf 84' lang='lat' dir='ltr'><strong>eum</strong></span> <span class='ocrx_word' id='word_1_114' title='bbox 592 888 661 916; x_wconf 86' lang='lat' dir='ltr'><strong>velle</strong></span> <span class='ocrx_word' id='word_1_115' title='bbox 673 895 816 915; x_wconf 88' lang='lat' dir='ltr'><strong>censemus</strong></span> <span class='ocrx_word' id='word_1_116' title='bbox 827 887 883 914; x_wconf 86' lang='lat' dir='ltr'><strong>?an</strong></span> <span class='ocrx_word' id='word_1_117' title='bbox 897 890 927 913; x_wconf 90' lang='lat' dir='ltr'><strong>ut</strong></span> <span class='ocrx_word' id='word_1_118' title='bbox 940 893 1000 917; x_wconf 79' lang='lat' dir='ltr'><strong>nos,</strong></span> 
     </span>
    </p>
   </div>
   <div class='ocr_carea' id='block_1_20' title="bbox 215 931 1001 971">
    <p class='ocr_par' dir='ltr' id='par_1_20' title="bbox 215 931 1001 971">
     <span class='ocr_line' id='line_1_20' title="bbox 215 931 1001 971; baseline -0.008 -7"><span class='ocrx_word' id='word_1_119' title='bbox 215 945 277 965; x_wconf 91' lang='lat' dir='ltr'><strong>cum</strong></span> <span class='ocrx_word' id='word_1_120' title='bbox 287 936 432 971; x_wconf 74' lang='lat' dir='ltr'><strong>imaginem</strong></span> <span class='ocrx_word' id='word_1_121' title='bbox 443 935 544 962; x_wconf 81' lang='lat' dir='ltr'><strong>Christi</strong></span> <span class='ocrx_word' id='word_1_122' title='bbox 559 934 719 966; x_wconf 83' lang='lat' dir='ltr'><strong>adoramus,</strong></span> <span class='ocrx_word' id='word_1_123' title='bbox 734 933 813 960; x_wconf 84' lang='lat' dir='ltr'><strong>aliam</strong></span> <span class='ocrx_word' id='word_1_124' title='bbox 834 931 1001 967; x_wconf 83' lang='lat' dir='ltr'><strong>hypostasim</strong></span> 
     </span>
    </p>
   </div>
   <div class='ocr_carea' id='block_1_21' title="bbox 216 976 1003 1011">
    <p class='ocr_par' dir='ltr' id='par_1_21' title="bbox 216 976 1003 1011">
     <span class='ocr_line' id='line_1_21' title="bbox 216 976 1003 1011; baseline -0.009 -1"><span class='ocrx_word' id='word_1_125' title='bbox 216 983 332 1011; x_wconf 89' lang='lat' dir='ltr'><strong>adorare</strong></span> <span class='ocrx_word' id='word_1_126' title='bbox 356 982 534 1009; x_wconf 89' lang='lat' dir='ltr'><strong>contiteamur</strong></span> <span class='ocrx_word' id='word_1_127' title='bbox 550 980 562 1007; x_wconf 74' lang='lat' dir='ltr'><strong>i</strong></span> <span class='ocrx_word' id='word_1_128' title='bbox 582 980 604 1007; x_wconf 94' lang='grc'>0</span> <span class='ocrx_word' id='word_1_129' title='bbox 620 978 834 1007; x_wconf 85' lang='lat' dir='ltr'><strong>absurditateml</strong></span> <span class='ocrx_word' id='word_1_130' title='bbox 853 978 904 1005; x_wconf 89' lang='lat' dir='ltr'><strong>hoc</strong></span> <span class='ocrx_word' id='word_1_131' title='bbox 930 976 1003 1004; x_wconf 91' lang='lat' dir='ltr'><strong>enim</strong></span> 
     </span>
    </p>
   </div>
   <div class='ocr_carea' id='block_1_22' title="bbox 216 1022 1003 1063">
    <p class='ocr_par' dir='ltr' id='par_1_22' title="bbox 216 1022 1003 1063">
     <span class='ocr_line' id='line_1_22' title="bbox 216 1022 1003 1063; baseline -0.008 -8"><span class='ocrx_word' id='word_1_132' title='bbox 216 1033 259 1056; x_wconf 84' lang='lat' dir='ltr'><strong>cst</strong></span> <span class='ocrx_word' id='word_1_133' title='bbox 276 1035 308 1055; x_wconf 89' lang='lat' dir='ltr'><strong>ca</strong></span> <span class='ocrx_word' id='word_1_134' title='bbox 336 1035 396 1063; x_wconf 69' lang='lat' dir='ltr'><strong>quae</strong></span> <span class='ocrx_word' id='word_1_135' title='bbox 422 1030 487 1054; x_wconf 88' lang='lat' dir='ltr'><strong>sunt</strong></span> <span class='ocrx_word' id='word_1_136' title='bbox 516 1026 644 1058; x_wconf 90' lang='lat' dir='ltr'><strong>indivisa,</strong></span> <span class='ocrx_word' id='word_1_137' title='bbox 663 1025 796 1052; x_wconf 87' lang='lat' dir='ltr'><strong>dividere.</strong></span> <span class='ocrx_word' id='word_1_138' title='bbox 817 1024 852 1050; x_wconf 84' lang='lat' dir='ltr'><strong>At</strong></span> <span class='ocrx_word' id='word_1_139' title='bbox 876 1023 929 1050; x_wconf 87' lang='lat' dir='ltr'><strong>hoc</strong></span> <span class='ocrx_word' id='word_1_140' title='bbox 945 1022 1003 1050; x_wconf 81' lang='lat' dir='ltr'><strong>ﬁeri</strong></span> 
     </span>
    </p>
   </div>
   <div class='ocr_carea' id='block_1_23' title="bbox 217 1069 1004 1109">
    <p class='ocr_par' dir='ltr' id='par_1_23' title="bbox 217 1069 1004 1109">
     <span class='ocr_line' id='line_1_23' title="bbox 217 1069 1004 1109; baseline -0.009 -7"><span class='ocrx_word' id='word_1_141' title='bbox 217 1082 271 1102; x_wconf 87' lang='lat' dir='ltr'><strong>n0n</strong></span> <span class='ocrx_word' id='word_1_142' title='bbox 300 1077 388 1109; x_wconf 85' lang='lat' dir='ltr'><strong>potest</strong></span> <span class='ocrx_word' id='word_1_143' title='bbox 411 1082 418 1100; x_wconf 87' lang='lat'><strong>:</strong></span> <span class='ocrx_word' id='word_1_144' title='bbox 441 1079 529 1107; x_wconf 87' lang='lat' dir='ltr'><strong>neque</strong></span> <span class='ocrx_word' id='word_1_145' title='bbox 560 1070 704 1106; x_wconf 88' lang='lat' dir='ltr'><strong>imperium</strong></span> <span class='ocrx_word' id='word_1_146' title='bbox 732 1070 833 1106; x_wconf 88' lang='lat' dir='ltr'><strong>quippe</strong></span> <span class='ocrx_word' id='word_1_147' title='bbox 859 1069 1004 1102; x_wconf 86' lang='lat' dir='ltr'><strong>scinditur,</strong></span> 
     </span>
    </p>
   </div>
   <div class='ocr_carea' id='block_1_24' title="bbox 219 1113 1007 1155">
    <p class='ocr_par' dir='ltr' id='par_1_24' title="bbox 219 1113 1007 1155">
     <span class='ocr_line' id='line_1_24' title="bbox 219 1113 1007 1155; baseline -0.008 -8"><span class='ocrx_word' id='word_1_148' title='bbox 219 1127 306 1155; x_wconf 89' lang='lat' dir='ltr'><strong>neque</strong></span> <span class='ocrx_word' id='word_1_149' title='bbox 319 1119 406 1155; x_wconf 79' lang='lat' dir='ltr'><strong>gloria</strong></span> <span class='ocrx_word' id='word_1_150' title='bbox 426 1118 557 1146; x_wconf 86' lang='lat' dir='ltr'><strong>dividitur</strong></span> <span class='ocrx_word' id='word_1_151' title='bbox 569 1137 576 1150; x_wconf 91' lang='lat'><strong>,</strong></span> <span class='ocrx_word' id='word_1_152' title='bbox 591 1122 621 1144; x_wconf 91' lang='lat' dir='ltr'><strong>ut</strong></span> <span class='ocrx_word' id='word_1_153' title='bbox 637 1124 746 1145; x_wconf 88' lang='lat' dir='ltr'><strong>rursum</strong></span> <span class='ocrx_word' id='word_1_154' title='bbox 764 1116 803 1143; x_wconf 91' lang='lat' dir='ltr'><strong>ait</strong></span> <span class='ocrx_word' id='word_1_155' title='bbox 823 1123 938 1150; x_wconf 79' lang='lat' dir='ltr'><strong>magnus</strong></span> <span class='ocrx_word' id='word_1_156' title='bbox 954 1113 1007 1141; x_wconf 85' lang='lat' dir='ltr'><strong>Ba-</strong></span> 
     </span>
    </p>
   </div>
   <div class='ocr_carea' id='block_1_25' title="bbox 219 1160 1005 1198">
    <p class='ocr_par' dir='ltr' id='par_1_25' title="bbox 219 1160 1005 1198">
     <span class='ocr_line' id='line_1_25' title="bbox 219 1160 1005 1198; baseline -0.009 -5"><span class='ocrx_word' id='word_1_157' title='bbox 219 1166 307 1194; x_wconf 85' lang='lat' dir='ltr'><strong>silius.</strong></span> <span class='ocrx_word' id='word_1_158' title='bbox 325 1165 416 1198; x_wconf 82' lang='lat' dir='ltr'><strong>Quare</strong></span> <span class='ocrx_word' id='word_1_159' title='bbox 432 1165 544 1192; x_wconf 86' lang='lat' dir='ltr'><strong>adorata</strong></span> <span class='ocrx_word' id='word_1_160' title='bbox 572 1163 700 1198; x_wconf 87' lang='lat' dir='ltr'><strong>imagine,</strong></span> <span class='ocrx_word' id='word_1_161' title='bbox 719 1162 849 1189; x_wconf 85' lang='lat' dir='ltr'><strong>adoratur</strong></span> <span class='ocrx_word' id='word_1_162' title='bbox 868 1160 1005 1193; x_wconf 84' lang='lat' dir='ltr'><strong>Christus,</strong></span> 
     </span>
    </p>
   </div>
   <div class='ocr_carea' id='block_1_26' title="bbox 218 1206 1007 1248">
    <p class='ocr_par' dir='ltr' id='par_1_26' title="bbox 218 1206 1007 1248">
     <span class='ocr_line' id='line_1_26' title="bbox 218 1206 1007 1248; baseline -0.008 -10"><span class='ocrx_word' id='word_1_163' title='bbox 218 1212 298 1245; x_wconf 81' lang='lat' dir='ltr'><strong>cujus</strong></span> <span class='ocrx_word' id='word_1_164' title='bbox 316 1214 407 1248; x_wconf 70' lang='lat' dir='ltr'><strong>estet</strong></span> <span class='ocrx_word' id='word_1_165' title='bbox 422 1209 571 1238; x_wconf 89' lang='lat' dir='ltr'><strong>similitudo</strong></span> <span class='ocrx_word' id='word_1_166' title='bbox 592 1216 599 1236; x_wconf 89' lang='lat'>:</span> <span class='ocrx_word' id='word_1_167' title='bbox 617 1215 670 1235; x_wconf 95' lang='lat' dir='ltr'><strong>non</strong></span> <span class='ocrx_word' id='word_1_168' title='bbox 698 1212 787 1240; x_wconf 84' lang='lat' dir='ltr'><strong>autem</strong></span> <span class='ocrx_word' id='word_1_169' title='bbox 807 1206 920 1233; x_wconf 84' lang='lat' dir='ltr'><strong>materia</strong></span> <span class='ocrx_word' id='word_1_170' title='bbox 946 1212 1007 1240; x_wconf 67' lang='lat' dir='ltr'><strong>quae</strong></span> 
     </span>
    </p>
   </div>
   <div class='ocr_carea' id='block_1_27' title="bbox 221 1249 1008 1289">
    <p class='ocr_par' dir='ltr' id='par_1_27' title="bbox 221 1249 1008 1289">
     <span class='ocr_line' id='line_1_27' title="bbox 221 1249 1008 1289; baseline -0.009 -5"><span class='ocrx_word' id='word_1_171' title='bbox 221 1256 428 1285; x_wconf 83' lang='lat' dir='ltr'><strong>similitudinem</strong></span> <span class='ocrx_word' id='word_1_172' title='bbox 449 1255 552 1289; x_wconf 87' lang='lat' dir='ltr'><strong>recepit</strong></span> <span class='ocrx_word' id='word_1_173' title='bbox 567 1262 574 1280; x_wconf 92' lang='lat'>:</span> <span class='ocrx_word' id='word_1_174' title='bbox 590 1252 818 1288; x_wconf 87' lang='lat' dir='ltr'><strong>quemadmodum</strong></span> <span class='ocrx_word' id='word_1_175' title='bbox 835 1256 862 1279; x_wconf 89' lang='lat' dir='ltr'><strong>et</strong></span> <span class='ocrx_word' id='word_1_176' title='bbox 877 1251 903 1278; x_wconf 95' lang='lat' dir='ltr'><strong>in</strong></span> <span class='ocrx_word' id='word_1_177' title='bbox 920 1249 1008 1286; x_wconf 83' lang='lat' dir='ltr'><strong>eﬂigie</strong></span> 
     </span>
    </p>
   </div>
   <div class='ocr_carea' id='block_1_28' title="bbox 221 1297 1010 1333">
    <p class='ocr_par' dir='ltr' id='par_1_28' title="bbox 221 1297 1010 1333">
     <span class='ocr_line' id='line_1_28' title="bbox 221 1297 1010 1333; baseline -0.008 -4"><span class='ocrx_word' id='word_1_178' title='bbox 221 1302 311 1329; x_wconf 89' lang='lat' dir='ltr'><strong>crucis</strong></span> <span class='ocrx_word' id='word_1_179' title='bbox 343 1301 506 1333; x_wconf 87' lang='lat' dir='ltr'><strong>ostenditur.</strong></span> <span class='ocrx_word' id='word_1_180' title='bbox 530 1299 582 1332; x_wconf 81' lang='lat' dir='ltr'><strong>Qui</strong></span> <span class='ocrx_word' id='word_1_181' title='bbox 609 1299 681 1326; x_wconf 91' lang='lat' dir='ltr'><strong>enim</strong></span> <span class='ocrx_word' id='word_1_182' title='bbox 701 1297 842 1325; x_wconf 84' lang='lat' dir='ltr'><strong>materiam</strong></span> <span class='ocrx_word' id='word_1_183' title='bbox 871 1301 949 1332; x_wconf 87' lang='lat' dir='ltr'><strong>putat</strong></span> <span class='ocrx_word' id='word_1_184' title='bbox 979 1303 1010 1323; x_wconf 89' lang='lat' dir='ltr'><strong>se</strong></span> 
     </span>
    </p>
   </div>
   <div class='ocr_carea' id='block_1_29' title="bbox 222 1341 1010 1381">
    <p class='ocr_par' dir='ltr' id='par_1_29' title="bbox 222 1341 1010 1381">
     <span class='ocr_line' id='line_1_29' title="bbox 222 1341 1010 1381; baseline -0.009 -6"><span class='ocrx_word' id='word_1_185' title='bbox 222 1347 348 1380; x_wconf 79' lang='lat' dir='ltr'><strong>adorare,</strong></span> <span class='ocrx_word' id='word_1_186' title='bbox 364 1353 431 1381; x_wconf 88' lang='lat' dir='ltr'><strong>puer</strong></span> <span class='ocrx_word' id='word_1_187' title='bbox 441 1351 493 1378; x_wconf 86' lang='lat' dir='ltr'><strong>est,</strong></span> <span class='ocrx_word' id='word_1_188' title='bbox 515 1349 543 1372; x_wconf 90' lang='lat' dir='ltr'><strong>et</strong></span> <span class='ocrx_word' id='word_1_189' title='bbox 563 1344 676 1372; x_wconf 89' lang='lat' dir='ltr'><strong>rationis</strong></span> <span class='ocrx_word' id='word_1_190' title='bbox 695 1350 802 1377; x_wconf 77' lang='lat' dir='ltr'><strong>expers.</strong></span> <span class='ocrx_word' id='word_1_191' title='bbox 820 1341 913 1379; x_wconf 71' lang='lat' dir='ltr'><strong>Neque</strong></span> <span class='ocrx_word' id='word_1_192' title='bbox 927 1341 1010 1376; x_wconf 79' lang='lat' dir='ltr'><strong>igitur</strong></span> 
     </span>
    </p>
   </div>
   <div class='ocr_carea' id='block_1_30' title="bbox 223 1388 1009 1427">
    <p class='ocr_par' dir='ltr' id='par_1_30' title="bbox 223 1388 1009 1427">
     <span class='ocr_line' id='line_1_30' title="bbox 223 1388 1009 1427; baseline -0.006 -7"><span class='ocrx_word' id='word_1_193' title='bbox 223 1393 348 1424; x_wconf 87' lang='lat' dir='ltr'><strong>materia,</strong></span> <span class='ocrx_word' id='word_1_194' title='bbox 363 1392 388 1419; x_wconf 90' lang='lat' dir='ltr'><strong>in</strong></span> <span class='ocrx_word' id='word_1_195' title='bbox 407 1399 459 1427; x_wconf 88' lang='lat' dir='ltr'><strong>qua</strong></span> <span class='ocrx_word' id='word_1_196' title='bbox 487 1395 529 1419; x_wconf 82' lang='lat' dir='ltr'><strong>est</strong></span> <span class='ocrx_word' id='word_1_197' title='bbox 553 1391 653 1425; x_wconf 85' lang='lat' dir='ltr'><strong>imago,</strong></span> <span class='ocrx_word' id='word_1_198' title='bbox 673 1389 802 1417; x_wconf 84' lang='lat' dir='ltr'><strong>adoratur</strong></span> <span class='ocrx_word' id='word_1_199' title='bbox 818 1398 826 1420; x_wconf 73' lang='grc' dir='ltr'><strong>ς</strong></span> <span class='ocrx_word' id='word_1_200' title='bbox 844 1396 932 1423; x_wconf 87' lang='lat' dir='ltr'><strong>neque</strong></span> <span class='ocrx_word' id='word_1_201' title='bbox 945 1388 1009 1421; x_wconf 84' lang='lat' dir='ltr'><strong>alia,</strong></span> 
     </span>
    </p>
   </div>
   <div class='ocr_carea' id='block_1_31' title="bbox 223 1435 1010 1474">
    <p class='ocr_par' dir='ltr' id='par_1_31' title="bbox 223 1435 1010 1474">
     <span class='ocr_line' id='line_1_31' title="bbox 223 1435 1010 1474; baseline -0.006 -7"><span class='ocrx_word' id='word_1_202' title='bbox 223 1443 322 1474; x_wconf 81' lang='lat' dir='ltr'><strong>praeter</strong></span> <span class='ocrx_word' id='word_1_203' title='bbox 339 1446 399 1466; x_wconf 85' lang='lat' dir='ltr'><strong>eam</strong></span> <span class='ocrx_word' id='word_1_204' title='bbox 417 1438 497 1473; x_wconf 82' lang='lat' dir='ltr'><strong>cujus</strong></span> <span class='ocrx_word' id='word_1_205' title='bbox 517 1438 606 1472; x_wconf 80' lang='lat' dir='ltr'><strong>imago</strong></span> <span class='ocrx_word' id='word_1_206' title='bbox 624 1443 754 1472; x_wconf 78' lang='lat' dir='ltr'><strong>expressa</strong></span> <span class='ocrx_word' id='word_1_207' title='bbox 769 1439 822 1471; x_wconf 83' lang='lat' dir='ltr'><strong>est,</strong></span> <span class='ocrx_word' id='word_1_208' title='bbox 845 1435 1010 1471; x_wconf 76' lang='lat' dir='ltr'><strong>hypostasis.</strong></span> 
     </span>
    </p>
   </div>
   <div class='ocr_carea' id='block_1_32' title="bbox 224 1481 1014 1518">
    <p class='ocr_par' dir='ltr' id='par_1_32' title="bbox 224 1481 1014 1518">
     <span class='ocr_line' id='line_1_32' title="bbox 224 1481 1014 1518; baseline -0.006 -5"><span class='ocrx_word' id='word_1_209' title='bbox 224 1486 277 1512; x_wconf 80' lang='lat' dir='ltr'><strong>Par</strong></span> <span class='ocrx_word' id='word_1_210' title='bbox 290 1485 363 1512; x_wconf 90' lang='lat' dir='ltr'><strong>enim</strong></span> <span class='ocrx_word' id='word_1_211' title='bbox 389 1484 416 1512; x_wconf 88' lang='lat' dir='ltr'><strong>in</strong></span> <span class='ocrx_word' id='word_1_212' title='bbox 438 1484 560 1518; x_wconf 82' lang='lat' dir='ltr'><strong>utrisque</strong></span> <span class='ocrx_word' id='word_1_213' title='bbox 585 1486 628 1514; x_wconf 82' lang='lat' dir='ltr'><strong>est</strong></span> <span class='ocrx_word' id='word_1_214' title='bbox 652 1482 754 1510; x_wconf 88' lang='lat' dir='ltr'><strong>erroris</strong></span> <span class='ocrx_word' id='word_1_215' title='bbox 781 1482 919 1517; x_wconf 86' lang='lat' dir='ltr'><strong>impietas.</strong></span> <span class='ocrx_word' id='word_1_216' title='bbox 946 1481 1014 1508; x_wconf 78' lang='lat' dir='ltr'><strong>Pro-</strong></span> 
     </span>
    </p>
   </div>
   <div class='ocr_carea' id='block_1_33' title="bbox 223 1527 1047 1576">
    <p class='ocr_par' dir='ltr' id='par_1_33' title="bbox 223 1527 1047 1576">
     <span class='ocr_line' id='line_1_33' title="bbox 223 1527 1047 1576; baseline -0.005 -18"><span class='ocrx_word' id='word_1_217' title='bbox 223 1536 317 1576; x_wconf 81' lang='lat' dir='ltr'><strong>pterea</strong></span> <span class='ocrx_word' id='word_1_218' title='bbox 344 1531 435 1576; x_wconf 80' lang='lat' dir='ltr'><strong>itaque</strong></span> <span class='ocrx_word' id='word_1_219' title='bbox 457 1534 485 1576; x_wconf 78' lang='lat' dir='ltr'><strong>et</strong></span> <span class='ocrx_word' id='word_1_220' title='bbox 512 1529 614 1564; x_wconf 74' lang='lat' dir='ltr'><strong>eIIigies</strong></span> <span class='ocrx_word' id='word_1_221' title='bbox 626 1529 727 1562; x_wconf 85' lang='lat' dir='ltr'><strong>crucis,</strong></span> <span class='ocrx_word' id='word_1_222' title='bbox 745 1536 811 1556; x_wconf 85' lang='lat' dir='ltr'><strong>crux</strong></span> <span class='ocrx_word' id='word_1_223' title='bbox 835 1527 986 1563; x_wconf 86' lang='lat' dir='ltr'><strong>appellatur</strong></span> <span class='ocrx_word' id='word_1_224' title='bbox 1003 1536 1011 1561; x_wconf 89' lang='lat'><strong>;</strong></span> <span class='ocrx_word' id='word_1_225' title='bbox 1026 1546 1047 1576; x_wconf 67' lang='grc' dir='ltr'>ο</span> 
     </span>
    </p>
   </div>
   <div class='ocr_carea' id='block_1_34' title="bbox 225 1571 1012 1609">
    <p class='ocr_par' dir='ltr' id='par_1_34' title="bbox 225 1571 1012 1609">
     <span class='ocr_line' id='line_1_34' title="bbox 225 1571 1012 1609; baseline -0.005 -8"><span class='ocrx_word' id='word_1_226' title='bbox 225 1579 254 1602; x_wconf 89' lang='lat' dir='ltr'><strong>ct</strong></span> <span class='ocrx_word' id='word_1_227' title='bbox 270 1574 360 1609; x_wconf 83' lang='lat' dir='ltr'><strong>imago</strong></span> <span class='ocrx_word' id='word_1_228' title='bbox 381 1573 495 1607; x_wconf 83' lang='lat' dir='ltr'><strong>Christi,</strong></span> <span class='ocrx_word' id='word_1_229' title='bbox 526 1573 652 1601; x_wconf 85' lang='lat' dir='ltr'><strong>Christus</strong></span> <span class='ocrx_word' id='word_1_230' title='bbox 680 1572 788 1603; x_wconf 86' lang='lat' dir='ltr'><strong>dicitur,</strong></span> <span class='ocrx_word' id='word_1_231' title='bbox 809 1579 864 1598; x_wconf 90' lang='lat' dir='ltr'><strong>non</strong></span> <span class='ocrx_word' id='word_1_232' title='bbox 892 1571 1012 1606; x_wconf 87' lang='lat' dir='ltr'><strong>proprie,</strong></span> 
     </span>
    </p>
   </div>
   <div class='ocr_carea' id='block_1_35' title="bbox 228 1618 1015 1656">
    <p class='ocr_par' dir='ltr' id='par_1_35' title="bbox 228 1618 1015 1656">
     <span class='ocr_line' id='line_1_35' title="bbox 228 1618 1015 1656; baseline -0.008 -7"><span class='ocrx_word' id='word_1_233' title='bbox 228 1620 275 1649; x_wconf 83' lang='lat' dir='ltr'><strong>sed</strong></span> <span class='ocrx_word' id='word_1_234' title='bbox 296 1628 344 1656; x_wconf 87' lang='lat' dir='ltr'><strong>per</strong></span> <span class='ocrx_word' id='word_1_235' title='bbox 358 1620 549 1648; x_wconf 82' lang='lat' dir='ltr'><strong>cataclircsim.</strong></span> <span class='ocrx_word' id='word_1_236' title='bbox 567 1619 595 1646; x_wconf 89' lang='lat' dir='ltr'><strong>Si</strong></span> <span class='ocrx_word' id='word_1_237' title='bbox 618 1626 684 1654; x_wconf 82' lang='lat' dir='ltr'><strong>ergo</strong></span> <span class='ocrx_word' id='word_1_238' title='bbox 704 1618 784 1646; x_wconf 88' lang='lat' dir='ltr'><strong>nobis</strong></span> <span class='ocrx_word' id='word_1_239' title='bbox 805 1618 858 1644; x_wconf 86' lang='lat' dir='ltr'><strong>hoc</strong></span> <span class='ocrx_word' id='word_1_240' title='bbox 871 1624 1015 1652; x_wconf 89' lang='lat' dir='ltr'><strong>persuase-</strong></span> 
     </span>
    </p>
   </div>
   <div class='ocr_carea' id='block_1_36' title="bbox 228 1664 1016 1701">
    <p class='ocr_par' dir='ltr' id='par_1_36' title="bbox 228 1664 1016 1701">
     <span class='ocr_line' id='line_1_36' title="bbox 228 1664 1016 1701; baseline -0.006 -6"><span class='ocrx_word' id='word_1_241' title='bbox 228 1668 274 1700; x_wconf 86' lang='lat' dir='ltr'><strong>rit,</strong></span> <span class='ocrx_word' id='word_1_242' title='bbox 291 1667 381 1695; x_wconf 88' lang='lat' dir='ltr'><strong>crucis</strong></span> <span class='ocrx_word' id='word_1_243' title='bbox 398 1666 510 1701; x_wconf 79' lang='lat' dir='ltr'><strong>ciligicm</strong></span> <span class='ocrx_word' id='word_1_244' title='bbox 530 1673 638 1693; x_wconf 90' lang='lat' dir='ltr'><strong>crucem</strong></span> <span class='ocrx_word' id='word_1_245' title='bbox 660 1673 714 1692; x_wconf 73' lang='lat' dir='ltr'><strong>non</strong></span> <span class='ocrx_word' id='word_1_246' title='bbox 740 1664 881 1700; x_wconf 85' lang='lat' dir='ltr'><strong>appellari,</strong></span> <span class='ocrx_word' id='word_1_247' title='bbox 901 1671 1016 1698; x_wconf 87' lang='lat' dir='ltr'><strong>persua-</strong></span> 
     </span>
    </p>
   </div>
   <div class='ocr_carea' id='block_1_37' title="bbox 228 1711 1016 1747">
    <p class='ocr_par' dir='ltr' id='par_1_37' title="bbox 228 1711 1016 1747">
     <span class='ocr_line' id='line_1_37' title="bbox 228 1711 1016 1747; baseline -0.004 -6"><span class='ocrx_word' id='word_1_248' title='bbox 228 1713 301 1740; x_wconf 87' lang='lat' dir='ltr'><strong>debit</strong></span> <span class='ocrx_word' id='word_1_249' title='bbox 317 1714 398 1741; x_wconf 78' lang='lat' dir='ltr'><strong>etiam</strong></span> <span class='ocrx_word' id='word_1_250' title='bbox 417 1713 498 1740; x_wconf 87' lang='lat' dir='ltr'><strong>nobis</strong></span> <span class='ocrx_word' id='word_1_251' title='bbox 523 1712 667 1747; x_wconf 84' lang='lat' dir='ltr'><strong>imaginem</strong></span> <span class='ocrx_word' id='word_1_252' title='bbox 695 1711 796 1739; x_wconf 82' lang='lat' dir='ltr'><strong>Christi</strong></span> <span class='ocrx_word' id='word_1_253' title='bbox 807 1711 946 1738; x_wconf 89' lang='lat' dir='ltr'><strong>Christum</strong></span> <span class='ocrx_word' id='word_1_254' title='bbox 961 1717 1016 1738; x_wconf 89' lang='lat' dir='ltr'><strong>non</strong></span> 
     </span>
    </p>
   </div>
   <div class='ocr_carea' id='block_1_38' title="bbox 229 1757 1017 1794">
    <p class='ocr_par' dir='ltr' id='par_1_38' title="bbox 229 1757 1017 1794">
     <span class='ocr_line' id='line_1_38' title="bbox 229 1757 1017 1794; baseline -0.005 -8"><span class='ocrx_word' id='word_1_255' title='bbox 229 1759 369 1794; x_wconf 85' lang='lat' dir='ltr'><strong>appellari.</strong></span> <span class='ocrx_word' id='word_1_256' title='bbox 387 1759 420 1786; x_wconf 84' lang='lat' dir='ltr'><strong>Et</strong></span> <span class='ocrx_word' id='word_1_257' title='bbox 435 1765 541 1786; x_wconf 86' lang='lat' dir='ltr'><strong>rursus.</strong></span> <span class='ocrx_word' id='word_1_258' title='bbox 558 1758 580 1785; x_wconf 91' lang='lat' dir='ltr'><strong>si</strong></span> <span class='ocrx_word' id='word_1_259' title='bbox 594 1758 620 1784; x_wconf 87' lang='lat' dir='ltr'><strong>in</strong></span> <span class='ocrx_word' id='word_1_260' title='bbox 635 1757 735 1792; x_wconf 88' lang='lat' dir='ltr'><strong>primo,</strong></span> <span class='ocrx_word' id='word_1_261' title='bbox 756 1764 811 1784; x_wconf 92' lang='lat' dir='ltr'><strong>non</strong></span> <span class='ocrx_word' id='word_1_262' title='bbox 826 1757 943 1785; x_wconf 89' lang='lat' dir='ltr'><strong>adorant</strong></span> <span class='ocrx_word' id='word_1_263' title='bbox 953 1763 1017 1783; x_wconf 84' lang='lat' dir='ltr'><strong>cru-</strong></span> 
     </span>
    </p>
   </div>
   <div class='ocr_carea' id='block_1_39' title="bbox 229 1802 1017 1838">
    <p class='ocr_par' dir='ltr' id='par_1_39' title="bbox 229 1802 1017 1838">
     <span class='ocr_line' id='line_1_39' title="bbox 229 1802 1017 1838; baseline -0.003 -7"><span class='ocrx_word' id='word_1_264' title='bbox 229 1811 301 1836; x_wconf 89' lang='lat' dir='ltr'><strong>cem,</strong></span> <span class='ocrx_word' id='word_1_265' title='bbox 314 1804 360 1838; x_wconf 87' lang='lat' dir='ltr'><strong>qui</strong></span> <span class='ocrx_word' id='word_1_266' title='bbox 369 1804 484 1831; x_wconf 83' lang='lat' dir='ltr'><strong>adorant</strong></span> <span class='ocrx_word' id='word_1_267' title='bbox 497 1802 611 1838; x_wconf 79' lang='lat' dir='ltr'><strong>eiligiem</strong></span> <span class='ocrx_word' id='word_1_268' title='bbox 623 1811 631 1836; x_wconf 85' lang='lat'><strong>;</strong></span> <span class='ocrx_word' id='word_1_269' title='bbox 642 1810 703 1834; x_wconf 85' lang='lat' dir='ltr'><strong>nec,</strong></span> <span class='ocrx_word' id='word_1_270' title='bbox 721 1805 748 1829; x_wconf 90' lang='lat' dir='ltr'><strong>in</strong></span> <span class='ocrx_word' id='word_1_271' title='bbox 759 1802 891 1834; x_wconf 87' lang='lat' dir='ltr'><strong>secundo,</strong></span> <span class='ocrx_word' id='word_1_272' title='bbox 904 1802 1017 1829; x_wconf 84' lang='lat' dir='ltr'><strong>adorare</strong></span> 
     </span>
    </p>
   </div>
   <div class='ocr_carea' id='block_1_40' title="bbox 229 1846 1018 1883">
    <p class='ocr_par' dir='ltr' id='par_1_40' title="bbox 229 1846 1018 1883">
     <span class='ocr_line' id='line_1_40' title="bbox 229 1846 1018 1883; baseline -0.005 -6"><span class='ocrx_word' id='word_1_273' title='bbox 229 1849 381 1882; x_wconf 88' lang='lat' dir='ltr'><strong>Christum,</strong></span> <span class='ocrx_word' id='word_1_274' title='bbox 406 1849 450 1883; x_wconf 90' lang='lat' dir='ltr'><strong>qui</strong></span> <span class='ocrx_word' id='word_1_275' title='bbox 478 1848 581 1877; x_wconf 85' lang='lat' dir='ltr'><strong>Christi</strong></span> <span class='ocrx_word' id='word_1_276' title='bbox 605 1847 721 1876; x_wconf 79' lang='lat' dir='ltr'><strong>adorant</strong></span> <span class='ocrx_word' id='word_1_277' title='bbox 747 1847 904 1882; x_wconf 82' lang='lat' dir='ltr'><strong>imaginem.</strong></span> <span class='ocrx_word' id='word_1_278' title='bbox 935 1846 1018 1882; x_wconf 83' lang='lat' dir='ltr'><strong>Atqui</strong></span> 
     </span>
    </p>
   </div>
   <div class='ocr_carea' id='block_1_41' title="bbox 229 1891 1020 1931">
    <p class='ocr_par' dir='ltr' id='par_1_41' title="bbox 229 1891 1020 1931">
     <span class='ocr_line' id='line_1_41' title="bbox 229 1891 1020 1931; baseline -0.004 -9"><span class='ocrx_word' id='word_1_279' title='bbox 229 1895 349 1931; x_wconf 90' lang='lat' dir='ltr'><strong>primum</strong></span> <span class='ocrx_word' id='word_1_280' title='bbox 365 1901 459 1922; x_wconf 80' lang='lat' dir='ltr'><strong>verum</strong></span> <span class='ocrx_word' id='word_1_281' title='bbox 477 1898 528 1927; x_wconf 88' lang='lat' dir='ltr'><strong>est,</strong></span> <span class='ocrx_word' id='word_1_282' title='bbox 550 1893 622 1928; x_wconf 90' lang='lat' dir='ltr'><strong>quod</strong></span> <span class='ocrx_word' id='word_1_283' title='bbox 645 1893 753 1928; x_wconf 85' lang='lat' dir='ltr'><strong>propria</strong></span> <span class='ocrx_word' id='word_1_284' title='bbox 771 1893 861 1920; x_wconf 89' lang='lat' dir='ltr'><strong>crucis</strong></span> <span class='ocrx_word' id='word_1_285' title='bbox 876 1891 977 1927; x_wconf 78' lang='lat' dir='ltr'><strong>eﬂigies</strong></span> <span class='ocrx_word' id='word_1_286' title='bbox 992 1896 1020 1921; x_wconf 85' lang='lat' dir='ltr'><strong>et</strong></span> 
     </span>
    </p>
   </div>
   <div class='ocr_carea' id='block_1_42' title="bbox 230 1937 1020 1975">
    <p class='ocr_par' dir='ltr' id='par_1_42' title="bbox 230 1937 1020 1975">
     <span class='ocr_line' id='line_1_42' title="bbox 230 1937 1020 1975; baseline -0.003 -7"><span class='ocrx_word' id='word_1_287' title='bbox 230 1945 404 1975; x_wconf 83' lang='lat' dir='ltr'><strong>nuncupatur</strong></span> <span class='ocrx_word' id='word_1_288' title='bbox 423 1947 489 1968; x_wconf 83' lang='lat' dir='ltr'><strong>crux</strong></span> <span class='ocrx_word' id='word_1_289' title='bbox 507 1959 514 1972; x_wconf 91' lang='lat'><strong>,</strong></span> <span class='ocrx_word' id='word_1_290' title='bbox 539 1943 566 1966; x_wconf 91' lang='lat' dir='ltr'><strong>et</strong></span> <span class='ocrx_word' id='word_1_291' title='bbox 583 1939 723 1967; x_wconf 83' lang='lat' dir='ltr'><strong>adoratur.</strong></span> <span class='ocrx_word' id='word_1_292' title='bbox 749 1937 850 1966; x_wconf 80' lang='lat' dir='ltr'><strong>Verum</strong></span> <span class='ocrx_word' id='word_1_293' title='bbox 873 1938 956 1974; x_wconf 83' lang='lat' dir='ltr'><strong>igitur</strong></span> <span class='ocrx_word' id='word_1_294' title='bbox 991 1943 1020 1969; x_wconf 88' lang='lat' dir='ltr'><strong>et</strong></span> 
     </span>
    </p>
   </div>
   <div class='ocr_carea' id='block_1_43' title="bbox 231 1984 1017 2024">
    <p class='ocr_par' dir='ltr' id='par_1_43' title="bbox 231 1984 1017 2024">
     <span class='ocr_line' id='line_1_43' title="bbox 231 1984 1017 2024; baseline -0.005 -9"><span class='ocrx_word' id='word_1_295' title='bbox 231 1987 383 2015; x_wconf 82' lang='lat' dir='ltr'><strong>secundum</strong></span> <span class='ocrx_word' id='word_1_296' title='bbox 396 2007 404 2020; x_wconf 84' lang='lat'><strong>,</strong></span> <span class='ocrx_word' id='word_1_297' title='bbox 420 1993 476 2024; x_wconf 87' lang='lat' dir='ltr'><strong>quo</strong></span> <span class='ocrx_word' id='word_1_298' title='bbox 498 1990 526 2013; x_wconf 88' lang='lat' dir='ltr'><strong>et</strong></span> <span class='ocrx_word' id='word_1_299' title='bbox 541 1985 668 2012; x_wconf 87' lang='lat' dir='ltr'><strong>Christus</strong></span> <span class='ocrx_word' id='word_1_300' title='bbox 692 1984 803 2017; x_wconf 87' lang='lat' dir='ltr'><strong>dicitur,</strong></span> <span class='ocrx_word' id='word_1_301' title='bbox 833 1989 860 2011; x_wconf 88' lang='lat' dir='ltr'><strong>et</strong></span> <span class='ocrx_word' id='word_1_302' title='bbox 875 1984 1017 2017; x_wconf 84' lang='lat' dir='ltr'><strong>adoratur,</strong></span> 
     </span>
    </p>
   </div>
   <div class='ocr_carea' id='block_1_44' title="bbox 231 2031 1019 2070">
    <p class='ocr_par' dir='ltr' id='par_1_44' title="bbox 231 2031 1019 2070">
     <span class='ocr_line' id='line_1_44' title="bbox 231 2031 1019 2070; baseline -0.003 -10"><span class='ocrx_word' id='word_1_303' title='bbox 231 2034 342 2070; x_wconf 86' lang='lat' dir='ltr'><strong>propria</strong></span> <span class='ocrx_word' id='word_1_304' title='bbox 360 2033 420 2068; x_wconf 85' lang='lat' dir='ltr'><strong>ejus</strong></span> <span class='ocrx_word' id='word_1_305' title='bbox 442 2033 552 2068; x_wconf 86' lang='lat' dir='ltr'><strong>imago;</strong></span> <span class='ocrx_word' id='word_1_306' title='bbox 568 2037 593 2060; x_wconf 88' lang='lat' dir='ltr'><strong>et</strong></span> <span class='ocrx_word' id='word_1_307' title='bbox 616 2031 757 2060; x_wconf 90' lang='lat' dir='ltr'><strong>incassum</strong></span> <span class='ocrx_word' id='word_1_308' title='bbox 783 2031 876 2065; x_wconf 80' lang='lat' dir='ltr'><strong>inania</strong></span> <span class='ocrx_word' id='word_1_309' title='bbox 895 2031 1019 2063; x_wconf 87' lang='lat' dir='ltr'><strong>blaterat,</strong></span> 
     </span>
    </p>
   </div>
   <div class='ocr_carea' id='block_1_45' title="bbox 231 2078 1018 2118">
    <p class='ocr_par' dir='ltr' id='par_1_45' title="bbox 231 2078 1018 2118">
     <span class='ocr_line' id='line_1_45' title="bbox 231 2078 1018 2118; baseline -0.004 -10"><span class='ocrx_word' id='word_1_310' title='bbox 231 2080 278 2118; x_wconf 89' lang='lat' dir='ltr'><strong>qui</strong></span> <span class='ocrx_word' id='word_1_311' title='bbox 298 2080 358 2108; x_wconf 89' lang='lat' dir='ltr'><strong>novi</strong></span> <span class='ocrx_word' id='word_1_312' title='bbox 374 2079 514 2115; x_wconf 85' lang='lat' dir='ltr'><strong>quidpiam</strong></span> <span class='ocrx_word' id='word_1_313' title='bbox 529 2083 625 2114; x_wconf 66' lang='lat' dir='ltr'><strong>praeter</strong></span> <span class='ocrx_word' id='word_1_314' title='bbox 654 2078 713 2106; x_wconf 72' lang='lat' dir='ltr'><strong>haec</strong></span> <span class='ocrx_word' id='word_1_315' title='bbox 727 2079 812 2106; x_wconf 86' lang='lat' dir='ltr'><strong>sentit</strong></span> <span class='ocrx_word' id='word_1_316' title='bbox 828 2084 874 2106; x_wconf 89' lang='lat' dir='ltr'><strong>aut</strong></span> <span class='ocrx_word' id='word_1_317' title='bbox 886 2078 1018 2113; x_wconf 86' lang='lat' dir='ltr'><strong>loquitur.</strong></span> 
     </span>
    </p>
   </div>
   <div class='ocr_carea' id='block_1_46' title="bbox 232 2124 1020 2160">
    <p class='ocr_par' dir='ltr' id='par_1_46' title="bbox 232 2124 1020 2160">
     <span class='ocr_line' id='line_1_46' title="bbox 232 2124 1020 2160; baseline -0.003 -7"><span class='ocrx_word' id='word_1_318' title='bbox 232 2125 296 2156; x_wconf 77' lang='lat' dir='ltr'><strong>llaec</strong></span> <span class='ocrx_word' id='word_1_319' title='bbox 311 2126 420 2160; x_wconf 88' lang='lat' dir='ltr'><strong>scripsi,</strong></span> <span class='ocrx_word' id='word_1_320' title='bbox 435 2125 533 2160; x_wconf 85' lang='lat' dir='ltr'><strong>partim</strong></span> <span class='ocrx_word' id='word_1_321' title='bbox 548 2124 658 2159; x_wconf 89' lang='lat' dir='ltr'><strong>quidem</strong></span> <span class='ocrx_word' id='word_1_322' title='bbox 687 2129 717 2152; x_wconf 89' lang='lat' dir='ltr'><strong>ut</strong></span> <span class='ocrx_word' id='word_1_323' title='bbox 739 2130 816 2152; x_wconf 81' lang='lat' dir='ltr'><strong>extra</strong></span> <span class='ocrx_word' id='word_1_324' title='bbox 834 2124 940 2159; x_wconf 86' lang='lat' dir='ltr'><strong>culpam</strong></span> <span class='ocrx_word' id='word_1_325' title='bbox 959 2131 1020 2151; x_wconf 88' lang='lat' dir='ltr'><strong>esse</strong></span> 
     </span>
    </p>
   </div>
   <div class='ocr_carea' id='block_1_47' title="bbox 232 2171 1020 2207">
    <p class='ocr_par' dir='ltr' id='par_1_47' title="bbox 232 2171 1020 2207">
     <span class='ocr_line' id='line_1_47' title="bbox 232 2171 1020 2207; baseline -0.004 -7"><span class='ocrx_word' id='word_1_326' title='bbox 232 2179 278 2200; x_wconf 85' lang='lat' dir='ltr'><strong>me</strong></span> <span class='ocrx_word' id='word_1_327' title='bbox 294 2171 454 2207; x_wconf 85' lang='lat' dir='ltr'><strong>probarem;</strong></span> <span class='ocrx_word' id='word_1_328' title='bbox 475 2173 573 2207; x_wconf 80' lang='lat' dir='ltr'><strong>partim</strong></span> <span class='ocrx_word' id='word_1_329' title='bbox 588 2172 671 2201; x_wconf 81' lang='lat' dir='ltr'><strong>etiarn</strong></span> <span class='ocrx_word' id='word_1_330' title='bbox 687 2171 883 2200; x_wconf 65' lang='lat' dir='ltr'><strong>amantissimae</strong></span> <span class='ocrx_word' id='word_1_331' title='bbox 895 2171 1020 2198; x_wconf 88' lang='lat' dir='ltr'><strong>eminen-</strong></span> 
     </span>
    </p>
   </div>
   <div class='ocr_carea' id='block_1_48' title="bbox 1044 233 1828 278">
    <p class='ocr_par' dir='ltr' id='par_1_48' title="bbox 1044 233 1828 278">
     <span class='ocr_line' id='line_1_48' title="bbox 1044 233 1828 278; baseline -0.017 -7"><span class='ocrx_word' id='word_1_332' title='bbox 1044 242 1172 278; x_wconf 69' lang='grc' dir='ltr'>ἐπιστολῇ</span> <span class='ocrx_word' id='word_1_333' title='bbox 1192 249 1253 277; x_wconf 86' lang='grc' dir='ltr'>μου·</span> <span class='ocrx_word' id='word_1_334' title='bbox 1267 239 1325 267; x_wconf 73' lang='grc' dir='ltr'>ἀλλ’</span> <span class='ocrx_word' id='word_1_335' title='bbox 1338 240 1380 266; x_wconf 81' lang='grc' dir='ltr'>ὃτι</span> <span class='ocrx_word' id='word_1_336' title='bbox 1391 239 1424 273; x_wconf 87' lang='grc' dir='ltr'><strong>τῇ</strong></span> <span class='ocrx_word' id='word_1_337' title='bbox 1441 236 1560 271; x_wconf 77' lang='grc' dir='ltr'><strong>Χριστοῦ</strong></span> <span class='ocrx_word' id='word_1_338' title='bbox 1571 234 1656 261; x_wconf 82' lang='grc' dir='ltr'>εἰκόνι</span> <span class='ocrx_word' id='word_1_339' title='bbox 1670 233 1701 260; x_wconf 88' lang='grc' dir='ltr'>οὒ</span> <span class='ocrx_word' id='word_1_340' title='bbox 1715 233 1828 268; x_wconf 83' lang='grc' dir='ltr'>λατρευ-</span> 
     </span>
    </p>
   </div>
   <div class='ocr_carea' id='block_1_49' title="bbox 1044 277 1828 321">
    <p class='ocr_par' dir='ltr' id='par_1_49' title="bbox 1044 277 1828 321">
     <span class='ocr_line' id='line_1_49' title="bbox 1044 277 1828 321; baseline -0.017 -5"><span class='ocrx_word' id='word_1_341' title='bbox 1044 290 1105 316; x_wconf 82' lang='grc' dir='ltr'>τέον</span> <span class='ocrx_word' id='word_1_342' title='bbox 1114 297 1123 305; x_wconf 75' lang='grc' dir='ltr'><strong>ο</strong></span> <span class='ocrx_word' id='word_1_343' title='bbox 1146 277 1349 321; x_wconf 62' lang='grc' dir='ltr'><strong>εἰδωλολατρίας</strong></span> <span class='ocrx_word' id='word_1_344' title='bbox 1364 285 1417 319; x_wconf 83' lang='grc' dir='ltr'><strong>γὰρ</strong></span> <span class='ocrx_word' id='word_1_345' title='bbox 1434 283 1562 319; x_wconf 83' lang='grc' dir='ltr'>φρόνημα</span> <span class='ocrx_word' id='word_1_346' title='bbox 1575 280 1654 307; x_wconf 83' lang='grc' dir='ltr'>τοῦτο</span> <span class='ocrx_word' id='word_1_347' title='bbox 1665 288 1673 296; x_wconf 85' lang='grc'><strong>·</strong></span> <span class='ocrx_word' id='word_1_348' title='bbox 1697 279 1764 314; x_wconf 83' lang='grc' dir='ltr'>μόνῃ</span> <span class='ocrx_word' id='word_1_349' title='bbox 1775 277 1828 313; x_wconf 84' lang='grc' dir='ltr'><strong>γὰρ</strong></span> 
     </span>
    </p>
   </div>
   <div class='ocr_carea' id='block_1_50' title="bbox 1044 324 1829 371">
    <p class='ocr_par' dir='ltr' id='par_1_50' title="bbox 1044 324 1829 371">
     <span class='ocr_line' id='line_1_50' title="bbox 1044 324 1829 371; baseline -0.019 -7"><span class='ocrx_word' id='word_1_350' title='bbox 1044 337 1079 371; x_wconf 73' lang='grc' dir='ltr'>τῇ</span> <span class='ocrx_word' id='word_1_351' title='bbox 1105 334 1172 369; x_wconf 81' lang='grc' dir='ltr'>ἁγίᾳ</span> <span class='ocrx_word' id='word_1_352' title='bbox 1187 333 1281 370; x_wconf 84' lang='grc' dir='ltr'>Τριάδι</span> <span class='ocrx_word' id='word_1_353' title='bbox 1306 331 1385 359; x_wconf 85' lang='grc' dir='ltr'>τοῦτο</span> <span class='ocrx_word' id='word_1_354' title='bbox 1408 328 1563 356; x_wconf 80' lang='grc' dir='ltr'>ἀναθετέον.</span> <span class='ocrx_word' id='word_1_355' title='bbox 1590 326 1645 353; x_wconf 79' lang='grc' dir='ltr'><strong>Καὶ</strong></span> <span class='ocrx_word' id='word_1_356' title='bbox 1668 325 1709 352; x_wconf 83' lang='grc' dir='ltr'>ὃτι</span> <span class='ocrx_word' id='word_1_357' title='bbox 1726 325 1740 351; x_wconf 84' lang='grc' dir='ltr'>ὁ</span> <span class='ocrx_word' id='word_1_358' title='bbox 1754 325 1782 350; x_wconf 77' lang='grc' dir='ltr'>ἐν</span> <span class='ocrx_word' id='word_1_359' title='bbox 1796 324 1829 358; x_wconf 81' lang='grc' dir='ltr'>τῇ</span> 
     </span>
    </p>
   </div>
   <div class='ocr_carea' id='block_1_51' title="bbox 1046 370 1831 417">
    <p class='ocr_par' dir='ltr' id='par_1_51' title="bbox 1046 370 1831 417">
     <span class='ocr_line' id='line_1_51' title="bbox 1046 370 1831 417; baseline -0.018 -8"><span class='ocrx_word' id='word_1_360' title='bbox 1046 370 1112 417; x_wconf 61' lang='grc' dir='ltr'>ἁγίᾳ</span> <span class='ocrx_word' id='word_1_361' title='bbox 1127 380 1211 407; x_wconf 78' lang='grc' dir='ltr'>εἰκόνι</span> <span class='ocrx_word' id='word_1_362' title='bbox 1222 379 1292 415; x_wconf 88' lang='lat' dir='ltr'><strong>[cod.</strong></span> <span class='ocrx_word' id='word_1_363' title='bbox 1309 377 1376 413; x_wconf 81' lang='lat' dir='ltr'><strong>Reg.</strong></span> <span class='ocrx_word' id='word_1_364' title='bbox 1393 374 1493 411; x_wconf 81' lang='grc' dir='ltr'>οἰκείᾳ]</span> <span class='ocrx_word' id='word_1_365' title='bbox 1511 371 1746 409; x_wconf 78' lang='grc' dir='ltr'><strong>προσκυνούμενος</strong></span> <span class='ocrx_word' id='word_1_366' title='bbox 1764 370 1831 404; x_wconf 81' lang='grc' dir='ltr'>Χρι-</span> 
     </span>
    </p>
   </div>
   <div class='ocr_carea' id='block_1_52' title="bbox 1048 415 1832 462">
    <p class='ocr_par' dir='ltr' id='par_1_52' title="bbox 1048 415 1832 462">
     <span class='ocr_line' id='line_1_52' title="bbox 1048 415 1832 462; baseline -0.018 -7"><span class='ocrx_word' id='word_1_367' title='bbox 1048 415 1120 459; x_wconf 74' lang='grc' dir='ltr'>στὸς,</span> <span class='ocrx_word' id='word_1_368' title='bbox 1135 425 1295 462; x_wconf 83' lang='grc' dir='ltr'>λατρεὺεται</span> <span class='ocrx_word' id='word_1_369' title='bbox 1323 424 1371 450; x_wconf 78' lang='grc' dir='ltr'>σὺν</span> <span class='ocrx_word' id='word_1_370' title='bbox 1388 423 1475 457; x_wconf 76' lang='grc' dir='ltr'>Πατρὶ</span> <span class='ocrx_word' id='word_1_371' title='bbox 1490 421 1537 447; x_wconf 76' lang='grc' dir='ltr'>καὶ</span> <span class='ocrx_word' id='word_1_372' title='bbox 1552 419 1691 453; x_wconf 83' lang='grc' dir='ltr'>Πνεύματι</span> <span class='ocrx_word' id='word_1_373' title='bbox 1708 425 1715 433; x_wconf 95' lang='grc'><strong>·</strong></span> <span class='ocrx_word' id='word_1_374' title='bbox 1737 416 1786 451; x_wconf 88' lang='grc' dir='ltr'>τὴν</span> <span class='ocrx_word' id='word_1_375' title='bbox 1802 415 1832 442; x_wconf 78' lang='grc' dir='ltr'>δὲ</span> 
     </span>
    </p>
   </div>
   <div class='ocr_carea' id='block_1_53' title="bbox 1047 463 1832 510">
    <p class='ocr_par' dir='ltr' id='par_1_53' title="bbox 1047 463 1832 510">
     <span class='ocr_line' id='line_1_53' title="bbox 1047 463 1832 510; baseline -0.019 -8"><span class='ocrx_word' id='word_1_376' title='bbox 1047 472 1166 510; x_wconf 79' lang='grc' dir='ltr'><strong>Χριστοῦ</strong></span> <span class='ocrx_word' id='word_1_377' title='bbox 1185 472 1277 499; x_wconf 77' lang='grc' dir='ltr'><strong>εἰκόνα</strong></span> <span class='ocrx_word' id='word_1_378' title='bbox 1291 468 1493 506; x_wconf 87' lang='grc' dir='ltr'>προσκυνητέον</span> <span class='ocrx_word' id='word_1_379' title='bbox 1510 466 1621 501; x_wconf 84' lang='grc' dir='ltr'>σχετικῇ</span> <span class='ocrx_word' id='word_1_380' title='bbox 1636 463 1832 500; x_wconf 74' lang='grc' dir='ltr'><strong>προσκυνήσει,</strong></span> 
     </span>
    </p>
   </div>
   <div class='ocr_carea' id='block_1_54' title="bbox 1049 509 1834 553">
    <p class='ocr_par' dir='ltr' id='par_1_54' title="bbox 1049 509 1834 553">
     <span class='ocr_line' id='line_1_54' title="bbox 1049 509 1834 553; baseline -0.019 -5"><span class='ocrx_word' id='word_1_381' title='bbox 1049 521 1097 548; x_wconf 77' lang='grc' dir='ltr'>καὶ</span> <span class='ocrx_word' id='word_1_382' title='bbox 1111 520 1152 547; x_wconf 85' lang='grc' dir='ltr'>ὃτι</span> <span class='ocrx_word' id='word_1_383' title='bbox 1174 518 1277 553; x_wconf 86' lang='grc' dir='ltr'>ταύτην</span> <span class='ocrx_word' id='word_1_384' title='bbox 1298 513 1525 551; x_wconf 81' lang='grc' dir='ltr'><strong>προσκυνοῦντες,</strong></span> <span class='ocrx_word' id='word_1_385' title='bbox 1543 511 1589 538; x_wconf 79' lang='grc' dir='ltr'>τὸν</span> <span class='ocrx_word' id='word_1_386' title='bbox 1604 509 1722 546; x_wconf 77' lang='grc' dir='ltr'>Χριστὸν</span> <span class='ocrx_word' id='word_1_387' title='bbox 1748 515 1834 543; x_wconf 84' lang='grc' dir='ltr'>προσ-</span> 
     </span>
    </p>
   </div>
   <div class='ocr_carea' id='block_1_55' title="bbox 1048 553 1834 600">
    <p class='ocr_par' dir='ltr' id='par_1_55' title="bbox 1048 553 1834 600">
     <span class='ocr_line' id='line_1_55' title="bbox 1048 553 1834 600; baseline -0.02 -7"><span class='ocrx_word' id='word_1_388' title='bbox 1048 564 1195 600; x_wconf 77' lang='grc' dir='ltr'>κυνοῦμεν,</span> <span class='ocrx_word' id='word_1_389' title='bbox 1220 562 1251 589; x_wconf 84' lang='grc' dir='ltr'>οὐ</span> <span class='ocrx_word' id='word_1_390' title='bbox 1280 560 1468 597; x_wconf 76' lang='grc' dir='ltr'>διαιρούμενον</span> <span class='ocrx_word' id='word_1_391' title='bbox 1501 556 1573 584; x_wconf 85' lang='grc' dir='ltr'>κατὰ</span> <span class='ocrx_word' id='word_1_392' title='bbox 1601 555 1651 590; x_wconf 82' lang='grc' dir='ltr'>τὴν</span> <span class='ocrx_word' id='word_1_393' title='bbox 1674 553 1834 592; x_wconf 76' lang='grc' dir='ltr'>ὑπόστασιν,</span> 
     </span>
    </p>
   </div>
   <div class='ocr_carea' id='block_1_56' title="bbox 1048 597 1834 644">
    <p class='ocr_par' dir='ltr' id='par_1_56' title="bbox 1048 597 1834 644">
     <span class='ocr_line' id='line_1_56' title="bbox 1048 597 1834 644; baseline -0.022 -6"><span class='ocrx_word' id='word_1_394' title='bbox 1048 597 1117 638; x_wconf 63' lang='grc' dir='ltr'>ἀλλὰ</span> <span class='ocrx_word' id='word_1_395' title='bbox 1134 597 1350 644; x_wconf 38' lang='grc' dir='ltr'>’διαφορούμενον</span> <span class='ocrx_word' id='word_1_396' title='bbox 1378 604 1449 632; x_wconf 84' lang='grc' dir='ltr'>κατὰ</span> <span class='ocrx_word' id='word_1_397' title='bbox 1479 602 1525 630; x_wconf 75' lang='grc' dir='ltr'><strong>τὸν</strong></span> <span class='ocrx_word' id='word_1_398' title='bbox 1548 601 1598 636; x_wconf 83' lang='grc' dir='ltr'>τῆς</span> <span class='ocrx_word' id='word_1_399' title='bbox 1625 600 1719 630; x_wconf 72' lang='grc' dir='ltr'>οὺσίας</span> <span class='ocrx_word' id='word_1_400' title='bbox 1744 597 1834 644; x_wconf 79' lang='grc' dir='ltr'>λόγον·</span> 
     </span>
    </p>
   </div>
   <div class='ocr_carea' id='block_1_57' title="bbox 1049 643 1836 693">
    <p class='ocr_par' dir='ltr' id='par_1_57' title="bbox 1049 643 1836 693">
     <span class='ocr_line' id='line_1_57' title="bbox 1049 643 1836 693; baseline -0.022 -8"><span class='ocrx_word' id='word_1_401' title='bbox 1049 658 1118 693; x_wconf 78' lang='grc' dir='ltr'>ὅπερ</span> <span class='ocrx_word' id='word_1_402' title='bbox 1143 643 1317 690; x_wconf 16' lang='grc' dir='ltr'>καὶγὸλληθές.</span> <span class='ocrx_word' id='word_1_403' title='bbox 1344 652 1381 679; x_wconf 86' lang='grc' dir='ltr'><strong>Τὸ</strong></span> <span class='ocrx_word' id='word_1_404' title='bbox 1409 651 1464 686; x_wconf 88' lang='grc' dir='ltr'><strong>γὰρ</strong></span> <span class='ocrx_word' id='word_1_405' title='bbox 1492 647 1650 693; x_wconf 78' lang='grc' dir='ltr'>ἀρχέτυπον</span> <span class='ocrx_word' id='word_1_406' title='bbox 1673 645 1703 672; x_wconf 76' lang='grc' dir='ltr'>ὲν</span> <span class='ocrx_word' id='word_1_407' title='bbox 1734 643 1836 693; x_wconf 38' lang='grc' dir='ltr'>τῇιείῗ</span> 
     </span>
    </p>
   </div>
   <div class='ocr_carea' id='block_1_58' title="bbox 1050 689 1838 736">
    <p class='ocr_par' dir='ltr' id='par_1_58' title="bbox 1050 689 1838 736">
     <span class='ocr_line' id='line_1_58' title="bbox 1050 689 1838 736; baseline -0.019 -6"><span class='ocrx_word' id='word_1_408' title='bbox 1050 689 1109 731; x_wconf 79' lang='grc' dir='ltr'>κόνι</span> <span class='ocrx_word' id='word_1_409' title='bbox 1128 700 1287 736; x_wconf 75' lang='grc' dir='ltr'>ἑκφαίνεται</span> <span class='ocrx_word' id='word_1_410' title='bbox 1304 707 1312 714; x_wconf 73' lang='grc'><strong>⁸</strong></span> <span class='ocrx_word' id='word_1_411' title='bbox 1328 700 1377 725; x_wconf 81' lang='grc' dir='ltr'>καὶ</span> <span class='ocrx_word' id='word_1_412' title='bbox 1389 696 1520 732; x_wconf 79' lang='grc' dir='ltr'>ἑκάτερον</span> <span class='ocrx_word' id='word_1_413' title='bbox 1531 695 1560 720; x_wconf 79' lang='grc' dir='ltr'>ὲν</span> <span class='ocrx_word' id='word_1_414' title='bbox 1571 691 1706 727; x_wconf 77' lang='grc' dir='ltr'>ἐκατέρῳ,</span> <span class='ocrx_word' id='word_1_415' title='bbox 1721 689 1792 717; x_wconf 72' lang='grc' dir='ltr'>κατὰ</span> <span class='ocrx_word' id='word_1_416' title='bbox 1807 689 1838 715; x_wconf 82' lang='grc' dir='ltr'><strong>τδ</strong></span> 
     </span>
    </p>
   </div>
   <div class='ocr_carea' id='block_1_59' title="bbox 1050 736 1838 786">
    <p class='ocr_par' dir='ltr' id='par_1_59' title="bbox 1050 736 1838 786">
     <span class='ocr_line' id='line_1_59' title="bbox 1050 736 1838 786; baseline -0.022 -9"><span class='ocrx_word' id='word_1_417' title='bbox 1050 751 1100 786; x_wconf 82' lang='grc' dir='ltr'>τῆς</span> <span class='ocrx_word' id='word_1_418' title='bbox 1115 748 1209 778; x_wconf 79' lang='grc' dir='ltr'>οὗσίας</span> <span class='ocrx_word' id='word_1_419' title='bbox 1222 746 1361 781; x_wconf 84' lang='grc' dir='ltr'>διάφορον,</span> <span class='ocrx_word' id='word_1_420' title='bbox 1376 743 1414 775; x_wconf 87' lang='grc' dir='ltr'>ὥς</span> <span class='ocrx_word' id='word_1_421' title='bbox 1420 750 1503 778; x_wconf 84' lang='grc' dir='ltr'>φησιν</span> <span class='ocrx_word' id='word_1_422' title='bbox 1515 742 1530 768; x_wconf 86' lang='grc' dir='ltr'>ὁ</span> <span class='ocrx_word' id='word_1_423' title='bbox 1539 740 1677 773; x_wconf 78' lang='grc' dir='ltr'>πάνσοφος</span> <span class='ocrx_word' id='word_1_424' title='bbox 1687 736 1838 786; x_wconf 35' lang='grc' dir='ltr'>μανύσιος.</span> 
     </span>
    </p>
   </div>
   <div class='ocr_carea' id='block_1_60' title="bbox 1087 779 1868 827">
    <p class='ocr_par' dir='ltr' id='par_1_60' title="bbox 1087 779 1868 827">
     <span class='ocr_line' id='line_1_60' title="bbox 1087 779 1868 827; baseline -0.02 -6"><span class='ocrx_word' id='word_1_425' title='bbox 1087 779 1149 827; x_wconf 57' lang='lat' dir='ltr'><strong>illi);</strong></span> <span class='ocrx_word' id='word_1_426' title='bbox 1159 792 1218 824; x_wconf 86' lang='grc' dir='ltr'>οῦν,</span> <span class='ocrx_word' id='word_1_427' title='bbox 1230 779 1315 822; x_wconf 67' lang='grc' dir='ltr'>οὕτως</span> <span class='ocrx_word' id='word_1_428' title='bbox 1335 789 1451 824; x_wconf 71' lang='grc' dir='ltr'>ἐχούσης</span> <span class='ocrx_word' id='word_1_429' title='bbox 1466 786 1514 821; x_wconf 81' lang='grc' dir='ltr'>τῆς</span> <span class='ocrx_word' id='word_1_430' title='bbox 1528 783 1684 817; x_wconf 75' lang='grc' dir='ltr'>ἐπιστολῆς,</span> <span class='ocrx_word' id='word_1_431' title='bbox 1697 779 1838 808; x_wconf 77' lang='grc' dir='ltr'>ὲνδιαῦὰλ-</span> <span class='ocrx_word' id='word_1_432' title='bbox 1866 791 1868 794; x_wconf 90' lang='grc'><strong>·</strong></span> 
     </span>
    </p>
   </div>
   <div class='ocr_carea' id='block_1_61' title="bbox 1051 827 1839 869">
    <p class='ocr_par' dir='ltr' id='par_1_61' title="bbox 1051 827 1839 869">
     <span class='ocr_line' id='line_1_61' title="bbox 1051 827 1839 869; baseline -0.022 0"><span class='ocrx_word' id='word_1_433' title='bbox 1051 842 1094 869; x_wconf 89' lang='grc' dir='ltr'><strong>λει</strong></span> <span class='ocrx_word' id='word_1_434' title='bbox 1109 841 1124 867; x_wconf 87' lang='grc' dir='ltr'><strong>ό</strong></span> <span class='ocrx_word' id='word_1_435' title='bbox 1136 839 1170 866; x_wconf 76' lang='grc' dir='ltr'>δι’</span> <span class='ocrx_word' id='word_1_436' title='bbox 1183 837 1316 869; x_wconf 78' lang='grc' dir='ltr'>ἐναντίας,</span> <span class='ocrx_word' id='word_1_437' title='bbox 1325 835 1372 862; x_wconf 79' lang='grc' dir='ltr'>καὶ</span> <span class='ocrx_word' id='word_1_438' title='bbox 1386 832 1575 861; x_wconf 81' lang='grc' dir='ltr'>ἀποδείκνυσιν</span> <span class='ocrx_word' id='word_1_439' title='bbox 1591 828 1687 857; x_wconf 77' lang='grc' dir='ltr'>ἑαυτὸν</span> <span class='ocrx_word' id='word_1_440' title='bbox 1701 827 1839 854; x_wconf 82' lang='grc' dir='ltr'>ἀντίθετον</span> 
     </span>
    </p>
   </div>
   <div class='ocr_carea' id='block_1_62' title="bbox 1054 873 1841 920">
    <p class='ocr_par' dir='ltr' id='par_1_62' title="bbox 1054 873 1841 920">
     <span class='ocr_line' id='line_1_62' title="bbox 1054 873 1841 920; baseline -0.022 -5"><span class='ocrx_word' id='word_1_441' title='bbox 1054 889 1110 919; x_wconf 83' lang='grc' dir='ltr'>τοῖς</span> <span class='ocrx_word' id='word_1_442' title='bbox 1126 885 1232 920; x_wconf 83' lang='grc' dir='ltr'>ἀγίοις;</span> <span class='ocrx_word' id='word_1_443' title='bbox 1249 881 1330 910; x_wconf 76' lang='grc' dir='ltr'>Ἀλλὰ</span> <span class='ocrx_word' id='word_1_444' title='bbox 1343 881 1369 909; x_wconf 88' lang='grc' dir='ltr'><strong>τί</strong></span> <span class='ocrx_word' id='word_1_445' title='bbox 1383 879 1519 916; x_wconf 57' lang='lat' dir='ltr'><strong>ﬁctilem);</strong></span> <span class='ocrx_word' id='word_1_446' title='bbox 1535 875 1752 913; x_wconf 79' lang='grc' dir='ltr'>προσκυνοῦντας</span> 
     </span>
    </p>
   </div>
   <div class='ocr_carea' id='block_1_63' title="bbox 1052 918 1841 967">
    <p class='ocr_par' dir='ltr' id='par_1_63' title="bbox 1052 918 1841 967">
     <span class='ocr_line' id='line_1_63' title="bbox 1052 918 1841 967; baseline -0.019 -8"><span class='ocrx_word' id='word_1_447' title='bbox 1052 918 1106 967; x_wconf 79' lang='grc' dir='ltr'>τὴν</span> <span class='ocrx_word' id='word_1_448' title='bbox 1112 918 1160 957; x_wconf 81' lang='grc' dir='ltr'><strong>τοῦ</strong></span> <span class='ocrx_word' id='word_1_449' title='bbox 1174 927 1294 964; x_wconf 81' lang='grc' dir='ltr'>Χριστοῦ</span> <span class='ocrx_word' id='word_1_450' title='bbox 1308 925 1411 958; x_wconf 85' lang='grc' dir='ltr'>εἰκόνα,</span> <span class='ocrx_word' id='word_1_451' title='bbox 1427 923 1567 959; x_wconf 83' lang='grc' dir='ltr'>ὁμολογεῖν</span> <span class='ocrx_word' id='word_1_452' title='bbox 1580 920 1741 956; x_wconf 80' lang='grc' dir='ltr'>προσκυνεῖν</span> <span class='ocrx_word' id='word_1_453' title='bbox 1756 918 1841 953; x_wconf 82' lang='grc' dir='ltr'>ἄλλην</span> 
     </span>
    </p>
   </div>
   <div class='ocr_carea' id='block_1_64' title="bbox 1054 964 1842 1007">
    <p class='ocr_par' dir='ltr' id='par_1_64' title="bbox 1054 964 1842 1007">
     <span class='ocr_line' id='line_1_64' title="bbox 1054 964 1842 1007; baseline -0.019 -3"><span class='ocrx_word' id='word_1_454' title='bbox 1054 964 1219 1007; x_wconf 59' lang='lat' dir='ltr'><strong>(tardatum;</strong></span> <span class='ocrx_word' id='word_1_455' title='bbox 1241 972 1293 1000; x_wconf 81' lang='grc' dir='ltr'>Φεῦ</span> <span class='ocrx_word' id='word_1_456' title='bbox 1313 971 1362 1007; x_wconf 83' lang='grc' dir='ltr'>τῆς</span> <span class='ocrx_word' id='word_1_457' title='bbox 1378 969 1509 1004; x_wconf 65' lang='grc' dir='ltr'>ᾲτοπὶαςι</span> <span class='ocrx_word' id='word_1_458' title='bbox 1537 967 1616 994; x_wconf 83' lang='grc' dir='ltr'>τοῦτο</span> <span class='ocrx_word' id='word_1_459' title='bbox 1639 966 1694 1001; x_wconf 84' lang='grc' dir='ltr'><strong>γὰρ</strong></span> <span class='ocrx_word' id='word_1_460' title='bbox 1718 964 1842 1001; x_wconf 76' lang='grc' dir='ltr'>μερίζειν</span> 
     </span>
    </p>
   </div>
   <div class='ocr_carea' id='block_1_65' title="bbox 1054 1008 1842 1056">
    <p class='ocr_par' dir='ltr' id='par_1_65' title="bbox 1054 1008 1842 1056">
     <span class='ocr_line' id='line_1_65' title="bbox 1054 1008 1842 1056; baseline -0.019 -6"><span class='ocrx_word' id='word_1_461' title='bbox 1054 1023 1112 1050; x_wconf 74' lang='grc' dir='ltr'>ἐστὶ</span> <span class='ocrx_word' id='word_1_462' title='bbox 1126 1021 1159 1048; x_wconf 82' lang='grc' dir='ltr'>τὰ</span> <span class='ocrx_word' id='word_1_463' title='bbox 1176 1021 1322 1056; x_wconf 79' lang='grc' dir='ltr'>ἀμέριστα,</span> <span class='ocrx_word' id='word_1_464' title='bbox 1338 1016 1395 1044; x_wconf 85' lang='grc' dir='ltr'>ἀλλ’</span> <span class='ocrx_word' id='word_1_465' title='bbox 1407 1016 1457 1043; x_wconf 84' lang='grc' dir='ltr'>οὐκ</span> <span class='ocrx_word' id='word_1_466' title='bbox 1480 1014 1628 1050; x_wconf 74' lang='grc' dir='ltr'>ἐνδέχεται.</span> <span class='ocrx_word' id='word_1_467' title='bbox 1653 1011 1723 1038; x_wconf 79' lang='grc' dir='ltr'>Οῠτε</span> <span class='ocrx_word' id='word_1_468' title='bbox 1738 1010 1795 1056; x_wconf 80' lang='grc' dir='ltr'><strong>γὰρ</strong></span> <span class='ocrx_word' id='word_1_469' title='bbox 1811 1008 1842 1035; x_wconf 79' lang='grc' dir='ltr'><strong>τδ</strong></span> 
     </span>
    </p>
   </div>
   <div class='ocr_carea' id='block_1_66' title="bbox 1054 1055 1842 1105">
    <p class='ocr_par' dir='ltr' id='par_1_66' title="bbox 1054 1055 1842 1105">
     <span class='ocr_line' id='line_1_66' title="bbox 1054 1055 1842 1105; baseline -0.018 -8"><span class='ocrx_word' id='word_1_470' title='bbox 1054 1069 1154 1105; x_wconf 80' lang='grc' dir='ltr'>κράτος</span> <span class='ocrx_word' id='word_1_471' title='bbox 1172 1055 1301 1103; x_wconf 61' lang='grc' dir='ltr'>σχίζεται,</span> <span class='ocrx_word' id='word_1_472' title='bbox 1326 1063 1388 1095; x_wconf 73' lang='grc' dir='ltr'>οὔτε</span> <span class='ocrx_word' id='word_1_473' title='bbox 1405 1064 1422 1099; x_wconf 83' lang='grc' dir='ltr'><strong>ἡ</strong></span> <span class='ocrx_word' id='word_1_474' title='bbox 1448 1061 1511 1095; x_wconf 76' lang='grc' dir='ltr'>δόξα</span> <span class='ocrx_word' id='word_1_475' title='bbox 1539 1059 1691 1096; x_wconf 78' lang='grc' dir='ltr'>μερίζεται,</span> <span class='ocrx_word' id='word_1_476' title='bbox 1707 1057 1746 1089; x_wconf 85' lang='grc' dir='ltr'>ὡς</span> <span class='ocrx_word' id='word_1_477' title='bbox 1763 1055 1842 1088; x_wconf 80' lang='grc' dir='ltr'>αὖθίς</span> 
     </span>
    </p>
   </div>
   <div class='ocr_carea' id='block_1_67' title="bbox 1057 1105 1844 1152">
    <p class='ocr_par' dir='ltr' id='par_1_67' title="bbox 1057 1105 1844 1152">
     <span class='ocr_line' id='line_1_67' title="bbox 1057 1105 1844 1152; baseline -0.015 -10"><span class='ocrx_word' id='word_1_478' title='bbox 1057 1123 1139 1152; x_wconf 81' lang='grc' dir='ltr'>φησιν</span> <span class='ocrx_word' id='word_1_479' title='bbox 1154 1115 1168 1140; x_wconf 83' lang='grc' dir='ltr'>ὁ</span> <span class='ocrx_word' id='word_1_480' title='bbox 1189 1113 1275 1148; x_wconf 74' lang='grc' dir='ltr'>μέγας</span> <span class='ocrx_word' id='word_1_481' title='bbox 1289 1111 1440 1141; x_wconf 83' lang='grc' dir='ltr'>Βασίλειος.</span> <span class='ocrx_word' id='word_1_482' title='bbox 1467 1109 1513 1137; x_wconf 80' lang='grc' dir='ltr'><strong>Διὸ</strong></span> <span class='ocrx_word' id='word_1_483' title='bbox 1539 1108 1587 1135; x_wconf 74' lang='grc' dir='ltr'>καὶ</span> <span class='ocrx_word' id='word_1_484' title='bbox 1601 1105 1844 1152; x_wconf 69' lang='grc' dir='ltr'>προσκυνουμένης</span> 
     </span>
    </p>
   </div>
   <div class='ocr_carea' id='block_1_68' title="bbox 1056 1148 1845 1196">
    <p class='ocr_par' dir='ltr' id='par_1_68' title="bbox 1056 1148 1845 1196">
     <span class='ocr_line' id='line_1_68' title="bbox 1056 1148 1845 1196; baseline -0.015 -8"><span class='ocrx_word' id='word_1_485' title='bbox 1056 1148 1105 1196; x_wconf 69' lang='grc' dir='ltr'>τῆς</span> <span class='ocrx_word' id='word_1_486' title='bbox 1124 1159 1239 1192; x_wconf 79' lang='grc' dir='ltr'>εἰκόνος,</span> <span class='ocrx_word' id='word_1_487' title='bbox 1265 1159 1281 1184; x_wconf 75' lang='grc' dir='ltr'><strong>ὁ</strong></span> <span class='ocrx_word' id='word_1_488' title='bbox 1306 1156 1424 1191; x_wconf 75' lang='grc' dir='ltr'>Χριστὸς</span> <span class='ocrx_word' id='word_1_489' title='bbox 1440 1154 1644 1190; x_wconf 68' lang='grc' dir='ltr'>προσκυνεῖται,</span> <span class='ocrx_word' id='word_1_490' title='bbox 1663 1148 1694 1181; x_wconf 64' lang='grc' dir='ltr'>οὗ</span> <span class='ocrx_word' id='word_1_491' title='bbox 1717 1152 1778 1178; x_wconf 86' lang='grc' dir='ltr'>ὲστι</span> <span class='ocrx_word' id='word_1_492' title='bbox 1799 1149 1845 1177; x_wconf 79' lang='grc' dir='ltr'>καὶ</span> 
     </span>
    </p>
   </div>
   <div class='ocr_carea' id='block_1_69' title="bbox 1057 1195 1844 1243">
    <p class='ocr_par' dir='ltr' id='par_1_69' title="bbox 1057 1195 1844 1243">
     <span class='ocr_line' id='line_1_69' title="bbox 1057 1195 1844 1243; baseline -0.02 -7"><span class='ocrx_word' id='word_1_493' title='bbox 1057 1195 1193 1243; x_wconf 79' lang='grc' dir='ltr'>ὁμοιότης·</span> <span class='ocrx_word' id='word_1_494' title='bbox 1207 1204 1256 1232; x_wconf 68' lang='grc' dir='ltr'>καὶ</span> <span class='ocrx_word' id='word_1_495' title='bbox 1265 1203 1326 1238; x_wconf 74' lang='grc' dir='ltr'><strong>οὐχὶ</strong></span> <span class='ocrx_word' id='word_1_496' title='bbox 1337 1204 1353 1237; x_wconf 82' lang='grc' dir='ltr'><strong>ἠ</strong></span> <span class='ocrx_word' id='word_1_497' title='bbox 1366 1199 1553 1235; x_wconf 78' lang='grc' dir='ltr'>ὑποδεξαμένη</span> <span class='ocrx_word' id='word_1_498' title='bbox 1566 1198 1615 1234; x_wconf 77' lang='grc' dir='ltr'>ὕλη</span> <span class='ocrx_word' id='word_1_499' title='bbox 1630 1195 1844 1243; x_wconf 17' lang='grc' dir='ltr'>τὴννόμοιότητα,</span> 
     </span>
    </p>
   </div>
   <div class='ocr_carea' id='block_1_70' title="bbox 1057 1240 1846 1285">
    <p class='ocr_par' dir='ltr' id='par_1_70' title="bbox 1057 1240 1846 1285">
     <span class='ocr_line' id='line_1_70' title="bbox 1057 1240 1846 1285; baseline -0.016 -5"><span class='ocrx_word' id='word_1_500' title='bbox 1057 1240 1094 1285; x_wconf 67' lang='grc' dir='ltr'><strong>ὧς</strong></span> <span class='ocrx_word' id='word_1_501' title='bbox 1109 1240 1220 1284; x_wconf 61' lang='grc' dir='ltr'>καιὲπὶ</span> <span class='ocrx_word' id='word_1_502' title='bbox 1233 1249 1280 1279; x_wconf 83' lang='grc' dir='ltr'><strong>τοῦ</strong></span> <span class='ocrx_word' id='word_1_503' title='bbox 1297 1248 1383 1280; x_wconf 82' lang='grc' dir='ltr'>τύπου</span> <span class='ocrx_word' id='word_1_504' title='bbox 1402 1246 1448 1274; x_wconf 83' lang='grc' dir='ltr'><strong>τοῦ</strong></span> <span class='ocrx_word' id='word_1_505' title='bbox 1465 1244 1582 1281; x_wconf 81' lang='grc' dir='ltr'>σταυροῦ</span> <span class='ocrx_word' id='word_1_506' title='bbox 1598 1242 1796 1274; x_wconf 80' lang='grc' dir='ltr'>διαδείκνυται.</span> <span class='ocrx_word' id='word_1_507' title='bbox 1817 1240 1846 1267; x_wconf 82' lang='grc' dir='ltr'><strong>ὐ</strong></span> 
     </span>
    </p>
   </div>
   <div class='ocr_carea' id='block_1_71' title="bbox 1059 1286 1845 1334">
    <p class='ocr_par' dir='ltr' id='par_1_71' title="bbox 1059 1286 1845 1334">
     <span class='ocr_line' id='line_1_71' title="bbox 1059 1286 1845 1334; baseline -0.018 -8"><span class='ocrx_word' id='word_1_508' title='bbox 1059 1299 1113 1334; x_wconf 76' lang='grc' dir='ltr'><strong>γὰρ</strong></span> <span class='ocrx_word' id='word_1_509' title='bbox 1128 1299 1177 1333; x_wconf 81' lang='grc' dir='ltr'>τὴν</span> <span class='ocrx_word' id='word_1_510' title='bbox 1206 1297 1272 1331; x_wconf 78' lang='grc' dir='ltr'>ὕλην</span> <span class='ocrx_word' id='word_1_511' title='bbox 1298 1294 1384 1322; x_wconf 84' lang='grc' dir='ltr'>δοκῶν</span> <span class='ocrx_word' id='word_1_512' title='bbox 1412 1291 1585 1328; x_wconf 80' lang='grc' dir='ltr'>προσκυνεῖν,</span> <span class='ocrx_word' id='word_1_513' title='bbox 1602 1290 1709 1325; x_wconf 81' lang='grc' dir='ltr'>νήπιος,</span> <span class='ocrx_word' id='word_1_514' title='bbox 1735 1286 1845 1334; x_wconf 72' lang='grc' dir='ltr'>ἄλογος.</span> 
     </span>
    </p>
   </div>
   <div class='ocr_carea' id='block_1_72' title="bbox 1060 1331 1852 1378">
    <p class='ocr_par' dir='ltr' id='par_1_72' title="bbox 1060 1331 1852 1378">
     <span class='ocr_line' id='line_1_72' title="bbox 1060 1331 1852 1378; baseline -0.016 -6"><span class='ocrx_word' id='word_1_515' title='bbox 1060 1331 1128 1372; x_wconf 65' lang='grc' dir='ltr'>Οὔτε</span> <span class='ocrx_word' id='word_1_516' title='bbox 1143 1331 1190 1371; x_wconf 71' lang='grc' dir='ltr'>οὖν</span> <span class='ocrx_word' id='word_1_517' title='bbox 1205 1343 1223 1378; x_wconf 78' lang='grc' dir='ltr'><strong>ἡ</strong></span> <span class='ocrx_word' id='word_1_518' title='bbox 1234 1342 1296 1376; x_wconf 77' lang='grc' dir='ltr'>ὕλη,</span> <span class='ocrx_word' id='word_1_519' title='bbox 1316 1340 1357 1375; x_wconf 75' lang='grc' dir='ltr'><strong>ὲφ¹</strong></span> <span class='ocrx_word' id='word_1_520' title='bbox 1405 1339 1422 1374; x_wconf 85' lang='grc' dir='ltr'><strong>ή</strong></span> <span class='ocrx_word' id='word_1_521' title='bbox 1443 1336 1536 1369; x_wconf 79' lang='grc' dir='ltr'>εἰκὼν,</span> <span class='ocrx_word' id='word_1_522' title='bbox 1556 1335 1765 1371; x_wconf 82' lang='grc' dir='ltr'>προσκυνεῖται,</span> <span class='ocrx_word' id='word_1_523' title='bbox 1786 1331 1852 1360; x_wconf 66' lang='grc' dir='ltr'>οὔτε</span> 
     </span>
    </p>
   </div>
   <div class='ocr_carea' id='block_1_73' title="bbox 1060 1377 1849 1426">
    <p class='ocr_par' dir='ltr' id='par_1_73' title="bbox 1060 1377 1849 1426">
     <span class='ocr_line' id='line_1_73' title="bbox 1060 1377 1849 1426; baseline -0.018 -8"><span class='ocrx_word' id='word_1_524' title='bbox 1060 1391 1137 1426; x_wconf 82' lang='grc' dir='ltr'>παρὰ</span> <span class='ocrx_word' id='word_1_525' title='bbox 1162 1390 1212 1424; x_wconf 84' lang='grc' dir='ltr'>τὴν</span> <span class='ocrx_word' id='word_1_526' title='bbox 1227 1388 1274 1415; x_wconf 79' lang='grc' dir='ltr'><strong>τοῦ</strong></span> <span class='ocrx_word' id='word_1_527' title='bbox 1291 1383 1502 1420; x_wconf 78' lang='grc' dir='ltr'>εἰκονιζομὲνου,</span> <span class='ocrx_word' id='word_1_528' title='bbox 1517 1381 1585 1418; x_wconf 74' lang='grc' dir='ltr'>ἄλλη</span> <span class='ocrx_word' id='word_1_529' title='bbox 1610 1380 1771 1426; x_wconf 68' lang='grc' dir='ltr'>ὑπόστασις.</span> <span class='ocrx_word' id='word_1_530' title='bbox 1782 1377 1849 1426; x_wconf 39' lang='grc' dir='ltr'><strong>ἱΕπ*</strong></span> 
     </span>
    </p>
   </div>
   <div class='ocr_carea' id='block_1_74' title="bbox 1061 1423 1848 1471">
    <p class='ocr_par' dir='ltr' id='par_1_74' title="bbox 1061 1423 1848 1471">
     <span class='ocr_line' id='line_1_74' title="bbox 1061 1423 1848 1471; baseline -0.018 -8"><span class='ocrx_word' id='word_1_531' title='bbox 1061 1423 1225 1471; x_wconf 65' lang='grc' dir='ltr'>ἀμιροτέροις</span> <span class='ocrx_word' id='word_1_532' title='bbox 1236 1432 1291 1468; x_wconf 82' lang='grc' dir='ltr'>γὰρ</span> <span class='ocrx_word' id='word_1_533' title='bbox 1302 1430 1400 1466; x_wconf 76' lang='grc' dir='ltr'>ἐπίσης</span> <span class='ocrx_word' id='word_1_534' title='bbox 1413 1431 1429 1466; x_wconf 78' lang='grc' dir='ltr'><strong>ἠ</strong></span> <span class='ocrx_word' id='word_1_535' title='bbox 1445 1426 1609 1464; x_wconf 84' lang='grc' dir='ltr'>παρατροπὴ</span> <span class='ocrx_word' id='word_1_536' title='bbox 1622 1425 1653 1453; x_wconf 74' lang='grc' dir='ltr'>τὸ</span> <span class='ocrx_word' id='word_1_537' title='bbox 1668 1424 1768 1471; x_wconf 58' lang='grc' dir='ltr'>ἁσεὸες</span> <span class='ocrx_word' id='word_1_538' title='bbox 1781 1423 1848 1459; x_wconf 70' lang='grc' dir='ltr'>εχει.</span> 
     </span>
    </p>
   </div>
   <div class='ocr_carea' id='block_1_75' title="bbox 1062 1469 1851 1517">
    <p class='ocr_par' dir='ltr' id='par_1_75' title="bbox 1062 1469 1851 1517">
     <span class='ocr_line' id='line_1_75' title="bbox 1062 1469 1851 1517; baseline -0.018 -8"><span class='ocrx_word' id='word_1_539' title='bbox 1062 1479 1213 1517; x_wconf 81' lang='grc' dir='ltr'>Τοιγαροῦν</span> <span class='ocrx_word' id='word_1_540' title='bbox 1226 1479 1271 1506; x_wconf 82' lang='grc' dir='ltr'><strong>διὰ</strong></span> <span class='ocrx_word' id='word_1_541' title='bbox 1283 1477 1364 1505; x_wconf 85' lang='grc' dir='ltr'>τοῦτο</span> <span class='ocrx_word' id='word_1_542' title='bbox 1374 1476 1421 1507; x_wconf 81' lang='grc' dir='ltr'>καὶ</span> <span class='ocrx_word' id='word_1_543' title='bbox 1436 1476 1451 1502; x_wconf 84' lang='grc' dir='ltr'><strong>ό</strong></span> <span class='ocrx_word' id='word_1_544' title='bbox 1463 1474 1548 1506; x_wconf 78' lang='grc' dir='ltr'>τύπος</span> <span class='ocrx_word' id='word_1_545' title='bbox 1561 1472 1608 1500; x_wconf 86' lang='grc' dir='ltr'><strong>τοῦ</strong></span> <span class='ocrx_word' id='word_1_546' title='bbox 1634 1469 1752 1506; x_wconf 86' lang='grc' dir='ltr'>σταυροῦ</span> <span class='ocrx_word' id='word_1_547' title='bbox 1769 1477 1851 1496; x_wconf 71' lang='grc' dir='ltr'>σταυο</span> 
     </span>
    </p>
   </div>
   <div class='ocr_carea' id='block_1_76' title="bbox 1064 1514 1851 1564">
    <p class='ocr_par' dir='ltr' id='par_1_76' title="bbox 1064 1514 1851 1564">
     <span class='ocr_line' id='line_1_76' title="bbox 1064 1514 1851 1564; baseline -0.018 -10"><span class='ocrx_word' id='word_1_548' title='bbox 1064 1514 1257 1564; x_wconf 41' lang='grc' dir='ltr'>ρος-εἰρηται,</span> <span class='ocrx_word' id='word_1_549' title='bbox 1282 1523 1331 1551; x_wconf 76' lang='grc' dir='ltr'>καὶ</span> <span class='ocrx_word' id='word_1_550' title='bbox 1350 1523 1367 1558; x_wconf 86' lang='grc' dir='ltr'><strong>ἡ</strong></span> <span class='ocrx_word' id='word_1_551' title='bbox 1392 1520 1475 1548; x_wconf 80' lang='grc' dir='ltr'>εἰκὼν</span> <span class='ocrx_word' id='word_1_552' title='bbox 1508 1519 1554 1547; x_wconf 85' lang='grc' dir='ltr'><strong>τοῦ</strong></span> <span class='ocrx_word' id='word_1_553' title='bbox 1584 1516 1703 1554; x_wconf 86' lang='grc' dir='ltr'>Χριστοῦ</span> <span class='ocrx_word' id='word_1_554' title='bbox 1731 1514 1851 1550; x_wconf 74' lang='grc' dir='ltr'>Χριστὸς</span> 
     </span>
    </p>
   </div>
   <div class='ocr_carea' id='block_1_77' title="bbox 1064 1560 1852 1610">
    <p class='ocr_par' dir='ltr' id='par_1_77' title="bbox 1064 1560 1852 1610">
     <span class='ocr_line' id='line_1_77' title="bbox 1064 1560 1852 1610; baseline -0.018 -9"><span class='ocrx_word' id='word_1_555' title='bbox 1064 1560 1198 1610; x_wconf 45' lang='lat' dir='ltr'><strong>suam}?</strong></span> <span class='ocrx_word' id='word_1_556' title='bbox 1218 1571 1248 1599; x_wconf 88' lang='grc' dir='ltr'>οὺ</span> <span class='ocrx_word' id='word_1_557' title='bbox 1265 1569 1378 1606; x_wconf 84' lang='grc' dir='ltr'>κυρίως,</span> <span class='ocrx_word' id='word_1_558' title='bbox 1398 1567 1466 1595; x_wconf 81' lang='grc' dir='ltr'>ἀλλὰ</span> <span class='ocrx_word' id='word_1_559' title='bbox 1494 1566 1566 1594; x_wconf 77' lang='grc' dir='ltr'>κατὰ</span> <span class='ocrx_word' id='word_1_560' title='bbox 1581 1564 1762 1600; x_wconf 84' lang='grc' dir='ltr'>κατάχρησιν.</span> <span class='ocrx_word' id='word_1_561' title='bbox 1790 1560 1852 1610; x_wconf 65' lang='grc' dir='ltr'>Ἐὰν</span> 
     </span>
    </p>
   </div>
   <div class='ocr_carea' id='block_1_78' title="bbox 1065 1605 1852 1653">
    <p class='ocr_par' dir='ltr' id='par_1_78' title="bbox 1065 1605 1852 1653">
     <span class='ocr_line' id='line_1_78' title="bbox 1065 1605 1852 1653; baseline -0.02 -5"><span class='ocrx_word' id='word_1_562' title='bbox 1065 1605 1213 1648; x_wconf 46' lang='grc' dir='ltr'>οῦν-τοῦτο</span> <span class='ocrx_word' id='word_1_563' title='bbox 1231 1605 1307 1653; x_wconf 74' lang='grc' dir='ltr'>ἡμᾶς</span> <span class='ocrx_word' id='word_1_564' title='bbox 1330 1615 1411 1650; x_wconf 81' lang='grc' dir='ltr'>πείσῃ</span> <span class='ocrx_word' id='word_1_565' title='bbox 1429 1614 1466 1649; x_wconf 84' lang='grc' dir='ltr'>μὴ</span> <span class='ocrx_word' id='word_1_566' title='bbox 1481 1614 1527 1640; x_wconf 84' lang='grc' dir='ltr'><strong>τδν</strong></span> <span class='ocrx_word' id='word_1_567' title='bbox 1549 1611 1634 1638; x_wconf 87' lang='grc' dir='ltr'>τύπον</span> <span class='ocrx_word' id='word_1_568' title='bbox 1657 1608 1705 1636; x_wconf 84' lang='grc' dir='ltr'><strong>τοῦ</strong></span> <span class='ocrx_word' id='word_1_569' title='bbox 1733 1605 1852 1642; x_wconf 81' lang='grc' dir='ltr'>σταυροῦ</span> 
     </span>
    </p>
   </div>
   <div class='ocr_carea' id='block_1_79' title="bbox 1067 1653 1855 1702">
    <p class='ocr_par' dir='ltr' id='par_1_79' title="bbox 1067 1653 1855 1702">
     <span class='ocr_line' id='line_1_79' title="bbox 1067 1653 1855 1702; baseline -0.019 -8"><span class='ocrx_word' id='word_1_570' title='bbox 1067 1666 1182 1702; x_wconf 78' lang='grc' dir='ltr'>σταυρὸν</span> <span class='ocrx_word' id='word_1_571' title='bbox 1196 1663 1350 1699; x_wconf 78' lang='grc' dir='ltr'>ὀνομάζειν,</span> <span class='ocrx_word' id='word_1_572' title='bbox 1370 1661 1490 1695; x_wconf 80' lang='grc' dir='ltr'>πείσειεν</span> <span class='ocrx_word' id='word_1_573' title='bbox 1511 1659 1585 1695; x_wconf 77' lang='grc' dir='ltr'>ἡμᾶς</span> <span class='ocrx_word' id='word_1_574' title='bbox 1605 1657 1673 1692; x_wconf 85' lang='grc' dir='ltr'>μήτε</span> <span class='ocrx_word' id='word_1_575' title='bbox 1698 1655 1749 1702; x_wconf 81' lang='grc' dir='ltr'>τὴν</span> <span class='ocrx_word' id='word_1_576' title='bbox 1763 1653 1855 1702; x_wconf 59' lang='grc' dir='ltr'><strong>εἰκόνα⁵</strong></span> 
     </span>
    </p>
   </div>
   <div class='ocr_carea' id='block_1_80' title="bbox 1065 1698 1855 1747">
    <p class='ocr_par' dir='ltr' id='par_1_80' title="bbox 1065 1698 1855 1747">
     <span class='ocr_line' id='line_1_80' title="bbox 1065 1698 1855 1747; baseline -0.019 -7"><span class='ocrx_word' id='word_1_577' title='bbox 1065 1713 1113 1740; x_wconf 85' lang='grc' dir='ltr'><strong>τοῦ</strong></span> <span class='ocrx_word' id='word_1_578' title='bbox 1137 1698 1257 1747; x_wconf 50' lang='grc' dir='ltr'>Χριστοῦ</span> <span class='ocrx_word' id='word_1_579' title='bbox 1282 1707 1399 1744; x_wconf 80' lang='grc' dir='ltr'>Χριστὸν</span> <span class='ocrx_word' id='word_1_580' title='bbox 1417 1705 1571 1740; x_wconf 79' lang='grc' dir='ltr'>ὀνομάζειν.</span> <span class='ocrx_word' id='word_1_581' title='bbox 1591 1703 1658 1735; x_wconf 73' lang='grc' dir='ltr'>Καὶ,</span> <span class='ocrx_word' id='word_1_582' title='bbox 1683 1701 1731 1728; x_wconf 75' lang='grc' dir='ltr'>ἐὰν</span> <span class='ocrx_word' id='word_1_583' title='bbox 1760 1700 1792 1727; x_wconf 74' lang='grc' dir='ltr'>ἐν</span> <span class='ocrx_word' id='word_1_584' title='bbox 1814 1698 1855 1747; x_wconf 55' lang='grc' dir='ltr'>τῷ</span> 
     </span>
    </p>
   </div>
   <div class='ocr_carea' id='block_1_81' title="bbox 1068 1746 1856 1792">
    <p class='ocr_par' dir='ltr' id='par_1_81' title="bbox 1068 1746 1856 1792">
     <span class='ocr_line' id='line_1_81' title="bbox 1068 1746 1856 1792; baseline -0.018 -7"><span class='ocrx_word' id='word_1_585' title='bbox 1068 1746 1209 1792; x_wconf 16' lang='grc' dir='ltr'>πρώτῳγτδ</span> <span class='ocrx_word' id='word_1_586' title='bbox 1227 1755 1264 1792; x_wconf 86' lang='grc' dir='ltr'>μὴ</span> <span class='ocrx_word' id='word_1_587' title='bbox 1278 1754 1441 1790; x_wconf 77' lang='grc' dir='ltr'>προσκυνεῖν</span> <span class='ocrx_word' id='word_1_588' title='bbox 1456 1751 1502 1779; x_wconf 80' lang='grc' dir='ltr'>τὸν</span> <span class='ocrx_word' id='word_1_589' title='bbox 1527 1749 1655 1785; x_wconf 80' lang='grc' dir='ltr'>σταυρὸν,</span> <span class='ocrx_word' id='word_1_590' title='bbox 1671 1746 1856 1783; x_wconf 81' lang='grc' dir='ltr'>προσκυνοῦν-</span> 
     </span>
    </p>
   </div>
   <div class='ocr_carea' id='block_1_82' title="bbox 1067 1792 1857 1836">
    <p class='ocr_par' dir='ltr' id='par_1_82' title="bbox 1067 1792 1857 1836">
     <span class='ocr_line' id='line_1_82' title="bbox 1067 1792 1857 1836; baseline -0.018 -5"><span class='ocrx_word' id='word_1_591' title='bbox 1067 1813 1116 1836; x_wconf 72' lang='grc' dir='ltr'><strong>τας</strong></span> <span class='ocrx_word' id='word_1_592' title='bbox 1130 1803 1176 1830; x_wconf 78' lang='grc' dir='ltr'><strong>τὸν</strong></span> <span class='ocrx_word' id='word_1_593' title='bbox 1196 1801 1292 1834; x_wconf 84' lang='grc' dir='ltr'>τύπον,</span> <span class='ocrx_word' id='word_1_594' title='bbox 1308 1799 1375 1836; x_wconf 82' lang='grc' dir='ltr'>μηδὲ</span> <span class='ocrx_word' id='word_1_595' title='bbox 1389 1799 1419 1826; x_wconf 84' lang='grc' dir='ltr'>ὲν</span> <span class='ocrx_word' id='word_1_596' title='bbox 1429 1798 1468 1833; x_wconf 86' lang='grc' dir='ltr'>τῷ</span> <span class='ocrx_word' id='word_1_597' title='bbox 1481 1795 1602 1832; x_wconf 85' lang='grc' dir='ltr'>δευτέρῳ</span> <span class='ocrx_word' id='word_1_598' title='bbox 1615 1793 1781 1830; x_wconf 86' lang='grc' dir='ltr'>προσκυνεῖν</span> <span class='ocrx_word' id='word_1_599' title='bbox 1791 1792 1857 1826; x_wconf 82' lang='grc' dir='ltr'>Χρι-</span> 
     </span>
    </p>
   </div>
   <div class='ocr_carea' id='block_1_83' title="bbox 1069 1837 1858 1884">
    <p class='ocr_par' dir='ltr' id='par_1_83' title="bbox 1069 1837 1858 1884">
     <span class='ocr_line' id='line_1_83' title="bbox 1069 1837 1858 1884; baseline -0.019 -6"><span class='ocrx_word' id='word_1_600' title='bbox 1069 1850 1141 1883; x_wconf 86' lang='grc' dir='ltr'>στδν,</span> <span class='ocrx_word' id='word_1_601' title='bbox 1174 1847 1396 1884; x_wconf 80' lang='grc' dir='ltr'>προσκυνοῦντας</span> <span class='ocrx_word' id='word_1_602' title='bbox 1423 1845 1473 1880; x_wconf 85' lang='grc' dir='ltr'>τὴν</span> <span class='ocrx_word' id='word_1_603' title='bbox 1497 1841 1615 1878; x_wconf 85' lang='grc' dir='ltr'>Χριστοῦ</span> <span class='ocrx_word' id='word_1_604' title='bbox 1639 1839 1744 1867; x_wconf 84' lang='grc' dir='ltr'>εἰκόνα.</span> <span class='ocrx_word' id='word_1_605' title='bbox 1776 1837 1858 1884; x_wconf 59' lang='grc' dir='ltr'>’Δλλᾲ</span> 
     </span>
    </p>
   </div>
   <div class='ocr_carea' id='block_1_84' title="bbox 1071 1883 1858 1932">
    <p class='ocr_par' dir='ltr' id='par_1_84' title="bbox 1071 1883 1858 1932">
     <span class='ocr_line' id='line_1_84' title="bbox 1071 1883 1858 1932; baseline -0.018 -9"><span class='ocrx_word' id='word_1_606' title='bbox 1071 1896 1123 1932; x_wconf 87' lang='grc' dir='ltr'>μὴν</span> <span class='ocrx_word' id='word_1_607' title='bbox 1136 1894 1168 1922; x_wconf 49' lang='lat' dir='ltr'><strong>at</strong></span> <span class='ocrx_word' id='word_1_608' title='bbox 1184 1883 1292 1929; x_wconf 81' lang='grc' dir='ltr'>πρῶτον</span> <span class='ocrx_word' id='word_1_609' title='bbox 1306 1891 1416 1927; x_wconf 79' lang='grc' dir='ltr'>ἀληθὲς,</span> <span class='ocrx_word' id='word_1_610' title='bbox 1427 1891 1468 1917; x_wconf 85' lang='grc' dir='ltr'>ὅτι</span> <span class='ocrx_word' id='word_1_611' title='bbox 1483 1887 1600 1923; x_wconf 81' lang='grc' dir='ltr'>σταυρὸς</span> <span class='ocrx_word' id='word_1_612' title='bbox 1609 1886 1656 1914; x_wconf 87' lang='grc' dir='ltr'>καὶ</span> <span class='ocrx_word' id='word_1_613' title='bbox 1669 1885 1797 1912; x_wconf 81' lang='grc' dir='ltr'>λέλεκται</span> <span class='ocrx_word' id='word_1_614' title='bbox 1811 1883 1858 1910; x_wconf 82' lang='grc' dir='ltr'>καὶ</span> 
     </span>
    </p>
   </div>
   <div class='ocr_carea' id='block_1_85' title="bbox 1068 1930 1858 1979">
    <p class='ocr_par' dir='ltr' id='par_1_85' title="bbox 1068 1930 1858 1979">
     <span class='ocr_line' id='line_1_85' title="bbox 1068 1930 1858 1979; baseline -0.018 -9"><span class='ocrx_word' id='word_1_615' title='bbox 1068 1942 1262 1979; x_wconf 81' lang='grc' dir='ltr'>προσκυνεῖται</span> <span class='ocrx_word' id='word_1_616' title='bbox 1273 1941 1287 1966; x_wconf 77' lang='grc' dir='ltr'><strong>ὁ</strong></span> <span class='ocrx_word' id='word_1_617' title='bbox 1299 1940 1397 1970; x_wconf 81' lang='grc' dir='ltr'>οἰκεῖος</span> <span class='ocrx_word' id='word_1_618' title='bbox 1420 1935 1502 1964; x_wconf 70' lang='grc' dir='ltr'>αὑτοῦ</span> <span class='ocrx_word' id='word_1_619' title='bbox 1531 1934 1626 1966; x_wconf 80' lang='grc' dir='ltr'>τύπος.</span> <span class='ocrx_word' id='word_1_620' title='bbox 1640 1931 1745 1961; x_wconf 78' lang='grc' dir='ltr'>οὐκοῦν</span> <span class='ocrx_word' id='word_1_621' title='bbox 1761 1930 1810 1957; x_wconf 85' lang='grc' dir='ltr'>καὶ</span> <span class='ocrx_word' id='word_1_622' title='bbox 1828 1930 1858 1956; x_wconf 80' lang='grc' dir='ltr'>τὸ</span> 
     </span>
    </p>
   </div>
   <div class='ocr_carea' id='block_1_86' title="bbox 1068 1977 1860 2024">
    <p class='ocr_par' dir='ltr' id='par_1_86' title="bbox 1068 1977 1860 2024">
     <span class='ocr_line' id='line_1_86' title="bbox 1068 1977 1860 2024; baseline -0.019 -8"><span class='ocrx_word' id='word_1_623' title='bbox 1068 1977 1193 2024; x_wconf 78' lang='grc' dir='ltr'>δεύτερον</span> <span class='ocrx_word' id='word_1_624' title='bbox 1206 1985 1315 2022; x_wconf 79' lang='grc' dir='ltr'>ἀληθὲς,</span> <span class='ocrx_word' id='word_1_625' title='bbox 1324 1985 1365 2011; x_wconf 82' lang='grc' dir='ltr'>ὅτι</span> <span class='ocrx_word' id='word_1_626' title='bbox 1380 1982 1498 2018; x_wconf 83' lang='grc' dir='ltr'>Χριστὸς</span> <span class='ocrx_word' id='word_1_627' title='bbox 1513 1981 1561 2008; x_wconf 76' lang='grc' dir='ltr'>καὶ</span> <span class='ocrx_word' id='word_1_628' title='bbox 1574 1979 1699 2006; x_wconf 79' lang='grc' dir='ltr'>λέλεκται</span> <span class='ocrx_word' id='word_1_629' title='bbox 1714 1977 1763 2004; x_wconf 74' lang='grc' dir='ltr'>καὶ</span> <span class='ocrx_word' id='word_1_630' title='bbox 1775 1984 1860 2024; x_wconf 76' lang='grc' dir='ltr'>προσ-</span> 
     </span>
    </p>
   </div>
   <div class='ocr_carea' id='block_1_87' title="bbox 1070 2020 1860 2068">
    <p class='ocr_par' dir='ltr' id='par_1_87' title="bbox 1070 2020 1860 2068">
     <span class='ocr_line' id='line_1_87' title="bbox 1070 2020 1860 2068; baseline -0.02 -6"><span class='ocrx_word' id='word_1_631' title='bbox 1070 2035 1190 2062; x_wconf 81' lang='grc' dir='ltr'>κυνεῖται</span> <span class='ocrx_word' id='word_1_632' title='bbox 1203 2033 1220 2068; x_wconf 82' lang='grc' dir='ltr'>ὴ</span> <span class='ocrx_word' id='word_1_633' title='bbox 1235 2030 1323 2058; x_wconf 82' lang='grc' dir='ltr'>οἰκεία</span> <span class='ocrx_word' id='word_1_634' title='bbox 1334 2028 1416 2057; x_wconf 87' lang='grc' dir='ltr'>αὑτοῦ</span> <span class='ocrx_word' id='word_1_635' title='bbox 1432 2027 1514 2055; x_wconf 83' lang='grc' dir='ltr'>εἰκών</span> <span class='ocrx_word' id='word_1_636' title='bbox 1528 2035 1536 2041; x_wconf 85' lang='grc'><strong>·</strong></span> <span class='ocrx_word' id='word_1_637' title='bbox 1549 2025 1596 2054; x_wconf 73' lang='grc' dir='ltr'>καὶ</span> <span class='ocrx_word' id='word_1_638' title='bbox 1613 2025 1702 2061; x_wconf 78' lang='grc' dir='ltr'>μάτην</span> <span class='ocrx_word' id='word_1_639' title='bbox 1725 2020 1860 2048; x_wconf 77' lang='grc' dir='ltr'>εἰκαιολο·</span> 
     </span>
    </p>
   </div>
   <div class='ocr_carea' id='block_1_88' title="bbox 1069 2067 1858 2116">
    <p class='ocr_par' dir='ltr' id='par_1_88' title="bbox 1069 2067 1858 2116">
     <span class='ocr_line' id='line_1_88' title="bbox 1069 2067 1858 2116; baseline -0.023 -6"><span class='ocrx_word' id='word_1_640' title='bbox 1069 2083 1113 2116; x_wconf 87' lang='grc' dir='ltr'><strong>γεϊ</strong></span> <span class='ocrx_word' id='word_1_641' title='bbox 1125 2081 1140 2108; x_wconf 80' lang='grc' dir='ltr'>ὁ</span> <span class='ocrx_word' id='word_1_642' title='bbox 1153 2067 1229 2115; x_wconf 80' lang='grc' dir='ltr'>παρᾶ</span> <span class='ocrx_word' id='word_1_643' title='bbox 1251 2077 1339 2104; x_wconf 84' lang='grc' dir='ltr'>ταῦτα</span> <span class='ocrx_word' id='word_1_644' title='bbox 1355 2073 1511 2109; x_wconf 85' lang='grc' dir='ltr'>καινότερόν</span> <span class='ocrx_word' id='word_1_645' title='bbox 1527 2081 1555 2100; x_wconf 86' lang='grc' dir='ltr'><strong>τι</strong></span> <span class='ocrx_word' id='word_1_646' title='bbox 1582 2070 1689 2107; x_wconf 86' lang='grc' dir='ltr'>φρονῶν</span> <span class='ocrx_word' id='word_1_647' title='bbox 1714 2068 1731 2105; x_wconf 86' lang='grc' dir='ltr'>ἢ</span> <span class='ocrx_word' id='word_1_648' title='bbox 1759 2067 1858 2101; x_wconf 80' lang='grc' dir='ltr'>λέγων.</span> 
     </span>
    </p>
   </div>
   <div class='ocr_carea' id='block_1_89' title="bbox 1070 2113 1861 2159">
    <p class='ocr_par' dir='ltr' id='par_1_89' title="bbox 1070 2113 1861 2159">
     <span class='ocr_line' id='line_1_89' title="bbox 1070 2113 1861 2159; baseline -0.021 -4"><span class='ocrx_word' id='word_1_649' title='bbox 1070 2113 1164 2154; x_wconf 62' lang='grc' dir='ltr'>’Ϊαῦτα</span> <span class='ocrx_word' id='word_1_650' title='bbox 1191 2113 1319 2159; x_wconf 77' lang='grc' dir='ltr'>γέγραφα</span> <span class='ocrx_word' id='word_1_651' title='bbox 1335 2142 1343 2155; x_wconf 93' lang='grc'><strong>,</strong></span> <span class='ocrx_word' id='word_1_652' title='bbox 1372 2120 1440 2156; x_wconf 78' lang='grc' dir='ltr'>ὁμοῦ</span> <span class='ocrx_word' id='word_1_653' title='bbox 1472 2119 1522 2154; x_wconf 80' lang='grc' dir='ltr'>μὲν</span> <span class='ocrx_word' id='word_1_654' title='bbox 1555 2116 1651 2144; x_wconf 72' lang='grc' dir='ltr'>ἑαυτὸν</span> <span class='ocrx_word' id='word_1_655' title='bbox 1680 2115 1733 2148; x_wconf 76' lang='grc' dir='ltr'><strong>ἔξω</strong></span> <span class='ocrx_word' id='word_1_656' title='bbox 1768 2113 1861 2143; x_wconf 81' lang='grc' dir='ltr'>αἰτίας</span> 
     </span>
    </p>
   </div>
   <div class='ocr_carea' id='block_1_90' title="bbox 1070 2161 1859 2205">
    <p class='ocr_par' dir='ltr' id='par_1_90' title="bbox 1070 2161 1859 2205">
     <span class='ocr_line' id='line_1_90' title="bbox 1070 2161 1859 2205; baseline -0.018 -5"><span class='ocrx_word' id='word_1_657' title='bbox 1070 2172 1175 2204; x_wconf 77' lang='grc' dir='ltr'>τιθείς·</span> <span class='ocrx_word' id='word_1_658' title='bbox 1202 2169 1269 2205; x_wconf 77' lang='grc' dir='ltr'>ὁμοῦ</span> <span class='ocrx_word' id='word_1_659' title='bbox 1297 2169 1326 2196; x_wconf 79' lang='grc' dir='ltr'>δὲ</span> <span class='ocrx_word' id='word_1_660' title='bbox 1360 2167 1408 2195; x_wconf 76' lang='grc' dir='ltr'>καὶ</span> <span class='ocrx_word' id='word_1_661' title='bbox 1443 2166 1492 2202; x_wconf 81' lang='grc' dir='ltr'>τῆς</span> <span class='ocrx_word' id='word_1_662' title='bbox 1521 2165 1572 2200; x_wconf 85' lang='grc' dir='ltr'>σῆς</span> <span class='ocrx_word' id='word_1_663' title='bbox 1598 2163 1756 2199; x_wconf 81' lang='grc' dir='ltr'>φειδόμενος</span> <span class='ocrx_word' id='word_1_664' title='bbox 1789 2161 1859 2194; x_wconf 81' lang='grc' dir='ltr'>ἀγα-</span> 
     </span>
    </p>
   </div>
   <div class='ocr_carea' id='block_1_91' title="bbox 234 2205 1009 2253">
    <p class='ocr_par' dir='ltr' id='par_1_91' title="bbox 234 2205 1009 2251">
     <span class='ocr_line' id='line_1_91' title="bbox 234 2205 1009 2251; baseline -0.001 -7"><span class='ocrx_word' id='word_1_665' title='bbox 234 2217 280 2245; x_wconf 69' lang='lat' dir='ltr'><strong>tize</strong></span> <span class='ocrx_word' id='word_1_666' title='bbox 294 2223 347 2246; x_wconf 64' lang='lat' dir='ltr'><strong>tua;</strong></span> <span class='ocrx_word' id='word_1_667' title='bbox 377 2205 510 2245; x_wconf 79' lang='lat' dir='ltr'><strong>ratiouem</strong></span> <span class='ocrx_word' id='word_1_668' title='bbox 541 2218 644 2246; x_wconf 90' lang='lat' dir='ltr'><strong>habens</strong></span> <span class='ocrx_word' id='word_1_669' title='bbox 660 2225 667 2251; x_wconf 81' lang='grc'><strong>;</strong></span> <span class='ocrx_word' id='word_1_670' title='bbox 685 2222 714 2245; x_wconf 81' lang='grc' dir='ltr'><strong>ιιι</strong></span> <span class='ocrx_word' id='word_1_671' title='bbox 729 2217 808 2246; x_wconf 83' lang='lat' dir='ltr'><strong>[idem</strong></span> <span class='ocrx_word' id='word_1_672' title='bbox 835 2216 1009 2245; x_wconf 75' lang='lat' dir='ltr'><strong>Orthodcxan</strong></span> 
     </span>
    </p>
   </div>
   <div class='ocr_carea' id='block_1_92' title="bbox 1062 2205 1862 2253">
    <p class='ocr_par' dir='ltr' id='par_1_92' title="bbox 1070 2205 1862 2253">
     <span class='ocr_line' id='line_1_92' title="bbox 1070 2205 1862 2253; baseline -0.016 -9"><span class='ocrx_word' id='word_1_673' title='bbox 1070 2217 1188 2253; x_wconf 79' lang='grc' dir='ltr'>πητικῆς</span> <span class='ocrx_word' id='word_1_674' title='bbox 1217 2215 1372 2250; x_wconf 82' lang='grc' dir='ltr'>ὑπεροχῆς·</span> <span class='ocrx_word' id='word_1_675' title='bbox 1400 2213 1441 2245; x_wconf 85' lang='grc' dir='ltr'><strong>εἰς</strong></span> <span class='ocrx_word' id='word_1_676' title='bbox 1467 2211 1498 2238; x_wconf 82' lang='grc' dir='ltr'>τὸ</span> <span class='ocrx_word' id='word_1_677' title='bbox 1526 2208 1722 2242; x_wconf 80' lang='grc' dir='ltr'>ᾁντιποιεῖσθαι</span> <span class='ocrx_word' id='word_1_678' title='bbox 1752 2205 1862 2241; x_wconf 84' lang='grc' dir='ltr'>ὀρθοδό-</span> 
     </span>
    </p>
   </div>
   <div class='ocr_carea' id='block_1_93' title="bbox 233 2261 1018 2299">
    <p class='ocr_par' dir='ltr' id='par_1_93' title="bbox 233 2261 1018 2299">
     <span class='ocr_line' id='line_1_93' title="bbox 233 2261 1018 2299; baseline -0.004 -7"><span class='ocrx_word' id='word_1_679' title='bbox 233 2264 424 2299; x_wconf 81' lang='lat' dir='ltr'><strong>amplectatur,</strong></span> <span class='ocrx_word' id='word_1_680' title='bbox 441 2271 492 2292; x_wconf 87' lang='lat' dir='ltr'><strong>nec</strong></span> <span class='ocrx_word' id='word_1_681' title='bbox 506 2263 618 2291; x_wconf 82' lang='lat' dir='ltr'><strong>alterius</strong></span> <span class='ocrx_word' id='word_1_682' title='bbox 628 2263 759 2291; x_wconf 70' lang='lat' dir='ltr'><strong>doctrina:</strong></span> <span class='ocrx_word' id='word_1_683' title='bbox 779 2262 953 2290; x_wconf 84' lang='lat' dir='ltr'><strong>sermonibus</strong></span> <span class='ocrx_word' id='word_1_684' title='bbox 967 2261 1018 2289; x_wconf 91' lang='lat' dir='ltr'><strong>ab-</strong></span> 
     </span>
    </p>
   </div>
   <div class='ocr_carea' id='block_1_94' title="bbox 233 2309 357 2337">
    <p class='ocr_par' dir='ltr' id='par_1_94' title="bbox 233 2309 357 2337">
     <span class='ocr_line' id='line_1_94' title="bbox 233 2309 357 2337; baseline -0.008 0"><span class='ocrx_word' id='word_1_685' title='bbox 233 2309 357 2337; x_wconf 83' lang='lat' dir='ltr'><strong>ducatur.</strong></span> 
     </span>
    </p>
   </div>
   <div class='ocr_carea' id='block_1_95' title="bbox 397 2364 898 2401">
    <p class='ocr_par' dir='ltr' id='par_1_95' title="bbox 397 2364 898 2401">
     <span class='ocr_line' id='line_1_95' title="bbox 397 2364 898 2401; baseline -0.004 -7"><span class='ocrx_word' id='word_1_686' title='bbox 397 2366 497 2395; x_wconf 76' lang='lat' dir='ltr'><strong>CLXII.</strong></span> <span class='ocrx_word' id='word_1_687' title='bbox 509 2381 541 2388; x_wconf 91' lang='lat'><strong>——</strong></span> <span class='ocrx_word' id='word_1_688' title='bbox 552 2365 687 2393; x_wconf 84' lang='lat' dir='ltr'><strong>Theodoro</strong></span> <span class='ocrx_word' id='word_1_689' title='bbox 701 2364 828 2392; x_wconf 81' lang='lat' dir='ltr'><strong>monac/to</strong></span> <span class='ocrx_word' id='word_1_690' title='bbox 850 2364 898 2401; x_wconf 62' lang='grc'><strong>(³).</strong></span> 
     </span>
    </p>
   </div>
   <div class='ocr_carea' id='block_1_96' title="bbox 1073 2252 1862 2299">
    <p class='ocr_par' dir='ltr' id='par_1_96' title="bbox 1073 2252 1862 2299">
     <span class='ocr_line' id='line_1_96' title="bbox 1073 2252 1862 2299; baseline -0.018 -7"><span class='ocrx_word' id='word_1_691' title='bbox 1073 2252 1118 2299; x_wconf 82' lang='grc' dir='ltr'>ξου</span> <span class='ocrx_word' id='word_1_692' title='bbox 1130 2263 1259 2295; x_wconf 76' lang='grc' dir='ltr'>πίστεως,</span> <span class='ocrx_word' id='word_1_693' title='bbox 1274 2260 1321 2287; x_wconf 80' lang='grc' dir='ltr'>καὶ</span> <span class='ocrx_word' id='word_1_694' title='bbox 1338 2258 1376 2296; x_wconf 78' lang='grc' dir='ltr'>μὴ</span> <span class='ocrx_word' id='word_1_695' title='bbox 1387 2256 1595 2294; x_wconf 73' lang='grc' dir='ltr'>παρατύρεσθαι</span> <span class='ocrx_word' id='word_1_696' title='bbox 1610 2255 1699 2290; x_wconf 77' lang='grc' dir='ltr'>λόγοις</span> <span class='ocrx_word' id='word_1_697' title='bbox 1711 2252 1862 2289; x_wconf 79' lang='grc' dir='ltr'>ἑτεροδιδα-</span> 
     </span>
    </p>
   </div>
   <div class='ocr_carea' id='block_1_97' title="bbox 1074 2309 1196 2341">
    <p class='ocr_par' dir='ltr' id='par_1_97' title="bbox 1074 2309 1196 2341">
     <span class='ocr_line' id='line_1_97' title="bbox 1074 2309 1196 2341; baseline -0.025 -3"><span class='ocrx_word' id='word_1_698' title='bbox 1074 2309 1196 2341; x_wconf 79' lang='grc' dir='ltr'>σκαλίας.</span> 
     </span>
    </p>
   </div>
   <div class='ocr_carea' id='block_1_98' title="bbox 1199 2355 1741 2398">
    <p class='ocr_par' dir='ltr' id='par_1_98' title="bbox 1199 2355 1741 2398">
     <span class='ocr_line' id='line_1_98' title="bbox 1199 2355 1741 2398; baseline -0.015 -7"><span class='ocrx_word' id='word_1_699' title='bbox 1199 2364 1270 2392; x_wconf 83' lang='grc' dir='ltr'><strong>ΡΞΒ¹</strong></span> <span class='ocrx_word' id='word_1_700' title='bbox 1290 2362 1357 2398; x_wconf 66' lang='grc'><strong>(54).</strong></span> <span class='ocrx_word' id='word_1_701' title='bbox 1372 2375 1408 2381; x_wconf 85' lang='lat'><strong>-—</strong></span> <span class='ocrx_word' id='word_1_702' title='bbox 1424 2358 1563 2394; x_wconf 79' lang='grc' dir='ltr'>Θεοδώρῳ</span> <span class='ocrx_word' id='word_1_703' title='bbox 1571 2355 1741 2394; x_wconf 60' lang='lat' dir='ltr'><strong>partitam.</strong></span> 
     </span>
    </p>
   </div>
   <div class='ocr_carea' id='block_1_99' title="bbox 624 2417 1476 2456">
    <p class='ocr_par' dir='ltr' id='par_1_99' title="bbox 624 2417 1476 2456">
     <span class='ocr_line' id='line_1_99' title="bbox 624 2417 1476 2456; baseline -0.009 -6"><span class='ocrx_word' id='word_1_704' title='bbox 624 2425 661 2450; x_wconf 91' lang='lat' dir='ltr'><strong>De</strong></span> <span class='ocrx_word' id='word_1_705' title='bbox 671 2423 776 2452; x_wconf 77' lang='lat' dir='ltr'><strong>diversis</strong></span> <span class='ocrx_word' id='word_1_706' title='bbox 787 2423 941 2454; x_wconf 78' lang='lat' dir='ltr'><strong>argumentis</strong></span> <span class='ocrx_word' id='word_1_707' title='bbox 952 2431 958 2449; x_wconf 92' lang='lat'>:</span> <span class='ocrx_word' id='word_1_708' title='bbox 974 2428 1050 2456; x_wconf 87' lang='lat' dir='ltr'><strong>atque</strong></span> <span class='ocrx_word' id='word_1_709' title='bbox 1061 2425 1086 2451; x_wconf 86' lang='lat' dir='ltr'><strong>in</strong></span> <span class='ocrx_word' id='word_1_710' title='bbox 1101 2425 1161 2454; x_wconf 84' lang='lat' dir='ltr'><strong>ﬂne,</strong></span> <span class='ocrx_word' id='word_1_711' title='bbox 1172 2423 1204 2448; x_wconf 92' lang='lat' dir='ltr'><strong>de</strong></span> <span class='ocrx_word' id='word_1_712' title='bbox 1216 2420 1307 2447; x_wconf 87' lang='lat' dir='ltr'><strong>sanctis</strong></span> <span class='ocrx_word' id='word_1_713' title='bbox 1317 2417 1476 2451; x_wconf 80' lang='lat' dir='ltr'><strong>imaginibus.</strong></span> 
     </span>
    </p>
   </div>
   <div class='ocr_carea' id='block_1_100' title="bbox 269 2477 1022 2518">
    <p class='ocr_par' dir='ltr' id='par_1_100' title="bbox 269 2477 1022 2518">
     <span class='ocr_line' id='line_1_100' title="bbox 269 2477 1022 2518; baseline -0.009 -6"><span class='ocrx_word' id='word_1_714' title='bbox 269 2481 367 2518; x_wconf 81' lang='lat' dir='ltr'><strong>Accepi</strong></span> <span class='ocrx_word' id='word_1_715' title='bbox 381 2480 525 2517; x_wconf 85' lang='lat' dir='ltr'><strong>epistolam</strong></span> <span class='ocrx_word' id='word_1_716' title='bbox 539 2477 699 2506; x_wconf 76' lang='lat' dir='ltr'><strong>reverentiae</strong></span> <span class='ocrx_word' id='word_1_717' title='bbox 711 2481 774 2510; x_wconf 82' lang='lat' dir='ltr'><strong>tuae,</strong></span> <span class='ocrx_word' id='word_1_718' title='bbox 790 2485 851 2512; x_wconf 66' lang='lat' dir='ltr'><strong>quae</strong></span> <span class='ocrx_word' id='word_1_719' title='bbox 868 2477 909 2505; x_wconf 88' lang='lat' dir='ltr'><strong>sic</strong></span> <span class='ocrx_word' id='word_1_720' title='bbox 922 2477 1022 2506; x_wconf 79' lang='lat' dir='ltr'><strong>inscri-</strong></span> 
     </span>
    </p>
   </div>
   <div class='ocr_carea' id='block_1_101' title="bbox 233 2523 1020 2566">
    <p class='ocr_par' dir='ltr' id='par_1_101' title="bbox 233 2523 1020 2566">
     <span class='ocr_line' id='line_1_101' title="bbox 233 2523 1020 2566; baseline -0.008 -9"><span class='ocrx_word' id='word_1_721' title='bbox 233 2535 279 2566; x_wconf 86' lang='lat' dir='ltr'><strong>pta</strong></span> <span class='ocrx_word' id='word_1_722' title='bbox 296 2533 365 2562; x_wconf 88' lang='lat' dir='ltr'><strong>erat,</strong></span> <span class='ocrx_word' id='word_1_723' title='bbox 378 2527 500 2563; x_wconf 73' lang='lat' dir='ltr'><strong>Epistula</strong></span> <span class='ocrx_word' id='word_1_724' title='bbox 517 2524 651 2560; x_wconf 76' lang='lat' dir='ltr'><strong>cncyclica</strong></span> <span class='ocrx_word' id='word_1_725' title='bbox 662 2545 670 2556; x_wconf 85' lang='lat'><strong>,</strong></span> <span class='ocrx_word' id='word_1_726' title='bbox 682 2523 808 2551; x_wconf 76' lang='lat' dir='ltr'><strong>Videlicet</strong></span> <span class='ocrx_word' id='word_1_727' title='bbox 828 2523 1000 2552; x_wconf 83' lang='lat' dir='ltr'><strong>medicinalis</strong></span> <span class='ocrx_word' id='word_1_728' title='bbox 1013 2533 1020 2551; x_wconf 92' lang='lat'><strong>:</strong></span> 
     </span>
    </p>
   </div>
   <div class='ocr_carea' id='block_1_102' title="bbox 235 2569 1022 2610">
    <p class='ocr_par' dir='ltr' id='par_1_102' title="bbox 235 2569 1022 2610">
     <span class='ocr_line' id='line_1_102' title="bbox 235 2569 1022 2610; baseline -0.009 -6"><span class='ocrx_word' id='word_1_729' title='bbox 235 2575 385 2610; x_wconf 85' lang='lat' dir='ltr'><strong>statimque</strong></span> <span class='ocrx_word' id='word_1_730' title='bbox 402 2574 436 2601; x_wconf 86' lang='lat' dir='ltr'><strong>ab</strong></span> <span class='ocrx_word' id='word_1_731' title='bbox 452 2572 531 2601; x_wconf 91' lang='lat' dir='ltr'><strong>initio</strong></span> <span class='ocrx_word' id='word_1_732' title='bbox 546 2570 686 2606; x_wconf 84' lang='lat' dir='ltr'><strong>obstupui,</strong></span> <span class='ocrx_word' id='word_1_733' title='bbox 701 2570 795 2598; x_wconf 76' lang='lat' dir='ltr'><strong>frater.</strong></span> <span class='ocrx_word' id='word_1_734' title='bbox 818 2569 941 2598; x_wconf 90' lang='lat' dir='ltr'><strong>Ulterius</strong></span> <span class='ocrx_word' id='word_1_735' title='bbox 957 2577 1022 2598; x_wconf 87' lang='lat' dir='ltr'><strong>vero</strong></span> 
     </span>
    </p>
   </div>
   <div class='ocr_carea' id='block_1_103' title="bbox 233 2617 1020 2659">
    <p class='ocr_par' dir='ltr' id='par_1_103' title="bbox 233 2617 1020 2659">
     <span class='ocr_line' id='line_1_103' title="bbox 233 2617 1020 2659; baseline -0.009 -8"><span class='ocrx_word' id='word_1_736' title='bbox 233 2629 407 2659; x_wconf 81' lang='lat' dir='ltr'><strong>progressus,</strong></span> <span class='ocrx_word' id='word_1_737' title='bbox 424 2625 515 2648; x_wconf 87' lang='lat' dir='ltr'><strong>mente</strong></span> <span class='ocrx_word' id='word_1_738' title='bbox 539 2618 735 2655; x_wconf 89' lang='lat' dir='ltr'><strong>propemodum</strong></span> <span class='ocrx_word' id='word_1_739' title='bbox 762 2617 862 2651; x_wconf 82' lang='lat' dir='ltr'><strong>excidi,</strong></span> <span class='ocrx_word' id='word_1_740' title='bbox 879 2624 932 2645; x_wconf 91' lang='lat' dir='ltr'><strong>nec</strong></span> <span class='ocrx_word' id='word_1_741' title='bbox 957 2617 1020 2653; x_wconf 87' lang='lat' dir='ltr'><strong>quid</strong></span> 
     </span>
    </p>
   </div>
   <div class='ocr_carea' id='block_1_104' title="bbox 234 2664 1024 2701">
    <p class='ocr_par' dir='ltr' id='par_1_104' title="bbox 234 2664 1024 2701">
     <span class='ocr_line' id='line_1_104' title="bbox 234 2664 1024 2701; baseline -0.009 -3"><span class='ocrx_word' id='word_1_742' title='bbox 234 2670 384 2698; x_wconf 84' lang='lat' dir='ltr'><strong>edisseram</strong></span> <span class='ocrx_word' id='word_1_743' title='bbox 417 2668 534 2700; x_wconf 90' lang='lat' dir='ltr'><strong>habens,</strong></span> <span class='ocrx_word' id='word_1_744' title='bbox 549 2674 601 2694; x_wconf 89' lang='lat' dir='ltr'><strong>nec</strong></span> <span class='ocrx_word' id='word_1_745' title='bbox 626 2665 703 2701; x_wconf 91' lang='lat' dir='ltr'><strong>-quid</strong></span> <span class='ocrx_word' id='word_1_746' title='bbox 719 2664 743 2693; x_wconf 91' lang='lat' dir='ltr'><strong>ei</strong></span> <span class='ocrx_word' id='word_1_747' title='bbox 757 2672 837 2700; x_wconf 89' lang='lat' dir='ltr'><strong>quem</strong></span> <span class='ocrx_word' id='word_1_748' title='bbox 855 2664 932 2692; x_wconf 83' lang='lat' dir='ltr'><strong>valde</strong></span> <span class='ocrx_word' id='word_1_749' title='bbox 961 2671 1024 2692; x_wconf 89' lang='lat' dir='ltr'><strong>amo</strong></span> 
     </span>
    </p>
   </div>
   <div class='ocr_carea' id='block_1_105' title="bbox 235 2710 1022 2751">
    <p class='ocr_par' dir='ltr' id='par_1_105' title="bbox 235 2710 1022 2751">
     <span class='ocr_line' id='line_1_105' title="bbox 235 2710 1022 2751; baseline -0.009 -7"><span class='ocrx_word' id='word_1_750' title='bbox 235 2715 427 2751; x_wconf 87' lang='lat' dir='ltr'><strong>respondeam.</strong></span> <span class='ocrx_word' id='word_1_751' title='bbox 442 2712 536 2748; x_wconf 84' lang='lat' dir='ltr'><strong>Neque</strong></span> <span class='ocrx_word' id='word_1_752' title='bbox 547 2716 576 2739; x_wconf 92' lang='lat' dir='ltr'><strong>tu</strong></span> <span class='ocrx_word' id='word_1_753' title='bbox 591 2711 711 2747; x_wconf 80' lang='lat' dir='ltr'><strong>graviter</strong></span> <span class='ocrx_word' id='word_1_754' title='bbox 724 2710 807 2744; x_wconf 79' lang='lat' dir='ltr'><strong>feras,</strong></span> <span class='ocrx_word' id='word_1_755' title='bbox 819 2710 870 2738; x_wconf 88' lang='lat' dir='ltr'><strong>etsi</strong></span> <span class='ocrx_word' id='word_1_756' title='bbox 882 2710 1022 2746; x_wconf 88' lang='lat' dir='ltr'><strong>asperiora</strong></span> 
     </span>
    </p>
   </div>
   <div class='ocr_carea' id='block_1_106' title="bbox 237 2755 1025 2797">
    <p class='ocr_par' dir='ltr' id='par_1_106' title="bbox 237 2755 1025 2797">
     <span class='ocr_line' id='line_1_106' title="bbox 237 2755 1025 2797; baseline -0.009 -7"><span class='ocrx_word' id='word_1_757' title='bbox 237 2762 379 2793; x_wconf 79' lang='lat' dir='ltr'><strong>vidcantnr</strong></span> <span class='ocrx_word' id='word_1_758' title='bbox 391 2768 452 2797; x_wconf 65' lang='lat' dir='ltr'><strong>quae</strong></span> <span class='ocrx_word' id='word_1_759' title='bbox 471 2766 532 2787; x_wconf 88' lang='lat' dir='ltr'><strong>sum</strong></span> <span class='ocrx_word' id='word_1_760' title='bbox 546 2757 672 2786; x_wconf 85' lang='lat' dir='ltr'><strong>dicturus</strong></span> <span class='ocrx_word' id='word_1_761' title='bbox 687 2765 696 2785; x_wconf 85' lang='lat'><strong>:</strong></span> <span class='ocrx_word' id='word_1_762' title='bbox 709 2764 771 2785; x_wconf 89' lang='lat' dir='ltr'><strong>cum</strong></span> <span class='ocrx_word' id='word_1_763' title='bbox 795 2763 930 2792; x_wconf 83' lang='lat' dir='ltr'><strong>nequeam</strong></span> <span class='ocrx_word' id='word_1_764' title='bbox 945 2755 1025 2784; x_wconf 86' lang='lat' dir='ltr'><strong>aliter</strong></span> 
     </span>
    </p>
   </div>
   <div class='ocr_carea' id='block_1_107' title="bbox 1114 2467 1864 2512">
    <p class='ocr_par' dir='ltr' id='par_1_107' title="bbox 1114 2467 1864 2512">
     <span class='ocr_line' id='line_1_107' title="bbox 1114 2467 1864 2512; baseline -0.016 -7"><span class='ocrx_word' id='word_1_765' title='bbox 1114 2477 1266 2512; x_wconf 80' lang='grc' dir='ltr'>Ἔδεξάμην</span> <span class='ocrx_word' id='word_1_766' title='bbox 1279 2474 1327 2510; x_wconf 82' lang='grc' dir='ltr'>τὴν</span> <span class='ocrx_word' id='word_1_767' title='bbox 1352 2472 1498 2507; x_wconf 74' lang='grc' dir='ltr'>ἐπιστολὴν</span> <span class='ocrx_word' id='word_1_768' title='bbox 1510 2471 1560 2506; x_wconf 84' lang='grc' dir='ltr'>τῆς</span> <span class='ocrx_word' id='word_1_769' title='bbox 1572 2469 1729 2506; x_wconf 84' lang='grc' dir='ltr'>τιμιότητός</span> <span class='ocrx_word' id='word_1_770' title='bbox 1742 2477 1790 2494; x_wconf 87' lang='grc' dir='ltr'><strong>σου</strong></span> <span class='ocrx_word' id='word_1_771' title='bbox 1805 2467 1864 2494; x_wconf 81' lang='grc' dir='ltr'>ἐπι-</span> 
     </span>
    </p>
   </div>
   <div class='ocr_carea' id='block_1_108' title="bbox 1074 2513 1864 2560">
    <p class='ocr_par' dir='ltr' id='par_1_108' title="bbox 1074 2513 1864 2560">
     <span class='ocr_line' id='line_1_108' title="bbox 1074 2513 1864 2560; baseline -0.015 -10"><span class='ocrx_word' id='word_1_772' title='bbox 1074 2523 1244 2560; x_wconf 73' lang='grc' dir='ltr'>γράφουσαν,</span> <span class='ocrx_word' id='word_1_773' title='bbox 1264 2519 1441 2554; x_wconf 67' lang='grc' dir='ltr'>Ἐγ-κύκλιος</span> <span class='ocrx_word' id='word_1_774' title='bbox 1454 2515 1613 2550; x_wconf 65' lang='grc' dir='ltr'>ἐπιστολὴ,</span> <span class='ocrx_word' id='word_1_775' title='bbox 1628 2513 1864 2550; x_wconf 67' lang='grc' dir='ltr'>ἡτοίθεραπευτι-</span> 
     </span>
    </p>
   </div>
   <div class='ocr_carea' id='block_1_109' title="bbox 1075 2559 1863 2605">
    <p class='ocr_par' dir='ltr' id='par_1_109' title="bbox 1075 2559 1863 2605">
     <span class='ocr_line' id='line_1_109' title="bbox 1075 2559 1863 2605; baseline -0.015 -8"><span class='ocrx_word' id='word_1_776' title='bbox 1075 2570 1120 2605; x_wconf 87' lang='grc' dir='ltr'>κή.</span> <span class='ocrx_word' id='word_1_777' title='bbox 1136 2569 1191 2596; x_wconf 74' lang='grc' dir='ltr'><strong>Καὶ</strong></span> <span class='ocrx_word' id='word_1_778' title='bbox 1205 2566 1288 2598; x_wconf 78' lang='grc' dir='ltr'>εὐθὺς</span> <span class='ocrx_word' id='word_1_779' title='bbox 1302 2565 1356 2592; x_wconf 74' lang='grc' dir='ltr'><strong>ἀπὸ</strong></span> <span class='ocrx_word' id='word_1_780' title='bbox 1371 2563 1494 2600; x_wconf 78' lang='grc' dir='ltr'>βαλϐίδος</span> <span class='ocrx_word' id='word_1_781' title='bbox 1514 2562 1634 2597; x_wconf 71' lang='grc' dir='ltr'>ἐξέστην,</span> <span class='ocrx_word' id='word_1_782' title='bbox 1648 2560 1745 2595; x_wconf 79' lang='grc' dir='ltr'>ἀδελφέ</span> <span class='ocrx_word' id='word_1_783' title='bbox 1758 2567 1766 2575; x_wconf 94' lang='grc'>·</span> <span class='ocrx_word' id='word_1_784' title='bbox 1782 2559 1863 2586; x_wconf 70' lang='grc' dir='ltr'>ἐπελ-</span> 
     </span>
    </p>
   </div>
   <div class='ocr_carea' id='block_1_110' title="bbox 1078 2605 1866 2647">
    <p class='ocr_par' dir='ltr' id='par_1_110' title="bbox 1078 2605 1866 2647">
     <span class='ocr_line' id='line_1_110' title="bbox 1078 2605 1866 2647; baseline -0.014 -5"><span class='ocrx_word' id='word_1_785' title='bbox 1078 2615 1132 2643; x_wconf 81' lang='grc' dir='ltr'><strong>θὼν</strong></span> <span class='ocrx_word' id='word_1_786' title='bbox 1151 2614 1179 2641; x_wconf 80' lang='grc' dir='ltr'>δὲ</span> <span class='ocrx_word' id='word_1_787' title='bbox 1191 2613 1247 2645; x_wconf 80' lang='grc' dir='ltr'>τοῖς</span> <span class='ocrx_word' id='word_1_788' title='bbox 1263 2611 1372 2647; x_wconf 76' lang='grc' dir='ltr'>ἑφεξῆς,</span> <span class='ocrx_word' id='word_1_789' title='bbox 1391 2609 1490 2645; x_wconf 87' lang='grc' dir='ltr'>μικροῦ</span> <span class='ocrx_word' id='word_1_790' title='bbox 1509 2608 1632 2639; x_wconf 77' lang='grc' dir='ltr'>καὶτοὺς</span> <span class='ocrx_word' id='word_1_791' title='bbox 1650 2606 1800 2642; x_wconf 71' lang='grc' dir='ltr'>λογισμοὺς</span> <span class='ocrx_word' id='word_1_792' title='bbox 1813 2605 1866 2632; x_wconf 81' lang='grc' dir='ltr'><strong>ἀπ-</strong></span> 
     </span>
    </p>
   </div>
   <div class='ocr_carea' id='block_1_111' title="bbox 1076 2652 1865 2695">
    <p class='ocr_par' dir='ltr' id='par_1_111' title="bbox 1076 2652 1865 2695">
     <span class='ocr_line' id='line_1_111' title="bbox 1076 2652 1865 2695; baseline -0.014 -6"><span class='ocrx_word' id='word_1_793' title='bbox 1076 2661 1178 2693; x_wconf 80' lang='grc' dir='ltr'>ώλεσα,</span> <span class='ocrx_word' id='word_1_794' title='bbox 1191 2658 1228 2695; x_wconf 84' lang='grc' dir='ltr'>μὴ</span> <span class='ocrx_word' id='word_1_795' title='bbox 1238 2657 1308 2694; x_wconf 73' lang='grc' dir='ltr'>ἔχων</span> <span class='ocrx_word' id='word_1_796' title='bbox 1318 2656 1573 2692; x_wconf 70' lang='grc' dir='ltr'>ὃίτιδιαλογίσομαι,</span> <span class='ocrx_word' id='word_1_797' title='bbox 1582 2653 1599 2689; x_wconf 84' lang='grc' dir='ltr'>ἧ</span> <span class='ocrx_word' id='word_1_798' title='bbox 1609 2654 1636 2680; x_wconf 78' lang='grc' dir='ltr'><strong>τί</strong></span> <span class='ocrx_word' id='word_1_799' title='bbox 1644 2652 1865 2695; x_wconf 76' lang='grc' dir='ltr'>ἀποκριθήσομαι</span> 
     </span>
    </p>
   </div>
   <div class='ocr_carea' id='block_1_112' title="bbox 1077 2694 1866 2741">
    <p class='ocr_par' dir='ltr' id='par_1_112' title="bbox 1077 2694 1866 2741">
     <span class='ocr_line' id='line_1_112' title="bbox 1077 2694 1866 2741; baseline -0.015 -8"><span class='ocrx_word' id='word_1_800' title='bbox 1077 2706 1115 2741; x_wconf 84' lang='grc' dir='ltr'>τῷ</span> <span class='ocrx_word' id='word_1_801' title='bbox 1126 2702 1307 2741; x_wconf 80' lang='grc' dir='ltr'>ἠγαπημένῳ.</span> <span class='ocrx_word' id='word_1_802' title='bbox 1325 2702 1381 2728; x_wconf 83' lang='grc' dir='ltr'>Καί</span> <span class='ocrx_word' id='word_1_803' title='bbox 1397 2709 1442 2736; x_wconf 87' lang='grc' dir='ltr'><strong>μοι</strong></span> <span class='ocrx_word' id='word_1_804' title='bbox 1452 2699 1635 2736; x_wconf 72' lang='grc' dir='ltr'>μακροθύμως</span> <span class='ocrx_word' id='word_1_805' title='bbox 1648 2698 1753 2728; x_wconf 65' lang='lat' dir='ltr'><strong>eiecta;</strong></span> <span class='ocrx_word' id='word_1_806' title='bbox 1762 2704 1769 2712; x_wconf 80' lang='grc'><strong>“</strong></span> <span class='ocrx_word' id='word_1_807' title='bbox 1781 2697 1807 2722; x_wconf 88' lang='grc' dir='ltr'><strong>εἰ</strong></span> <span class='ocrx_word' id='word_1_808' title='bbox 1819 2694 1866 2722; x_wconf 84' lang='grc' dir='ltr'>καὶ</span> 
     </span>
    </p>
   </div>
   <div class='ocr_carea' id='block_1_113' title="bbox 1078 2740 1866 2788">
    <p class='ocr_par' dir='ltr' id='par_1_113' title="bbox 1078 2740 1866 2788">
     <span class='ocr_line' id='line_1_113' title="bbox 1078 2740 1866 2788; baseline -0.019 -8"><span class='ocrx_word' id='word_1_809' title='bbox 1078 2740 1235 2788; x_wconf 59' lang='grc' dir='ltr'>τραχύτερα</span> <span class='ocrx_word' id='word_1_810' title='bbox 1247 2749 1281 2776; x_wconf 77' lang='grc' dir='ltr'>τὰ</span> <span class='ocrx_word' id='word_1_811' title='bbox 1294 2747 1482 2784; x_wconf 83' lang='grc' dir='ltr'>λεχθησόμενα</span> <span class='ocrx_word' id='word_1_812' title='bbox 1493 2755 1499 2761; x_wconf 93' lang='grc'><strong>·</strong></span> <span class='ocrx_word' id='word_1_813' title='bbox 1513 2746 1564 2773; x_wconf 79' lang='grc' dir='ltr'>οὐκ</span> <span class='ocrx_word' id='word_1_814' title='bbox 1577 2745 1666 2781; x_wconf 74' lang='grc' dir='ltr'>ἔχοντι</span> <span class='ocrx_word' id='word_1_815' title='bbox 1689 2743 1749 2775; x_wconf 84' lang='grc' dir='ltr'>πῶς</span> <span class='ocrx_word' id='word_1_816' title='bbox 1777 2740 1866 2775; x_wconf 56' lang='lat' dir='ltr'><strong>an»;</strong></span> 
     </span>
    </p>
   </div>
   <div class='ocr_carea' id='block_1_114' title="bbox 1006 2809 1119 2840">
    <p class='ocr_par' dir='ltr' id='par_1_114' title="bbox 1006 2809 1119 2840">
     <span class='ocr_line' id='line_1_114' title="bbox 1006 2809 1119 2840; baseline -0.044 1"><span class='ocrx_word' id='word_1_817' title='bbox 1006 2809 1119 2840; x_wconf 67' lang='lat' dir='ltr'><strong>NOTIE.</strong></span> 
     </span>
    </p>
   </div>
   <div class='ocr_carea' id='block_1_115' title="bbox 273 2861 618 2904">
    <p class='ocr_par' dir='ltr' id='par_1_115' title="bbox 273 2861 618 2904">
     <span class='ocr_line' id='line_1_115' title="bbox 273 2861 618 2904; baseline -0.017 -10"><span class='ocrx_word' id='word_1_818' title='bbox 273 2865 329 2904; x_wconf 68' lang='lat'><strong>(5-5)</strong></span> <span class='ocrx_word' id='word_1_819' title='bbox 347 2864 445 2893; x_wconf 80' lang='lat' dir='ltr'><strong>lucou.</strong></span> <span class='ocrx_word' id='word_1_820' title='bbox 464 2862 527 2898; x_wconf 69' lang='lat' dir='ltr'><strong>Reg.</strong></span> <span class='ocrx_word' id='word_1_821' title='bbox 548 2861 618 2903; x_wconf 70' lang='grc' dir='ltr'>ρμθ.</span> 
     </span>
    </p>
   </div>
   <div class='ocr_carea' id='block_1_116' title="bbox 1123 2850 1344 2891">
    <p class='ocr_par' dir='ltr' id='par_1_116' title="bbox 1123 2850 1344 2891">
     <span class='ocr_line' id='line_1_116' title="bbox 1123 2850 1344 2891; baseline -0.009 -10"><span class='ocrx_word' id='word_1_822' title='bbox 1123 2854 1159 2891; x_wconf 62' lang='grc'><strong>(⁷⁸)</strong></span> <span class='ocrx_word' id='word_1_823' title='bbox 1176 2850 1344 2888; x_wconf 70' lang='lat' dir='ltr'><strong>Dogmatica.</strong></span> 
     </span>
    </p>
   </div>
  </div>
