1912 3080
72 140 140 172 1505

668 142 936 176 EPISTOLARUM
965 146 1038 176 LIB.
1061 147 1103 177 Il.

1639 145 1708 179 1506

67 201 102 226 τὰ
128 200 304 236 ἐνσκήψαντα
315 203 348 238 τῇ
365 203 480 239 ταπεινῇ
492 211 542 238 μου
569 203 668 239 καρδίᾳ
686 205 756 232 κατὰ
769 205 800 232 τὸ
821 207 854 231 εί-

911 213 942 232 ea
959 213 1020 240 quae
1041 206 1143 233 humile
1156 209 1279 233 nostrum
1299 210 1396 240 pectus
1418 208 1543 240 gravant,
1563 205 1708 232 commode

68 248 117 280 κδς
132 248 371 283 ὲκφερομυθῆσαι,
383 249 431 276 καὶ
452 249 601 284 ἀναγκαῖον
623 251 722 278 εἰπεῖν.
737 248 770 277 *Α
777 259 810 287 ρα
823 252 860 287 μή

67 299 122 323 τις,
149 292 287 327 ἀγαπητὲ,
308 292 339 319 τὸ
357 293 403 319 σὺν
420 293 566 329 πρόσωπον
583 295 684 327 ὑποδὺς
707 295 747 326 είς
768 295 864 323 τοσοῦ-

69 345 115 363 τον
142 337 378 373 ἐξετραχηλιάσθη
396 338 479 373 ὄγκον
503 340 696 375 φρονήματος,
723 339 794 367 ὥστε
823 341 864 367 ιν.

67 382 167 418 νοῆσαι
186 384 222 410 τά
236 384 387 420 ὑπερνεφῆ,
407 385 453 411 καὶ¹
467 385 566 421 δρᾶσαι
579 386 614 412 τὰ
631 387 839 422 καταρᾶσσοντα
852 396 860 420 ;

68 426 145 463 Ἀρα
166 428 206 464 μὴ
222 429 301 456 αὐτοὶ
327 431 407 465 ἡμεῖς
422 430 476 463 ἔξω
495 431 560 458 ποτὲ
588 432 696 467 φρενῶν
721 433 862 468 γενόμενοι

68 475 183 501 παιδιάν
191 484 251 502 τινα
265 476 459 512 προειλόμεθα,
474 477 693 514 συγγράφεσθαι,
708 479 737 506 ὲν
751 479 781 505 οὺ
798 487 864 506 παια-

68 521 154 552 κτοῖς.
169 521 238 548 ἀλλὰ
258 522 306 549 καὶ
319 522 380 549 λίαν
389 523 516 558 χαλεποῖς
528 524 687 560 τολμήμασι
698 525 748 559 ;Τί
760 524 862 559 λέγεις,

67 563 90 592 ὦ
106 568 175 601 τᾶνς
191 567 296 600 ἔξεστιν
312 568 378 604 ἡμῖν
400 569 455 601 τοῖς
471 571 508 606 μή
533 579 596 597 τινα
621 571 721 607 κλῆρον
747 571 862 607 ἱερωσύ-

68 622 117 649 νης
130 613 250 649 ἔχουσιν,
270 615 286 650 ἢ
303 615 383 650 μόνον
407 615 437 642 ὲν
451 619 579 653 μοναχοϊς
593 618 711 650 τελοῦσι,
723 619 786 654 δίχα
802 628 862 647 κιν-

66 660 236 694 δυνευούσης
261 661 402 696 ἀληθείας,
424 663 566 700 ἁρπαγμῷ
582 665 721 700 ἱερατικοῦ
738 665 863 701 ἀξιώμα-

66 714 114 737 τος
126 706 272 741 ἐγκύκλιον
284 708 431 745 επιστολὴν
445 710 583 737 ἐντάττειν
596 718 603 725 ·
621 711 669 737 καὶ
692 711 779 747 ταύτῃ
796 721 861 739 κατ-

67 751 261 784 εξανίστασθαι
275 755 422 791 -.εραρχῶν
446 764 477 782 τε
503 757 551 783 καὶ
575 757 749 793 ἱερωμένων,
777 767 861 795 μονα-

67 798 139 823 στῶν
154 807 184 825 τε
197 799 244 825 καὶ
260 799 475 843 καθηγουμένου¹
486 808 493 816 ·
506 802 537 828 οὗ
554 802 608 838 μὴν
627 802 695 830 ἀλλὰ
705 804 752 831 καὶ
762 805 863 839 νόμους

68 843 171 875 ίδικοῦς
188 844 313 872 ἀποίσειν
328 845 359 880 ἐξ
381 846 526 882 ίδιοκρίτου
541 848 655 883 καρδίας
669 856 676 863 ·
691 849 759 885 πρὸς
772 851 800 878 δὲ
814 853 862 878 καὶ

67 889 164 925 ὕϐρεσι
179 890 229 917 καὶ
241 892 366 926 ὀνείδεσι,
390 894 570 929 κατακρίσεσί
594 904 623 921 τε
648 896 696 923 καὶ
715 896 861 934 ἀλλοτριώ-

67 943 144 962 σεσιν
163 937 330 965 ὑποϐάλλειν
345 938 375 965 τὸ
388 939 449 966 ὅλον
461 940 599 975 πλήρωμα
625 942 674 977 τῆς
700 943 860 980 όμολογητι-

66 981 118 1026 ﬁt;
145 982 515 1021 άδελφότητος;οὗτοιγὰρ,
547 987 583 1019 ὡς
613 988 686 1024 φὴς,
719 990 771 1016 κᾶν
799 991 861 1026 οὐχ),

65 1025 168 1071 πάντες
183 1027 207 1052 οί
222 1027 273 1062 τῆς
284 1028 414 1064 ἀληθείας
429 1030 601 1058 ὑπασπισταί
620 1040 628 1048 ·
655 1033 686 1060 τὸ
697 1034 748 1069 τῆς
777 1025 860 1071 pni—

65 1069 154 1117 votas
167 1070 390 1117 ὑποκρινόμενοι,
406 1074 436 1101 ὃν
448 1076 550 1109 τρόπον
561 1077 585 1103 οἱ
600 1078 651 1113 τῆς
663 1069 788 1113 ἐναντίας
801 1082 859 1117 μοί-ι

65 1123 116 1150 ρας
131 1115 161 1141 τὸ
175 1116 227 1151 τῆς
240 1117 381 1151 εὐσεϐείας
410 1119 494 1156 ὄνομα
521 1122 627 1156 ψευδῶς
645 1115 857 1162 ὑποδυσάμενοι,

64 1161 94 1207 εξ
108 1161 168 1207 tceo
185 1163 349 1198 παγχάλεπα
361 1165 412 1201 τὴν
427 1167 555 1202 ἀλήθειαν
570 1169 618 1196 καὶ
632 1170 682 1206 τὴν
713 1161 859 1207 μετάνοιαν

63 1205 204 1255 onis-quau,
218 1208 316 1255 ϐεινοῖς
340 1213 583 1246 κατακοντίζοντες
606 1205 777 1250 λόγοιςξκαὶ
793 1227 858 1255 συρι

64 1252 146 1285 φετδν
162 1253 263 1281 ἀθλίων
275 1256 478 1291 εἰσκομίζοντες
495 1259 634 1295 λογισμῶν
647 1270 654 1276 ·
684 1252 857 1298 διχοστασίας

63 1298 229 1334 ἐγείροντες,
252 1301 301 1337 τὴν
324 1303 476 1339 ἀμώμητον
505 1306 599 1333 πίστιν
619 1307 786 1343 ἀδικοῦντες,
812 1311 857 1338 τὸν

62 1344 195 1371 ἁπάντων
210 1346 318 1382 ἡνίοχον
331 1348 379 1375 καὶ
393 1350 544 1386 ἐπιστάτην
559 1352 605 1379 καὶ
617 1352 785 1390 δημιουργὸν
798 1356 856 1383 tiu-

63 1390 210 1424 μάξοντες,
226 1392 352 1429 ἀλλήλοις
364 1395 509 1430 ἐρίζοντες,
527 1397 682 1432 λημμάτων
700 1399 854 1436 ἡττώμενοι

62 1436 165 1472 πόρους
183 1438 363 1472 ἐπινοοῦντες,
381 1442 437 1473 τοῖς
453 1442 589 1479 ὁμόφροσι
613 1444 668 1471 τῶν
697 1446 854 1482 ἀσεϐησάν-

61 1491 116 1510 των
133 1485 214 1520 χάριν
229 1486 446 1522 προσκρούοντες
461 1489 517 1516 τῶν
538 1490 776 1527 ὁμολογησάντων,
807 1495 854 1521 καὶ

912 251 1067 286 explicare;
1085 257 1112 279 et
1126 258 1169 279 me
1184 258 1217 279 ea
1232 251 1323 286 eloqui
1335 257 1446 278 necesse
1462 251 1508 278 sit.
1535 249 1605 277 Num
1631 249 1707 285 quis,

912 297 1104 329 dilectissime,
1129 304 1276 332 personam
1306 301 1378 324 tuam
1405 296 1523 324 induens
1547 295 1575 323 in
1598 299 1706 323 tantum

913 351 943 371 se
960 343 1044 371 animi
1069 348 1206 371 tumorem
1223 343 1329 375 extulit,
1344 347 1374 369 ut
1388 342 1456 370 adeo
1476 343 1593 377 superba
1611 342 1706 369 animo

913 390 1060 418 meditatus
1076 391 1122 423 sit,
1135 394 1247 424 tamque
1262 389 1429 417 exsecranda
1453 389 1587 423 peregerit
1601 390 1612 415 ἲ
1628 387 1706 414 Nun-

913 435 978 471 quid
1008 444 1058 463 nos
1069 436 1121 471 ipsi
1146 436 1293 471 aliquando
1317 439 1409 463 mente
1427 434 1510 469 capti,
1529 435 1622 462 ludum
1643 441 1706 462 esse

913 482 1082 515 censuimus,
1099 489 1199 509 nomen
1216 481 1404 512 subscribere,
1422 487 1477 508 non
1494 481 1522 508 in
1538 480 1620 507 rebus
1634 479 1706 508 ludi-

913 527 978 559 cris.
993 528 1040 555 sed
1052 528 1080 555 in
1093 527 1259 555 difﬁcillimis
1282 527 1420 562 negotiis?
1439 524 1510 560 Quid
1526 526 1579 558 ais,
1591 526 1633 553 vir
1654 533 1705 561 op-

913 574 1002 601 time?
1020 574 1062 601 An
1081 573 1162 602 nobis
1182 574 1255 606 licet,
1273 574 1321 609 qui
1344 573 1419 600 nullo
1438 580 1534 600 sumus
1559 571 1706 600 sacerdotii

914 619 1017 647 honore
1033 620 1166 655 insignes,
1183 619 1330 654 solumque
1349 619 1423 646 inter
1439 618 1589 646 monachos
1605 625 1705 645 cense-

913 672 985 698 mur,
1005 665 1058 692 nisi
1084 665 1253 700 periclitetur
1267 664 1380 696 veritas,
1407 663 1570 691 sacerdotali
1592 666 1705 697 arrepto

914 720 1037 745 munere,
1058 714 1225 749 encyclicam
1242 713 1415 748 interponere
1437 711 1594 746 epistolam,
1613 711 1640 738 in
1657 717 1704 737 ea-

913 766 967 794 que
986 759 1117 786 adversus
1146 759 1290 793 episcopos
1319 761 1346 785 et
1361 757 1534 790 sacerdotes,
1552 756 1704 783 monachos

913 804 1128 839 prmpositosqne
1145 803 1254 831 invehi:
1270 803 1423 838 quinetiam
1448 807 1475 829 et
1499 803 1616 837 privatas
1631 802 1703 835 leges

914 856 947 876 ex
973 849 1112 882 insipienti
1139 853 1249 884 pectore
1272 848 1396 883 proferre
1418 848 1562 882 :ingerere
1589 848 1621 874 ad
1645 847 1704 875 ha-c

878 885 899 912 Β
913 894 1094 922 contumelias
1113 901 1146 921 ac
1160 894 1305 929 vituperia,
1331 894 1463 921 damnare
1478 898 1511 920 ac
1537 901 1585 928 pro
1612 893 1703 920 alieno

913 940 1013 967 habere
1027 940 1186 967 universum
1199 939 1312 967 fratrum
1323 939 1566 974 confessorumque
1581 938 1703 966 emtum?

913 986 945 1014 Hi
965 987 1092 1020 enim,ut
1110 987 1151 1014 ais
1174 987 1243 1022 (etsi
1260 994 1314 1013 non
1327 994 1423 1014 omnes
1454 985 1577 1013 veritatis
1599 992 1702 1019 propu-

911 1033 1059 1068 gnatoresi,
1074 1033 1260 1067 paenitentiam
1277 1033 1456 1065 simulantes;
1470 1030 1700 1066 quemadmodum

911 1079 957 1114 qui
973 1087 1006 1106 ex
1022 1079 1136 1106 adversa
1147 1083 1224 1113 parte
1238 1078 1348 1113 pietatis
1364 1085 1464 1105 nomen
1476 1077 1609 1104 fallaciter
1619 1083 1702 1102 usur-

910 1130 1009 1160 parum.
1024 1134 1031 1158 ς
1048 1127 1172 1154 veritatis
1184 1125 1387 1154 confessionem
1405 1133 1438 1152 ac
1460 1123 1647 1160 pmnitentiam
1665 1130 1700 1150 ex

909 1179 989 1207 aequo
1007 1171 1133 1200 dilliciles
1165 1172 1330 1203 reddidere,
1350 1171 1481 1206 gravibus
1506 1170 1699 1204 impugnantos

910 1218 1016 1252 verbis,
1040 1224 1066 1246 et
1081 1218 1245 1253 quisquilias
1267 1218 1417 1245 infelicium
1445 1216 1584 1244 rationum
1603 1216 1700 1243 obtru-

908 1265 1014 1298 dentes,
1031 1264 1143 1293 dissidia
1158 1265 1336 1296 suscitantes,
1358 1263 1526 1298 inculpatam
1541 1262 1620 1289 fidem
1641 1261 1701 1288 vio-

910 1311 1006 1343 lantes,
1024 1319 1114 1338 rerum
1130 1311 1253 1338 omnium
1283 1310 1492 1344 gubernatorem
1509 1315 1542 1335 ac
1565 1311 1697 1335 rectorem

907 1356 1119 1391 ell'ectoremque
1147 1356 1248 1392 injuria
1270 1355 1436 1387 allicientes,
1460 1355 1599 1390 litigantes
1624 1352 1697 1380 inter

907 1411 977 1434 sese,
988 1404 1054 1431 lucri
1064 1403 1212 1439 cupiditate
1222 1403 1333 1435 devicti,
1344 1401 1472 1438 paranda:
1486 1401 1608 1436 pecuniae
1616 1406 1700 1427 exc0—‘

907 1450 1022 1485 gitantes
1044 1450 1177 1477 rationem
1200 1457 1232 1477 ac
1254 1450 1345 1481 viam,
1362 1449 1540 1475 adversantes
1553 1446 1587 1474 iis
1601 1445 1648 1480 qui
1668 1449 1699 1471 nt

906 1495 996 1531 impiis
1018 1496 1203 1531 gratiﬁcentur
1214 1516 1222 1527 ,
1246 1495 1273 1522 in
1288 1502 1370 1522 unam
1385 1494 1575 1528 conspiravere
1590 1497 1700 1519 senten-

61 1529 113 1564 τῆς
127 1530 259 1566 ἀληθείας
285 1534 557 1563 κεκινδυνευκότων·
584 1537 648 1569 τοὺς
675 1539 711 1565 τὰ
737 1539 854 1574 μέγιστα

910 1542 973 1569 tiam
984 1549 1016 1568 ex
1027 1541 1241 1573 confessoribus,
1253 1544 1280 1567 et
1292 1548 1325 1567 ex
1339 1540 1372 1567 iis
1381 1539 1427 1574 qui
1440 1538 1561 1574 pericula
1572 1537 1700 1565 adierunt

61 1576 166 1613 ταύτην
181 1578 365 1615 ἀδικήσαντας
379 1581 427 1608 καὶ⁵
444 1582 596 1616 διώξαντας
612 1586 800 1621 προτιμῶντες
808 1589 855 1615 καὶ

62 1625 255 1660 προτιθέμενοι
271 1634 278 1640 ·
292 1625 333 1659 οἷς
347 1636 378 1654 τε
391 1628 475 1663 δρῶσι
489 1630 523 1665 τῇ
537 1630 652 1667 ἀληθείᾳ
674 1632 855 1667 χαλεπαίνον-

61 1675 107 1701 τες
119 1679 127 1685 ·
145 1672 195 1698 καὶ
211 1671 243 1698 τὸ
260 1672 330 1708 ὑπὲρ
342 1674 462 1710 Χριστοῦ
488 1675 586 1703 παθεῖν
609 1675 853 1714 οὺδὲνῆγούμενοι·

61 1715 157 1747 κακῶς
183 1715 295 1750 εἰδότες,
308 1718 356 1745 καὶ
370 1719 440 1755 ὑπὲρ
453 1717 491 1747 ὧν
505 1721 758 1756 κεκινδυνεύκασιν,
771 1725 856 1760 ὠμῶς

62 1762 110 1788 καὶ
124 1762 322 1799 ἀκαθηκὸντως
334 1765 406 1801 άμνη
412 1767 589 1802 μονήσαντες;
619 1769 730 1805 Ἐξέστη
743 1772 758 1798 ὸ
772 1771 856 1808 οὐρα-

61 1808 105 1840 νὸς
119 1809 167 1836 ἐπὶ
189 1809 278 1846 τούτῳ
292 1819 299 1826 ·
314 1812 362 1838 καὶ
378 1811 476 1848 ἔφριξα
492 1814 537 1840 ἐπὶ
555 1814 647 1841 πλεῖον
664 1815 720 1850 ἐγὼ
734 1817 749 1843 ό
760 1817 855 1850 τάλας·

60 1855 109 1881 καὶ
132 1857 157 1881 εί
175 1856 213 1891 μὴ
229 1857 284 1884 τῶν
315 1858 369 1884 σῶν
387 1860 483 1893 φωνῶν
513 1859 630 1893 ἐπαΐειν,
660 1862 710 1889 οὐκ
740 1863 774 1890 ἂν
795 1863 857 1890 ἐστίά

61 1907 164 1928 στευσα
177 1903 217 1937 τῷ
228 1904 443 1940 προδεδηλωκότι
458 1906 603 1943 ἐπιστολὴν
616 1909 794 1944 συντετάχθαι
803 1909 856 1937 ὑπὸ

60 1947 110 1981 τῆς
127 1948 289 1984 τιμιότητύς
307 1958 354 1976 σου
368 1951 439 1978 κατὰ
456 1952 506 1987 τῆς
525 1953 572 1979 τοῦ
588 1953 656 1980 Θεοῦ
679 1954 855 1990 Ἐκκλησίαςι

60 1993 131 2019 Κατ’
151 1993 237 2030 αὐτῆς
264 1996 318 2031 γάρ
331 1996 401 2029 ἐστι,
416 1997 446 2024 τδ
459 1999 522 2030 τοὺς
536 1999 658 2031 κλεινοὺς
684 2000 732 2027 καὶ
760 2001 856 2036 όμολο-

59 2040 151 2074 πτας
171 2039 284 2074 ἄνδρας.
304 2041 329 2067 οἳ
353 2042 517 2076 περιῆλθον
536 2044 566 2070 ὲν
592 2044 727 2076 ποικίλοις
759 2054 857 2082 πειραε

61 2086 141 2119 σμοῖς
155 2087 378 2121 ὑστερούμενοι,
396 2089 575 2122 θλιϐόμενοι,
605 2091 855 2126 κακουχούμενοι,

59 2129 247 2164 διωκόμενοι,
262 2133 297 2159 ἐν
319 2133 456 2168 ἐρημίαις
474 2134 676 2170 πλανώμενοι,
694 2137 744 2164 καί
771 2136 856 2171 ὄρεσι

58 2177 108 2204 καὶ
124 2177 192 2210 ταῖς
204 2178 293 2211 ὀπαῖς
303 2178 358 2213 τῆς
372 2179 427 2214 τῆς
445 2189 452 2195 ³
463 2177 508 2207 ὧν
518 2181 574 2208 οὐκ
587 2181 673 2216 ἄξιος
690 2184 707 2210 d
727 2181 855 2219 κόσμος,

907 1595 955 1622 pro
975 1587 1087 1614 veritate
1102 1596 1109 1612 :
1131 1586 1304 1621 praeferentes
1319 1593 1352 1612 ac
1368 1583 1455 1620 p'luris
1470 1584 1638 1612 wslimantes
1650 1590 1700 1611 eos

907 1633 952 1668 qui
965 1633 1084 1660 maxime
1098 1632 1169 1659 illam
1180 1632 1273 1659 laesere
1286 1636 1367 1666 atque
1376 1631 1569 1665 impugnavere
1580 1638 1586 1656 :
1598 1629 1640 1656 his
1651 1628 1701 1661 qui

906 1679 1013 1707 veritati
1025 1678 1230 1714 patrocinantur
1243 1677 1341 1706 infensi
1354 1687 1360 1704 :
1374 1678 1428 1712 pati
1442 1685 1491 1712 pro
1502 1676 1614 1704 Christo
1631 1675 1699 1702 ﬂoc-

906 1725 1082 1760 cipendentes
1099 1732 1197 1760 .prave
1216 1725 1312 1760 gnari,
1329 1729 1480 1758 etquorum
1494 1730 1576 1750 causa
1590 1721 1701 1757 periclid

906 1773 954 1799 tati
970 1772 1035 1807 sint,
1049 1771 1153 1799 nefarie
1171 1775 1198 1799 et
1210 1771 1325 1806 turpiter
1337 1771 1425 1798 obliti.
1442 1769 1588 1803 Obstupuit
1599 1768 1699 1795 ctelum

907 1826 989 1853 super
1004 1818 1066 1850 hoc,
1087 1823 1169 1853 atque
1183 1825 1235 1853 ego
1253 1817 1349 1845 infelix
1366 1817 1476 1852 penitus
1492 1814 1626 1842 exhorrui
1643 1823 1650 1841 :
1665 1821 1699 1841 ac

907 1864 959 1891 nisi
981 1864 1062 1891 verba
1089 1868 1134 1891 tua
1156 1871 1345 1899 agnoscerem,
1379 1871 1432 1889 non
1447 1861 1585 1889 crederem
1604 1859 1630 1887 ei
1650 1859 1698 1894 qui

898 1910 984 1945 prius
1010 1910 1178 1946 signiﬁcavit
1205 1910 1397 1938 concinnatam
1430 1916 1445 1936 a
1478 1906 1630 1935 reverentia
1652 1909 1699 1932 tua

908 1954 992 1983 fuisse
1026 1955 1170 1990 epistolam
1197 1956 1330 1983 adversus
1356 1954 1508 1982 Ecclesiam
1537 1952 1583 1980 Dei
1610 1958 1698 1979 :nam
1752 1971 1758 1976 .

907 2002 1040 2030 adversus
1055 2002 1204 2030 Ecclesiam
1218 2007 1271 2034 est,
1288 2002 1315 2029 in
1327 2001 1402 2029 viros
1415 2001 1532 2036 inclytos
1548 2004 1575 2027 et
1590 1998 1699 2032 confes-

907 2055 995 2081 sores,
1009 2048 1054 2084 qui
1067 2048 1229 2075 circuierunt
1245 2048 1272 2075 in
1288 2047 1373 2075 variis
1389 2046 1597 2078 tentationibus,
1618 2053 1697 2080 egen-

908 2099 954 2127 tes,
966 2095 1124 2130 angustiati,
1135 2095 1235 2130 afﬂicti,
1249 2094 1346 2126 vastati,
1362 2094 1389 2120 in
1401 2092 1590 2120 solitudinibus
1603 2099 1698 2118 erran-

908 2145 956 2173 tes,
968 2145 994 2168 et
1008 2141 1153 2173 montibus,
1167 2145 1192 2167 et
1231 2139 1351 2167 (avernis
1374 2145 1451 2166 terra:
1463 2147 1473 2166 :
1493 2138 1587 2173 quibus
1602 2138 1699 2172 dignus

908 2193 959 2212 non
979 2190 1037 2213 erat
1057 2185 1170 2212 mundus
1186 2186 1220 2217 ³⁸,
1233 2189 1263 2213 ut
1278 2185 1368 2213 verbis
1387 2184 1509 2219 Apostoli
1526 2188 1587 2211 utar
1603 2191 1612 2217 ;
1629 2182 1701 2210 tales

58 2223 248 2255 ἀποστολικῶς
259 2226 348 2251 είπεῖν
362 2233 369 2240 ·
397 2227 595 2262 καταγορεύειν
612 2228 647 2256 τὰ
661 2230 774 2257 τοιαῦτα
789 2231 854 2266 βατ-

910 2229 1017 2258 effutire
1033 2238 1120 2265 nugas
1134 2239 1141 2256 :
1160 2238 1209 2258 nec
1229 2238 1290 2265 quae
1302 2229 1425 2264 graviora
1443 2233 1509 2257 sunt
1521 2228 1612 2256 adhuc
1622 2232 1698 2255 retua

58 2270 217 2305 ταρίσματα
232 2278 240 2286 ο
257 2271 304 2297 καὶ
320 2271 396 2299 οῦπω
422 2273 593 2308 ὲκπέφασται
604 2275 639 2302 τὰ
664 2275 851 2311 αἰτιολογικώι

57 2320 126 2350 τερα
144 2316 191 2342 καὶ
204 2317 450 2354 ἀπανθρωπότερα.

92 2362 192 2398 Τολμᾷ.
206 2371 259 2395 τις,
273 2365 379 2398 ἐρωτῶ,
393 2365 423 2390 ἐν
437 2366 493 2396 τοῖς
517 2366 698 2401 στρατιώταις
711 2368 853 2404 κατειλεγ-

59 2409 152 2444 μένος.
170 2408 304 2445 βασιλικῷ
319 2411 517 2446 συγγράμματι
533 2411 746 2448 ὲξαυθεντήσας,
771 2414 851 2442 τοῦτο

58 2455 170 2482 κάκεῖνο
185 2455 371 2490 διαγορεύειν,
399 2457 448 2484 καὶ
469 2457 534 2490 τοὺς
553 2459 582 2485 ἐν
594 2456 743 2495 ὑπεροχαῖς
768 2461 851 2487 καθυ-

58 2501 180 2537 ϐρίζειν,
207 2501 245 2534 ὡς
272 2502 396 2534 ἀτάκτοις
418 2504 466 2530 καὶ
488 2505 549 2541 εικῆ
566 2505 748 2541 φερομένους
769 2508 800 2534 Εἰ
823 2506 852 2534 δὲ

57 2545 137 2573 τοῦτο
168 2546 308 2583 φωραθείη
342 2549 500 2584 πεποιηκὼς
517 2566 526 2582 ,
557 2551 731 2587 ἀνάρπαστος
770 2553 851 2586 εὐθὺς

57 2593 104 2619 καὶ
137 2591 280 2628 ἀγώγιμος
305 2593 343 2625 ὡς
373 2595 571 2628 ἑπιθανάτιος·
601 2597 628 2624 τί
650 2598 697 2624 καὶ
734 2598 765 2625 οὐ
790 2599 851 2625 πεί-

58 2646 134 2664 σεται
149 2638 164 2664 ὁ
185 2638 279 2670 ἁπλῶς
300 2640 435 2676 μοναστὴς
457 2640 510 2667 ὑπδ
538 2641 587 2668 τοῦ
608 2642 658 2678 τῆς
687 2643 851 2679 Ἐκκλησίας

57 2684 201 2720 κριτηρίου
218 2686 410 2722 παραπλήσιον
416 2687 517 2723 ἐκείνῳ
529 2688 707 2724 τετολμηκώς
720 2698 727 2723 ;
739 2689 785 2725 Μὴ
797 2689 852 2724 γὰρ

58 2732 111 2758 οὐκ
130 2731 242 2766 ἔχομεν
256 2732 396 2767 ἀρχιερέα
409 2734 463 2760 τὸν
473 2734 643 2769 δυνάμενον
650 2735 850 2770 συμπαθῆσαι

57 2777 120 2811 ταῖς
132 2777 306 2811 ἀσθενείαις
332 2780 428 2814 ἡμῶν,
442 2781 514 2808 κατὰ
527 2780 557 2808 τὸ
571 2782 765 2818 γεγραμμένον
778 2790 785 2798 ·
794 2791 848 2819 με·

89 2866 211 2898 “Hebr.
225 2877 256 2902 ιι,
283 2870 328 2904 57,
353 2870 397 2900 58.
431 2871 453 2888 ⁸⁸
467 2871 548 2900 Hebr.
568 2879 605 2906 ιν,
623 2872 669 2901 ιῦί

908 2277 989 2304 limus
1002 2292 1012 2309 ,-
1024 2281 1052 2304 et
1071 2276 1212 2304 acerbiora
1230 2275 1385 2304 maledicta.

941 2364 1054 2393 Ausitne
1068 2364 1179 2400 aliquis,
1193 2364 1303 2397 amabo,
1318 2364 1365 2399 qui
1382 2363 1411 2391 in‘
1435 2363 1553 2391 militum
1581 2366 1700 2390 numero

905 2411 951 2442 sit,
965 2410 1040 2446 regio
1053 2410 1144 2438 libello
1163 2411 1246 2437 veluti
1261 2418 1311 2445 pro
1328 2414 1463 2445 potestate
1479 2409 1619 2441 confecto,
1642 2409 1696 2436 hoc

905 2457 947 2484 vel
962 2457 1028 2484 illud
1044 2457 1185 2489 mandare,
1202 2462 1228 2484 et
1251 2457 1285 2484 iis
1305 2457 1351 2492 qui
1366 2456 1544 2492 magistratus
1558 2456 1696 2489 obtinent,

906 2504 1023 2532 dedecus
1038 2511 1069 2531 ac
1085 2509 1177 2530 notam
1193 2503 1312 2534 inurere,
1339 2507 1466 2538 tanquam
1493 2507 1594 2529 temere
1611 2505 1696 2537 agant

902 2556 928 2578 et
940 2550 1116 2578 inconsulto?
1134 2550 1211 2583 Quod
1232 2550 1254 2577 si
1274 2569 1282 2582 ,
1311 2550 1358 2584 qui
1387 2549 1574 2584 deprehensus
1599 2548 1634 2575 sit
1667 2547 1697 2575 id

901 2596 990 2631 egisse
1007 2616 1015 2629 ,
1042 2595 1148 2630 rapitur
1180 2595 1341 2629 confestim,
1368 2600 1401 2622 ac
1420 2594 1501 2621 morti
1531 2593 1668 2621 addicitur
1685 2596 1697 2621 :‘

902 2649 984 2676 quam
999 2647 1107 2676 pernam
1128 2641 1163 2668 ab
1186 2641 1316 2668 Ecclesia!
1350 2640 1408 2667 foro
1433 2644 1555 2666 meretur
1578 2639 1694 2674 simle

906 2687 1058 2715 monachus
1073 2707 1081 2720 ,
1099 2687 1147 2723 qui
1167 2687 1249 2714 fuerit
1265 2687 1338 2722 paria
1368 2685 1477 2714 ausus?
1505 2686 1602 2713 Annon
1626 2685 1697 2712 enim

905 2733 1031 2761 habemus
1047 2733 1205 2769 Ponti/item
1219 2733 1265 2768 qui
1288 2733 1371 2768 possit
1397 2731 1514 2767 compali
1531 2730 1696 2766 inﬁrmitati-

904 2781 951 2809 bus
964 2782 1074 2816 nostris,
1100 2781 1172 2811 sicut
1186 2781 1317 2816 scriptum
1331 2785 1373 2809 est
1388 2779 1415 2796 ³⁶’
1427 2788 1435 2814 ;
1448 2785 1472 2807 et
1483 2778 1528 2814 qui
1559 2777 1697 2805 tandem:
