1912 3080
214 117 225 148 1
231 118 280 149 507

209 179 291 211 possit
307 177 341 205 iis
355 179 400 213 qui
414 179 537 213 ignorant
548 186 572 208 et
586 187 677 209 errant
691 183 712 200 ³⁷
731 191 738 216 ;
753 191 766 209 a
792 191 847 219 quo
860 184 1001 219 encyclica

208 223 324 258 epistola
350 225 473 251 mittatur
503 228 651 254 secundum
673 229 766 271 palam
800 229 824 256 ei
849 237 863 256 a
899 229 1003 265 Spiritu

209 274 368 304 potestatem
381 271 458 306 ?qui.
475 273 498 300 si
514 274 576 308 quid
596 274 625 301 in
642 274 685 303 his
700 281 761 310 quae
776 282 919 310 geruntur,
932 284 1002 312 pra:-

209 321 250 342 tcr
265 315 307 343 fas
320 324 351 344 ac
366 325 420 344 non
433 326 465 345 ex
482 327 533 346 usu
548 328 608 347 esse
631 321 805 356 intelligeret,
818 322 932 349 omnino
942 331 1003 357 quat

209 369 258 396 par
277 366 318 390 est
337 363 505 398 loqueretur.
539 365 592 393 Sed
619 374 682 394 cum
707 368 900 402 prasvalcscere
917 369 1003 396 luere-

210 407 261 435 sim
276 428 284 441 ,
307 413 335 436 et
353 410 493 444 angustias
509 412 631 447 undique
659 413 761 441 instare
791 414 899 442 videat:
930 419 1004 442 recte

208 455 251 480 vir
265 455 343 489 plane
358 455 466 484 divinus
481 457 548 491 egit,
563 465 624 485 cum
641 459 704 486 sivit
724 467 821 487 onmes
845 460 892 495 qui
915 460 1003 488 maxi-

158 507 162 511 ‘
210 508 320 535 tnopere
328 508 469 536 cuperent,
479 508 561 538 prout
573 505 689 540 quisque
699 511 802 540 posset.
813 507 1003 541 ingruentibus

211 547 314 574 morbis
328 548 439 576 mederi.
454 548 492 576 Ita
508 558 597 585 neque
616 551 656 578 lex
673 559 801 586 suprema
817 553 1001 587 promulgata,

211 600 262 619 nec
280 599 371 620 tamen
388 595 492 630 absque
512 596 642 624 remediis
662 597 756 624 relicta
773 603 816 625 est
832 599 934 630 anima,
952 607 1001 633 pro

208 645 260 672 qua
272 639 398 666 Christus
408 645 449 667 est
463 647 588 669 mortuus
601 651 607 669 :
623 643 711 670 ethoc
725 644 855 671 nimirum
868 652 955 679 usque
968 645 1001 672 ad

210 685 345 720 synodum
360 687 540 714 orthodoxam
559 697 565 714 :
587 697 642 723 quo
665 694 786 724 tempore
799 695 826 717 et
854 698 915 725 qua:
930 695 1003 717 recte

207 735 295 764 coepta
309 730 421 762 fuerint.
432 733 684 766 comprobahuntnr
694 743 701 762 :
711 739 739 762 et
750 742 811 769 qua:
821 742 902 763 secus
914 738 1000 769 gesta,

206 776 374 810 rejicientur.
391 777 423 804 Et
438 783 479 811 est
502 779 559 807 Italo
586 781 654 807 ratio
675 781 700 807 in
721 781 817 815 primis
834 781 889 809 Deo
913 786 1001 816 grata,

206 821 251 855 qui
276 822 333 849 vult
347 823 437 850 salvos
464 824 523 851 ﬁeri
538 833 633 852 omnes
649 834 656 852 :
674 831 776 860 quanto
791 827 878 861 magis
891 835 939 854 eos
953 827 999 862 qui
1017 840 1037 867 Β

205 868 238 894 ad
256 870 424 902 poenitentiae
438 871 588 898 remedium
603 877 751 899 accurrunt
764 873 775 899 ?
788 873 834 907 qui
853 872 904 899 fert
920 880 999 907 opem

206 921 259 941 una
275 922 336 942 cum
352 923 384 942 eo
409 917 455 951 qni
474 916 596 944 fraterno
623 917 721 945 allectu
754 926 865 945 manum
893 919 1001 949 tendit:

204 961 251 995 qui
267 961 418 989 collaborat
433 963 457 990 ei
487 963 532 998 qni
555 963 691 998 iacentem
708 964 798 998 erigit.
828 964 903 991 lllius
929 964 1003 991 enim

204 1014 235 1033 ea
255 1014 306 1034 vox
323 1011 385 1035 est:
414 1007 607 1042 Consolantiui,
637 1010 824 1041 consulamini,
841 1010 1000 1043 sacerdotes,

203 1051 328 1085 populum
347 1061 458 1080 meum:
475 1053 615 1090 loquimini
636 1055 670 1081 ad
697 1064 775 1082 aures
792 1054 944 1082 Jerusalem
966 1056 1000 1073 ⁸⁸·

203 1097 273 1130 Quid
297 1103 338 1126 est
352 1099 425 1127 aliud
442 1108 526 1135 porro
548 1102 710 1134 consolatio,
728 1110 810 1136 quam
824 1102 1000 1130 adversario-

203 1152 264 1172 ruin
280 1146 463 1178 conservatio,
479 1151 506 1174 et
527 1154 622 1174 eorum
650 1148 696 1182 qui
712 1148 746 1175 dc
761 1149 805 1176 via
827 1148 999 1181 deﬂexerint.

207 1198 257 1226 per
284 1192 475 1225 paenitentiam
506 1193 662 1220 emendatio
678 1194 690 1220 ’ἰ
707 1193 811 1221 Deinde
830 1195 863 1221 ad
889 1202 937 1222 eos
953 1195 1000 1230 qui

204 1243 376 1272 peccaram:
393 1238 459 1266 Cum
486 1247 604 1266 reuersus
634 1240 803 1275 iugemueris,
819 1245 881 1267 tunc
909 1241 1000 1268 salvus

204 1282 268 1314 eris,
280 1288 304 1310 et
320 1292 386 1310 scies
399 1284 444 1310 ubi
462 1284 544 1318 [ueris
560 1285 593 1312 ³¹.
607 1284 640 1312 Ει
660 1293 768 1313 rursum
785 1295 792 1312 :
810 1286 903 1313 Adhuc
917 1287 999 1314 verba

208 1337 319 1363 precum
337 1330 457 1362 loquente
473 1336 507 1362 te,
523 1330 590 1358 licet
603 1340 612 1358 :
637 1324 703 1359 Ecce
716 1332 808 1359 adsunt
822 1332 855 1359 ⁴⁰.
876 1333 909 1359 Ει
921 1333 1000 1360 auxi-

206 1375 285 1402 liator
297 1380 338 1403 est
354 1383 452 1404 eorum
478 1379 524 1412 qui
557 1383 779 1405 convertuntura
798 1379 839 1405 via
858 1379 927 1406 mala
945 1387 953 1405 :
970 1383 998 1405 et

205 1429 283 1448 ovem
311 1422 482 1457 deperditam
514 1423 636 1451 humeris
654 1424 723 1451 tollit
741 1430 786 1452 :et
818 1425 899 1452 donec
921 1425 999 1452 hodie

205 1469 406 1503 cognominatur
426 1469 448 1486 δι
475 1489 482 1502 ,
498 1470 666 1505 paenitentia;
699 1471 897 1499 medicamenta
927 1479 997 1507 prte-

205 1515 251 1542 bet
268 1524 275 1542 :
292 1520 319 1543 et
346 1515 479 1543 latronem
510 1521 651 1544 momento
680 1517 811 1552 temporis
831 1517 864 1544 ad
890 1516 1032 1550 paradi-c

206 1569 265 1588 sunt
280 1561 412 1589 admisit:
429 1566 456 1589 et
476 1569 604 1598 magnum
620 1562 741 1594 Petrum,
767 1563 815 1597 qui
830 1570 893 1590 eum
914 1570 997 1598 nega-

206 1612 259 1640 rat,
276 1612 337 1642 post
347 1615 471 1647 amarum
485 1608 578 1635 ﬂetum
599 1609 701 1643 recepit
717 1617 723 1635 :
741 1617 772 1636 ac
786 1609 889 1638 Davidi.
906 1609 998 1648 perin-

205 1653 239 1680 de
252 1661 284 1681 ac
302 1653 324 1681 si
342 1654 411 1681 nihil
437 1658 588 1688 peccasset,
615 1655 765 1690 prophetia:
780 1655 879 1682 iterum
895 1656 996 1682 donum

206 1698 346 1733 impertiit.
370 1699 508 1733 Quorsum
527 1708 592 1728 vero
621 1701 716 1727 attinet
743 1700 822 1736 plura
853 1708 998 1736 suggerere

205 1746 340 1780 exempla,
361 1753 394 1772 ac
423 1753 578 1773 sermonem
606 1746 788 1780 protrahere?
805 1745 943 1782 Benignus
956 1750 999 1772 est

208 1791 236 1818 in
263 1799 311 1818 eos
343 1791 391 1826 qui
411 1799 475 1826 erga
506 1798 654 1819 conservos
679 1799 745 1819 suos
763 1791 899 1826 benigni:
925 1791 996 1818 etin

205 1844 253 1864 eos
268 1844 378 1864 severus
403 1837 450 1872 qui
475 1837 706 1864 immisericordcs
719 1837 884 1864 exstiterint.
897 1836 998 1870 Quam-

204 1884 297 1911 obrem
317 1891 405 1918 poena
417 1891 478 1918 quae
493 1883 521 1910 in
538 1883 666 1918 praesenti
686 1883 854 1918 penduntur,
872 1884 994 1911 remedia

206 1935 290 1957 sunt:
306 1938 359 1958 non
375 1935 404 1957 ut
430 1931 585 1957 reverentia
601 1935 647 1957 tua
661 1930 732 1957 male
742 1930 834 1964 jocata
851 1935 903 1963 est,
922 1931 996 1958 absit

205 1979 279 2004 etum
310 1977 365 2004 tale
392 1975 547 2003 convicium
567 1985 575 2003 :
593 1983 683 2010 neque
704 1983 736 2004 ea
764 1984 826 2011 qua“.
853 1982 995 2012 geruntur,

205 2022 398 2049 scandalorum
415 2021 507 2054 initia,
525 2021 573 2049 sed
595 2012 666 2049 veras
681 2022 824 2050 charitatis
838 2029 997 2058 argumenta

205 2073 279 2095 sunt.
298 2068 343 2094 Ait
363 2067 437 2094 enim
455 2066 586 2095 Dominus
602 2076 608 2094 :
631 2066 723 2095 Talem
739 2068 896 2095 charitatem
922 2077 996 2096 nemo

204 2113 291 2146 habet,
311 2118 339 2140 tu
350 2113 467 2140 animam
480 2121 556 2140 suam
566 2118 646 2149 ponat
661 2115 719 2149 quis
733 2123 780 2149 pro
792 2115 884 2142 amicis
894 2116 949 2142 suis
962 2115 994 2143 ".

239 2246 361 2273 Posuere
385 2245 468 2281 igitur
497 2247 605 2274 animas
629 2255 693 2275 suas
708 2247 807 2275 medici
820 2255 870 2282 pro
887 2248 920 2275 iis
948 2248 996 2283 qni
1014 2253 1034 2281 υ

203 2294 319 2328 egebant
341 2293 481 2320 curatione
497 2313 505 2323 .
526 2293 604 2328 juxta
631 2301 725 2322 verum
754 2302 908 2322 sermonem
925 2304 932 2322 :
948 2302 1001 2322 nec

203 2339 302 2366 divinae
315 2338 528 2373 dispensationis
544 2345 726 2367 mercaturam
754 2340 878 2368 fecerunt
894 2340 997 2368 Christi

203 2384 395 2420 negotiatores.
410 2385 449 2412 Ac
465 2385 582 2420 populus
604 2385 650 2413 Dei
670 2386 790 2421 quotidie
813 2391 974 2422 repurgatur
990 2395 997 2413 :

202 2434 230 2456 et
249 2430 348 2457 domus
378 2430 444 2457 Saul
465 2430 628 2459 decrescens
658 2431 802 2459 imminuta
815 2437 856 2460 est
871 2441 878 2460 :
896 2433 997 2460 domus

202 2482 293 2504 autem
310 2477 393 2504 David
423 2478 512 2513 major
533 2476 630 2505 eﬂ‘ecta
650 2481 677 2505 et
696 2478 871 2512 amplilicala,
888 2485 998 2514 semper

203 2523 230 2550 in
254 2523 352 2551 melius
373 2523 530 2557 proliciente
564 2524 681 2551 sanitate
697 2523 730 2550 ⁸³.
758 2523 810 2550 Sed
836 2523 909 2551 enim
929 2524 994 2559 quid

203 2573 293 2602 optas,
306 2569 348 2596 vir
372 2569 489 2604 egregie,
505 2569 548 2596 his
577 2569 750 2603 temporibus
781 2570 995 2604 przevalcscente

204 2614 312 2647 haeresi,
328 2622 360 2642 ac
373 2615 466 2642 divino
480 2618 610 2649 pereunte
624 2615 744 2650 opiﬁcio,
759 2615 863 2642 nullum
884 2616 992 2650 uspiam

203 2660 339 2688 medicum
359 2660 499 2688 inveniri?
523 2661 627 2688 nullam
656 2669 718 2689 esse
733 2662 857 2689 medendi
884 2663 994 2689 artem?

204 2714 258 2734 non
276 2706 389 2742 praeberi
399 2715 472 2735 caeco
488 2715 598 2734 manum
613 2707 625 2734 ?
641 2715 696 2735 non
720 2707 812 2734 sanari
835 2712 966 2742 ingratum
983 2708 994 2733 ?

204 2760 259 2780 non
283 2753 339 2782 indi
360 2753 465 2782 vulneri
486 2753 670 2782 lineatnentnn
687 2754 699 2780 ?
715 2761 769 2780 non
785 2753 991 2789 c'audumcrigi

239 2813 260 2828 "
278 2812 361 2840 Hebr.
382 2821 410 2843 ν,
430 2812 454 2839 1.

205 2856 245 2880 Ill,
266 2848 307 2875 I5.
364 2849 385 2864 "
400 2847 479 2876 Joan.
497 2855 541 2881 xv,
560 2847 603 2874 15.
654 2848 676 2863 ⁸⁸
691 2847 710 2874 ΙΙ
728 2847 782 2883 [ἴε-κ
811 2855 850 2881 ut,
872 2848 893 2874 Ι.

810 124 840 154 S.
854 124 1052 156 TIIEODORI
1074 126 1250 157 STUDIT/E

1773 124 1831 157 i508

1054 185 1224 219 τριοπαθεῒν
1236 193 1267 212 τε
1281 184 1452 219 δυνάμει·ον
1466 183 1530 217 τοῖς
1544 183 1692 218 ἀγνοοῦσι
1705 183 1752 210 καὶ
1765 185 1831 210 πλα-

1054 231 1199 266 νωμένοις
1210 239 1217 247 ο
1236 228 1267 257 οὗ
1281 231 1298 266 ἡ
1312 230 1456 265 ἐγκύκλιος
1480 229 1609 264 ἐπιστολὴ
1627 228 1698 255 κατὰ
1712 229 1759 264 τὴν
1769 228 1831 255 δεδο-

1057 277 1143 311 μένην
1159 276 1234 312 αὐτῷ
1249 276 1374 309 ἐξουσίαν
1390 276 1442 302 ὑπὸ
1456 275 1504 302 τοῦ
1519 275 1677 309 Πνεύματος
1691 284 1700 308 ;
1712 274 1741 305 ὃς
1754 275 1832 310 εἰῇδει

1055 322 1083 347 ὲν
1107 323 1161 354 τοῖς
1175 322 1327 356 γινομένοις
1351 321 1485 356 ἔκθεσμόν
1508 329 1534 347 τι
1546 320 1595 347 καὶ
1619 320 1649 346 οὗ
1676 319 1832 350 λυσιτελοῦν,

1055 369 1165 400 πάντως
1179 369 1211 402 δὴ
1226 368 1377 402 ἐφθέγξατο
1394 367 1427 394 τὰ
1439 367 1542 394 εἰκότα.
1579 366 1648 393 Ἀλλ’
1677 366 1769 400 ἐπειδὴ
1790 366 1834 401 ὁρᾷ

1055 413 1259 450 ἐπικρατοῦσαν
1272 413 1323 449 τὴν
1335 412 1441 448 αἰρεσιν
1451 433 1458 445 ,
1475 413 1523 439 καὶ
1539 412 1622 439 στενὰ
1651 411 1833 447 ἀμφοτέρωθεν

1055 460 1245 495 παριστάμενα
1257 468 1264 475 ·
1279 459 1371 486 εἴασεν
1386 458 1511 490 ἅπαντας
1531 459 1594 490 τοὺς
1605 457 1834 492 προθυμουμένους

1055 506 1147 533 ἰᾶσθαι
1160 506 1194 533 τὰ
1216 506 1391 540 συμπεσόντα
1422 505 1575 539 νοσήματα,
1600 503 1638 534 ὡς
1656 503 1769 534 ἕκαστος
1785 501 1835 536 ἔχει

1053 552 1210 587 δυνάμεως,
1244 550 1272 578 εῦ
1296 551 1380 578 ποιῶν
1409 551 1423 577 ὁ
1445 550 1673 580 θεσπεσιὼτατος.
1705 548 1749 579 Ὡς
1775 549 1835 582 μήτε

1053 597 1215 632 νομοθεσίαν
1231 595 1302 623 εἶναι
1315 596 1345 623 τὸ
1360 595 1533 630 τελούμενον,
1551 594 1620 629 μήτε
1648 594 1702 628 μὴν
1727 593 1835 627 ἀσθερά-

1053 653 1153 672 πευτον
1176 644 1267 679 ψυχὴν
1290 644 1360 679 ὑπὲρ
1376 640 1410 679 ἦς
1425 642 1540 678 Χριστος
1556 641 1687 672 ἀπέθανε,
1712 639 1836 671 καταλιμ-

1053 690 1187 718 πάνεσθαι
1204 698 1211 706 ·
1261 690 1307 716 καὶ
1337 689 1415 716 τοῦτο
1449 688 1551 723 δηλαδὴ
1576 687 1671 722 μέχρις
1703 685 1835 721 ὀρθοδόξου

1053 737 1175 763 συνόδου⁸
1186 736 1305 772 ὁπηνίκα
1314 735 1400 762 καὶτὰ
1412 734 1501 766 καλῶς
1510 733 1675 770 ὑπηργμένα
1684 731 1836 767 ἐγκριθήσε-

1051 790 1097 808 ται
1107 791 1114 798 ·
1130 782 1177 809 καὶ.
1190 782 1224 808 τὰ
1238 781 1322 813 ἄλλως
1335 780 1432 815 ἔχοντα
1443 778 1727 814 ἀποδοκιμασθήσεται
1737 783 1745 792 ο
1758 776 1837 803 καὶτὸ

1053 829 1171 863 πρᾶγμα
1185 827 1245 863 Θεῷ
1265 826 1412 862 προσφιλὲς
1429 826 1470 852 ὅτι
1485 825 1615 860 μάλιστα,
1632 824 1661 856 ὃς
1676 824 1727 859 ἐρᾷ
1740 823 1836 851 πάντας

1056 873 1211 906 σώζεσθαι·
1227 873 1264 908 μὴ
1276 873 1318 899 ὄτι
1331 881 1362 905 γε
1375 873 1439 903 τοὺς
1457 870 1496 906 τῷ
1522 871 1574 906 τῆς
1600 869 1744 905 μετανοίας
1771 877 1836 902 φαρ-

1057 920 1137 956 μάκῳ
1175 919 1416 954 προστρέχοντας;
1455 916 1484 948 ὃς
1509 917 1556 943 καὶ
1585 915 1776 949 συνεπικουρεῖ
1800 913 1836 948 τῷ

1052 965 1224 1000 φιλαδέλφως
1247 966 1327 1000 χεῖρα
1352 963 1496 999 ὀρέγοντι,
1525 963 1572 990 καὶ
1600 961 1775 996 συνανίστησι
1801 960 1837 994 τῷ

1054 1009 1238 1045 συνεγειροντι
1252 1009 1298 1036 τὸν
1322 1009 1472 1044 κάμνοντα.
1500 1007 1588 1034 Αὐτοῦ
1603 1007 1657 1043 γὰρ
1673 1008 1749 1041 φωνή
1763 1006 1817 1031 ἐστι
1828 1011 1834 1017 ·

1051 1055 1265 1090 Πῳακαλεῖτε,
1281 1054 1493 1088 παρακαλεῖτε,
1514 1055 1541 1080 οἱ
1559 1051 1672 1087 ¹ὶςτμεροῐς,
1687 1052 1742 1079 τὸν
1763 1050 1836 1078 λαόν

1048 1110 1108 1137 μου
1127 1110 1134 1116 ·
1159 1100 1316 1134 λαλήσατε
1329 1102 1372 1133 εις
1385 1100 1421 1127 τὰ
1435 1097 1495 1127 ὦτα
1524 1098 1735 1134 Ἰερουσαζήμ.
1766 1095 1797 1123 Τί
1816 1094 1837 1121 δ’

1050 1148 1083 1175 ἂν
1107 1147 1172 1175 ἄλλο
1202 1149 1244 1184 εἴη
1272 1148 1289 1183 ἠ
1325 1147 1509 1183 παράκλησις.
1535 1146 1551 1182 ἦ
1575 1147 1592 1181 ὴ
1622 1145 1676 1172 τῶν
1701 1144 1838 1177 ἀνθέστη-

1051 1194 1137 1220 κότων
1153 1194 1329 1228 συντήρησις,
1340 1193 1387 1220 καὶ
1401 1192 1455 1219 τῶν
1473 1191 1666 1227 ἐκτραπέντων
1686 1190 1732 1217 διὰ
1756 1197 1838 1224 μετα-

1050 1240 1124 1271 νοίας
1138 1239 1345 1274 ἐπανόρθωσις
1363 1235 1429 1265 Εῐτα
1453 1237 1522 1273 πρὸς
1540 1238 1604 1269 τοὺς
1626 1236 1819 1272 ἡμαρτηκότας
1831 1242 1837 1249 ’

1050 1285 1145 1312 Ὅταν
1159 1285 1366 1320 ἀποστραφεὶς
1382 1284 1542 1318 στενάξῃς,
1559 1283 1625 1310 τότε
1639 1282 1777 1316 σωθήσῃ,
1792 1280 1838 1308 καὶ

1050 1332 1151 1367 γνώσῃ
1172 1332 1231 1360 ποῦ
1243 1331 1334 1368 ἦσθα,
1348 1331 1400 1359 Καὶ
1412 1329 1490 1363 αὖθις
1499 1339 1507 1347 ο
1525 1331 1588 1357 Ἔτι
1603 1337 1663 1357 σου
1676 1329 1713 1356 τὰ
1723 1328 1839 1363 ῥήματα

1049 1378 1104 1413 τῆς
1123 1378 1299 1412 προσευχῆς
1313 1377 1494 1410 λαλοῦντος,
1516 1376 1593 1411 ἐρεῖ·
1613 1375 1690 1403 Ἰδοὺ
1710 1374 1838 1409 πάρειμι.

1049 1425 1105 1451 Καὶ
1124 1423 1222 1459 βοηθός
1237 1425 1296 1450 ἔστι
1317 1423 1372 1449 τῶν
1387 1421 1613 1458 ἀποστρεφόντων
1635 1420 1689 1447 ἀπὸ
1710 1420 1771 1447 ὁδοῦ
1794 1427 1839 1445 πο-

1049 1471 1156 1507 νηρᾶς·
1180 1470 1228 1497 καὶ
1263 1469 1294 1496 τὸ
1318 1469 1527 1504 πεπλανημένον
1553 1467 1690 1502 πρόϐατον
1715 1466 1764 1493 ἐπὶ
1787 1465 1838 1492 τῶν

1049 1517 1132 1551 ὤμων
1146 1516 1219 1551 αἴρει
1231 1523 1238 1530 ·
1258 1515 1306 1541 καὶ
1329 1514 1416 1549 ἄχρις
1431 1511 1467 1541 οὗ
1490 1513 1523 1541 τὸ
1543 1513 1678 1548 σήμερον
1696 1512 1838 1542 καλεῖται,

1049 1563 1082 1589 τὰ
1095 1562 1144 1597 τῆς
1162 1560 1306 1597 μετανοίας
1320 1561 1456 1595 φάρμακα
1474 1559 1652 1595 προστίθησν
1667 1559 1716 1585 καὶ
1730 1559 1778 1585 τὸν
1795 1558 1840 1593 λῃ-

1050 1608 1115 1641 στὴν
1133 1608 1162 1634 ὲν
1178 1607 1228 1642 μιᾷ
1251 1605 1348 1640 καιροῦ
1374 1607 1444 1641 ῥοπῇ
1471 1605 1519 1632 τοῦ
1536 1605 1699 1641 παραδείσου
1724 1604 1839 1639 ἠξίωσε·

1048 1653 1096 1681 καὶ
1108 1653 1154 1680 τὸν
1170 1653 1257 1688 μέγαν
1271 1651 1373 1687 Πέτρον
1384 1651 1573 1687 ἀρνησάμενον
1583 1650 1624 1686 τῷ
1634 1650 1729 1685 πικρῷ
1741 1649 1839 1676 κλαυθ-

1050 1699 1093 1735 μῷ
1122 1699 1279 1734 προσήκατο
1295 1706 1302 1713 ·
1329 1698 1377 1724 καὶ
1407 1697 1447 1732 τῷ
1473 1696 1577 1729 Δαυῒδ,
1600 1696 1638 1727 ὼς
1667 1695 1731 1730 μηδ’
1752 1693 1841 1722 ὁτιοῦν

1049 1746 1251 1781 ἀμαρτήσαντι,
1266 1744 1349 1771 πάλιν
1362 1743 1393 1770 τὸ
1409 1745 1458 1779 τῆς
1474 1743 1643 1779 προφητείας
1661 1742 1753 1778 ἐνίησι
1766 1741 1842 1778 χάρι-

1050 1800 1117 1827 σμα.
1130 1791 1186 1819 Καὶ
1199 1790 1226 1817 τι
1241 1790 1282 1817 δεῖ
1294 1789 1329 1817 τὰ
1341 1790 1428 1829 πολλὰ
1442 1789 1651 1826 παραδείγματα
1666 1788 1842 1822 ὑποφαίνειν.

1048 1838 1096 1865 καὶ
1115 1837 1246 1873 μηκύνειν
1267 1837 1313 1863 τδν
1329 1837 1427 1871 lvi-rev;
1445 1837 1492 1863 καὶ
1504 1836 1621 1871 χρηστός
1642 1836 1717 1862 ἑστιν
1739 1835 1770 1861 ἐν
1789 1835 1843 1864 τοῖς

1049 1884 1117 1920 πρὸς
1140 1884 1204 1915 τοὺς
1228 1882 1392 1918 ὁμοδούλους
1415 1881 1653 1918 χρηστευομένοις,
1678 1881 1728 1907 καὶ
1745 1879 1844 1907 ἀπότο-

1049 1939 1098 1965 μος
1118 1930 1148 1956 ὲν
1167 1930 1223 1961 τοῖς
1243 1928 1444 1964 ἀσυμπαθέσιν.
1458 1925 1497 1954 Οἶ)
1513 1927 1607 1954 εἵνεκα
1623 1928 1651 1953 αἱ
1671 1927 1803 1961 ἰατρεῖαι,
1816 1923 1845 1951 αι

1049 1975 1184 2011 int-stula:
1197 1975 1268 2002 κατὰ
1280 1975 1325 2001 τὸν
1338 1974 1461 2009 παρόντα
1475 1973 1569 2009 χρόνον
1590 1972 1754 2007 τελούμεναι
1771 1979 1779 1987 ·
1796 1970 1844 2005 οὐχ

1047 2021 1085 2054 ὡς
1099 2022 1115 2057 ἡ
1128 2021 1253 2057 τιμιότης
1267 2028 1313 2046 σου
1326 2018 1540 2054 κεκωμῴδηκεν,
1551 2018 1641 2052 ἄπαγε
1652 2017 1704 2052 τῆς
1720 2017 1845 2052 βλασφη-

1049 2066 1124 2103 μίας,
1141 2066 1201 2093 οὐδὲ
1219 2065 1375 2092 σκανδάλων
1397 2064 1530 2100 παραίτια
1548 2063 1583 2090 τὰ
1609 2062 1742 2098 γινόμενα
1753 2083 1760 2094 ,
1787 2059 1845 2089 ἀλλ’

1047 2113 1178 2150 ἀληθινῆς
1205 2112 1316 2147 ἀγάπης
1343 2111 1493 2146 τεκμήρια.
1521 2110 1589 2144 Φησὶ
1612 2109 1667 2143 γὰρ
1690 2108 1706 2134 ὁ
1730 2107 1844 2142 Κύριος,

1051 2159 1196 2192 Teum}th
1209 2157 1332 2193 ἀγάπην
1346 2156 1445 2188 οὐδεὶς
1456 2156 1530 2190 ἔχει,
1545 2155 1595 2181 ἵνα
1607 2163 1651 2187 τις
1665 2153 1725 2188 τὴν
1737 2153 1846 2188 ψυχὴν

1046 2202 1140 2229 αὑτοῦ
1151 2201 1189 2236 θῇ
1204 2201 1281 2235 ὑπὲρ
1300 2200 1360 2227 τῶν
1374 2200 1472 2235 φίλων
1485 2199 1592 2226 αὐτοῦ.

1086 2247 1213 2274 Τιθέασιν
1225 2245 1271 2274 οὖν
1287 2247 1335 2278 τὰς
1351 2246 1439 2281 ψυχὰς
1453 2245 1543 2272 αὐτῶν
1559 2245 1631 2281 ὑπὲρ
1643 2245 1698 2271 τῶν
1715 2252 1847 2280 ιατρευο-

1056 2293 1145 2328 μένων
1161 2294 1185 2320 ot
1213 2292 1372 2327 ἀκέστορες,
1392 2292 1464 2318 κατὰ
1483 2291 1530 2318 τὸν
1559 2291 1649 2325 ἀληθῆ
1672 2291 1755 2325 λόγον
1768 2300 1775 2306 υ
1795 2291 1847 2317 οὐκ

1050 2339 1266 2374 ἐμπορευόμενοι
1284 2339 1334 2374 τὴν
1355 2338 1495 2374 θεόκριτον
1514 2337 1671 2373 οἰκονομίαν
1685 2338 1724 2369 ὡς
1737 2338 1844 2373 Χριστ-

1050 2385 1177 2422 έμποροι.
1195 2386 1250 2413 Καὶ
1273 2386 1287 2411 ὁ
1301 2385 1365 2416 λαὸς
1389 2384 1435 2411 τοῦ
1455 2383 1521 2411 Θεοῦ
1535 2384 1672 2420 ὁσημέραι
1687 2383 1845 2410 ἀνακαθαί-

1052 2439 1128 2466 ρεται
1143 2439 1150 2447 ·
1171 2431 1218 2458 καὶ
1231 2431 1245 2457 ό
1258 2428 1331 2462 οἶκος
1346 2430 1432 2457 Σαοὺλ
1447 2430 1570 2457 ἀσθενῶν
1585 2430 1743 2465 ἠλάττωται
1757 2438 1764 2444 ·
1782 2431 1797 2456 ὸ
1817 2429 1845 2456 δι

1048 2475 1122 2509 οἶκος
1136 2477 1218 2503 Δαυῒδ
1242 2476 1462 2512 μεγαλυνόμενος
1489 2475 1645 2510 ἐπηύξηται
1658 2484 1665 2491 ·
1685 2475 1719 2502 ὲκ
1744 2475 1845 2502 τούτου

1048 2525 1089 2555 εἰς
1110 2522 1189 2550 τοῦτο
1219 2522 1455 2558 μεταταττομένου
1479 2522 1527 2548 τοῦ
1552 2521 1727 2556 ἀνοσήματος
1759 2520 1844 2557 ιῦοιι.

1049 2568 1115 2603 Reg.
1127 2567 1354 2604 ἁνασφὴλαντος
1378 2568 1460 2594 Ἀλλὰ
1474 2568 1500 2595 τί
1510 2567 1626 2603 βούλοιο,
1640 2565 1663 2594 ὢ
1680 2567 1826 2603 θαυμάσιε
1836 2575 1844 2583 ·

1047 2615 1076 2640 ἐν
1089 2613 1228 2645 τοσούτοις
1257 2615 1363 2649 χρόνοις
1385 2613 1591 2649 ἐπικρατούσης
1611 2613 1661 2648 τῆς
1687 2613 1840 2648 αἱρέσεως,

1047 2659 1094 2686 καὶ
1112 2659 1258 2695 όλλυμένου
1270 2659 1317 2686 τοῦ
1333 2659 1406 2686 θείου
1419 2659 1589 2695 πλάσματος,
1613 2659 1652 2694 μὴ
1666 2658 1845 2694 ὁπτανθῆναι

1049 2708 1140 2742 ἰατρόν
1168 2707 1195 2734 τί
1218 2714 1288 2739 nou;
1307 2706 1346 2742 μὴ
1372 2704 1442 2734 εἶναι
1464 2705 1667 2740 θεραπευτικάς
1685 2705 1843 2740 μεθόδουςς

1049 2754 1088 2790 μὴ
1111 2755 1350 2791 χειραγωγῃοῆναι
1377 2753 1586 2790 τυφλώττοντας
1617 2753 1652 2779 αἱ·
1670 2752 1843 2786 ὑγιασθῆναι

511 2813 535 2829 ³⁸
556 2812 607 2840 lsa.
630 2821 674 2843 ιι,
699 2813 707 2839 l
729 2820 760 2839 ex
778 2810 858 2839 LXX.
897 2813 983 2841 "Isa.

1052 2822 1076 2846 ς,
1102 2814 1135 2841 15
1154 2822 1184 2842 ex
1195 2813 1276 2840 LXX.
1315 2813 1338 2830 ⁸ο
1356 2813 1407 2841 lsa.
1425 2818 1500 2844 ulna
1516 2812 1571 2840 θοι
1589 2810 1670 2838 LXX.
1708 2810 1731 2824 δ’
1753 2809 1841 2836 llrhr.
