1912 3080
86 131 147 167 una

670 144 936 180 EPISTOLARUM
967 151 1037 180 LIB.
1062 151 1101 180 Il.

1630 154 1698 187 1510

82 187 297 245 νολσνὶλεέομεῖρῊ
323 191 361 228 μὴ
399 194 555 231 μοτωθῆναι
583 201 838 237 τραυματιζόμενον

913 210 941 233 ut
957 227 959 230 μ
974 211 1048 234 recto
1082 208 1149 242 pede
1174 209 1282 236 incedat
1307 209 1388 237 ?non
1414 210 1487 245 quod
1525 210 1696 238 confractum

81 233 115 270 μὴ
132 233 311 284 ὀρθοποδῆσαι
334 238 505 275 χωλεύοντας
535 242 574 278 μὴ
600 233 856 284 καταδεσμευθῆναί

80 280 294 332 συντριςόμενονὲ
315 284 353 319 μὴ
373 285 575 323 ἐπιστραφῆναι
600 280 855 332 πλανώμενονίμὴ

78 326 141 352 κατὰ
152 327 204 353 πᾶν
219 328 308 355 ὁτιοῦν
330 330 436 366 νόσημα
456 332 572 360 καθόσον
593 333 649 362 οἷόν
665 326 702 364 τε
717 326 856 374 ἐσκιαγωνίἐ

78 372 166 399 σασθαι
182 373 227 399 τὸν
245 376 475 411 προαιρούμενον;
493 379 623 415 Καίτοιγε
638 383 747 418 ὁρῶμεν
760 372 856 419 ἐντοῖς

76 417 124 443 τῶν
139 419 271 453 σωμάτων
288 421 390 455 ἰατροῖς
416 424 518 460 πολλὴν
535 425 586 461 τὴν
609 417 782 463 ἐπιμέλειαν,
808 417 855 459 καί

76 463 153 490 πολλὰ
161 465 196 490 τὰ
213 466 324 500 ίατήρια
339 476 346 482 '
362 469 409 495 καὶ
420 469 449 501 ὃς
462 470 512 504 μὲν
522 472 607 505 τόνδε,
619 473 649 505 ὃς
668 473 697 500 δὲ
718 476 792 502 τόνδε
809 479 855 504 ὲκ-

76 509 239 558 Ξεχείρισται
255 511 419 547 θεραπεύειν
430 522 436 528 ·
451 516 498 541 καὶ
513 517 573 543 οὐδὲ
588 519 602 544 ὁ
626 519 655 544 ἐν
669 520 747 554 τάξει
771 521 852 558 [(ΣοιΙ.

76 553 135 587 Reg.
154 556 264 592 στάσει]
284 558 422 594 ὑπηρέτου
442 564 683 598 κατατεταγμένος
701 566 854 595 κεκώλυται

75 603 226 634 χειραπτείν
243 603 314 631 κατὰ
328 604 377 640 τὴν
387 606 501 633 ἐνοῦσαν
526 609 620 641 αὐτοῖς
646 611 770 647 ἰατρικὴν
791 614 853 640 ἐπι-

68 645 185 695 στήμην,
199 647 420 695 ῆ-προῦχουσαν,
437 652 453 687 ἢ
477 653 666 691 ὑφισταμένην
690 645 767 692 [Cod
787 660 852 695 Heg.

75 689 240 729 ὑφειμένην].
258 695 314 720 Καὶ
328 695 502 733 καθεκάστην
518 700 542 725 οἱ
559 689 774 735 συγκύπτοντες,
805 689 853 732 κᾶι

73 735 180 770 πλήρεις
193 738 222 763 αἱ
240 739 350 770 τούτους
365 741 560 777 ὑποδεχόμεναι
579 745 667 773 ἑστίαι
680 755 687 762 ·
703 749 749 774 καὶ
764 749 853 781 οὐδεὶς

73 783 230 816 κατεγκαλεῖ
255 785 304 820 τὴν
326 787 487 822 ἐπιμέλειαν
504 797 510 803 ·
529 791 590 817 οὐδὲ
603 794 778 820 καταιτιᾶται
806 795 851 821 τὸν

73 830 130 862 περὶ
143 828 192 864 τὴν
208 831 330 866 ιατρείαν
359 834 667 871 σπουδαιολογούμενον.
697 838 778 865 Ἀλλὰ
802 841 850 866 καὶ

73 874 233 910 αρώταρχοι,
245 877 292 903 καὶ
300 878 455 914 ἁρχιητροὶ,
465 882 512 908 καὶ
523 882 612 916 μέσοι.
629 884 676 910 καὶ
685 884 847 917 τελευταῖοι.

72 919 113 954 τὴν
136 921 328 956 φιλάνθρωπον
349 925 468 959 δρῶντες
493 929 661 963 οἰκονομίαν.
677 930 710 957 Εἰ
733 931 761 958 δὲ
790 932 848 958 ἐκεῖ

71 965 146 997 οὕτως
159 975 166 982 ·
189 967 279 1003 πολλῷ
293 969 427 1005 δήπουθεν
443 973 471 998 ἐν
486 974 543 1005 τοῖς
568 975 638 1002 κατὰ
654 975 756 1011 ψυχὴν,
776 978 848 1004 κατὰ

71 1011 95 1037 τὴ
109 1012 248 1046 ἀνάλογον,
264 1014 354 1042 πάντα
371 1017 418 1042 καὶ
432 1018 529 1052 ὁρᾶται
557 1020 605 1046 καὶ
629 1020 733 1054 ὀφείλει
756 1023 848 1056 γίγνε-

72 1058 135 1104 σθαι.
145 1058 204 1104 Kal.
215 1059 229 1084 ὁ
246 1060 386 1104 κωλύσων,
405 1061 513 1098 λυμεών
529 1074 570 1096 τις
584 1066 630 1092 καὶ
647 1067 736 1099 κοινὸς
749 1069 847 1104 ἐχθρὸς

70 1100 109 1149 τοῦ
121 1102 225 1149 γένους,
238 1103 276 1135 ὡς
287 1105 325 1140 τῷ
339 1106 386 1132 ἀπ’
407 1108 495 1143 ἀρχῆς
512 1109 731 1147 ἀνθρωποκτόνῳ
750 1100 847 1149 συνερζ

128 1146 330 1183 λογισθήσεται.
346 1151 396 1183 Ob,
411 1154 488 1187 φησὶ,
508 1156 631 1182 τοιοῦτον
645 1157 675 1183 τὸ
688 1146 823 1194 ἡμέτερον
839 1168 845 1174 ⁸

70 1192 118 1218 ἀλλ’
129 1194 218 1221 ὲκετνο
230 1196 414 1232 πυνθάνομαι,
435 1200 476 1226 ὅτι
505 1201 530 1227 εί
546 1203 560 1228 ὁ
576 1202 680 1237 Κύριος
694 1203 744 1238 τὴν
763 1192 843 1240 μετά-

69 1246 134 1264 νοιαν
153 1242 336 1277 παρατροπὴί
348 1241 432 1271 οὖσαν
447 1246 496 1281 τῆς
511 1248 559 1274 τοῦ
576 1249 682 1278 δικαίου
701 1253 847 1287 ἀκριὸείας

68 1283 105 1333 tiu
119 1285 147 1333 τὸ
160 1286 265 1333 ἀγαθὸν
273 1289 303 1314 οὺ
318 1289 471 1326 τεθάῤῥηκε
485 1292 646 1328 δωρεῖσθαι,
660 1298 725 1333 πρὶν
739 1283 846 1325 ’πᾶσαν

68 1329 237 1368 ὀφειλομένην
255 1335 312 1365 τοῖς
329 1336 375 1362 τοῦ
391 1337 498 1365 δικαίου
517 1340 649 1375 σταθμοῖς
669 1329 699 1370 τὲ
729 1345 776 1371 καὶ
799 1346 845 1377 ζυ-

69 1377 127 1408 γοῖς,
143 1377 177 1404 δι’
198 1379 296 1405 ἑαυτοῦ
313 1382 479 1410 καταθέσθαι
500 1385 608 1413 δικαίαν
623 1390 760 1425 τιμωρίαν
775 1400 783 1408 ·
803 1394 846 1424 τίς

68 1422 193 1474 τολμηρὸς
209 1424 256 1474 καὶ
271 1425 461 1474 υπερήφανος,
476 1430 505 1463 ὃς
519 1422 661 1469 ἐπιτρέψει
685 1422 776 1474 ἑαυτῷ
796 1422 845 1474 ita;

68 1468 166 1495 τάνοιαν
181 1470 343 1506 καθαρίζειν
357 1474 414 1500 τῶν
430 1476 630 1513 ἀρνησαμένων
649 1482 695 1509 τοῦ
713 1468 844 1521 Σωτῆρος

69 1513 136 1547 ἡμῶν
146 1515 319 1566 ῗὶριστοῦῌτὰ
334 1520 405 1556 ὑπὲρ
422 1522 502 1557 ἡμῶν
519 1525 687 1561 παθήματα·
706 1530 743 1566 μὴ
775 1513 844 1566 έῷἀξ

68 1567 136 1594 τερον
144 1561 255 1589 ἅπασαν
268 1563 372 1592 ἔκτισιν
386 1567 534 1597 ἀποδοῦναι
549 1573 582 1607 τῇ
595 1573 642 1599 τοῦ
654 1561 760 1603 δικαίου
772 1561 845 1604 ἁπα-

69 1607 168 1644 ραΰάτῳ
177 1611 332 1648 αὑστηρίᾳ;

95 1666 212 1715 φεῦ-τοῦ
228 1670 367 1706 τολμηροῦ
389 1673 436 1700 καὶ
472 1674 606 1703 ἀσυνέτου
631 1679 843 1715 προὸλήματοςῑ

69 1711 126 1738 [Mrta
139 1710 229 1740 ὦπται
246 1716 259 1741 ὁ
280 1716 398 1751 Χριστὸς
418 1719 468 1754 τὴν
496 1710 844 1759 μετάνοιαν-εὐαγγελιζο-

69 1766 153 1792 μενοςς
171 1761 239 1787 πότε
252 1761 293 1796 τῷ
316 1764 497 1802 παραλυτικῷ
521 1769 615 1805 εἴρηκε
626 1779 633 1788 ο
660 1771 779 1804 Θάρσει,
795 1773 844 1799 τέ-

67 1812 140 1855 em,
160 1806 312 1855 ἀφέωνται
325 1816 375 1836 σοι
404 1812 435 1838 αι
457 1813 597 1848 ἁμαρτίαι
620 1824 694 1848 σου;
713 1818 780 1845 Πότε
807 1821 840 1855 τῇ

65 1850 182 1902 δικριξοις
199 1852 336 1902 βρεχούσῃ
349 1857 437 1894 πόρνῃ
451 1860 515 1892 τοὺς
529 1860 618 1893 θείους
640 1863 749 1900 πόδαςή
770 1850 839 1902 αὺτῆ

67 1899 234 1945 συγχώρησις
245 1900 407 1936 δεδώρηται,
429 1905 635 1941 ἐπιπλήττουσι
661 1909 772 1945 Σίμωνα
797 1899 842 1939 τὸν

66 1941 218 1980 ἑπιάτορα;
243 1947 312 1974 Πότε
332 1950 371 1985 τῷ
397 1951 427 1977 ὲν
450 1951 578 1988 ἀσθενείᾳ
601 1941 797 1993 κατακειμένῳ
816 1960 845 1986 ἐν

65 1992 202 2024 τριάκοντα
220 1995 268 2022 καὶ
292 1996 364 2023 ὀκτὼ
392 1997 481 2024 ἐτεσιν
508 1999 617 2034 εἴρηται
632 2009 640 2016 ·
670 2002 731 2029 Ἴδε
755 1992 845 2039 ὑγιὴς

65 2037 190 2074 γέγονας,
204 2042 310 2075 μηκέτι
326 2043 478 2078 ἁμάρτανε
491 2053 498 2060 '
517 2046 568 2073 ἵνα
581 2047 625 2081 μὴ
638 2048 740 2083 χεῖρόν
751 2037 843 2078 τίσοὶ

65 2083 175 2129 γένηται
193 2095 202 2103 ·
219 2087 257 2119 ὡς
284 2088 314 2121 ἐξ
329 2090 469 2125 ἁμαρτίας
492 2091 594 2128 δηλαδὴ
622 2094 670 2129 τῆς
700 2094 845 2129 ἀσθενείας

65 2128 263 2169 ἐπισκηψάσης;
283 2135 350 2162 ἀλλὰ
367 2136 435 2163 ἄττα
450 2139 499 2164 οὐκ
523 2137 653 2175 εὔκαιρον
681 2128 844 2175 ὑποφαίνειν

65 2175 256 2223 ἀνελιττομένῳ
274 2181 440 2217 θεοσημείας
462 2184 530 2220 ἔργα
544 2194 551 2201 ·
576 2186 692 2221 πότερον
714 2188 768 2223 πρὸ
794 2189 843 2216 τοῦ

908 256 950 279 est
966 252 1087 288 colligari
1102 254 1113 280 ’ἶ
1131 262 1185 282 nou
1202 260 1300 282 contra
1325 256 1472 291 quemlibet
1497 257 1624 284 morbum
1649 265 1698 292 pro

907 298 978 326 virili
989 299 1130 328 decertare
1144 308 1206 328 eum
1221 301 1268 336 qui
1285 301 1376 329 facere
1391 302 1416 329 id
1432 302 1519 336 possit
1533 302 1544 329 ?
1560 301 1592 329 Et
1604 302 1697 337 utique

907 344 935 371 in
952 345 1066 373 medicis
1083 353 1228 381 corporum
1258 347 1405 374 maximam
1433 347 1600 382 diligentiam
1617 348 1697 375 adhi-

906 392 1012 424 bemus,
1036 399 1069 420 ac
1088 393 1286 420 medicamenta
1314 394 1443 428 plurima.
1458 393 1491 421 Et
1517 395 1561 422 hic
1584 395 1695 429 quidem

905 436 998 470 istum,
1016 437 1100 465 alium
1116 438 1166 466 iste
1179 439 1333 466 curandum
1350 439 1485 473 suscipit:
1499 447 1586 474 neque
1601 440 1649 475 qui
1667 441 1694 467 in

905 483 1002 510 ordine
1024 484 1215 512 ministrorum
1242 491 1372 512 censetur
1386 505 1394 518 ,
1413 485 1558 513 admovere
1583 493 1694 513 manum

904 530 1085 564 prohibetur,
1114 531 1190 565 juxta
1208 539 1267 559 eam
1291 539 1372 566 quam
1400 532 1480 559 callet
1500 537 1585 560 artem
1607 532 1695 560 rnedi-

905 576 999 608 candi,
1026 576 1085 603 sive
1107 577 1294 609 excellentem,
1313 577 1372 604 sive
1396 577 1566 606 inferiorem.
1582 577 1615 604 Et
1630 583 1695 605 sunt

904 622 1027 656 quotidie
1043 622 1089 656 qui
1106 623 1218 649 vulnera
1237 623 1400 657 inspiciam,
1415 627 1441 650 et
1460 624 1545 658 plena:
1557 628 1621 650 sunt
1634 631 1695 658 qtae

905 667 956 694 hos
973 668 1114 702 excipiunt
1127 669 1198 695 aedes
1222 677 1229 695 :
1248 677 1297 696 nrc
1312 669 1456 704 quisquam
1471 669 1638 704 diligentiam
1652 677 1695 696 re-

902 713 1056 747 prehendit.
1074 718 1121 740 aut
1144 719 1255 741 accusat
1274 722 1334 741 eum
1347 715 1395 749 qui
1418 716 1529 743 medicae
1543 716 1594 743 arti
1606 716 1695 750 perdi-

902 758 1009 785 scendae
1031 759 1077 785 dat
1097 766 1220 793 operam.
1236 760 1288 787 Sed
1302 766 1329 787 et
1345 761 1482 795 principes
1505 768 1537 788 ac
1563 761 1692 796 praecipui

901 805 1078 839 medicorum,
1093 811 1120 833 et
1134 806 1294 838 mediocres,
1307 812 1334 834 et
1352 807 1448 838 inﬁmi,
1474 807 1582 842 plenum
1599 807 1695 834 huma-

901 850 996 878 nitatis
1009 851 1171 886 obsequium
1194 851 1331 879 deferunt.
1351 851 1429 884 Quod
1445 852 1467 879 si
1481 852 1517 892 ita
1529 859 1558 879 se
1578 859 1622 878 res
1638 851 1695 878 illic

867 896 886 923 Β
901 897 983 925 habet
1002 906 1008 925 :
1029 899 1116 925 multo
1143 899 1237 926 verius
1265 899 1359 933 utique
1382 899 1408 925 in
1434 898 1467 925 iis
1487 906 1547 933 quae
1572 898 1692 925 animam

899 948 1029 978 spectant,
1057 945 1234 980 proportione
1260 945 1317 972 ﬁeri
1344 945 1437 972 omnia
1465 949 1492 972 et
1525 944 1652 971 videntur
1667 949 1695 971 et

899 997 1010 1017 necesse
1029 995 1084 1017 est.
1097 991 1135 1018 Ac
1153 990 1176 1018 si
1192 991 1253 1025 quis
1271 991 1459 1025 prohibuerit,
1482 991 1595 1017 humani
1613 997 1693 1025 gene-

899 1037 938 1064 ris
958 1037 1002 1064 ille
1018 1037 1102 1072 pestis
1117 1037 1241 1072 quaedam
1258 1041 1285 1064 et
1314 1038 1470 1064 communis
1487 1037 1574 1064 hostis
1595 1043 1693 1064 cense-

898 1083 972 1111 bitur
988 1103 995 1115 ,
1022 1089 1152 1119 tanquam
1177 1084 1202 1111 ei
1231 1084 1277 1119 qui
1302 1085 1336 1111 ab
1360 1083 1438 1111 initio
1463 1084 1599 1111 homicida
1626 1082 1691 1113 fuit.

898 1130 1084 1157 consentiens.
1102 1129 1159 1157 Non
1179 1130 1237 1162 sic,
1260 1130 1360 1164 inquis,
1384 1134 1484 1156 nostrae
1505 1137 1550 1157 res
1568 1129 1690 1162 habent;

897 1175 946 1202 sed
967 1175 1032 1202 illud
1048 1183 1113 1210 rogo
1129 1185 1135 1203 :
1151 1175 1175 1202 si
1195 1175 1328 1202 Dominus
1354 1175 1553 1210 penitentiam,
1569 1182 1630 1210 quae
1642 1174 1690 1202 de-

898 1220 980 1247 fectio
995 1225 1036 1248 est
1058 1221 1092 1248 ab
1105 1225 1201 1248 exacta
1215 1221 1321 1256 justttia
1337 1226 1364 1248 et
1378 1222 1478 1247 virtute
1489 1241 1496 1253 ,
1512 1220 1690 1255 quantumvis

897 1267 1116 1294 commendanda
1130 1267 1175 1299 sit,
1187 1287 1195 1299 ,
1211 1275 1266 1294 non
1290 1274 1373 1294 ausus
1389 1271 1430 1294 est
1446 1267 1557 1302 praemio
1577 1266 1690 1299 donare,

897 1316 1046 1347 antequam
1063 1313 1182 1340 debitam
1200 1313 1306 1340 meritis
1321 1320 1429 1347 pmnam
1448 1319 1556 1339 omnem
1569 1312 1603 1339 ad
1621 1312 1692 1347 juris

896 1362 923 1386 et
946 1359 1016 1394 aequi
1027 1359 1157 1386 trutinam
1173 1367 1205 1387 ac
1217 1364 1343 1387 stateram
1357 1367 1405 1393 per
1429 1366 1459 1386 se
1478 1367 1536 1393 ipse
1552 1359 1690 1386 solveret:

897 1405 959 1439 quis
978 1405 1067 1432 audax
1084 1405 1152 1432 adeo
1163 1413 1195 1432 ac
1214 1405 1378 1432 temerarius
1394 1425 1402 1438 ,
1421 1405 1468 1439 qui
1492 1405 1544 1432 hoc
1558 1404 1611 1432 sibi
1633 1405 1692 1439 ipse

897 1453 1019 1483 arroget,
1044 1454 1075 1476 ut
1090 1449 1279 1484 penitentiam
1305 1450 1402 1476 tollere
1426 1449 1490 1475 velit
1508 1455 1621 1481 eorum,
1644 1448 1690 1482 qui

896 1496 1027 1524 toleratos
1051 1503 1066 1523 a
1088 1495 1198 1523 Christo
1224 1495 1367 1522 Servalore
1394 1499 1488 1522 nostro
1513 1498 1624 1529 propter
1641 1502 1692 1522 nos

895 1543 1033 1571 cruciatus
1049 1546 1183 1578 negarunt
1194 1551 1202 1576 ;
1212 1541 1264 1569 nisi
1279 1542 1354 1577 prius
1367 1549 1449 1569 omne
1460 1542 1581 1569 debitum
1596 1541 1692 1569 exsol-

897 1589 985 1616 verint
999 1609 1007 1622 ,
1029 1589 1063 1616 ad
1090 1592 1214 1616 exactam
1246 1591 1273 1616 et
1297 1588 1480 1616 inviolabilem
1501 1587 1600 1616 summi
1620 1587 1692 1622 juris

896 1635 982 1670 legem
993 1635 1005 1662 3

932 1682 1004 1709 Proh
1029 1681 1119 1708 audax
1148 1685 1176 1709 et
1203 1680 1365 1709 inconsultae
1391 1682 1492 1711 mentis
1513 1682 1658 1718 qua-situm
1681 1683 1688 1709 ι

858 1754 861 1759 .
896 1731 1075 1766 Quandonam
1088 1731 1165 1757 visus
1175 1733 1218 1757 est
1231 1730 1358 1758 Christus
1381 1732 1568 1766 paenitentiam
1584 1739 1691 1758 annun-

897 1778 968 1804 tians
983 1775 1182 1810 lQuandonam
1210 1775 1360 1811 paralytico
1383 1776 1451 1803 dixit
1467 1784 1475 1804 :
1497 1776 1624 1812 Con/ide,
1638 1778 1691 1812 ﬁliv

896 1823 1068 1850 remittuntur
1081 1820 1128 1848 tibi
1139 1825 1247 1855 peccata
1258 1826 1303 1848 tua
1312 1821 1335 1837 ⁸⁵
1345 1822 1356 1848 ?
1367 1821 1483 1855 Quando
1492 1823 1516 1850 ei
1533 1830 1593 1858 qua;
1603 1823 1691 1860 lacry-

898 1868 950 1894 mis
965 1868 1072 1895 divinos
1085 1867 1168 1902 pedes
1185 1867 1294 1902 rigavit,
1313 1868 1407 1895 eadem
1424 1873 1529 1896 asserta
1545 1869 1623 1897 venia
1635 1876 1689 1911 est,

897 1922 959 1943 cum
984 1915 1198 1950 reprehensione
1223 1914 1344 1943 Simonis
1371 1916 1418 1950 qui
1446 1916 1574 1944 convivio
1600 1917 1689 1952 ipsum

896 1967 1041 1997 exceperat
1059 1961 1103 1988 ⁸³⁸2
1122 1960 1237 1994 Quando
1254 1962 1279 1989 ei
1296 1962 1415 1997 quierat
1432 1962 1458 1990 in
1474 1962 1630 1991 inﬁrmitate
1642 1971 1691 1999 po-

896 2008 965 2036 situs
979 2008 1013 2035 ab
1037 2007 1117 2035 annis
1138 2012 1201 2035 octo
1217 2012 1242 2035 et
1255 2008 1365 2043 triginta
1382 2029 1389 2041 ,
1405 2009 1508 2036 dictum
1534 2015 1576 2038 est
1591 2019 1599 2037 :
1621 2010 1691 2038 Ecce

896 2061 977 2080 sanus
996 2053 1083 2088 factus
1095 2061 1132 2085 es,
1148 2054 1209 2088 jam
1235 2053 1290 2081 noli
1304 2063 1412 2089 peccare
1427 2063 1437 2082 :
1454 2063 1485 2082 ne
1506 2057 1622 2083 deterius
1640 2057 1689 2084 tibi

897 2099 997 2134 aliquid
1008 2100 1142 2134 contingat
1157 2100 1181 2116 “
1195 2109 1202 2127 :
1215 2105 1347 2136 tanquam
1360 2094 1418 2128 orta
1433 2101 1556 2131 videlicet
1577 2111 1611 2130 ex
1626 2111 1691 2139 pec-

895 2149 957 2172 cato
972 2145 1132 2180 aegritudine
1149 2146 1161 2173 ?
1179 2146 1283 2174 Caetera
1295 2167 1303 2180 ,
1323 2155 1382 2182 qua:
1399 2147 1621 2183 intempestivqu
1652 2151 1690 2178 sit

896 2198 1043 2227 suggerere
1062 2191 1162 2219 divina:
1175 2193 1285 2221 virtutis
1304 2200 1386 2228 opera
1400 2194 1576 2228 pervolventi,
1596 2201 1687 2223 utrum

66 2222 167 2276 πάθους,
183 2225 200 2260 ἥ
214 2227 285 2260 μετὰ
302 2227 332 2254 τὸ
349 2229 448 2263 πάθος;
466 2231 497 2257 Εἰ
511 2231 539 2258 δὲ
559 2232 642 2258 πᾶσιν
664 2222 775 2269 εὔδηλον
796 2236 844 2262 καὶ

900 2242 960 2265 ante
990 2238 1144 2272 passionem
1166 2242 1240 2273 gesta
1269 2245 1343 2271 sunt,
1363 2247 1397 2267 an
1420 2244 1481 2274 post
1507 2242 1690 2276 passionem?

65 2266 284 2306 ὗμολσγούμενον.
305 2273 344 2300 ὅτι
375 2276 428 2310 πρὸ
451 2276 498 2303 τοῦ
529 2278 642 2310 πάθους,
673 2279 769 2317 ὥσπερ
794 2283 842 2309 καὶ

64 2314 119 2346 τοὺς
149 2317 278 2353 μαθητὰς
301 2319 483 2354 ἀπεσταλκὼς
509 2323 615 2350 δίδωσιν
635 2314 773 2358 ἐξουσίαν,
788 2326 842 2355 πᾶ-

65 2366 121 2409 σαιῖ
129 2363 224 2390 νόσον
237 2365 287 2392 καὶ
315 2366 419 2394 πᾶσαν
436 2369 588 2402 μαλακίαν
609 2372 785 2405 θεραπεύειν
797 2382 803 2390 ·
823 2374 840 2409 ἢ

65 2412 101 2436 τις
110 2406 151 2454 an:
163 2409 212 2444 τῆς
225 2409 280 2437 τῶν
292 2413 518 2448 προσευχομένων
530 2412 609 2449 [(Σοιι.
638 2416 704 2452 lleg.
723 2406 842 2454 11900159;

66 2452 191 2490 κομένωνι
222 2457 367 2491 μετανοίας
391 2460 437 2485 καὶ
456 2459 642 2494 ὺποπτώσεως
667 2463 818 2500 ἐδεδώρητο
832 2475 839 2482 ·

66 2496 126 2547 ﬁt?)
145 2501 271 2547 τολμηρὰ
287 2503 399 2536 γλῶσσα
412 2505 636 2542 ὲπιφθεγγομένη
654 2509 691 2544 μὴ
706 2496 841 2547 τεθαρρη-

66 2543 133 2570 κέναι
144 2546 272 2581 Χριστὸν,
285 2549 340 2583 πρδ
353 2549 401 2576 τοῦ
412 2552 477 2585 πρὶν
486 2553 577 2579 πᾶσαν
592 2553 775 2590 ὀφειλομένην
784 2559 842 2588 τοῖς

66 2588 106 2614 τοῦ
124 2590 229 2619 δικαίου
247 2594 376 2629 σταθμοῖς
397 2604 426 2622 τε
440 2597 489 2623 καὶ
509 2597 603 2632 ζυγοῖς
619 2600 652 2626 δι’
668 2601 765 2628 ἑαυτοῦ
790 2611 840 2628 κα-

66 2634 186 2663 ταθέσθαι
214 2638 324 2666 δικαίαν
351 2642 508 2678 τιμωρίαν·
538 2646 686 2673 κάντεῦθεν
711 2648 840 2683 ἐπιτιμᾷν

68 2682 114 2712 τοῖς
128 2682 175 2717 τῆς
190 2688 339 2719 μετανοίας
364 2689 576 2725 ἁναδεξαμένοις
593 2692 643 2728 τὴν
660 2694 818 2729 οἰκονομίαν
832 2704 838 2710 ε

68 2725 97 2757 ὡς
109 2729 251 2766 τολμηροῐς
276 2734 322 2759 καὶ
338 2734 529 2771 ὑπερηφάνοις
543 2746 550 2753 ·
570 2739 606 2773 μὴ
621 2725 760 2776 πρότερον
770 2740 842 2767 ᾶπα-

70 2779 110 2798 σεν
124 2775 267 2805 datariam:
284 2779 334 2815 τὴν
350 2781 709 2821 τοῦ“δικαίου¹αὺατηρίαν;
731 2787 747 2822 ἢ
763 2787 842 2822 δῆλον

102 2863 120 2878 ⁸⁸
135 2864 227 2895 Matth.
248 2875 285 2902 ιι,
306 2869 333 2897 2.
372 2870 393 2887 ⁸⁵
409 2870 474 2900 Luc.
491 2880 538 2906 vn,
556 2873 599 2902 Η.
637 2875 658 2891 ⁵⁸
674 2875 752 2903 Joan.
771 2883 795 2908 ν,
811 2876 852 2904 Η.

895 2282 973 2315 Quod
991 2283 1013 2310 si
1031 2283 1205 2311 manifestum
1233 2286 1360 2314 omnibus
1394 2287 1606 2322 confessumque
1634 2293 1687 2322 est,

896 2333 960 2357 ante
980 2330 1133 2364 passionem
1150 2335 1248 2365 gesta:
1268 2334 1497 2366 quemadmodum
1517 2339 1544 2362 et
1563 2335 1688 2370 discipu-

896 2374 930 2402 lis
949 2382 1020 2410 quos
1046 2375 1132 2408 misit,
1153 2376 1228 2404 dedit
1246 2382 1422 2412 potestatem,
1436 2384 1463 2406 ut
1491 2385 1616 2407 curarent
1631 2389 1688 2408 om-

895 2430 953 2448 nem
972 2421 1126 2457 languorem
1140 2427 1166 2450 ει
1181 2431 1283 2450 omnem
1300 2425 1483 2458 inﬁrmitatem
1495 2425 1534 2454 ’τε
1551 2434 1611 2461 qua:
1625 2435 1687 2462 pro-

895 2472 954 2502 pter
968 2469 1138 2502 precantium
1155 2469 1342 2504 pmnitentiam
1356 2478 1387 2498 ac
1397 2472 1609 2500 submissionem
1622 2473 1686 2501 data

895 2517 937 2540 est
953 2522 960 2540 :
979 2519 1081 2548 quanta
1102 2515 1216 2542 audacia
1232 2521 1274 2543 est
1299 2517 1398 2552 linguae
1413 2518 1537 2551 dicentis,
1559 2527 1612 2547 non
1635 2527 1686 2547 au-

895 2566 957 2586 sum
982 2567 1043 2587 esse
1069 2559 1221 2594 Christum,
1256 2567 1402 2597 antequam
1433 2564 1551 2592 debitam
1581 2566 1688 2595 meritis

896 2613 1004 2640 poenam
1020 2614 1128 2634 omnem
1140 2610 1173 2635 ad
1192 2609 1263 2644 juris
1289 2610 1421 2637 trutinam
1447 2615 1474 2637 et
1493 2616 1621 2639 stateram
1639 2620 1687 2648 per

897 2659 927 2678 se
941 2652 1058 2687 quisque
1074 2653 1192 2681 solveret
1209 2662 1216 2682 :
1231 2659 1314 2690 atque
1325 2655 1428 2683 idcirco
1443 2655 1476 2683 iis
1489 2657 1535 2691 qui
1552 2658 1687 2691 peniten-

895 2697 960 2724 tiam
981 2698 1145 2732 admittunt,
1165 2700 1396 2735 dispensationem
1422 2703 1607 2737 exprobrare,
1625 2708 1686 2730 tan-

898 2749 980 2777 quam
1005 2745 1154 2773 audacibus
1179 2754 1212 2773 ac
1239 2747 1381 2782 superbis,
1403 2748 1454 2775 nisi
1482 2755 1589 2776 omnem
1610 2751 1686 2785 prius

896 2788 966 2822 juris
993 2788 1109 2825 rigorem
1129 2792 1317 2827 expleverint?
1334 2793 1429 2823 Nonne
1457 2794 1515 2824 haec
1543 2795 1687 2824 manifeste

892 2878 913 2894 "
927 2878 1023 2907 Matth.
1038 2888 1064 2914 x,
1076 2881 1102 2908 1.
