1912 3080
115 95 185 128 1513

708 103 983 136 EPISTOLARUM‘
1004 106 1079 136 LIB.
1100 107 1142 138 Π.

1669 108 1739 143 15M

113 152 174 187 Θεῷ
196 161 255 180 σου.
272 154 314 181 Σὺ
329 154 363 181 δὲ
381 156 410 183 τί
424 157 535 190 κρίνεις
560 158 613 184 τὸν
628 159 764 194 ἀδελφόν
783 167 861 193 σου;
880 161 899 194 ἢ

953 161 1087 189 medicum
1111 162 1261 195 uternis"?
1284 162 1418 190 Slnbimus
1442 168 1530 191 autent
1559 172 1648 192 omnes
1676 171 1739 193 ante

112 198 163 225 καὶ
179 199 226 226 ’σὺ
246 201 275 226 τί
296 201 466 236 ἐξουθενεῖς
485 204 539 230 τὸν
561 204 688 239 ιητῆρα;
708 205 824 239 Πάντες
845 205 901 241 γὰρ

112 248 370 281 παραστησόμεθα
392 248 433 281 τῷ
442 249 557 283 ,ϐήματι
582 250 635 277 τοῦ
648 252 788 285 Χριστοῦ,
804 251 838 285 ὃς
852 252 902 279 καί

112 291 236 325 φωτίσει
247 292 283 319 τὰ
304 294 422 326 κρυπτὰ
442 295 495 321 τοῦ
508 296 648 328 σκότους,
666 297 716 323 καὶ
732 297 901 332 φανερώσει

112 337 168 368 τὰς
188 337 308 371 ,ϐουλὰς
339 339 398 365 τῶν
417 340 562 374 καρδιῶν·
574 341 624 368 καὶ
649 344 717 370 τότε
741 344 758 370 ὁ
776 343 901 378 ἔπαινος

111 383 274 417 γενήσεται
286 385 403 419 ἑκάστῳ
420 386 480 413 ἀπὸ
496 388 581 416 Θεοῦ.

153 438 163 454 ε
186 429 298 463 Πάντες,
317 432 410 466 φησὶν,
440 433 628 469 ὑπερσάομιον
648 435 799 463 ἐκτείνουσι
821 437 900 469 πόδα,

112 474 162 500 καὶ
171 475 224 501 τῶν
237 476 267 502 οὒ
280 485 466 515 παρακεχωρη
471 481 559 515 μένων
571 483 772 516 κατατολμῶσι,
785 484 832 511 καὶ
844 486 902 517 τοῖς

113 519 294 555 ὑψηλοτέροις
322 524 534 554 ὲπεκτείνονται.
555 537 564 553 ι
593 528 655 559 Τοῖς
675 529 787 562 οἰκείοις
814 531 901 563 ἑάλως

111 568 236 602 πτεροῖς,
250 568 288 600 ὥς
304 570 355 596 πού
370 579 411 602 τις
425 571 477 606 ἔφη
495 572 550 599 τῶν
564 574 627 606 ἔξω·
642 575 690 610 ἀφ’
701 573 731 602 οὗ
746 576 792 602 καὶ
807 577 822 611 ἠ
836 577 903 610 πρό-

110 612 194 642 τασίς
209 621 265 640 σου.
291 614 362 646 ilo-3;
388 615 442 651 γὰρ
466 619 649 653 τεταγμένος,
670 619 710 651 είς
735 621 856 656 κεφαλὴν
871 620 902 653 ἐξ

110 657 259 690 αὐθαδείας
272 659 370 695 ῇρθης.
390 662 456 694 Ταῖς
469 663 562 695 ἄλλαις
579 664 640 691 δυσὶ
653 666 802 701 προτάσεσι
817 674 898 702 περι-

110 704 224 738 παρεὶς,
239 702 261 731 ὦ
276 708 393 739 γενναῖε,
408 708 489 742 ἑτέρα
508 710 589 736 πάλιν
609 710 747 746 ἔγκλησις·
769 721 778 737 ε
796 712 901 744 Πάντες

109 749 220 782 ἑαυτοῖς
241 751 418 787 ἐπιτρέπουσι
442 754 477 780 τὰ
500 755 571 791 ὗπίρ
584 755 709 791 δύναμιν,
723 757 771 784 καὶ
784 758 900 793 ἥττονας

109 795 242 830 ἡγοῦνται
270 799 333 829 τοὺς
350 799 459 832 ἄλλους·
482 801 529 827 καὶ
554 801 594 835 τῷ
620 801 694 830 λύειν
720 803 767 830 καὶ
790 804 900 840 δεσμεῖν

109 841 237 875 ἀσχέτως
252 843 300 869 καὶ
316 843 442 879 ἀκλήτως
460 846 645 882 ἐπιτρέχουσι·
662 849 710 874 καὶ
735 850 839 882 πάντας
854 859 899 885 φι-
916 845 937 874 Β
951 843 1119 870 arbitrantur
1138 853 1144 870 :

108 885 262 914 λονεικοῦσι
276 889 344 922 πρὸς
359 891 423 922 τοὺς
437 891 554 924 οἰκείους
565 893 655 920 ἕλκειν
670 895 763 927 πόδας·
777 896 825 922 καὶ
844 905 899 932 μη-

107 933 175 960 δένα
188 934 281 970 ἕτερον
296 937 341 963 τὸν
351 937 475 974 λύονταῆ
491 937 570 971 εἶναι,
582 941 765 976 ἢνομίζεσθαι
779 943 898 970 θέλουσν

108 979 160 1005 καὶ
177 979 304 1014 φθονοῦσι
321 984 377 1014 τοῖς
395 983 430 1010 τὰ
444 984 532 1012 τοιάδε
547 986 710 1021 πράττουσι·
725 988 773 1014 καὶ
787 988 899 1020 τούτους

110 1025 212 1058 μόνους
226 1026 368 1061 δέχεσθαι,
389 1028 437 1061 οὒς
459 1030 537 1057 αὐτοὶ
553 1031 696 1059 λελύκασι·
721 1035 785 1065 τοὺς
801 1034 830 1060 δὲ
854 1035 898 1069 ὑφ’

108 1069 213 1104 ἑτέρων
238 1073 417 1107 τετυχηκότες
433 1075 618 1111 ἐπιτιμήσεως
631 1097 638 1108 ,
665 1078 897 1114 άτοστρέφεσοαι,

108 1116 160 1142 καὶ
179 1116 315 1149 ὲγκαλεῖψ
337 1119 398 1145 ἐπεὶ
425 1120 462 1156 μὴ
486 1122 553 1156 πρὸς
578 1123 675 1155 αὐτοὺς
700 1124 897 1161 δεδραμήκασι,

108 1161 161 1186 καὶ
179 1162 248 1197 παρ’
262 1163 354 1190 αὐτῶν
378 1165 514 1200 ᾐτήσαντο
540 1167 588 1203 τὴν
605 1168 713 1202 ἄφεσιν.
735 1179 744 1196 ι
766 1171 899 1199 Ἀναπλά-

109 1212 204 1240 σματα
243 1207 364 1240 διανοίας
401 1210 593 1246 δαιμονιὼόους
609 1215 644 1240 τὰ
657 1218 874 1253 κατηγορήματα
889 1239 897 1252 ,

107 1252 159 1278 καὶ
183 1253 215 1279 ὲκ
237 1254 371 1290 φοονερᾶς
411 1258 526 1293 καρδίας
556 1260 591 1286 τὰ
622 1252 823 1298 προὸλήματα’
857 1262 898 1296 οἷς

107 1298 284 1332 ἑπιγελάσειὲ
313 1309 354 1332 τις
380 1303 491 1336 εἰκότως
521 1305 559 1337 ὡς
584 1308 694 1339 παιδιάς
725 1317 818 1342 τινας,
851 1312 899 1338 καὶ

107 1344 219 1378 ὕθλους,
248 1347 295 1373 καὶ
319 1348 474 1384 ἀθύρμαται
487 1351 504 1386 ἢ
535 1352 647 1386 μᾶλλον,
664 1354 780 1390 τάληθὲς
798 1357 897 1390 εἰπεῖν,

107 1391 174 1417 ἐπεὶ
200 1392 295 1428 μηδεὶς
311 1395 377 1429 ἡμῖν
393 1395 423 1428 ἐξ
442 1397 572 1430 ἀπιστίας
591 1400 605 1425 ὁ
628 1401 806 1436 προστρέχων
828 1404 898 1429 κατὰ

107 1436 192 1472 λῆψιν
207 1439 404 1476 ἐπιτιμήσεως,
421 1443 583 1478 μσινόμεθα,
595 1445 664 1480 πρὸς
677 1446 741 1478 τοὺς
754 1447 786 1473 ὲκ
803 1457 899 1475 πεποι-

952 208 1069 235 tribunal
1085 208 1185 236 Christi
1199 209 1263 244 :qui
1278 214 1303 236 et
1319 209 1480 236 illuminnllit
1495 211 1652 238 alvlcaudila
1668 217 1739 239 tene-

951 253 1071 286 brarum,
1087 258 1112 281 et
1125 254 1307 288 manifestabit
1328 255 1441 282 consilia
1457 255 1576 283 cordium
1591 263 1602 283 :
1625 261 1651 284 et
1676 261 1739 284 tunc

951 299 1011 326 laus
1026 301 1077 326 erit
1093 300 1235 335 unicuique
1249 309 1265 327 α
1281 300 1337 327 Deo
1345 301 1377 326 “.

989 438 1000 455 ε
1018 428 1130 462 Omnes.
1147 430 1247 466 inquit,
1263 431 1333 458 ultra
1347 439 1428 466 quam
1444 431 1486 459 fas
1499 436 1541 459 est
1556 432 1651 467 pedem
1667 432 1738 460 infe-

951 481 1026 508 runt,
1040 480 1068 503 et
1088 484 1120 503 ea
1134 476 1265 504 invadunt
1286 485 1347 513 quae
1367 482 1432 504 sunt
1460 479 1568 512 propria
1580 486 1674 505 eorum
1690 479 1737 513 qui

952 529 1006 548 non
1026 528 1241 555 secesserunt,et
1253 524 1284 550 ad
1296 523 1456 551 sublimiora
1473 525 1624 551 enituntur.
1645 534 1654 550 ι
1671 523 1738 552 Proe-

952 567 1019 602 priis
1045 568 1102 602 ipse
1126 568 1177 595 alis
1203 569 1320 603 periisti,
1337 574 1366 596 nt
1391 570 1501 604 quidam
1528 570 1659 604 profanus
1674 570 1736 596 ait:

951 616 1034 647 atque
1049 613 1110 640 inde
1126 615 1277 648 propositio
1291 619 1347 642 tua.
1363 614 1429 642 Nam
1446 623 1507 642 cum
1523 617 1561 643 sis
1576 617 1651 650 pedis
1677 616 1738 643 loco

951 659 1129 690 constitutus.
1146 667 1179 686 ex
1196 661 1350 695 arrogantia
1368 661 1456 688 locum
1474 661 1571 696 capitis
1583 662 1735 696 occupasti.

953 704 1062 732 Duabus
1085 705 1147 732 aliis
1179 706 1411 740 propositionibus
1436 707 1490 734 tuis
1520 707 1671 740 confossis,
1696 708 1737 735 vir

951 750 1068 785 egregie,
1087 758 1197 777 rursum
1217 752 1301 778 altera
1328 752 1386 779 lucc
1409 752 1562 779 criminatio
1580 760 1587 779 :
1605 762 1614 778 ι
1635 751 1737 780 Omnes

951 796 1002 823 sibi
1020 797 1123 831 majora
1139 798 1243 825 viribus
1261 803 1400 832 arrogant.
1415 799 1537 833 aliosque
1550 799 1694 827 inferiores
1708 806 1738 826 se

1166 849 1193 871 et
1217 844 1249 871 ad
1281 845 1442 871 solvendum
1469 845 1663 881 ligandnmque
1678 845 1739 873 sine

953 886 1034 914 modo
1057 887 1123 919 ullo,
1139 888 1199 915 sine
1226 894 1320 916 vocatu
1333 889 1480 917 convolant
1496 899 1502 917 :
1516 895 1542 917 et
1554 898 1650 918 omnes
1675 899 1737 925 per-

953 933 1060 960 trahere
1075 939 1137 961 ante
1151 935 1274 968 proprios
1290 935 1372 969 pedes
1388 936 1550 963 obnitnntur
1564 944 1570 962 :
1585 944 1635 964 nec
1653 937 1736 964 alium

952 986 1117 1014 quemquam
1130 981 1223 1008 volunt
1236 986 1283 1008 aut
1303 989 1364 1009 esse
1377 987 1425 1009 aut
1443 983 1593 1010 existimari
1615 984 1662 1018 qui
1684 984 1738 1011 soi-

952 1029 999 1052 vat
1014 1034 1021 1052 :
1037 1026 1160 1054 invident
1172 1028 1204 1054 iis
1215 1028 1261 1062 qui
1274 1028 1319 1055 illa
1334 1035 1417 1064 agunt
1431 1037 1439 1056 :
1457 1035 1538 1064 atque
1557 1031 1624 1057 adeo
1640 1031 1738 1058 admit-

952 1076 1013 1099 tunt
1039 1080 1087 1100 eos
1110 1073 1254 1107 duntaxat,
1269 1082 1339 1109 quos
1356 1075 1406 1109 ipsi
1425 1075 1567 1102 solverunt
1586 1083 1594 1102 :
1610 1076 1655 1110 qui
1673 1083 1737 1103 vero

953 1122 1018 1145 sunt
1036 1118 1070 1145 ab
1084 1118 1144 1145 aliis
1155 1119 1188 1146 ad
1203 1120 1391 1154 pmnitentiam
1408 1121 1532 1154 admissi,
1547 1121 1580 1149 ad
1596 1121 1647 1149 hos
1657 1129 1738 1150 accu-

953 1165 1054 1192 sandos
1067 1173 1095 1192 se
1108 1170 1269 1193 convertunt
1284 1175 1291 1193 :
1307 1167 1436 1202 quoniam
1455 1167 1488 1195 ad
1508 1167 1582 1202 ipsos
1597 1176 1652 1195 non
1669 1176 1738 1195 con-

953 1211 1093 1244 volarunt,
1110 1219 1159 1238 nec
1177 1212 1212 1239 ab
1229 1212 1296 1247 ipsis
1320 1213 1514 1240 relaxationem
1539 1214 1704 1249 liagitarnnt.
1725 1224 1735 1240 ι

953 1254 1095 1289 Figmenla
1119 1264 1217 1284 sensus
1240 1257 1367 1285 diabolici
1379 1263 1444 1286 sunt
1466 1259 1508 1286 Ine
1522 1259 1736 1292 criminationes.

952 1307 980 1328 et
1000 1301 1084 1329 invidi
1109 1302 1194 1329 animi
1214 1303 1339 1337 quesita,
1354 1312 1414 1338 qua'
1427 1305 1544 1339 quisque
1560 1305 1658 1332 merito
1673 1305 1737 1332 irri-

952 1347 1016 1374 deat
1036 1351 1165 1382 tanquam
1182 1349 1313 1383 quosdam
1330 1350 1417 1383 jocos,
1431 1354 1457 1378 et
1472 1359 1568 1385 nugas,
1583 1351 1714 1386 lususque
1729 1360 1736 1380 :

954 1394 993 1421 vel
1006 1393 1108 1429 potius,
1125 1399 1155 1422 ut
1170 1403 1232 1422 vere
1251 1396 1352 1426 dicam.
1365 1397 1487 1431 quando.
1499 1397 1534 1424 ob
1548 1395 1736 1430 dill’identiam,

953 1447 1034 1467 nemo
1047 1440 1079 1467 ad
1093 1448 1143 1468 nos
1157 1441 1265 1468 advolat
1284 1441 1318 1468 ad
1334 1442 1518 1477 accipiendam
1539 1443 1737 1478 pcenitentiam,

107 1485 219 1518 θήσεως
238 1485 292 1512 τῶν
309 1488 476 1520 προσιόντων
490 1489 709 1525 θεραπεύοντας,
722 1492 858 1528 δαιμόνιόν
873 1504 899 1522 τι

953 1485 1105 1513 insanimus
1131 1488 1262 1514 adversus
1275 1494 1324 1514 eos
1342 1487 1388 1522 qui
1405 1493 1501 1515 sanant
1513 1488 1644 1516 adeuntes
1661 1489 1694 1516 ad
1709 1497 1738 1515 se

107 1529 200 1562 πάθος
212 1531 434 1567 πάσχοντες-,ικαὶ
447 1536 504 1567 τοῖς
516 1536 714 1573 Εἰκονομάχοις
728 1539 761 1566 τὰ
775 1539 822 1567 ἶσα
835 1542 900 1573 τοὺς

106 1576 263 1611 αἰδήμονας
278 1579 499 1615 χαθυΰρίζοντες.

148 1674 159 1691 ε
179 1666 224 1698 Τί,
242 1667 320 1702 φησὶ,
335 1668 366 1695 τδ
381 1666 509 1705 διάφορον
521 1671 573 1706 τῆς
587 1664 777 1709 ἆτροαιρὲεεως
797 1676 900 1712 ταύτης

107 1712 180 1747 πρὸς
194 1713 241 1739 τὸν
253 1714 443 1750 Μανιχαῖσμόν
454 1725 461 1750 ;
476 1717 545 1752 οὐχὶ
558 1719 629 1746 κατὰ
640 1720 813 1756 Μανιχαῖκῆς
826 1723 900 1758 alpe—

108 1767 182 1790 σεως
193 1759 371 1796 ἠγωνίσμεθα
389 1763 437 1788 καὶ
451 1763 540 1797 λόγοις
556 1765 604 1791 καὶ
618 1765 725 1801 ἐργοιςς
743 1767 789 1793 καὶ
806 1767 900 1803 δηλοῦ-

107 1813 137 1831 σι
158 1805 194 1831 τὰ
208 1805 335 1840 ἐγγραφα
359 1809 537 1844 συντάγματα
551 1810 606 1838 τῶν
620 1812 680 1838 κατ’
697 1812 782 1848 αὐτῆς
800 1814 901 1848 ἀγωνι-

108 1851 242 1885 σαμένων
254 1872 263 1884 ,
279 1853 309 1879 ὲν
325 1850 367 1885 οἷς
385 1854 619 1890 άπαραλογίστοις
638 1857 840 1894 συλλογισμοῖς,
853 1860 901 1887 καὶ¹

107 1896 305 1933 ἀκαθαιρέτοις
317 1900 487 1933 ἀποδείξεσιν
501 1902 655 1935 ἀπέδειξαν⁹
670 1904 695 1930 εἰ
709 1905 756 1932 καὶ
775 1905 823 1932 νῦν
838 1906 902 1932 ἑαυ-

106 1943 167 1970 τῶν
195 1945 243 1971 καὶ
268 1945 324 1972 τῶν
342 1946 449 1973 οἰκείων
467 1947 673 1983 ὑπομνημάτων
687 1950 900 1986 ἀμνημονοῦσιν.

111 1991 242 2022 Ἔοικας,
270 1988 293 2017 ὦ
321 1992 424 2027 ἑταῖρε,
452 1993 652 2028 ἀσυλλογίστως
675 1996 899 2032 συλλογίζεσθαι“,

106 2038 162 2064 καὶ
179 2037 256 2069 ἰδίοις
273 2037 414 2073 λογισμοῖς
426 2039 470 2065 ἐπ’
483 2039 611 2076 ἀθετήσει
627 2041 757 2077 ἀληθείας
774 2043 899 2078 στηρίζέ⁸

107 2082 186 2108 σθαι·
204 2082 241 2118 μὴ
258 2082 336 2113 εἰδὼς
349 2084 389 2110 ὅτι
408 2085 444 2111 τὰ
460 2086 670 2122 παραδείγματα
690 2089 746 2119 τοῖς
759 2089 900 2124 πρωτοτύ-

106 2137 175 2160 ποις
193 2129 433 2165 παραϐαλλόμενα,
456 2132 506 2158 οὐκ
523 2133 593 2159 αὐτὰ
613 2135 705 2161 ἐκεῖνα
722 2133 778 2161 εἷεν
800 2135 834 2162 τὰ
852 2136 902 2170 ἁρ-

105 2175 230 2209 χέτυπα·
247 2176 315 2203 ἀλλὰ
329 2177 455 2204 τοσοῦτον
472 2178 568 2214 ἔχοντα
581 2180 612 2205 τὸ
634 2181 703 2215 πρὸς
717 2181 819 2216 ἄλληλα
833 2190 900 2208 ταυ-

106 2221 168 2252 τὸν,
181 2221 245 2247 ὅσον
264 2222 293 2247 τὸ
310 2222 381 2249 κατὰ
401 2223 521 2258 τοῦνομα
536 2225 626 2252 κοινὸν
646 2228 704 2258 τοῖς
719 2227 808 2259 ἄλλοις
822 2228 901 2260 ἔξαλ-

106 2266 257 2294 λὰττοντα.
275 2268 329 2294 Καὶ
344 2268 379 2295 τὰ
399 2269 449 2304 μὲν
464 2270 567 2305 κυρίως
581 2271 749 2306 ώνόμασταιο
766 2273 800 2299 τὰ
825 2273 853 2299 δὲ
870 2275 900 2300 οὐ

106 2314 228 2347 κυρίως·
245 2315 292 2340 καὶ
306 2314 341 2341 τὰ
365 2315 414 2350 μὲν
432 2316 503 2342 κατὰ
516 2317 690 2352 κατάχρησιν
706 2317 842 2345 λέλεκται·
867 2320 901 2346 τὰ

106 2358 141 2384 δὲ
158 2358 229 2384 κατὰ
242 2358 383 2393 ἀλήθειαν.
401 2357 457 2387 οἷον
472 2361 540 2395 φέρε
560 2362 658 2393 εἰπεῖν.
675 2363 721 2390 ἐπὶ
735 2364 784 2398 τῆς
799 2364 902 2396 εἰκόνος

106 2404 235 2438 Χριστοῦ
248 2405 296 2431 καὶ
308 2405 391 2432 αὐτοῦ
404 2407 425 2433 Χ
431 2407 533 2441 ριστοῦ’
545 2408 586 2434 ὅτι
596 2408 610 2434 ὸ
628 2409 678 2443 μὲν
688 2410 760 2436 κατὰ
772 2409 901 2446 ἀλήθειαν

106 2451 232 2486 Χριστὸς
249 2451 297 2478 καὶ
318 2452 374 2479 ἐστι
388 2453 435 2480 καὶ
456 2453 630 2489 ὀνομάζεται·
650 2456 667 2490 ἡ
689 2455 718 2482 δὲ
733 2457 803 2483 κατὰ
819 2457 902 2484 κατά-

106 2505 215 2532 χρησιν
233 2497 294 2531 ἢτοι
314 2498 486 2534 ὁμωνυμίαν.
511 2500 587 2526 Ἐπεὶ
610 2500 659 2527 καὶ
677 2500 782 2532 Παῦλος
800 2502 814 2528 ό
831 2502 902 2537 ίερὸς

132 2542 283 2576 πόστολος,
311 2544 360 2579 τὴν
383 2545 577 2581 φιλαργυρίαν,
601 2546 731 2582 δευτέραν
758 2547 901 2575 εἰδωλολαο

112 2589 209 2625 ερείαν
227 2589 412 2624 ἀπεκάλεσεν,
426 2592 626 2626 αἰτιολογικῶς,
642 2594 689 2620 καὶ
708 2593 779 2621 κατὰ
798 2594 901 2628 ἀναφοι

87 2638 91 2642 ”
107 2637 164 2673 ρὰν
177 2637 385 2672 δμοιωματικὴν
399 2637 449 2672 τῆς
459 2637 543 2674 οὓσης
557 2639 789 2675 εἰδωλολατρείας.
812 2640 856 2673 Ἐξ
871 2635 901 2666 οὗ

104 2683 174 2710 οὐδὲ
195 2682 374 2718 ἑπιτιμητέον
399 2685 456 2716 τοῖς
482 2685 677 2720 φιλαργύροις,
701 2684 739 2717 ὼς
759 2685 902 2713 εἰδωλολά-

107 2736 204 2763 τραιςο
220 2728 282 2754 ἐπεὶ
296 2727 350 2762 ἄρα.
364 2728 506 2763 ὀφείλομεν
534 2729 566 2755 ὲκ
587 2730 634 2756 τοῦ
653 2730 754 2765 κόσμου
773 2729 900 2763 ἐξελθεῖν.

107 2772 172 2800 Νῦν
196 2773 226 2799 δὲ
241 2773 335 2800 πολλοὶ
349 2774 522 2810 φιλάργυροι,
547 2776 594 2802 καὶ
610 2776 698 2812 πάντη
713 2776 902 2813 ἅνεπιτίμητοι

150 2832 174 2847 ³⁵
190 2832 271 2859 ηοω.
287 2839 343 2863 ιιν.
369 2831 413 2859 10.
451 2832 475 2848 ³⁸
487 2833 497 2860 1
509 2832 570 2860 Cor.
583 2841 619 2865 Ir.
633 2834 660 2865 5,
676 2833 703 2861 6.

247 2881 384 2910 ΡΑ-ιτιυι.
405 2881 464 2911 Ga.
487 2880 590 2910 XCIX.

742 2835 765 2851 ¹τ
772 2835 872 2870 Ephes.
887 2845 913 2870 ν,
925 2837 951 2866 ὕ.

950 1539 1012 1559 cum
1029 1532 1138 1565 ﬁducia,
1156 1533 1291 1560 diabolico
1315 1533 1421 1569 abrepti
1448 1534 1514 1561 vitio
1528 1536 1661 1569 quodam.
1679 1536 1737 1570 pari

951 1578 1102 1614 ignominia
1126 1579 1201 1607 viros
1222 1580 1332 1615 [probos
1356 1584 1439 1616 atque
1461 1580 1656 1609 lconomachos
1683 1582 1739 1609 alii-

951 1626 1064 1653 cientes.

988 1680 998 1697 ι
1015 1671 1170 1705 Quodnam,
1188 1672 1287 1707 inquit.
1301 1672 1449 1700 discrimen
1464 1677 1545 1700 sectae
1559 1672 1640 1707 hujus
1655 1680 1669 1699 a
1682 1671 1740 1699 Ma-

952 1718 1094 1745 nichaica?
1105 1718 1200 1746 Nonne
1217 1723 1312 1746 contra
1327 1718 1521 1746 Manichaicam
1538 1719 1663 1746 haeresim
1682 1727 1739 1746 scr-

951 1772 1032 1791 mone
1053 1769 1081 1791 et
1101 1772 1183 1799 opere
1207 1764 1428 1793 decertavimus?
1443 1764 1538 1793 Testes
1559 1770 1624 1792 sunt
1646 1765 1739 1800 scripti

950 1817 1046 1837 eorum
1073 1811 1273 1845 commentarii,
1290 1811 1337 1846 qui
1363 1816 1457 1838 contra
1478 1811 1548 1839 hanc
1563 1811 1740 1844 dimicarunt,

952 1856 979 1883 in
1001 1857 1102 1891 quibus
1124 1857 1236 1885 invictis
1251 1858 1420 1892 argumentis
1442 1863 1470 1885 et
1484 1857 1740 1893 inexpugnabilibus

951 1903 1084 1937 exelnplis
1111 1903 1138 1930 id
1164 1904 1352 1937 ostenderunt,
1372 1911 1527 1939 quanquam
1548 1911 1621 1931 nunc
1638 1908 1702 1931 sunt
1714 1908 1742 1931 et

952 1948 993 1974 sui
1009 1948 1178 1982 ipsorum,et
1186 1950 1358 1985 propriorum
1369 1955 1609 1977 monumentorum
1625 1950 1712 1977 obliti.
1728 1960 1738 1976 ι

954 1994 1096 2027 Videris,o
1111 1996 1181 2023 hone
1195 1997 1248 2027 vir,
1262 1997 1388 2031 imperite
1404 1997 1573 2029 ratiocinari,
1586 2004 1617 2023 nc
1630 1998 1740 2033 privatis

951 2039 1104 2066 rationibus
1129 2040 1162 2066 ad
1184 2039 1389 2074 abrogationem
1407 2041 1530 2068 veritatis
1557 2041 1636 2068 intuiti
1654 2051 1661 2069 :
1678 2050 1740 2069 cum

952 2084 1060 2111 nescias
1080 2085 1202 2119 exempla
1218 2086 1366 2120 prototypis
1376 2086 1493 2119 collata;
1517 2094 1570 2113 non
1599 2087 1656 2122 ipsa
1680 2094 1742 2115 esse

951 2130 1117 2164 exemplaria
1147 2131 1191 2157 illa
1218 2131 1378 2166 primigenia
1404 2141 1410 2158 :
1432 2132 1479 2159 sed
1511 2132 1611 2160 habere
1635 2137 1740 2159 tantum

953 2174 1141 2201 similitudinis
1165 2175 1236 2202 inter
1251 2183 1292 2207 se,
1312 2181 1444 2209 quantum
1467 2184 1498 2203 ea
1518 2184 1578 2211 qme
1594 2184 1741 2204 commune

952 2228 1050 2247 nomen
1076 2221 1255 2254 habent,cum
1271 2222 1377 2248 caeteris
1392 2222 1473 2249 rebus
1485 2223 1621 2249 diii‘erant.
1639 2222 1672 2249 Et
1688 2222 1740 2249 alia

952 2266 1061 2301 quidem
1080 2267 1188 2301 proprie
1201 2268 1335 2303 appellata
1354 2273 1427 2300 sunt,
1445 2269 1498 2296 alia
1520 2274 1610 2296 autem
1636 2270 1740 2304 impro-

952 2313 1011 2348 prie
1026 2321 1033 2339 :
1052 2313 1104 2339 alia
1122 2313 1271 2340 secundum
1287 2313 1448 2340 abusionem
1463 2314 1545 2344 dicta.
1564 2314 1615 2341 alia
1638 2321 1740 2341 secun-

952 2360 1017 2386 dum
1035 2359 1191 2386 veritatem.
1212 2358 1334 2393 Exempli
1347 2360 1445 2394 gratia,
1463 2359 1489 2386 in
1506 2359 1623 2394 imagine
1638 2360 1739 2387 Christi

952 2410 979 2432 et
1001 2405 1060 2440 ipso
1079 2405 1202 2435 Christo,
1222 2405 1272 2431 iste
1292 2405 1400 2438 quidem
1425 2406 1573 2432 secundum
1598 2405 1739 2433 veritatem

952 2451 1077 2478 Christus
1090 2456 1118 2478 et
1129 2454 1172 2478 est
1184 2455 1212 2478 et
1225 2451 1380 2477 nominatur
1394 2459 1401 2478 :
1415 2451 1472 2478 haec
1486 2456 1576 2478 autem
1590 2452 1739 2478 secundum

952 2497 1124 2529 abusionem,
1141 2497 1193 2524 hoc
1213 2500 1254 2523 est
1276 2497 1491 2531 homonymiam.
1512 2496 1739 2531 Quandoquidem

951 2547 979 2570 et
993 2547 1104 2571 sanctus
1116 2543 1370 2578 apostolusi’aulus
1380 2542 1521 2570 avaritiam
1532 2542 1738 2576 nuncupavit".

953 2590 1133 2617 idololatriam
1171 2590 1303 2621 alteram,
1336 2596 1446 2616 causam
1481 2588 1546 2615 dicti
1578 2588 1738 2623 subjiciens,

953 2637 1102 2664 secundum
1128 2636 1289 2664 relationem
1314 2635 1438 2662 videlicet
1466 2634 1653 2662 similitudinis
1676 2642 1738 2662 cum

952 2690 982 2710 ea
999 2690 1060 2717 quae
1074 2690 1137 2709 vere
1150 2681 1304 2710 idololatria
1315 2686 1367 2708 est.
1382 2681 1472 2714 Quare
1486 2687 1539 2707 non
1551 2680 1644 2707 eadem
1660 2687 1739 2714 pcena

953 2729 1043 2755 avaris
1057 2728 1230 2762 imponenda,
1247 2735 1308 2762 quae
1318 2726 1469 2754 idololatria
1483 2734 1491 2752 :
1507 2725 1609 2760 alioqui
1627 2725 1739 2753 debere-

953 2783 1015 2804 mus
1034 2783 1049 2803 θ
1076 2775 1179 2803 mundo
1195 2774 1322 2810 migrare.
1348 2774 1383 2801 At
1415 2779 1487 2800 nunc
1509 2772 1583 2799 avari
1605 2771 1694 2806 multi,
1713 2776 1740 2800 et

1521 2875 1560 2906 b8
