1927 3089
179 119 247 152 ὗῙῦ

774 114 804 144 S.
820 111 1016 143 THEODORI
1034 113 1207 144 STUDIT/E

1742 109 1811 142 1516

178 177 287 208 quidem
312 176 415 212 absque
444 175 545 203 indicta
577 174 645 210 ipsis
671 171 828 207 pmnitentia
851 176 984 205 prorsus,

1040 172 1237 206 αρεωραμὲνοι.
1265 171 1298 198 Ti
1311 168 1358 198 οὖν
1376 171 1479 206 ἀπᾴδον
1494 172 1645 204 κάνταῦθα,
1661 174 1686 199 εἰ
1703 173 1814 199 Εἱκονο-

179 222 276 250 relicti.
288 222 358 255 Quid
375 221 457 255 igitur
470 225 497 248 et
510 221 554 247 hic
567 219 713 249 absonum,
726 217 748 243 si
761 214 970 243 Ieonomachica

181 270 292 295 Iucresis
314 275 376 295 eum
391 267 562 294 Manichaica
578 268 769 299 componatur,
785 265 916 296 quantum
938 259 972 287 ad

180 313 308 348 imaginis
319 312 497 347 aclprototypi
512 311 647 338 rationem
662 317 669 335 :
684 307 810 343 quamvis
822 310 849 333 et
862 304 972 332 Nicmna

181 360 299 387 secunda
328 359 497 386 (ecumenica
517 361 544 385 ei.
558 361 653 385 sancta
667 355 786 391 synodus
803 361 851 381 eos
866 353 913 388 qui
927 360 973 388 per

181 408 252 434 hanc
280 406 405 433 haeresim
432 405 578 439 perierant,
593 412 647 431 non
671 408 801 437 tanquam
821 400 973 428 Manichai-

182 457 276 480 tantes
300 454 435 479 damnans
456 450 593 478 curaverit
619 459 626 476 :
647 453 674 476 et
700 454 871 482 nequaquam
897 445 974 473 obliti

183 499 239 526 sint
255 498 272 525 ii
291 498 337 532 qui
354 504 463 532 operam
480 503 556 523 suam
573 495 704 522 adversus
725 493 890 521 Manieha‘os
906 499 974 519 con-

184 545 314 576 tulerunt,
331 551 360 571 se
374 547 401 570 et
416 549 541 570 sermone
557 545 584 569 et
597 548 678 575 opere
691 544 786 567 contra
802 539 876 574 ipsos
892 537 974 565 dimi-

183 598 271 618 casse.
287 590 404 617 Omnino
428 589 544 623 leipsum
574 586 718 622 igndrasti,
735 592 795 620 qua:
809 584 898 619 culpae
920 590 975 609 non

186 636 334 665 mediocris
347 643 380 662 ac
395 634 516 669 stuporis
534 632 710 668 reprehensio
725 635 777 657 est.

217 681 319 709 Vellem
333 681 426 714 itaque
441 683 468 706 et
497 677 697 713 propositiones
714 674 781 701 alias
805 671 890 700 libelli
905 671 974 698 mul-

187 735 276 756 tarum
288 727 460 762 paginarum,
469 725 495 752 in
503 725 604 759 quibus
616 722 709 749 eadem
722 721 820 747 iterum
831 723 911 753 atque
922 718 978 745 ite-’

188 782 248 801 rum
265 776 434 807 repetuntur,
446 770 572 805 superius
586 766 811 795 commemoratis
819 765 974 796 adnectere;

187 823 214 846 et
227 817 299 854 quod
311 817 418 853 penitus
435 820 509 842 recta
524 815 628 841 ratione
644 812 793 839 confutata:
814 812 870 838 sint
883 814 976 837 osten-

1023 217 1126 260 μαχικὴ
1140 217 1249 253 αἵρεσις
1273 219 1306 253 τῇ
1331 218 1487 253 Μανιχαῖκῇ
1512 219 1725 254 παραϐάλλοιτο,
1750 220 1814 245 ὅσον

1022 264 1082 291 κατ’
1103 264 1207 296 εἰκόνος
1222 264 1270 291 καὶ
1287 264 1467 300 πρωτοτύπου
1481 264 1569 299 λόγον·
1588 265 1656 292 καθὸ
1678 265 1726 292 καὶ
1751 266 1767 300 ἡ
1783 265 1814 290 ὲν

1022 309 1125 345 Νικαῑᾳ
1139 310 1170 336 τὸ
1185 309 1313 345 δεύτερον
1335 311 1514 346 οῐκουμενικὴ
1539 320 1568 338 τε
1595 311 1643 338 καὶ
1661 311 1726 343 ἁγία
1749 311 1815 337 σύν-

1022 355 1091 387 όδος,
1103 355 1165 387 τοὺς
1180 355 1209 381 ὲν
1221 355 1307 391 ταύτῃ
1329 356 1498 389 ἑαλωκότας,
1512 356 1561 392 οὐχ
1579 357 1615 388 ὼς
1626 356 1817 391 Μανιχαϊσαν-

1023 409 1071 432 τας
1093 400 1274 434 ὲπεξελθοῦσα
1297 401 1493 436 τεθεράπευκε·
1521 402 1568 427 καὶ
1589 402 1702 427 οὺτίπου
1724 401 1817 435 ἠμνη-

1025 446 1174 480 μονήκασιν
1189 445 1213 471 οἱ
1227 445 1260 471 τὰ
1284 444 1349 480 περὶ
1373 445 1457 480 αὐτῆς
1476 446 1621 480 πονήματα
1644 445 1817 472 καταῦαλλό-

1026 498 1111 526 μενοι·
1128 490 1176 516 καὶ
1189 490 1278 524 λόγοις
1290 491 1337 517 καὶ
1355 490 1447 525 ἔργοις
1460 491 1520 516 κατ’
1533 491 1617 525 αὐτῆς
1631 490 1819 525 ἀνταγωνισὰ-

1026 545 1114 571 pavet;
1137 536 1290 571 Ἥγνόηκας
1304 536 1327 562 δ’
1341 536 1423 568 αὐτὸς
1439 536 1524 567 ὅντως
1551 536 1660 569 ἑαυτὸν,
1683 537 1697 563 ὃ
1717 536 1819 571 πολλῆς

1025 582 1084 608 ἐστι
1100 581 1269 617 κατηγορίας
1288 581 1336 608 καὶ
1352 582 1518 618 ἁδελτηριας
1533 582 1671 619 ἔγκλημα.

1068 667 1235 702 Ἐὃουλόμην
1254 665 1302 695 οὗν
1324 669 1370 695 καὶ
1390 668 1489 704 ἑτέρας
1505 669 1655 704 προτάσεις
1671 669 1717 695 τοῦ
1736 669 1820 695 πολυ-

1027 713 1133 748 σχιδοῦς
1153 715 1201 740 καὶ
1226 714 1452 748 ταυτολογοῦντος
1468 715 1660 750 γραμματείου
1686 717 1820 741 συνεισοί-

1028 767 1073 785 σαι
1090 761 1148 791 τοῖς
1164 761 1349 795 προλεχθεῖσι,
1368 761 1416 788 καὶ
1435 761 1576 793 ἀποδεῖξαι
1588 763 1676 795 πάντη
1695 761 1724 794 ἐξ
1738 761 1821 796 ὀρθοῦ

1027 806 1107 840 λόγου
1123 806 1319 841 ὲληλεγμένας·
1334 806 1402 833 ἀλλὰ
1417 806 1452 838 ἃς
1472 807 1522 842 μὲν
1539 807 1576 839 ὡς
1593 808 1760 838 ἀλυσιτελεῑς
1774 807 1823 834 καὶ

187 865 268 892 dere:
280 864 327 891 sed
338 863 405 890 alias
414 861 522 897 quidem
532 865 665 895 tanquam
679 858 790 885 inutiles
807 862 834 884 et
846 857 952 890 ineptas
966 864 973 882 :

1040 852 1234 886 ισυναρτήτους
1246 861 1253 869 ·
1274 852 1308 884 ἃς
1324 853 1351 879 δὲ
1369 853 1407 884 ὡς
1419 853 1533 880 αὐτόθεν
1552 853 1667 888 ἐχούσας
1681 853 1726 880 τὸν
1746 853 1824 888 ἐλεγ-

189 910 257 937 aiias
285 917 352 936 vero
372 912 401 934 ut
427 915 488 942 quae
513 907 620 940 seipsas
658 903 802 931 refellant:
829 900 975 928 nonnullas

190 962 280 983 autem
315 960 445 989 tanquam
480 954 615 980 obscuras
638 955 664 978 et.
687 949 828 984 oppositas
854 947 974 979 veritati,

190 1000 295 1036 procul,
312 999 394 1027 veluti
410 999 436 1025 in
458 997 573 1025 Vulcani
595 996 696 1031 ignem,
720 994 849 1027 ahlegans
867 1000 899 1019 ac
912 999 977 1027 pro-

189 1047 297 1082 jiciens.
319 1053 352 1072 ac
373 1045 454 1071 linem
480 1042 588 1070 dicendi
613 1041 726 1072 faciens,
753 1039 825 1067 istud
848 1038 976 1071 adjicio:

191 1091 273 1126 quod,
288 1091 311 1118 si
336 1090 445 1125 quidem
470 1089 577 1115 veniam
603 1092 760 1121 poscamus,
788 1084 861 1118 quod
879 1083 978 1109 incon-

192 1139 308 1164 siderate
326 1141 352 1163 et
370 1136 401 1162 ad
414 1134 581 1162 iracundiam
598 1132 682 1159 Deum
700 1131 846 1162 movimus,
863 1134 889 1156 et
907 1129 978 1155 San-

192 1187 251 1211 etos
272 1182 419 1217 ignominia
435 1180 586 1211 all‘eeimus,
604 1182 631 1205 et
647 1177 821 1205 confessores
839 1174 981 1201 damnavi-

193 1237 265 1260 mus.
285 1233 312 1255 et
330 1227 479 1255 Ecclesiam
497 1225 820 1257 inl‘amavimus;agetur
831 1229 897 1249 sane
910 1227 980 1255 prae-

193 1275 276 1302 clare.
296 1273 344 1300 Sin
368 1273 471 1302 minus.
498 1276 526 1298 at
552 1278 603 1298 nos
622 1275 696 1298 certe
723 1267 841 1295 humiles
870 1272 981 1293 manum

194 1321 235 1348 ori
251 1319 470 1351 admovebimus,
485 1326 536 1346 nec
549 1317 720 1345 sanctitatem
731 1321 804 1341 tuam
820 1313 855 1340 ad
868 1313 982 1340 alteram

195 1366 373 1402 scriptioncm
392 1364 558 1392 exarandum
575 1359 796 1397 provocabimus.

342 1421 456 1450 CLXIII.
470 1435 505 1441 —-
520 1420 654 1447 Theodoro
667 1417 780 1454 patricio
796 1415 839 1445 (‘\.
994 1417 1015 1445 (ζ

1028 904 1076 931 χον
1090 905 1098 913 ·
1117 897 1191 929 ὲνιας
1213 898 1241 925 δὲ
1262 898 1300 930 ὡς
1320 899 1462 930 σκοτεινὰς
1489 899 1536 926 καὶ
1563 900 1718 932 ἀντιθέτους
1741 899 1823 935 [Cod.

1030 943 1098 977 Reg.
1117 943 1284 980 ὰντιδόξους]
1297 945 1330 980 τῇ
1350 945 1474 981 ἀληθείᾳ,
1490 946 1583 981 πάῥρω
1600 954 1651 972 που
1668 946 1825 981 ἁπορῤιψά·

1033 998 1114 1023 μενος
1141 989 1180 1020 ὼς
1208 991 1249 1021 εἰς
1272 991 1329 1025 πῦρ
1352 992 1512 1026 Ἡφαίστου·
1531 993 1577 1018 ἐπὶ
1591 993 1662 1019 τέλει
1682 992 1729 1019 τοῦ
1743 993 1825 1026 λόγου

1032 1037 1120 1062 ἐκεῖνο
1136 1036 1352 1072 ἐπιφθέγγομαι·
1378 1039 1418 1064 ὅτι
1435 1038 1460 1064 εἰ
1485 1039 1534 1074 μὲν
1554 1039 1683 1074 αἰτοῦμεν
1699 1039 1826 1073 συγγνώ-

1035 1090 1088 1116 μην
1102 1101 1109 1114 ,
1133 1082 1177 1116 ἐφ’
1192 1080 1232 1114 οἷς
1260 1083 1405 1118 προπετῶς
1424 1085 1471 1110 καὶ
1498 1085 1564 1111 Θεὸν
1587 1085 1826 1120 παρωργίσαμεν,

1033 1128 1081 1154 καὶ
1105 1129 1200 1162 ἁγίους
1226 1131 1420 1166 ἡτιμήσαμεν,
1445 1132 1494 1158 καὶ
1521 1131 1734 1172 τὴνρμολυγίαν
1759 1141 1828 1158 κατ-

1033 1174 1208 1225 artiori-pem
1219 1195 1227 1207 ,
1244 1175 1292 1201 καὶ
1305 1176 1356 1209 τὴν
1375 1175 1541 1211 Ἐκκλησίαν
1564 1176 1829 1212 δεδυσφημήκαμεν,

1034 1218 1064 1245 εὖ
1078 1218 1115 1270 ⁸ειν
1126 1219 1194 1254 ἔχοι·
1206 1221 1235 1270 τι
1256 1220 1284 1247 δὲ
1301 1221 1349 1270 μη,
1372 1221 1429 1248 ἀλλ’
1444 1222 1524 1257 ἡμεῖς
1545 1230 1577 1256 γε
1596 1222 1621 1248 oi
1640 1223 1765 1249 ταπεινοὶ
1781 1223 1830 1250 ἐπὶ

1038 1266 1154 1299 στόματι
1173 1267 1254 1300 χεῖρα
1282 1266 1473 1301 ἐπιθήσομεν,
1497 1267 1535 1302 μὴ
1559 1267 1756 1302 ἐκκαλούμενοι
1779 1276 1831 1294 σου

1036 1310 1086 1346 τὴν
1103 1311 1232 1346 ὁσιότητα
1262 1313 1302 1344 εις
1321 1312 1451 1347 δευτέραν
1478 1314 1676 1348 γραμματικὴν
1703 1313 1832 1348 προσφώ-

1037 1363 1126 1390 νησιν.

1112 1412 1182 1439 ΡΞΓ¹
1195 1413 1262 1450 (55).
1273 1429 1310 1435 —
1320 1415 1460 1449 Θεοδώρῳ
1480 1415 1633 1450 πατρικίῳ.

851 1471 889 1497 De
906 1469 997 1495 sanctis
1009 1469 1166 1500 imaginibus.

229 1536 268 1564 Ex
285 1534 452 1563 honorandis
472 1531 572 1560 litteris
595 1529 791 1564 conspeximus
823 1523 986 1554 laudatissiv

199 1589 272 1610 mam
287 1580 461 1608 eminentiam
486 1583 560 1605 tuam
575 1597 582 1610 ,
599 1584 632 1603 ex
647 1575 789 1602 auditione
811 1579 876 1599 vero
892 1577 984 1598 rerum

199 1636 269 1663 quas
286 1626 488 1662 signiﬁcabant,
503 1622 640 1658 egregiam
662 1621 784 1648 animam
808 1623 880 1645 tuam
903 1622 987 1651 agno—

200 1674 302 1701 vimus.
315 1671 392 1706 Quod
407 1671 479 1698 enim
494 1677 558 1704 erga
574 1676 624 1696 nos
634 1672 792 1703 peccatores
808 1669 861 1691 tam
873 1661 987 1690 honori-

202 1721 260 1749 Iicis
279 1719 370 1748 verbis
382 1725 450 1746 usus
466 1725 507 1748 cs,
523 1715 651 1751 quodque
673 1713 804 1740 humilem
828 1710 923 1737 faciem
940 1715 989 1735 no-

205 1772 290 1795 stram
306 1765 400 1792 videre
419 1763 569 1794 desideras,
584 1769 617 1788 ac
644 1760 792 1787 salutarem
817 1756 915 1784 deinde
931 1762 989 1782 ser-

204 1820 311 1839 monem
325 1811 420 1838 audire
438 1818 445 1842 ;
463 1807 581 1836 hominis
596 1810 639 1833 est
663 1812 728 1832 vere
744 1812 759 1831 a
784 1803 839 1830 Deo
854 1801 948 1833 alliati,
961 1804 991 1827 et

205 1859 302 1886 animae
315 1859 398 1885 Deum
415 1853 643 1889 concupiscenlis.
661 1851 746 1884 Quam
757 1848 890 1876 mirabilia
898 1851 989 1874 autent

205 1913 287 1940 opera
304 1903 396 1938 magni
418 1906 445 1929 ct
460 1901 544 1928 solius
575 1898 659 1926 nostri
681 1896 901 1924 Christianorum
920 1893 965 1919 Dei
982 1901 990 1926 ;

205 1951 278 1986 quod
293 1956 320 1977 te
334 1950 368 1977 de
383 1951 462 1984 gente
477 1954 530 1974 non
545 1950 639 1974 saneta
665 1945 692 1972 in
714 1941 898 1970 venerandam
917 1940 993 1975 agni-
1007 1963 1014 1972 ,

207 1998 308 2024 tionem
325 1995 447 2023 veritatis
463 2001 519 2021 suae
539 1992 646 2020 vocavit
663 1991 708 2018 tali
724 1989 816 2021 modo,
831 1988 857 2015 in
872 1987 990 2022 speciem

207 2043 317 2079 quidem
332 2042 443 2069 minime
459 2039 625 2071 voluntario,
641 2037 687 2065 sed
704 2037 794 2071 reipsa
809 2035 900 2062 liberae
911 2040 993 2068 quam

208 2090 327 2117 maxime
346 2086 515 2126 voluntatis,
540 2093 593 2112 una
608 2091 668 2111 cum
697 2082 822 2117 cognatis
849 2081 896 2115 qui
911 2079 994 2107 simul

209 2134 322 2162 adducti
349 2133 436 2160 sunt!
462 2124 522 2158 Non
537 2131 616 2157 aliter
638 2129 711 2156 cnim
727 2136 775 2155 vos
795 2124 830 2154 ab
856 2127 995 2160 impietate

1079 1524 1145 1550 ’Λπὸ
1167 1524 1213 1551 τοῦ
1230 1525 1322 1559 τιμίου
1339 1533 1386 1551 σου
1408 1525 1574 1560 γράμματος
1594 1523 1701 1558 εἴδομεν
1717 1532 1765 1550 σου
1780 1524 1834 1559 τὴν

1040 1570 1219 1605 πανεύφημον
1236 1570 1384 1606 ὑπεροχὴν,
1399 1571 1447 1597 καὶ
1469 1570 1523 1597 ἀπὸ
1540 1570 1701 1606 ἀκροάσεως
1713 1570 1769 1597 τῶν
1787 1579 1836 1606 ση-

1042 1615 1212 1650 μαινομένων
1234 1616 1395 1651 ὲπέγνωμέν
1415 1624 1462 1642 σου
1491 1615 1540 1650 τὴν
1563 1615 1648 1649 καλὴν
1671 1616 1771 1650 ψυχήν.
1796 1616 1837 1642 Τὸ

1040 1660 1095 1696 γὰρ
1113 1661 1181 1696 πρὸς
1200 1661 1274 1696 ἡμᾶς
1292 1661 1356 1692 τοὺς
1378 1660 1562 1696 ἁμαρτωλοὺς
1577 1660 1710 1692 τοιούτοις
1726 1661 1836 1696 χρήσα-

1043 1708 1104 1735 σθαι
1117 1710 1273 1743 τιμητικοῖς
1288 1708 1389 1742 λόγοις,
1410 1708 1557 1743 ἐπιθυμεῖν
1571 1716 1600 1734 τε
1616 1707 1694 1743 ἡμῶν
1713 1707 1778 1734 ἰδεῖν
1802 1708 1838 1735 τὸ

1042 1754 1150 1786 εὐτελὲς
1162 1755 1316 1789 πρόσωπον,
1333 1752 1393 1780 εἶτα
1409 1754 1457 1781 καὶ
1471 1753 1669 1789 ἀκουτισθῆναι
1685 1754 1764 1788 λόγον
1782 1762 1839 1780 σω-

1042 1799 1254 1835 τήριον,ἁνδρός
1275 1800 1348 1826 ἐστιν
1365 1798 1449 1830 ὗντως
1470 1799 1574 1831 ἐνθέου,
1594 1799 1642 1824 καὶ
1663 1798 1753 1832 ψυχῆς
1772 1799 1840 1824 ἐπι-

1044 1846 1179 1881 ποθούσης
1204 1846 1278 1873 Θεόν.
1299 1846 1353 1872 Καὶ
1367 1845 1405 1877 ὡς
1419 1845 1564 1880 θαυμαστὰ
1587 1845 1622 1870 τὰ
1639 1844 1708 1880 ἔργα
1722 1843 1770 1870 τοῦ
1787 1853 1841 1878 με-

1044 1892 1128 1926 γάλου
1152 1891 1198 1918 καὶ
1221 1892 1304 1926 μόνου
1327 1891 1394 1918 Θεοῦ
1414 1890 1493 1926 ἡμῶν
1518 1891 1573 1917 τῶν
1597 1889 1779 1925 Χριστιανῶν·
1795 1890 1841 1916 ὁτι

1046 1938 1161 1965 ἐκάλεσέ
1178 1946 1207 1964 σε
1226 1937 1256 1969 ἐξ
1274 1937 1366 1969 ἔθνους
1382 1937 1430 1972 οὐχ
1445 1936 1519 1963 ὁσίου
1535 1936 1574 1967 εἱς
1595 1935 1644 1970 τὴν
1659 1934 1760 1969 σεπτὴν
1777 1935 1842 1960 ἑπι-

1046 1991 1146 2019 γνωσιν
1167 1983 1216 2018 τῆς
1242 1982 1371 2017 ἀληθείας
1387 1981 1470 2008 αὐτοῦ
1487 1982 1581 2016 τρόπῳ
1604 1980 1757 2016 τηλικούτῳ
1768 2000 1776 2011 ,
1793 1980 1844 2006 δοι

1047 2028 1139 2056 κοῦντι
1156 2029 1206 2063 μὲν
1222 2028 1351 2063 ἀκουσίῳ,
1367 2027 1521 2062 αὐθαιρέτῳ
1537 2027 1558 2052 δ’
1580 2026 1621 2053 ὅτι
1643 2026 1771 2060 μάλιστα,
1790 2026 1844 2052 σὺν

1047 2076 1104 2105 τοῖς
1139 2074 1342 2113 συνεξελῦοῦσεν
1365 2072 1541 2108 ἀρχιερεῦσιν
1570 2071 1649 2108 [C0d.
1670 2073 1736 2106 Reg.
1761 2073 1846 2106 ἀγχι-

1050 2119 1181 2156 στεῦσιν]”
1199 2120 1314 2154 ἐπείπερ
1330 2119 1417 2150 ἄλλως
1430 2119 1459 2145 οὐ
1475 2119 1670 2154 δεδοκίμασται
1682 2119 1715 2153 τῇ
1729 2118 1790 2153 θείᾳ
1807 2119 1845 2144 οι-

208 2181 315 2215 eripere
333 2179 422 2206 visum
449 2182 490 2204 est
510 2176 610 2203 divinae
632 2173 841 2210 dispensationi.
869 2172 891 2199 0
910 2171 984 2197 mira

1049 2167 1162 2202 κονομίᾳ
1191 2166 1354 2201 ἁφαρπὰσαι
1382 2166 1454 2200 ὑμᾶς
1469 2166 1518 2200 τῆς
1546 2164 1702 2199 ἀθεότητος.
1734 2164 1767 2190 Ὢ
1792 2164 1845 2199 τῆς

210 2227 291 2254 bilem
318 2224 510 2253 vocationem!
536 2231 552 2250 0
574 2221 738 2249 laudandam
759 2216 994 2253 redemptionem!

210 2273 372 2300 Translalus
394 2279 425 2298 es
450 2271 484 2296 de
498 2268 617 2296 tenebris
645 2267 671 2294 in
697 2264 885 2293 admirabilem
911 2263 996 2297 ipsius

210 2319 299 2346 lucem
314 2326 321 2344 :
337 2321 436 2344 exutus
453 2314 537 2342 veteri
557 2312 678 2344 homine,
688 2319 751 2338 cum
766 2308 892 2337 absurdis
908 2307 997 2334 etimi-

210 2366 305 2400 cisqne
323 2361 540 2398 cogitationibus
572 2365 599 2387 et
621 2359 752 2391 actibus;
784 2356 922 2384 Christum
952 2355 994 2382 in—

212 2411 307 2443 duisti,
325 2409 499 2437 Christianus
517 2407 607 2441 reipsa
627 2413 678 2440 pro
694 2404 817 2436 ethnico,
838 2402 911 2430 ﬁlius
926 2400 995 2428 lucis

212 2462 240 2484 et
257 2456 310 2483 diei
332 2463 382 2490 pro
409 2453 466 2481 ﬁlio
483 2452 662 2480 tenebrarum
674 2455 702 2478 et
722 2449 810 2477 noctis
823 2447 973 2483 impietatis
989 2455 997 2479 ;

213 2508 299 2529 unum
313 2499 398 2528 Deum
425 2498 532 2530 colens,
549 2496 597 2531 qui
613 2496 640 2522 in
666 2495 745 2522 Patre
760 2499 786 2520 et
808 2493 878 2520 Filio
894 2496 921 2519 et
938 2491 1000 2524 Spi-

214 2547 269 2574 ritu
286 2550 382 2576 sancto
398 2544 550 2575 aduratur;
565 2541 748 2570 multitudinis
763 2539 876 2567 deorum
896 2542 923 2564 et
942 2536 1004 2563 Bul-

211 2593 314 2629 gat-iere
330 2591 489 2619 idololatriae
516 2589 622 2624 fugiens
634 2587 730 2615 falsam
741 2585 917 2620 religionem:
936 2590 1002 2610 con-

216 2641 295 2666 titens
323 2638 422 2666 deinde
441 2644 525 2663 unum
550 2636 584 2663 de
614 2638 708 2662 saneta
736 2632 879 2662 'l'rinitate,
900 2629 1000 2655 Filium

216 2686 305 2721 ipsum
326 2690 356 2713 et
373 2684 493 2713 Verbum
519 2682 566 2710 Dei
593 2689 642 2716 per
661 2686 796 2708 summam
823 2685 887 2712 erga
917 2682 1004 2710 genus

1051 2212 1209 2248 θαυμαστῆς
1227 2212 1365 2247 κλήσεωςί
1393 2212 1415 2238 ὦ
1437 2212 1486 2246 τῆς
1511 2212 1655 2244 ὲπαινετῆς
1682 2210 1847 2246 ἀπολυτρώ-

1051 2259 1138 2286 σεωςῑ
1156 2259 1271 2293 ὴνέχθης
1288 2259 1320 2284 ὲκ
1341 2258 1454 2289 σκότους
1470 2258 1511 2287 εἰς
1534 2258 1566 2284 τὸ
1589 2256 1746 2291 θαυμαστὸν
1758 2256 1846 2282 αὐτοῦ

1051 2304 1118 2340 φῶς·
1134 2305 1357 2339 ἀπεκδυσάμενος
1369 2304 1415 2330 τὸν
1426 2303 1540 2330 παλαιὸν
1555 2302 1709 2338 ἄνθρωπον,
1724 2303 1774 2328 σὺν
1788 2303 1846 2335 τοῖς

1050 2351 1163 2383 ἀτόποις
1178 2351 1235 2385 ,καὶ
1257 2351 1375 2382 ὲΟνικοίς
1403 2350 1543 2385 λογισμοῖς
1573 2358 1602 2376 τε
1631 2349 1680 2376 καὶ
1697 2348 1845 2384 πράξεσιν,

1050 2397 1169 2423 ἐνεδύσω
1186 2398 1232 2424 τὸν
1251 2397 1382 2432 Χριστὸν,
1402 2397 1566 2432 Χριστιανὸς
1581 2396 1638 2422 ἀντ’
1654 2395 1762 2421 ἐϐνικοῦ
1777 2403 1848 2429 χρη-

1051 2444 1185 2479 ματίζων·
1201 2444 1259 2475 υἱὸς
1273 2443 1362 2478 φωτὸς
1392 2443 1440 2470 καὶ
1470 2443 1589 2478 ἡμέρας,
1606 2441 1665 2468 ἀνθ’
1690 2441 1750 2467 υἱοῦ
1779 2441 1848 2467 σκό-

1050 2499 1114 2522 τους
1135 2490 1181 2516 καὶ
1198 2489 1293 2520 νυκτὸς
1307 2489 1444 2520 ἀσεϐείας·
1462 2489 1511 2515 ἕνα
1530 2488 1596 2514 Θεὸν
1622 2487 1727 2519 σέϐων,
1745 2487 1794 2512 τὸν
1818 2488 1847 2514 ὲν

1052 2534 1142 2570 Πατρὶ
1157 2535 1204 2560 καὶ
1222 2533 1279 2568 Υῑῴ
1293 2534 1339 2560 καὶ
1354 2534 1424 2568 ἁγίῳ
1438 2533 1580 2567 Πνεὺμσιτι
1592 2531 1846 2567 προσκυνούμενον·

1054 2580 1203 2615 πεψευγὼς
1227 2579 1278 2613 τῆς
1299 2578 1446 2610 πολυθεῖας
1461 2579 1508 2605 καὶ
1525 2578 1714 2612 Βουλγαρικῆς
1739 2577 1848 2603 εἰδωλο-

1055 2626 1184 2661 λατρείας
1199 2625 1248 2660 τὴν
1265 2625 1435 2652 δυσσέϐειαν·
1451 2623 1511 2651 εἶτα
1530 2625 1576 2650 καὶ
1588 2624 1726 2659 ὁμολογῶν
1739 2623 1787 2648 τὸν
1801 2624 1848 2648 ἕνα

1058 2673 1106 2708 τῆς
1122 2672 1204 2707 ἁγίας
1221 2671 1352 2707 Τριὰδος,
1370 2671 1451 2698 αὑτὸν
1471 2671 1514 2697 τὸν
1538 2671 1601 2696 Υἱὺν
1618 2669 1665 2697 καὶ
1689 2670 1777 2703 Λόγον
1801 2669 1848 2696 τοῦ

972 2776 1088 2806 ΝΟΤΙΕ.

254 2847 292 2880 (⁸)
307 2845 474 2880 Dogtnatica.

1097 2834 1153 2870 (ὃὸ)
1167 2834 1194 2862 In
1208 2833 1268 2863 cod.
1282 2833 1349 2869 Reg.
1367 2833 1434 2869 ρμδ’.
