1927 3089
151 84 221 118 1517

761 81 1028 112 EPISTULARUM
1048 81 1122 111 LIB.
1151 81 1192 111 ΙΙ.

1719 81 1786 114 1518

149 141 231 173 Θεοῦ,
260 140 293 167 δι’
309 139 479 174 ὑπερϐάλλον
495 138 569 171 ἔλεος
591 139 639 165 τοῦ
659 139 721 165 καθ’
735 140 810 175 ἡμᾶς
832 141 943 173 γένους,

1007 142 1120 166 nostrum
1132 137 1351 165 misericordiam
1368 137 1508 166 hominem
1520 145 1583 166 esse
1596 137 1698 166 factum
1711 139 1786 167 simi—

151 187 297 221 ἄνθρωπον
310 186 476 220 γεγενῆσθαι
490 186 582 220 ὅμοιον
593 186 661 220 ἡμῖν
675 185 744 211 κατὰ
762 185 861 217 πάντα,
876 185 946 220 μετὰ

152 231 200 257 καὶ
222 230 269 256 τοῦ
285 229 356 256 εἶναι
384 228 431 256 τδν
455 229 537 256 αὐτὸν
557 229 624 255 Θεὸν
647 230 763 256 τέλειον.
779 229 844 260 Θεὸς
863 228 916 263 γὰρ
931 229 946 254 ὀ

153 276 261 311 Πατὴρ,
280 275 347 307 Θεὸς
363 276 411 302 καὶ
434 276 448 301 ὁ
474 274 549 307 Υἱὸς,
571 275 637 307 Θεὸς
663 275 712 301 καὶ
735 274 766 301 τδ
792 274 904 310 Πνεῦμα
918 274 948 300 τὺ

153 322 241 356 ἆγιοψ
259 319 298 352 εἷς
322 321 399 352 Θεὸς,
414 321 445 348 οὐ
464 322 538 356 τρεῖς
557 321 624 353 θεοὶ,
649 321 739 355 ἄπαγε
751 329 758 336 ·
778 320 808 346 τὸ
829 321 888 355 μὲν,
903 321 948 347 διὰ

153 368 203 403 τὴν
222 367 288 401 μίαν
301 366 430 401 θεότητα·
444 367 475 392 τὸ
491 366 518 392 δὲ
530 366 572 392 διὰ
586 367 620 393 τὰ
635 366 699 401 τρία
714 365 859 401 πρόσωπα.
873 365 947 400 Αὕτη

153 414 170 448 ή
186 412 302 447 ἀληθινὴ
324 412 414 443 πίστις
433 412 488 438 τῶν
503 411 687 447 Χριστιανῶν,
702 411 880 447 καταργοῦσα
894 411 948 437 πᾶ-

155 467 204 485 σαν
221 458 325 493 πλάνην
344 460 390 484 καὶ
408 458 526 492 αἵρεσιν.
539 461 545 465 ‘

197 504 307 539 Ἐπειδὴ
319 504 348 530 δὲ
367 504 479 535 διπλοῦς
493 505 507 530 ὁ
525 504 654 539 Χριστὸς,
668 504 738 531 καθὸ
754 503 820 536 Θεδς
833 504 946 535 τέλειος,

156 552 204 578 καὶ
229 551 372 586 ἄνθρωπος
397 551 510 582 τέλειος
529 550 560 576 τὸ
585 550 634 585 μὲν
656 551 694 582 ὡς
717 552 749 577 ὲκ
770 551 816 578 τοῦ
843 551 949 586 Πατρὺς

155 597 299 630 γεννηθεὶς
314 596 367 631 πρὸ
388 596 505 627 αἰώνων,
525 596 563 627 ὡς
578 596 606 628 ἐξ
623 597 700 631 ἡλίου
720 597 904 631 ἀπαύγασμα*
918 596 949 622 τὺ

155 642 186 667 δὲ
209 642 242 668 ἐκ
266 641 316 675 τῆς
345 641 448 676 μητρὸς
466 642 510 667 ἐπ’
535 642 660 676 ἐσχάτων
682 642 735 668 τῶν
749 642 864 677 χρόνων,
877 642 948 676 ὼςή

157 688 219 715 καθ’
249 688 323 722 ἡμᾶς
350 688 496 723 γέννησις,
523 688 623 723 μᾶλλον
652 688 681 714 δὲ
703 688 750 714 καὶ
769 688 837 724 ὑπὲρ
863 688 947 723 ἡμᾶς·

157 734 253 769 ἐπειδὴ
273 733 405 769 παρθένος
433 734 450 768 ἡ
473 733 591 760 τεκοῦσα
603 753 611 766 ,
637 734 686 760 καὶ
705 734 781 770 πρὶν,
801 735 849 760 καὶ
867 735 895 760 ἐν
911 733 949 768 τῷ

157 781 272 810 τίκτειν,
291 780 339 806 καὶ
357 780 426 814 μετὰ
441 780 472 805 τὸ
487 780 590 806 τίκτειν
600 788 607 795 ·
623 780 666 814 ἐφ’
678 778 719 811 οἷς
746 779 794 806 καὶ
819 779 949 811 Θεοτόκος

997 183 1049 210 lem
1063 183 1143 210 nobis
1157 191 1206 217 per
1217 183 1319 216 omnia,
1335 192 1397 210 cum
1411 184 1480 212 idem
1492 185 1557 220 ipse
1569 185 1704 219 perfectus
1715 189 1788 213 esset

999 229 1081 257 Deus.
1103 229 1175 256 Deus
1197 229 1269 256 enim
1283 228 1374 260 Pater,
1407 229 1479 262 Deus
1504 234 1533 256 et
1550 229 1647 263 Filius,
1665 230 1737 257 Deus
1759 234 1788 257 et

999 274 1119 310 Spiritus
1147 278 1275 306 sanctus;
1295 281 1366 300 unus
1381 273 1463 305 Deus,
1487 282 1539 301 non
1557 280 1612 302 tres
1628 275 1681 307 Dii,
1696 274 1787 302 absit:

997 321 1050 348 hoc
1064 320 1187 354 quidem,
1204 323 1314 355 propter
1344 327 1427 346 uuam
1451 320 1600 353 deitatem;
1620 321 1685 347 illud
1711 329 1788 350 vero.

998 368 1113 401 propter
1136 371 1192 392 tres
1219 372 1361 399 personas.
1379 363 1442 392 llaec
1472 373 1535 392 vera
1561 371 1603 393 est
1622 365 1688 393 [ides
1710 366 1790 393 Chri-

999 411 1163 443 stianorum,
1177 410 1293 437 abolens
1322 418 1443 437 errarent
1461 417 1571 438 omnem
1598 416 1624 438 et
1652 411 1788 438 baaresim.

1035 498 1171 532 Quoniam
1195 504 1288 526 autem
1312 499 1411 534 duplex
1429 503 1472 526 est
1493 498 1633 530 Christus,
1654 502 1791 533 quatenus

1000 545 1069 572 Deus
1083 545 1220 580 perfectus
1229 551 1256 572 et
1266 546 1347 573 homo
1361 545 1514 580 perfectus;
1528 545 1593 571 illud
1604 545 1713 579 quidem
1732 551 1791 571 tan-

999 599 1080 626 quam
1098 599 1130 618 ex
1151 590 1232 618 Patre
1247 596 1326 618 natus
1339 595 1402 618 ante
1415 591 1606 622 szccula,sicut
1619 590 1749 625 splendor
1758 597 1791 616 ex

1000 636 1057 662 sole
1069 643 1076 668 ;
1090 636 1160 663 istud
1171 644 1235 662 vero
1248 644 1280 663 ex
1291 641 1387 668 matre,
1397 637 1423 662 in
1436 636 1595 663 novissimis
1612 635 1792 670 temporibus,

999 686 1030 708 ut
1049 681 1176 709 uativitas
1200 686 1242 709 est
1256 687 1362 714 nostra,
1383 682 1424 708 vel
1439 682 1530 717 potius
1543 689 1625 716 supra
1646 685 1769 708 nostram
1784 689 1792 713 ;

1000 727 1240 762 quandoquidem,
1252 733 1278 755 et
1293 733 1366 760 ante,
1377 733 1404 755 et
1421 728 1447 754 in
1461 732 1551 762 partu,
1568 732 1595 754 et
1609 733 1670 762 post
1685 732 1792 762 partum

1000 773 1077 808 virgo
1100 778 1142 800 est
1163 782 1223 809 qua
1245 774 1336 808 ipsum
1368 775 1492 809 peperit:
1512 781 1598 808 quare
1623 777 1650 800 et
1677 773 1792 808 Deipara

157 827 195 858 ὡς
206 826 313 861 ἀληθῶς
327 827 374 853 καὶ
385 826 509 860 νενόηται
523 827 571 852 καὶ
587 826 813 862 προσηγόρευται.
830 826 879 852 Διὰ.
891 826 952 851 τοῦ·

1007 817 1146 845 rerissime
1159 823 1187 845 et
1207 818 1370 854 intelligitur
1380 823 1408 845 et
1436 819 1599 853 appellatur.
1631 817 1792 852 Eapropter,

157 881 200 903 το,
220 872 314 907 ὤσπερ
329 873 399 899 κατὰ
419 873 464 898 τὸν
485 872 595 907 Πατέρα
621 872 842 907 ἀπερίγραπτοςί,
865 871 951 903 οὕτως

158 919 207 945 καὶ
233 918 304 944 κατά
322 917 372 952 τὴν
391 919 496 953 μητέρα
526 918 555 944 ἐν
573 919 667 944 πίνακι
696 918 950 953 περιγραφόμενος·

159 965 208 991 καὶ
226 965 242 999 ἡ
263 964 422 998 περιγραφὴ
448 963 531 989 αὑτοῦ
553 963 613 998 ἢτοι
629 964 645 997 ὴ
660 963 753 995 εἰκὼν,
774 962 952 998 προσκυνητὴ

160 1013 208 1039 καὶ
222 1011 352 1045 σεϐαστὴ.
370 1011 399 1037 ὲν
418 1007 435 1047 ᾖ
451 1009 580 1045 βλέπεται
595 1010 640 1044 ὑφ’
654 1009 733 1044 ήμῶν
751 1009 805 1035 τῶν
824 1010 953 1044 Χριστια-

160 1055 214 1082 νῶν
240 1055 298 1081 οἷαν
329 1055 435 1090 μορφὴν
462 1054 587 1080 ἀνέλαϐε·
619 1055 666 1081 καὶ
694 1054 897 1089 δεδοξολόγηται
915 1053 953 1084 ὡς

160 1100 254 1136 ὅμοιος
276 1102 344 1135 ἡμῖν
371 1100 442 1127 κατὰ
460 1102 549 1126 πάντα
572 1100 692 1134 γεγονὼς
718 1100 788 1135 πλὴν
805 1100 950 1136 ἁμαρτίας·

162 1148 344 1181 καταργήσας
364 1147 418 1172 πᾶν
437 1146 573 1172 εἰδωλικὸν
590 1146 727 1181 ὁμοίωμα,
745 1147 786 1181 ἐφ’
805 1143 826 1180 ᾧ
850 1145 954 1172 ὤλλυτο

161 1192 292 1227 λατρεῦον
304 1212 312 1223 ,
339 1191 368 1224 ἐξ
382 1191 493 1226 ἡμερῶν
518 1191 625 1223 αἰῶνος,
641 1191 671 1217 τὺ
689 1191 767 1225 γένος
781 1191 835 1216 τῶν
849 1190 954 1225 ἀνθρώ-

162 1247 233 1265 πων.
250 1239 281 1264 'U
295 1237 359 1271 γοῦν
378 1238 415 1272 μὴ
435 1237 651 1272 καταδεχόμενος
666 1237 746 1264 αὐτὴν
761 1237 952 1269 είκονίζεσοαι,

162 1282 187 1312 ὧ
209 1284 276 1312 καλὲ
300 1283 372 1318 φίλε,
400 1284 579 1311 ἀπαναίνεται
605 1285 696 1315 αὐτοῖς
720 1285 876 1319 πράγμασι,
903 1284 954 1310 κᾶν

162 1330 236 1365 λόγῳ
256 1330 499 1364 συγκατατίοηται,
519 1330 645 1364 γενέσθαι
672 1330 717 1356 τὸν
733 1330 797 1356 Υἰὸν
824 1330 870 1356 τοῦ
887 1329 954 1356 Θεοῦ

162 1378 318 1412 ἄνθρωπον·
333 1377 379 1403 καὶ
395 1378 408 1403 ὁ
429 1377 465 1412 μὴ
482 1377 642 1412 προσκυνῶν
655 1377 738 1403 αὑτοῦ
755 1377 803 1412 τὴν
821 1376 901 1410 ἁγίαν
914 1377 954 1402 εἰ-

164 1424 247 1454 κὸνα1
267 1423 304 1458 μὴ
324 1424 488 1457 προσκυνεῖν
506 1422 587 1449 αὐτὸν
607 1423 805 1454 ἀποδέδεικται,
824 1423 875 1448 κᾶν
891 1423 956 1457 orm-

163 1469 230 1503 λογῇ
255 1469 429 1503 προσκυνεῖν.
464 1467 496 1493 Ἢ
521 1467 576 1503 γὰρ
598 1467 647 1502 τῆς
669 1468 771 1498 εἰκόνος
789 1467 870 1493 αὑτοῦ
888 1467 954 1501 τιμὴ

163 1515 210 1540 ἐπὶ
224 1515 255 1540 τὸ
273 1514 452 1549 πρωτότυπον
470 1513 611 1541 διαϐαίνεν
629 1513 724 1549 ὥσπερ
748 1513 795 1539 καὶ
812 1514 828 1548 ὴ
843 1513 956 1548 ἄρνησις

164 1560 248 1595 αὐτῆς
263 1562 303 1591 εἰς
322 1560 402 1586 αὑτὸν
418 1560 467 1595 τὴν
485 1561 599 1595 ἄρνησιν
618 1559 786 1593 ἀναπέμπει.
809 1559 886 1585 Ἐπεὶ
898 1557 955 1591 οὖν,

163 1606 202 1637 ὡς
227 1605 373 1640 μανθάνω,
397 1605 485 1636 οὓτως
509 1605 554 1631 καὶ
579 1605 661 1636 αὐτὸς
678 1605 827 1636 πέποιθας,
853 1604 900 1630 καὶ
913 1603 958 1630 διὰ

163 1651 243 1678 τοῦτο
255 1651 351 1686 στέλλῃ
364 1651 412 1685 τῆς
427 1651 569 1682 κοινωνίας
583 1651 637 1677 τῶν
652 1651 852 1686 Εἰκονομάχωψ
869 1650 957 1685 χαίρω

164 1697 213 1724 καί
229 1697 369 1732 συγχαίρω
383 1705 435 1728 σοι,
455 1696 609 1732 εὐχαριστῶ
621 1697 669 1723 καὶ
683 1697 887 1731 συνενχαριστῶ
903 1705 956 1728 σοι,

165 1743 206 1769 ὅτι
228 1743 294 1777 ὁρᾷς
317 1742 365 1777 τὴν
381 1741 528 1776 ἀλήθειαν,
551 1741 598 1767 καί
617 1749 658 1768 τοι
679 1741 814 1776 ὀψιμαθὴς
830 1739 885 1772 ὢν,
910 1740 958 1766 καὶ

165 1789 358 1823 ἁρτιγέννητος
386 1788 442 1819 υἱὸς
461 1787 539 1814 Θεοῦ.
565 1788 618 1814 Καὶ
644 1788 680 1822 μή
697 1796 738 1814 τοι
758 1787 900 1822 Θαυμάσῃς
917 1787 957 1813 ὅτι

166 1836 214 1861 καὶ
238 1836 267 1860 ὲν
292 1835 465 1869 Χριστιανοῖς
481 1834 635 1868 εἰσέρχεται
654 1833 752 1868 πλάνη.
768 1833 856 1859 Ὅπου
876 1832 956 1867 γάρὴ

167 1880 301 1914 σωτηρία,
322 1880 380 1905 ἐκεῖ
395 1879 489 1913 τρέχει
516 1880 529 1905 ὁ
557 1879 665 1914 δράκων
692 1878 816 1909 διάϐολος
845 1878 958 1912 ποιῆσαι

167 1925 317 1951 ἁπώλειαντ
337 1924 472 1951 καὶτοῦτο
489 1924 522 1950 δι’
539 1925 597 1955 ἐνὸς
615 1924 759 1960 ἀνθρώπου
775 1924 822 1950 τοῦ
837 1924 959 1957 ἐξουσιά-

167 1970 270 2002 ζοντος.
291 1971 370 2006 ’Λρτι
390 1971 444 2006 γὰρ
460 1971 476 2005 ἡ
491 1970 578 2006 πλάνη
602 1970 671 2004 αὕτη
691 1970 840 2005 ἐπεισήχθη
859 1971 888 1996 ὲν
903 1971 959 2002 τοῖς

167 2017 350 2052 Χριστιανοίς.
368 2016 445 2042 Ἐπεὶ
463 2015 492 2047 ἐξ
513 2015 610 2046 αἰῶνος
627 2016 644 2051 ή
665 2015 783 2050 Χριστοῦ
804 2015 897 2049 εἰκὼν,
909 2015 959 2050 τῆς

168 2071 198 2089 τε
216 2062 363 2094 Θεοτόκου,
384 2062 431 2088 καὶ
448 2061 501 2088 τῶν
520 2061 604 2096 ἁγίων
618 2061 712 2089 αὑτοῦ.

1003 863 1234 897 quemadmodum
1268 863 1522 898 incircumscriptus
1564 868 1606 891 est
1640 863 1793 890 secundum

1003 907 1122 941 Patrem,
1149 909 1191 936 sic
1207 914 1235 936 et
1260 909 1410 936 secundum
1436 914 1552 936 matrem
1570 909 1597 936 in
1624 910 1716 936 tabula
1744 910 1794 936 de-

1003 956 1144 987 scribitur,
1161 960 1189 983 et
1204 956 1352 990 descriptio
1378 957 1438 990 ejus
1463 957 1520 983 sive
1535 957 1636 990 imago,
1655 956 1793 983 adoranda

1003 1006 1030 1028 et
1049 1002 1225 1034 veneranda;
1251 1002 1277 1028 in
1295 1010 1347 1036 qua
1364 1002 1485 1028 cernitur
1499 1010 1514 1028 a
1535 1002 1614 1029 nobis
1628 1001 1794 1029 Christianis

1003 1047 1113 1080 qualem
1140 1046 1256 1073 formam
1291 1047 1494 1082 assumpserit;
1520 1052 1547 1074 et
1573 1047 1729 1074 declaratus
1753 1054 1795 1074 est

1003 1093 1102 1120 similis
1124 1093 1203 1120 nobis
1219 1092 1307 1120 factus
1334 1101 1382 1127 per
1405 1093 1496 1120 omnia
1517 1098 1615 1128 praeter
1629 1099 1792 1128 peccatum:

1005 1138 1118 1166 abolens
1138 1146 1246 1165 omnem
1266 1139 1393 1165 idolicam
1413 1139 1633 1170 similitudinem,
1647 1147 1728 1174 quam
1746 1147 1793 1166 co-

1004 1184 1063 1211 lens
1092 1185 1175 1218 periit
1192 1184 1334 1211 hominum
1361 1193 1448 1220 genus
1462 1193 1476 1212 a
1491 1186 1588 1212 diebus
1615 1185 1721 1212 saeculi.
1741 1184 1794 1218 Qui

1004 1236 1069 1264 ergo
1084 1229 1159 1256 illtun
1187 1229 1306 1264 imagine
1332 1231 1522 1264 repraesentari
1551 1239 1604 1257 non
1629 1231 1760 1264 admittit,
1777 1238 1795 1256 o

1005 1275 1076 1301 bone
1087 1275 1295 1310 amice,judieio
1304 1277 1455 1309 contendit,
1469 1277 1576 1304 tametsi
1587 1277 1670 1304 verbo
1681 1282 1795 1309 annual,

1005 1321 1104 1348 Filium
1134 1321 1180 1349 Dei
1199 1322 1337 1350 hominem
1365 1322 1466 1350 factum
1490 1322 1597 1350 fuisse:
1626 1329 1654 1350 et
1674 1324 1721 1358 qui
1737 1324 1796 1358 ejus

1005 1374 1128 1396 sanetam
1144 1369 1288 1404 imaginem
1302 1376 1356 1395 non
1369 1369 1476 1400 adorat,
1502 1369 1592 1403 ipsum
1616 1377 1670 1396 non
1683 1370 1798 1396 adorant:

1006 1414 1150 1441 convictus
1164 1419 1215 1446 est,
1232 1414 1297 1440 licet
1319 1414 1433 1440 adorare
1460 1421 1489 1440 se
1513 1414 1683 1448 proﬁteatur.
1705 1413 1798 1441 Honor

1007 1461 1079 1487 enim
1093 1460 1219 1495 imaginis
1238 1460 1296 1492 ejus
1311 1461 1343 1487 ad
1358 1464 1532 1495 prototypum
1557 1461 1658 1488 transit
1673 1469 1680 1487 :
1699 1468 1796 1495 quem-

1008 1507 1155 1533 admodum
1186 1511 1214 1533 et
1238 1507 1366 1541 imaginis
1403 1507 1491 1541 ipsius
1518 1507 1627 1542 negatio
1648 1507 1683 1534 ad
1709 1509 1797 1542 ipsum

1008 1553 1138 1580 transfert
1162 1553 1346 1588 negationem.
1374 1553 1443 1580 Cum
1466 1561 1542 1588 ergo.
1574 1559 1603 1581 ut
1630 1554 1724 1586 audio,
1758 1555 1799 1582 sic

1007 1600 1088 1626 etiam
1108 1599 1165 1633 ipse
1193 1607 1352 1633 persuasum
1377 1600 1489 1631 habeas,
1515 1600 1630 1634 irimque
1649 1601 1684 1626 ab
1701 1601 1798 1627 lcono-

1007 1646 1167 1672 macborum
1188 1645 1382 1672 communione
1403 1650 1428 1672 te
1457 1645 1627 1678 subtrahas;
1653 1646 1759 1680 gaudeo
1772 1651 1800 1673 et

1008 1692 1167 1726 congaudeo
1186 1696 1273 1718 tecum
1289 1700 1296 1724 ;
1316 1692 1416 1727 gratias
1432 1700 1494 1726 ago,
1514 1697 1540 1719 et
1565 1696 1610 1719 tua
1635 1700 1719 1719 causa
1736 1701 1799 1727 gra-

1008 1738 1061 1765 tias
1073 1745 1135 1771 ago,
1147 1738 1221 1772 quod
1236 1745 1333 1766 cernas
1351 1739 1504 1770 Veritatem,
1524 1739 1633 1765 tametsi
1650 1747 1712 1766 sero
1731 1739 1799 1766 edo-

1008 1789 1081 1815 ctus,
1098 1790 1127 1811 ut
1143 1784 1217 1811 ﬁlius
1238 1783 1284 1811 Dei
1301 1792 1388 1819 nuper
1413 1785 1532 1819 genitus.
1560 1785 1613 1812 Nec
1629 1793 1694 1812 vero
1711 1786 1796 1813 mire-

1009 1831 1047 1858 ris
1072 1831 1145 1866 quod
1163 1831 1246 1857 etiam
1272 1831 1342 1857 inter
1370 1831 1543 1858 Christianos
1566 1839 1644 1858 error
1673 1832 1799 1866 obrepat.

1012 1876 1061 1903 Ubi
1079 1877 1151 1903 enim
1171 1881 1214 1903 est
1239 1877 1324 1908 salus,
1350 1884 1383 1903 eo
1399 1878 1518 1904 accurrit
1534 1877 1616 1904 draco
1627 1877 1754 1904 diabolus
1772 1883 1802 1904 ut

1010 1923 1110 1950 inferat
1131 1924 1263 1950 exiliunt:
1293 1929 1374 1958 atque
1403 1924 1454 1950 hoc
1477 1932 1525 1958 per
1549 1925 1687 1951 hominem
1704 1933 1800 1956 unum,

1010 1977 1093 2004 penes
1117 1977 1198 2004 quem
1214 1975 1256 1996 est
1281 1974 1414 2004 potestas.
1441 1970 1534 2004 Nuper
1550 1970 1623 1997 enim
1650 1971 1695 1998 hic
1723 1978 1802 1998 error

1010 2016 1081 2043 inter
1106 2015 1278 2043 Christianos
1297 2017 1421 2044 invectus
1445 2021 1498 2044 est.
1517 2016 1584 2043 Nam
1599 2017 1633 2043 ab
1653 2017 1728 2044 omni
1745 2025 1802 2044 me-

1011 2062 1098 2089 moria
1119 2062 1209 2096 imago
1238 2062 1351 2095 Christi,
1372 2069 1399 2090 ct
1421 2062 1554 2097 Deiparm,
1579 2067 1607 2090 et
1638 2068 1800 2091 sanctorum

1010 2116 1080 2142 eius.

205 2151 299 2179 Ταῦτά
314 2160 373 2183 σοι,
394 2150 512 2178 δέσποτα
537 2150 697 2186 τιμιὼτατε,
721 2151 759 2181 ὠς
787 2151 863 2186 παρὰ
889 2149 954 2176 Θεοί

1049 2154 1110 2181 llaec
1122 2162 1172 2189 ego
1185 2154 1251 2187 tibi,
1268 2154 1378 2182 domine
1402 2155 1623 2189 bonoratissime,
1642 2160 1772 2191 tanquam
1787 2164 1802 2183 a

170 2198 302 2232 κινηθεὶς,
329 2198 380 2224 κᾶν
409 2197 572 2232 ἁμαρτωλός
598 2198 668 2232 ειμι,
696 2196 872 2231 ἐφθεγξάμην
891 2197 959 2231 προς

170 2243 316 2278 βεῆαίωσιν
334 2243 384 2278 τῆς
403 2243 520 2274 πίστεώς
534 2251 592 2269 σου·
607 2242 701 2277 ἐπειδὴ
715 2243 826 2276 ἁδελφὸς
845 2243 876 2268 σὺ
892 2242 961 2276 ἡμέ-

169 2297 260 2323 τερος,
279 2289 326 2315 καὶ
341 2289 371 2315 οὺ
383 2289 468 2322 ξένος,
485 2288 576 2320 καθὼς
595 2289 718 2324 εἴρηκας.
737 2289 768 2315 Εἰ
785 2289 812 2314 δὲ
828 2289 899 2320 ξένος
914 2287 960 2314 τοῦ

171 2336 285 2369 κόσμου,
307 2332 336 2361 εὖ
363 2335 397 2362 ἂν
418 2334 485 2370 ἔχοι.
506 2335 561 2361 Καὶ
584 2335 663 2369 ἡμεῖς
679 2335 733 2369 γὰρ
753 2335 778 2360 οἱ
795 2335 920 2361 ταπεινοὶ
931 2335 962 2361 τὸ

170 2382 238 2408 αὐτὸ
251 2381 360 2416 ἔχομεν·
377 2382 423 2407 καὶ
436 2381 481 2407 διὰ
496 2382 577 2408 τοῦτό
599 2383 684 2415 ἐσμεν
699 2381 901 2416 ἀπερριμμένοι
916 2381 960 2408 ὲν-

170 2427 259 2454 milia
272 2427 317 2453 διὰ
330 2427 376 2453 τὸν
391 2427 469 2462 λόγον
487 2427 534 2454 τοῦ
559 2427 638 2454 Θεοῦ.
653 2428 708 2454 Καὶ
722 2428 857 2462 μακάριος
876 2425 902 2453 εἴ
915 2436 961 2454 πι-

171 2475 277 2501 στεύων
290 2475 330 2505 si;
342 2475 459 2510 Χριστὸν
473 2474 571 2510 ὀρθῶς,
593 2476 641 2501 καὶ
660 2475 750 2502 πάντα
763 2475 878 2510 δεύτερα
891 2475 962 2510 ὑπὲρ

148 2521 155 2536 "
170 2521 255 2548 αὐτοῦ
279 2521 440 2556 ἡγούμενος.
457 2521 570 2548 Ἰδέσοαι
593 2522 621 2548 δὲ
634 2521 762 2557 ἀλλήλους
777 2522 904 2548 δύσκολον
919 2521 962 2548 διὰ

170 2567 221 2602 τήν
234 2567 371 2600 ἐξουσίαν·
389 2568 413 2594 εἰ
429 2567 467 2603 μή
489 2576 515 2593 τι
529 2567 594 2599 Θεὸς
616 2567 722 2594 κελεύει
738 2568 798 2594 καθ’
817 2568 846 2593 ὂν
858 2568 962 2593 οἰκονο-

173 2615 258 2648 μήσει
282 2613 392 2648 τρόπον.
412 2613 576 2648 Μεμνῆσῦαι
599 2613 628 2639 δέ
644 2622 690 2640 σου
706 2614 736 2639 οὺ
752 2612 961 2648 διαλειψύμεοα,

171 2660 221 2686 καὶ
234 2660 346 2694 ἀγαπᾷν
362 2668 391 2685 σε
404 2659 441 2691 ὡς
456 2659 569 2692 ἀδελφὺν
585 2660 674 2695 ήμῶν·
690 2660 719 2686 ὃν
734 2668 799 2686 ποτε
814 2660 863 2686 οὐκ
877 2661 963 2694 ἐγνω-

173 2706 292 2741 ρίσαμεν
318 2706 373 2732 ἀπὸ
402 2706 502 2740 σαρκὸς
524 2706 571 2732 καὶ
586 2706 710 2741 αἵματος·
728 2706 774 2732 νῦν
796 2705 824 2731 δὲ
846 2706 900 2732 ἀπὸ
916 2706 962 2731 τοῦ

172 2752 252 2785 ἁγίου
267 2751 425 2787 Πνεὺματος
436 2752 535 2787 ἔχομεν
552 2753 590 2784 ὡς
608 2752 748 2787 σύγγονον·
768 2752 963 2787 ἀποτεχθέντες

170 2797 324 2833 ἀμφότεροι
349 2798 381 2824 ἐκ
399 2799 502 2833 μητρὸς
518 2799 568 2834 τῆς
589 2799 753 2833 υἰοθετικῆς,
770 2797 962 2833 κολυμϐήθρας

1012 2201 1068 2227 Deo
1085 2200 1230 2235 impulsus,
1245 2201 1309 2228 licet
1329 2205 1458 2235 peccator
1475 2202 1551 2235 sim,,
1563 2202 1722 2236 prolocutus
1741 2210 1802 2228 sunt

1012 2246 1045 2273 ad
1073 2247 1309 2274 conﬁrmationem
1351 2247 1412 2275 ﬁdei
1441 2254 1497 2275 tua:
1523 2257 1530 2275 :
1558 2249 1686 2283 quoniam
1718 2248 1802 2275 frater

1014 2299 1042 2320 tu
1078 2299 1172 2321 noster
1197 2302 1205 2327 ;
1231 2301 1285 2320 non
1327 2294 1488 2329 peregrinus
1508 2294 1553 2321 'ut
1589 2295 1694 2322 dixisti.
1723 2294 1802 2328 Quod

1013 2339 1036 2366 si
1054 2330 1214 2374 peregrinus
1232 2347 1262 2366 es
1284 2339 1390 2370 mundi,
1407 2340 1475 2367 bene
1507 2339 1599 2366 habet.
1620 2339 1675 2367 Nos
1703 2341 1804 2374 quippe

1014 2386 1131 2413 humiles
1159 2386 1210 2413 hoc
1235 2387 1322 2419 ipsum
1350 2394 1447 2413 sumus
1467 2395 1474 2413 :
1499 2390 1526 2413 et
1555 2391 1699 2420 propterea
1723 2385 1803 2420 ejectl

1014 2430 1068 2457 huc
1094 2438 1190 2457 sumus
1219 2436 1330 2465 propter
1365 2431 1479 2458 verbum
1514 2430 1570 2458 Dei.
1597 2431 1636 2457 Ac
1664 2431 1759 2457 beatus
1774 2438 1804 2457 es

1014 2476 1060 2511 qui
1090 2480 1163 2504 recte
1189 2477 1216 2503 in
1239 2479 1322 2503 Deum
1346 2477 1455 2508 credis,
1475 2483 1503 2504 ct
1530 2476 1622 2503 omnia
1655 2476 1693 2502 illi
1726 2481 1803 2510 post-

1014 2523 1138 2556 pouenda
1173 2522 1263 2550 ducis.
1277 2522 1375 2550 Videre
1394 2528 1485 2550 autem
1510 2530 1560 2550 nos
1592 2523 1709 2550 illVlCClil
1733 2522 1804 2548 ditii-

1014 2569 1065 2595 cile
1093 2573 1145 2601 est,
1164 2569 1326 2603 prohibente
1345 2569 1371 2596 id
1401 2569 1524 2603 principe
1545 2577 1553 2595 :
1572 2569 1624 2596 nisi
1650 2569 1721 2596 Deus
1747 2568 1804 2595 (bs-

1015 2619 1097 2649 ponat
1114 2622 1169 2649 quo
1190 2615 1241 2650 ipsi
1273 2615 1355 2642 modo
1375 2615 1523 2641 videbitur.
1545 2614 1597 2641 Tui
1619 2622 1685 2641 vero
1704 2614 1804 2640 memi—

1015 2661 1087 2688 uisse
1107 2669 1161 2687 non
1176 2661 1343 2694 desinemus,
1364 2665 1391 2687 et
1405 2667 1498 2687 amare
1527 2664 1552 2686 te
1567 2664 1594 2686 ut
1618 2659 1730 2686 fratrem
1751 2667 1803 2685 ne-

1016 2712 1102 2733 Sll'lllli
1116 2727 1123 2738 ,
1139 2715 1220 2741 quem
1248 2715 1303 2734 non
1322 2714 1439 2741 usquam
1467 2707 1598 2733 novimus
1620 2713 1652 2732 (ΒΧ
1678 2713 1761 2732 carne
1776 2711 1803 2730 (Ἰ.

1016 2751 1161 2785 sanguine,
1192 2759 1264 2778 nunc
1285 2759 1349 2778 vero
1379 2755 1580 2786 uLcognatttm
1613 2751 1747 2777 habemus
1768 2758 1800 2775 ex

1017 2797 1119 2832 Spiritu
1137 2803 1233 2826 sancto
1246 2807 1253 2831 ;
1272 2798 1355 2832 geniti
1368 2798 1448 2825 ambo
1459 2805 1491 2825 ex
1503 2803 1588 2826 matre
1598 2797 1734 2832 adoptiva,
1750 2797 1797 2824 scir
