1927 3089
162 96 232 128 1519

751 95 781 124 S.
798 93 996 124 THEODORI
1015 93 1189 123 δΤυΒΙΤᾹΞ

1716 92 1727 123 l
1732 91 1784 123 .520

156 155 220 182 licet
237 153 343 189 piscina
359 152 543 188 baptismatis.
564 152 618 179 Pax
632 152 689 186 tibi,
710 152 800 179 amice
814 156 841 179 et
859 151 945 178 frater

997 150 1043 177 τοῦ
1061 151 1256 186 βαπτίσματος.
1273 153 1376 189 Εἰρήνη
1405 162 1457 185 σοι,
1478 153 1538 186 φίλε
1555 153 1602 179 καὶ
1625 152 1721 186 ἁδελφε
1737 154 1785 180 καὶ

112 205 115 213 '
155 204 183 228 et
198 199 320 227 domine.
337 200 394 227 Pax
409 203 435 226 et
453 198 548 226 domui
563 204 628 232 ture,
641 203 668 227 et
680 199 810 226 omnibus
828 198 876 232 qui
909 197 943 225 ad

156 251 183 273 te
208 245 354 280 pertinent,
372 244 528 276 al’atre,et
542 245 621 278 Filio,
648 249 677 272 et
704 244 808 279 Spiritu
835 247 943 271 saneto.

156 293 253 318 Amen.

261 348 376 376 CLXIV.
389 364 424 369 -
444 349 667 376 Archimandrilaz
679 348 792 376 Gott/riu:
808 347 856 384 (").

996 196 1125 224 δέσποτα.
1139 198 1243 235 Εἰρήνη
1268 200 1315 226 καὶ
1342 199 1381 235 τῷ
1407 199 1475 234 οἴκῳ
1500 208 1558 232 σου,
1585 198 1632 225 καὶ
1649 199 1715 225 πᾶσι
1727 200 1784 230 τοῖς

997 241 1157 278 διαφέρουσι
1169 253 1220 277 σοι,
1239 245 1294 271 ἀπὸ
1320 244 1368 271 τοῦ
1395 244 1503 281 Πατρὸς
1516 245 1574 272 ίκαὶ
1594 243 1642 282 ἰρῦ
1654 244 1720 271 Υῖοῦ
1737 245 1785 271 καὶ

998 287 1046 314 τοῦ
1064 289 1143 323 ἁγίου
1167 289 1337 324 Πνεύματος.

1066 345 1136 373 ΡΞΔ¹
1148 346 1216 383 (56).
1227 363 1263 368 —
1285 347 1509 383 Ἀρχιμανδρίτῃ
1520 347 1657 379 Γοτθίας.
1671 345 1733 382 [ψη]

807 407 844 432 De
856 405 991 431 monastieo
1003 405 1127 431 instituto.

189 459 312 487 Gratiam
327 459 460 487 habemus
472 465 570 487 sancto
590 459 656 492 Deo,
676 461 748 495 quod
763 460 839 496 digni
858 461 944 488 habiti

154 513 250 533 sumus
264 505 312 540 qui
325 505 429 533 amicas
442 506 598 533 sanctitatis
614 510 667 533 tua:
683 506 789 534 litteras
809 507 947 542 accipere-

152 559 226 579 tnus.
241 549 296 578 Nec
312 559 376 578 vero
385 551 519 579 tarditatis
533 552 710 579 excusatione
724 552 802 579 nobis
815 558 856 580 est
866 560 946 587 opus.

149 597 270 630 Quinam
285 596 358 624 enim
371 605 468 625 sumus
483 605 534 625 nos
553 598 679 625 homines
696 598 794 625 tantilli
807 598 876 625 ?aut
893 606 946 633 qua

148 644 187 671 de
207 650 290 670 causa
305 651 354 670 vos
364 643 501 671 ullatenus
515 644 548 671 de
562 645 681 679 negotiis
694 644 794 672 vestris
815 644 945 671 maximis

149 688 187 715 'ad
210 689 370 715 tenuitatem
397 693 519 716 nostram
551 688 701 716 referatis?
725 689 853 716 Attamen
877 689 942 724 quia

149 733 261 760 modice
270 733 303 760 de
318 733 397 760 mbis
416 733 576 766 sentientes,
595 734 683 761 nostis
707 734 788 761 etiam
811 734 943 761 minimos

152 779 297 814 complecti
312 788 319 806 :
335 779 500 807 conveniens
511 779 563 806 fuit
583 784 611 806 et
633 787 682 807 vos
695 780 824 811 scribere,
841 783 869 806 et
892 786 944 806 nos

153 825 270 857 discere,
286 832 342 851 nou
358 825 445 852 solum
460 833 520 859 quae
535 825 648 859 epistola
664 825 832 858 continebat,
847 831 943 852 verum

148 871 235 899 etiam
252 879 313 906 qum
325 871 543 898 rcverendissimi
554 870 652 898 fratres
660 878 692 898 ac
708 876 800 905 patres
813 870 942 903 docuere,

153 916 200 951 qui
215 923 262 943 eas
276 916 434 943 attulerunt.
457 915 560 943 Contra
583 923 644 951 quae
667 916 758 944 omnia
783 916 856 944 Deus
878 924 943 951 pro-

154 967 241 990 tector
251 967 353 996 noster,
369 967 397 989 et
416 962 618 989 inconsiderate
630 961 800 1001 obiectarum
815 963 946 989 crimina-

151 1007 258 1035 tiouum
276 1007 415 1042 depulsor.
438 1006 618 1035 Couferemns
635 1012 724 1034 autetn
749 1013 776 1035 et
791 1015 842 1034 nos
857 1007 947 1034 humi-

155 1053 205 1085 les,
219 1053 242 1081 si
261 1054 371 1088 quando
384 1053 487 1080 incidat
512 1061 613 1086 sermo,
629 1055 690 1088 q'u-e
703 1054 730 1081 in
758 1054 838 1081 nobis
854 1059 945 1085 erunt,

154 1099 225 1134 apud
239 1107 288 1127 eos
300 1099 347 1134 qui
360 1099 498 1127 voluerint
517 1100 699 1134 calumniari;
715 1107 770 1127 non
788 1108 843 1135 quo
862 1100 945 1127 bette-

151 1145 246 1172 iicium
264 1145 341 1173 vobis
359 1146 551 1181 rcpendamus,
563 1145 612 1174 sed
628 1147 738 1180 utquod
754 1147 883 1174 cltaritati
896 1147 946 1174 de-

155 1192 243 1223 betur.
255 1191 421 1226 expleamus.
439 1192 525 1225 Quam
542 1192 578 1219 ob
589 1199 700 1219 causam
725 1192 845 1220 scribere
857 1192 945 1220 coacti

154 1236 258 1264 fuimus
277 1236 324 1264 Dei
349 1238 539 1265 amantissimo
556 1237 630 1265 Patri
651 1243 679 1265 et
699 1238 820 1272 pontifici
833 1239 946 1266 domino

156 1281 293 1313 Pbilareto
308 1291 315 1310 :
328 1283 352 1310 si
369 1283 438 1310 forte
452 1289 579 1318 suscepta
604 1283 687 1311 fuerit
715 1284 828 1312 humilis
852 1290 944 1312 nostra

157 1329 328 1360 intercessio.
343 1329 376 1357 ad
391 1330 608 1365 componendam
623 1337 729 1365 pacem,
744 1331 809 1365 quia
822 1331 892 1358 nihil
905 1337 946 1359 est

157 1374 369 1408 conducibilius,
383 1380 410 1403 el.
438 1384 491 1411 qua
505 1376 607 1404 Christi
624 1376 762 1412 discipuli,
778 1377 825 1412 qui
842 1377 876 1405 ab
887 1379 946 1413 ipso

158 1422 246 1449 vocati
262 1426 338 1454 sunt,
354 1422 481 1457 insigniri
496 1423 604 1451 debent.
627 1422 690 1451 Haec
706 1424 780 1451 velut
791 1424 819 1450 in
834 1432 942 1452 summa

158 1467 191 1494 de
207 1468 241 1495 iis
253 1475 313 1502 qua;
329 1473 437 1503 urgent.
453 1467 491 1496 De
509 1469 570 1496 aliis
587 1476 653 1497 vero
676 1477 808 1504 quorsum
826 1477 841 1497 a
866 1470 945 1498 nobis

157 1512 302 1547 quaesitum
320 1518 363 1541 est
379 1518 408 1541 ut.
421 1515 656 1549 respondeamus?
670 1522 733 1542 cum
754 1523 803 1543 vos
816 1516 945 1543 divinitus

158 1557 247 1584 edocti
275 1558 374 1585 librum
393 1559 484 1593 magni
501 1559 605 1586 Basiliii
619 1567 633 1587 a
651 1559 706 1588 Deo
727 1565 870 1588 exaratum
896 1562 945 1588 ha-

159 1602 255 1634 beatis,
271 1602 415 1630 docentem
441 1611 503 1638 qure
525 1605 686 1633 monasticae
706 1614 754 1634 seu
782 1606 947 1634 cmuobiacm

159 1647 220 1674 vitaz
231 1647 363 1675 salutaria
375 1652 476 1676 suntet
488 1649 563 1676 utilia
576 1659 582 1676 ι
598 1651 702 1686 absque
715 1659 770 1685 quo
786 1659 836 1678 nec
850 1652 950 1687 guber-

159 1701 224 1721 nare
235 1694 316 1729 digne
335 1694 390 1722 Deo
414 1696 501 1730 possit
526 1704 638 1731 praeses,
656 1705 707 1724 nec
728 1698 830 1725 utiliter
851 1699 950 1733 guber-

160 1741 220 1768 nari
234 1741 373 1770 subditus.
388 1741 435 1769 llle
446 1742 480 1770 de
493 1743 612 1778 quolibet
627 1748 655 1770 et
668 1749 828 1778 argumento
849 1750 876 1772 et
892 1752 950 1772 tua-

160 1786 227 1813 teria
252 1794 338 1814 sacra:
359 1787 420 1815 vita:
434 1789 598 1816 cwnobiacre
622 1790 733 1824 propria
751 1790 946 1826 interrogatus,

159 1840 208 1866 per
231 1831 364 1867 Spiritum
387 1838 511 1862 sanctum
527 1835 691 1868 respmndet:
712 1840 742 1862 ut
765 1836 881 1870 quiejus
895 1836 948 1863 du-

158 1884 232 1906 ctum
249 1879 382 1914 sequitur,
403 1880 516 1907 ductum
533 1885 665 1915 sequatur
693 1881 814 1916 Spiritus
835 1883 924 1909 sancti
940 1891 947 1909 :

159 1925 206 1959 qui
221 1924 246 1952 ei
262 1933 315 1952 non
330 1926 427 1958 credit,
439 1926 549 1953 Christo
563 1926 609 1961 qui
627 1934 675 1961 per
695 1935 758 1954 eum
774 1927 883 1954 locutus
895 1932 947 1958 est,

160 1978 214 1998 non
228 1971 330 1998 credat.
346 1971 412 2004 Qua:
425 1979 491 2007 ergo
509 1979 557 2006 per
572 1972 707 2000 incuriam
724 1972 853 2000 fratribus
865 1973 947 2001 obre-

159 2021 227 2050 punt
242 2017 351 2051 delicta,
382 2025 414 2045 ea
430 2025 478 2053 per
496 2018 582 2046 laicos
605 2018 729 2046 homines
750 2018 867 2053 iudicari
892 2027 946 2046 non

159 2061 242 2089 licere
257 2065 334 2090 sacer
352 2062 410 2097 ipse
432 2063 533 2090 clamat
557 2063 722 2098 Apostolus:
740 2063 827 2090 Audet
850 2063 946 2099 aliquis

159 2113 273 2134 vestrum
287 2108 385 2135 habens
396 2109 529 2144 negotium
540 2110 666 2136 adversus
678 2110 792 2136 alterum
805 2131 811 2142 ,
823 2110 945 2145 judicurt‘

158 2153 229 2188 apud
249 2154 353 2189 iniquo:
363 2159 388 2181 et
409 2163 460 2182 non
475 2156 546 2189 apud
561 2161 666 2182 sanctos
678 2156 748 2182 “'5'.
761 2155 793 2182 Et.
801 2162 863 2191 post
873 2157 924 2183 alia
937 2167 944 2184 :

159 2198 204 2225 διε
213 2207 266 2226 non
277 2205 317 2227 est
329 2200 398 2227 inter
411 2208 454 2228 vos
468 2202 572 2236 sapiens
587 2202 737 2236 quitquam,
753 2202 799 2237 qui
810 2202 947 2236 possilju-

157 2245 248 2272 dicare
265 2246 335 2273 inter
345 2246 468 2281 [fratrem
488 2255 586 2279 suum;
615 2249 662 2275 sed
684 2250 770 2283 frater
784 2257 842 2275 cum
864 2250 946 2283 fratre
964 2262 983 2288 ι)

157 2291 301 2324 contendit,
310 2293 393 2319 ethoc
408 2295 478 2327 apud
489 2294 608 2328 inﬁdeles
619 2293 780 2321 “?Periude
792 2298 944 2328 autem-esl,

157 2345 190 2365 ac
203 2339 227 2365 si
237 2338 309 2373 apud
330 2339 453 2367 inﬁdeles
469 2340 528 2373 fiat,
554 2341 627 2375 apud
643 2340 729 2368 laicos
743 2341 942 2368 monachorum

157 2383 276 2418 negotia,
291 2385 454 2418 examinari,
470 2390 499 2414 et
507 2385 605 2420 janum
621 2386 654 2413 iis
670 2386 788 2420 aperire,
806 2393 875 2421 quos
894 2395 945 2414 ne-

157 2428 199 2455 fas
214 2434 257 2456 est
279 2437 324 2457 res
338 2436 449 2458 nostras
469 2431 628 2466 inspicere:
660 2432 867 2468 absurdumque
893 2433 945 2460 huc

158 2481 271 2509 prorsus
280 2480 308 2502 et
325 2475 488 2504 damnosum
505 2481 533 2504 et
545 2475 676 2505 Ecclesiis
692 2477 749 2505 Dei.

187 2649 248 2666 ""’
265 2650 350 2682 lCor,
368 2659 403 2683 γι,
419 2651 461 2677 il.
501 2651 524 2666 “
544 2652 608 2680 ibid.
621 2653 647 2679 ὅ.

1031 459 1120 495 Χάριν
1142 458 1328 494 ὁμολογοῦμεν
1349 459 1386 494 τῷ
1403 459 1474 494 ἁγίῳ
1488 457 1557 492 Θεῷ,
1574 457 1614 484 ὅτι
1630 455 1787 492 ἠξιώθημεν

994 504 1121 537 δέξασθαι
1134 506 1286 541 γράμματα
1298 506 1456 541 ἀγαπητικὰ
1477 505 1527 540 τῆς
1537 505 1674 540 ὁσιότητος
1693 503 1785 538 ὑμῶν·

995 552 1026 578 οὐ
1039 552 1092 586 μὴν
1117 550 1256 587 χρῄζομεν
1264 551 1411 585 ἀπολογίας
1421 551 1465 577 διὰ
1473 550 1522 585 τὴν
1537 549 1701 585 βραδυτῆτα.
1709 548 1786 579 Τίνες

995 597 1051 633 γάρ
1072 597 1152 632 ἡμεῖς
1178 598 1203 623 oi
1220 596 1357 630 εὐτελεῖς;
1373 597 1389 632 ἢ
1413 596 1486 628 τίνος
1504 596 1597 623 ἕνεκεν
1617 595 1685 626 ’ὀλως
1707 594 1738 621 τὸ
1752 596 1786 630 τῇ

996 642 1120 678 ἡμετέρᾳ
1135 642 1290 678 οὐθενότητι
1306 642 1454 678 ἀναφέρειν
1473 643 1546 678 ὑμᾶς
1566 641 1632 677 περὶ
1649 641 1704 668 τῶν
1721 649 1786 674 συγ-

994 688 1141 715 κινούντων
1153 689 1224 724 ὑμᾶς
1233 689 1401 723 άναγκαίων;
1411 689 1506 724 Ὅμως
1519 688 1612 723 ἐπειδὴ
1627 687 1788 722 μετριόφρο-

994 743 1039 766 νες
1053 735 1234 771 τυγχάνοντες
1248 735 1338 762 οἴδατε
1353 735 1399 762 καὶ
1415 736 1471 766 τοῖς
1486 734 1638 770 ἐλαχίστοις
1650 742 1787 769 συμπερι-

995 782 1145 816 φέρεσθαι·
1169 782 1282 813 είκότως
1297 782 1344 808 καὶ
1358 782 1435 808 αὐτοὶ
1456 781 1623 816 γεγράφατε,
1638 781 1687 807 καὶ
1705 781 1787 815 ἡμεῖς

995 826 1120 861 ἐδιδάχθη
1126 835 1185 861 μεν,
1200 827 1230 852 οὺ
1244 826 1325 860 μόνον
1339 827 1388 853 ὅσα
1401 827 1418 862 ὴ
1435 826 1573 862 ἐπιστολὴ,
1592 825 1659 852 ἀλλὰ
1673 825 1722 852 καὶ
1735 825 1786 851 ὃσα

994 873 1019 899 οἱ
1041 872 1142 908 ταύτην
1166 873 1357 908 ἐπιφερόμενοι
1380 872 1589 907 αἰδεσιμώτατοι
1611 872 1721 907 ἀδελφοὶ
1736 872 1784 898 καὶ

997 919 1119 954 Πατέρες
1134 919 1266 951 ἐδίδαξαν.
1284 920 1354 946 Καθ’
1373 915 1410 945 ὧν
1428 919 1556 946 ἁπάντων
1578 919 1592 945 ὁ
1614 918 1680 950 Θεὸς
1707 917 1787 953 ἡμῶν

997 962 1207 998 ὑπερασπιστὴς
1228 970 1235 978 ·
1261 963 1309 989 καὶ
1331 963 1385 990 τῶν
1407 963 1612 998 ἐπιφερομένων
1635 962 1787 997 ἀλογίστως

996 1007 1167 1042 αὶτιαμάτων
1179 1008 1354 1043 διαλλακτὴς.
1371 1009 1579 1043 Συνεισοίσομεν
1593 1008 1622 1035 δὲ
1636 1008 1684 1035 καὶ
1706 1008 1788 1043 ἡμεῖς

995 1054 1020 1080 οἱ
1034 1054 1165 1086 ταπεινοὶ,
1175 1054 1201 1081 εἰ
1210 1063 1276 1081 ποτε
1292 1054 1372 1089 λόγος
1389 1054 1493 1089 γένοιτο
1505 1055 1537 1082 τὰ
1551 1055 1616 1091 παρ’
1628 1054 1741 1087 ἑαυτῶν,
1757 1056 1788 1080 ἑν

996 1101 1052 1130 τοῖς
1071 1100 1217 1134 φθάζουσιν
1236 1101 1419 1128 ὲνδιαϐάλλειν
1432 1122 1440 1134 ,
1460 1102 1490 1128 οὑ
1514 1101 1594 1137 χάριν
1619 1101 1683 1136 ὑμῖν
1702 1109 1789 1130 κατα-

997 1145 1155 1181 ϐαλλόμενοι
1165 1166 1173 1177 ,
1189 1146 1256 1172 ἀλλὰ
1267 1146 1297 1172 τὸ
1311 1146 1552 1182 κεχρεωστημένον
1566 1148 1599 1182 τῇ
1617 1146 1711 1181 ἀγάπῃ
1723 1146 1789 1172 ἀπο-

996 1191 1198 1227 πληρώσοντες.
1224 1189 1261 1219 Ui;
1286 1192 1368 1227 χάριν
1396 1191 1611 1226 ἠναγκάσθημεν
1636 1191 1788 1218 ἐπιστεῖλαι

996 1238 1043 1264 καὶ
1058 1237 1097 1274 τῷ
1112 1238 1313 1273 θεοφιλεστάτη)
1330 1239 1418 1272 Πατρὶ
1431 1237 1478 1264 καὶ
1489 1238 1614 1273 ἀρχιερεῖ
1625 1237 1713 1273 κυρίῳ
1723 1237 1788 1263 Φιλ-

997 1283 1100 1318 αρέτῳ·
1127 1283 1185 1317 εἴγε
1207 1283 1254 1309 καὶ
1273 1282 1451 1317 προσδεχθειη
1476 1282 1492 1317 ή
1517 1281 1690 1317 παράκλησις
1707 1281 1790 1316 ἡμῶν

996 1329 1050 1355 τῶν
1061 1328 1208 1360 ταπεινῶν,
1224 1328 1371 1354 συνδέουσα
1388 1326 1423 1353 τὰ
1439 1328 1506 1362 πρὸς
1519 1328 1643 1363 είρήνην,
1657 1325 1691 1363 ἦς
1712 1327 1790 1353 οὐδὲν

996 1375 1226 1410 λυσιτελέστερον,
1245 1374 1292 1401 καὶ
1314 1372 1386 1412 ὲφ’ᾗ
1409 1374 1528 1409 Χριστοῦ
1550 1374 1670 1410 μαθηταὶ
1694 1375 1719 1400 οἱ
1739 1374 1791 1401 ἀπ’

996 1422 1079 1449 αὑτοῦ
1088 1421 1262 1456 κεκλημένοι,
1271 1421 1407 1456 ὀφείλουσι
1422 1420 1685 1458 χαρακτηρίζεσθαι.
1694 1422 1788 1448 Ταῦτα

995 1467 1032 1499 ὡς
1047 1469 1076 1494 ἐν
1097 1467 1237 1503 κεφαλαίῳ
1259 1467 1324 1503 ’περὶ¹
1340 1467 1394 1494 τῶν
1408 1468 1638 1501 κατεπειγόντων.
1656 1468 1743 1503 ’Υπὲρ
1760 1468 1790 1494 δὲ

995 1514 1050 1541 τῶν
1064 1513 1163 1548 ἄλλων,
1174 1515 1200 1540 τί
1215 1514 1262 1540 καὶ
1276 1513 1484 1550 ὲπεζητήθημεν
1504 1514 1572 1545 ὅλως
1588 1513 1790 1549 ἀποκριθῆναι;

997 1560 1113 1595 ἑχόντων
1125 1560 1202 1595 ὑμῶν
1216 1562 1271 1586 τῶν
1287 1556 1464 1587 θεοδιδάκτων
1477 1560 1526 1594 τὴν
1542 1560 1724 1595 θεοχάρακτον
1742 1559 1786 1594 βίκ

1001 1606 1065 1632 ὅλον
1077 1605 1124 1632 τοῦ
1139 1606 1259 1640 μεγάλου
1275 1605 1427 1637 Βασιλείου,
1445 1605 1627 1633 διδάσκουσαν
1638 1606 1685 1632 τοῦ
1705 1614 1791 1641 μονα-

999 1652 1085 1685 δικοῦ,
1104 1651 1153 1678 εἴτ’
1163 1650 1210 1679 οὖν
1227 1652 1397 1679 κοινοϐιακοϋ
1414 1652 1471 1686 βίου
1485 1653 1519 1679 τὰ
1531 1653 1653 1688 σωτήρια
1666 1653 1713 1679 καὶ
1726 1653 1789 1688 ὀνη-

999 1698 1114 1733 σίφορα·
1132 1695 1166 1734 ἧς
1185 1698 1269 1733 χωρὶς
1285 1698 1335 1725 οὐκ
1351 1697 1424 1724 ἔστιν
1441 1697 1503 1724 οὕτε
1523 1698 1706 1734 καθώηγῆσαι
1726 1698 1789 1725 θεο-

1000 1743 1123 1778 πρεπῶς,
1136 1742 1197 1770 οὔτε
1212 1743 1429 1779 καθοδηγηθῆναι
1439 1743 1595 1777 λυσιτελῶς,
1608 1744 1655 1770 καὶ
1668 1744 1789 1779 ἄρχοντα

999 1788 1046 1814 καὶ
1061 1789 1220 1824 ἀρχόμενον.
1241 1789 1360 1820 Ἐκεῖνος
1376 1788 1553 1824 ἐρωτώμενος
1568 1790 1614 1816 ἐπὶ
1630 1789 1704 1825 πάσῃ
1720 1790 1789 1816 ὑπο-

999 1835 1073 1861 θέσει
1095 1834 1141 1860 καὶ
1158 1835 1268 1870 ἀφορμῇ
1283 1835 1333 1870 τῆς
1353 1836 1381 1862 ὲν
1396 1835 1523 1870 κοινοϐίῳ
1544 1836 1618 1871 ἱερᾶς
1638 1835 1723 1871 ζωῆς,
1742 1836 1789 1863 διὰ.

999 1880 1156 1915 Πνεὺματος
1166 1880 1244 1914 ἁγίου
1256 1881 1436 1916 ἀποκέκριται
1447 1889 1453 1896 ·
1467 1882 1515 1908 καὶ
1526 1882 1540 1908 ὁ
1553 1882 1649 1917 ἐκείνῳ
1661 1883 1788 1918 στοιχῶν,

999 1926 1141 1961 ἑστοίχησε
1167 1927 1206 1962 τῷ
1225 1926 1294 1961 ἁγίῳ
1314 1926 1471 1961 Πνεύματι’
1494 1928 1508 1954 ὁ
1524 1927 1547 1953 δ’
1564 1927 1639 1962 αὑτῷ
1653 1928 1787 1962 ἀπειθῶν,

998 1972 1131 2007 ἡπείθησε
1144 1972 1183 2007 τῷ
1198 1973 1226 1999 ὲν
1239 1972 1313 2008 αὐτῷ
1332 1973 1511 2008 φθεγξαμένῳ
1525 1973 1645 2008 Χριστῷ.
1663 1973 1703 2000 Τὰ
1720 1973 1788 2008 γοῦν

999 2018 1190 2053 συμπίπτοντα
1203 2018 1233 2051 ὲξ
1245 2019 1411 2053 ἀπροσεξίας
1424 2020 1479 2049 τοῖς
1493 2019 1617 2053 ἀδελφοῖς
1628 2019 1785 2055 σφάλματα,

998 2064 1047 2090 οὐκ
1061 2063 1120 2096 ἐξὸν
1136 2064 1181 2090 ἐπὶ
1193 2063 1294 2090 λαῖκῶν
1308 2063 1460 2098 προσώπων
1477 2064 1629 2099 κρίνεσθαι,
1643 2065 1691 2092 καὶ
1703 2065 1787 2097 αὐτὸς

997 2110 1011 2136 ὁ
1023 2109 1093 2145 ίερὺς
1112 2109 1270 2140 ’Δπόστολος
1292 2109 1358 2145 βοᾷ·
1377 2108 1476 2144 Τολμᾷ
1497 2118 1543 2142 τις
1565 2109 1648 2144 ὑμῶν
1665 2110 1787 2145 πρᾶγμα

997 2155 1074 2190 ἔχων
1087 2155 1241 2188 κρίνεσθαι
1254 2155 1303 2181 ἐπὶ
1316 2154 1375 2181 τῶν
1387 2155 1509 2187 ἀδίκων,
1523 2155 1572 2182 καὶ
1583 2155 1651 2190 οὐχὶ
1663 2155 1712 2182 ἐπὶ
1726 2156 1787 2183 τῶν

997 2199 1087 2234 ἁγίων
1098 2207 1107 2232 ;
1124 2200 1178 2226 Καὶ
1193 2199 1252 2235 μεθ’
1264 2200 1362 2234 ἕτερα·
1381 2200 1479 2233 Οὕτως
1508 2201 1564 2227 οὐκ
1587 2200 1633 2228 ἔνι
1656 2201 1692 2228 ἐν
1713 2202 1787 2236 ὑμῖν

997 2245 1093 2280 σορὸς
1110 2244 1182 2272 οὐδὲ
1194 2243 1247 2278 εἷς,
1263 2245 1297 2278 ὃς
1309 2245 1473 2279 δυνήσεται
1489 2246 1645 2280 ἀνακρῖναι
1659 2247 1717 2274 ἀνὰ
1729 2247 1785 2282 μέ-

997 2299 1054 2318 σον
1076 2290 1130 2318 τοῦ
1155 2291 1289 2325 ἀδελφοῦ
1316 2291 1428 2318 αὑτοῦ·
1455 2291 1537 2318 ἀλλὰ
1559 2291 1691 2326 ἀδελφὸς
1710 2291 1787 2326 μετὰ

995 2337 1130 2371 ἀδελφοῦ
1145 2338 1286 2371 κρίνεται,
1303 2338 1353 2364 καὶ
1367 2337 1456 2365 τοῦτο
1473 2337 1523 2364 ἐπὶ
1539 2338 1685 2366 ἀπίστων.
1713 2339 1786 2365 Ἴσον

994 2384 1022 2410 δὲ
1035 2384 1089 2410 τῶν
1101 2383 1223 2410 ἀπίστων
1237 2384 1295 2411 ἐστὶ
1308 2384 1339 2410 τὺ
1350 2384 1396 2410 ἐπὶ
1411 2384 1464 2411 τῶν
1477 2383 1578 2411 λαῖκῶν
1590 2385 1624 2411 τὰ
1635 2385 1689 2412 τῶν
1703 2393 1786 2420 μονα-

995 2429 1052 2466 χῶν
1077 2430 1264 2464 ἐξετάζεσθαι,
1286 2432 1334 2457 καὶ
1363 2431 1482 2465 ἀνοίγειν
1504 2431 1590 2467 θύραν
1620 2430 1661 2462 οἷς
1689 2431 1787 2467 ἀθέμι-

995 2483 1042 2501 τον
1065 2475 1256 2511 παρακύπτειν
1279 2477 1320 2508 είς
1339 2476 1374 2503 τὰ
1395 2477 1535 2512 ἡμέτερα·
1559 2477 1606 2503 καὶ
1630 2477 1708 2504 τοῦτο
1732 2478 1788 2504 ἀπ-

1000 2520 1062 2556 ᾴδον
1079 2521 1138 2547 ἐστὶ
1149 2521 1307 2548 παντάπασι
1330 2522 1378 2549 καὶ
1400 2522 1560 2558 ἀσύμφορον
1580 2524 1614 2560 τῇ
1637 2522 1787 2559 Ἐκκλησία

998 2565 1045 2592 τοῦ
1061 2566 1140 2594 Θεοῦ.

914 2730 1029 2758 δΟΤΛ-Σ.

189 2807 226 2842 (⁸)
243 2807 406 2843 Dogmatica.

1045 2808 1100 2844 (56)
1115 2808 1143 2836 lu
1155 2810 1215 2837 cod.
1229 2810 1295 2845 Reg.
1319 2811 1382 2846 ρνδ’.
