1927 3089
160 194 227 227 1521

755 191 1027 223 EPISTULARUM
1057 190 1131 221 LIB.
1152 190 1195 220 Π.

1719 189 1787 221 1522

194 252 261 286 Περὶ
273 250 414 285 ἀποταγῆς
429 249 476 277 καὶ
487 249 678 284 ἀποκάρσεως,
692 249 786 284 ἐπειδὴ
797 249 845 275 καὶ
857 247 951 275 τούτου

1038 246 1078 274 De
1096 245 1300 273 reuuntiatione
1325 248 1353 272 et
1376 249 1501 275 tonsura.
1514 242 1737 279 quandoquidem
1754 247 1789 271 «ιο

158 297 248 331 λόγος,
274 295 337 322 οὔτε
366 296 397 322 τὸ
420 296 594 323 ἀποσείεσθαι
610 295 769 322 ἀκίνδυνον·
791 295 858 330 φησὶ¹
880 293 947 329 γὰρ.

161 343 221 370 Τὸν
234 342 398 376 ἐρχόμενον
412 342 487 375 πρός
497 350 547 375 με,
561 342 597 368 οὐ
607 341 650 375 μὴ
663 341 779 368 ἐκϐάλω
792 341 851 373 ἔξω
862 348 869 356 '
887 340 949 367 οὔτε

158 390 190 415 τὸ
203 387 367 423 προσίεσθαι
381 387 474 419 ἁπλῶς
494 388 540 414 καὶ
559 387 597 419 ὡς
613 387 705 422 ἔτυχε·
723 387 770 413 καὶ
792 385 949 421 ἀποκείρειν

159 435 396 469 ἀνεπιστημόνως.
417 433 502 461 ὅσιον.
519 433 551 460 Et
569 433 624 468 γὰρ
640 432 739 465 οὐδεὶς
752 432 949 466 στρατευόμε-

157 490 212 514 νος
226 480 406 515 ἐμπλέκεται
419 479 484 513 ταῖς
499 479 553 507 τοῦ
566 480 640 512 ,βίου
663 480 885 514 πραγματείαις,
900 479 951 505 ἵνα

157 528 198 558 τῷ
212 526 489 561 στρατολογήσαντι
502 525 607 559 ἀρέσῃ,
623 525 695 552 καθὰ
712 526 886 561 γέγραπται·
902 525 951 551 πό-

159 582 200 608 σῳ
221 572 252 608 δὴ
276 571 323 599 οὖν
338 572 439 607 μᾶλλον
456 572 502 598 ἐπὶ
516 572 580 607 τῇδε
599 572 633 607 τῇ
657 571 794 606 θεολέκτῳ
813 571 949 606 στρατιᾷ;

159 620 247 645 Πᾶσιν
261 617 448 650 ἀποτάξασθαι
459 617 508 648 δεῖ,
520 618 630 644 πάντων
643 616 876 652 ἀωγυμνωθῆναι
887 616 949 652 χρὴ,

158 666 272 691 πάντων
286 665 478 699 ἀπορραγῆναι
488 663 557 694 δέον,
570 663 617 689 καὶ
629 663 759 697 σχέσεων,
773 662 821 689 καὶ
830 662 950 694 οἰκείων,

159 711 208 737 καὶ
222 710 317 744 φίλων,
327 710 376 736 καὶ
391 710 541 743 συγγενῶν,
557 709 605 736 καὶ
618 709 665 736 τοῦ
677 708 835 744 σύμπαντος
846 709 951 743 κόσμου

159 756 232 784 κατὰ
241 756 361 783 διάθεσιν
375 756 537 791 ξενωθῆναι,
556 755 602 782 τόν
614 764 646 789 γε
661 755 700 787 ὡς
714 755 822 789 ἀληθῶς
836 755 952 782 ἀκολου-

159 805 217 830 οεῖν
232 803 364 838 μέλλοντα
372 802 411 837 τῷ
424 802 534 837 Χριστῷ
543 809 550 816 ’
561 800 610 828 εἶθ’
621 801 706 834 οὕτως
721 800 893 836 ποιχηθῆναι
905 800 953 827 καὶ

158 848 359 883 διαπλασθῆναι
373 848 423 882 τὴν
437 847 579 882 θεοστοιχῆ
596 846 643 874 καὶ
657 846 823 874 θεόπλαστον
840 847 952 882 μοναδι-

160 895 212 930 κὴν
225 894 284 927 ἕξιν
295 902 303 910 '
317 894 364 921 καὶ
375 895 473 928 πεῖραν
490 893 569 920 δόντα
586 893 634 920 καὶ
649 893 765 928 βάσανον
777 892 889 928 ἀρετῆς,
904 891 951 919 οὖ-

158 949 214 972 τως
226 939 385 975 εἰσαχθῆναι
399 940 432 974 τῇ
448 938 585 974 μαρτυρίᾳ
599 938 654 965 τῶν
671 938 775 965 πολλῶν
787 939 827 970 εἰς
842 938 889 973 τὴν
903 946 951 973 μο-

159 987 275 1023 ναχικὴν
292 987 444 1018 τελείωσιν,
461 987 509 1013 καὶ
525 987 573 1014 ἕνα
592 986 719 1020 γενέσθαι
742 985 798 1012 τῶν
818 986 867 1012 τοῦ
882 986 950 1021 Χρι-

160 1032 226 1059 στοῦ
256 1032 409 1067 προϐάτων.
447 1032 591 1067 Ἀμυήτως
622 1031 651 1058 δὲ
679 1031 727 1058 καὶ
758 1030 883 1065 ἀμαθῶς,
912 1029 949 1062 ὡς

159 1079 334 1113 ἀπήγγελται
362 1079 440 1113 ἡμῖν,
469 1077 674 1113 ἀποκείρεσθαι,
706 1076 873 1103 ἐπικίνδυνον
904 1077 950 1103 καὶ

159 1124 366 1160 ὀλεθριώτατον,
395 1124 442 1151 καὶ
465 1123 504 1158 τῷ
520 1123 672 1158 κειρομένῳ
695 1123 743 1150 καὶ
763 1122 803 1157 τῷ
820 1122 948 1158 κείροντι.

167 1171 249 1197 Ἀλλά
271 1172 325 1205 γὰρ
351 1169 399 1196 καὶ
425 1169 659 1204 ἀποσχηματίςειν
676 1168 804 1204 μοναχὸν,
819 1168 876 1195 ἴσον
891 1168 951 1195 ἐστὶ

159 1216 200 1252 τῷ
222 1215 431 1248 ἀποϐαπτίζειν.
446 1215 536 1247 Ὀλως
552 1215 684 1250 τολμᾶται
705 1215 785 1242 τοῦτο
807 1214 947 1249 γίνεσθαι·

160 1260 276 1296 φρικτόν
288 1262 347 1287 ἐστι
369 1260 416 1286 καὶ
431 1260 609 1296 ἀκουόμενον.
626 1261 658 1288 Et
673 1260 702 1287 δὲ
720 1260 790 1296 μετὰ
808 1260 856 1287 τοῦ
875 1260 950 1287 δεόν-

159 1315 216 1338 τως
233 1306 389 1341 ἀποκεῖραι,
411 1305 506 1341 ἐπειδὴ
527 1305 704 1332 ὐπονοστοῦσί
731 1315 802 1337 τινες
827 1305 895 1342 πρὸς
915 1305 950 1332 τὰ

161 1351 273 1387 χείρονα
284 1359 291 1365 ·
306 1351 370 1382 τοὺς
390 1351 527 1382 τοιούτους
549 1351 728 1386 ἐπιμένοντας
742 1353 775 1387 τῇ
791 1352 886 1387 κακίᾳ,
903 1351 951 1378 καὶ

162 1396 201 1432 μὴ
216 1396 347 1431 ἰωμένους
359 1397 471 1428 ἑαυτοὺς
480 1399 509 1424 ἐν
517 1398 573 1429 τοῖς
585 1399 710 1432 ψυχικοῖς
724 1398 851 1433 ἁρῤωστή
857 1406 949 1432 μασιν,

162 1443 347 1470 ἑκκόπτεσθαι
373 1443 426 1479 χρὴ
451 1444 501 1478 τῆς
530 1444 722 1479 ἁδελφότητος,
743 1444 804 1471 καθ’
821 1443 950 1479 ὁμοίωσιν

161 1490 217 1516 τῶν
235 1491 392 1525 σεσηπότων
417 1491 515 1526 μελῶν,
540 1491 577 1523 ὼς
593 1492 626 1518 ἂν
644 1491 681 1527 μὴ
700 1493 732 1526 τῇ
758 1491 884 1527 συνεχείᾳ
903 1491 950 1518 καὶ

161 1536 194 1561 τὸ
209 1535 284 1569 ὑγιὲς
301 1535 455 1570 βλάπτοιτο.
473 1536 542 1571 Φησὶ
561 1537 616 1572 γὰρ
631 1538 645 1563 ὁ
665 1537 780 1573 Κύριοςο
796 1537 950 1572 Συμφερές

161 1589 213 1608 σοι
226 1581 276 1608 ἵνα
287 1580 323 1608 ἓν
334 1581 393 1608 τῶν
403 1582 504 1616 μελῶν
520 1590 578 1609 σου
590 1582 740 1618 ἀποκοπῇ,
757 1584 806 1610 καὶ
819 1583 862 1618 μὴ
877 1583 951 1611 ὅλον

162 1628 197 1653 τὸ
210 1625 297 1661 σῶμά
313 1634 372 1654 σου
384 1627 489 1662 βληθῇ
502 1629 546 1662 εις
558 1629 616 1662 τὴν
632 1629 760 1664 γέενναν
777 1630 830 1657 τοῦ
845 1631 952 1664 πυρός.

168 1672 233 1699 Ἐὰν
244 1672 273 1699 δὲ
285 1672 357 1708 ἄλλῳ
373 1673 486 1700 δυνατὸν
534 1674 580 1701 τὸν
595 1675 746 1702 ἐκκοπέντα
763 1676 953 1711 προσήκασθαι

163 1717 236 1744 κατὰ
252 1717 458 1754 φιλανθρωπίας
472 1721 583 1755 τρόπον,
598 1721 648 1747 οὐκ
662 1721 715 1753 ἔξω
731 1721 778 1748 τοῦ
796 1722 911 1753 εἰκότος·
928 1721 955 1748 εἰ

162 1773 195 1799 γε
212 1765 337 1800 εὑρεθείη
354 1765 637 1802 ὲπιστημονικώτερος
659 1766 805 1803 ίατρεύειν,
828 1767 897 1794 ἀλλὰ
916 1767 953 1803 μὴ

162 1811 358 1845 ἀπολλυμένων
372 1812 655 1848 συμπεριφερόμενος.
667 1814 699 1840 Oi
714 1813 743 1840 δὲ
753 1813 842 1846 ἄλλως
855 1813 954 1848 κουφό-

162 1866 241 1884 τατοι
252 1858 445 1892 ἀποπηδῶντες
458 1858 505 1885 τοῦ
517 1859 662 1893 κοινοϐίου,
673 1860 853 1895 ἀπρόσδεκτοι
867 1860 952 1887 ἔστω-

163 1913 213 1930 σαν
239 1905 300 1936 ταῖς
328 1904 423 1937 ἄλλαις
441 1905 638 1941 ἀδελφότησιν·
655 1906 699 1934 ῐνα
722 1906 909 1942 συνασπισμὸς

162 1949 212 1975 καὶ
225 1950 370 1985 συμφωνία
384 1950 456 1977 κατὰ
466 1952 555 1978 πάντα
567 1952 623 1983 τοῖς
635 1952 720 1978 πᾶσι·
735 1951 783 1978 καὶ
798 1951 835 1987 μὴ
849 1952 894 1978 ὑπ’
905 1952 954 1979 ἀλ-

163 1996 253 2029 λήλων
265 1997 299 2023 τὰ
314 1997 437 2032 ἀλλήλων
449 1997 630 2029 καταλύοντες
645 1998 858 2034 σπουδάσματα·
874 1997 904 2031 ἐξ
916 1995 954 2026 ὧν

163 2043 194 2069 οὐ
209 2043 316 2078 κεφαλὴ
330 2044 344 2069 ὁ
360 2043 487 2078 Χριστὸς,
498 2044 512 2071 ὁ
521 2045 554 2079 τῇ
569 2044 664 2080 εἰρήνῃ
679 2043 795 2071 συνδέων
807 2044 840 2070 τὰ
853 2044 952 2077 πάντα,

162 2088 232 2115 ἀλλὰ
248 2089 309 2122 τίςς
334 2090 500 2116 ἀπευκταῖον
526 2090 574 2117 καὶ
596 2090 695 2124 λέγειν.
712 2090 810 2117 Δοῦλον
830 2090 860 2117 δὲ
879 2090 954 2126 ἔχειν

164 2134 283 2169 μοναχὸν
303 2135 343 2166 είς
362 2136 553 2171 μοναστήριον,
573 2135 702 2162 τοσοῦτον
716 2135 789 2169 ξένον
806 2136 844 2168 ὡς
859 2136 908 2163 καὶ
923 2135 954 2163 τὸ

162 2180 237 2215 ἔχειν
255 2182 389 2214 γυναῖκα·
411 2182 555 2217 ἀμφότερα
572 2182 627 2218 γὰρ
644 2183 694 2216 τῆς
708 2182 852 2218 παρακοῆς
874 2181 954 2218 εὐρέ-

164 2234 256 2261 ματα·
275 2227 387 2258 καὶτοῖς
397 2227 437 2259 εἰς
450 2227 479 2254 τὸ
492 2228 553 2254 κατ’
566 2228 652 2263 ἀρχὰς
666 2228 832 2264 ἀναδραμεῖν
842 2229 953 2264 ἐφιεμέ-

161 2280 219 2303 νοις
235 2272 278 2299 διὰ
295 2273 345 2307 τῆς
363 2273 509 2308 μοναδικῆς
526 2274 674 2308 πολιτείας,
690 2275 737 2301 καὶ
759 2275 808 2310 τὴν
821 2276 951 2311 ἀπήμονα

162 2319 210 2344 τοῦ
235 2319 401 2354 παραδείσου
429 2319 501 2355 ζωὴν
530 2320 672 2355 μιμεῖσθαι
695 2320 953 2355 ὲζηλωκόσιν,ἀπό-

163 2367 253 2401 ἤλητα
267 2367 302 2393 τὰ
318 2369 516 2403 προειρημένα.
535 2368 628 2395 Ταῦτα
644 2369 694 2395 οὐκ
709 2369 823 2401 οἴκοθεν,
841 2369 899 2396 ἀλλ’
923 2369 952 2403 ἐξ

162 2407 202 2437 ὧν
222 2412 247 2437 οι
272 2411 395 2447 θεοφόροι
422 2413 544 2448 Πατέρες
569 2413 747 2448 φθέγγοντες,
764 2413 952 2449 συνειληχότες

162 2457 378 2492 ὑπομνηστικῶς
398 2458 607 2497 ἐφθεγξάμεθα·
625 2458 781 2494 αἰτούμενοι
801 2459 873 2494 ὑμᾶς
889 2459 952 2492 τοὺς

163 2502 310 2538 πανιέρους
337 2504 536 2538 προσεύχεσθαι
560 2504 597 2539 μὴ
615 2504 695 2539 μόνον
719 2505 809 2539 λέγειν
824 2505 896 2541 ἡμᾶς
917 2506 952 2532 τὰ

162 2546 246 2578 καλὰ,
261 2546 330 2574 ἀλλὰ
343 2548 391 2574 καὶ
407 2548 538 2583 πράττειν
554 2549 583 2575 ὲν
598 2549 703 2584 Κυρίῳ.

269 2603 340 2630 ΡΞΕ’
354 2605 421 2640 θὸτ).
433 2620 468 2627 -
479 2606 630 2640 Γρητοριφ
642 2606 747 2640 τέκνῳ.
767 2605 845 2643 [σγ’.]

1000 293 1054 320 hoc
1070 292 1153 319 etiam
1181 299 1290 319 sermo:
1307 298 1358 318 nec
1381 290 1503 326 periculo
1525 294 1606 318 vacat
1633 289 1787 324 repellere;

999 339 1037 366 ait
1050 338 1122 366 enim
1139 347 1147 365 :
1164 337 1233 364 Eum
1246 337 1291 372 qui
1301 337 1370 364 venit
1385 336 1419 364 ad
1431 344 1481 369 me,
1490 344 1542 363 non
1552 336 1660 369 eiiciam
1667 336 1788 372 forat“:

999 391 1090 419 neque
1103 388 1204 411 temere
1219 390 1250 410 ac
1262 382 1375 410 fortuito
1394 382 1550 415 admittere,
1564 387 1596 414 et,
1608 382 1721 410 tondere
1736 382 1790 410 im-

999 431 1098 465 perite,
1116 434 1240 457 sanctum
1254 433 1305 456 est.
1319 428 1386 456 Nam
1399 429 1422 456 si
1439 437 1514 455 nemo
1530 428 1648 456 militum
1669 429 1790 463 implicat

1001 475 1112 511 negotiis
1130 475 1316 508 swcularibua,
1329 478 1359 501 ut
1370 475 1394 501 ei
1414 473 1516 508 placeat
1529 474 1573 500 cui
1584 481 1611 500 se
1621 473 1740 508 probauit
1754 474 1789 506 ",

1001 522 1072 549 sicut
1087 522 1220 557 scriptum
1232 527 1285 555 εει,
1295 525 1399 556 quanto
1416 521 1502 557 magis
1517 520 1545 548 in
1559 521 1612 548 hac
1622 528 1639 549 a
1652 522 1708 549 Deo
1721 529 1789 549 con-

1001 569 1095 596 stituta
1106 569 1202 596 militia
1214 568 1226 595 '3
1237 567 1372 595 Omnibus
1386 568 1545 595 renuntiare
1564 571 1683 603 oportet,
1701 568 1789 595 omni-

1002 614 1054 642 bus
1073 614 1184 649 spoliari
1200 621 1312 641 necesse
1333 618 1385 646 est,
1401 613 1434 640 ab
1447 613 1577 642 omnibus
1599 613 1678 641 avelli
1691 621 1791 642 conve-

1003 661 1054 692 nit,
1083 665 1111 688 et
1124 660 1280 692 all'ectibus,
1298 664 1325 686 et
1351 659 1520 691 domesticis,
1534 662 1562 686 et
1575 659 1682 692 amicis,
1699 663 1727 686 et
1743 667 1791 687 co-

1005 706 1106 742 gnatis,
1123 712 1151 734 et
1167 714 1181 733 a
1196 705 1300 733 mundo
1315 706 1445 733 universo
1459 705 1600 733 voluntate
1622 705 1791 740 peregrinari

1002 761 1076 785 eum,
1092 753 1138 788 qui
1163 760 1226 779 vere
1248 757 1394 780 secuturus
1418 752 1455 779 sit
1480 751 1640 779 Christum:
1657 755 1738 786 atque
1752 751 1790 779 ita

1003 800 1108 827 institui
1123 804 1150 827 et
1161 799 1276 827 formari
1290 799 1470 827 monasticam
1489 799 1687 836 professionem
1703 807 1719 827 a
1733 800 1790 827 Deo

1003 846 1143 874 conditam
1158 855 1167 874 :
1183 854 1301 882 eumque
1320 846 1399 881 cujus
1414 847 1500 874 virtus
1512 851 1633 882 spectata
1652 851 1734 882 atque
1744 854 1792 873 ex-

1003 892 1183 928 pertaluerit,
1206 892 1247 920 sic
1263 892 1400 920 introduci
1429 893 1482 921 sub
1499 893 1650 920 multorum
1668 893 1792 920 testimo-

1005 938 1049 965 nio
1065 937 1098 965 ad
1110 937 1301 965 monachicam
1316 938 1523 973 perfectionem,
1543 942 1570 966 et
1589 946 1672 966 unam
1688 938 1745 966 lieri
1758 939 1793 966 de

1003 983 1100 1011 ovibus
1114 983 1228 1011 Christi.
1244 983 1309 1011 Siue
1323 984 1476 1012 initiatione
1490 989 1580 1012 autem
1591 989 1618 1013 et
1627 984 1686 1012 siue
1702 985 1792 1012 scien-

1004 1029 1052 1061 tia,
1069 1033 1098 1056 ut
1112 1029 1192 1056 nobis
1201 1029 1392 1056 denuntiatum
1407 1029 1469 1062 fuit,
1486 1030 1593 1058 tonderi
1603 1031 1792 1066 periculosum

1002 1080 1056 1106 est,
1075 1082 1108 1102 ac
1119 1075 1385 1109 perniciosissimum
1401 1081 1429 1103 et
1445 1081 1523 1104 tonso
1542 1081 1569 1104 et
1586 1077 1722 1104 tondenti.
1738 1077 1792 1105 Sed

1003 1126 1031 1147 et
1044 1120 1167 1148 habitum
1180 1121 1324 1149 detrahere
1339 1122 1485 1155 monacho,
1511 1123 1624 1157 perinde
1640 1127 1683 1151 est
1696 1131 1729 1151 ac
1745 1123 1793 1150 bu-

1003 1166 1105 1200 ptismo
1121 1166 1251 1201 spoliare.
1267 1165 1386 1194 Omnino
1401 1174 1435 1194 eo
1449 1167 1607 1202 proceditur
1621 1168 1744 1196 audaciae
1761 1174 1792 1196 ut

1013 1213 1088 1240 istud
1103 1213 1160 1245 ﬁat,
1175 1213 1324 1240 orrendum
1340 1217 1383 1241 est
1396 1213 1440 1241 vel
1459 1215 1566 1242 auditu.
1584 1214 1613 1241 Si
1627 1222 1694 1242 vero
1714 1219 1794 1254 post-

1003 1267 1085 1294 quam
1106 1264 1219 1287 tonsura
1233 1259 1286 1287 rite
1311 1259 1384 1287 facta
1410 1260 1504 1293 fuerit,
1534 1261 1568 1289 ad
1585 1261 1721 1289 deteriora
1749 1269 1794 1289 re-

1003 1306 1086 1332 deant
1108 1305 1204 1340 aliqui,
1226 1305 1300 1340 iique
1321 1305 1470 1340 persistaut
1490 1306 1518 1334 in
1546 1307 1794 1341 improbitatemec

1003 1352 1103 1378 animat
1121 1359 1178 1378 sua:
1194 1351 1307 1379 morbos
1325 1356 1421 1379 curent
1433 1360 1440 1386 ;
1452 1352 1576 1379 exscindi
1597 1352 1696 1380 debent
1709 1359 1726 1380 a
1737 1351 1794 1379 frao

1003 1402 1076 1425 trum
1092 1403 1178 1431 coetu,
1199 1398 1270 1425 sicut
1295 1397 1384 1426 solent
1397 1399 1505 1433 putrida
1522 1399 1655 1430 membra.
1681 1406 1714 1426 ne
1725 1406 1795 1426 cou-

1004 1448 1077 1471 tactu
1093 1444 1165 1479 quod
1180 1451 1278 1471 sanum
1292 1448 1334 1471 est
1346 1444 1468 1472 laedatur.
1486 1444 1556 1472 Dicit
1564 1445 1636 1472 enim
1646 1444 1793 1474 Dominus:

1004 1490 1123 1517 Pra'stat
1138 1498 1219 1517 unum
1233 1489 1265 1517 de
1279 1491 1403 1518 membris
1425 1491 1477 1517 tuis
1504 1491 1635 1523 alucindi,
1652 1499 1732 1526 quam
1754 1497 1794 1518 to-

1004 1541 1060 1563 tum
1082 1545 1177 1571 corpus
1193 1541 1267 1564 tuum
1292 1537 1363 1564 mitti
1377 1537 1405 1564 in
1427 1537 1571 1572 gehennam
1595 1537 1662 1572 ignis
1672 1538 1705 1565 ".
1725 1537 1793 1565 Eum

1003 1587 1093 1610 autem
1111 1583 1158 1618 qui
1170 1583 1305 1610 rcscissus
1322 1587 1374 1616 est,
1389 1583 1424 1611 ab
1434 1583 1520 1612 altero
1536 1583 1639 1619 suscipi
1664 1584 1795 1611 humani-

1004 1629 1069 1657 tatis
1080 1629 1178 1665 gratia,
1199 1636 1254 1656 non
1270 1634 1312 1656 est
1329 1634 1428 1664 praeter
1438 1628 1480 1656 fas
1493 1634 1521 1656 et
1538 1637 1646 1665 aequum
1661 1639 1668 1663 ;
1692 1631 1715 1658 si
1733 1637 1792 1658 mo-

1003 1677 1068 1704 dum
1096 1676 1211 1712 peritior
1231 1676 1355 1704 medicus
1372 1676 1529 1704 inveniatur
1555 1678 1603 1713 qui
1618 1685 1681 1705 eum
1703 1682 1793 1710 sanet,

1004 1730 1055 1751 nec
1071 1730 1086 1750 a
1103 1723 1281 1758 pereuntibus
1304 1723 1385 1750 simul
1410 1723 1571 1756 abducatur,
1597 1724 1729 1751 Caeterum
1745 1726 1792 1762 qui

1004 1777 1053 1805 per
1075 1769 1211 1797 levitatem
1235 1775 1263 1798 et
1293 1770 1418 1798 cmuohio
1446 1770 1589 1803 resiliunt,
1605 1771 1639 1799 ab
1655 1771 1718 1798 aliis
1734 1770 1792 1799 l‘ra-

1005 1816 1181 1844 ternitatibus
1200 1816 1275 1843 nullo
1298 1816 1380 1844 modo
1394 1817 1577 1852 recipiantur:
1593 1821 1623 1845 ut
1642 1823 1738 1845 mutua
1757 1818 1793 1846 sit

1004 1863 1116 1891 dilectio
1130 1867 1158 1890 et
1183 1863 1330 1890 concordia
1346 1863 1469 1890 omnium
1495 1863 1523 1890 in
1537 1864 1688 1898 omnibus;
1713 1869 1740 1892 et
1759 1872 1794 1892 ne

1004 1909 1050 1937 alii
1065 1909 1182 1937 aliorum
1196 1909 1312 1936 invicem
1328 1909 1373 1944 pia
1393 1909 1484 1937 studia
1497 1909 1660 1943 destruant;
1675 1918 1709 1937 ex
1724 1910 1793 1946 qui—

1004 1956 1056 1983 bus
1073 1955 1112 1987 lit,
1127 1959 1157 1983 ut
1168 1959 1250 1990 caput
1264 1963 1319 1982 non
1340 1955 1377 1983 sit
1393 1955 1531 1989 Christus,
1559 1956 1606 1991 qui
1633 1964 1681 1991 per
1697 1963 1792 1991 pacem

1004 2001 1108 2036 colligit
1124 2001 1251 2029 universa
1264 2010 1272 2035 ;
1292 2001 1340 2029 sed
1353 2001 1415 2036 quis
1429 2001 1441 2028 τ
1455 2001 1645 2029 detestandum
1654 2008 1696 2029 est
1706 2002 1792 2030 dictu.

1004 2046 1083 2080 Quod
1097 2051 1188 2074 autem
1214 2054 1325 2074 servum
1349 2047 1449 2074 haheat
1476 2048 1628 2075 monachus
1645 2048 1671 2075 in
1696 2056 1792 2075 mona-

1005 2092 1101 2126 sterio,
1120 2093 1147 2120 id
1172 2100 1226 2120 non
1255 2093 1349 2120 minus
1362 2092 1480 2120 alienum
1496 2098 1538 2121 est
1551 2101 1633 2128 quam
1651 2094 1673 2122 si
1695 2093 1794 2122 habeat

1005 2138 1167 2172 mulierem;
1185 2143 1300 2173 utraque
1313 2139 1385 2166 enim
1395 2139 1504 2166 inventa
1515 2139 1791 2168 suntinobedientiaz:

1004 2188 1033 2212 et
1047 2184 1082 2212 iis
1096 2184 1144 2219 qui
1160 2184 1195 2212 ad
1218 2184 1410 2220 primigeniam
1425 2185 1608 2221 integritatem
1634 2187 1724 2215 redire
1745 2195 1793 2223 per

1004 2231 1193 2258 monachicam
1219 2231 1459 2259 comersatiouem
1485 2232 1610 2266 cupiunt,
1623 2237 1650 2260 et
1668 2232 1733 2260 mali
1745 2241 1792 2260 ex-

1003 2281 1109 2312 pertem
1125 2277 1246 2312 paradisi
1271 2278 1354 2305 vitam
1379 2277 1481 2305 imitari
1499 2278 1621 2312 student,
1638 2280 1791 2314 respuenda

1004 2328 1138 2358 suntquae
1151 2322 1286 2351 dixi.ll:ee
1305 2330 1361 2350 nou
1378 2323 1453 2350 domi
1472 2329 1547 2356 nata,
1567 2324 1615 2352 sed
1631 2331 1663 2352 ex
1679 2325 1713 2352 iis
1731 2333 1792 2360 quae

1003 2369 1090 2397 divini
1108 2368 1206 2397 Patres
1216 2369 1315 2397 docent
1327 2369 1428 2397 collata
1445 2370 1631 2405 protulimus;
1651 2371 1791 2406 postulan-

1005 2421 1048 2445 tes
1066 2421 1097 2444 ut
1111 2424 1161 2444 vos
1177 2416 1344 2444 sanctissimi
1356 2416 1452 2450 oretis,
1470 2421 1501 2444 ut
1520 2424 1571 2444 nos
1587 2417 1660 2446 bona
1679 2425 1735 2446 non
1751 2418 1791 2445 di-

1004 2471 1100 2492 camus
1120 2463 1211 2496 modo,
1223 2463 1270 2492 sed
1285 2467 1313 2491 et
1326 2462 1460 2491 iaciamus
1472 2464 1498 2491 iu
1514 2463 1640 2492 Domino.

1219 2605 1358 2634 CLXV.—
1368 2606 1493 2641 Gregorio
1513 2602 1594 2642 ﬁlio.‘

810 2667 848 2692 De
865 2667 971 2693 diversis
983 2666 1146 2700 argumentis.

205 2704 323 2740 Ἐχάρην
337 2706 386 2733 ἐπὶ
399 2707 439 2743 τῷ
449 2707 594 2744 γράμμα-τί
613 2717 670 2741 σου,
686 2709 782 2736 τέκνον
803 2711 949 2746 ἠγαπημέ-

160 2759 219 2781 νον.
234 2751 275 2777 ὃτι
287 2752 334 2779 καὶ
348 2753 445 2780 ἀστεία
461 2754 477 2789 ή
495 2754 554 2785 ὁδὸς
569 2755 624 2782 τῶν
636 2756 665 2782 ὲν
678 2755 753 2782 ἄστει
764 2763 772 2773 ·
794 2756 842 2782 καὶ
856 2757 951 2788 ὑγείαν

198 2809 221 2824 ε*
235 2809 315 2836 Joan.
333 2817 370 2843 vt,
386 2810 432 2838 37.
449 2811 471 2827 ⁸³
485 2810 506 2838 ll
528 2811 692 2845 Timotlmr.
706 2812 734 2840 ιι.
772 2813 795 2829 ⁸³
808 2812 943 2845 Maltlln.
959 2812 994 2839 ‘29

1039 2710 1157 2738 Gavisus
1184 2717 1245 2738 sum
1267 2709 1366 2736 litteris
1379 2708 1443 2740 tuis,
1463 2707 1567 2735 dilecte
1585 2707 1621 2735 ﬁli
1637 2709 1728 2744 :quod
1744 2717 1803 2737 υτ·-

1005 2757 1074 2784 bane
1088 2762 1116 2784 et
1132 2756 1247 2784 honeste
1262 2763 1292 2784 Se
1309 2760 1407 2791 gerant
1423 2756 1469 2790 qui
1484 2759 1557 2783 sunt.
1569 2754 1596 2783 iu
1621 2754 1699 2787 urbe,
1716 2756 1799 2790 quod.

916 2858 1031 2886 NOTAC.

201 2899 257 2935 (57)
273 2899 300 2926 lu
316 2900 377 2928 cod.
393 2900 458 2935 Reg.
474 2901 545 2936 ρμςπ
