1927 3089
157 182 224 215 1523

752 187 782 217 S.
799 186 999 216 THEODORI
1020 187 1195 217 STUDITE

1722 189 1733 221 1
1740 189 1791 221 524

152 241 336 269 \aletudinem
354 250 415 268 cum
436 242 519 269 fratre
539 242 647 270 Zosima
669 244 805 278 receperis
815 251 863 278 per
880 251 944 270 san—

999 245 1168 278 προσελάϐου
1185 245 1244 279 ἆμα
1258 244 1297 280 τῷ
1309 244 1416 279 ἀδελφῷ
1428 245 1541 281 Ζωσιμᾷ
1551 245 1595 272 διὰ
1609 247 1658 281 τῆς
1668 245 1791 280 ἀφαιμά-

151 287 244 322 guinis
260 287 458 315 detractionem
473 288 585 322 etquod
613 290 667 316 alia
684 290 762 317 vobis
790 297 823 316 ex
854 290 947 316 animo

151 333 352 361 successerint.
379 333 413 359 De
422 333 580 361 Xenodochi
596 339 686 362 autem
700 335 945 369 propositionibus,

151 377 224 411 quod
241 378 330 405 adhuc
346 386 360 405 a
380 378 459 405 nobis
472 378 687 406 declarationem
718 380 844 413 ﬂagitasti
860 389 868 412 ς
884 388 946 408 cum

151 423 236 456 probe
254 423 291 449 illi
306 431 338 449 ex
364 423 519 450 divinorum
538 423 649 450 Patrum
678 424 803 451 doctrina
831 432 946 459 respon-

149 468 239 500 deris,
258 469 326 496 nihil
356 469 492 497 habemus
519 470 632 503 quodad
664 471 858 504 responsiones
885 476 947 499 tuas

150 515 213 542 addi
243 516 339 550 possit.
358 515 473 543 Temere
503 521 593 544 autem
615 518 750 552 garriunt,
769 522 798 544 ut
813 524 924 552 apparet
939 539 946 550 ,

153 570 203 589 nec
220 562 327 589 discere
342 563 467 596 cupiunt,
484 563 531 597 qui
546 563 729 598 interrogant.
748 565 872 590 Attamen
883 565 946 598 quia

151 608 282 640 scriptum
293 613 348 634 est:
367 607 461 634 Parati
477 610 511 634 ad
522 609 738 643 salisfattianem
747 611 818 635 omni
837 617 948 643 poscen-

151 654 171 681 ti
184 661 227 680 tas
240 654 368 680 rationem
381 653 413 679 de
424 662 454 680 ca
466 662 524 688 quin
542 655 569 680 in
594 655 666 681 vobis
698 659 736 681 est
754 663 798 689 spe
824 656 846 671 “
856 677 863 689 ,
905 663 948 682 rc-

150 699 346 733 spondehimus
363 702 389 725 et
405 707 455 726 nos
476 700 538 727 ista.
552 699 748 727 Monachorum
765 701 874 728 habitus
891 702 947 728 vir-

150 745 274 778 ginitatis
299 751 341 771 est
367 739 536 779 progressio,
556 750 583 772 et
608 747 770 781 mysterium
789 753 830 774 est
852 755 948 774 mona-

151 791 236 818 chicae
257 791 445 826 perfer-tionis,
462 792 626 827 utloquilur
648 793 758 819 divinus
778 797 804 820 et
838 793 948 827 sapian-

152 838 275 865 tissimus
291 837 444 872 Dionysius.
461 837 493 864 Et
506 838 578 872 quod
593 843 720 873 quaerunt
735 838 875 864 nonnulli:
891 837 949 865 Un-

151 885 250 912 denam
268 888 326 911 orta
346 884 465 916 traditio,
484 893 536 918 qua
563 885 645 911 homo
668 885 808 911 renuntiat
835 884 946 916 saeculo,

999 289 1065 322 ξεως
1075 298 1082 305 ⁸
1100 291 1147 317 καὶ
1162 291 1246 317 τᾶλλα
1269 291 1333 324 ὑμῖν
1348 291 1390 316 ὅτι
1403 291 1475 317 κατὰ
1490 291 1591 317 σκοπὸν
1606 291 1708 327 ἀπέϐη.
1730 291 1792 318 Ἐπὶ

997 336 1026 362 δὲ
1049 337 1109 367 ταῖς
1127 337 1203 370 παρὰ
1217 337 1263 363 τοῦ
1280 336 1425 372 Ξενοδόχου
1441 337 1601 372 προτάσεσι,
1622 338 1648 363 τί
1670 338 1711 363 ὅτι
1727 338 1792 373 παρ’

998 381 1077 416 ἡμῶν
1108 381 1280 417 ἐπεζήτησας
1309 382 1350 408 ἔτι
1379 382 1557 416 διασάφησιν,
1588 383 1794 417 ἐγκεκριμένως

997 427 1159 461 ἀποκριθεὶς
1180 427 1255 462 αὐτῷ
1278 428 1348 454 κατὰ
1365 427 1415 461 τὴν
1437 428 1491 453 τῶν
1507 427 1645 460 θεοφόρων
1661 428 1793 462 Πατέρων

998 473 1176 500 διδασκαλίαν
1192 473 1268 500 οὐδὲν
1294 473 1488 508 περισσότερον
1508 472 1607 507 ἔχομεν
1629 472 1718 506 λέγειν
1738 473 1794 500 τῶν

999 519 1054 545 σῶν
1070 519 1344 554 ἀντιπαραστάσεων.
1369 519 1575 552 Είκαιολογοῦσι
1595 518 1634 550 δὲ,
1650 518 1688 550 ὡς
1707 519 1792 550 ἔοικε,

999 566 1046 591 καὶ
1059 566 1090 592 οὐ
1106 565 1302 600 φιλομαθοῦσιν
1313 567 1336 592 οἱ
1349 565 1541 601 ἐπερωτῶντες
1551 565 1626 599 ὅμως
1640 564 1734 599 ἐπειδὴ
1745 565 1793 598 γέ-

998 619 1138 646 γραπται’
1157 612 1284 647 ’Ἑτοιμοι
1311 612 1396 645 ὄντες
1415 612 1492 645 πρὸς
1513 610 1682 644 ἀπολογίαν
1698 610 1791 636 παντὶ

998 657 1039 689 τῷ
1057 656 1189 684 αἰτοῦντι
1210 657 1287 691 ὑμᾶς
1305 657 1397 691 λόγον
1419 657 1485 690 περὶ
1503 656 1558 690 τῆς
1574 657 1608 682 ἑν
1622 656 1694 690 ὑμῖν
1708 656 1794 682 ἐλπι-

998 703 1061 735 δος”
1078 704 1300 739 ἀποκρινούμεθα
1323 705 1370 731 καὶ
1388 705 1471 739 ἡμεῖς
1487 703 1561 730 τάδε.
1578 703 1614 729 Τὸ
1632 703 1687 728 τῶν
1709 711 1792 737 μονα-

998 749 1054 785 χῶν
1067 750 1172 784 σχῆμα,
1184 749 1333 784 παρθενίας
1346 750 1420 776 ἐστὶν
1435 748 1609 784 ἐπάγγελμα,
1628 748 1675 774 καὶ
1688 749 1792 783 μυστή-

1000 796 1057 830 ριόν
1075 797 1132 822 ἐστι
1159 796 1308 830 μοναχικῆς
1329 795 1506 827 τελειώσεως,
1531 795 1603 821 κατὰ
1625 795 1675 830 τὴν
1699 795 1792 831 φωνὴν

998 841 1044 868 τοῦ
1063 841 1136 868 θείου
1153 842 1200 867 καὶ
1215 842 1355 876 πανσόφου
1371 841 1520 869 Διονυσίου,
1536 841 1591 868 Καὶ
1604 841 1635 867 τὸ
1646 841 1735 874 λέγειν
1750 850 1792 867 τι-

999 887 1048 918 νὰς
1068 888 1109 918 τὸ,
1121 888 1206 914 Πόθεν
1221 887 1357 922 παρεδόθη
1375 887 1406 913 τὸ
1422 886 1634 919 ἀποτάσσεσθαι,
1650 888 1698 913 καὶ
1717 887 1792 920 γίνε-

151 935 179 958 et
197 932 228 958 iit
244 932 408 963 monachus,
423 931 496 958 aliud
512 931 578 958 nihil
600 931 922 966 respondendum,quatn
939 940 946 957 :

1001 933 1063 960 σθαι
1085 934 1215 968 μονσχόν;
1232 934 1308 960 οὐδὲν
1322 933 1415 969 ἕτερόν
1431 934 1505 959 ἐστιν
1523 934 1621 965 εἰπεῖν,
1640 933 1656 967 ἢ
1673 934 1725 964 ὅτι,
1738 934 1790 959 H6—
1828 949 1835 952 ~

152 975 294 1004 Undenam
309 982 370 1004 orta
381 977 491 1004 traditio
507 984 561 1011 qua
586 977 760 1004 Christianus
776 978 805 1004 lit
830 976 948 1011 aliquis?

151 1028 204 1060 Qui
220 1028 292 1054 cnim
310 1027 388 1062 prius
410 1027 500 1053 sanxit
517 1026 664 1060 apostolica
681 1026 839 1058 traditione,
860 1033 950 1061 poste-

151 1073 210 1100 rius
229 1075 312 1099 etiam
347 1073 434 1099 edidit
450 1072 523 1107 (57")
552 1080 598 1099 sex
625 1072 752 1107 mysteria
781 1072 948 1100 instituens:

151 1120 271 1156 primum
296 1119 329 1147 de
354 1118 518 1154 baptismate
535 1127 541 1144 :
562 1118 769 1151 secundum,de
789 1118 882 1153 synaxi
899 1126 947 1145 seu

151 1166 364 1193 communione:
382 1165 502 1197 tertium,
518 1164 551 1192 de
567 1165 775 1192 consecratione
792 1165 924 1199 unguenti
938 1173 945 1191 :

152 1212 335 1248 quartum,de
345 1211 565 1240 sacerdotalibus
577 1211 777 1238 initiationibus
790 1220 796 1237 ε
808 1211 945 1246 quintum,

151 1254 186 1294 de
201 1259 363 1286 monachica
385 1258 553 1294 perfectione
569 1266 578 1285 :
600 1262 719 1290 sextum,
736 1258 768 1284 de
781 1262 874 1285 sancte
883 1257 955 1285 dor»

155 1306 315 1339 rnientibus.
333 1304 404 1338 Quid
424 1312 490 1340 ergo
508 1305 534 1332 in
548 1305 590 1332 his
609 1304 756 1331 dicendum
771 1305 782 1331 ?
797 1303 875 1337 Quod
898 1304 946 1339 qui

151 1353 185 1380 de
198 1359 252 1379 uno
260 1351 366 1378 dubitat
382 1358 414 1378 ex
433 1350 466 1378 iis
481 1357 542 1385 quae
562 1349 634 1377 dicta
650 1354 723 1382 sunt,
738 1349 852 1384 ambigit
874 1348 946 1376 haud

153 1399 233 1426 dubie
246 1398 316 1426 etde
327 1398 399 1432 aliis,
420 1387 513 1424 utrum
528 1405 544 1424 a
558 1397 651 1424 divina
666 1396 811 1424 traditione
827 1396 947 1422 habean-

152 1450 218 1478 tur;
236 1449 264 1472 et
277 1452 333 1471 uno
348 1443 466 1475 sublato,
485 1443 566 1470 simul
583 1443 739 1470 necessario
760 1442 896 1468 tolluntur
919 1445 946 1468 et

152 1491 257 1526 reliqua
272 1512 279 1527 ,
292 1495 318 1518 et
334 1498 423 1525 neque
440 1490 587 1524 baptisma,
607 1497 696 1523 neque
716 1488 839 1523 synaxis,
857 1495 946 1521 neque

152 1538 277 1572 divinum
289 1542 469 1572 unguentum,
485 1543 573 1570 neque
601 1534 780 1562 sacerdotalis
800 1533 919 1559 initiatio
936 1553 944 1565 ,

1001 979 1046 1006 θεν
1069 979 1204 1014 παρεδόθη
1223 979 1345 1013 γίνεσθαί
1364 988 1425 1006 τινα
1445 980 1624 1014 Χριστιανόν;
1647 979 1676 1005 '0
1692 980 1747 1015 γὰρ
1760 979 1792 1005 τὸ

999 1026 1134 1061 πρότερον
1155 1025 1362 1060 θεσμοθετήσας
1381 1026 1546 1061 ἀποστολικῇ
1565 1026 1724 1061 παραδόσει.
1743 1026 1792 1051 καὶ

998 1073 1028 1098 τὸ
1056 1071 1181 1107 δεύτερον
1210 1071 1358 1104 ἐξέδωκεν,
1384 1071 1413 1104 ἐξ
1442 1073 1582 1107 μυστήρια
1609 1071 1790 1102 ὲκτεθεικώςκ

999 1117 1118 1152 πρῶτον,
1135 1117 1200 1151 περὶ
1211 1117 1397 1152 φωτίσματος·
1414 1116 1550 1152 δεύτερον,
1564 1118 1629 1152 περὶ
1641 1118 1790 1150 συνάξεως,

998 1162 1048 1189 εἶτ’
1066 1161 1113 1190 οὖν
1131 1163 1273 1195 κοινωνίας
1285 1171 1292 1176 ·
1307 1163 1398 1198 τρίτον
1419 1164 1482 1198 περὶ
1498 1163 1608 1198 τελετῆς
1630 1164 1730 1199 μύρου-
1745 1164 1792 1189 τέ-

997 1219 1107 1246 ταρτον,
1128 1210 1193 1244 περὶ
1215 1210 1360 1245 ἱερατιχῶν
1377 1210 1557 1236 τελειώσεωνε
1571 1211 1707 1244 πέμπτον,
1726 1212 1792 1246 περὶ

999 1256 1151 1291 μοναχικῆς
1170 1256 1337 1287 τελειώσεως
1352 1264 1359 1272 ·
1374 1255 1463 1288 ἕκτον,
1479 1256 1544 1290 περὶ
1559 1256 1613 1282 τῶν
1638 1256 1718 1291 ίερῶς
1743 1265 1792 1283 κε-

997 1302 1184 1337 κοιμημένων.
1211 1301 1243 1328 Τί
1260 1301 1307 1328 οὖν
1322 1301 1396 1327 ἐστιν
1416 1302 1503 1328 εἰπεῖν
1524 1303 1553 1328 ὲν
1568 1303 1693 1334 τούτοις;
1712 1302 1753 1328 ὅτι
1776 1303 1792 1328 ὁ

997 1347 1179 1383 ἀμφισϐητῶν
1200 1348 1265 1382 περὶ
1286 1348 1347 1379 ἑνὸς·
1369 1348 1423 1374 τῶν
1438 1349 1602 1383 εἰρημένων,
1623 1348 1791 1382 ἀμφιϐάλλει

996 1395 1118 1431 δηλονότι
1144 1395 1192 1422 καὶ
1222 1395 1288 1430 περὶ
1310 1395 1364 1421 τῶν
1391 1395 1488 1428 ἄλλων,
1515 1397 1554 1431 μὴ
1582 1395 1791 1430 θεοπαραδότως

997 1441 1085 1476 ἔχειν·
1107 1441 1154 1467 καὶ
1178 1442 1211 1476 τῇ
1236 1440 1283 1467 τοῦ
1308 1441 1368 1472 ἑνὸς
1389 1441 1529 1476 ἀναιρέσει
1554 1441 1736 1477 συνανῄρηται
1759 1441 1793 1473 ἐξ

996 1488 1149 1522 ἀναγκαίου
1167 1488 1216 1514 καὶ
1234 1487 1268 1514 τὰ
1288 1487 1368 1515 λοιπά
1380 1496 1387 1502 ·
1401 1488 1448 1514 καὶ
1466 1488 1529 1514 οὕτε
1544 1489 1668 1524 ἱερατικὴ
1679 1487 1792 1514 τελείω-

998 1544 1049 1568 σις,
1066 1535 1128 1562 οὔτε
1143 1536 1198 1562 τῶν
1215 1536 1297 1570 ἱερῶς
1315 1534 1526 1570 κεκοιμημένων
1549 1534 1716 1566 διατύπωσις
1733 1533 1791 1561 εἷεν

154 1591 244 1618 neque
259 1587 353 1610 sancte
370 1582 568 1608 dormientium
587 1581 732 1615 dispositio
746 1579 799 1606 erit
827 1579 892 1611 ulla,
921 1578 944 1605 si

999 1582 1042 1613 ἂν,
1066 1582 1145 1617 εἴπερ
1170 1582 1207 1617 μὴ
1229 1582 1394 1616 πάρεστινὴ
1419 1580 1552 1616 μοναχικὴ
1568 1581 1720 1612 τελείωσις·
1741 1581 1792 1607 καί

154 1639 208 1657 non
227 1630 298 1657 adsit
312 1629 473 1656 monachica
490 1627 621 1663 pcrlcctio
638 1637 646 1661 ;
665 1631 693 1654 et
706 1627 744 1654 uti
765 1626 878 1662 gentiles
897 1634 943 1652 sa-

154 1677 255 1712 pimus,
268 1681 296 1703 et
313 1675 385 1702 athei
401 1682 498 1701 sumus
512 1674 538 1700 in
557 1673 659 1700 mundo
670 1692 678 1704 ,
694 1680 782 1706 neque
797 1678 872 1706 spem
899 1669 946 1697 ha-

153 1719 261 1751 bemus.
284 1721 360 1749 Talis
374 1726 414 1748 cst
431 1720 478 1755 qui
490 1719 703 1754 propositionem
717 1719 787 1745 hanc
812 1716 915 1752 profert
937 1725 944 1743 :

155 1769 298 1796 Undenam
317 1771 456 1800 sumptum
490 1765 526 1791 sit
548 1764 620 1798 quod
659 1763 757 1798 aliquis
785 1762 832 1789 ﬁat
847 1769 943 1788 mona-

153 1815 232 1842 chus.
244 1814 282 1840 Ac
296 1813 415 1840 nondum
427 1812 490 1839 dico
509 1810 694 1845 pracellentes
722 1817 818 1836 omnes
838 1808 945 1835 divinos

154 1861 262 1896 Patres,
277 1864 304 1886 et
318 1858 469 1886 monachos
488 1857 581 1889 fuisse,
599 1860 626 1882 et
641 1855 830 1882 monachicam
846 1854 944 1885 vitam,

153 1908 228 1934 velut
240 1905 402 1940 angelicam,
416 1903 518 1930 divinis
534 1902 662 1929 laudibus
675 1901 770 1929 eli‘erre
785 1910 793 1931 ι
814 1909 829 1928 a
843 1900 944 1936 quibus

153 1957 182 1983 et
211 1952 244 1979 de
260 1958 344 1984 sacra:
358 1949 556 1977 vitreinstitutis
573 1948 674 1982 scripta
691 1952 801 1974 exstant
827 1946 943 1973 volumi-

154 2007 200 2027 na.
218 1997 295 2031 Quod
317 1997 339 2023 si
350 1997 411 2030 quis
426 1995 547 2021 animum
573 1994 705 2024 advertat,
729 1993 849 2020 inveniet
875 1991 947 2018 divi-

156 2053 220 2072 num
230 2045 319 2079 ipsum
330 2042 501 2078 Dionysium,
518 2041 550 2068 ad
564 2040 652 2067 instar
666 2039 850 2074 angelicorum
867 2037 944 2064 ordi-

155 2099 233 2124 num,
250 2089 470 2118 etsacerdotales
485 2087 597 2122 gradus,
624 2090 651 2114 et
675 2094 722 2113 eos
742 2085 788 2120 qui
812 2090 889 2112 extra
904 2092 948 2111 sa-
977 2091 979 2094 ‘

154 2138 318 2171 cei-dolium.
336 2136 393 2172 pari
408 2143 521 2163 numero
530 2139 585 2161 tres
598 2133 625 2161 in
642 2133 752 2161 ordines
764 2132 945 2164 distribuere;

155 2182 274 2217 primum
290 2181 380 2207 adhuc
395 2179 595 2214 incipientium,
611 2186 659 2205 seu
675 2178 946 2208 catechumennrum;

155 2227 272 2254 alterunt
294 2226 513 2262 baptizatorum;
534 2225 644 2251 tertium
673 2223 835 2250 monachica
859 2221 947 2257 perfe—

997 1628 1083 1662 ἐσμεν
1099 1627 1270 1663 ἐθνόφρονες,
1285 1628 1359 1654 ἄθεοι
1375 1627 1450 1658 ὅντες
1465 1628 1495 1653 ὲν
1513 1627 1552 1663 τῷ
1566 1628 1670 1662 κόσμῳ,
1683 1627 1731 1653 καὶ
1744 1627 1791 1653 ἑλ-

997 1674 1061 1701 πίδα
1079 1674 1116 1710 μὴ
1133 1674 1250 1709 ἔχοντες.
1270 1673 1395 1705 Τοιοῦτός
1410 1675 1483 1700 ἐστιν
1496 1674 1509 1699 ὁ
1524 1673 1572 1708 τὴν
1588 1674 1720 1708 πρότασιν
1731 1674 1791 1700 εἱσ-

996 1721 1088 1754 άγων,
1112 1720 1142 1746 τὸ
1160 1720 1242 1747 πόθεν
1268 1721 1454 1756 παρείληπται
1476 1721 1605 1755 μονάςειν
1631 1721 1789 1756 ἄνθρωπον.

997 1768 1052 1794 Καὶ
1065 1766 1141 1794 οὔπω
1156 1767 1238 1801 λέγω,
1250 1767 1291 1793 ὅτι
1309 1767 1355 1793 καὶ
1367 1767 1468 1799 πάντες
1484 1767 1508 1793 οἱ
1523 1767 1610 1802 ἔξοχοι
1622 1767 1677 1794 τῶν
1692 1768 1791 1801 θεοφό-

998 1821 1053 1848 ρων
1068 1812 1207 1847 Πατέρων,
1221 1812 1268 1839 καὶ
1283 1813 1414 1848 μονασταὶ
1426 1814 1565 1847 γεγόνασι,
1581 1814 1628 1840 καὶ
1642 1814 1688 1840 τὸν
1704 1823 1791 1849 μονα-

997 1859 1073 1894 χικὸν
1091 1859 1158 1894 βίον,
1175 1859 1213 1890 ὠς
1227 1859 1384 1893 ἁγγελικὺν,
1397 1859 1584 1891 ὲκθειάζουσι·
1600 1860 1668 1894 πρὸς
1685 1857 1724 1887 ὧν
1739 1861 1791 1887 καὶ

996 1905 1030 1931 τὰ
1042 1905 1229 1931 διατυπωτικὰ
1245 1905 1296 1940 τῆς
1312 1906 1387 1940 ἱερᾶς
1399 1904 1472 1939 ζωῆς
1489 1906 1703 1941 συγγράμματα.
1718 1906 1749 1932 Εί
1759 1907 1790 1933 δέ

997 1960 1050 1978 τινι
1070 1950 1130 1982 νοῦς
1153 1951 1280 1986 πάρεστι,
1303 1953 1411 1983 πάντως
1433 1952 1555 1987 εὑρήσει,
1573 1953 1618 1978 καὶ
1637 1953 1718 1979 αὐτὸν
1742 1953 1791 1980 τὸν

998 1997 1068 2023 θεῖον
1089 1997 1238 2030 Διονύσιον,
1264 1998 1323 2029 πῶς
1345 1998 1415 2024 κατὰ
1435 1999 1498 2030 τοὺς
1515 1999 1678 2034 ὰγγελικοὺς
1695 2000 1791 2026 διακό-

1000 2051 1095 2077 σμους,
1114 2043 1160 2069 καὶ
1182 2043 1245 2074 τοὺς
1267 2043 1422 2078 ίερατικοὺς
1444 2043 1575 2078 βαθμοὺς,
1595 2045 1719 2076 καὶτοὺς
1735 2045 1791 2078 ἔξω

1000 2088 1160 2124 ἱερωσύνης,
1192 2088 1353 2124 ἰσαρίθμους
1382 2090 1455 2123 aptat
1492 2089 1601 2120 τάξεσιν
1635 2090 1790 2126 ἀπένειμε·

999 2134 1112 2170 πρώτην
1123 2134 1169 2161 καὶ
1185 2135 1378 2170 εἰσαγωγικὴν,
1391 2135 1445 2161 τῶν
1460 2135 1500 2161 ἔτι
1516 2137 1714 2170 μαιευομένων,
1730 2138 1792 2173 ἦτοι

997 2179 1224 2214 κατηχουμένων·
1249 2179 1378 2214 δευτέραν
1405 2179 1460 2206 τῶν
1488 2181 1713 2214 πεφωτισμένων,
1741 2183 1792 2209 καὶ

997 2226 1093 2261 τρίτην
1119 2225 1173 2252 τῶν
1197 2226 1353 2261 μοναχικῶς
1375 2226 1588 2261 τελειουμένων·
1615 2227 1662 2254 κα)⁹
1681 2228 1712 2253 τὸ
1731 2230 1792 2260 τοῖς

155 2275 246 2307 ctione
267 2271 444 2308 pratditorum
460 2279 467 2298 :
484 2271 519 2299 iis
531 2274 623 2298 autem
637 2277 698 2305 qua:
718 2269 865 2296 manifesta
882 2273 946 2296 sunt

999 2273 1127 2309 ἐναργέσι
1151 2272 1296 2308 μάχεσθαι,
1323 2273 1493 2309 ἀναισθήτων
1519 2274 1604 2307 ἐστὶν,
1628 2274 1644 2309 ἢ
1669 2274 1790 2301 ἀϐαπτί-

155 2327 318 2356 repugnare,
335 2326 419 2347 sensu
431 2318 585 2346 carentium
600 2321 642 2346 est
655 2338 664 2350 ,
682 2321 730 2344 aut
752 2316 865 2343 minime
879 2315 947 2351 bap-

155 2367 312 2395 tizatorum.

160 2401 163 2405 ’
193 2413 318 2440 Secunda
340 2411 492 2447 propositio
508 2430 516 2442 ,
540 2409 573 2437 de
599 2409 774 2437 infantibus:
792 2408 865 2444 quod
885 2415 949 2436 san-

155 2464 217 2487 ctus
234 2458 352 2486 Basilius
365 2457 392 2484 in
412 2456 527 2491 Regulis
540 2455 698 2490 praecipiat,
710 2455 794 2489 utqui
813 2455 846 2481 ad
861 2454 950 2488 legiti-

155 2513 228 2533 mam
245 2504 367 2540 pervenit
387 2507 505 2533 artatem,
523 2502 546 2529 si
562 2501 701 2537 virginalis
712 2501 878 2535 viticjugum
893 2508 947 2528 non

156 2550 236 2578 ferat.
252 2550 344 2576 habitu
371 2548 501 2583 spolietur
519 2556 526 2580 ;
552 2555 605 2573 non
622 2551 664 2573 est
679 2546 726 2576 ita.
744 2546 791 2572 sed
811 2545 903 2571 omnia
919 2545 946 2572 in

156 2596 285 2628 omnibus
299 2594 391 2622 divino
407 2593 522 2628 Spiritu,
536 2597 564 2620 et
577 2597 730 2628 opportune
745 2593 777 2619 ad
793 2591 886 2618 mutuli
901 2599 948 2618 sa-

157 2643 239 2670 lutent
255 2640 408 2669 constituit.
429 2639 461 2667 Et
472 2647 506 2666 ne
517 2639 562 2666 cui
588 2638 680 2666 veniat
696 2639 723 2665 in
740 2643 858 2671 mentem
888 2645 946 2665 me-

157 2690 212 2718 lius
227 2688 330 2723 aliquid
343 2695 416 2718 esse,
441 2685 618 2721 quantumvis
641 2685 755 2716 meliqra
790 2684 947 2719 insipientes

155 2735 266 2771 quidam
288 2738 410 2763 statuere
425 2736 578 2765 conentur,
601 2731 659 2772 ipse
674 2732 707 2760 de
725 2731 777 2759 illis
802 2731 884 2766 etiam
900 2730 946 2770 qui

202 2803 224 2820 αθ
241 2803 250 2829 ι
265 2803 339 2831 Petr.
357 2810 397 2835 ιιι,
416 2801 459 2828 15.

998 2328 1080 2347 στων.

1033 2410 1070 2437 Τὸ
1085 2410 1210 2445 δεύτερον
1223 2409 1380 2445 πρόϐλημα,
1397 2409 1463 2445 περὶ
1475 2409 1528 2437 τῶν
1541 2410 1656 2445 νηπίων,
1671 2411 1721 2443 ὃτι,
1735 2419 1791 2446 φη-

999 2456 1052 2488 σὶν,
1065 2457 1080 2482 ὁ
1099 2455 1175 2490 ἅγιος
1191 2456 1328 2486 Βασίλειος
1345 2455 1373 2481 ἐν
1384 2456 1439 2486 τοῖς
1458 2455 1576 2482 Κανόσιν
1587 2455 1728 2490 ἐπιτρέπει
1742 2457 1791 2491 ἑρ-

1001 2503 1104 2538 χόμενα
1127 2503 1166 2534 εἰς
1184 2503 1234 2538 τὴν
1253 2501 1365 2536 ἔννομον
1381 2502 1500 2536 ἡλικίαν,
1514 2502 1538 2528 εῑ
1563 2502 1599 2537 μὴ
1618 2502 1726 2537 φέροιεν
1742 2502 1790 2529 τὸν

1002 2546 1084 2579 ζυγὸν
1110 2545 1160 2579 τῆς
1181 2546 1210 2572 ἐν
1235 2545 1369 2580 παρθενίᾳ
1392 2543 1477 2580 ζωῆς,
1503 2546 1788 2582 ἀποσχηματίζεσθαι,

1001 2592 1049 2626 οὐχ
1063 2591 1149 2623 οὕτως
1160 2598 1167 2605 ·
1187 2591 1256 2618 ἀλλὰ
1271 2591 1456 2626 νομοθετήσας
1479 2592 1567 2618 πάντα
1584 2594 1613 2618 ὲν
1633 2594 1700 2619 πᾶσι
1723 2593 1788 2628 θείῳ

1002 2637 1150 2674 Πνεύματι,
1165 2638 1209 2663 καὶ
1227 2637 1367 2672 σωτηρίως
1388 2637 1427 2672 τῷ
1441 2637 1545 2672 κόσμῳ.
1561 2638 1616 2664 Καὶ
1635 2638 1672 2670 ὡς
1691 2639 1741 2664 οὐκ
1756 2639 1789 2665 ἂν

1001 2684 1180 2718 ἐπινοηθεῖεν,
1211 2683 1386 2718 βελτιώτερόν
1419 2692 1444 2709 τι
1471 2684 1612 2717 γίνεσθαι,
1635 2685 1685 2711 κᾶν
1717 2693 1790 2715 τινες

1001 2729 1196 2766 ᾴφρονεὺοντες
1224 2729 1372 2764 πειρῶνται
1393 2729 1428 2755 τὰ
1449 2730 1592 2764 κρείττονα
1615 2730 1789 2765 νομοθετεῖν⁹

935 2852 1049 2880 ΝΟΤΑΞ.

195 2918 262 2952 (δῖ’)
279 2917 354 2945 llanc
374 2916 493 2950 Dionysii
507 2919 534 2942 et
551 2913 686 2942 Theodori
703 2911 864 2943 sententiam
887 2911 1004 2945 explicat
1023 2910 1202 2944 l.coAllatius
1216 2910 1263 2938 lib.
1279 2917 1310 2936 ιιι
1325 2909 1516 2952 Βεεωηειιδυ,
1536 2918 1594 2945 cap.
1620 2910 1661 2938 16.
