1927 3089
142 183 211 215 1525

735 179 1006 210 EPISTOLARUM
1028 180 1104 210 LIB.
1121 177 1172 213 ΙῙῙ.

1699 176 1774 208 1526

136 238 220 269 αὐτὸς
240 235 286 263 καὶ
308 235 374 270 περὶ
389 234 443 261 τῶν
457 234 511 261 ἀπὸ
523 232 637 268 πρώτης
649 232 759 268 ἡλικίας
774 240 925 268 προσερχο-

978 241 990 260 a
1007 233 1093 267 prima
1105 236 1185 260 aztate
1197 231 1319 264 veniunt,
1332 230 1468 266 quomodo
1478 230 1587 266 regendi
1602 230 1667 263 sint,
1679 230 1765 265 legem

139 284 241 320 μένων,
254 282 311 313 τοῖς
328 280 561 315 ἀναδεδεγμένοις,
576 279 621 305 τδν
643 278 691 313 τῆς
710 278 860 313 ἡγεμονίας
882 277 927 304 θε-

137 330 209 364 σμδν
223 327 421 362 νενομοθέτηκε
433 336 440 342 ·
455 325 503 352 καὶ¹
516 325 532 360 ἡ
547 325 638 360 βίὸλος
650 324 738 360 δηλοῖ,
754 324 801 350 καὶ
816 323 847 350 τὸ
864 323 926 350 κατ’

136 376 203 406 ἔπος
225 373 316 407 λέγειν
333 371 451 398 ἐνταῦθα
475 371 525 397 οὐκ
549 370 679 404 ὲπαρκές.
702 369 774 404 Πλὴν
792 369 834 396 ὅτι
858 369 928 404 μετὰ

136 420 186 456 τὴν
202 419 400 454 συμπλήρωσιν
420 415 466 443 τοῦ
484 416 575 450 λόγου,
595 416 679 451 ἤγουν
693 415 747 442 ἀπὸ
766 414 928 442 ἑκκαιδεκα-

137 465 225 496 ιτίας,
242 464 289 490 καὶ
303 463 382 498 πρὸς,
396 461 454 497 μεθ’
470 458 507 488 ὧν
522 462 570 488 καὶ
583 462 663 495 τιμαὶ
677 461 723 487 καὶ
734 460 875 495 τιμωρίαι,
890 459 927 492 ὥς

138 518 223 545 ςησιν
236 508 315 539 αὑτός
327 515 334 522 ·
351 508 415 542 περὶ
432 506 522 533 αὐτῶν
536 505 710 541 ἐκκρίνεσθαι
722 506 787 537 δεῖν,
803 506 850 532 καὶ
865 514 928 532 συν-

137 555 273 582 άπτεσθαι
286 555 347 585 ταῖς
361 553 522 587 ἀδελφότησι
536 552 580 578 διὰ
593 553 642 587 τῆς
656 552 806 587 μοναχικῆς
818 551 928 578 τελειώ-

139 609 210 631 σεως
227 599 413 636 προστέταχε”
430 598 478 624 καὶ
497 597 589 624 ἔκτοτε
609 597 837 632 μετατιθεμένους
859 597 927 632 πρὸς

137 645 184 672 τὸν
199 644 357 671 κοινωνικὸν
369 643 436 679 βίον,
448 643 477 676 ἐξ
488 643 645 678 ἀνατροπῆς
658 643 789 679 πονηρᾶς,
802 643 868 678 μηδέ
881 643 927 670 θύ-

139 700 191 727 ραν
204 691 362 724 ἀνοίγεσθαι
383 690 477 721 αὐτοῖς
497 690 568 717 κατὰ
587 689 668 726 ψιλὴν
687 689 925 725 παρὰδοσινίῦοά.

138 738 207 772 Reg.
225 736 362 772 περίοδον]
387 736 417 768 ἐξ
431 732 468 762 ὧν
480 736 639 771 ἀπέστησαν
650 737 822 762 κεκέλευκεν.
835 736 928 762 Ἐνδο-

138 784 186 811 θεν
209 783 238 810 δὲ
260 783 307 809 τοῦ
325 782 525 818 προειρημένου
547 783 634 814 ἔτους,
655 783 679 808 εί
694 782 732 817 μὴ
747 781 928 817 αἱρουμένους

138 829 185 857 τὸν
209 831 239 856 ἐν
263 828 399 864 παρθενίᾳ
421 828 488 862 βίον,
507 828 523 863 ἢ
541 828 589 855 καὶ
602 829 791 863 αἱρουμένους,
807 828 875 855 ἀλλὰ
891 828 928 864 μὴ

139 875 270 906 θέλοντας
285 873 505 909 καταρτισθῆναι·
526 875 595 909 πρὸς
610 874 659 909 τὴν
676 875 826 910 μοναχικὴν
837 874 926 909 ζωὴν,

138 919 348 955 ἀποκρίνεσθαι,
362 920 409 945 καὶ
422 919 635 954 ἀποπέμπεσθαι
652 920 692 952 είς
707 920 752 946 τὸν
769 920 926 947 κοινωνικὸν

139 967 198 1002 βίον
214 974 222 980 ·
248 966 285 997 ὡς
311 966 347 1000 μὴ
370 965 459 1000 ὀνείδη
496 965 665 992 ἀνάπτεσθαι
694 965 733 1001 τῷ
765 966 830 1002 ἱερῷ
866 966 925 1002 βίῳ.

139 1012 218 1048 |Cod.
233 1011 298 1046 Reg.
306 1011 475 1038 ἀνάπτεσθαι
485 1012 545 1042 ταῖς
555 1012 718 1046 ἀποτυχίαις
729 1012 767 1048 τῷ
777 1012 841 1048 ἱερῴ
852 1012 926 1048 βίῳ].

138 1057 234 1085 Ταῦτα
247 1057 277 1084 δὲ
288 1058 348 1083 ἐπεὶ
363 1057 393 1083 οὑ
413 1057 521 1088 πάντως
537 1057 657 1091 γίνονται
670 1057 698 1083 ἓν
711 1066 766 1084 τισι
779 1057 870 1089 καθὼς
884 1059 928 1084 ὲν-

138 1104 278 1136 τέταλται,
296 1103 365 1130 ἀλλὰ
390 1103 568 1138 ἀποκείρουσι
591 1103 720 1138 νηπιόθεν
731 1112 738 1119 ο
751 1104 768 1138 ἢ
792 1104 840 1131 καὶ¹
858 1104 929 1130 κατὰ

138 1149 250 1184 ἡλικίαν
267 1148 388 1182 ἔννομον,
412 1148 471 1175 ἀλλ’
482 1148 513 1174 οὐ
527 1149 660 1184 νομίμως,
675 1143 730 1176 καὶ¹
744 1152 930 1186 κατηρτισμέ-

139 1203 211 1226 νως·
229 1194 274 1221 διὰ
292 1195 372 1221 τοῦτο
388 1195 422 1220 τὰ
434 1194 491 1221 ἂνω
511 1194 586 1222 κάτω
599 1202 607 1209 '
623 1196 670 1222 καὶ
693 1196 782 1231 ἱερεὺς
798 1197 847 1223 καὶ
862 1206 929 1232 προ-

141 1242 234 1287 ιρητης
246 1241 405 1287 ἐξέστησαν,
420 1240 490 1266 κατὰ
503 1240 534 1266 τὸ
547 1241 741 1287 γεγραμμένον
751 1250 758 1256 ⁸
775 1243 822 1268 καὶ
835 1243 930 1278 μυριό-

138 1285 215 1318 δοξος
231 1285 391 1320 παράδοσις,
413 1285 461 1311 καὶ
485 1285 650 1320 αὐτόκριτοξ
668 1287 823 1321 νομοθεσία,
842 1288 871 1314 οὐ
886 1289 931 1316 διὰ

139 1329 244 1364 φιλίαν,
264 1329 332 1356 ἀλλὰ
359 1329 403 1355 διὰ
421 1329 619 1365 φιλαργυρίαν·
633 1330 692 1356 οὐδὲ
712 1331 756 1358 διὰ
782 1332 929 1367 σωτηρίαν,

139 1375 209 1402 ἀλλὰ
225 1375 270 1402 διὰ
287 1375 467 1410 φιλοκερδίαν.
481 1375 536 1402 Καὶ
552 1376 621 1411 πρὸς
637 1373 724 1402 ταῦτα
740 1377 796 1411 ἐγὼ
816 1378 830 1403 ό
846 1378 930 1408 τάλας

140 1421 338 1457 ἀποκρίνεσθαι
353 1422 403 1448 οὐκ
418 1421 484 1456 ἔχω,
501 1422 633 1456 ἢστένειν
649 1422 696 1448 καί
711 1423 929 1458 σκυθρωπάζειν,

141 1467 249 1498 καὶτὰς
262 1467 367 1493 ἑαυτῶν
379 1467 516 1503 ἁμαρτίας
529 1467 688 1494 ἁποκλαίειν
698 1475 705 1482 ·
718 1469 750 1495 σὺ
762 1469 790 1495 δὲ
803 1469 929 1504 σωθείης,

143 1514 239 1540 τέκνον
255 1513 445 1548 ἠγαπημένον.

247 1570 339 1604 PEG'.
354 1570 410 1606 (58)
420 1585 456 1590 —
467 1571 635 1604 Θεοκτίστφ
647 1572 782 1608 ἐρημίτῃ.
797 1574 871 1612 [ψδκ]

977 279 1145 314 praescripsit
1170 279 1205 306 iis
1216 278 1263 313 qui
1281 278 1355 312 ipsos
1383 277 1563 312 receperint:
1595 276 1677 311 idque
1699 277 1768 304 liber

977 326 1104 361 explicat,
1124 329 1151 352 et
1167 329 1198 352 ut
1213 324 1319 359 singula
1339 324 1384 351 hic
1398 324 1431 351 ad
1463 324 1577 351 verbum
1606 324 1767 356 recitantur,

977 377 1085 406 tempus
1099 379 1153 399 non
1170 370 1295 399 suﬂiciat.
1307 370 1453 402 Caeterum,
1466 369 1513 397 ubi
1524 370 1606 404 plane
1623 375 1766 403 compotes

978 418 1093 445 rationis
1106 417 1162 452 jam
1178 422 1252 448 sunt,
1268 416 1320 443 hoc
1345 420 1387 442 est
1402 415 1436 442 ab
1456 422 1528 442 anno
1545 415 1632 442 aetatis
1658 415 1766 442 decimo

978 468 1056 492 sexto
1070 468 1097 490 et
1108 463 1190 494 ultra,
1208 467 1272 490 tunc
1285 469 1347 489 eum
1368 466 1394 488 et
1409 461 1529 488 honores
1549 465 1577 488 et
1605 468 1692 495 preme
1723 461 1767 488 lo-

977 517 1039 538 cum
1056 509 1166 541 habent,
1189 513 1219 535 ιιι
1241 508 1298 543 ipse
1323 508 1377 539 ait,
1389 507 1422 534 de
1439 507 1494 534 illis
1508 506 1604 538 statui,
1622 511 1651 534 et
1668 507 1768 534 frater-

978 556 1056 583 nitati
1080 556 1154 589 ipsos
1166 562 1215 589 per
1233 554 1420 581 monachicam
1436 551 1631 588 perfectionem
1656 552 1767 587 adiungi

975 602 1070 637 jubet:
1085 608 1118 628 ex
1129 608 1216 635 eoque
1231 605 1362 634 tempore,
1380 599 1402 626 si
1422 607 1470 633 per
1485 598 1636 633 improbam
1651 606 1769 625 conver-

978 649 1082 675 sionem
1099 648 1183 674 velint
1200 646 1232 673 ad
1251 653 1424 673 communem
1443 645 1526 672 vitam
1539 643 1701 676 transferri,
1717 651 1769 670 nec

977 694 1089 729 januam
1108 693 1174 724 illis,
1192 693 1274 719 etiam
1300 691 1415 719 minimo
1439 695 1500 726 post
1510 695 1644 724 tempore.
1668 689 1768 723 aperiri

978 739 1064 766 voluit
1082 744 1111 766 ut
1125 739 1158 766 ad
1173 746 1205 766 ea
1218 738 1331 765 redeant
1345 744 1406 771 quae
1422 737 1602 771 reliquerunt.
1626 734 1699 761 Intra
1724 734 1768 761 di-

978 790 1053 813 ctum
1071 790 1160 812 autem
1184 784 1358 818 annum,qui
1378 791 1431 810 non
1454 782 1587 817 elegerint
1607 782 1690 808 vitam
1713 780 1770 807 vir—

979 831 1107 866 ginalem,
1121 834 1169 856 aut
1181 829 1311 864 elegerint
1325 829 1445 862 quidem,
1461 827 1508 854 sed
1523 826 1558 853 ad
1579 827 1641 853 vita!
1672 833 1770 852 mona-

979 877 1064 905 chica:
1077 876 1270 911 perfectionem
1289 874 1376 902 nolint
1388 873 1554 901 contendere
1569 892 1577 906 ,
1600 872 1650 899 hos
1663 872 1769 899 secerni

979 923 1056 958 jubet
1070 927 1096 950 et
1112 922 1145 949 ad
1163 929 1335 949 communem
1355 920 1437 947 vitam
1464 919 1617 950 amandari,
1631 926 1664 945 ne
1685 925 1770 944 sacrae

979 970 1041 996 vitm
1056 968 1195 996 infantiam
1211 968 1332 994 inurant.
1343 965 1550 1000 Quaequoniam
1564 965 1592 992 in
1605 964 1769 999 quibusdam

979 1024 1033 1043 non
1047 1016 1082 1043 ita
1099 1022 1212 1050 prorsus
1223 1014 1291 1041 ﬁunt
1305 1017 1334 1040 ut
1354 1016 1487 1048 prmeepta
1506 1015 1581 1043 sunt,
1598 1010 1644 1037 sed
1658 1010 1771 1037 tonden-

980 1067 1024 1090 tur
1039 1061 1073 1089 ab
1086 1060 1199 1088 infantia
1214 1068 1221 1093 ;
1242 1063 1289 1086 aut
1301 1058 1328 1085 si
1339 1058 1459 1093 legitima
1477 1062 1567 1090 artato,
1587 1060 1617 1083 at
1629 1063 1682 1083 non
1701 1056 1770 1091 legi-

979 1109 1046 1136 time
1064 1112 1091 1135 et
1105 1106 1222 1142 perfecte
1242 1114 1250 1138 ;
1278 1110 1422 1139 propterea
1444 1110 1546 1138 susque
1565 1102 1653 1136 deque
1665 1103 1770 1131 omnia,

979 1160 1007 1183 et
1023 1154 1150 1182 sacerdos
1169 1158 1198 1181 et
1222 1154 1352 1188 propheta
1375 1156 1465 1178 mente
1480 1150 1590 1178 alienati
1605 1155 1680 1182 sunt,
1698 1149 1770 1176 sicut

981 1200 1113 1234 scriptum
1140 1202 1182 1226 est
1195 1198 1236 1236 ζ’,
1255 1202 1282 1224 et
1306 1203 1422 1224 numero
1449 1195 1553 1222 inlinita
1579 1193 1689 1221 traditio
1720 1200 1770 1227 pro

981 1245 1094 1272 arbitrio
1110 1243 1253 1278 cujusque,
1269 1247 1296 1270 et
1310 1249 1391 1277 quam
1412 1249 1462 1268 suo
1473 1241 1589 1276 quisque
1602 1239 1706 1275 judicio
1716 1239 1770 1265 lin-

981 1291 1020 1326 git
1034 1290 1180 1325 iegislatio,
1199 1297 1253 1316 non
1270 1296 1303 1316 ex
1328 1287 1486 1320 dilectione,
1505 1287 1552 1314 sed
1567 1294 1598 1314 ex
1625 1285 1739 1312 avaritia
1759 1293 1768 1312 :

982 1343 1070 1371 neque
1086 1335 1193 1368 salutis,
1213 1334 1259 1362 sed
1275 1334 1342 1361 lucri
1361 1333 1464 1360 studio.
1482 1332 1515 1359 Et
1529 1331 1563 1358 ad
1575 1331 1632 1358 haec
1650 1337 1701 1365 ego
1717 1328 1769 1356 mi-

982 1390 1027 1410 ser
1041 1382 1106 1418 quid
1119 1380 1296 1415 respondeam
1314 1387 1367 1407 non
1381 1379 1468 1406 habeo
1486 1399 1493 1411 ,
1505 1377 1557 1405 nisi
1575 1382 1604 1403 ut
1618 1379 1727 1411 gemant
1742 1379 1771 1402 ct

981 1430 1141 1462 tristenlur,
1157 1433 1183 1456 et
1197 1435 1247 1455 sua
1265 1427 1385 1462 ipsorum
1401 1430 1511 1461 peccata
1525 1423 1641 1451 deﬂeant
1656 1432 1663 1450 :
1682 1427 1708 1449 ιιι
1725 1429 1771 1449 νος

982 1485 1013 1503 ro
1028 1476 1120 1503 salvus
1131 1475 1182 1508 sis,
1195 1473 1232 1502 fili
1249 1473 1358 1502 dilecte.

1165 1571 1464 1601 CLXVl.—Tlieoctisto
1479 1570 1604 1598 eremiut'.

573 1627 612 1652 De
623 1627 729 1654 diversis
740 1631 893 1662 argumentis
901 1639 910 1656 :
922 1635 948 1657 et
959 1631 985 1659 in
995 1631 1044 1658 ﬁne
1054 1630 1085 1656 de
1095 1629 1174 1655 sacris
1182 1627 1339 1660 imaginibus.

176 1677 327 1712 Δεξάμενος
351 1677 382 1704 τδ
401 1679 591 1714 γραμματεῖον
616 1679 666 1714 τῆς
688 1681 846 1716 τιμιότητός
869 1691 928 1712 σου.

1015 1681 1127 1709 Brevem
1142 1680 1284 1715 epistolam
1316 1679 1475 1706 rever-emite
1511 1683 1565 1706 tuae
1595 1686 1656 1706 cum
1688 1686 1770 1708 acce-

139 1726 190 1754 καὶ
210 1726 343 1759 ἀναγνοὺς
366 1725 406 1756 είς
422 1725 540 1760 ἐπήκοον
563 1725 611 1752 τοῦ
629 1726 836 1761 θεοφιλεστάτου
851 1729 930 1765 ἀρχι-

140 1772 293 1798 επισκόπου
304 1771 351 1798 καὶ
365 1771 480 1805 ἀδελφοῦ
493 1779 555 1806 μου,
571 1772 629 1807 ἅμα
642 1773 700 1804 τοῖς
715 1773 839 1801 συνοῦσιν
852 1774 929 1801 ἅδε).-

141 1819 201 1852 φοῖς
212 1825 220 1833 ·
235 1817 425 1853 ηὑχαρίστησα
447 1818 461 1843 ὁ
474 1817 602 1850 ταπεινὸς
614 1818 652 1853 τῷ
669 1819 764 1855 Κυρίῳ
775 1840 784 1853 ,
796 1820 826 1851 ὃς
839 1821 929 1848 ἔκλινε

139 1864 191 1899 τὴν
207 1862 323 1898 καρδίαν
343 1871 390 1890 σου
404 1863 508 1898 γράψαι
521 1864 609 1900 ὀρθῶς
620 1864 651 1891 τὸ
663 1865 713 1900 τῆς
726 1866 844 1898 πίστεως
858 1867 929 1902 σύμ-

142 1910 232 1937 6ολον.
249 1909 286 1935 Τὸ
303 1909 358 1944 γὰρ
374 1909 516 1944 ὁμολογεῖν
537 1909 663 1945 δέχεσθαι
682 1912 733 1946 τὴν
747 1912 867 1939 Παλαιὰν
882 1914 930 1940 καὶ

140 1956 215 1982 Νέαν
230 1955 380 1990 Διαθήκην,
394 1956 442 1982 καὶ
459 1955 549 1982 πάντα
563 1957 598 1982 τὰ
613 1956 665 1982 ὑπὸ
677 1956 732 1983 τῶν
746 1957 832 1992 ἁγίων
842 1959 928 1986 Πατέ-

141 2009 198 2035 ρων
213 2001 416 2036 παραδεδομένα
423 2003 457 2037 τῇ
471 2001 621 2037 Ἐκκλησία
631 2002 678 2028 τοῦ
690 2003 769 2036 Θεοῦ,
780 2005 930 2038 κεφαλαιω-

139 2046 194 2077 δῶς
205 2047 222 2082 ἡ
237 2046 352 2082 ὀρθότης
366 2048 424 2073 ἐστὶ
439 2048 489 2082 τῆς
507 2047 635 2079 πίστεως.
658 2048 766 2084 Ἐπειδὴ
783 2049 812 2076 δὲ
825 2048 928 2085 αίρετι-

138 2095 200 2124 κοῖς
224 2092 281 2118 ἐστι
304 2092 390 2118 ταῦτα
407 2092 508 2127 λέγειν,
532 2093 562 2119 οὐ
586 2093 639 2129 μὴν
656 2095 831 2129 εὑρίσκεσθαι
857 2098 929 2124 κατὰ

138 2139 204 2169 τοὺς
229 2137 325 2172 λόγους
349 2138 438 2164 αὐτῶν
459 2138 674 2174 ὀρθοτομοῦντας
705 2141 750 2168 τὸν
775 2141 853 2176 λόγον
877 2143 928 2178 τῆς

138 2183 270 2218 ἀληθείας
280 2192 287 2199 ·
299 2183 347 2226 ᾓιὰ
359 2183 438 2210 τοῦτο
450 2184 526 2219 παρὰ
537 2184 592 2211 τῶν
605 2185 784 2220 πεμφθέντων
796 2187 927 2222 ἀδελφῶν,

138 2229 189 2259 καὶ
204 2229 323 2264 μάλιστα
336 2228 412 2264 παρὰ
425 2229 472 2256 τοῦ
484 2229 557 2256 ἁϐὃᾶ
569 2231 744 2268 Σωσιπάτρου
759 2234 929 2269 ὲπεζητήσα-

140 2284 193 2311 μεν
207 2275 238 2301 τὸ
252 2274 376 2310 ἀκρισὲς,
387 2274 460 2301 καθὰ
473 2276 520 2302 καὶ
534 2276 670 2312 ἐζήτησας
687 2279 716 2304 ὲν
729 2279 785 2310 τοῖς
798 2280 929 2315 γράμμα-

139 2328 167 2346 σι
177 2328 184 2335 ι
198 2319 244 2346 διὰ
258 2319 287 2346 τδ
303 2319 341 2354 μὴ
353 2319 442 2346 πάντα
456 2320 588 2355 ἐγχωρεῖν
601 2320 784 2355 ἀπαγγέλλειν
801 2324 851 2357 τὴν
867 2324 928 2349 ἑπι-

139 2364 252 2400 στολήν·
269 2366 317 2391 καὶ
328 2364 445 2400 εὕρομεν
461 2354 552 2400 χάριτι
564 2366 694 2401 Χριστοῦ,
708 2354 927 2402 ἀπαγγέλλοντας
942 2354 965 2382 Β

137 2411 239 2441 αὐτοὺς
254 2410 426 2446 ὀρθοφρὸνως
442 2411 476 2437 τὰ
490 2411 565 2446 παρὰ
588 2411 635 2438 σοῦ
653 2412 745 2445 αὐτοῖς
761 2415 926 2449 παρατιθέν-

135 2465 183 2482 τα.
198 2456 266 2482 Τίνα
280 2456 309 2482 δὲ
324 2456 428 2489 ταῦτα;
450 2456 504 2483 δεῖν
520 2458 549 2484 ὲν
561 2457 719 2491 κεφαλαίοις
735 2459 927 2496 ἐπισημανοῆ-

139 2510 197 2528 vat.
214 2501 325 2535 Πρῶτον
340 2501 404 2537 περὶ
418 2502 467 2536 τῆς
480 2503 562 2536 ἁγίας
573 2503 705 2530 Θεοτόκου
715 2513 722 2520 ·
738 2506 803 2539 φασὶ
819 2506 871 2541 γὰρ
883 2507 927 2533 λέ-

138 2555 201 2580 γειν
225 2554 266 2577 σε,
287 2546 329 2572 ὅτι
352 2546 405 2581 πρὸ
428 2546 482 2574 τῶν
508 2547 615 2574 αίώνων
642 2549 659 2583 ἡ
673 2549 821 2584 Παρθένος.
842 2550 928 2577 Τοῦτο

138 2591 234 2627 ἐπειδὴ
253 2591 369 2627 ἁρνῆσαι
397 2593 465 2628 μήτε
492 2592 591 2627 λέγειν,
608 2594 677 2630 μήτε
692 2595 720 2622 δὲ
738 2597 855 2631 φρονεῖν,
869 2597 926 2623 ἀλλ’

134 2637 278 2672 ὁμολογεῖν
292 2637 322 2670 ἐξ
338 2637 433 2673 ἀνδρὸς
445 2638 492 2666 καὶ
508 2640 638 2673 γυναικὸς
659 2641 786 2676 Ἰωακεὶμ
804 2643 851 2668 καὶ
862 2643 927 2668 Ἀν-

135 2691 190 2719 νης.
204 2682 334 2718 τετάχθαι
345 2684 442 2718 αὐτὴν,
459 2682 490 2711 εὖ
505 2684 539 2712 ἂν
555 2685 622 2721 έχοι.
639 2687 780 2723 Δεύτερον,
796 2689 861 2724 περὶ
878 2689 926 2715 τοῦ

135 2728 252 2763 Κυρίου,
273 2728 314 2755 ὅτι
338 2729 387 2755 οὐκ
407 2729 578 2766 ἐσταυρώθη.
604 2731 712 2769 Ἐπειδὴ
735 2733 764 2760 δὲ
784 2734 925 2769 ὁμολογεῖς

184 2785 208 2802 ⁸⁸
246 2785 298 2814 lsa.
341 2793 446 2818 smn,
475 2786 501 2814 7.

980 1729 1093 1764 pissem.
1111 1727 1290 1762 legissemque
1306 1725 1433 1752 audiente
1453 1724 1499 1752 Dei
1521 1725 1711 1754 amantissimo
1726 1734 1772 1754 ar-

980 1775 1154 1808 chiepiscopo
1173 1778 1200 1800 et
1213 1773 1296 1799 fratre
1311 1779 1381 1803 meo.
1405 1779 1456 1798 una
1475 1780 1537 1799 cum
1559 1773 1690 1800 fratribus
1721 1773 1769 1808 qui

980 1821 1110 1853 aderant;
1127 1819 1241 1846 Domino
1266 1820 1377 1846 humilis
1392 1827 1441 1854 ego
1466 1819 1568 1853 gratias
1590 1819 1643 1853 egi,
1665 1819 1712 1854 qui
1722 1827 1770 1846 cor

980 1872 1056 1894 tuum
1072 1866 1181 1896 inflexit,
1198 1871 1227 1892 ut
1241 1866 1465 1900 fideisylnbolum
1483 1870 1556 1891 recte
1571 1864 1768 1899 perscriberes.

980 1912 1055 1945 Quod
1073 1911 1145 1938 enim
1163 1911 1302 1938 conﬁteris
1336 1916 1362 1936 te
1380 1909 1462 1936 Vetus
1492 1909 1654 1944 Novumque
1673 1909 1770 1937 Testa-

980 1963 1100 1985 mentum
1117 1958 1249 1991 recipere,
1271 1956 1407 1990 simulque
1433 1955 1525 1982 omnia
1547 1962 1609 1990 qua:
1633 1963 1648 1982 a
1666 1956 1769 1983 sanctis

979 2005 1104 2031 Patrihus
1121 2004 1219 2030 tradita
1233 2007 1297 2030 sunt
1314 2001 1442 2029 Ecclesia:
1454 2001 1512 2032 Dei,
1527 2006 1600 2028 recta
1623 2005 1666 2028 est
1686 2005 1769 2036 atque

979 2050 1073 2077 omnia
1100 2049 1219 2076 breviter
1246 2049 1432 2083 complectens
1461 2047 1521 2075 ﬁdei
1536 2046 1682 2082 professio.
1714 2046 1768 2074 Sed

979 2095 1041 2128 quia
1060 2093 1175 2121 haeretici
1191 2094 1272 2121 etiam
1285 2093 1343 2120 haec
1358 2093 1448 2120 dicere
1463 2092 1563 2123 solent.
1596 2100 1647 2120 nec
1675 2096 1768 2120 tamen

979 2145 1063 2173 recte,
1079 2139 1170 2174 utipsi
1186 2139 1302 2174 jactant.
1329 2140 1451 2166 veritatis
1465 2139 1617 2166 doctrinam
1629 2140 1768 2174 explicare

978 2185 1240 2220 deprehenduntur:
1267 2185 1371 2213 idcirco
1409 2185 1444 2212 ab
1470 2185 1504 2212 iis
1533 2185 1580 2220 qui
1603 2185 1680 2212 missi
1704 2191 1769 2213 sunt

978 2231 1120 2262 fratribus,
1131 2229 1303 2265 maximeque
1315 2230 1349 2257 ab
1370 2229 1468 2257 abbate
1493 2229 1634 2265 Sosipatro
1651 2238 1707 2258 rem
1718 2238 1767 2258 ex-

977 2277 1140 2312 quisivimus
1153 2297 1160 2308 ,
1178 2276 1407 2311 quemadmodum
1424 2276 1481 2311 ipse
1499 2284 1546 2311 per
1559 2277 1664 2303 litteras
1675 2281 1768 2311 postu-

979 2324 1051 2351 laras
1065 2332 1074 2354 ;
1096 2331 1129 2350 eo
1143 2322 1218 2357 quod
1232 2322 1323 2349 omnia
1341 2323 1484 2349 enuntiare
1497 2330 1548 2350 non
1561 2327 1653 2356 posset
1665 2323 1768 2357 episto-

980 2370 1004 2395 la
1018 2368 1194 2402 :Christique
1213 2367 1352 2395 beuciicio'
1374 2368 1577 2402 comperimus,
1610 2368 1766 2395 orthodoxe

980 2415 1014 2442 ab
1030 2414 1098 2449 ipsis
1119 2414 1215 2441 referri
1242 2421 1303 2448 quae
1313 2418 1340 2441 tu
1352 2414 1406 2442 illis
1421 2414 1609 2441 commiseras.
1634 2413 1766 2446 Quaenam

980 2461 1037 2488 haec
1057 2465 1121 2488 sunt
1139 2461 1151 2487 ?
1164 2467 1275 2488 necesse
1287 2460 1359 2488 enim
1375 2464 1416 2488 est
1431 2465 1497 2487 utea
1513 2460 1680 2494 capitulatim
1694 2459 1767 2487 desi—

979 2510 1095 2541 gnentur
1105 2525 1112 2532 .
1125 2505 1260 2537 Primum,
1287 2505 1321 2532 de
1336 2509 1430 2532 sancta
1446 2504 1562 2539 Deipara
1577 2514 1583 2532 :
1603 2505 1679 2531 aiunt
1693 2505 1766 2532 enim

978 2551 1070 2579 dicere
1093 2556 1129 2583 te,
1160 2551 1297 2586 Virginem
1318 2555 1381 2577 ante
1407 2550 1507 2578 saecula
1523 2550 1675 2577 exstitisse.
1708 2549 1768 2580 Hoc

978 2598 1042 2632 quia
1055 2605 1139 2632 negas
1154 2601 1180 2624 te
1192 2597 1233 2624 vel
1247 2597 1339 2624 dicere
1362 2595 1404 2622 vel
1424 2596 1540 2628 sentire,
1554 2596 1601 2624 sed
1628 2597 1767 2624 confiteris

977 2644 1052 2670 illam
1068 2651 1102 2670 ex
1111 2643 1170 2671 viro
1185 2648 1212 2670 et
1224 2643 1334 2675 femina,
1352 2641 1476 2671 Joacbim
1492 2647 1520 2671 et
1535 2642 1625 2675 Anna,
1637 2643 1766 2677 progeni-

977 2695 1053 2723 tam,
1083 2690 1152 2717 bene
1175 2689 1269 2717 habet.
1289 2689 1457 2720 Secundum.
1477 2689 1511 2717 de
1538 2688 1666 2720 Domino.
1692 2689 1779 2723 quod.
1816 2694 1822 2697 '

977 2735 1124 2765 crucifixus
1142 2734 1270 2764 nonfuit.
1287 2734 1422 2768 Quoniam
1433 2734 1683 2766 autemcouﬁteris
1695 2742 1765 2764 αυτ

888 2832 1009 2863 ΝΟΤΑῈ..

171 2889 229 2924 (58)
244 2888 273 2916 In
286 2889 347 2917 cod.
360 2889 427 2925 Reg.
447 2894 515 2925 ρνη’.
