1927 3089
190 155 203 188 1
210 155 261 188 527

785 155 817 187 S.
832 154 1030 185 THEODORI
1045 154 1220 186 STUDlT/E

1746 152 1816 185 159.8

185 211 294 238 rillxum
306 209 393 239 fuisse
409 211 558 239 secundum
586 212 754 247 Scripturas,
785 212 853 240 bene
881 213 972 240 habet.

1031 212 1213 248 ἐσταυρῶσθαι
1242 211 1323 238 αὑτὸν
1347 210 1418 238 κατά
1435 210 1485 243 τὰς
1502 209 1626 246 Γραφάς,
1640 208 1670 237 εὖ
1691 210 1724 237 ἂν
1745 211 1815 246 ἔχοι.

185 257 308 285 Tertium
321 276 329 290 ,
359 257 393 285 de
404 258 508 293 angelis
538 263 567 286 et
607 259 778 286 daemonibus
794 267 802 286 :
816 259 888 293 qttod
913 263 974 293 post

183 303 316 340 judicium
329 304 471 333 futuraest
481 304 579 332 iterum
599 305 736 332 restitutio
750 306 777 332 in
805 305 950 340 pristinum
964 325 972 338 ,

185 350 279 384 ﬁetque
293 357 376 376 unum
394 349 471 382 ovile,
489 353 514 376 et
534 357 601 376 unus
615 354 707 383 pastor
723 350 746 366 “
759 370 766 377 .
786 349 820 377 Et
836 351 899 385 quia
923 350 976 377 hoc

185 403 268 430 negas
279 415 286 427 ,
303 394 451 430 faterisque
464 400 594 423 aeternam
609 396 668 422 fore
687 401 744 423 tum
757 397 974 428 damnationem,

185 446 242 468 ιιιιιι
258 449 372 477 regnum
388 441 533 475 cmlorum,
548 441 618 468 bene
641 442 731 470 habet.
764 443 913 475 Quartum,
941 442 975 469 de

186 489 322 513 monacho
339 494 514 522 unoquoque,
545 487 617 522 quod
636 488 723 522 possit
753 487 841 523 poenis
860 488 976 515 liberare

185 535 295 558 centum
307 531 507 567 quinquaginta
529 533 684 560 damnatos.
709 533 742 560 Et
767 534 897 569 quoniam
925 534 977 561 hoc

186 585 280 612 negas,
296 583 323 604 et
338 577 410 605 dicis
428 574 683 613 nec’ptenitcntiam
695 587 757 607 esse
771 585 831 615 post
849 585 976 611 mortem,

185 630 236 650 nec
246 630 413 658 quemquam
427 624 473 658 qui
493 625 580 659 possit
595 625 629 652 ab
643 625 753 653 inﬂictis
777 633 792 653 a
807 626 861 652 Deo
889 627 977 661 pmois

183 678 290 704 eruere,
307 671 376 699 bene
391 673 480 699 habet.
498 673 642 705 Quintum,
666 674 700 700 de
714 673 797 705 libro,
813 674 859 708 qui
874 673 978 701 dicitur

184 715 295 744 Antonii
311 725 318 750 ;
336 717 409 752 quod
426 726 488 745 eum
502 719 576 745 dicas
603 719 700 746 merito
729 719 926 753 recipiendum,
950 720 978 746 in

184 769 239 796 quo
251 762 334 790 multa
355 768 420 790 sunt
442 763 618 798 blasphema;
636 766 708 792 sicut
733 765 783 799 ipsi
794 766 912 800 legentes
932 773 978 793 co-

185 807 343 842 gnovimus.
359 809 394 838 Et
406 810 535 844 quoniam
548 810 644 838 fateris
667 814 694 837 te
708 811 780 837 hunc
795 811 906 845 rejicere
919 815 979 838 tan-

184 861 269 888 quam
286 855 406 882 alienum
425 855 459 882 ab
474 855 595 884 Ecclesia
620 856 678 889 Dci,
699 864 748 883 nec
765 857 881 891 amplius
896 857 979 884 habe-

184 905 215 925 re
243 903 290 926 aut
306 899 565 935 legere:nequete,
609 908 699 935 neque
728 901 787 928 illos
814 902 860 936 qui
886 907 976 929 tecum

185 949 271 978 sunt;
288 945 357 972 bene
384 946 474 973 habet.
515 946 734 981 Benedictusque
761 947 796 975 sit
825 947 906 981 Deus,
931 947 977 982 qui

185 990 321 1026 praedictis
338 992 476 1020 scandulis
498 1000 546 1020 vos
571 993 721 1027 purgavit:
750 997 777 1021 et
805 993 977 1021 benedictutn

188 1046 286 1065 nomen
299 1039 393 1074 gloriae
421 1040 492 1074 ejus,
510 1039 583 1074 quod
599 1040 737 1074 persuasit
765 1043 796 1067 ut
818 1040 926 1067 diceres
953 1045 979 1067 te

188 1084 322 1112 rusticum
343 1092 404 1113 esse
435 1090 518 1120 atque
536 1085 693 1120 imperitum
705 1106 711 1118 ,
728 1093 927 1120 cessurumque
950 1086 977 1113 in

186 1127 328 1160 omnibus,
344 1133 372 1156 et
401 1128 653 1164 obtemperaturum
686 1128 779 1157 verbis
816 1129 979 1158 humilitatis

187 1181 264 1200 mete.

220 1259 277 1295 Ego
293 1268 358 1288 vero
379 1261 447 1288 nihil
461 1265 556 1296 praeter
571 1268 603 1289 ca
617 1269 679 1296 quas
695 1269 710 1289 a
742 1261 844 1290 sanctis
869 1267 978 1298 aposto-

187 1302 259 1335 lis‘et
267 1306 408 1340 prophetis
418 1312 446 1334 et
461 1307 587 1335 Patribus
597 1307 730 1336 divinitus
746 1308 886 1335 enuntiata
902 1313 978 1340 sunt,

186 1351 310 1379 suadebo
333 1352 373 1379 vel
401 1353 576 1387 praescribam
602 1359 610 1380 :
637 1354 686 1380 sed
716 1354 767 1382 hoc
785 1354 884 1389 ipsum,
909 1356 980 1382 sicut

186 1398 333 1433 scripsisti,
351 1402 380 1425 ut
406 1398 504 1426 credas
520 1399 547 1426 in
576 1404 699 1434 sanctam
719 1399 890 1432 Trinitatem,
907 1400 980 1427 indi-

189 1445 273 1471 risam
284 1445 414 1475 essentia,
439 1444 554 1472 divisum
575 1445 802 1473 cltaracteribus:
826 1447 853 1473 in
870 1445 979 1473 Patrem

164 1514 170 1520 ,
187 1495 213 1515 ct
232 1488 331 1516 Filium
346 1494 374 1517 et
402 1489 534 1525 Spiritutn
581 1495 705 1518 sanctum
721 1500 729 1524 ;
755 1499 840 1519 unum
872 1491 957 1519 Deum
972 1511 980 1523 ,

188 1543 273 1563 unum
293 1535 438 1563 Dominum
455 1545 462 1563 :
479 1536 551 1564 sicut
569 1541 596 1563 et
608 1545 662 1564 una
683 1537 759 1565 ﬁdes.
784 1537 831 1565 Est
846 1542 935 1565 autem
955 1543 980 1565 et

188 1580 268 1609 Pater
281 1581 361 1612 Deus,
377 1581 495 1608 etFilius
509 1581 591 1613 Deus,
606 1587 634 1609 et
653 1582 769 1618 Spiritus
795 1583 865 1611 Deus
882 1592 889 1617 ;
924 1591 978 1611 non

188 1631 243 1654 tres
257 1627 306 1658 dii,
321 1627 412 1654 absit!
436 1627 481 1655 sed
496 1635 568 1655 unus
591 1628 676 1661 Deus,
694 1629 923 1663 quemadmodum
952 1635 980 1657 et

189 1673 332 1701 Dominus.
360 1673 417 1701 Hoc
431 1678 473 1701 est
488 1674 632 1709 theologia».
647 1676 755 1710 dogma.
770 1675 807 1703 De
827 1677 980 1704 oeconomia

188 1723 278 1744 autem
295 1718 415 1750 credere,
439 1725 523 1744 unum
544 1718 577 1745 de
605 1726 698 1746 sancta
723 1719 867 1752 Trinitate,
891 1720 981 1748 Patris

191 1764 371 1798 ticneplacito,
387 1769 415 1791 et
427 1764 620 1798 cooperatione
631 1765 719 1792 sancti
736 1765 864 1800 Spiritus,
888 1766 979 1793 incar~

188 1815 282 1837 natum
297 1818 358 1837 esse
386 1809 420 1836 de
433 1814 526 1838 sancta
544 1809 668 1844 Dcipara,
685 1813 893 1845 superveniente
905 1813 931 1839 in
947 1813 980 1839 il-

189 1857 241 1882 lum
256 1856 358 1890 Spiritu
367 1859 472 1886 sancto,
487 1859 515 1881 et
530 1855 566 1881 ita
585 1856 763 1883 obumbrante
773 1857 905 1884 Altissimi
923 1858 980 1885 vir-

189 1906 255 1933 tute,
272 1902 345 1928 sicut
369 1905 413 1928 est
428 1901 456 1927 in
471 1899 618 1935 Evangelio
632 1901 654 1917 ⁸⁷
670 1909 677 1934 ;
691 1908 723 1928 ex
733 1910 787 1936 qua
800 1907 827 1929 et
843 1907 924 1931 natus
939 1909 982 1931 est

189 1948 271 1974 homo
281 1946 419 1982 perfectus
439 1946 521 1973 simul
535 1950 561 1973 et
585 1946 656 1974 Deus
675 1947 830 1981 perfectus;
848 1956 919 1976 unus
933 1949 982 1985 hy.

189 1994 305 2028 postasi,
318 1993 418 2027 duplex
446 1996 563 2024 natura;
580 1993 811 2027 quemadmodum
831 1993 916 2021 divini
930 1994 981 2022 Pa-

189 2045 255 2072 tres,
269 2044 296 2066 et
310 2044 412 2073 septem
426 2043 527 2065 sanctae
540 2039 714 2068 mcumenica:
728 2040 823 2075 synodi
847 2048 981 2076 exposue-

189 2090 262 2112 runt.
293 2084 424 2112 Contiteri
463 2084 545 2112 etiam
570 2082 705 2120 'virgincm
738 2085 882 2120 Deiparam
908 2095 979 2119 esse.

188 2134 317 2164 Omnibus
330 2131 518 2160 sublimiorem
541 2135 569 2158 et
592 2131 818 2166 honoratiorem;
840 2140 900 2166 quae
923 2141 982 2161 ma-

190 2187 267 2209 terno
281 2181 342 2215 jure
361 2180 431 2214 apud
452 2178 550 2206 Filium
566 2185 645 2205 suum
676 2186 708 2205 ac
720 2177 864 2207 Dominum
896 2181 982 2215 possit

1024 258 1131 294 Τρίτον,
1148 257 1213 293 περί
1234 257 1288 284 τῶν
1308 257 1433 291 ἀγγέλων
1456 256 1504 282 καὶ
1526 256 1580 282 τῶν
1601 256 1749 290 δαιμόνων,
1771 257 1816 284 ὅτι

1026 303 1096 338 μετὰ
1123 303 1172 338 τὴν
1187 303 1277 337 κρίσιν
1297 301 1520 332 ἀποκατάστασις
1540 301 1618 328 ἔσται
1639 301 1719 328 πάλιν
1731 310 1738 317 ·
1764 303 1817 329 καὶ

1024 347 1185 382 γενήσεται
1204 347 1258 381 μία
1280 347 1402 381 ποίμνη,
1422 343 1466 379 εἶς
1486 346 1609 381 ποιμήν.
1637 347 1692 373 Καὶ
1720 347 1817 382 ἐπειδὴ

1024 393 1104 421 τοῦτο
1120 394 1286 429 ἀπαρνῆσοιι,
1305 394 1352 420 καὶ
1375 393 1516 428 ὁμολογεῖς
1542 393 1651 420 αἰώνιον
1672 391 1743 420 εἶναι
1769 395 1818 421 καὶ

1025 442 1075 474 τὴν
1091 441 1182 476 κρίσιν
1203 440 1251 467 καὶ
1270 440 1319 476 τὴν
1344 440 1482 476 βασιλείαν
1502 440 1556 467 τῶν
1571 440 1704 476 οὐρανῶν,
1727 438 1757 467 εὖ
1783 440 1817 467 ἂν

1026 487 1093 522 ἔχοι.
1110 487 1245 522 Τέταρτον
1270 487 1334 521 περὶ
1357 486 1476 521 μοναχοῦ
1490 486 1560 518 ἑνὸς,
1577 486 1617 513 ὅτι
1637 486 1748 513 δύναται
1766 486 1818 521 τῆς

1026 532 1163 562 κολάσεως
1181 530 1312 566 ῥύσασθαι
1328 530 1425 557 ἑκατὸν
1440 530 1610 565 πεντήκοντα
1625 530 1816 564 κρινομένους.

1028 577 1082 605 Καὶ
1093 577 1186 612 ἐπειδὴ
1198 569 1280 603 ’τοῦτο
1295 575 1466 611 ἀπαρνῆσαι,
1480 575 1526 602 καὶ
1539 575 1638 608 λέγεις,
1652 577 1722 610 μήτε
1736 575 1815 610 μετά-

1027 632 1101 650 νοιαν
1125 621 1195 649 εἶναι
1213 622 1281 657 μετά
1300 622 1424 653 θάνατον,
1444 622 1512 656 μήτε
1528 622 1590 648 τινὰ
1607 621 1651 647 τὸν
1665 621 1817 655 δυνάμενον

1028 669 1167 702 ἐξελέσθαι
1189 669 1243 695 ἀπὸ
1258 668 1308 703 τῆς
1326 669 1358 695 ὲκ
1372 668 1418 694 τοῦ
1435 666 1502 694 Θεοῦ
1518 667 1737 702 ἀπονεμηθείσης
1749 667 1816 694 ἑκά-

1029 725 1083 751 στῳ
1109 715 1257 747 κολάσεως,
1281 712 1311 741 εὖ
1335 715 1368 741 ἂν
1385 715 1452 749 ἔχοι.
1475 713 1602 748 Πέμπτον
1625 713 1689 748 περὶ
1711 713 1816 746 βιϐλίου

1028 763 1074 788 τοῦ
1096 762 1291 796 ἐπιλεγομένου
1311 760 1358 788 τοῦ
1376 760 1537 787 Ἀντωνίον
1553 760 1593 786 ὄτι
1608 760 1697 794 λέγεις
1714 760 1816 787 εὐαπό-

1028 808 1121 834 δεκτον
1142 806 1211 834 εἶναι
1227 808 1256 834 ὲν
1270 804 1292 841 ᾧ
1307 806 1392 833 πολλὰ
1407 806 1564 842 βλάσφημα,
1578 807 1615 838 ὡς
1636 806 1716 841 ἡμεῖς
1737 806 1818 833 αὐτοὶ

1029 854 1191 887 ἀναγνόντες
1208 853 1340 888 ἔγνωμεν.
1366 854 1421 880 Καὶ
1434 853 1514 880 τοῦτο
1536 853 1653 886 ἐπείπερ
1672 853 1817 888 ὁμολογεῖς

994 886 1232 925 Βὰποδάλλεσθαι
1260 886 1298 930 ὡς
1332 897 1473 933 ἀλλότριον
1499 899 1550 932 τῆς
1579 886 1742 933 Ἐκκλησίας
1763 886 1816 927 τοῦ

1029 943 1107 976 Θεοῦ,
1134 944 1181 971 καὶ
1204 944 1304 979 μηκέτι
1332 944 1400 979 μήτε
1422 943 1494 978 ἔχειν
1516 944 1586 979 μήτε
1604 944 1815 978 ἀναγινώσκειν,

1030 990 1098 1025 μήτε
1111 990 1151 1021 σὲ,
1171 989 1239 1025 μήτε
1251 989 1314 1021 τοὺς
1328 989 1396 1023 μετά
1412 989 1469 1020 σοῦ,
1489 988 1520 1016 εὖ
1539 989 1571 1016 ἂν
1585 989 1653 1024 ἔχοι.
1669 991 1724 1016 Καὶ
1739 991 1817 1017 sine.

1028 1034 1111 1070 τητὸς
1123 1036 1137 1061 6
1147 1035 1214 1065 Θεὸς
1227 1035 1241 1061 ό
1254 1034 1439 1070 ποιησάμενος
1453 1035 1623 1071 καθαρισμὸν
1639 1037 1667 1063 ἑν
1685 1036 1749 1072 ὑμῖν
1760 1037 1816 1064 τῶν

1029 1080 1234 1115 προειρημένων
1249 1080 1404 1106 σκανδάλων
1414 1087 1422 1095 ⁸
1435 1080 1481 1106 καὶ
1491 1081 1671 1116 εὐλογημένον
1685 1081 1716 1108 τὸ
1728 1082 1816 1118 δνομα

1027 1126 1077 1159 τῆς
1093 1125 1172 1161 δόξης
1189 1125 1283 1159 αὐτοῦ,
1296 1126 1327 1152 τὸ
1342 1127 1440 1153 πεῖσάν
1457 1135 1486 1153 σε
1506 1128 1595 1154 εἰπεῖν
1610 1128 1728 1164 χωρικὸν
1744 1128 1817 1157 εῐναι

1028 1171 1077 1198 καὶ
1089 1171 1193 1206 ἀμαθῆ,
1212 1171 1259 1198 καὶ
1273 1172 1360 1198 εἴκειν
1373 1172 1444 1199 κατά
1459 1172 1548 1200 πάντα
1560 1174 1607 1200 καὶ
1619 1174 1762 1201 πείθεσθαι
1777 1175 1817 1210 τῷ

1028 1216 1100 1251 λόγῳ
1114 1217 1164 1252 τῆς
1177 1217 1368 1249 ταπεινώσεὼς
1383 1226 1447 1251 μου.

1070 1262 1141 1296 Ἐγὼ
1153 1262 1182 1290 δὲ
1195 1263 1271 1289 οὐδὲν
1285 1263 1361 1298 παρά
1369 1264 1403 1290 τὰ
1417 1264 1535 1296 θειωδῶς
1549 1265 1745 1301 ἑκπεφασμένα
1760 1268 1818 1300 τοῖς

1029 1307 1116 1341 ἁγίοις
1135 1307 1294 1339 ἀποστόλοις
1305 1309 1352 1335 καὶ
1368 1310 1522 1344 προφήταις
1536 1311 1584 1337 καὶ
1599 1311 1734 1346 Πατράσι,
1749 1321 1818 1350 παρ‹

1029 1353 1129 1381 αινέσω
1141 1353 1157 1388 ἢ
1171 1354 1347 1381 διατυπώσω·
1360 1355 1418 1382 ἀλλ’
1433 1356 1498 1382 αὐτὸ
1512 1355 1602 1389 τοῦτο,
1617 1357 1708 1389 καθὼς
1719 1358 1819 1394 γέγρεμ

1030 1408 1094 1434 φας,
1112 1399 1250 1426 πιστεύειν
1264 1408 1294 1426 σε
1315 1401 1355 1432 εἰς
1370 1401 1420 1434 τὴν
1439 1401 1521 1435 ἁγίαν
1540 1402 1643 1437 Τριὰδα
1656 1403 1705 1438 τὴν
1724 1404 1818 1441 ἀμερῆ

1029 1445 1090 1471 κατ’
1107 1444 1212 1478 οὐσίαν,
1227 1445 1418 1481 διαιρουμένην
1433 1446 1462 1473 δὲ
1480 1449 1536 1478 τοῖς
1552 1449 1740 1483 χαρακτῆρσιν
1752 1458 1760 1465 ·
1779 1451 1820 1481 εἰς

1030 1490 1142 1526 Πατέρα
1161 1491 1209 1518 καὶ
1228 1490 1292 1517 Υίὸν
1309 1492 1357 1518 καὶ
1374 1492 1452 1525 ἆγιον
1472 1493 1594 1528 Πνεῦμα,
1611 1494 1657 1520 ἕνα
1672 1494 1750 1527 Θεὸν,
1770 1495 1820 1523 ἕνα

994 1551 1015 1579 c
1032 1536 1144 1571 Κύριον,
1158 1536 1225 1562 καθὸ
1241 1537 1285 1563 καὶ
1306 1537 1354 1572 μία
1371 1538 1471 1569 πίστις.
1487 1538 1564 1564 Ἔστι
1585 1538 1613 1564 δὲ
1634 1539 1680 1565 καὶ
1694 1540 1707 1565 ὁ
1722 1540 1820 1575 Πατὴρ

1032 1581 1109 1614 Θεὸς,
1122 1581 1168 1608 καὶ
1180 1582 1193 1607 6
1206 1580 1269 1612 Υἱὸς
1286 1581 1361 1612 Θεὸς,
1378 1582 1425 1608 καὶ
1437 1582 1467 1607 τὸ
1482 1581 1591 1617 Πνεῦμα
1605 1583 1681 1617 Θεὸς,
1696 1584 1725 1610 οὔ
1744 1587 1820 1620 τρεῖς

1032 1627 1104 1659 Θεοὶ,
1117 1627 1154 1662 μὴ
1167 1626 1286 1660 γένοιτοῐ
1303 1627 1361 1654 ἀλλ’
1376 1625 1416 1658 εἷς
1428 1627 1495 1659 Θεὸς
1507 1649 1513 1661 ,
1532 1627 1627 1664 ὥσπερ
1641 1630 1687 1655 καὶ
1705 1630 1819 1666 Κύριος.

1033 1671 1118 1698 Τοῦτο
1132 1672 1181 1708 τῆς
1195 1672 1333 1706 θεολογίας
1351 1673 1379 1699 τὸ
1394 1673 1494 1708 δόγμα.
1509 1674 1577 1709 Περὶ
1593 1673 1643 1708 τῆς
1662 1676 1821 1710 οἰκονομίας

1032 1717 1180 1750 πιστεύειν,
1198 1719 1239 1745 ὅτι
1261 1719 1276 1745 6
1291 1717 1330 1750 εἷς
1350 1718 1399 1753 τῆς
1419 1719 1544 1754 Τριάδος,
1564 1720 1672 1756 εὐδοκία
1694 1721 1740 1747 τοῦ
1764 1723 1821 1748 Πα-

1032 1763 1106 1799 τρδς,
1123 1764 1169 1790 καὶ
1190 1764 1321 1800 συνεργίᾳ
1332 1764 1379 1790 τοῦ
1396 1764 1473 1798 ἁγίου
1489 1765 1657 1800 Πνεῦματος,
1673 1766 1820 1802 ὲσαρκὼθη

1032 1810 1065 1836 ἑκ
1078 1810 1129 1844 τῆς
1143 1809 1222 1843 ἀγίας
1237 1810 1379 1843 Θεοτόκου,
1402 1812 1661 1847 προεισεληλυθότος
1677 1813 1725 1840 τοῦ
1739 1815 1821 1849 ἁγίου

1033 1855 1192 1890 Πνεύματος
1219 1856 1248 1882 ὲν
1269 1856 1350 1891 αὐτῇ,
1374 1856 1420 1882 καὶ
1440 1856 1528 1889 οὕτως
1544 1858 1755 1891 ὲπισκιάσαντος
1771 1860 1822 1895 τῆς

1032 1901 1080 1928 τοῦ
1101 1901 1230 1936 Ὑψίστου
1243 1901 1394 1937 δυνάμεως,
1408 1903 1480 1929 κατὰ
1498 1904 1528 1929 τὸ
1544 1903 1724 1939 Εὐαγγέλιον·
1739 1906 1772 1939 ἐξ
1787 1905 1821 1943 ἧς

1033 1947 1081 1974 καὶ
1095 1947 1193 1982 ἐτέχθη
1206 1947 1358 1982 ἄνθρωπος,
1371 1948 1474 1981 τέλειος
1485 1948 1523 1978 ὢν
1541 1950 1570 1976 ὲν
1583 1950 1673 1986 ταὺτῷ
1688 1952 1735 1979 καὶ
1753 1953 1821 1985 Θεὸς

1031 1992 1148 2024 τέλειος·
1165 1991 1205 2024 είς
1223 1994 1256 2028 τῇ
1270 1993 1428 2024 ὑποστάσει,
1442 1994 1552 2027 διπλοῦς
1565 1996 1598 2031 τῇ
1613 1997 1710 2031 φύσει·
1728 1998 1821 2030 καθὼς

1032 2038 1057 2065 οἱ
1071 2038 1194 2074 θεοφόροι
1209 2039 1342 2074 Πατέρες,
1357 2039 1404 2068 καὶ
1415 2041 1443 2066 al
1458 2041 1528 2068 ὲπτά
1540 2040 1617 2075 ἁγιαι
1631 2042 1821 2078 οἰκοῦμενικαὶ

1034 2083 1136 2111 σύνοδοι
1147 2083 1268 2117 ἐξέθεντο
1277 2093 1284 2100 ·
1303 2093 1312 2110 ι
1333 2085 1488 2120 Ὀμολογείν
1499 2095 1528 2113 τε
1541 2086 1591 2122 τὴν
1604 2088 1741 2123 Παρθένον
1757 2089 1822 2116 Θεο-

1032 2130 1123 2163 τόκον,
1139 2131 1248 2157 πάντων
1267 2129 1349 2158 οὖσαν
1371 2131 1540 2168 ὑψηλοτέραν
1566 2136 1613 2162 καὶ
1633 2136 1819 2170 τιμιωτέραν·

1033 2177 1185 2212 δυναμένην
1206 2186 1236 2203 τε
1260 2177 1421 2214 πρεσὸεύειν
1439 2179 1580 2214 μητρικῶς
1603 2179 1642 2214 τῷ
1664 2180 1748 2215 αὐτῆς
1762 2181 1821 2214 Υίῷ

189 2235 238 2263 pro
255 2227 384 2255 universo
398 2225 500 2252 mundo
514 2224 692 2254 intercedere,
712 2224 831 2259 Angelos
857 2225 979 2254 conﬁteri

1032 2224 1080 2249 καὶ
1106 2223 1201 2259 Κυρίῳ
1215 2223 1286 2259 ὑπὲρ
1301 2224 1400 2255 παντὸς
1422 2224 1468 2250 τοῦ
1482 2225 1595 2260 κόσμου.
1616 2225 1774 2261 Ὀμολογεῑν
1790 2235 1820 2253 τε

189 2279 296 2306 quoque
315 2276 344 2297 ut
364 2269 485 2305 angelos,
506 2269 551 2303 qui
569 2273 596 2295 et
608 2268 659 2303 ipsi
675 2275 839 2303 magnopere
857 2277 906 2303 pro
921 2278 980 2296 om-

190 2318 269 2345 nibus
284 2315 441 2344 hominibus
461 2314 651 2349 deprecentur.
678 2313 780 2342 Horum
798 2321 888 2344 autem
914 2323 981 2344 con-

190 2364 275 2392 sortio
294 2370 381 2398 genus
410 2362 563 2389 daemonum
593 2361 733 2387 exclusum
748 2368 809 2387 esse
833 2361 860 2388 in
878 2362 978 2389 saecula

190 2409 365 2444 sempiterna.
382 2407 547 2440 eosdemque
561 2406 674 2440 proprio
689 2406 827 2435 dotnicilio
850 2414 898 2441 per
914 2415 981 2442 apo.-

190 2455 304 2483 stasiam
319 2455 420 2489 ejectos
433 2474 440 2485 ,
456 2457 539 2487 atque
567 2459 582 2478 ο
615 2450 669 2478 Deo
682 2452 715 2478 ad
742 2451 817 2486 justa
847 2453 981 2488 supplicia

190 2499 488 2530 damuatos.Conﬂteri
523 2498 610 2524 etiam
637 2501 746 2524 sanctos
775 2505 882 2530 omnes,
909 2499 983 2526 velut

192 2546 309 2574 [urnulas
329 2544 386 2577 Dei,
404 2551 453 2578 pro
468 2542 557 2569 salute
592 2545 686 2568 nostra
709 2549 789 2576 posse
807 2543 880 2577 apud
897 2541 981 2570 Deum

190 2591 370 2620 intercedere.
396 2588 527 2616 Contiteri
543 2592 672 2622 przcterea
703 2591 813 2615 sanctas
824 2588 956 2623 imagines
973 2607 983 2622 ,

189 2622 218 2663 et
234 2634 320 2670 ipsius
336 2632 442 2660 Domini
459 2632 544 2659 nostri
556 2631 621 2659 Jesu
636 2631 748 2664 Christi,
765 2636 792 2659 et
804 2622 900 2660 matris
912 2633 983 2668 ejus,

190 2680 412 2715 Angelorumque
422 2685 454 2706 ac
470 2684 629 2706 sanctorum
649 2677 784 2710 omnium,
796 2683 824 2705 et
845 2678 961 2709 adorare
973 2700 981 2713 ,

191 2732 219 2753 et
235 2726 385 2761 suscipere.
399 2724 477 2760 juxta
492 2724 518 2751 id
533 2723 606 2758 quod
617 2727 658 2750 est
677 2723 703 2750 in
720 2721 829 2751 Nicmna
863 2725 981 2754 secunda

192 2771 297 2807 synodo
311 2771 489 2800 constitutum
501 2778 508 2804 ;
526 2774 553 2797 et
565 2768 797 2798 anathematizare
813 2777 908 2801 omnes
924 2771 980 2801 hae~

229 2861 252 2879 “
267 2860 346 2887 Joun.
364 2867 391 2892 π,
410 2859 452 2887 16.
503 2859 524 2874 ⁸⁷
542 2857 609 2885 Luc.
636 2865 656 2889 ι,
674 2856 720 2885 55.

1030 2269 1094 2300 τοὺς
1107 2269 1249 2303 ἀγγέλους,
1265 2269 1469 2305 ὑπερδεομένων
1483 2271 1530 2298 καὶ
1545 2272 1635 2298 αὐτῶν
1648 2272 1758 2299 πάντων
1773 2273 1820 2300 ἀν-

1032 2314 1158 2350 θρώπων.
1171 2315 1207 2342 Τό
1221 2324 1250 2342 τε
1261 2315 1398 2351 δαιμόνιον
1411 2315 1493 2351 φῦλον
1508 2317 1607 2352 ἀμιγὲς
1618 2315 1688 2345 εῖναι
1699 2319 1739 2351 εις
1753 2319 1820 2346 αἰῶ-

1031 2368 1079 2391 νας
1093 2361 1299 2397 ἀτελευτήτους,
1318 2361 1386 2398 πρὸς
1400 2363 1498 2394 αὐτοὺς
1518 2364 1548 2390 τὸ
1573 2364 1638 2391 ἴδιον
1660 2366 1819 2401 οἰκητήριον

1031 2404 1067 2432 δι’
1079 2407 1246 2434 ἀποστασίαν
1263 2407 1458 2442 ἀπολιπόντας,
1478 2409 1525 2436 καὶ
1539 2410 1820 2446 καταδεδικασμένους

1035 2451 1087 2478 ὑπὸ
1101 2452 1168 2479 Θεοῦ
1181 2453 1296 2485 ἐνδίκοις
1311 2454 1464 2481 κολάσεσιν.
1487 2455 1644 2491 ὀμολογεῐν
1653 2465 1682 2482 τε
1696 2458 1743 2484 καὶ
1756 2458 1820 2488 τοὺς

1036 2497 1130 2532 ἁγίους
1145 2498 1250 2530 πάντας
1274 2499 1312 2530 ὡς
1325 2499 1494 2534 θεράποντας
1508 2501 1586 2534 Θεοῦ,
1603 2502 1765 2538 πρεσϐεύειν
1781 2503 1820 2538 τῷ

1035 2543 1095 2578 Θεῷ
1113 2543 1278 2580 δυναμένους
1291 2546 1331 2577 εἰς
1349 2547 1485 2582 σωτηρίαν
1496 2547 1586 2581 ἡμῶν.
1603 2548 1662 2574 Ἔτι
1679 2548 1819 2583 ὁμολογεῖν

1035 2589 1086 2620 τὰς
1099 2589 1181 2623 ἁγίας
1195 2591 1313 2623 εἰκόνας,
1326 2591 1407 2619 αὑτοῦ
1419 2601 1449 2618 τε
1459 2593 1506 2619 τοῦ
1523 2593 1626 2628 Κυρίου
1640 2594 1718 2629 ἡμῶν
1734 2593 1818 2629 Ἰησοῦ

1035 2634 1166 2670 Χριστοῦ,
1196 2637 1246 2670 τῆς
1268 2644 1299 2665 τε
1324 2636 1407 2663 αὑτοῦ
1429 2638 1550 2673 Μητρὸς,
1573 2638 1697 2672 ἀγγέλων
1719 2647 1749 2665 τε
1773 2639 1819 2665 καὶ

1035 2681 1145 2707 πάντων
1162 2681 1258 2715 ἁγίων,
1272 2684 1432 2717 προσκυνεῖν
1443 2692 1472 2709 τε
1485 2685 1533 2710 καὶ
1544 2684 1731 2719 ἀποδέχεσθαι,
1749 2685 1818 2711 κατὰ

1034 2725 1065 2752 τὸ
1092 2725 1272 2759 δογματισθὲν
1287 2727 1321 2762 τῇ
1345 2727 1377 2753 ὲν
1397 2727 1500 2762 Notata
1516 2727 1547 2754 τὸ
1565 2727 1689 2763 δεύτερον
1709 2727 1817 2762 συνόδῳ·

1034 2771 1244 2811 ᾁναθεματίζειν
1269 2781 1298 2801 τε
1320 2774 1423 2806 πᾴντας
1438 2773 1593 2811 αἰρετικοὺς
1607 2774 1670 2806 τοὺς
1689 2774 1742 2803 ὑπὸ
1764 2773 1818 2803 τῶν
