1927 3089
88 169 99 200 l
105 169 159 201 52‘.)

687 167 955 199 EPISTOLARUM
972 169 1048 200 LIB.
1074 169 1117 200 ΙΙ.

1647 172 1720 204 1530

85 225 206 252 συνόδων
224 224 523 260 ἁναθιμιτιζομένουφ
547 223 745 260 ἀνακηρύττειν
771 224 863 251 πάνταη

925 225 1026 252 reticos
1038 226 1108 260 quia
1122 224 1233 261 synodi:
1245 225 1463 254 anathematizati
1473 231 1556 260 sunt,
1578 229 1728 263 praedicare

83 271 150 302 τοὺς
166 270 324 307 ὀρθοδόξους
338 271 404 306 παρ’
418 270 509 297 αὐτῶν
521 270 757 305 εὖφημουμένους.
772 270 848 305 Αὕτη
861 271 878 306 ἡ

84 316 203 352 ἀληθινὴ
221 316 301 352 [(Ζοᾱ.
318 316 384 351 Reg.
397 316 558 352 εἰλικρινὴς]
574 317 664 348 πίστις
678 316 733 342 τῶν
746 317 877 352 Χριστια-

84 362 159 388 νῶν⁴
186 361 267 388 τοῦτο
288 362 318 388 τὸ
334 361 483 397 μαρτύριον
505 361 556 396 τῆς
580 362 698 396 Χριστοῦ
721 362 875 397 ὁμολογίας.

84 407 167 443 Παρὰ
180 407 268 434 ταῦτα
281 409 296 434 ό
309 407 414 443 φρονῶν
427 409 483 442 ἤτω
494 407 617 442 ἀνάθεμα
632 407 686 434 ἀπὸ
699 408 745 434 τοῦ
758 408 875 442 [ἰατρὸς.

83 454 133 479 καὶ
148 452 197 479 τοῦ
211 452 289 485 Υἰοῦ,
306 454 353 479 καὶ
367 452 413 479 τοῦ
429 453 506 486 ἁγίου
518 453 676 488 Πνεύματος
686 461 694 468 ⁸
706 453 778 480 καθά
794 461 876 487 φησιν

81 500 96 525 ὁ
112 498 264 530 ἀπόστολος
290 498 396 530 Παῦλος
407 507 414 515 ·
430 499 496 525 Ὀτι
515 498 575 525 κᾶν
595 499 691 533 ἡμεῖς.
708 498 727 532 ἢ
749 498 876 533 ἄγγελος

79 545 116 577 ἐξ
137 545 269 578 οὐρανοῦ
282 545 502 580 εὐαγγελίζηται
516 545 588 580 ὑμῖν
603 544 670 579 παρ’
685 544 701 572 ὃ
719 546 875 579 εὐηγγελι-

80 590 212 625 σάμεθα,
225 590 356 625 ἀνάθεμα
365 591 452 617 ἔστω.
472 590 519 624 Ὡς
534 591 705 624 προείρηκα,
718 590 767 617 καὶ
782 590 876 617 πάλιν

80 637 160 670 λέγω
169 645 177 652 ο
192 636 228 662 Εἴ
245 644 291 668 τις
304 637 380 670 iuta;
399 636 616 671 εὐαγγελίζεται
630 636 699 670 παρ’
713 635 729 663 ὃ
744 635 874 670 παρελά-

81 683 158 714 ϐετε,
174 681 309 715 ἀνάθεμα
324 681 412 708 ἐστω.
435 682 510 709 Ἐπεὶ
532 680 579 709 οὖν
597 681 678 713 αὐτὸς
697 681 874 716 λεπτομερῶς

80 727 170 753 ταῦτα.
182 727 353 761 ὲξεκάλυψας
373 728 401 754 ὲν
412 729 470 760 τοῖς
485 727 631 764 γράμμασί
646 736 692 754 σου
703 734 709 741 '
724 727 782 754 δέον
799 727 873 753 πᾶσα.

80 773 192 806 ἀνάγκη
207 771 374 807 ὁμολογῆσαί
389 782 419 800 σε
436 772 507 800 οὕτω
522 775 640 809 φρονεῖν.
653 773 738 799 Τοῦτο
754 772 783 800 δὲ
796 771 873 800 ἔσται

79 819 159 851 πῶ;;
189 818 233 844 ἵνα
251 819 280 844 ἐν
299 818 338 853 τῷ
356 818 520 854 πληρώματι
537 819 588 854 τῆς
610 818 757 853 ἐπιστολῆς
772 818 873 852 ταύτης

79 863 246 899 ὑπογρὰψῃς
261 863 333 890 κατὰ
348 864 380 890 τὸ
394 864 580 900 ἐμφερόμενον
593 864 745 891 πιττάκιον.
756 863 810 890 Καὶ
823 862 872 889 06-

930 277 978 298 eos
994 278 1090 298 omnes
1102 279 1172 305 quos
1185 271 1286 299 ctede
1302 277 1332 299 ut
1348 272 1513 301 orthodoxos
1534 274 1661 302 laudibus
1671 284 1721 303 ex-

930 317 1060 344 tulerunt.
1085 317 1150 346 Haec
1182 325 1244 345 vi-ra
1266 322 1307 346 est
1329 318 1545 347 Christianorum
1563 321 1652 349 ﬁdes:
1670 322 1722 350 hoc

929 363 1118 390 testimonium
1141 363 1323 392 confessionis
1347 364 1460 392 Christi.
1490 364 1572 393 Extra
1594 367 1652 394 hanc
1671 369 1722 402 qui

929 406 1022 438 sentit,
1038 407 1182 433 anathema
1194 407 1229 433 sit
1243 415 1258 433 a
1277 407 1374 439 'l’atre,
1401 413 1428 435 et
1455 407 1535 442 Filio,
1566 415 1594 437 et
1617 410 1718 444 Spiritu

929 455 1044 478 sancto:
1060 451 1131 478 sicut
1143 451 1242 479 Paulus
1256 452 1396 486 apostolus
1412 453 1452 479 ait
1469 462 1476 480 :
1495 453 1569 479 Licet
1596 463 1652 486 nos,
1672 459 1720 481 aut

928 499 1035 531 angelus
1051 497 1082 524 de
1097 498 1161 524 cwlo
1184 499 1343 533 evangelizet
1366 499 1437 525 vobis
1458 503 1631 534 praeterquam
1649 501 1718 535 quod

927 543 1173 577 evangelizavimus.
1198 545 1340 571 anui/tenta
1358 545 1404 572 sit.
1436 543 1513 571 Sicut
1544 544 1668 579 pradixi,
1694 551 1719 572 et

928 597 997 616 nunc
1021 589 1117 616 iterum
1142 590 1201 616 dico
1218 597 1227 616 :
1243 590 1271 617 Si
1288 591 1346 625 quis
1358 591 1429 618 vobis
1441 591 1602 625 evangetizct
1621 596 1719 626 praeter

927 634 997 668 quod
1009 634 1160 668 accepistis,
1176 634 1318 662 anathema
1332 636 1397 662 sit“
1410 655 1417 663 .
1431 636 1565 669 Quoniam
1579 645 1644 671 ergo
1660 638 1718 665 haec

927 679 1084 714 singillatim
1103 680 1255 714 exposuisti
1278 681 1304 708 in
1323 681 1419 709 litteris
1437 682 1491 709 tuis
1509 690 1516 714 ;
1541 690 1653 709 necesse
1677 688 1719 710 est

926 731 1041 759 prorsus
1066 725 1224 752 conlitearis
1257 730 1282 753 te
1297 726 1333 754 ita
1363 728 1473 754 sentire.
1500 726 1559 754 Hoc
1579 735 1642 754 vero
1670 728 1718 762 qui

925 768 972 795 ﬁet
985 768 996 794 ?
1010 767 1040 795 Si
1051 769 1085 796 ad
1096 768 1176 796 linem
1188 769 1310 804 epistolae
1320 770 1402 804 hujus
1416 770 1575 798 subscribas
1588 769 1666 805 juxta
1675 771 1718 797 in-

925 818 1028 840 sertum
1045 814 1071 840 in
1087 822 1118 841 ea
1135 815 1288 853 pittacium.
1306 816 1394 850 Atque
1407 817 1444 842 ita
1460 824 1513 851 pan:
1527 816 1584 849 Dei,
1598 825 1655 851 qua:
1669 825 1718 844 ea;-

925 863 1029 892 superat
1041 868 1142 886 omnem
1156 868 1271 893 sensum,
1283 861 1411 888 custodiet
1425 861 1458 894 ”,
1475 869 1643 897 praemiaque
1663 862 1719 890 afﬁ-

77 896 177 943 cuqvai
200 896 308 943 simia-1]
331 909 384 936 τοῦ
501 896 529 943 Ἶή
558 909 749 943 ὑπερέχουσα
771 908 863 935 πάντα

925 905 980 932 ciet
994 912 1044 933 nos
1068 910 1095 933 et
1109 913 1158 934 vos
1179 906 1206 933 in
1227 915 1283 935 uno
1309 907 1407 941 spiritu
1424 912 1451 934 et
1476 915 1531 935 uno
1563 909 1654 941 corde,
1686 913 1717 935 ut

78 954 165 985 γοῦν,
189 954 365 988 φρουρήσει,
378 955 426 980 καὶ
439 954 585 989 βραδεὺσει
602 955 675 989 ἡμᾶς
692 962 722 980 τε
735 954 783 980 καὶ
798 953 870 988 ὑμᾶς

77 1001 106 1026 ἑν
127 1001 170 1027 ἑνὶ
191 1001 327 1035 πνεύματι
342 1001 389 1027 καὶ
411 1002 459 1035 μιᾷ
475 1001 585 1036 καρδίᾳ,
597 1000 736 1027 πιστεύειν
761 1000 807 1027 καὶ
821 999 870 1026 λα-

77 1045 189 1078 τρεύειν
214 1046 247 1079 τῇ
269 1045 335 1080 ἁγίᾳ
353 1044 450 1080 Τριὰδι
477 1045 524 1071 ἐπὶ
549 1046 671 1082 σωτηρίᾳ
699 1045 753 1073 τῶν
775 1054 806 1071 τε
829 1045 870 1071 ot-

76 1092 161 1118 κείων
171 1091 276 1126 ψυχῶν,
291 1092 337 1118 καὶ
350 1091 397 1118 τοῦ
417 1091 600 1127 διαιρεθέντος
614 1090 679 1118 λαοῦ
696 1093 736 1122 είς
749 1091 797 1118 δύο
819 1090 869 1126 μέ-

78 1146 111 1171 ρη
122 1145 129 1152 ·
142 1137 273 1163 ἀπέναντι
283 1136 331 1163 τοῦ
344 1136 430 1172 κυροῦ
445 1137 608 1164 Ὶωαννικίου
618 1137 666 1163 τοῦ
679 1134 869 1171 πνευματικοῦ

922 950 1078 985 credamus,
1100 952 1279 987 colamusque
1298 958 1422 981 sanctam
1437 953 1609 986 Trinitatem,
1626 954 1659 981 ad
1672 961 1717 981 sa-
1758 974 1760 978 τ

923 996 1007 1023 lutem
1023 1001 1178 1024 nostrarum
1191 998 1357 1030 animarum,
1372 1002 1399 1025 et
1412 997 1502 1032 populi
1515 998 1542 1025 in
1561 999 1629 1026 duas
1649 1006 1714 1033 par-

923 1047 964 1070 tes
982 1043 1089 1071 dissecti
1104 1063 1110 1070 .
1129 1051 1223 1071 coram
1239 1044 1341 1072 domno
1359 1044 1504 1071 Joannicio
1514 1045 1651 1078 spirituali
1667 1053 1716 1079 pa-

921 1091 962 1115 tre
976 1095 1079 1122 DOSII‘O,
1097 1093 1179 1124 teque
1192 1095 1219 1117 et
1235 1095 1312 1125 patre
1325 1095 1353 1117 et
1367 1090 1452 1117 fratre
1463 1094 1559 1118 nostro
1581 1091 1716 1118 honorau-

922 1135 958 1162 do
970 1134 1055 1169 (δεδι).

78 1182 158 1218 ἡμῶν
173 1182 291 1216 Πατρός,
313 1182 362 1208 καὶ
384 1182 432 1209 σοῦ
454 1182 501 1209 τοῦ
522 1183 614 1218 τιμίου
630 1182 679 1209 καὶ
697 1181 801 1217 πατρὸς
821 1180 869 1210 καὶ
887 1178 1002 1213 ἀδελφοῦ
1015 1180 1102 1215 ἡμῶν.

197 1239 268 1266 ΡΞΖ¹
280 1240 349 1275 (59).
364 1254 401 1259 —
413 1239 542 1276 Διογένει
563 1239 739 1275 ἁσηκρῆτις.

1055 1235 1181 1263 CLXV".
1196 1251 1231 1256 —
1244 1236 1354 1272 Diogeni
1367 1239 1508 1266 secretario
1519 1237 1568 1274 (⁸).

333 1296 372 1322 De
380 1297 532 1324 sanctissima
543 1297 651 1330 imagine
661 1297 762 1327 Christi,
780 1300 807 1322 et
822 1296 887 1329 quod
899 1294 994 1321 adorari
1004 1294 1079 1320 relati
1088 1302 1117 1320 re
1128 1295 1229 1325 debeat,
1241 1303 1291 1320 non
1302 1296 1374 1322 latria
1385 1297 1446 1323 coli.

379 1351 524 1378 ΕΡΩΊῊΣΙ
529 1352 557 1378 Σ.

109 1395 177 1429 Πῶς
189 1394 237 1422 δεῖ
248 1396 354 1423 καλεῖν
367 1396 425 1429 τὴν
437 1397 566 1429 Χριστοῦ
576 1397 687 1430 εικόνα,
701 1397 752 1425 καί
763 1396 827 1430 πῶς

283 1431 380 1465 αὐτὴν
393 1432 578 1466 προσκυνεῖν
590 1432 659 1466 χρή.

372 1488 567 1515 ΑΠΟΚΡΙΣΙΣ.

1194 1348 1463 1380 INTERROGATIO.

951 1393 1088 1427 Quomodo
1098 1394 1257 1432 appellanda
1269 1396 1303 1422 sit
1318 1396 1404 1430 imago
1417 1395 1528 1430 Christi,
1537 1402 1563 1424 et
1574 1397 1704 1432 quomodo

1104 1430 1177 1456 illum
1192 1435 1311 1464 oporteat
1324 1431 1453 1458 adorare.

1227 1485 1428 1514 RESPONSIO.

114 1546 148 1572 Ἦ
160 1545 294 1581 ἐρώτησις
305 1545 401 1578 διπλῆν
413 1545 463 1579 τὴν
476 1538 622 1580 ἀπόκρισιν
633 1544 702 1579 ἔχει,
714 1545 798 1580 ἤγουν
813 1543 861 1578 τὴν

947 1541 1124 1576 interrogatio
1139 1542 1274 1576 duplicem
1302 1543 1385 1571 habet
1410 1545 1626 1579 responsionem.
1645 1545 1705 1573 sive

74 1591 183 1626 κλῆσιν.
203 1590 319 1624 Λέγεται
335 1589 389 1624 γὰρ
411 1590 458 1616 καὶ
476 1590 588 1625 κυρίως,
607 1591 653 1615 καὶ
668 1589 698 1616 οὐ
715 1589 818 1624 κυρίως
831 1588 862 1614 τὸ

75 1638 118 1664 ἐπ’
129 1637 199 1671 αὐτῇ
212 1635 422 1670 ὀνομαζόμενον.
435 1635 543 1671 Κυρίως
556 1636 604 1670 μὲν
615 1635 680 1671 γὸιρ¹
695 1634 777 1661 είκὼν
793 1635 862 1670 Χρι-

76 1681 138 1708 στοῦ
151 1681 269 1715 εἴρηται,
279 1681 296 1715 ἡ
307 1680 389 1706 εἰκὼν
400 1679 493 1706 αὑτοῦ·
505 1679 535 1705 οὑ
547 1679 649 1714 κυρίως
659 1678 698 1710 δὲ,
708 1678 772 1704 ὅταν
783 1677 863 1712 κο.λῆ-

74 1736 118 1753 τςιι
133 1727 262 1762 Χριστὸς,
272 1726 340 1752 ἀλλὰ
357 1726 428 1752 κατὰ
443 1725 611 1760 κατάχρησιν
619 1724 656 1756 ὡς
669 1724 735 1760 ἔχει.
751 1724 812 1751 Ἐπί
830 1731 861 1750 τε

75 1772 120 1799 τοῦ
132 1771 265 1805 ζωοποιοῦ
277 1771 392 1806 σταυροῦ
401 1771 501 1798 καὶτοῦ
511 1771 597 1798 τύπου
607 1771 699 1803 αὑτοῦ,
713 1768 860 1805 ὁμολογοῦν

74 1818 102 1844 τὸ
117 1817 260 1853 θεώρημα.
284 1817 418 1849 Ὡσαύτως
440 1818 488 1844 καὶ
504 1817 549 1843 ἐπὶ
569 1817 618 1851 τῆς
637 1818 858 1852 προσκυνήσεως,

78 1863 280 1898 παραπλησίως
296 1863 334 1898 τῷ
348 1864 425 1898 τύπῳ
438 1863 486 1890 τοῦ
500 1863 651 1898 σταυροῠ,ἡ
663 1862 857 1898 προσκύνησις.

75 1909 192 1944 Σχετικὴ
205 1908 272 1944 γὰρ,
286 1909 324 1940 ὡς
336 1908 390 1936 τῶν
405 1909 473 1944 πρός
486 1918 513 1936 τι
528 1909 624 1940 όντων,
634 1907 813 1943 πρωτοτύπου
828 1916 858 1934 τε

74 1956 120 1981 καὶ.
136 1954 253 1987 εἰκόνος,
266 1955 336 1981 κατὰ
346 1955 395 1989 τὴν
408 1954 500 1990 φωνὴν
513 1954 560 1981 τοῦ
573 1954 692 1989 μεγάλου
705 1953 856 1982 Βασιλείου.

77 2000 110 2026 Ἦ
124 1999 180 2034 γὰρ
196 1999 263 2034 τιμὴ
279 1999 330 2034 τῆς
346 2000 449 2031 εἰκόνος
472 1999 520 2026 ἐπὶ
541 1999 572 2025 τὸ
592 1998 770 2034 πρωτότυπον
789 1998 856 2025 ἀνα.-

72 2043 175 2071 6αίνει·
189 2043 249 2070 ἐστι
267 2043 322 2070 τῶν
337 2044 498 2079 ἀμφοτέρων
516 2044 564 2078 μία
578 2044 595 2078 ἡ
609 2042 810 2078 λιτροσκύνησιςς⁸
825 2042 856 2069 οὐ

72 2089 233 2125 σχιζομένη,
250 2089 311 2116 οὐδὲ
324 2090 511 2125 διαιρουμένη,
527 2089 585 2116 ἀλλ’
599 2090 646 2116 ἐπὶ
662 2089 710 2124 μὲν
721 2088 768 2116 τοῦ
781 2097 857 2124 πρω-

70 2134 188 2161 τοτὺπου
203 2133 358 2165 οὺσιωδῶςο
373 2135 419 2160 ἐπὶ
434 2134 463 2160 δὲ
475 2133 523 2162 τοῦ
538 2133 705 2169 παραγώγου
723 2132 856 2168 σχετικῶς

71 2180 250 2215 ὑπάρχουσα·
276 2179 368 2215 ὥσπερ
392 2180 439 2206 καὶ
463 2179 495 2206 τὸ
515 2177 586 2211 εἶδος
604 2179 654 2214 τῆς
673 2179 780 2215 μορφῆς
793 2187 800 2194 ”
813 2179 855 2206 ὃτι

923 1587 1139 1621 appellationem.
1161 1587 1265 1615 Dicitur
1303 1589 1376 1616 enim
1403 1595 1430 1617 et
1454 1591 1580 1625 proprie,
1606 1595 1633 1618 et
1655 1599 1707 1618 non

913 1632 1031 1666 proprie,
1053 1632 1079 1659 id
1104 1633 1176 1666 quod
1208 1633 1233 1660 in
1265 1641 1297 1661 ea
1331 1635 1499 1663 nominatur.
1533 1635 1655 1671 Proprie,
1684 1639 1708 1666 si

914 1685 1012 1711 nempe
1040 1679 1130 1713 imago
1147 1678 1261 1712 Christi,
1293 1680 1352 1714 ejus
1375 1682 1465 1717 imago
1491 1682 1619 1717 dicatur;
1653 1693 1707 1712 non

914 1723 1024 1757 proprie
1038 1728 1139 1756 autem,
1160 1724 1183 1751 si
1203 1725 1332 1753 Christus
1359 1728 1518 1762 appelletur.
1541 1729 1587 1756 scd
1602 1737 1649 1764 per
1662 1737 1709 1757 ca-

917 1769 1073 1796 lachresim.
1103 1769 1132 1796 In
1170 1771 1277 1799 viviﬁca
1299 1773 1364 1800 item
1394 1781 1484 1808 cruce,
1522 1780 1548 1803 et
1585 1776 1612 1802 in
1647 1776 1707 1811 ejus

910 1814 1013 1849 etligie,
1043 1823 1091 1850 par
1125 1821 1168 1844 est
1193 1818 1274 1845 ratio.
1306 1819 1352 1846 Sic
1378 1820 1460 1847 etiam
1493 1821 1519 1848 in
1549 1822 1706 1850 adorationa

910 1860 1035 1895 imaginis
1060 1861 1185 1889 similiter
1225 1868 1308 1898 atque
1336 1865 1364 1892 in
1392 1866 1482 1894 erucis
1521 1868 1609 1902 eiligie
1626 1888 1634 1900 ,
1675 1876 1706 1896 se

909 1906 990 1934 habet
1021 1907 1156 1936 adoratio.
1197 1908 1319 1937 lielativa
1354 1912 1428 1939 enim
1440 1917 1492 1944 est.
1510 1919 1638 1949 tanquam
1659 1924 1706 1944 eo.

908 1959 969 1978 rum
982 1960 1043 1988 quae
1060 1955 1095 1980 ad
1118 1955 1224 1990 aliquid
1241 1960 1318 1988 sunt.
1342 1960 1479 1993 prototypi
1504 1964 1531 1987 et
1554 1960 1681 1996 imaginis
1694 1983 1704 1995 ,

905 2000 983 2041 juxta
1006 1996 1117 2025 el‘l‘atum
1146 1999 1238 2034 magni
1254 1999 1350 2027 Basilii
1369 2001 1402 2028 "°.
1425 2001 1517 2029 Honor
1534 2004 1606 2030 enim
1636 2005 1704 2032 ima-

907 2043 978 2076 ginis
998 2044 1129 2070 ascendit.
1149 2045 1182 2071 ad
1197 2050 1369 2081 prototypum
1383 2055 1393 2074 :
1409 2055 1463 2074 una
1473 2048 1573 2083 quippe
1587 2054 1628 2076 est
1644 2058 1703 2077 am-

906 2087 1003 2115 borum
1024 2088 1157 2120 adoratio,
1173 2092 1334 2124 nonscisea,
1352 2100 1442 2127 neque
1474 2093 1561 2122 divisa
1577 2103 1584 2127 ;
1601 2096 1647 2122 sed
1673 2096 1700 2123 in

906 2139 1048 2169 prototypo
1061 2135 1171 2170 quidem
1193 2137 1377 2164 essentialiter
1396 2138 1556 2172 exsistens,’
1575 2141 1600 2167 in
1614 2140 1700 2177 elligie

905 2187 969 2207 vero
999 2188 1140 2214 expressa,
1167 2182 1288 2210 relative.
1310 2183 1546 2216 Quemadmodum
1558 2192 1584 2214 et
1606 2187 1700 2215 forma:

70 2226 127 2251 ἐκεῖ
139 2225 190 2260 μὲν
202 2225 336 2259 φυσικῶς,
353 2225 470 2252 ἐνταῦθα
480 2225 508 2253 δὲ
518 2225 657 2260 μεθεκτῶς
671 2225 812 2260 πάρεστιν.
827 2224 856 2251 '0

917 2226 1021 2260 ipecies,
1038 2227 1093 2253 illic
1107 2227 1216 2262 quidem
1227 2229 1402 2263 naturaliter,
1431 2231 1475 2258 hic
1509 2240 1573 2260 vero
1589 2233 1699 2268 partici-

70 2271 135 2304 γοῦν
146 2270 309 2306 προσκυνῶν
319 2270 368 2306 τὴν
381 2271 473 2297 εἰκόνα
486 2271 650 2302 οὑτινοσοῦν,
662 2271 716 2297 εἶτε
727 2270 856 2306 Χριστοῦ,

70 2317 125 2343 εἴτε
139 2316 189 2350 τῆς
204 2316 347 2348 Θεοτόκου,
361 2317 417 2342 είτε
429 2316 519 2349 ἁγίου,
535 2316 589 2342 εἴτε
603 2316 695 2347 ἁπλῶς
715 2314 856 2350 βασιλέως,

69 2363 124 2388 εἴτε
138 2362 282 2397 ἄρχοντος,
301 2362 355 2388 εἴτε
382 2362 528 2397 ὑφειμένου
551 2360 705 2396 ἀνθρώπου,
727 2361 756 2386 ὲν
770 2359 858 2396 ταύτῃ

68 2407 260 2442 προσεκύνησε
285 2407 331 2434 τὸν
354 2404 439 2443 οὗπερ
459 2407 528 2442 αὕτη
547 2407 678 2441 τυγχάνει
692 2406 791 2433 είκών-
810 2405 857 2432 καὶ

67 2453 139 2478 οὕτω
154 2453 316 2488 προσκυνῶν
329 2453 358 2478 οὐ
373 2453 519 2487 σφάλλεται
550 2452 606 2479 ἀλλ’
619 2452 766 2488 όρθοδόξως
782 2452 855 2486 ἔρει-

65 2498 191 2533 δόμενος,
214 2499 278 2530 τοὺς
301 2499 342 2533 ἐφ’
360 2499 480 2535 ἑκάτερᾳ
493 2500 526 2534 τῇ
541 2499 655 2534 ἀληθείᾳ
678 2497 855 2525 ἀντιπίπτον-

65 2552 127 2575 τας,
143 2543 259 2574 ἐνδίκως
272 2544 468 2579 ἀποκρούεται.
484 2545 561 2575 Τίνες
575 2545 604 2571 δὲ
619 2541 706 2576 061m;
719 2543 746 2570 οῐ
757 2551 787 2569 τε
800 2544 854 2570 ἁπ-

64 2588 240 2624 ςιναινόμενοι
255 2591 418 2624 προσκυνεῖν
433 2590 483 2621 τὰς
504 2590 605 2621 σεπτὰς
619 2590 726 2621 εἰκόνας
739 2598 746 2605 ·
767 2590 813 2615 καὶ
828 2589 853 2615 οἱ

64 2636 93 2661 ἐν
117 2636 151 2670 τῇ
177 2636 362 2671 προσκυνήσει
381 2635 517 2670 λέγοντες,
543 2636 613 2663 αὐτὰ
631 2636 665 2662 τὰ
687 2635 851 2670 πρωτότυπα

908 2272 1025 2306 patione.
1048 2272 1098 2305 Qui
1110 2281 1174 2307 ergo
1202 2274 1299 2302 adurat
1317 2275 1463 2311 imaginem
1492 2278 1696 2314 cujuscunque,

907 2318 964 2345 sive
981 2318 1091 2351 Christi,
1109 2320 1166 2346 sive
1182 2319 1312 2356 Deiparaa,
1326 2321 1382 2348 sive
1396 2323 1495 2354 sancti,
1512 2324 1569 2351 sive
1591 2325 1696 2360 simpli-

907 2363 973 2390 citer
987 2364 1068 2399 regis,
1087 2365 1144 2392 sive
1153 2366 1285 2400 principis
1299 2386 1306 2398 ,
1323 2367 1379 2395 sive
1392 2368 1532 2397 interimis
1549 2371 1667 2398 hominis
1685 2380 1694 2404 ;

907 2409 935 2437 in
951 2410 1002 2437 hac
1015 2411 1137 2438 adoravit
1152 2412 1228 2439 illum
1245 2413 1325 2447 cujus
1342 2414 1399 2448 ipsa
1412 2420 1455 2442 est
1475 2415 1566 2451 imago
1582 2425 1589 2448 ;
1615 2421 1642 2443 et
1657 2417 1693 2444 ita

908 2456 1026 2484 adorans
1043 2465 1097 2484 non
1118 2462 1193 2486 errat
1211 2478 1218 2490 ,
1232 2459 1279 2491 sed
1309 2461 1464 2488 orthodoxe
1492 2461 1624 2495 ﬁrmatus,
1647 2470 1695 2490 eos

905 2502 951 2536 qui
965 2503 1069 2530 veritati
1091 2504 1252 2531 alterutram
1269 2505 1294 2531 iu
1309 2510 1416 2540 partem
1436 2507 1583 2539 obsistunt.
1596 2509 1694 2538 merito

902 2547 1016 2581 repellit.
1037 2548 1154 2581 Quinam
1170 2557 1234 2576 vero
1247 2549 1274 2576 hi
1291 2551 1378 2578 sunt?
1396 2556 1452 2578 tum
1470 2552 1485 2579 ii
1502 2553 1548 2587 qui
1563 2547 1694 2581 veneran-

902 2592 950 2618 das
964 2591 1095 2626 imagines
1115 2593 1234 2621 adorare
1247 2594 1374 2622 abnuunt
1390 2604 1397 2628 ;
1413 2601 1470 2623 tum
1487 2597 1505 2623 ii
1530 2597 1575 2631 qui
1591 2598 1693 2625 inado—

902 2637 1005 2665 ratioue
1022 2638 1125 2671 dicunt,
1139 2644 1284 2676 prototypa
1309 2641 1367 2676 ipsa
1384 2650 1415 2670 se
1435 2642 1547 2678 physice
1562 2643 1691 2677 adorare;

100 2701 124 2717 ⁸³
136 2701 228 2729 Galat.
244 2710 265 2736 I,
304 2703 331 2737 8,
347 2704 376 2732 9.
411 2704 434 2722 "
447 2703 546 2739 Philip.
561 2712 598 2737 Iv,
628 2703 653 2733 7.
688 2704 712 2720 "
729 2702 807 2730 Tom.
823 2702 855 2736 ll,

924 2704 1026 2739 Spiritu
1043 2713 1147 2740 sancto,
1164 2716 1191 2737 c.
1209 2708 1254 2742 £8,
1269 2716 1297 2745 ι).
1315 2709 1376 2738 189.

817 2763 936 2794 NOTAE.

96 2820 172 2856 (58⁸)
185 2820 321 2849 Baronius
336 2822 382 2857 qui
393 2822 426 2850 ad
440 2830 505 2850 ann.
517 2822 579 2855 825.
594 2831 621 2850 n.
634 2823 678 2856 68,
690 2823 762 2850 hanc
771 2823 850 2857 epist.

61 2857 171 2887 recitat.
187 2861 263 2883 notat
281 2857 404 2884 ultimam
433 2857 549 2885 fortasse
570 2858 655 2886 luisse
674 2866 688 2886 a
708 2858 851 2887 Theodoro

65 2893 170 2924 attain.
190 2891 326 2928 siquidem
348 2899 421 2920 anno
445 2894 570 2929 sequenti
587 2902 603 2922 ο
627 2895 695 2923 Vivis
724 2895 850 2925 excessit.

941 2822 1011 2862 (ἒβη
1018 2822 1047 2853 In
1061 2823 1121 2862 eod.
1135 2823 1201 2860 Reg.
1218 2825 1288 2862 ρηθ’.

939 2858 977 2894 (⁸)
995 2857 1160 2893 Dogmatica.
