1927 3089
240 175 304 210 1531

834 172 866 203 S.
885 171 1083 202 THEODORI
1104 174 1277 208 STUDITlE

1802 173 1863 207 153?.

236 240 353 269 quorum
378 239 428 267 par
441 236 483 258 est
505 235 686 265 utrorumque
707 229 876 264 blasphemia
893 237 900 256 :
921 229 1028 256 illorum

1090 232 1204 265 ρυσικῶς
1233 234 1415 267 προσκυνεῖ-ν’
1446 228 1483 259 ὧν
1516 232 1681 269 ἀμφοτέρων
1715 233 1811 267 ὲπῑσης
1839 231 1865 258 τὸ

236 278 358 313 quidem,
380 281 409 304 ut
422 277 468 311 qui
500 275 699 302 incarnationis
725 274 886 308 mysterium
906 273 1025 306 tollant;

237 326 333 351 horum
343 330 417 356 vero,
432 325 470 349 ‘ut
483 322 531 356 qui
546 321 612 348 deos
625 321 681 347 sive
696 319 864 346 substantias
880 318 981 346 faciant
995 326 1027 344 ea

237 380 298 406 qum
315 375 413 398 natura
432 368 528 404 procul
552 369 654 394 absunt
679 374 694 393 a
720 365 882 401 prototypis.
904 364 1029 399 Quapro-

238 424 296 453 pter
309 417 447 444 adoranda
461 420 502 443 est
519 415 608 450 imago
625 413 726 441 Christi
743 412 798 446 (hic
810 411 881 438 enim
894 414 935 437 est
956 411 1030 437 colo-

239 465 309 498 pbon
324 462 535 495 dissertationis)
561 460 683 491 relative,
721 462 873 485 nonautem
890 457 963 483 cultu
989 456 1029 481 la-

239 508 312 533 trize:
325 507 377 533 hoe
389 506 461 532 enim
470 510 574 531 natura:
586 504 638 538 ipsi
660 502 763 529 Christi
777 500 906 528 convenit
920 507 1031 534 ;quan-

238 553 386 588 doqnidem
402 551 482 578 unica
497 555 540 577 est
571 549 712 576 Trinitatis
741 548 829 574 latria.
854 546 893 573 Ac
906 554 940 572 ne
973 545 1031 579 ipsa

239 599 348 634 quidem
362 598 475 631 Deipara
495 595 607 623 colenda
621 598 662 621 est
685 593 774 624 latria.
790 599 878 626 neque
895 599 961 618 crux
974 590 1033 624 ipsa

239 643 357 670 vivifiea.
384 642 429 669 Sic
452 649 539 676 neque
568 639 668 668 Christi
692 638 802 672 imagini
827 635 971 663 deferenda
992 639 1034 662 est

241 690 385 720 latria,sed
400 689 523 716 adoratio
541 696 547 714 :
564 687 600 714 ita
619 691 648 713 ut
665 693 760 712 omnes
780 683 968 710 adorationcs.
986 689 1034 715 per

240 735 444 762 mediaillorum
458 738 620 768 ,prototypa,
633 731 667 759 ad
680 738 761 757 unam
777 729 1033 762 snlamquazsanctae.

241 781 387 808 Trinitatis
413 780 598 807 atlorationem
634 777 797 805 referantur.
829 776 897 802 Aliae
916 780 1034 807 namque

241 835 295 855 non
311 827 470 857 latreuticae.
487 826 534 854 sed
571 825 717 852 adorativre
740 830 847 852 omnes,
885 819 1034 847 secundum

242 874 393 903 discrimen
405 872 545 901 inferioris
559 876 605 899 aut
614 869 761 898 eminentis
777 873 911 903 personat.

363 977 635 1010 CLXVlll.-—Joanni
652 973 830 1004 Grammatice
844 970 892 1007 (⁸).

1083 276 1243 313 βλάσφημον
1254 287 1260 294 ·
1284 278 1338 304 τῶν
1359 279 1418 312 μὲν,
1435 279 1473 310 ὡς
1490 278 1674 314 ἀναιρούντων
1691 278 1720 304 τὸ
1734 279 1782 312 τῆς
1799 279 1852 304 olm

1082 323 1178 358 νομίας
1195 326 1363 359 μυστήριον·
1381 325 1436 351 τῶν
1462 326 1490 352 δὲ
1515 325 1552 356 ὡς
1579 325 1786 354 θεοποιούντων,
1812 323 1865 357 ἤτοι

1082 370 1308 396 οὺσιοποιούντων
1328 370 1362 396 τὰ
1385 365 1492 405 μακρὰν
1507 370 1646 406 ἀπέχοντα
1668 371 1700 405 τῇ
1718 369 1797 403 φύσει
1818 369 1866 394 (in?)

1082 415 1136 442 τῶν
1168 416 1366 450 πρωτοτύπων.
1396 416 1549 452 Τοιγαροῦν
1583 415 1789 452 προσκυνητέον
1823 414 1868 448 τὴν

1083 462 1176 489 εἰκόνα
1187 462 1306 497 Χριστοῦ
1317 471 1324 478 ’
1341 459 1392 489 ὦδε
1410 464 1464 498 γὰρ
1480 464 1493 489 ὁ
1505 463 1629 498 κολοφὼν
1646 462 1692 489 τοῦ
1704 462 1799 496 λόγου·
1814 470 1869 496 σχε-

1082 508 1176 540 τικῶς,
1194 509 1251 535 ἀλλ’
1274 509 1303 536 οὐ
1325 509 1489 545 λατρευτέον
1500 518 1507 525 ·
1524 510 1604 536 τοῦτο
1620 509 1674 545 γὰρ
1692 508 1813 543 φυσικῶς
1831 507 1869 534 ἐπ’

1084 554 1166 580 αὑτοῦ
1184 554 1321 590 Χριστοῦ·
1340 555 1457 590 ἐπείπερ
1479 556 1495 590 ὴ
1517 555 1632 589 λατρεία
1654 554 1702 589 μία
1724 555 1774 589 τῆς
1790 553 1870 588 Τριά-

1084 601 1138 632 6ος.
1155 601 1210 627 Καὶ
1227 601 1287 627 οὐδὲ
1302 601 1370 636 αὐτῇ
1385 601 1509 636 Θεοτόκῳ
1522 601 1686 636 λατρευτέον
1697 608 1703 615 ·
1723 600 1785 626 οὐδὲ
1801 597 1871 632 αὐτῷ

1085 646 1125 677 τῷ
1138 645 1262 680 ζωοποιῷ
1277 646 1396 681 σταυρῷ.
1414 646 1507 678 Οὕτως
1529 646 1590 672 οὐδὲ
1606 647 1638 681 τῇ
1654 644 1776 681 Χριστοῦ
1793 644 1873 669 εικόνι

1087 691 1249 726 λατρευτὲον
1260 701 1267 707 ·
1283 691 1350 718 ἀλλὰ
1366 692 1571 727 προσκυνητέον
1582 698 1589 706 ·
1608 691 1704 717 πασῶν
1724 691 1778 716 τῶν
1794 697 1873 723 προσ-

1087 738 1228 773 κυνήσεων
1256 737 1300 764 διὰ
1321 738 1403 773 μέσου
1426 739 1481 764 τῶν
1502 738 1563 764 κατ’
1579 738 1663 769 αὑτὰς
1678 736 1872 771 πρωτοτύπιιιν,

1086 784 1133 809 ἐπὶ
1154 783 1203 816 τὴν
1223 783 1288 817 μίαν
1303 784 1350 810 καὶ
1382 784 1466 819 μόνην
1490 783 1672 821 λαερευτικὴν
1692 781 1873 817 προσκύνησιν

1086 831 1134 864 τῆς
1161 829 1243 863 ἁγίας
1259 830 1374 865 Τριάδος
1384 830 1605 865 ἀναφερομένων.
1624 830 1656 855 Αἱ
1672 828 1726 863 γὰρ
1754 827 1830 854 ἄλλαι
1845 825 1873 851 οὐ

1086 875 1274 910 λατρευτικαὶ,
1290 876 1358 903 ἀλλὰ
1385 876 1573 912 προσκυνηταὶ
1602 875 1722 906 ἅπασαι,
1751 872 1822 899 κατὰ
1847 871 1874 897 τὸ

1086 921 1214 956 διάφορον
1243 921 1290 947 τοῦ
1317 921 1509 956 ὐφειμένου,ῆ
1539 919 1705 956 προῦχοντος
1719 918 1872 954 προσώτσυ.

1195 968 1269 994 PEll'
1284 967 1350 1004 (60).
1363 982 1399 988 —
1415 967 1540 1002 Ἰωάννῃ
1551 965 1760 1002 Γραμματικῷ.
1799 962 1872 1000 [ψξῖὶ

937 1015 1001 1046 Quid
1012 1013 1045 1039 sit
1055 1014 1224 1045 suppositum.

277 1084 389 1112 Minime
403 1081 524 1108 locatum
559 1077 674 1104 sincerae
701 1072 842 1101 ebaritatis
875 1069 1021 1096 Candorem

241 1128 441 1160 dmnonstravit
457 1124 653 1154 honorabilitas
682 1125 727 1147 tua
745 1121 771 1147 in
803 1119 846 1145 his
871 1123 931 1151 qua
950 1113 1035 1141 corri-

241 1177 327 1214 genda
342 1173 496 1202 observavit
511 1173 538 1198 in
551 1170 620 1196 libro
635 1176 649 1194 a
664 1167 743 1194 nobis
766 1163 900 1197 imperitis
921 1167 1034 1194 compo-

241 1207 307 1251 ἔξω.
325 1221 358 1248 Et
376 1224 456 1247 erunt
486 1218 529 1244 illa
558 1215 668 1250 quidem
699 1211 839 1247 sigillutim
868 1215 930 1236 eum
965 1207 1035 1232 libro

243 1266 418 1296 conferenda.
438 1262 599 1296 Quod‘vero
614 1257 754 1289 luesitasli,
767 1264 821 1290 quo
838 1259 916 1289 pacto
932 1259 1034 1285 suppo-

244 1314 327 1340 situm
342 1311 383 1338 sic
401 1307 639 1338 intellexerimus;
655 1302 733 1338 quasi
757 1301 834 1328 aliter
854 1304 904 1326 ate
919 1297 1037 1330 accipia-

243 1363 298 1390 tur,
318 1358 389 1385 sicut
404 1353 564 1390 signiﬁcasti
585 1349 793 1378 :htesitavimus
822 1354 872 1372 nos
900 1350 1009 1378 quoque
1027 1360 1037 1374 ,

243 1404 383 1440 quomodo
409 1400 545 1429 hmsitarit
568 1398 610 1425 vir
639 1395 821 1429 undequaque
851 1390 1037 1418 doetiSsimus.

245 1436 423 1484 Suppositum
438 1444 588 1475 autem,vir
602 1439 772 1471 admirando,
790 1438 886 1465 beatus
896 1436 1037 1465 Leontius,

243 1483 323 1531 cujus
336 1494 440 1522 scholia
455 1495 564 1519 exstant
589 1486 828 1524 przestantissima,
858 1483 1038 1511 substantiam

235 1528 308 1569 esse
323 1541 389 1568 dicit
402 1547 463 1566 eum
483 1535 633 1572 bypostasi.
650 1534 718 1560 Dicit
732 1539 813 1567 porro
829 1536 856 1557 et
866 1537 979 1564 magnus
992 1528 1041 1554 Ba-

246 1580 336 1618 silius,
353 1594 405 1613 non
418 1585 446 1611 in
460 1583 607 1618 supporilo.
633 1581 666 1608 de
681 1584 775 1607 sancta
785 1578 899 1612 loquens
921 1576 1040 1603 Trinita-

247 1639 285 1661 te.
305 1632 358 1659 Srd
374 1636 401 1658 et
415 1629 635 1664 sapientissimus
651 1625 797 1661 Dionysius
826 1623 945 1658 quodam
982 1622 1041 1648 loco

246 1680 303 1706 ait:
320 1677 418 1704 «Multa
431 1675 551 1711 quidem,
567 1674 671 1701 ratione
679 1671 857 1700 accidentium
871 1678 877 1702 ;
894 1669 941 1697 sed
957 1677 1040 1696 unum

1121 1067 1158 1093 Τὸ
1172 1067 1354 1103 ἁνυπόκριτόν
1368 1076 1414 1093 σου
1432 1067 1482 1101 τῆς
1496 1065 1660 1102 εἰλικρινοῦς
1675 1065 1786 1099 ἀγάπης
1797 1064 1875 1090 δὲδει-

1085 1122 1132 1148 χεν
1150 1114 1166 1148 ἡ
1181 1115 1308 1149 τιμιότης
1326 1122 1373 1140 σου
1388 1115 1417 1140 ὲν
1432 1115 1489 1145 τοῖς
1506 1112 1739 1148 ὲπανορθωτικοίς
1758 1110 1874 1146 σημειώ-

1087 1168 1165 1194 μασι,
1183 1159 1230 1186 τοῦ
1249 1160 1318 1195 πρὸς
1336 1159 1416 1195 ἡμῶν
1431 1159 1486 1186 τῶν
1502 1159 1617 1195 ἀμαθῶν
1630 1157 1825 1192 συνταχθέντος
1837 1157 1875 1182 λό-

1087 1214 1148 1240 γου.
1161 1207 1217 1232 Καὶ
1229 1205 1286 1241 ἔχει
1299 1206 1348 1241 μὲν
1360 1207 1452 1232 ἐκεῖνα
1465 1206 1551 1237 οὕτως
1560 1205 1576 1241 ἢ
1586 1205 1672 1236 οὕτως
1682 1204 1876 1239 συγκεκρὲσθαι

1085 1252 1125 1287 τῷ
1139 1252 1220 1288 λόγῳ.
1245 1252 1355 1288 Ἐπειδὴ
1370 1252 1398 1278 δὲ
1411 1253 1545 1287 ἠπόρησε,
1562 1251 1698 1286 πῶςήμῖν
1711 1251 1834 1285 νενόηται
1849 1250 1876 1275 1‘)

1088 1299 1278 1333 ὑποκείμενον,
1294 1299 1340 1325 καὶ
1355 1298 1393 1330 ὡς
1409 1299 1495 1330 ἄλλως
1511 1296 1733 1332 ὲκλαμϐάνεσῦαι
1751 1297 1817 1331 παρ’
1833 1296 1876 1322 αὖ-

1087 1345 1135 1371 τοῦ
1163 1345 1243 1381 [Cod.
1268 1344 1334 1380 Reg.
1351 1344 1460 1380 αὑτῆς],
1482 1343 1555 1370 καθὰ
1581 1340 1797 1377 ὑπεσημῄνατο·
1819 1348 1876 1366 συν-

1088 1392 1270 1427 ηπορήσαμεν
1294 1391 1342 1418 καὶ
1359 1391 1449 1426 ἡμεῖς,
1466 1391 1507 1416 ὃτι
1521 1389 1662 1425 ἠπόρησεν
1678 1390 1692 1415 ό
1705 1387 1774 1423 περὶ
1793 1389 1877 1414 πάντα

1090 1438 1182 1472 σοφός.
1212 1437 1248 1463 Τὸ
1277 1437 1332 1471 γὰρ
1359 1436 1550 1470 ὑποκείμενον,
1576 1432 1599 1461 ὦ
1632 1434 1782 1469 θαυμάσιε,
1812 1433 1877 1460 κατὰ

1089 1484 1215 1511 Λεόντιον
1229 1483 1276 1510 τὸν
1293 1483 1440 1518 μακάριον,
1459 1478 1490 1508 οὗ
1502 1481 1537 1508 τὰ
1553 1480 1647 1516 σχόλια
1661 1480 1818 1516 ὑπερκαλῆ,
1833 1478 1875 1505 οὺ-

1091 1529 1150 1555 σίαν
1166 1527 1236 1555 εἶναι
1251 1528 1327 1562 λέγει
1349 1528 1419 1564 μετὰ
1441 1527 1626 1558 ὑποστάσεως.
1643 1526 1725 1560 Λέγει
1743 1526 1774 1552 δὲ
1797 1525 1842 1552 καὶ
1863 1525 1876 1550 ὁ

1093 1575 1179 1611 μέγας
1194 1574 1343 1605 Βασίλειος,
1357 1574 1412 1600 οὐκ
1434 1573 1469 1599 ἐν
1490 1572 1531 1605 τῷ
1551 1571 1748 1606 ὑποκειμένῳ,
1767 1571 1813 1598 ἐπὶ
1831 1570 1876 1605 τῆς

1091 1620 1172 1654 ἁγίας
1188 1619 1315 1655 Τριάδος.
1338 1618 1418 1645 Ἀλλὰ
1431 1618 1485 1653 γὰρ
1501 1617 1547 1644 καὶ
1562 1619 1576 1643 ὁ
1589 1617 1728 1651 πάνσοφος
1745 1616 1876 1645 Διονύσιος

1093 1665 1144 1695 ὦδὲ
1159 1667 1211 1693 πού
1227 1675 1294 1700 φησι
1311 1666 1356 1691 τὸ“
1373 1664 1478 1691 «Πολλὰ
1492 1665 1547 1696 τοῖς
1567 1662 1786 1697 συμϐεϐηκόσιν,
1804 1662 1832 1687 ἓν
1844 1660 1879 1695 τῷ

247 1700 285 1706 _..
297 1700 303 1705 .
321 1700 418 1704 .-η-..ε
433 1700 489 1711 1__,
871 1700 875 1702 Ἴ

247 1728 352 1755 ratione
378 1723 523 1760 suppositi.
539 1721 698 1749 Accideutia
721 1725 811 1747 autem
830 1728 884 1746 non
906 1718 932 1745 in
973 1717 1038 1745 sub-

1093 1714 1275 1748 ὑποκειμένῳ.
1291 1711 1488 1746 Συμὸεὸηκότα
1506 1710 1534 1736 δὲ
1547 1709 1597 1736 οὐκ
1612 1710 1640 1735 ἐν
1659 1710 1693 1745 τῇ
1707 1708 1824 1735 καθόλου
1839 1707 1881 1733 οὺ-

247 1774 346 1802 stantia
367 1770 528 1801 universali,
560 1769 608 1797 sed
634 1769 661 1795 in
699 1767 839 1802 hyposlasi
869 1769 1038 1800 spectantur,

248 1820 320 1845 sicut
338 1817 437 1843 nosti.)
459 1815 551 1849 ltaque
563 1812 689 1840 cumait:
708 1821 717 1836 ι
738 1810 821 1836 Multa
835 1809 943 1843 quidem
954 1807 1037 1834 ratio-

249 1873 283 1892 ne
296 1862 488 1892 accidentium,
499 1867 582 1886 unum
591 1867 654 1886 vero
663 1858 767 1884 ratione
776 1855 907 1890 suppOsiti
924 1863 931 1880 :
947 1863 957 1879 ι
974 1861 1039 1888 sup-

249 1910 367 1944 positum
383 1906 515 1934 intellexit
535 1904 716 1932 substantiam
731 1911 793 1930 eum
822 1901 961 1937 hyposlasi
974 1909 981 1933 ;
995 1907 1042 1927 ue‘

249 1963 313 1989 que,
329 1959 357 1981 ut
367 1960 439 1985 reor,
465 1952 544 1978 aliter
557 1958 639 1986 quam
657 1949 760 1980 debuit,
775 1948 802 1975 in
824 1948 893 1974 libro
909 1946 1040 1981 scriptum

250 2006 301 2028 est.
319 1999 410 2032 Quare
424 1998 509 2030 enim,
525 1997 548 2024 si
572 2004 625 2023 non
644 1999 686 2023 est
698 2002 781 2022 umtm
812 1993 963 2028 supposito,
984 2000 1040 2019 non

250 2047 336 2073 tribus
352 2046 434 2073 etiam
457 2043 615 2072 nominibus
631 2047 658 2070 et
671 2042 752 2069 rebus
770 2049 786 2068 a
806 2040 939 2074 theologis
955 2039 1041 2073 expli-

249 2090 356 2117 cabitur
371 2089 383 2115 ?
401 2090 438 2116 ita
463 2093 492 2115 ut
510 2087 683 2123 suppositqu
712 2086 786 2113 aliud
818 2085 884 2112 nihil
900 2085 935 2112 sit
957 2092 1039 2119 quam

250 2136 404 2163 Substantia
414 2143 475 2162 cum
490 2134 642 2170 hyposlasi.
664 2133 743 2166 Quod
761 2133 783 2159 si
799 2132 863 2167 quid
876 2132 984 2159 atutius
1000 2131 1041 2158 ἰιι-

248 2188 359 2210 ventum
380 2181 464 2209 fuerit
489 2189 505 2208 a
534 2181 677 2209 sanctitate
693 2184 750 2213 tua,
780 2179 807 2207 id
843 2179 941 2206 docere
966 2185 1015 2206 nos
1030 2197 1039 2210 .

249 2233 277 2257 et
288 2228 451 2264 perpolitum
465 2227 500 2255 ab
516 2227 574 2262 ipsa
590 2234 690 2254 munus
702 2226 837 2262 impertiri
852 2233 906 2252 non
919 2228 1039 2252 recuset.

299 2285 417 2314 CLXIX.
443 2301 480 2306 —
509 2284 734 2355 ΤΙιεζιξρέιὶᾍρνο
758 2283 897 2310 Euslratio
931 2291 1038 2317 prwpo-

1092 1760 1148 1796 σῐᾳ,
1174 1760 1231 1787 ἀλλ’
1245 1760 1274 1786 ὲν
1289 1760 1322 1794 τῇ
1337 1757 1484 1784 ὑποστάσει
1504 1755 1686 1791 τεθεώρηται,
1706 1755 1744 1786 ὡς
1768 1752 1855 1781 οἶσθα.
1871 1762 1879 1779 ι

1092 1807 1175 1834 Ὥστε
1196 1805 1280 1832 εἰπὼν
1293 1806 1340 1832 τό·
1357 1814 1366 1830 ι
1383 1804 1472 1831 Πολλὰ
1489 1805 1545 1835 τοῖς
1561 1802 1784 1838 συμϐεϐηκόσιν,
1799 1800 1828 1827 ἓν
1848 1798 1882 1832 τῷ

1092 1852 1275 1887 ὺποκειμένῳθ
1296 1861 1305 1878 ι
1333 1851 1362 1878 τὸ
1384 1850 1580 1886 ὑποκείμενον,
1600 1849 1694 1876 οὐσίαν
1721 1847 1794 1883 μετὰ
1817 1847 1881 1873 ὑπο-

1094 1899 1215 1930 στάσεως
1231 1898 1342 1933 εἴληφε·
1358 1898 1404 1924 καὶ
1417 1898 1465 1924 οὐκ
1479 1896 1532 1929 ἔξω
1547 1896 1594 1923 τοῦ
1610 1896 1727 1927 εἰκότος,
1743 1894 1783 1926 ὡς
1798 1891 1882 1928 οἶμαι,

1092 1945 1132 1980 τῷ
1147 1945 1254 1971 κεῖσθαι
1270 1946 1299 1970 ὲν
1315 1944 1353 1978 τῷ
1368 1943 1449 1978 λόγῳ.
1466 1943 1527 1974 Πῶς
1543 1942 1597 1977 γὰρ
1618 1941 1652 1968 ἂν
1676 1941 1714 1976 τῷ
1738 1940 1778 1975 μὴ
1799 1940 1828 1965 ἓν
1847 1937 1883 1972 τῷ

1093 1992 1276 2027 ὑποκειμένῳ,
1289 1990 1326 2026 μὴ
1338 1990 1399 2025 οὐχὶ
1409 1990 1482 2024 τρισὶ
1495 1988 1543 2014 καὶ
1557 1988 1670 2022 ὀνόμασι
1683 1987 1730 2013 καὶ
1741 1986 1884 2022 πράγμασι

1094 2037 1342 2072 θεολογηθήσεται;
1369 2035 1407 2066 ὡς
1433 2032 1502 2060 εἶναι
1532 2033 1562 2060 τὸ
1595 2033 1795 2067 ὑποκείμενον
1812 2030 1884 2058 οὐδὲν

1093 2084 1168 2116 ἄλλο,
1185 2084 1202 2119 ἢ
1215 2083 1308 2109 οὐσίαν
1326 2081 1395 2117 μετὰ
1410 2081 1595 2112 ὑποστάσεως.
1620 2079 1652 2106 Εἰ
1670 2079 1698 2105 δέ
1720 2088 1748 2105 τι
1771 2077 1886 2106 6:11:26:-

1094 2138 1172 2165 τερον
1183 2128 1337 2163 ἐξενεχθείη
1352 2127 1430 2163 [ϐοά.
1442 2126 1508 2162 Reg.
1528 2124 1696 2160 ἐξευρεθείη]
1711 2126 1738 2151 ὲν
1756 2127 1790 2160 τῇ
1805 2126 1885 2158 ἁγιω-

1094 2178 1160 2213 σύνῃ
1172 2185 1229 2209 σου,
1241 2177 1278 2211 μὴ
1288 2174 1491 2210 παραιτήσηται
1499 2172 1613 2205 διδάξαι.
1623 2172 1653 2198 τὸ
1660 2172 1746 2207 δῶρον
1757 2172 1825 2207 πρδς
1835 2170 1878 2196 αὐ-

1093 2224 1143 2258 τῆς
1154 2221 1329 2257 ἐγκαλλωπιζ
1337 2221 1434 2255 ὁμενον
1448 2219 1528 2256 [Cod.
1544 2218 1612 2253 Reg.
1624 2214 1885 2253 ὲγκωμιαζόμενον].

1091 2279 1164 2310 ΡΞΘ¹
1181 2279 1247 2315 ιϐι).
1263 2293 1297 2299 --
1312 2277 1462 2315 Θεόδωρος
1483 2275 1560 2315 darei?
1574 2273 1773 2315 1Etbo'tpatlov
1799 2272 1885 2306 ἡγου-

1372 2309 1478 2347 μένου.
1496 2309 1583 2347 [erant

683 2365 752 2394 Quod
765 2363 878 2390 Christus
890 2363 924 2388 sit
933 2364 1163 2395 incircumscriptus
1178 2363 1205 2386 et
1215 2357 1428 2389 circumscriptus.

286 2421 452 2457 Prop05itio,
481 2427 562 2455 quam
588 2426 662 2446 sanm
692 2417 826 2445 doctrinm
849 2417 1004 2450 arbitraris,
1024 2424 1041 2443 ο

1130 2415 1168 2441 Τὸ
1183 2412 1329 2448 πρόϐλημα
1351 2410 1400 2444 τῆς
1416 2407 1548 2442 δοκούσης
1574 2415 1615 2433 σοι
1638 2405 1774 2438 εὐδοξίας,
1791 2402 1814 2432 ὦ
1827 2405 1883 2435 τᾶν,

250 2471 349 2501 amice,
377 2474 407 2495 ιιι
423 2468 492 2495 alias
508 2466 700 2494 antecedentes
714 2464 755 2491 vel
780 2465 978 2499 subsequentes
1002 2462 1045 2490 di-

248 2516 413 2548 ctiunculas,
430 2520 558 2548 tanquam
569 2513 672 2547 ineptas
685 2516 710 2538 et
724 2511 839 2538 solwcas
855 2511 978 2537 emittant
989 2517 997 2541 ;
1010 2507 1044 2535 ad

249 2563 362 2591 verbum
378 2567 419 2590 est
432 2560 589 2596 bujusmodi
602 2568 608 2585 :
621 2557 849 2593 Quandoquidem
861 2557 986 2584 Christus
995 2563 1044 2583 ve-

249 2616 297 2636 rus
314 2607 385 2635 Deus
394 2611 498 2639 noster,
508 2606 578 2633 duas
589 2609 711 2637 naturas,
721 2605 788 2630 duas
797 2603 962 2635 voluntates,
975 2601 1044 2629 duas

249 2655 434 2690 operationes,
445 2653 554 2680 unicam
568 2659 632 2679 vero
643 2650 865 2679 habeatduarum
880 2653 1042 2675 naturarum

251 2707 409 2734 personam,
425 2698 569 2734 cuiusnam
586 2697 711 2733 efﬁngam
724 2702 868 2731 personam
881 2694 893 2721 ?
906 2693 1040 2727 Quoniam

252 2746 344 2781 igitur,
357 2745 477 2780 Ecquam
490 2741 767 2779 personam,rogasti,
779 2740 844 2768 audi
853 2743 964 2767 attente.
974 2737 1041 2771 Quae

253 2792 370 2820 formam
386 2790 537 2827 assumpsit
555 2800 562 2819 :
579 2789 715 2825 siquidem
731 2787 826 2816 formae
841 2793 938 2821 expers
954 2785 1042 2819 imago

1096 2461 1140 2487 ἵνα
1168 2457 1252 2484 τᾶλλα
1283 2464 1324 2482 σοι
1359 2453 1554 2490 προηγούμενα
1582 2453 1629 2479 καὶ
1655 2451 1778 2486 ἑπόμενα
1803 2450 1885 2481 λεξεί‹

1096 2506 1150 2536 δια,
1183 2503 1220 2534 ὡς
1250 2501 1369 2536 ἁσύφιλά
1394 2509 1424 2527 τε
1453 2499 1500 2526 καὶ
1531 2497 1754 2532 σεσολοικισμένα
1790 2495 1884 2531 πειρᾶν

1096 2550 1218 2578 τοιοῦτόν
1231 2549 1305 2575 ἐστιν
1323 2548 1369 2574 ἐπὶ
1386 2547 1495 2578 λέξεως·
1513 2544 1632 2580 Χριστὸς
1654 2545 1668 2570 ὁ
1681 2542 1809 2578 ἀληθινὸς
1825 2541 1887 2571 Θεὸς

1098 2596 1188 2633 ἡμῶν,
1205 2595 1252 2621 δύο
1267 2593 1373 2628 φύσεις,
1386 2591 1433 2618 δύο
1447 2591 1583 2626 θελήσεις,
1594 2589 1640 2616 δύο
1654 2588 1805 2624 ἐνεργείας,
1820 2587 1848 2613 ἒν
1859 2586 1885 2612 δὲ

1098 2643 1244 2679 πρόσωπον
1274 2640 1343 2674 ἔχων
1371 2638 1425 2665 τῶν
1449 2637 1495 2663 δύο
1523 2636 1641 2671 φύσεων,
1671 2635 1744 2666 τίνος
1763 2633 1885 2660 εἱκονίσω

1096 2689 1262 2726 πρόσωπον;
1284 2685 1393 2720 Ἐπειδὴ
1405 2683 1452 2711 οὖν
1466 2683 1624 2719 ἠρώτησας,
1634 2682 1713 2709 Ποῖον
1728 2681 1872 2715 πρόσωπον

1095 2725 1211 2764 ἄκουσον
1227 2732 1365 2769 ἐμμελῶς.
1381 2731 1418 2758 Τὸ
1431 2729 1598 2765 εἰδοποιηοέν
1608 2737 1615 2744 ·
1629 2728 1723 2763 ἐπειδὴ
1739 2728 1754 2754 ὁ
1768 2725 1885 2755 ἀνείδεος

1097 2781 1242 2817 χαρακτὴρ
1267 2779 1318 2814 τῆς
1332 2777 1510 2808 ὑποστάσεως
1527 2775 1575 2803 τοῦ
1596 2775 1703 2810 Πατρδς
1729 2771 1884 2806 εἰδοποιήθη

994 2883 1119 2912 ΝΟΪᾹΞΆ

289 2933 327 2965 (“)
347 2933 513 2966 liugmatiea.

290 2968 343 3003 (“)
361 2968 528 3002 Dogutatica.

1133 2930 1189 2962 (illi)
1204 2928 1232 2956 In
1247 2927 1308 2954 rod.
1326 2926 1393 2959 Reg.
1409 2925 1475 2962 953',

1135 2959 1191 2999 ζει)
1207 2963 1234 2991 lu
1247 2963 1308 2991 cod.
1329 2962 1396 2996 Reg.
1415 2959 1482 2995 piq’.
