1927 3089
252 182 262 214 1
269 183 319 215 535

845 184 877 216 ε.
892 184 1090 216 THEODORI
1102 185 1278 217 STUDI’I‘E

1808 183 1869 214 1536

252 238 440 266 haereticorum
454 238 639 274 obiectiones:
653 249 723 276 quas
731 241 754 269 si
769 246 842 269 recte
852 242 1040 274 confutavero,

1102 242 1171 277 τήσει
1188 241 1243 269 τῶν
1258 239 1407 276 αἱρετικῶν
1421 239 1641 276 προϐλημάτων·
1659 238 1708 266 καὶ
1731 239 1756 265 ει
1784 237 1833 274 μὲν
1848 234 1873 265 εὖ

251 286 400 320 scriptioni‘
410 286 529 321 sigillum
545 294 651 322 appone
668 296 676 321 ;
695 289 737 316 sin
761 289 864 320 minus,
888 289 1040 324 expiicabis

253 334 310 367 ipse
324 332 480 366 dilucidius.
497 332 567 366 Quia
581 342 646 361 vero
666 335 809 363 commode
823 335 892 364 solvi
911 336 1039 364 haeretica

251 377 369 413 objectio
381 386 434 405 non
445 383 543 414 potest,
563 380 616 407 nisi
629 381 779 415 propositio
796 381 855 416 ipsa
874 386 1039 416 exponatur,

253 425 342 458 priore
357 425 403 452 illa
418 426 480 453 loco
497 430 645 460 statuetur,
662 431 719 455 tum
748 428 847 456 deinde
869 427 936 456 ﬁdes
949 428 1042 456 ortho-

251 471 332 498 tioxa.

497 605 616 640 οἰήσειῐο
630 606 758 634 [ιω-επεὶ.

289 647 376 676 Unam
409 655 533 678 naturam
550 651 597 679 Dei
613 651 690 680 Verbi
702 653 871 681 incarnatam
885 653 1019 682 conﬁtens
1032 674 1040 688 ,

253 699 339 723 totum
359 697 488 731 quiddam
516 698 668 731 Christum,
689 699 746 728 sive
776 708 858 728 unam
878 701 1041 728 totalitatem

251 750 284 769 ex
305 744 437 777 partibus,
463 745 604 773 divinitate
623 746 728 774 scilicet
742 751 770 774 et
793 747 972 779 humanitate,
1000 747 1043 774 di-

253 789 327 816 citis.
359 789 564 826 interrogamus
583 801 658 827 ergo,
681 794 810 829 quidnam
831 801 932 823 sanctae
949 795 1041 823 Trini-

253 834 300 861 tati
312 837 499 864 annumeratis
514 837 526 864 Τ
542 843 675 871 totumne,
703 847 737 867 an
762 846 865 876 partem
878 843 889 869 Ἰ
901 842 935 870 Ει
954 843 1043 877 siqui-

252 882 313 908 dem
326 886 411 910 totum
424 903 432 916 ,
461 892 514 911 non
531 885 685 913 eritsancta
711 886 831 915 Trinitas
862 889 1042 918 consubstan-

1091 288 1288 323 ἀπαντήσοιμι,
1305 286 1399 317 ἐπίθες
1417 286 1468 322 τὴν
1488 286 1624 321 σφραγῖδα
1643 285 1682 321 τῷ
1702 285 1792 321 λόγῳ·
1809 286 1832 313 εἰ
1851 286 1875 313 δὶ

1093 333 1362 369 μήγε,σαφηνισειας
1376 332 1456 364 αὐτὸς
1467 332 1688 368 εὐκρινέστερον.
1703 332 1780 359 Ἐπεὶ
1790 331 1819 359 δὲ
1833 332 1876 368 οὐχ

1091 375 1148 405 οἷόν
1177 386 1208 404 τε
1236 377 1267 404 εὖ
1288 377 1360 413 μάλα.
1375 377 1500 404 διαλῦσαι
1516 377 1546 404 τὸ
1565 377 1704 411 αἱρετικὸν
1726 378 1875 413 πρόϐλημα,

1093 422 1172 460 [Cod.
1187 422 1254 458 Reg.
1280 422 1419 459 φρόνημα]
1443 423 1468 449 εἰ
1490 423 1528 458 μὴ
1549 422 1619 458 αὑτὴ
1634 423 1651 458 ἡ
1668 423 1801 458 πρότασις
1818 423 1877 449 dm»

1091 469 1229 496 δείκνυται
1243 467 1324 505 [Cod.
1344 468 1410 501 Reg.
1426 467 1626 504 ὑποδείκνυτο],
1655 467 1765 504 πρῶτον
1783 468 1879 495 κείσθω
1912 506 1913 511 η

1092 514 1172 550 αὕτη,
1187 514 1235 541 καὶ
1250 513 1301 541 εἶθ’
1314 514 1402 547 οὕτως
1416 516 1434 551 ἡ
1448 515 1588 551 ὀρθόδσξος
1604 514 1707 547 πίστις.
1720 514 1800 551 [Cod.
1818 515 1876 550 Reg.

1091 560 1193 597 λύσις.]

1111 622 1114 624 -
1321 608 1481 642 Πρόόλημα
1494 605 1655 640 αΙρετικοῦ.

1125 655 1201 683 Μίαν
1219 654 1301 690 φύσιν
1316 654 1364 682 τοῦ
1380 653 1448 681 Θεοῦ
1456 653 1546 687 Λόγου
1563 653 1779 689 σεσαρκωμένην
1790 653 1880 689 όμολο·

1091 701 1216 737 γοῦντες,
1234 701 1295 728 ὅλον
1312 709 1339 727 τι
1361 700 1407 726 τὸν
1427 699 1557 734 Χριστὸν,
1574 699 1659 734 ἦγουν
1685 698 1750 734 μιαν
1771 698 1880 733 όλότητα

1091 748 1125 775 ὲκ
1146 748 1247 784 μερῶν,
1267 747 1393 782 θεότητός
1409 755 1440 773 τε
1460 746 1508 773 καὶ
1522 745 1734 781 ἀνθρωπότητος
1753 745 1880 781 δηλονότι,

1091 794 1196 829 λέγετε.
1217 793 1414 828 Πυνθανόμεθα
1437 790 1495 825 οὖν,
1510 792 1537 819 τί
1557 791 1752 827 συναριθμεῖτε
1772 793 1805 827 τῇ
1821 791 1882 826 ἁγίᾳ

1091 841 1188 877 Τριάδι
1198 849 1206 874 ;
1217 840 1248 867 τὸ
1262 839 1362 875 ὃλον,ἢ
1378 840 1409 866 τὸ
1422 839 1522 875 μέρος;
1536 838 1584 865 καὶ
1598 839 1623 865 εἱ
1640 838 1691 874 μὲν
1703 839 1734 866 τὸ
1748 838 1819 870 ὃλον,
1836 839 1882 865 οὐχ

1092 887 1170 914 ἔσται
1186 886 1330 922 όμοοὺσιος
1344 886 1361 921 ἠ
1375 885 1441 920 ἁγία
1454 885 1539 921 Τριάς
1551 893 1558 900 ·
1575 885 1600 911 ει
1615 883 1644 911 δὲ
1653 884 1684 911 τδ
1700 884 1796 920 μέρος,
1810 883 1882 920 ῆτὴν

254 929 326 957 tialis
341 939 349 957 :
366 930 389 958 si
405 938 469 959 vero
485 936 591 966 partem
606 953 613 966 ,
634 938 681 961 aut
705 934 876 962 divinitatem
906 944 1042 965 annume-

1102 933 1211 966 ὶεότητσ.
1231 931 1473 968 συναριθμοῦντες,
1498 930 1578 962 ἐκτὸς
1602 932 1652 965 τῆς
1669 930 1750 965 ἁγίας
1772 930 1882 965 Τριάδος

254 981 357 1009 rantes,
373 982 450 1006 extra
477 984 600 1006 sanctam
631 979 793 1009 Trinitatem
820 983 964 1018 perspicue
991 984 1043 1011 ltu-

254 1024 411 1050 manitatem
430 1024 600 1060 relinquitis;
616 1031 665 1053 aut
694 1027 891 1056 humanitatem
911 1037 1044 1057 annume-

254 1074 357 1103 rantes,
369 1071 539 1100 divinitatem
554 1078 631 1101 extra
647 1073 810 1103 Trinitatem
825 1075 916 1104 dicere
943 1076 1043 1113 depre-

256 1115 421 1144 hcndemini.

538 1165 644 1194 Salutio
656 1168 824 1202 objectiom's.

290 1208 377 1237 Unam
393 1215 520 1239 naturam
550 1212 630 1241 Verbi
660 1214 830 1243 incantatam
867 1216 1043 1250 conﬁtentes,

255 1263 309 1282 non
325 1256 486 1291 simpliciter
516 1261 603 1286 totum
622 1260 753 1294 quiddam
774 1261 925 1295 Christum,
943 1263 990 1291 sed
1010 1270 1045 1292 ex

255 1302 361 1329 duabus
378 1303 556 1332 totalitatibus
572 1305 655 1333 simul
669 1307 838 1342 conjunctis,
851 1308 994 1338 divinitate
1018 1315 1046 1338 et

257 1345 433 1380 humanitate,
450 1347 613 1376 conﬁtemur
625 1358 632 1376 :
644 1352 795 1379 secundum
807 1361 876 1388 quas
887 1355 1044 1388 totalitates,

255 1401 315 1428 quae
330 1396 359 1421 ttt
371 1399 462 1429 partes
473 1396 506 1423 ad
534 1398 761 1432 compositionem
786 1406 935 1436 assumpta:
955 1408 1020 1430 sunt
1036 1423 1045 1436 ,

257 1444 330 1468 totus
343 1445 394 1474 est,
421 1447 550 1478 tanquam
568 1442 649 1478 Deus,
674 1444 747 1472 Patri
762 1450 789 1473 et
822 1447 936 1481 Spiritui
950 1454 1046 1478 sancto

257 1487 418 1515 naturaliter
432 1489 600 1523 coniunctus
616 1498 623 1523 ;
641 1495 668 1518 et
686 1495 769 1525 totus,
785 1493 861 1521 velut
875 1495 967 1528 homo,
984 1504 1045 1524 cutn

257 1537 342 1560 matre
354 1537 382 1560 et
406 1533 485 1561 nobis
501 1535 717 1564 substantialiter
734 1543 877 1574 cooptatus
892 1549 899 1573 ;
914 1541 1046 1575 singulari

255 1579 413 1607 charactere
438 1581 570 1616 colligans
598 1587 720 1611 extrema
732 1584 759 1611 in
783 1587 882 1620 seipso,
906 1592 1081 1627 extremo-3

256 1630 373 1657 rumque
389 1623 563 1653 deﬁnitiones
582 1625 681 1655 illaesas
693 1633 721 1655 ct
738 1628 897 1658 inconi’usas
911 1631 938 1658 in
967 1632 1047 1660 unio-

256 1677 292 1696 ne
307 1676 483 1699 conservans.
500 1670 530 1698 In
547 1680 604 1708 quo
629 1673 752 1702 Trinitas
784 1681 876 1703 manet
914 1676 1045 1712 Trinitas,

255 1713 376 1740 alienun]
395 1715 575 1750 quidquama
600 1722 699 1744 natura
724 1726 771 1752 per
801 1719 967 1748 additioncm
991 1730 1047 1750 non

257 1758 424 1792 admittens;
449 1763 478 1786 et
497 1759 658 1788 humanitas
691 1767 786 1789 manet
809 1763 980 1796 humanitas,
1013 1766 1048 1793 ab

258 1804 333 1832 unita
344 1805 395 1831 sibi
408 1805 552 1833 divinitate
568 1807 682 1835 minime
701 1808 797 1836 divisa.
816 1809 986 1846 Quapropter
1003 1820 1049 1839 ra-

258 1849 340 1877 tionis
351 1857 449 1884 expers
461 1851 513 1877 fuit
523 1851 641 1886 objectio
657 1857 712 1885 tua,
721 1862 755 1881 ex
769 1855 969 1890 Acepltalorum
982 1865 1049 1886 con-

259 1895 429 1923 fundentium
447 1897 543 1925 han-esi
558 1899 701 1927 ebulliens.

383 1940 503 1975 Objectio
516 1942 601 1969 altera
612 1943 729 1978 ejusdem
761 1945 889 1974 kwrclici.

294 1987 344 2014 Hic
356 1978 493 2020 Christus,
510 1997 591 2024 quem
607 1997 658 2018 nos
677 1991 854 2026 conﬁtemur,
881 2001 1050 2023 annumera-

260 2039 304 2061 tur
318 2038 420 2062 sanctae
440 2034 577 2068 Trinitati,
597 2037 639 2064 vel
649 2044 713 2065 non.
730 2037 795 2066 Etsi
812 2039 922 2075 quidem
948 2047 1050 2070 sanctze

259 2078 389 2108 Trinitati
415 2086 623 2116 annumeratur,
648 2090 704 2118 quo
738 2088 819 2118 pacto
846 2085 903 2120 jam
928 2085 1050 2115 Trinitas

260 2127 313 2154 erit
327 2128 571 2156 consubstantialis
584 2129 596 2156 ἲ
608 2129 737 2157 Siautem
752 2138 807 2158 non
830 2138 1029 2161 annumeratur
1041 2155 1049 2167 ,

261 2181 311 2200 nec
327 2173 399 2201 Deus
415 2175 476 2207 erit,
493 2175 539 2203 sed
555 2176 647 2204 nudus
680 2181 786 2204 tantum
818 2177 912 2206 homo.
945 2179 1051 2212 Quibus

262 2228 311 2247 vus
335 2221 425 2248 verbis
438 2222 636 2250 dubitationem
662 2223 784 2256 solvetis,
804 2224 916 2252 illatsam
948 2227 980 2254 de
996 2235 1051 2254 uno

1093 979 1143 1015 τὴν
1161 978 1360 1015 ἁνθρωπότητα
1379 977 1521 1013 προδήλως
1540 977 1779 1012 καταλιμπάνετε·
1797 976 1814 1012 ἢ
1836 977 1881 1011 τὴν

1094 1026 1291 1062 ἀνθρωπότητα
1302 1023 1543 1059 συναριθμοῦντες,
1560 1022 1698 1050 ἁλώσεσθε
1710 1023 1760 1058 τῆς
1770 1021 1882 1058 Τριάδος

1094 1073 1173 1104 sum;
1183 1072 1233 1108 τὴν
1244 1071 1359 1106 θεότητα
1370 1070 1506 1105 λέγοντες.

1341 1160 1437 1193 Λύσις
1449 1158 1525 1194 πρὸς
1538 1158 1640 1186 τοῦτο.

1129 1208 1203 1236 Μίαν
1223 1206 1305 1242 φύσιν
1324 1206 1373 1233 τοῦ
1388 1206 1476 1240 Λόγου
1495 1205 1711 1241 σεσαρκωμένην
1725 1205 1883 1241 ὁμολογοῦν-

1094 1263 1152 1286 τες.
1167 1254 1217 1289 οὺχ
1236 1253 1330 1284 ἁπλῶς
1352 1252 1412 1279 ὅλον
1434 1261 1460 1278 τι
1474 1252 1521 1279 τὸν
1537 1251 1664 1287 Χριστὸν,
1688 1252 1747 1278 ἀλλ’
1764 1253 1797 1279 ὲκ
1816 1252 1883 1279 δυοῖν

1095 1300 1232 1336 ὁλοτήτων
1243 1298 1493 1334 συνενηνεγμένων,
1504 1298 1633 1334 θεότητός
1647 1306 1677 1324 τε
1686 1299 1734 1325 καὶ
1743 1298 1883 1333 ἀνθρωπό-

1095 1355 1187 1382 τητος,
1203 1345 1390 1381 ὁμολογοῦμεν
1402 1352 1409 1360 ⁸
1425 1344 1487 1371 καθ’
1503 1343 1537 1376 ἃς
1553 1344 1683 1379 ὁλότητας
1698 1344 1747 1376 τὰς
1763 1344 1801 1376 ὡς
1819 1344 1884 1380 μέρη

1098 1393 1166 1429 πρὸς
1180 1393 1228 1428 τὴν
1245 1391 1370 1419 σύνθεσιν
1383 1390 1564 1425 εἰλημμένας,
1582 1389 1643 1422 ὅλος
1659 1390 1743 1422 ἐστὶν,
1760 1390 1799 1422 ὡς
1813 1390 1883 1421 Θεὸς,

1096 1440 1136 1475 τῷ
1155 1439 1242 1474 Πατρξ
1254 1447 1283 1465 τε
1301 1438 1348 1465 καὶ
1360 1437 1398 1472 τῷ
1412 1437 1552 1472 Πνεύματι
1565 1437 1690 1472 φυσικῶς
1705 1438 1882 1473 συνημμένος·

1096 1487 1144 1513 καὶ
1160 1486 1230 1518 ὅλος,
1245 1484 1282 1516 ὡς
1294 1484 1447 1519 ἄνθρωπος.
1462 1484 1495 1518 τῇ
1513 1483 1597 1519 μητρὶ
1612 1483 1660 1510 καὶ
1673 1483 1738 1518 ἡμῖν
1753 1483 1883 1513 οὐσιωόὦς

1098 1531 1334 1566 συντεταγμένος’
1358 1529 1398 1565 τῷ
1423 1529 1560 1566 μοναδιχῷ
1585 1530 1740 1564 χαρακτῆρι
1764 1529 1800 1556 τὰ
1820 1529 1884 1563 ἄκρα

1100 1579 1169 1614 πρὸς
1193 1576 1289 1604 ἑαυτὸν
1307 1575 1434 1608 συνδέων,
1458 1577 1505 1602 καὶ
1526 1576 1590 1606 τοὺς
1613 1575 1667 1601 τῶν
1691 1574 1787 1610 ἄκρων
1813 1575 1884 1610 ὄρους

1098 1624 1254 1660 ἀλωϐήτους
1276 1624 1324 1650 καὶ
1345 1621 1516 1657 ἀσυγχύτους
1537 1622 1566 1648 ὲν
1580 1623 1613 1657 τῇ
1629 1621 1725 1648 ὲνώσει
1746 1621 1886 1656 διαφυλάτ-

1097 1680 1162 1698 των.
1186 1671 1244 1705 Ἐφ’
1263 1666 1285 1704 ᾦ
1306 1670 1323 1704 ἡ
1338 1668 1424 1704 Τριὰς
1439 1668 1516 1703 μένει
1533 1667 1629 1703 Τριὰς,
1643 1667 1790 1702 ἀσυμφυές
1809 1676 1835 1694 τι
1851 1668 1886 1698 εἰς

1099 1718 1260 1753 προσθήκην
1275 1716 1313 1752 μὴ
1328 1715 1495 1751 προσιεμένη
1506 1723 1514 1730 ·
1530 1715 1578 1742 καὶ
1592 1716 1606 1751 ἡ
1622 1714 1803 1750 ἅνθρωπότης
1817 1714 1888 1750 μένει

1099 1764 1290 1800 ἁνθρωπότης,
1318 1762 1368 1797 τῆς
1390 1760 1538 1797 ἑνωθείσης
1565 1761 1635 1797 αὐτῇ
1660 1761 1789 1796 θεότητος
1812 1761 1888 1796 μήπω

1099 1809 1289 1846 διαιρουμένη.
1316 1808 1399 1834 Ὥστε
1429 1815 1475 1834 σου
1503 1807 1637 1842 ἁλογῶδες
1652 1807 1683 1834 τὸ
1696 1807 1842 1843 πρόϐλημα
1860 1807 1889 1832 ὲκ

1099 1856 1150 1890 τῆς
1161 1855 1216 1882 τῶν
1233 1853 1391 1889 Ἀκεφάλων
1403 1853 1571 1888 συγχυτικῆς
1583 1853 1717 1888 αἱρέσεως
1729 1852 1889 1887 ἀποζευγνὺ-

1124 1910 1195 1929 ενον.

1103 1910 1231 1974 Fami-'05
1250 1945 1345 1974 αὐτοῦ
1364 1944 1513 1980 αἰρετικοῦ
1532 1945 1637 1979 ἕτερον
1653 1944 1826 1979 πρόϐλημα.

1137 1988 1223 2024 Οὗτος
1236 1991 1251 2018 ό
1267 1990 1386 2027 Χριστὸς
1401 1991 1415 2017 ὁ
1431 1990 1495 2026 παρ’
1509 1990 1526 2025 ἡ
1531 1989 1588 2025 μῶν
1599 1988 1818 2024 ὁμολογούμενος
1832 1996 1889 2014 συν-

1101 2038 1259 2074 αριθμεῖται
1274 2038 1306 2072 τῇ
1320 2036 1385 2071 ἁγίᾳ
1398 2035 1506 2071 Τριάδι,
1522 2034 1591 2071 ῆοῦ.
1608 2035 1664 2062 Καὶ
1678 2036 1702 2061 εἰ
1718 2034 1770 2070 μὲν
1786 2042 1890 2069 συναρι-

1102 2084 1212 2120 θμεῖται
1231 2085 1265 2119 τῇ
1286 2083 1351 2118 ἁγίᾳ
1365 2082 1478 2118 Τριάδι,
1494 2081 1553 2113 πῶς
1568 2081 1644 2108 ἔσται
1661 2080 1755 2108 λοιπὸν
1780 2082 1797 2117 ή
1814 2080 1890 2117 rga:

1101 2130 1260 2166 ὀμοούσιος;
1277 2130 1301 2156 εἰ
1317 2129 1346 2155 δὲ
1361 2128 1391 2155 οὺ
1407 2127 1633 2164 συναριθμεῖται,
1646 2128 1708 2154 οὐδὲ
1724 2127 1791 2167 Θεὸς
1808 2127 1890 2156 ἔσται,

1101 2177 1171 2204 ἀλλὰ
1197 2177 1277 2212 μόνον
1295 2175 1373 2210 ψιλὸς
1392 2174 1547 2210 ἄνθρωπος.
1572 2171 1620 2206 Οἷς
1635 2173 1825 2222 τοίνυν-ὑμεῖς
1847 2171 1891 2222 τὴν

1102 2223 1221 2259 ἀπορίαν
1241 2220 1404 2248 ὲπιλύσεσθε
1421 2220 1521 2254 λόγοις,
1541 2220 1592 2255 τὴν
1616 2220 1681 2256 περὶ
1702 2219 1763 2252 ἐνὸς
1777 2219 1891 2254 Χριστοῦ

262 2266 373 2295 Christo
389 2273 531 2297 servantes
546 2270 703 2304 opinionem
721 2279 729 2304 ;
746 2271 840 2299 eadem
855 2272 915 2307 ipsa
924 2273 1002 2301 nobis
1016 2273 1047 2301 ad

1104 2269 1285 2304 φυλάττοντες
1298 2267 1377 2299 δόξαν
1391 2267 1569 2302 ἀπήμαντον,
1585 2263 1657 2293 οὗτοι
1678 2266 1726 2293 καὶ
1742 2266 1810 2302 ἡμῖν
1827 2265 1892 2300 πρὸς

262 2312 334 2342 hanc
349 2312 494 2346 suﬁicient,

498 2359 603 2388 Salutio
619 2361 784 2396 objectionis.

298 2403 348 2433 llic
361 2404 499 2439 Christus,
511 2414 592 2441 quem
607 2415 657 2435 nos
673 2409 845 2441 conﬁtemur,
859 2409 961 2444 qttibns
979 2409 1052 2437 veri—

262 2451 326 2479 tatis
341 2452 432 2480 verbis
448 2453 565 2488 priorem
581 2453 761 2488 objectionem
784 2455 894 2490 rcpulit,
911 2456 1009 2484 iisdem
1027 2462 1054 2484 et

264 2504 425 2532 prmsentem
437 2499 559 2534 repellet,
575 2504 605 2527 ut
628 2508 688 2535 qua:
703 2508 796 2535 parem
818 2502 941 2530 continet
956 2502 1055 2538 impie<

264 2550 360 2573 tatem.
376 2546 463 2578 Quem
478 2553 544 2573 vero
564 2553 612 2574 vos
629 2546 782 2580 Christum,
799 2556 881 2575 unam
898 2549 1003 2578 scilicet
1017 2558 1052 2578 ex

263 2591 548 2627 partibus,divinitate
567 2597 595 2620 et
617 2592 796 2626 humanitate,
814 2594 976 2622 totalitatem
1005 2603 1054 2623 na-

265 2638 379 2665 turaletn
390 2637 554 2672 praedicatis,
576 2645 626 2665 nec
641 2639 884 2666 consubstantialis
895 2643 937 2667 est
952 2639 1026 2667 Patri
1044 2661 1052 2673 ,

264 2682 397 2717 siquidem
411 2681 492 2709 Pater
504 2681 576 2710 Deus
595 2682 683 2710 solum
700 2687 752 2716 est,
766 2687 793 2710 et
810 2690 864 2710 non
886 2683 968 2712 homo
983 2692 990 2712 :
1006 2692 1054 2712 ne-

264 2737 317 2764 que
337 2729 580 2757 consubstantialis
589 2729 670 2757 matri
686 2738 694 2763 ;
708 2729 842 2765 siquidem
863 2736 951 2758 mater
972 2731 1055 2759 homo

265 2778 308 2802 est
320 2779 436 2806 tantum,
450 2778 478 2801 et
494 2782 547 2802 non
561 2773 632 2802 Deus
646 2782 654 2802 :
669 2779 695 2802 et
714 2779 821 2810 tempus
834 2779 876 2803 est
889 2780 919 2803 ut
929 2776 1056 2805 Christos

266 2820 334 2847 alios
352 2820 490 2855 quaeratis,
502 2819 602 2856 quibus
615 2819 667 2848 iste
681 2819 718 2848 sit
731 2820 975 2849 consubstantialis
993 2829 1000 2854 ;
1017 2821 1057 2848 si-

267 2864 377 2899 quidem
395 2873 448 2892 non
463 2870 506 2893 est
524 2865 607 2893 ullam
620 2866 742 2901 reperire
757 2870 883 2894 naturam
897 2874 960 2902 qua:
973 2866 1056 2895 unius

268 2915 372 2942 tantum
387 2919 510 2948 personae
523 2912 630 2949 propria
643 2912 688 2940 sit.
699 2911 775 2946 Quod
789 2913 812 2941 si
829 2921 883 2942 non
896 2913 1055 2948 inveniatis,

1106 2316 1208 2352 ταύτην
1223 2315 1399 2352 ἀρκέσουσιν.

1348 2360 1444 2393 Λύσις
1462 2359 1537 2394 πρὸς
1553 2359 1650 2387 τοῦτο.

1142 2407 1227 2441 Οὗτος
1247 2409 1262 2435 ὁ
1276 2407 1394 2443 Χριστὸς
1414 2407 1428 2434 ὁ
1446 2406 1510 2442 παρ’
1525 2406 1604 2442 ἡμῶν
1617 2404 1843 2441 ὁμολογούμενος,
1856 2400 1892 2433 οἷς

1106 2458 1196 2492 λόγοις
1210 2455 1378 2491 ἁληοότητος
1391 2454 1573 2490 ὲξεκρούσατο
1585 2453 1636 2489 τὴν
1650 2452 1790 2504 προτέραν
1802 2450 1893 2504 πρότα-

1107 2513 1160 2537 σιν,
1180 2502 1297 2534 τούτοις,
1320 2501 1368 2528 καὶ
1390 2502 1440 2536 τὴν
1463 2500 1606 2536 παροῦσαν
1626 2498 1832 2534 συγκρούσειεν,
1858 2498 1892 2527 ὡς

1109 2550 1262 2586 ἰσορρόπως
1275 2547 1307 2574 τὸ
1319 2546 1416 2578 ἀσεϐὲς
1429 2545 1553 2581 ἔχουσαν.
1571 2546 1620 2572 Ὃν
1633 2545 1663 2571 δὲ
1678 2545 1758 2580 ὑμεῖς
1772 2542 1892 2579 Χριστὸν,

1107 2596 1191 2631 ἠγουν
1206 2593 1271 2629 μίαν
1283 2592 1397 2628 ὁλότητα
1412 2591 1530 2627 φυσικὴν
1546 2592 1578 2618 ὲκ
1596 2591 1698 2627 μερῶν,
1719 2590 1846 2625 θεότητός
1866 2597 1892 2614 τε

1107 2642 1154 2668 καὶ
1176 2639 1397 2675 ἁνθρωπότητος,
1423 2638 1601 2672 πρεσϐεύετε,
1618 2636 1680 2664 οὔτε
1700 2637 1842 2672 όμοούσιος
1861 2635 1893 2662 ἂν

1108 2688 1151 2723 εἴη
1165 2687 1204 2722 τῷ
1221 2686 1319 2721 Πατρὶ,
1336 2685 1415 2720 εἴπερ
1434 2686 1449 2711 ό
1461 2684 1554 2719 Πατὴρ
1569 2683 1636 2716 Θεὸς
1658 2684 1749 2719 μόνον,
1763 2683 1822 2710 ἀλλ’
1836 2682 1892 2716 οὐχὶ

1109 2734 1156 2760 καὶ
1167 2733 1325 2768 ἄνθρωπος·
1341 2731 1403 2759 οὒτε
1414 2731 1557 2765 όμοούσιος
1567 2731 1601 2765 τῇ
1615 2731 1709 2766 μητρὶ,
1721 2729 1799 2764 εἴπερ
1814 2730 1830 2764 ἠ
1844 2728 1892 2764 μή·

1108 2787 1162 2814 τηρ
1176 2778 1319 2814 ἄνθρωπος
1337 2779 1428 2814 μόνον,
1443 2779 1502 2806 ἀλλ’
1519 2779 1579 2814 οὐχὶ
1597 2779 1643 2805 καὶ
1663 2779 1729 2811 θεός
1740 2786 1747 2793 ·
1771 2778 1818 2804 καὶ
1838 2776 1891 2811 ὦρα

1109 2825 1174 2860 ὑμῖν
1188 2824 1282 2861 ζητεῖν
1294 2824 1404 2862 ἑτέρους
1420 2826 1565 2861 Χριστοὺς,
1581 2822 1620 2857 οἷς
1635 2820 1711 2856 οὗτος
1727 2824 1759 2851 ἂν
1772 2823 1814 2858 εἴη
1829 2823 1890 2857 ὁμο-ι

1108 2870 1198 2902 οὑσιος
1210 2878 1217 2886 ·
1238 2870 1300 2897 ἐπεὶ
1313 2871 1350 2906 μὴ
1361 2868 1417 2897 οἷόν
1431 2878 1460 2897 τε
1475 2871 1687 2906 μονοπρόσωπον
1704 2870 1785 2903 φύσιν
1797 2867 1890 2902 γνωρί-

1111 2916 1215 2948 ζεσθαι.
1232 2916 1262 2944 Et
1280 2917 1307 2943 δὲ
1322 2917 1369 2952 οὐχ
1384 2917 1534 2953 εὑρίσιιοιτε
1546 2938 1552 2950 ,
1571 2919 1624 2949 τοῖς
1642 2916 1716 2949 ἰδίοις
1737 2914 1889 2951 προϐλήμα-
