1927 3089
68 132 134 164 153⁵1

653 123 929 161 ἘΡΙΒΤΟΕΑΒΠΜ
948 128 1012 158 LIB
1052 127 1093 157 ΙΙ.

1618 125 1687 157 1538

64 197 104 214 σιν
117 187 278 220 ἑαλωκότες.
290 186 328 223 τῷ
340 185 411 222 κενῷ
423 185 595 222 ἀναπλασμῷ
607 185 637 213 οὔ
648 185 765 222 Χριστὸν
777 182 840 212 εἶναι

898 183 1015 218 propriis
1040 180 1237 217 objectionibus
1263 180 1345 215 capti.
1372 180 1424 208 hoc
1452 180 1527 208 inani
1560 181 1687 216 ﬁgmento

62 234 130 266 ὅλως
145 233 293 266 δοξάζοιτε.

165 291 241 318 PUA’
254 291 322 326 (63).
337 305 372 311 —-
388 290 504 325 Νικήτᾳ
514 289 682 326 (territant.
703 288 799 326 [ιςίικδκ1

900 228 1039 257 Christum
1055 236 1168 263 prorsus
1184 235 1239 254 non
1254 235 1315 255 esse
1331 227 1474 255 docebitis.

1052 284 1170 314 CLXXI.
1189 299 1214 306 -
1231 284 1334 312 Niceti:
1347 285 1475 311 monac/io
1492 285 1545 319 (θ).1

1 348 14 379 ⁷,
59 348 130 378 Quod
140 348 349 379 quemadmodum
367 346 448 372 omnis
468 346 656 379 vir‘perfectus,
671 344 770 379 etiamsi
787 344 813 370 in
825 345 963 379 apostolico
968 344 1218 379 __ordine.'cens_eatur
1236 343 1332 375 indiget
1347 343 1412 368 libro
1429 342 1573 374 evangelico
1585 349 1592 374 ;
1606 341 1643 367 sic
1659 344 1687 367 et

577 378 673 408 pictura
683 376 794 401 historia
805 374 860 407 quia
875 375 900 400 in
911 383 942 400 eo
957 375 1021 400 libro
1039 374 1190 400 continetur.

50 424 61 431 ‘
94 420 132 446 Τὸ
146 418 223 454 παρὰ
236 419 288 453 τῆς
301 419 437 453 ὁσιότητος
453 417 532 453 ἡμῶν
548 417 591 444 διὰ
605 418 652 444 τοῦ
672 417 845 451 θεοφιλεστά-

58 473 105 490 του
133 463 330 499 μητροπολίτω.)
354 462 504 489 ἀποσταλὲν
528 462 594 497 ἡμῖν
610 461 711 496 βιελίον
727 462 846 495 ἀνέγνω-

59 518 121 543 μεν.
138 508 194 536 Καὶ
210 509 260 535 οὐκ
281 507 354 534 ἔστιν
369 508 384 534 ὁ
400 507 479 534 τοῦτο
498 507 724 541 συγγραψάμενος
743 507 790 533 ἐπὶ
805 506 845 542 τῷ

57 554 174 588 δόγματι
189 552 243 579 τῶν
257 553 363 578 σεπτῶν
375 552 486 578 είκόνων
500 551 681 586 ὀρθοφρονῶν.
695 552 777 585 Λέγει
789 551 844 587 γὰρ

56 600 137 626 τάδε·
158 607 168 624 ι
186 599 242 633 Τὴν
253 599 372 634 ἄρρητον
389 598 436 624 καὶ
451 598 635 633 ἀπερίληπτον
650 598 690 628 είς
707 598 781 632 ἡμᾶς
796 597 842 624 τοῦ

56 644 124 671 Θεοῦ
139 644 354 680 φιλανθρωπίαν,
367 644 414 670 καὶ
429 644 492 676 τοὺς
508 644 596 679 ἱεροὺς
607 643 661 669 τῶν
673 643 758 677 ἁγίων
774 643 847 676 ἀγῶ-

55 699 106 722 νας
129 691 159 717 ὲν
185 691 333 726 Γράμμασι
350 690 400 726 μὲν
421 691 502 725 ἡμεῖς
525 691 608 725 ἱεροῖς
630 689 846 725 ἀνευφημεῖσθαι

56 736 255 771 διατυποῦμεν,
271 736 385 772 οὐδεμιᾷ
406 736 503 763 πλάσει
523 735 555 762 τδ
574 735 617 769 ἔφ’
633 736 699 770 ἡμῖν
716 735 732 770 ἢ
752 736 845 770 γραφῇ

55 783 185 818 καθάπερ
196 782 275 818 [ϐοά.
295 782 360 817 Reg.
377 781 515 818 καθάπαξ]
540 782 676 816 ἡδόμενοι.
690 781 848 816 Συγχωροῦ-

2 938 5 962 ί
53 923 88 956 τῇ
103 920 195 951 αὐτοῖς
208 921 366 955 συμμέτρῳ,
389 920 423 946 τὰ
435 919 546 946 τοιαῦτα
567 921 595 946 ὲν
610 920 765 955 εἰσαγωγῆς
778 919 843 954 τρό-

54 976 100 1002 πῳ
127 967 283 1001 μανθάνειν.
304 976 314 993 ι
339 967 372 993 Τί
388 964 434 993 οὖν
455 966 529 993 ἐστιν
557 967 586 993 ἐν
614 966 717 998 τούτοις
737 967 842 1000 εἰπείν;

1 1008 9 1038 ι’
53 1013 169 1048 Πρῶτον
192 1013 242 1048 μὲν
266 1013 306 1040 ὃτι
329 1013 462 1047 διαίρεσιν
486 1012 537 1048 τῆς
558 1013 622 1048 μιᾶς
642 1014 688 1040 καὶ
708 1013 842 1046 ἐντελοῦς,

53 1059 104 1084 καὶ
129 1058 192 1092 μηδ’
209 1057 299 1084 ὁτιοῦν
326 1057 506 1093 πρόσθεσινῆ
529 1057 672 1092 ὑφαίρεσιν
697 1057 843 1091 προσιεμέ-

2 1112 3 1116 ‘
52 1112 104 1138 νης
121 1104 240 1135 πίστεως
261 1103 339 1139 ἡμῶν
356 1103 559 1138 ἀπεργάζεται·
575 1102 665 1137 ἐαυτῷ
679 1102 727 1137 μὲν
739 1103 788 1137 τὴν
797 1102 842 1129 διὰ

52 1151 108 1177 τῶν
134 1150 216 1185 ἱερῶν
237 1150 411 1185 Γραμμάτων
433 1150 577 1184 ἀπονέμων
591 1149 772 1176 διατύπωσιν·
787 1151 843 1182 τοῖς

51 1197 251 1232 ἁπλουστέροις
267 1197 295 1223 δὲ
309 1196 389 1231 δῆθεν
413 1196 460 1223 καὶ
485 1195 673 1232 ἀτελεστέροις
690 1196 843 1231 ὑπάρχουσι

2 1256 3 1260 η
50 1244 103 1278 τὴν
119 1244 149 1270 ὲν
164 1243 262 1269 πλάσει
277 1243 324 1269 καὶ
342 1243 434 1278 γραφῇ
453 1242 573 1278 ἱστορίαν
587 1242 713 1274 ἀποίσας.
727 1243 842 1269 Ἔπειτα

50 1288 130 1323 αὐτῷ
152 1288 203 1323 μὲν
219 1289 333 1316 ἀνάπτει
353 1288 383 1315 τὸ
399 1289 501 1315 τέλειον
521 1288 571 1323 τῆς
589 1288 719 1323 χάριτος·
742 1289 798 1319 τοῖς
814 1288 842 1314 δὲ

48 1336 103 1370 τὴν
119 1334 269 1370 Ἰουδαῑκὴν
282 1334 446 1370 ἀποῤῥίπτει
456 1334 616 1370 νηπιότητα,
628 1334 764 1369 δεομένοις
777 1343 843 1369 συμ-

1 1403 2 1414 ,
49 1381 140 1414 φυοῦς
162 1380 317 1415 ἀναγωγῆς.
333 1380 439 1407 οὐκοῦν
456 1381 517 1407 κατ’
536 1380 617 1407 αὑτὸν
636 1380 807 1415 διαψεύδεται
827 1381 842 1407 ὁ

50 1428 127 1462 ἱερὸς
144 1426 306 1457 ’Δπὸστολος
319 1427 448 1460 φάσκων·
467 1427 526 1453 οὐκ
540 1427 585 1454 ἔνι
604 1426 756 1460 Ἰουδαῖος,
772 1426 842 1453 οὐδὲ

49 1472 192 1506 Ἕλλην·
211 1476 267 1500 οὐκ
286 1472 332 1499 ἕνι
357 1472 478 1504 δοῦλος,
498 1472 568 1499 οὐδέ
584 1472 760 1506 ἐλεύθερος·
785 1473 840 1499 οὐκ

47 1519 95 1545 ἔνι
122 1518 220 1552 ἄρσεν
243 1518 292 1545 καί
306 1518 394 1551 θῆλυ.
412 1517 525 1551 Πάντες
537 1519 592 1552 γὰρ
610 1518 696 1552 ὑμεῖς
714 1515 758 1552 εἷς
770 1519 840 1546 ἐστε

47 1565 83 1591 ἐν
97 1564 218 1598 Χριστῷ
237 1563 351 1597 Ἰησοῦ.
365 1564 397 1591 Et
410 1563 438 1591 δὲ
453 1564 589 1599 ἀληθεύει,
607 1564 703 1600 ὥσπερ
717 1563 764 1591 οὗν
773 1564 841 1600 ἠλή-

48 1610 158 1642 θευται,
179 1609 227 1636 καὶ
238 1607 290 1642 Εἲς
301 1610 420 1643 Κύριος,
436 1609 490 1644 μία
502 1610 614 1643 πίστις.
629 1609 839 1645 ἐνβάπτισμα·

48 1656 92 1687 τίς
113 1656 132 1691 ὴ
155 1655 223 1692 κενὴ
247 1655 318 1691 αὕτη
333 1655 463 1691 διαίρεσις
475 1657 515 1687 είς
532 1655 578 1682 δύο
591 1656 725 1691 τμήματα
739 1656 839 1689 ἄνισα;

46 1703 78 1728 τὸ
97 1702 179 1733 ἔθνος
198 1701 229 1728 τὸ
242 1702 329 1736 ἃγιον,
345 1702 376 1729 τὸ
399 1702 534 1738 βασίλειον
551 1702 712 1738 ἱεράτευμα,
726 1702 841 1738 ἀποκρί-

48 1756 128 1774 νεσαι
141 1755 150 1762 ·
164 1747 213 1774 καὶ
226 1747 257 1774 τδ
273 1748 322 1782 μὲν
333 1745 403 1775 εἶναι
416 1748 465 1781 τῆς
480 1747 671 1783 ὲντελεστέρας
688 1748 796 1784 μοίραςο
808 1749 839 1775 τὺ

45 1793 139 1827 δέτῆς
157 1793 400 1828 ὑφειμενεστέρας.
417 1793 545 1825 Ἔπειτα,
564 1792 605 1819 ὃτι
624 1793 716 1827 ἐπειδὴ
731 1794 785 1825 πᾶς
807 1791 838 1820 εὖ

46 1837 160 1873 φρονῶν
177 1838 284 1872 ἐφίεται
298 1838 466 1873 τελειότητος
476 1846 484 1853 '
501 1838 649 1874 νεμεσητὸν
659 1839 792 1874 ἡγήσεται
808 1838 839 1866 ἰδ

45 1882 164 1914 ἀτελές·
191 1882 338 1909 κάντεῦθεν
363 1882 393 1915 ἐξ
413 1882 563 1917 ἀναγκαίου
578 1882 714 1917 παρέλκον
736 1883 795 1910 ἐστὶ
808 1883 838 1910 τὸ

44 1927 97 1962 τῆς
113 1927 237 1962 ἱστορίας
251 1928 349 1963 δόγμα.
369 1928 554 1955 Ἑναντιοῦται
565 1928 594 1955 δὲ
608 1929 648 1955 ὅτι
660 1929 778 1963 μάλιστα
791 1929 838 1955 καὶ

1 1979 4 1994 ί
44 1973 86 2007 τῷ
114 1973 230 2008 μεγάλῳ
254 1973 398 2009 Βασιλείῳ,
423 1973 460 2009 μὴ
478 1972 611 2005 ταῦτὶζων
624 1973 658 1999 τὰ
672 1973 718 2000 ὑπ’
732 1974 837 2000 ἐκείνου

44 2019 150 2054 ἐπίσης
167 2019 396 2054 ὼγματιζόμενα.
415 2028 425 2045 ι
446 2020 479 2046 Ἀ
494 2019 549 2054 γὰρ
564 2020 578 2046 ὁ
594 2018 683 2053 λόγος,
697 2019 774 2054 φησὶ,
789 2019 838 2054 τῆς

45 2067 173 2102 ἱστορίας
197 2065 230 2092 δι’
245 2066 329 2100 ἀκοῆς
343 2065 502 2101 παρίστησι,
523 2065 610 2092 ταῦτα
631 2064 752 2100 γραφικὴ
774 2072 838 2090 σιω-

44 2113 128 2139 πῶσα
144 2112 190 2138 διὰ
205 2112 347 2146 μιμήσεως
364 2111 508 2138 δείκνυσιν.
529 2120 538 2136 ι
564 2110 768 2137 Ἀντανίσταται
783 2110 837 2146 ἄρα

853 1503 874 1532 C

934 416 1019 449 Quem
1037 418 1170 444 sanctitas
1186 420 1276 443 vestra
1298 424 1347 451 per
1367 416 1604 451 religiosissimum
1626 424 1685 443 mc-

898 463 1055 497 tropolitam
1070 462 1102 490 ad
1117 470 1168 489 non
1185 463 1286 490 librum
1301 462 1385 494 misit,
1402 462 1532 497 legimus,
1549 466 1575 489 et
1594 462 1685 497 profe-

898 513 952 540 cto,
968 509 1014 544 qui
1030 509 1102 536 hunc
1115 508 1242 543 scripsit,
1259 509 1287 536 in
1305 509 1520 536 venerandarum
1536 508 1682 543 imaginum

898 554 1025 589 dogmate
1040 562 1094 581 non
1112 559 1184 581 recte
1199 555 1290 582 sentit.
1318 554 1381 582 Haec
1397 554 1470 582 enim
1487 554 1566 581 dicit:
1588 563 1597 578 ι
1613 554 1685 581 luel-

897 600 1006 628 iabilem
1024 604 1051 627 et
1069 600 1323 634 incomprehensam
1339 600 1386 627 Dei
1405 607 1469 635 erga
1487 607 1538 627 nos
1560 599 1684 634 benigni-

894 648 987 675 tatem.
1002 649 1029 671 et
1042 652 1135 672 sacros
1153 644 1316 672 Sanctorum
1333 653 1434 680 agones
1449 645 1476 672 in
1495 644 1606 672 Litteris
1621 645 1683 680 qui-

894 690 954 717 dem
969 685 1167 718 sacrislaudari
1183 690 1362 722 aﬂirmamus,
1379 691 1454 717 nullo
1469 698 1520 717 nos
1533 690 1662 724 ﬁgmento
1674 709 1683 721 .

895 742 1028 771 quantum
1043 737 1070 764 in
1088 737 1167 764 nobis
1179 741 1231 767 est,
1244 737 1285 764 vel
1297 737 1403 771 pictura
1418 739 1492 763 velut
1505 737 1682 763 oblectantes.

895 783 1082 811 Permittimus
1104 786 1194 809 autem
1217 782 1446 816 simplicioribus,
1467 790 1529 809 cum
1555 781 1684 816 imperie-

0 831 1 835 “
55 837 108 863 μεν
127 829 158 856 δὲ
183 830 238 860 τοῖς
263 828 458 863 ἁπλουστέροις
475 828 661 864 ἀτελεστέροις
675 828 766 860 αὐτοῖς
785 828 837 854 ὑπ-

892 829 990 856 ctiores
1017 828 1090 861 sint,
1114 836 1164 863 pro
1187 828 1303 855 naturali
1335 828 1458 862 ipsorum
1483 827 1683 862 persuasione,

1 883 2 886 η
54 875 197 909 ἀρχουσιν,
219 873 271 900 ὑπὸ
288 873 430 909 συμφυοῦς
446 874 534 900 αὐτῶν
547 874 699 909 ὲναγωγῆς,
719 874 766 900 καὶ
783 873 843 908 ὕψει

895 874 977 901 etiam
1000 878 1110 908 aspectu
1130 874 1196 908 ipsis
1215 878 1380 908 congruente
1394 892 1402 905 ,
1425 872 1488 900 talia
1507 880 1554 906 per
1575 873 1683 899 modum

895 920 1105 948 introductionis
1120 920 1222 947 doceri.
1236 929 1245 945 ι
1266 919 1336 952 Quid
1359 919 1391 946 ad
1411 919 1468 946 ham
1487 919 1569 952 igitur
1588 918 1683 945 dicen-

895 965 959 992 dum
975 965 1038 992 est?
1055 960 1175 992 Prim‘um
1191 965 1312 999 quidem,
1326 964 1398 999 quod
1414 965 1496 991 unius
1506 968 1533 990 et
1546 963 1682 998 perfectae,

896 1011 1054 1046 nullamque
1073 1012 1115 1038 vel
1135 1011 1301 1038 additionem
1322 1011 1362 1037 vel
1385 1010 1615 1037 substractionem
1633 1010 1682 1037 ad-

896 1057 1029 1085 mittentis
1042 1057 1104 1084 fidei
1121 1063 1222 1084 nostrae
1233 1056 1395 1086 divisionem
1415 1056 1548 1088 instituit;
1564 1056 1616 1083 sibi
1630 1055 1681 1090 ipsi

895 1104 1004 1138 quidem
1025 1103 1135 1138 petitam
1160 1111 1193 1130 ex
1221 1103 1308 1130 sacris
1333 1102 1446 1129 Litteris
1471 1102 1679 1129 delineationem

895 1150 1068 1181 attribuens;
1089 1149 1307 1182 simplicioribus
1321 1156 1387 1176 vero
1404 1153 1484 1183 atque
1499 1148 1682 1183 imperfectiu-

895 1195 972 1222 ribus
994 1195 1139 1228 videlicet,
1166 1202 1213 1230 per
1231 1195 1307 1222 lictas
1324 1195 1367 1223 vel
1391 1195 1478 1230 pictas
1498 1194 1599 1229 eﬂigies
1622 1194 1681 1222 edi-

894 1241 988 1269 scendi
1025 1240 1146 1268 studium
1176 1240 1314 1269 deferens.
1344 1240 1446 1268 Deinde
1478 1240 1531 1268 sibi
1571 1239 1680 1274 quidem

895 1287 1087 1323 perfectionem
1104 1288 1196 1322 gratia:
1215 1288 1325 1323 adaptat
1342 1296 1349 1314 :
1373 1288 1434 1315 aliis
1458 1296 1524 1315 vero
1538 1287 1680 1315 Iudaicam

894 1333 1022 1367 relinquit
1039 1331 1181 1360 infantiam
1196 1352 1202 1363 ,
1219 1333 1267 1367 qui
1283 1333 1400 1361 naturali
1417 1333 1589 1361 institutione
1610 1333 1681 1360 indi-

894 1384 984 1413 geant.
1010 1377 1092 1412 Igitur
1119 1379 1268 1406 secumlum
1297 1379 1387 1414 ipsum
1412 1380 1545 1407 mentitur
1569 1385 1681 1407 sanctus

893 1423 1038 1458 Apostolus
1048 1431 1110 1450 cum
1125 1423 1163 1450 ait
1176 1433 1182 1451 :
1202 1423 1264 1451 Non
1276 1425 1446 1456 estludaaus,
1459 1433 1539 1460 neque
1549 1424 1658 1452 ercus
1668 1433 1678 1451 :

893 1478 943 1496 non
959 1475 997 1496 est
1007 1470 1111 1503 εει-υπς’,
1125 1478 1206 1505 neque
1219 1470 1284 1497 liber
1296 1478 1305 1498 :
1321 1479 1372 1497 non
1384 1475 1422 1497 est
1435 1470 1583 1502 masculus,
1600 1478 1681 1505 neque

891 1516 1098 1550 [entina.0nmes
1109 1518 1178 1543 enim
1190 1525 1233 1543 vos
1246 1524 1328 1543 unum
1340 1517 1403 1543 estis
1416 1517 1444 1543 in
1456 1515 1560 1544 Christo
1572 1515 1679 1543 lem".

891 1561 938 1588 Sin
961 1565 1052 1587 autem
1070 1569 1164 1588 verum
1187 1561 1273 1594 dicit,
1298 1565 1423 1594 utcerte
1446 1561 1537 1594 dicit,
1561 1567 1589 1588 et
1607 1561 1680 1589 Unus

890 1607 1038 1638 Dominus,
1065 1615 1120 1633 una
1138 1606 1222 1641 ﬁdes,
1247 1615 1329 1633 unum
1348 1607 1479 1642 baptisma
1494 1608 1533 1640 ¹¹²;
1554 1615 1678 1642 quaenam

889 1659 932 1681 est
948 1654 1006 1681 hac
1022 1653 1113 1680 inanis
1128 1653 1226 1680 divisio
1244 1653 1270 1680 in
1290 1659 1429 1687 segmenta
1448 1655 1501 1682 duo
1518 1655 1680 1689 inaequalia?

889 1703 997 1734 gentem
1011 1703 1144 1732 sanctam,
1160 1699 1251 1734 regale
1265 1700 1448 1727 sacerdotium
1464 1700 1496 1732 π,
1518 1700 1608 1728 dirimi
1626 1711 1632 1728 :
1653 1707 1680 1727 et

889 1745 958 1772 alios
971 1745 1082 1779 quidem
1099 1744 1272 1780 perfectioris
1286 1746 1373 1780 partis
1389 1754 1462 1779 esse,
1477 1747 1545 1774 alios
1558 1747 1679 1774 deterio-

890 1792 938 1819 ris.
956 1791 1076 1824 Deinde,
1092 1792 1224 1826 quoniam
1243 1793 1436 1827 unusquisque
1451 1793 1474 1820 si
1492 1794 1564 1828 sapit
1589 1793 1677 1828 perfe-v

888 1838 1005 1865 ctionem
1025 1839 1149 1873 expetit;
1173 1838 1236 1866 odio
1252 1838 1366 1872 dignum
1387 1839 1468 1867 ducet
1487 1840 1558 1874 quod
1577 1839 1678 1874 imper-

888 1882 989 1910 l‘eclum
1007 1887 1067 1916 est;
1085 1888 1167 1918 atque
1187 1883 1251 1910 hinc
1266 1884 1422 1911 necessario
1443 1891 1676 1918 supervacaneum

887 1932 930 1955 est
947 1927 1047 1962 dogma
1071 1928 1194 1962 picturae.
1216 1928 1384 1956 Adversatur
1406 1933 1433 1956 et
1457 1937 1539 1963 quam
1559 1930 1677 1956 maxime

887 1980 990 2008 magno
1006 1972 1119 2006 Basilio,
1135 1981 1190 2001 non
1205 1974 1377 2007 assentiens,
1398 1982 1449 2001 nec
1464 1982 1495 2002 ea
1511 1975 1591 2003 simul
1609 1983 1677 2003 00n-

885 2017 1004 2052 jungens
1018 2025 1080 2052 quae
1096 2018 1143 2045 ille
1157 2026 1190 2045 ex
1207 2026 1285 2053 ecquo
1298 2019 1403 2046 docuit.
1423 2029 1431 2044 ι
1446 2019 1510 2052 Quae
1529 2020 1612 2051 enim,
1632 2020 1676 2046 in-

887 2063 957 2097 quit,
970 2063 1092 2091 hisloriaa
1101 2071 1192 2091 sermo
1200 2071 1246 2099 per
1253 2072 1335 2091 aures
1351 2070 1545 2099 repraesentat,
1562 2065 1620 2092 hac
1632 2066 1676 2100 pi-

886 2114 963 2137 ctura
983 2110 1067 2138 silens
1082 2118 1130 2146 per
1139 2111 1317 2138 imitationem
1332 2112 1489 2139 ostendit".
1507 2122 1516 2138 ι
1535 2111 1677 2147 Repugnat

42 2160 57 2185 6
70 2158 207 2192 γεννάδας
225 2158 281 2188 τοῖς
300 2158 382 2191 ἱεροῖς
394 2157 511 2191 Λογίοις,
532 2156 625 2191 ὥσπερ
642 2156 687 2182 καὶ
701 2156 740 2191 τῷ
752 2164 835 2191 κορυ-

892 2164 951 2190 ergo
961 2157 1002 2184 vir
1017 2157 1143 2192 egregius
1157 2158 1246 2185 sacris
1262 2157 1413 2192 Scripturis
1425 2178 1432 2190 ,
1456 2158 1527 2185 sicut
1553 2163 1580 2186 et
1608 2167 1676 2193 pne-

43 2202 119 2237 ᾳςιίῳ
134 2201 241 2236 Πατρί·
258 2201 305 2228 καὶ
321 2201 442 2236 οἰόμενος
459 2201 538 2228 ἀλλον
552 2201 595 2227 ἐπ’
611 2200 685 2236 αὑτῷ
704 2200 736 2236 δὴ
748 2200 835 2236 τούτῳ

3 2278 5 2281 π
43 2248 82 2283 τῷ
99 2248 220 2282 δᾶγματι
239 2247 420 2282 διορθοῦσθαι,
433 2246 514 2278 αὐτὸς
529 2245 689 2281 πεφώραται
705 2246 837 2281 ὀφλισκά-

4 2297 6 2303 '
43 2303 97 2320 νων
112 2293 231 2328 μάταια.
245 2293 301 2319 Καὶ
313 2292 356 2319 διὰ
370 2292 448 2320 τοῦτο
463 2294 545 2328 ἡμεῖς
562 2293 610 2327 μὲν
622 2293 710 2328 πάντη
722 2292 836 2328 διαγρά-

44 2348 132 2374 φομεν
156 2338 192 2365 τὰ
208 2338 320 2365 τοιαῦτα
335 2338 552 2374 βατταρίσματα.
573 2338 837 2374 Ὑπομιμνήσκομεν

2 2378 4 2387 ’
43 2385 71 2411 δὲ
91 2385 142 2411 καὶ
165 2384 218 2418 τὴν
231 2383 368 2419 ὑμετέραν
386 2384 543 2419 ἐμμέλειαν,
562 2383 602 2418 τῷ
622 2383 695 2419 αὐτῷ
721 2385 837 2420 στοιχεῖν

44 2430 138 2457 κανόνι
154 2430 209 2465 τῆς
222 2429 387 2465 ὀρθοδοξίας,
403 2429 506 2456 είδυῖαν
519 2430 561 2456 ὅτι
573 2430 611 2462 ὡς
624 2430 710 2457 δεῖται
727 2431 781 2463 πᾶς
793 2431 837 2458 τέ-

44 2476 125 2508 )ειος,
141 2476 198 2503 κᾶν
211 2475 242 2502 ὲν
257 2476 427 2512 ἀποστολικῷ
440 2476 575 2511 ἀξιώματι
589 2477 770 2510 κατείλεκται,
787 2477 836 2512 τῆς

46 2521 229 2556 ςῦαγγελικῆς
240 2520 331 2547 δέλτου
339 2528 347 2537 ⁸
361 2521 432 2547 οὕτω
445 2521 493 2548 καὶ
503 2522 552 2556 τῆς
565 2521 625 2548 κατ’
636 2521 721 2557 αὐτὴν
733 2529 835 2557 γραφι-

3 2581 14 2594 ι
47 2567 92 2602 ιῆς
107 2566 253 2602 ἱστορίας·
269 2567 309 2593 ὅτι
325 2567 373 2593 καὶ
390 2567 440 2603 τῆς
461 2566 522 2603 ῐσης
538 2567 620 2603 τιμῆς
634 2575 664 2595 τε
685 2568 733 2595 καί¹
750 2576 835 2603 προσ-

48 2616 187 2649 κυνήσεως
206 2613 362 2650 ἀμφότερα.

886 2203 1057 2230 stantissimo
1079 2202 1153 2231 Patri
1171 2212 1177 2230 :
1197 2209 1225 2231 et
1244 2204 1308 2231 dum
1329 2205 1412 2231 alium
1428 2204 1455 2231 in
1475 2205 1525 2232 hoc
1547 2205 1606 2240 ipso
1625 2205 1675 2232 do-

888 2253 977 2285 gmate
985 2249 1122 2284 corrigere
1132 2250 1234 2282 studet,
1243 2250 1301 2285 ipse
1311 2250 1405 2277 frivola
1416 2250 1518 2277 dixisse
1529 2244 1676 2284 deprehen-

887 2296 970 2324 ditur.
994 2295 1026 2324 Et
1043 2297 1114 2324 hanc
1130 2304 1244 2331 prorsus
1261 2297 1297 2324 ob
1311 2305 1423 2324 causam
1440 2297 1508 2324 tales
1522 2305 1608 2331 nugas
1622 2305 1674 2324 nos

887 2340 997 2376 quidem
1008 2342 1120 2368 omnino
1134 2342 1286 2377 rejicimus.
1301 2342 1572 2370 Commonelacimus
1582 2348 1671 2369 autem

886 2387 1055 2421 diligentiam
1068 2392 1200 2421 vestram,
1215 2393 1246 2416 ut
1261 2389 1385 2416 eamdem
1406 2393 1537 2424 sequatur
1553 2388 1672 2423 regulam

887 2431 950 2459 ﬁdei
962 2432 1120 2460 orthodoxa:
1131 2453 1139 2466 ,
1160 2433 1250 2460 sciens
1261 2453 1269 2465 ,
1289 2432 1519 2468 quemadmodum
1535 2432 1673 2467 perfectus

886 2477 1025 2512 quisque,
1052 2477 1115 2505 licet
1141 2478 1289 2513 apostolica
1316 2479 1449 2514 dignitate
1476 2484 1588 2506 ornatus
1612 2479 1671 2511 sit,

885 2523 1041 2558 evangelica
1056 2529 1117 2558 eget
1133 2524 1252 2560 pagina;
1279 2525 1318 2553 ita
1342 2529 1370 2552 et
1394 2525 1499 2560 pictura
1521 2524 1670 2552 secundum

887 2569 962 2596 illam
980 2577 1111 2605 expressa
1128 2578 1136 2597 :
1160 2560 1290 2605 quoniam
1314 2571 1436 2607 ejusdem
1452 2571 1566 2599 honoris
1588 2575 1672 2605 atque

886 2615 1058 2644 adorationis
1076 2621 1232 2652 utrumque.

78 2699 99 2714 "
115 2699 210 2726 Galat.
225 2706 267 2731 Ill,
281 2698 328 2726 28.
365 2699 388 2715 ⁷³
405 2698 503 2735 Ephes.
523 2707 559 2733 iv,
577 2699 603 2727 5.
641 2700 664 2716 "
679 2699 689 2728 Ι
707 2699 780 2729 Petr.
797 2707 815 2728 ιι
836 2700 863 2728 9.
901 2701 924 2716 "
941 2700 1021 2729 Hom.
1040 2709 1086 2735 xx,
1106 2702 1134 2730 in
1147 2701 1182 2730 ιο
1202 2708 1347 2740 martyres.

799 2786 914 2815 ΝοΤΑ-Ξ.

79 2833 132 2866 (6'5)
148 2834 180 2862 In
199 2833 263 2862 cod.
275 2831 342 2869 Reg.
360 2833 427 2869 ρξη’.

917 2835 954 2871 (³⁵)
971 2835 1136 2871 Dogmalica.
