1927 3089
255 105 267 136 1
273 103 324 136 5'39

356 161 482 189 CLXXII.
495 177 530 181 —
542 151 672 197 Hesychia
690 166 872 197 protonomrio
888 165 931 200 (').

849 107 879 138 S.
900 107 950 138 ΤΗ
955 107 1097 138 EODORI
1117 107 1289 139 ςτυοιτιε

1802 108 1864 140 tam

1125 163 1197 192 POB'
1213 166 1281 200 (64).
1293 181 1329 188 ο
1348 165 1480 200 Ἠσυχίῳ
1492 165 1727 199 πρωτονοταριφ.
1749 163 1837 200 [qui]

592 222 629 247 De
642 221 700 247 tilia:
714 222 902 248 consecratione
913 230 920 248 :
932 225 959 247 et
975 228 1007 246 ne
1018 221 1145 247 ullatenus
1157 229 1212 248 cum
1225 224 1350 250 harelicis
1367 223 1542 249 eornmunicet.

287 274 420 302 Prmclara
431 274 542 309 quidem
563 275 679 309 cpistola
699 276 933 310 pratstantissimae
947 276 1036 303 hono-

1124 276 1202 312 Καλὴ
1218 279 1267 313 μὲν
1289 278 1305 313 ἡ
1321 278 1450 313 ἐπιστολὴ
1464 278 1515 312 τῆς
1528 276 1670 311 παγκάλου
1691 285 1738 302 σου
1756 275 1867 311 τιμιότη-

251 321 391 348 riticentia:
405 325 468 351 tute.
482 325 509 347 et
523 325 654 354 tanquam
669 321 703 348 de
720 322 792 348 bono
805 323 936 349 thesauro
947 322 1039 349 cordis

250 366 390 399 profecta.
406 372 433 393 et
453 372 582 401 tanquam
605 367 807 401 pulchritudine
824 368 933 395 radians
950 367 1040 394 chari-

249 412 314 438 talis
333 421 339 438 :
366 420 419 438 non
437 413 487 438 hoc
505 417 594 439 tamen
615 412 725 439 nomine
742 412 887 445 laudanda,
902 412 974 447 quod
990 419 1041 440 nos

250 457 393 492 imperitos
410 459 536 486 laudibus
554 459 714 486 extollebat.
737 458 885 493 Ecquando
907 459 978 485 cnim
1000 457 1041 485 fa-

250 511 311 531 ctus
327 513 400 535 sum.
415 506 487 540 quod
502 506 562 536 aisl,
581 506 689 532 lucerna
708 508 802 532 ardens
818 511 841 532 et
853 508 942 532 lucens
960 505 994 538 ⁷⁸,
1013 505 1041 533 in

249 558 303 584 qua
325 558 351 577 Ill
370 551 502 578 Dominus
515 560 591 579 meus
610 552 670 578 luce
690 552 867 578 collustratus
887 551 1042 578 exsultave-

251 596 308 622 ris‘.’
332 601 378 622 aut
401 596 463 623 fons
479 597 670 630 limpidissime
687 596 774 622 ilum-us
785 616 792 627 ,
817 596 850 622 de
866 604 921 630 qtto
933 596 1042 623 dilectio

252 647 297 668 tua
321 650 473 668 sermonem
495 642 643 668 salutarent
667 641 812 668 hauserit?
835 641 934 667 Annon
951 641 1042 675 potius

250 689 396 715 obscurata
411 692 453 714 est
471 696 486 715 e
508 689 649 715 contrario
662 688 745 715 iacies
762 692 855 715 nostra
871 695 956 722 supra
979 687 1043 713 fuli-

253 734 356 767 ginem,
376 738 403 759 nt
419 741 480 760 cum
502 734 636 769 propheta
652 734 749 767 loquar
763 734 797 765 "",
815 741 863 768 per
883 734 945 760 vitm
961 733 1044 759 inuti-

251 779 376 806 litatem?
394 785 420 806 et
442 788 532 807 sermo
554 785 648 806 noster
663 780 754 814 Operis
774 779 880 807 viribus
895 779 1044 806 destitutus

250 827 375 860 elanguit
408 825 441 853 ad
457 827 638 854 ermliemlum
667 827 749 853 talem
778 824 954 853 auditorem?
979 825 1044 856 Ome

251 873 360 907 quidem
379 880 394 899 a
412 880 456 900 me
473 872 613 904 dicuntur,
629 880 682 898 non
695 872 768 907 quod
785 872 980 906 Stnyrnensem
994 878 1044 896 cu-

251 920 368 947 stodiant
386 921 562 954 vituperem;
585 918 678 946 absit!
703 918 858 957 veneranda
882 918 954 945 enim
980 917 1042 949 illa,

251 965 415 991 veneranda.-
424 965 609 991 confessionis
620 972 686 991 mea:
693 953 801 991 custos:
814 962 861 990 sed
871 967 899 990 ut
911 962 1044 996 rneipsttm
1063 953 1082 980 Β

251 1012 358 1046 culpem
370 1032 376 1043 ,
393 1011 439 1046 qui
457 1018 510 1037 non
533 1019 583 1046 pro
598 1019 631 1037 eo
648 1018 681 1037 ac
700 1010 793 1037 decuit
811 1010 838 1036 in
858 1009 902 1036 illa
919 1012 1046 1036 versatus

251 1057 317 1083 sim.
332 1055 431 1083 Verum
446 1056 489 1084 his
500 1056 690 1090 omissis,.quat
705 1055 805 1082 indicia
816 1058 881 1081 sunt
891 1053 1045 1086 charitatis,

252 1104 286 1130 ad
296 1103 452 1130 institutum
465 1103 615 1130 orationem
628 1106 771 1129 converto.
785 1100 956 1136 Signiﬁcavit
967 1100 1047 1126 nobis

253 1149 362 1175 bonitas
377 1154 422 1176 tua
437 1170 442 1180 ,
457 1149 528 1176 duas
542 1154 584 1182 te,
600 1154 629 1176 ut
642 1149 723 1176 verbo
734 1148 824 1175 dicant
835 1167 846 1182 ι,
861 1147 962 1174 habere
978 1147 1047 1173 ﬁlias

253 1204 268 1222 ει
283 1196 336 1222 Deo
350 1196 447 1228 datas;
462 1200 490 1223 et
505 1196 624 1230 priorem
641 1195 765 1231 quidem,
782 1200 930 1228 antequam
950 1201 1047 1220 nasce—

254 1247 349 1273 retur,
377 1241 433 1269 Deo
460 1250 508 1277 per
539 1243 601 1270 vitze
629 1242 787 1270 monasticae
812 1241 1046 1269 consecrationem

254 1288 452 1322 spopondisse;
473 1289 587 1315 alteram
604 1288 630 1315 in
647 1288 736 1315 medio
749 1293 777 1316 et
790 1288 901 1322 ancipiti
918 1287 1047 1320 reliquis-

254 1341 284 1360 se
301 1345 308 1360 :
326 1341 400 1360 nunc
417 1338 509 1360 autem
527 1338 637 1361 mutato
651 1333 778 1365 consilio,
797 1333 855 1360 vice
869 1340 945 1360 versa
960 1331 1049 1358 facere

255 1379 432 1406 constituisse
454 1379 488 1405 ob
508 1381 656 1413 quamdam
678 1378 870 1406 necessitatem
895 1385 957 1412 qua:
981 1377 1049 1404 inci-

255 1424 314 1450 dit:
337 1427 367 1450 ut
385 1431 482 1458 nempe
502 1423 557 1451 Deo
581 1423 746 1458 promissam
759 1443 767 1456 ,
787 1423 888 1450 mundo
908 1422 1048 1457 assignes,

255 1470 308 1496 boc
324 1473 366 1496 est
381 1469 440 1496 viro
456 1469 548 1497 tradas
564 1469 639 1497 omni
654 1477 686 1496 ex
706 1474 784 1504 parte
802 1467 934 1495 laudabili
951 1489 958 1500 ,
974 1467 1048 1502 ejus-

255 1515 373 1548 demque
396 1521 458 1540 eum
482 1512 570 1548 puella
596 1513 704 1545 astatis;
732 1513 758 1540 in
777 1512 866 1540 medio
882 1517 971 1539 autem
987 1511 1050 1539 reli-

255 1564 349 1592 ctam,
370 1559 517 1586 admodum
546 1559 722 1594 juvenculam
750 1565 775 1586 et
796 1559 926 1594 imparem
948 1563 1048 1592 aetate,

256 1606 357 1633 oll‘cras
375 1605 446 1639 Deo;
471 1610 498 1633 et
522 1606 548 1632 in
570 1606 622 1633 hoc
636 1606 766 1633 vacillare
789 1610 814 1633 te
839 1613 870 1631 ac
891 1606 1048 1640 perplexum

256 1661 332 1683 csse.
346 1659 380 1679 ne
395 1652 464 1679 forte
483 1651 510 1679 id
529 1657 660 1687 repugnet
676 1652 813 1679 voluntati
839 1651 897 1678 Dei.
912 1651 1051 1678 Dehueras

257 1700 387 1735 quidem,
414 1699 527 1726 Domine
550 1699 782 1730 honoratissimo.
801 1699 852 1726 hac
871 1699 904 1726 de
930 1706 959 1725 re
985 1698 1053 1725 alios

258 1746 430 1779 interrogare
443 1764 451 1776 ,
471 1744 506 1771 ab
521 1745 611 1779 iisque
624 1764 632 1776 ,
648 1750 678 1770 ut
692 1744 738 1778 qui
754 1744 865 1770 scicntia
883 1743 962 1770 nobis
977 1748 1054 1770 ante-

258 1792 367 1823 cellant,
381 1791 543 1818 Solutionem
563 1790 710 1824 accipere;
739 1797 827 1824 neque
848 1798 864 1816 a
888 1790 969 1816 nobis
995 1794 1050 1816 tam

259 1838 342 1871 longo
359 1838 480 1864 locorum
500 1837 644 1863 intervallo
662 1835 809 1870 disiunctis
827 1843 988 1870 responsum
1010 1844 1054 1862 re-

259 1883 380 1917 quirere.
405 1882 532 1909 Attamen
548 1882 657 1916 quando
682 1889 731 1916 pro
758 1889 789 1908 ea
824 1889 907 1916 quam
934 1881 1054 1908 habuisti

260 1930 361 1956 ﬁducia
373 1930 413 1956 sic
426 1929 562 1960 Slultlisli',
579 1936 609 1955 re
622 1936 685 1955 cum
699 1927 744 1954 Dei
759 1928 951 1954 amantissimo
965 1927 1055 1955 archi-

260 1975 392 2009 episcopo
408 1978 434 2001 et
450 1973 535 1999 fratre
554 1977 649 2000 nostro
663 1972 837 1999 considerata
849 1993 855 2005 ,
869 1971 1054 2006 judicarintus

261 2028 322 2047 cant
339 2027 400 2047 esse
415 2024 513 2055 praeter
530 2018 659 2052 officium,
681 2024 709 2045 et
725 2023 822 2053 printer
838 2023 940 2045 rectam
957 2019 1035 2045 tidem
1046 2038 1054 2050 ,

262 2073 417 2101 praeterque
431 2073 463 2092 ea
482 2073 543 2099 quze
560 2072 682 2100 unquam
704 2064 806 2092 fuerint
822 2065 958 2100 exempla.
983 2064 1054 2092 Olim

262 2115 339 2140 Anna
358 2113 402 2139 illa
421 2111 537 2139 celebris
562 2111 718 2138 Santuelem
740 2112 901 2146 priusquam
927 2119 1055 2138 nascere-

262 2163 308 2184 tur
325 2157 446 2192 pollicita
460 2177 468 2189 ,
492 2164 573 2191 quem
598 2157 762 2191 promiserat
786 2164 838 2183 non
855 2157 1055 2189 commutavit,

263 2204 371 2230 tametsi
387 2203 456 2230 alios
470 2203 589 2229 habebat
603 2203 685 2235 filios,
703 2203 750 2230 sed
766 2203 839 2230 [tunc
854 2203 942 2238 ipsum
959 2203 1057 2230 obtulit

264 2250 332 2277 Deo.
357 2250 437 2276 Beata
468 2247 585 2281 Nouna,
612 2257 675 2276 cum
701 2248 863 2284 Gregorium
888 2249 1055 2284 Thcologum

1089 331 1146 355 τος,
1158 323 1205 349 καὶ
1216 323 1253 356 ὡς
1264 324 1311 350 ἀπ’
1324 323 1426 357 ἀγαθοῦ
1444 323 1582 358 θησαυροῦ
1598 324 1647 358 τῆς
1658 321 1771 357 καρδίας
1784 321 1869 355 ἐξαγο-

1093 369 1233 404 ρευοεϊσα⁴
1259 370 1306 396 καὶ
1330 369 1368 401 ὡς
1389 369 1429 404 τῷ
1450 369 1543 396 κάλλει
1564 369 1614 403 τῆς
1629 368 1740 402 ἀγάπης
1755 367 1869 400 ὲναγλαῖ-

1092 415 1196 442 σϐεῖσα.
1210 416 1247 442 Οὔ
1262 415 1314 451 μὴν
1326 415 1363 447 ὡς
1374 416 1561 450 ἀπεσέμνυνεν
1574 415 1647 450 ἡμᾶς
1658 413 1721 446 τοὺς
1733 413 1869 448 ἀμούσους,

1091 461 1187 496 λόγους
1204 462 1349 497 ἐγκωμίων
1365 462 1432 496 ἔχει.
1447 460 1513 488 Πότε
1535 461 1590 496 γὰρ
1603 459 1749 494 ἐγενόμην,
1762 458 1799 490 ὡς
1815 458 1870 492 φὴς.

1091 508 1206 542 λύχνος
1233 507 1391 542 καιόμενος
1415 507 1463 534 καὶ
1486 508 1610 542 φαίνων,
1627 507 1655 533 ὲν
1670 503 1691 539 ᾧ
1713 504 1727 532 ὁ
1743 505 1872 538 Δεσπότης

1093 562 1145 588 μου
1159 553 1314 588 ὴγαλλιάσω
1330 553 1530 587 φωτιζόμενοςς
1547 553 1563 586 ἢ
1580 552 1654 588 πηγὴ
1670 552 1770 578 νάουσα
1787 550 1874 576 διειδὲ-

1093 607 1187 631 στατα,
1205 599 1250 632 ἀφ’
1263 596 1296 634 ἦς
1311 598 1448 635 ἡρῤύσατο
1467 599 1484 633 ἡ
1502 596 1613 632 φιλότης
1636 606 1683 624 σου
1700 597 1778 630 λόγον
1793 595 1875 630 σωτή-

1094 653 1169 680 ριονς
1187 646 1235 671 καὶ
1258 645 1319 680 οὐχ).
1342 644 1496 671 τούναντίον
1524 644 1624 679 μᾶλλον
1643 642 1789 670 ὲσκότασεν
1811 641 1874 675 ὑπὲρ

1093 691 1222 725 ἁσὸόλην,
1241 690 1417 726 προφητικῶς
1432 691 1528 722 εἰπεῖν,
1549 690 1579 717 τὸ
1596 688 1665 720 εἶδος
1685 689 1763 724 ἡμῶν
1784 689 1818 724 τῇ
1832 687 1874 714 τοῦ

1094 736 1152 772 βίου
1168 737 1369 772 ἀχρηστότητι;
1387 738 1434 764 καὶ
1456 736 1469 762 ὁ
1486 737 1563 771 λόγος
1576 736 1726 772 ἠσθένησεν
1743 735 1793 762 οὐκ
1807 734 1875 769 ἔχων

1093 782 1143 818 τὴν
1159 783 1188 815 ἐξ
1207 782 1287 817 ἔργου
1309 783 1434 817 δύναμιν,
1451 784 1489 813 εις
1505 782 1641 818 ὲνὶδρυσιν
1656 781 1701 808 τοῦ
1717 781 1875 811 ἀκοὺοντοςς

1093 829 1149 857 Καὶ
1166 829 1253 856 ταῦτα
1267 830 1348 863 λέγω,
1366 830 1396 856 οὐ
1412 830 1460 864 τὴν
1476 830 1505 855 ἐν
1519 831 1551 864 τῇ
1566 829 1676 864 Σμύρνῃ
1693 826 1815 862 φυλακὴν
1831 835 1875 853 κα-

1094 877 1192 908 κίζων·
1209 876 1247 912 μὴ
1264 885 1290 902 τι
1305 876 1410 910 γένοιτο
1421 875 1428 901 ι
1441 877 1457 910 ἡ
1473 876 1521 910 μὲν
1537 876 1590 910 γὰρ
1605 873 1732 909 σεσαστὴ.
1750 871 1877 906 σεϐαστῆς

1094 922 1240 958 ὁμολογίας
1261 931 1306 957 μοι
1323 922 1440 957 φρουρός
1453 931 1460 937 ·
1479 922 1598 956 ἐμαυτὸν
1615 921 1643 947 δὲ
1659 920 1830 956 αἰτιώμενος,
1844 918 1876 949 ὡς

1095 969 1145 994 οὐκ
1159 965 1241 1000 ἀξίως
1254 968 1283 994 ἐν
1297 967 1365 1002 αὐτῇ
1383 966 1621 1001 πολιτευσάμενον.
1640 965 1710 992 Ἀλλ’
1725 964 1804 999 ἀφεὶς
1819 962 1878 990 ταῦ-

1095 1023 1141 1046 τα,
1165 1012 1203 1045 ὡς
1220 1013 1270 1048 τῆς
1294 1012 1404 1048 ἀγάπης
1425 1010 1489 1038 ὅντα
1514 1011 1677 1046 συμϐόλαια,
1698 1010 1745 1036 ἐπὶ
1764 1010 1795 1036 τὸ
1819 1017 1878 1035 κατ-

1097 1062 1206 1094 επεῖγον
1225 1060 1270 1087 τὸν
1283 1060 1361 1094 λόγον
1376 1058 1597 1095 μεθαρμόσομαι.
1621 1055 1772 1092 Ἐσήμανεν
1788 1056 1850 1090 ἡμῖν
1864 1054 1878 1087 ἡ

1097 1106 1250 1142 χρηστότης
1268 1114 1327 1138 σου,
1344 1103 1380 1136 ὠς
1393 1105 1441 1130 δύο
1455 1104 1538 1140 ἔχειν,
1555 1104 1692 1137 συντόμως
1707 1103 1806 1131 εἰπεῖν,
1825 1101 1879 1126 θεο-

1097 1153 1234 1188 δωρήτους
1251 1151 1420 1186 θυγατέρας·
1435 1149 1482 1177 καὶ
1495 1151 1545 1185 τὴν
1560 1150 1609 1185 μὲν
1626 1149 1738 1184 πρώτην
1755 1147 1809 1181 πρὸ
1823 1155 1878 1179 γεν-

1098 1199 1201 1234 νήσεως
1213 1197 1433 1232 καθυποσχέσθαι
1445 1196 1477 1224 δι’
1491 1195 1666 1231 ἀφιερώσεως
1679 1192 1726 1221 τοῦ
1743 1191 1880 1228 μοναδικοῦ

1099 1244 1157 1279 βίου
1173 1243 1249 1278 Θεῷ”
1265 1243 1313 1278 τὴν
1327 1241 1355 1268 δὲ
1370 1241 1498 1277 δευτέραν
1521 1241 1549 1267 ὲν
1567 1239 1719 1274 μεταιχμίῳ
1736 1238 1879 1274 φέρεσῦαι·

1098 1290 1147 1317 νῦν
1163 1289 1190 1316 δὲ
1208 1288 1473 1324 μεταὸεὸουλεῦσοαι
1496 1287 1610 1319 ἐναλλὰξ
1630 1285 1794 1321 ποιήσασθαι
1818 1284 1883 1310 κατὰ

1098 1345 1161 1363 τινα
1175 1335 1326 1369 ἀναγκαίαν
1341 1335 1518 1370 περιπέτειαν
1529 1343 1535 1349 ·
1548 1333 1618 1360 ὥστε
1632 1332 1680 1368 τὴν
1692 1331 1883 1366 ὑποσχεϐεἶσαν

1099 1384 1245 1418 ἀπονεῖμαι
1262 1382 1300 1418 τῷ
1315 1382 1420 1417 κόσμῳ,
1437 1382 1521 1416 ἤγουν
1545 1379 1694 1407 ἀποδόσθαι
1712 1378 1792 1412 ἀνδρὶ
1815 1376 1883 1410 καλῴ

1099 1437 1128 1456 τε
1148 1428 1182 1455 τὰ
1204 1428 1303 1459 πάντα,
1321 1427 1368 1453 καὶ
1380 1428 1413 1462 τῇ
1430 1426 1506 1453 παιδὶ
1523 1424 1706 1460 συνηλικιώτῃ
1717 1432 1724 1439 ·
1741 1422 1793 1458 τὴν
1808 1422 1837 1449 δὲ
1858 1423 1883 1448 ἐν

1101 1474 1256 1510 μεταιχμίῳ
1271 1473 1368 1508 κομιδῇ
1391 1473 1455 1499 νέαν
1480 1470 1563 1498 οὖσαν
1583 1471 1630 1498 καὶ
1644 1470 1674 1497 οὺ
1692 1469 1884 1504 συντρέχουσαν

1100 1522 1133 1556 τῇ
1151 1521 1255 1556 ἡλικίᾳ,
1273 1519 1412 1547 ἀναθεῖναι
1428 1518 1504 1554 Θεῷ·
1521 1517 1572 1544 κᾶν
1593 1517 1680 1552 τούτῳ
1705 1515 1828 1547 σκάζειν,
1845 1514 1885 1540 καὶ

1100 1566 1298 1601 δυσχεραίνειν,
1327 1563 1364 1599 μή
1394 1573 1452 1596 πως
1478 1562 1661 1593 ἐναντιοοελὲς
1689 1561 1731 1595 εἴη
1759 1560 1801 1595 τῷ
1822 1559 1884 1592 Θεῷ.

1065 1627 1087 1656 c
1105 1611 1179 1637 Ἔδει
1196 1609 1244 1645 μὲν
1265 1608 1322 1641 οὖν⁷
1337 1607 1358 1635 ὦ
1374 1609 1492 1635 δέσποτα
1507 1606 1665 1642 τιμιώτατε,
1681 1605 1778 1632 ἄλλους
1793 1603 1887 1630 noviti-

1103 1656 1196 1682 νεσΟαι
1209 1657 1273 1691 περὶ
1287 1655 1364 1682 τοῦδε
1381 1654 1428 1681 τοῦ
1443 1654 1581 1689 δράματος
1591 1672 1599 1684 ,
1611 1651 1659 1679 καὶ
1674 1652 1739 1686 παρ’
1751 1651 1842 1677 αὐτῶν
1856 1649 1888 1679 ὡς

1104 1703 1332 1737 προφερεστέρων
1350 1701 1421 1728 κατὰ
1437 1700 1537 1735 γνῶσιν
1551 1699 1601 1734 τῆς
1612 1698 1690 1733 ἡμῶν
1707 1697 1888 1730 οὐθενῦτητος,

1104 1748 1254 1783 λαμϐάνειν
1275 1747 1323 1782 τὴν
1340 1747 1428 1778 λύσιν,
1443 1746 1490 1773 καὶ
1509 1746 1547 1781 μὴ
1565 1745 1683 1779 τοσούτῳ
1704 1745 1788 1779 μήκει
1802 1743 1891 1778 διῳκι-

1105 1794 1223 1829 σμένους
1250 1794 1324 1829 ἡμᾶς
1344 1795 1377 1828 τῇ
1401 1793 1475 1819 θέσει
1491 1792 1538 1819 τοῦ
1554 1792 1635 1818 τόπου
1657 1790 1892 1825 ἐπαναλαμϐάνειν

1105 1841 1146 1872 εἰς
1170 1841 1327 1876 ἀπόκρισιν.
1348 1840 1444 1875 Ὅμως
1465 1839 1558 1874 ἐπειδὴ
1584 1838 1726 1872 κέκριχας,
1749 1834 1793 1868 οἷς
1818 1838 1893 1863 πεπί-

1105 1896 1223 1919 στευκας
1238 1887 1363 1922 τρόποις”
1381 1885 1460 1912 τοῦτο
1478 1886 1510 1921 δὴ
1535 1885 1605 1920 μετὰ
1625 1883 1672 1910 τοῦ
1687 1883 1893 1917 θεοφιλεστάτου

1105 1933 1320 1969 ὰρχιεπισκόπου
1341 1932 1389 1960 καὶ
1414 1931 1528 1965 ἀδελφοῦ
1553 1929 1631 1966 ήμῶν
1656 1930 1842 1956 συνέσκεπται
1862 1928 1894 1958 ὡς

1105 1978 1181 2013 παρὰ
1206 1978 1236 2004 τὸ
1259 1977 1318 2004 δέον
1338 1977 1368 2003 τὸ
1385 1978 1513 2012 πρᾶγμα,
1530 1976 1578 2002 καὶ
1593 1975 1668 2010 παρὰ
1683 1973 1731 2010 τὴν
1748 1975 1836 2010 ὀρθὴν
1854 1975 1894 1999 πί-

1107 2033 1165 2051 στιν
1181 2023 1261 2060 [Cod.
1277 2023 1343 2057 Reg.
1360 2021 1475 2057 κρίσιν],
1515 2021 1563 2047 καὶ
1593 2020 1668 2055 παρὰ
1698 2019 1733 2048 τὰ
1753 2020 1786 2052 ἐξ
1803 2020 1896 2048 αἰῶνος

1107 2070 1326 2107 παραδείγματα.
1341 2068 1429 2095 Πάλαι
1446 2068 1529 2094 ’Ἅννα
1545 2068 1561 2102 ἡ
1578 2066 1699 2099 ἀοίδιμος
1715 2066 1761 2092 τὸν
1773 2064 1895 2100 Σαμουὴλ

1107 2117 1160 2152 πρὸ
1180 2118 1333 2151 γεννήσεως
1348 2114 1533 2149 ὑποσχομένη,
1552 2114 1600 2148 οὐχ
1615 2112 1750 2147 ὑπήλλαξε
1769 2112 1818 2138 τὸν
1835 2111 1895 2137 iam»

1108 2162 1248 2197 σχεθέντα,
1266 2161 1312 2188 καί
1333 2169 1374 2187 τοι
1392 2160 1492 2195 ἔχουσα
1509 2159 1556 2186 καὶ
1570 2159 1681 2195 ἐτέρους
1705 2158 1817 2190 παῖδας,
1835 2157 1895 2184 ἀ).ὶά

1107 2210 1201 2236 τοῦτον
1212 2210 1371 2243 προσήγαγε
1384 2207 1423 2242 τῷ
1439 2207 1508 2242 Θεῷ.
1525 2207 1613 2233 Νόννα
1630 2207 1647 2240 ἠ
1664 2206 1798 2240 μακαρία,
1814 2204 1895 2232 ὡσαύ-

1107 2263 1161 2286 τως
1179 2253 1352 2288 ὑποσχομένη
1378 2253 1528 2287 Γρηγόριον
1544 2252 1590 2278 τὸν
1607 2250 1746 2284 Θεολόγον,
1772 2250 1895 2277 ἀπέδωκε

264 2297 391 2324 similiter
409 2295 598 2330 promisisset,
621 2299 714 2322 votum
744 2303 824 2322 suum
850 2295 903 2322 Deo
927 2295 1048 2322 reddidit

1108 2299 1147 2335 τῷ
1163 2299 1223 2334 Θεῷ
1238 2299 1287 2333 τὴν
1301 2298 1384 2333 εὐχὴν
1396 2298 1491 2333 αὐτῆς.
1508 2298 1563 2323 Καὶ
1580 2297 1633 2332 μὴν
1645 2297 1658 2322 ό
1669 2296 1747 2330 ἆγιος
1764 2296 1895 2330 Εὑθύμιος

265 2344 384 2370 Sanctus
399 2342 462 2369 item
477 2341 659 2376 Euthymius,
684 2341 740 2368 Deo
760 2349 775 2368 a
795 2340 954 2375 parentibus
977 2341 1056 2368 datus

260 2393 328 2419 ante
341 2389 511 2414 nativitatem
523 2407 530 2419 ,
549 2394 602 2414 non
619 2391 662 2414 est
675 2392 770 2421 postea
786 2391 988 2414 commutatus.
1004 2386 1056 2420 Qui

265 2435 444 2462 admirabiles
467 2434 546 2468 plane
568 2434 596 2460 in
623 2434 727 2461 mundo
752 2434 804 2461 visi
825 2439 915 2461 sunt:
938 2442 1072 2469 quorum~

265 2490 348 2509 causa
364 2486 392 2509 et
414 2486 542 2515 parentes
563 2481 634 2508 beati
651 2480 788 2514 prasdicati
808 2486 881 2508 sunt.
900 2481 959 2514 Quo
975 2481 1058 2516 igitur

267 2533 346 2564 pacto
365 2536 425 2561 nos,
440 2529 482 2554 vir
494 2527 664 2560 admirande,
679 2532 774 2555 contra
790 2528 848 2555 haec
862 2532 974 2563 agentes
985 2549 992 2561 ,
1007 2535 1054 2556 ex-

266 2580 308 2602 tra
332 2574 574 2610 reprehensionem
598 2573 724 2600 erimus?
750 2581 782 2600 ac
806 2582 859 2600 non
885 2574 975 2608 potius
997 2581 1060 2608 pcr-

266 2622 381 2657 stringet
395 2629 447 2648 nos
461 2621 557 2648 beatus
580 2620 678 2648 Petrus
690 2641 698 2653 ,
715 2620 815 2648 alicubi
830 2621 924 2648 dicens
939 2630 946 2648 :
964 2620 1058 2647 Nonne

303 2712 326 2727 τε
341 2711 421 2739 Joan.
440 2719 466 2744 ν,
485 2711 530 2740 55.
569 2711 590 2727 "
606 2710 710 2738 Tltrcn.
727 2718 768 2743 tr,
785 2709 809 2738 8.

1107 2345 1183 2376 δοτδς
1199 2344 1237 2380 τῷ
1254 2344 1314 2379 Θεῷ
1326 2343 1401 2379 παρὰ
1415 2344 1470 2374 τοῖς
1485 2342 1593 2377 γονεῦσι
1608 2343 1660 2377 πρὸ
1673 2342 1844 2377 γεννήσεως,
1859 2341 1895 2367 κατ

1107 2391 1139 2418 οὺ
1163 2390 1321 2426 διήλλακται
1347 2389 1416 2425 μετὰ
1432 2389 1481 2425 τὴν
1498 2389 1634 2424 γέννησιν.
1648 2387 1679 2414 Οἶ
1693 2388 1740 2414 καὶ
1760 2387 1860 2422 χρῆμά
1879 2395 1891 2412 τ

1108 2437 1265 2472 θαυμαστὸν
1279 2436 1318 2470 τῷ
1332 2436 1427 2471 κόσμῳ
1440 2435 1588 2471 ὤφθησαν·
1606 2435 1635 2468 ἐξ
1650 2431 1688 2462 ὧν
1703 2434 1750 2461 καὶ
1766 2436 1793 2461 οἱ
1816 2435 1895 2461 τοκεῖι

1110 2482 1331 2518 μεμακάρηνται.
1347 2481 1410 2512 Πῶς
1434 2481 1455 2507 δ’
1471 2481 1504 2508 ἂν
1528 2479 1574 2507 οὖν
1596 2481 1687 2516 ἡμεῖς,
1704 2477 1727 2507 ὦ
1745 2481 1895 2516 Θαυμαστὰ

1108 2536 1171 2554 τατε
1187 2527 1265 2563 [God
1283 2525 1349 2562 Reg.
1369 2526 1563 2562 συνετώτατε],
1588 2526 1664 2562 παρὰ
1686 2525 1773 2552 ταῦτα
1796 2525 1895 2552 ποιοῦν

1107 2583 1163 2606 τες,
1190 2574 1242 2606 ἕξω
1270 2573 1443 2608 ἐγκλήματος
1465 2573 1616 2608 πέσοιμεν;
1643 2573 1689 2599 καὶ
1709 2572 1770 2607 οὐχὶ
1802 2571 1894 2606 μᾶλλο

1108 2619 1257 2655 καθάψοιτο
1272 2619 1351 2655 ἡμῶν
1366 2620 1380 2646 ό
1393 2619 1528 2655 μακάριος
1545 2619 1647 2653 Πέτρος
1660 2614 1712 2645 ὧδέ
1729 2626 1780 2644 που
1796 2618 1889 2652 λέγων

1031 2788 1146 2817 ΝυτΑς.

306 2837 348 2872 (⁸)
363 2840 529 2872 Uogtnattca.

1101 2837 1158 2873 (δί)
1173 2837 1200 2865 lu
1218 2837 1278 2866 cod.
1292 2836 1358 2872 Reg.
1378 2835 1445 2871 950'.
