1927 3089
78 162 148 196 Οὐχί
162 160 258 196 μένον·
276 167 326 188 σοι
345 147 444 195 ἔμενε,
459 159 509 187 καὶ
524 159 638 194 πραθὲν
660 160 696 186 ἑν
712 159 749 194 τῇ
761 159 805 194 σῇ
817 159 866 191 ἐξα
882 162 905 189 Α

79 209 168 242 ουσίῃ
187 207 325 241 ὑπῆρχες
346 206 375 234 τι
390 206 435 233 ὅτι
448 205 518 233 ἔθου
532 206 566 232 ἐν
580 205 618 240 τῇ
634 205 740 239 καρδίᾳ
757 213 815 232 σου
834 205 868 232 τὸ

78 253 198 288 πρᾶγμα
220 252 329 283 τοῦτο;
344 253 392 278 καὶ
405 251 435 277 τὸ
449 251 513 286 ἑξῆς
524 250 667 286 δύσφημον
688 250 809 285 παρίημι
823 250 869 277 λέ-

77 308 138 334 γειν
148 321 156 332 ,
172 299 254 325 εἰδότι
263 299 462 333 διαλεγόμενος.
477 297 533 324 Καὶ
545 297 600 332 γὰρ
613 297 682 323 ἐπὰν
697 296 788 324 ὁτιοῦν
802 297 870 324 ἀπο-

79 345 191 380 ταχθείη
214 344 274 380 Θεῷ
295 344 329 371 δι’
348 344 431 378 εὐχῆς
457 343 559 376 αἰσιας,
587 343 627 374 είς
650 341 744 377 κοινὴν
772 342 869 378 χρῆσιν

80 391 247 427 μεταφέρειν
262 390 311 417 οὐκ
329 390 479 417 ἀκίνδυνον.

116 436 201 471 Κοινὴ
217 436 246 461 δὲ
260 435 359 470 χρῆσίς
380 437 454 462 ἐστιν
475 435 491 469 ἡ
506 434 553 462 τοῦ
569 434 627 470 βίου
649 433 795 470 ἐπιγαμίας
814 434 870 461 Καὶ

77 482 175 517 ὥσπερ
187 482 201 507 ὁ
217 481 400 516 ὑποσχόμενος
417 481 543 516 μονάσαι,
555 482 602 508 καὶ
613 481 660 508 ἐπὶ
673 481 760 516 τούτῳ
777 481 872 515 κείμε-

77 535 135 559 νος,
151 527 336 560 ὑπονοστήσας
348 526 393 552 καὶ
407 527 498 560 γήμας
515 525 727 561 κατακέκριται⁴
741 525 813 552 οὕτω
824 526 871 552 καὶ

76 573 92 598 ὁ
109 572 292 607 προελόμενος
309 571 364 598 υἱὸν
378 571 394 606 ἢ
411 571 549 606 θυγατέρα
565 573 709 607 προσοῖσαι
724 565 795 606 Θεῷ,
811 569 871 598 εἶτα

75 617 265 654 μεταλλάξας.
279 618 328 653 τὴν
344 618 427 653 αὐτὴν
444 618 606 653 κατάκρισιν
620 617 688 652 ἔχοι.
700 616 779 644 Οὕτω
793 617 870 643 νοοῦ.

79 673 141 699 μεν,
167 663 304 698 σύγγνωθι
317 672 324 679 ⁸
347 663 448 699 καίπερ
465 663 604 698 ἐφιέμενοι
622 663 652 689 τὸ
667 663 870 690 ἁναπαυστικόν

77 719 138 741 σου,
155 710 203 736 καὶ
219 709 249 736 τὸ
266 710 331 745 περὶ
354 709 466 736 σεαυτὸν
479 709 586 745 εὑχθὲν,
606 710 647 740 εις
667 709 748 744 ἔργον
764 709 870 743 ἀποὸἦ-

77 764 140 783 ναι·
157 756 214 782 ἀλλ’
235 756 265 781 οὺ
283 756 318 782 δι’
335 755 445 791 ἐντολὴν
463 756 555 791 ἐντολὴ
573 755 786 790 παραδαίνοιτο·
809 756 870 782 οὐδὲ

75 803 124 830 διὰ
142 803 174 829 τὸ
193 802 309 837 θατέρου
327 802 508 838 σωτηριῶδες,
531 802 561 829 τὺ
581 801 696 837 θατέρου
724 801 870 837 ἐπιζήμιον

77 848 258 882 θεραπεύοιτο
286 847 366 884 [Cod.
382 848 450 882 Reg.
461 847 707 884 πραγματεύοιτο]·
721 848 757 880 ὡς
771 849 795 875 oi.
811 849 870 875 Θεο-

77 896 159 930 φὸροι
185 895 306 930 Πατέρες
335 895 518 930 ἀπεφήναντο.
548 895 603 921 Καὶ
634 895 720 922 ταῦτα
749 895 798 930 μὲν
825 896 872 922 ἐπὶ

76 941 217 967 τοσοῦτον.
238 941 271 968 'H
289 940 322 968 δὲ’
334 941 414 976 τρίτη
440 941 552 976 ἐπιϐολὴ
573 940 620 968 τοῦ
641 941 731 975 λόγου,
753 942 794 968 ὅτι
817 942 872 968 εἰσι

75 996 152 1018 τινες
168 987 281 1022 μοναχοὶ
297 987 334 1018 ὡς
349 987 379 1014 τὸ
395 987 484 1014 δοκεῖν
499 988 549 1022 τῆς
566 987 649 1023 ὀρθῆς
670 987 790 1019 πίστεως
809 988 872 1015 ἀντ-

75 1035 217 1069 εχόμενοι,
231 1035 278 1060 καὶ
295 1034 410 1065 πολλοὺς
424 1034 560 1069 διωγμοὺς
576 1034 645 1069 ὑπὲρ
659 1034 788 1069 ἀληθείας
805 1034 872 1061 ὐπο-

77 1080 270 1115 μεμενηκότες
282 1100 289 1112 ,
307 1080 592 1115 συναναστρεφόμενοι
607 1080 635 1106 δὲ
646 1081 731 1115 ὅμως,
748 1080 796 1107 καὶ
807 1089 871 1107 συν-

73 1124 215 1156 εσΟίο-ιτες
231 1126 285 1156 τοῖς
300 1125 458 1160 αἰρετικοῑς,
472 1126 518 1151 καὶ
535 1125 809 1159 συγκαταϐαίνοντες,
823 1126 872 1152 καὶ

74 1172 226 1205 ἀδιάφορον
240 1172 270 1197 τὸ
287 1172 403 1206 πρᾶγμα
426 1171 555 1206 οἰόμενοι,
571 1171 609 1203 ὡς
627 1172 702 1207 παρά
716 1181 770 1199 τινι
785 1173 871 1208 Πατρὶ

73 1217 332 1252 νενομοθετημένοι,
354 1218 418 1252 τρία
432 1216 520 1244 ταῦτα
539 1217 726 1252 φυλάξασθαι·
744 1219 780 1254 μὴ
793 1219 872 1246 εὐλο-

72 1266 187 1298 γεῖσθαι
212 1264 265 1290 ὑπὸ
284 1264 337 1290 τῶν
351 1264 542 1299 αἱρετιζὸντων
554 1273 562 1280 ο
580 1264 617 1300 μὴ
634 1265 802 1299 συμψάλλειν
823 1266 872 1291 αὑ-

73 1310 134 1340 τοῖς
149 1309 364 1343 προαρχομένοις
379 1316 386 1324 ·
401 1309 448 1335 καὶ
462 1308 491 1335 τὸ
504 1309 657 1343 ἀπέχεσθαι
669 1310 718 1344 τῆς
731 1309 872 1341 κοινωνίας

73 1354 124 1380 τοῦ
138 1354 224 1389 ἄρτου
239 1353 337 1380 αὐτῶν.
357 1354 436 1390 Παρὰ
450 1355 484 1381 τὰ
498 1354 698 1390 διατεταγμένα
713 1356 770 1386 τοῖς
784 1356 872 1389 ἁγίοις

73 1401 203 1436 Πατράσι
218 1401 250 1427 τὸ
262 1401 419 1435 λεγόμενον.
434 1400 503 1427 Οὔτε
517 1401 571 1436 γὰρ
592 1401 870 1437 συναναστρέφεσθαι,

73 1448 140 1474 οὗτε
167 1447 329 1478 συνεσθίειν,
347 1444 410 1473 οὔτε
430 1446 609 1481 συμψάλλειν,
627 1445 684 1472 οὗθ’
707 1446 776 1477 ὅλως
799 1446 871 1481 ἔχειν

71 1493 138 1516 τινὰ
148 1490 294 1516 κοινωνίαν
310 1491 378 1526 πρὸς
393 1490 493 1521 αὐτοὺς
511 1490 705 1525 καταδέχονται
715 1498 721 1504 ·
737 1491 806 1517 ἀλλὰ
823 1490 870 1517 καὶ

72 1537 104 1562 τὺ
122 1536 185 1562 οὐαὶ
199 1536 412 1570 ἐπιφθέγγονται
426 1537 482 1568 τοῖς
499 1535 580 1571 μέχρι
592 1535 747 1570 βρώματος,
762 1535 810 1562 καὶ
822 1536 871 1563 πό-
885 1527 905 1556 (ἶ

76 1591 176 1617 ματος,
191 1583 239 1609 καὶ
251 1583 369 1617 σχέσεως
385 1582 560 1609 κοινωνοῦσιν
572 1582 673 1614 αὐτοῖς.
687 1582 770 1608 Ὥστε
788 1582 872 1618 ἑκκὴ-

75 1636 179 1663 ρυκτος
192 1630 239 1654 καὶ
255 1627 540 1664 ἀλλοτριοδιδάσκαλος
552 1628 567 1654 ὁ
580 1628 672 1654 ἐκεῖνα
685 1627 787 1662 λέγων,
798 1628 873 1659 ὅστις

72 1674 111 1702 ἂν
125 1675 169 1710 εἴη
183 1676 213 1701 ὲν
226 1674 392 1710 ἀνθρώποις.

204 1731 287 1758 P01".
300 1746 336 1751 -
348 1731 500 1766 Γρηγορίῳ
514 1729 627 1763 ὑπάτῳ.
645 1729 743 1766 [docnt]

674 103 944 134 EPISTOLARUM
973 102 1046 132 LIB.
1068 101 1114 132 Πθ

1646 102 1714 134 1542

920 157 968 184 tibi
982 165 1090 184 manens
1103 155 1237 189 manebat,
1250 161 1275 183 et
1288 158 1476 184 venumdatam
1488 158 1516 184 in
1533 162 1578 184 tua
1593 165 1649 185 erat
1664 168 1714 193 po-

920 203 1037 230 testate?
1054 202 1143 234 Quare
1162 202 1274 236 posuisti
1294 202 1322 229 in
1344 202 1421 230 corde
1439 208 1484 229 tuo
1498 204 1567 230 Itum:
1588 211 1642 230 rem
1666 203 1688 220 ⁷⁸
1702 205 1715 232 ?

919 249 953 276 Et
975 249 1049 284 quod
1072 248 1198 283 sequitur
1221 248 1286 275 mali
1307 249 1408 276 ominis
1427 250 1629 284 praetermitto:
1649 258 1714 278 cum

920 295 1017 322 scienti
1035 295 1143 329 loquar.
1166 294 1315 321 Enimvero
1332 294 1378 321 ubi
1400 295 1540 330 quidpiam
1560 296 1615 324 Deo
1631 296 1715 324 fuerit

920 340 994 368 felici
1008 345 1072 368 voto
1083 341 1244 376 sepositum,
1260 340 1286 367 in
1298 348 1474 369 communem
1488 349 1568 369 usum
1579 342 1607 370 id
1623 347 1714 371 transis

921 386 994 414 ferre
1005 407 1012 419 ,
1030 387 1159 422 periculo
1174 395 1231 414 non
1246 391 1335 414 vacat.

957 433 1116 461 Communis
1132 437 1222 460 autem
1240 441 1306 460 usus
1322 437 1363 460 est
1378 433 1510 461 saeculare
1522 434 1689 462 connubium
1704 443 1712 461 :

920 486 947 507 et
961 480 1191 515 quemadmodum
1216 480 1262 514 qui
1280 480 1459 507 monasticam
1479 480 1562 507 vitam
1575 481 1714 515 prontisit,

920 533 1037 560 eamque
1059 525 1177 553 adorsus
1206 531 1258 557 est,
1275 526 1297 553 si
1321 527 1475 553 retrocedat
1503 532 1531 554 et
1556 527 1714 561 coniugium

922 571 1006 604 ineat,
1032 571 1231 598 condemnatur
1248 581 1254 598 :
1270 571 1310 598 sic
1335 575 1363 598 et
1387 573 1434 606 qui
1451 572 1535 599 ﬁlium
1559 577 1607 600 aut
1630 573 1714 599 tiliam

921 617 1021 644 offerre
1049 616 1105 644 Deo
1127 617 1258 649 instituit.
1278 618 1302 644 si
1330 623 1424 653 postea
1445 623 1542 651 mtttet,
1569 619 1596 646 in
1619 620 1714 646 eadem

921 662 973 690 erit
983 663 1221 690 condemnatione.
1232 663 1277 690 Sic
1287 663 1430 696 sentimus,
1448 664 1574 699 ignosce;
1588 664 1716 699 quamvis

921 715 954 735 ea
975 708 1066 736 dicere
1087 708 1188 743 quibus
1203 709 1364 743 acquiescas
1382 710 1538 745 cupiamus,
1556 715 1584 738 et
1599 711 1625 738 id
1642 711 1716 746 quod

921 759 1000 789 optas
1026 755 1075 782 tibi
1089 763 1123 782 ex
1139 756 1274 782 sententia
1291 756 1456 790 succedere;
1484 765 1538 784 non
1557 762 1599 785 est
1625 762 1716 784 tamen

921 806 1088 836 praeceptum
1106 802 1233 837 prmccpti
1260 810 1344 830 causa
1370 803 1546 836 violandum;
1563 811 1613 830 nec
1629 812 1662 830 ex
1682 811 1716 831 eo

922 849 994 883 quod
1011 848 1131 876 salutare
1145 853 1186 876 est
1210 849 1297 882 alteri,
1314 850 1464 882 curabitur;
1481 849 1554 885 quod
1581 850 1658 877 alteri
1674 852 1717 878 est

921 895 1046 927 noxium,
1071 894 1144 922 sicut
1164 894 1248 922 divini
1261 895 1356 923 Patres
1372 897 1537 923 docuerunt.
1556 896 1594 924 Ac
1620 897 1653 923 de
1673 897 1716 924 bis

921 941 1031 975 quidem
1041 941 1094 967 httc
1112 948 1210 976 usque.
1227 940 1351 969 Tertium
1367 942 1489 976 epistola:
1504 947 1585 977 caput
1606 943 1639 969 de
1655 951 1715 970 mo-

921 986 1016 1013 nachis
1030 987 1261 1022 quibusdam,qui
1277 993 1378 1015 rectam
1397 988 1478 1016 ﬁdem
1491 990 1560 1016 ttteri
1576 990 1715 1024 videntur,

921 1036 948 1057 et
962 1030 1062 1058 multas
1077 1031 1282 1065 persecutiones
1294 1039 1342 1066 pro
1353 1032 1465 1059 veritate
1476 1033 1638 1066 pertulisse;
1651 1040 1716 1060 con»

921 1080 1067 1103 versantur
1080 1081 1170 1103 tamen
1186 1083 1213 1104 et
1228 1083 1428 1105 convesetmtur
1444 1086 1506 1106 cum
1525 1079 1671 1111 hmretieis,
1689 1083 1718 1107 et

921 1123 1157 1156 condescendunt,
1175 1131 1224 1158 pro
1239 1132 1268 1151 re
1283 1124 1449 1152 indiﬂ'orenti
1480 1126 1611 1154 habentes
1627 1126 1716 1161 (quasi

922 1167 993 1195 hanc
1020 1176 1034 1195 a
1059 1168 1140 1196 Patre
1163 1170 1254 1204 aliquo
1280 1169 1367 1204 legem
1396 1171 1567 1205 acceperint)
1584 1172 1635 1198 tria
1659 1173 1718 1200 lucc

921 1221 1037 1248 cavere,
1065 1214 1190 1242 videlicet
1217 1224 1250 1242 ne
1274 1215 1492 1243 benedictionem
1524 1217 1559 1244 ab
1582 1218 1718 1246 haereticis

921 1261 1067 1295 accipiant,
1090 1269 1124 1288 ne
1146 1269 1208 1289 cum
1227 1262 1281 1289 illis
1302 1263 1421 1296 psallant
1434 1263 1631 1297 praeeuntibus,
1645 1268 1672 1290 ct
1688 1266 1719 1291 ut

922 1314 936 1333 a
952 1308 1031 1341 panis
1043 1307 1165 1340 ipsorum
1182 1308 1375 1335 communione
1393 1308 1557 1336 abstineant.
1570 1309 1592 1335 A
1608 1315 1718 1337 sancto-

922 1360 983 1379 rum
1021 1352 1133 1380 Patrum
1164 1353 1415 1381 Constitntionibus
1445 1354 1533 1381 aliena
1568 1360 1632 1382 sunt
1658 1363 1720 1390 qute

921 1399 1027 1425 dicunt.
1045 1398 1113 1426 Nam
1130 1407 1219 1434 neque
1230 1400 1400 1433 conversari,
1412 1407 1500 1435 neque
1513 1401 1651 1433 convesci.
1669 1409 1718 1428 ne-

921 1450 976 1478 que
990 1451 1044 1470 una
1060 1443 1185 1477 psallere,
1202 1452 1289 1479 neque
1318 1445 1401 1472 ullam
1423 1446 1536 1473 omnino
1561 1447 1718 1473 communi-

923 1489 1058 1516 cationem
1085 1489 1186 1517 habere
1207 1491 1370 1524 permittunt
1385 1499 1394 1518 :
1412 1492 1478 1526 quiti
1492 1496 1518 1519 et
1535 1500 1575 1519 vae
1600 1499 1721 1527 pronun-

923 1536 990 1563 tiant
1006 1536 1031 1562 in
1046 1544 1093 1563 eos
1108 1536 1154 1571 qui
1169 1536 1212 1564 vel
1227 1537 1254 1564 in
1268 1537 1341 1569 cibo,
1355 1538 1398 1564 vel
1416 1538 1442 1564 in
1465 1543 1541 1573 potu,
1555 1538 1596 1565 vel
1615 1537 1714 1566 affectu

924 1589 985 1609 cum
1001 1582 1054 1609 illis
1067 1583 1282 1610 communicant.
1297 1583 1389 1616 Quare
1411 1584 1566 1617 damnatus,
1582 1590 1609 1612 et
1624 1586 1720 1613 alienae

924 1628 1057 1654 doctrinae
1069 1628 1199 1664 magister
1212 1633 1254 1657 est
1270 1629 1317 1664 qui
1332 1629 1389 1657 haec
1399 1629 1476 1664 dicit,
1491 1631 1618 1666 quisquis
1631 1620 1676 1659 iilc
1686 1632 1722 1660 sit

926 1673 1093 1700 mortalium.

1067 1728 1207 1756 CLXXIII.
1225 1744 1260 1750 —
1274 1729 1400 1766 Gregorio
1414 1731 1519 1759 consuli
1527 1732 1576 1767 (").

372 1799 400 1824 In
412 1799 474 1836 illud
487 1798 619 1830 Apostoli:
634 1799 667 1823 In
680 1798 734 1831 ipso
750 1797 868 1823 inhabitat
880 1796 958 1824 omnis
968 1795 1093 1828 plenitudo
1108 1795 1243 1823 diuinitatis
1259 1800 1432 1830 corporaliter.

121 1866 254 1902 Ἐζημίου
267 1867 340 1902 ἡμᾶς
355 1867 434 1902 μέχρι
449 1866 495 1893 τοῦ
511 1866 590 1903 δεῦρο
602 1868 619 1903 ή
634 1867 758 1902 τιμιότης
773 1875 820 1893 σου
835 1866 873 1902 μὴ

74 1913 273 1940 ὲπιστείλασα·
290 1914 391 1948 καίπερ
414 1913 609 1940 ὲπιστέλλουσα
624 1913 731 1943 καλῶς·
747 1913 785 1944 ὡς
804 1913 874 1940 αὐτὰ

74 1960 112 1987 τὰ
129 1960 282 1994 γράμματα
295 1959 380 1994 δηλοῖ.
399 1957 458 1993 Ἐφ’
472 1956 513 1991 οἷς
535 1959 584 1986 καὶ
598 1959 771 1995 ἐπῃνέσαμεν
787 1959 872 1994 αὐτῆς

74 2007 108 2033 οὺ
130 2007 213 2042 μόνον
239 2006 269 2033 τὸ
283 2007 411 2042 εὐμαθὲς,
437 2007 505 2034 ἀλλὰ
528 2008 575 2035 καὶ
596 2007 626 2034 τὸ
643 2007 682 2034 ἐτι
703 2007 871 2043 φιλομαθές·

74 2054 248 2089 γλιχομένης
268 2054 392 2084 παιδείας
414 2054 583 2090 ὑψηλοτέρας
608 2054 769 2089 μετασχεῖν’
791 2050 826 2090 ἧς
844 2052 875 2079 τὸ

74 2099 210 2132 πυκτίον,
233 2099 325 2130 καθὼς
343 2100 521 2135 ἐπεζήτησεν,
538 2100 635 2135 ἔχομεν
652 2100 712 2135 μὲν,
726 2102 755 2126 οὐ
779 2091 874 2135 μὴνδ¹

73 2145 214 2172 ἐνταῦθα.
232 2145 294 2172 Ἐὰν
308 2145 337 2171 δὲ
359 2146 479 2181 συμϐαίη
495 2146 641 2180 ἀφικέσθαι
665 2147 694 2172 ἐν
710 2146 766 2177 τοῖς
782 2145 876 2172 αὐτόθι

73 2191 124 2217 τὸν
138 2190 342 2225 παροικονόμον
365 2190 454 2224 ἡμῶν,
474 2189 565 2216 λαϐὼν
579 2190 609 2223 ἐξ
623 2186 708 2225 οὗπερ
729 2188 875 2224 τεταμίευ-

962 1865 1067 1892 [)ainno
1092 1866 1180 1893 atiecit
1201 1875 1251 1894 nos
1280 1866 1415 1894 hactenus
1438 1866 1648 1894 honoriﬁcentia
1662 1871 1721 1901 tua,

925 1912 994 1939 nihil
1011 1913 1134 1939 scribens
1148 1913 1311 1944 litterarum,
1329 1912 1456 1947 quamvis
1476 1913 1584 1946 egregie
1607 1913 1722 1943 scribat.

927 1961 956 1983 ut
979 1957 1074 1984 littera:
1095 1957 1160 1992 ipsa:
1175 1958 1377 1985 demonstrant.
1393 1956 1419 1984 In
1437 1957 1537 1992 quibus
1553 1958 1724 1985 laudavimus

925 2000 984 2035 ejus
1012 2008 1067 2027 non
1091 2001 1179 2028 solum
1196 2002 1376 2033 docilitatem,
1393 2002 1439 2028 scd
1453 2006 1584 2035 praeterea
1600 2001 1723 2029 discendi

925 2054 1036 2081 quoque
1063 2046 1195 2079 studium,
1215 2051 1245 2073 ut
1267 2054 1328 2081 quae
1354 2047 1542 2074 sublimiorem
1568 2047 1723 2074 doctrinam

926 2092 1043 2126 adipisci
1053 2092 1145 2126 cupiat
1159 2101 1166 2119 :
1182 2092 1260 2126 cujus
1276 2092 1397 2119 codicem
1412 2101 1493 2127 quem
1511 2093 1626 2127 expetis,
1639 2093 1723 2120 habe-

926 2146 989 2166 mus
1016 2139 1140 2173 quident,
1154 2146 1210 2166 non
1237 2143 1329 2166 tamen
1355 2140 1405 2166 ltoe
1424 2139 1450 2165 in
1468 2139 1538 2166 loco.
1554 2140 1645 2172 Quare
1660 2147 1721 2166 cum

928 2192 1151 2219 pan-(economum
1178 2189 1301 2212 nostrum
1337 2192 1370 2212 eo
1401 2186 1538 2220 proﬁcisci
1567 2187 1723 2221 continget,

74 2245 123 2263 ται
137 2237 225 2263 τόπου
240 2236 398 2262 ὲπιδώσειεν
411 2236 487 2262 αὐτό.
501 2235 578 2271 Καλὴ
590 2236 618 2262 δὲ
631 2236 647 2271 ἡ
661 2235 780 2266 παιδεία,
798 2234 821 2261 ὦ
834 2234 871 2261 δέ·

929 2230 991 2256 inde
1007 2230 1050 2256 ubi
1072 2229 1200 2257 conditus
1215 2235 1256 2257 est
1272 2230 1393 2257 ablatum
1413 2231 1500 2258 tradet
1516 2231 1574 2258 tibi.
1588 2231 1662 2258 Bona
1680 2240 1724 2258 res

75 2291 183 2314 σποτα,
197 2282 250 2314 ἕως
264 2281 296 2309 ἂν
310 2282 439 2317 συνεργὸς
452 2282 494 2317 εἴη
508 2282 575 2317 πρὸς
590 2282 638 2317 τὴν
653 2281 737 2313 ὅντως
747 2280 876 2316 ἀληθινὴν

76 2326 212 2353 παιδείαν
224 2347 231 2358 ,
245 2326 312 2353 ἀλλὰ
331 2326 370 2362 μὴ
393 2326 611 2362 κορυϐαντιῶσα,
627 2325 806 2357 ἀπαιδεύτους
819 2326 878 2352 διὰ·

74 2371 199 2407 δεικνύῃ
219 2371 283 2402 τοὺς
304 2372 434 2406 μετόχους
456 2371 552 2406 αὐτῆς.
573 2371 626 2398 Τοῦ
644 2371 672 2398 δὲ
697 2371 876 2398 ἀποστολικοῦ

77 2418 169 2453 ῥητοῦ
196 2418 213 2453 ὴ
237 2417 344 2444 ἔννοια·
362 2418 426 2444 Ὅτι
450 2418 486 2444 ἐν
505 2416 585 2449 αὐτῷ
609 2416 743 2445 κατοικεῖ
760 2416 823 2444 πᾶν
843 2416 877 2443 τὸ

76 2463 235 2496 πλήρωμα
247 2461 301 2495 τῆς
315 2462 453 2495 θεότητος
468 2461 655 2497 σωματικῶς’
674 2461 758 2493 οὕτως
777 2469 821 2496 μοι
837 2461 878 2488 δο-

77 2509 128 2534 κεῖ
148 2507 244 2541 ἔχειν·
266 2506 407 2533 τουτέστιν
431 2507 472 2533 ὅτι
503 2507 532 2533 ὲν
555 2507 588 2542 τῇ
617 2505 822 2542 προσληφθείσῃ
846 2506 878 2531 ὲκ

79 2554 230 2588 Παρθένου
245 2553 328 2589 σαρκὶ
338 2553 386 2580 τοῦ
404 2554 503 2587 Λόγου,
518 2553 577 2589 ἦτοι
596 2554 625 2579 ὲν
636 2553 674 2588 τῷ
688 2553 755 2589 ναῷ,
807 2554 879 2588 ᾠκο-

80 2600 209 2634 δόμησεν
225 2599 324 2634 ἐαυτῷ,
341 2601 464 2627 κατοικεῖ
477 2600 532 2626 πᾶν
551 2599 582 2626 τὸ
597 2599 735 2635 πλήρωμα
751 2599 800 2634 τῆς
820 2599 879 2625 θεό-

81 2653 183 2680 τητος·
199 2645 292 2671 πᾱντὺ
307 2645 446 2680 πλήρωμά
457 2654 549 2680 φησιν,
566 2646 596 2672 οὺ
612 2646 694 2681 μέρος
705 2655 730 2672 τι
746 2645 818 2672 καθὰ
832 2653 880 2671 πε-

45 2689 51 2694 ’
83 2692 225 2727 women
243 2691 299 2721 τοῖς
315 2691 364 2725 τὴν
385 2691 475 2726 ἀμερῆ
492 2691 632 2726 μερίζουσι
653 2691 777 2726 θεότητα.
794 2691 830 2717 Τὸ
852 2690 880 2717 δὲ

84 2736 270 2772 σωματικῶς,
288 2736 371 2771 ἤγουν
384 2736 520 2769 οὑσιωδῶς
531 2745 537 2751 ·
564 2737 635 2764 οὕτω
652 2738 706 2773 γὰρ
722 2736 881 2773 ὲξεὶληπται

130 2825 154 2840 ⁷³
170 2824 236 2852 Act.
253 2833 281 2858 v,
297 2825 324 2852 4.
362 2826 384 2843 ⁷³
399 2825 504 2854 Coloss.
523 2833 555 2858 tt,
573 2826 600 2854 9.

929 2281 971 2304 cst
994 2275 1125 2309 eruditio,
1140 2276 1260 2308 domine,
1275 2281 1411 2311 quatenus
1434 2276 1560 2304 conferre
1581 2282 1671 2311 potest
1687 2277 1721 2303 ad

930 2331 1002 2355 eam,
1024 2331 1084 2357 quae
1110 2330 1174 2349 vera
1200 2330 1313 2357 prorsus
1343 2327 1395 2353 est,
1414 2322 1567 2350 doctrinam
1592 2331 1599 2348 :
1621 2323 1668 2350 scd
1689 2330 1724 2351 ne

930 2370 1116 2404 Corybantum
1135 2377 1211 2396 more
1236 2368 1377 2395 insaniens
1391 2368 1530 2403 imperitos
1555 2369 1649 2395 reddat
1662 2369 1723 2396 illos

929 2417 975 2451 qtti
993 2417 1043 2443 hac
1058 2415 1154 2443 imbuti
1171 2414 1235 2441 sint.
1251 2414 1400 2448 Apostolici
1419 2422 1501 2449 porro
1519 2414 1582 2441 dicti
1599 2423 1696 2442 sensus
1714 2425 1721 2442 :

929 2463 999 2495 Quia
1022 2463 1049 2489 in
1069 2462 1125 2496 ipso
1150 2461 1280 2488 inhabitat
1304 2462 1388 2488 anulis
1412 2462 1549 2495 plenitudo
1574 2462 1723 2488 divinitatis

928 2507 1130 2543 corporaliter"
1141 2528 1147 2540 ,
1160 2507 1202 2534 hic
1215 2514 1276 2534 esse
1290 2507 1354 2534 mihi
1367 2507 1483 2538 videtur,
1497 2507 1721 2541 nimirutn,qttod

928 2554 954 2580 in
976 2561 1058 2581 carne
1075 2551 1166 2585 Verbi,
1183 2560 1264 2587 quam
1290 2553 1322 2579 de
1340 2551 1450 2587 Virgine
1473 2553 1641 2586 assumpsit,
1667 2553 1724 2580 sive

934 2600 960 2626 itt
987 2599 1087 2633 templo
1112 2599 1184 2633 quod
1216 2598 1267 2625 sibi
1291 2598 1446 2629 exstruxit,
1471 2597 1603 2624 inhabitet
1633 2599 1723 2626 omnis

935 2645 1073 2680 plenitudo
1103 2644 1267 2671 divinitatis.
1291 2643 1405 2670 Omnem
1432 2644 1627 2678 plenitudinem
1644 2644 1721 2675 dicit.

935 2700 989 2718 non
1013 2695 1117 2726 partem
1131 2690 1264 2726 aliqttam,
1283 2694 1364 2725 prout
1381 2690 1397 2716 ii
1413 2695 1559 2718 senserunt
1575 2690 1621 2724 qui
1637 2690 1723 2724 parti-

933 2737 986 2765 bus
1018 2741 1156 2765 carentem
1181 2736 1307 2764 dividunt
1334 2735 1514 2764 divinitatem.
1542 2736 1723 2770 Corporalt'tcr

972 2827 1007 2861 (")
1025 2826 1191 2862 Dogmatica.
