1927 3089
112 158 168 190 1545

689 159 959 190 EPISTOLARUM
990 159 1063 189 LIB.
1086 159 1126 188 ll.

1658 155 1726 188 1556

107 217 176 251 αὐτῆς
189 215 270 250 ζήλου
281 222 289 230 ·
311 214 526 250 ἐποικοδομοῦσα
544 214 583 250 τῷ
597 214 672 250 καλῷ
692 215 811 251 θεμελίῳ
835 216 884 248 τὰς

942 206 1137 243 observationis
1166 219 1319 242 structuras
1332 215 1482 246 aedillcaus,
1499 219 1525 242 et
1546 222 1595 249 pro
1619 214 1729 241 humili-

106 263 148 298 τῆς
156 261 293 298 ἀκριϐείας
305 261 473 297 χρυσοειδιῖς
487 261 647 297 ὲνδομήσεις
659 270 666 277 ·
685 262 819 297 εὐχομένη
838 262 886 288 καὶ

106 308 164 344 ὑπὲρ
175 308 223 342 τῆς
235 306 428 338 ταπεινώσεως
442 307 458 341 ἡ
463 306 532 341 μῶν.

162 362 230 390 POE'
244 362 313 398 (67).
329 377 364 383 ——
376 362 489 398 Εἰρήνῃ
505 363 654 397 πατρικίςι.
678 363 773 399 [ψλϐκ]

941 265 995 288 tate
1010 265 1102 288 nostra
1119 268 1213 287 orans.

1113 359 1242 388 CLXXV.
1260 375 1294 380 ——
1313 358 1398 386 [rente
1412 359 1545 393 patricia.

605 420 637 445 Ut
647 421 677 445 ad
689 420 796 445 ofﬁcium
811 422 838 444 et
849 419 967 444 virtutem
980 418 1094 443 maritum
1107 417 1211 442 excitet.

138 463 238 499 Ἐπειδὴ
253 463 481 499 προσηγόρευε-ας
491 463 566 500 ἡμᾶς
576 465 640 495 τοὺς
652 465 811 497 ταπεινοὺς,
831 473 879 491 κυ-

103 511 151 547 ρία,
166 511 206 538 διὰ
218 510 265 537 τοῦ
294 510 512 545 αἰδεσιμωτάτου
529 511 718 547 πρεσϐυτέρου
733 519 740 526 ·
766 510 881 546 ἀμειὸὁ-

102 558 164 593 μεθα
181 557 228 593 τὴν
240 557 426 593 προσηγορίαν
441 557 615 593 γράμμασιν,
626 557 822 593 ἀποδεχόμενοί
833 567 880 584 σου

98 603 145 638 τὴν
167 601 251 637 καλὴν
264 602 357 629 πίστιν
371 603 419 629 καὶ
433 602 482 637 τὴν
495 602 601 638 θερμὴν
625 603 788 638 πεποίθησιν
803 611 810 619 '
835 604 882 638 ἐγ-

99 649 207 680 νωκότες
235 648 361 675 ἐντεῦθεν
372 648 479 684 ἀγαθήν
503 657 533 675 σε
553 646 623 675 εἶναι
646 649 675 675 ἐν
691 649 812 683 γυναιξὶ,
837 658 883 683 φι-

99 695 181 721 λόθεὸν
195 702 225 720 τε
240 694 287 721 καὶ
312 694 493 730 φιλομόναχον
510 703 517 709 ·
543 695 615 723 ὥστε
646 695 766 731 ἁρμόσαι
795 696 884 722 ἐκεῖνο

99 740 307 775 ἐπιφθέγξασθαι
345 740 376 766 τὸ
398 740 556 774 Γραφικόν·
584 740 733 773 Γυναικός
767 739 884 775 ἀγαθῆς

95 787 231 821 μακάριος
252 787 269 813 ὁ
283 786 360 819 ἀνήρ
372 805 379 812 .
404 785 495 821 Ὁρᾷς,
511 782 533 812 ὦ
549 785 644 820 κυρία,
671 785 713 812 ὅτι
727 785 882 821 μακαρίζε-

97 841 138 859 ται
153 834 182 867 τῇ
198 832 348 867 αγαθότητί
364 839 411 858 σου
431 832 483 858 ὑπο
499 832 549 866 τῆς
574 831 687 867 Γραφῆς
712 831 726 858 ὁ
747 831 842 866 κύριος
867 831 882 857 ὸ

99 878 248 912 πατρίκιος,
262 877 309 904 καὶ
326 876 465 908 θέοσδοτός
481 885 529 903 σου
542 876 670 910 σύζυγος.
701 877 806 903 Οὐκοῦν
832 876 883 911 ζη-

97 923 175 950 λοῦσα
185 922 306 958 ζήλωσον
332 922 373 949 ἐτι
391 922 600 958 μακαριώτερον
623 922 705 949 αὑτὸν
720 923 883 957 ἀπεργάσα-

98 969 165 996 σθαι.
179 969 240 1000 Πῶς
256 968 278 995 δ’
293 969 327 995 ἂν
339 966 395 995 εἶεν
409 967 508 1002 τοῦτο;
523 969 552 995 ὲν
568 967 607 1003 τῷ
625 976 655 995 σε
684 968 724 995 ἔτι
748 968 882 1003 ἁγαθύνε-

97 1015 174 1042 σθαι·
199 1015 284 1050 ἢγουν
307 1015 547 1050 ὑπομνηματίζειν
571 1015 672 1048 αὑτὸν,
701 1015 881 1050 παρακαλεῖν,

96 1061 259 1095 ὲκλιπαρεῖν,
278 1060 369 1095 τὸτῆς
384 1060 551 1096 στρατηγίας
566 1059 670 1095 ὕψωμα.
689 1060 793 1087 διέπειν
823 1060 883 1086 θεο-

96 1107 190 1142 φιλῶς,
212 1106 284 1142 καθᾲ
307 1107 354 1133 καὶ
366 1107 475 1134 διέπει·
498 1106 717 1134 ἐπισκέπτεσθαι
748 1107 884 1142 ὀρφανοὺς

94 1156 140 1182 καὶ
166 1155 252 1190 χήρας
278 1155 308 1180 ὲν
334 1155 368 1189 τῇ
397 1153 486 1189 θλίψει
506 1153 616 1180 αὐτῶν·
647 1153 762 1180 ἄσπιλον
787 1153 884 1180 ἑαυτὸν

94 1202 184 1236 τηρεῖν
206 1200 259 1227 ἀπὸ
272 1200 380 1231 ἀδικίας
391 1207 398 1214 ·
415 1199 597 1234 φιλομόναχόν
614 1207 644 1225 τε
662 1197 732 1225 εἶναι
745 1199 794 1225 καὶ
809 1198 884 1234 φιλό-

94 1253 219 1282 πτωχονο
262 1246 415 1281 ἡμερότητι
459 1245 646 1280 κεκραμένον
677 1245 826 1280 ἐπειδήπερ
866 1245 883 1279 ἡ

93 1293 201 1326 ἐξουσία
222 1293 291 1328 αὐτὴ
305 1291 428 1327 ἀρκοῦσά
449 1292 508 1318 ἐστι
540 1291 715 1327 καταπλῆξαι
739 1292 805 1323 τοὺς
831 1291 885 1318 ὑπὸ

93 1340 170 1374 χεῖρα
182 1347 190 1354 ο
209 1339 257 1366 καὶ
272 1337 324 1374 μὴν
342 1338 506 1373 ἀνεχόμενον
534 1337 651 1372 ἀπειλῆς
670 1338 718 1364 καὶ
745 1338 886 1364 παιδευτι-

92 1385 149 1417 κῶς
170 1384 220 1420 μὲν
242 1384 406 1418 πλήττοντα,
425 1383 625 1419 φιλανθρώπως
643 1383 671 1410 δὲ
686 1384 734 1410 καὶ
747 1392 886 1419 μεμετρη-

93 1431 184 1466 μένως
215 1430 382 1466 μαστίζοντα
395 1438 402 1445 ·
417 1429 534 1464 ἐπείπερ
552 1429 614 1457 οὒτε
645 1429 676 1456 τὺ
691 1429 791 1464 ἄφετον
816 1438 886 1457 παν-

91 1480 194 1506 τάπασι
212 1478 347 1513 σωτήριον
361 1486 368 1493 ·
393 1477 456 1504 οὔτε
484 1477 514 1504 τὺ
533 1477 706 1513 ὑπέρμετρον
735 1477 886 1512 πληκτικὸν
900 1475 921 1502 C

91 1523 286 1551 εὐαπόδεκτον.
310 1523 366 1550 Καὶ
381 1524 467 1559 πρόγε
494 1523 614 1554 πάντων,
643 1523 674 1549 τὸ
694 1522 765 1549 κατὰ
792 1523 885 1549 πίστιν

90 1568 292 1606 ὀρθόδοξον.Εί
319 1568 374 1604 γὰρ
405 1568 454 1595 καὶ
478 1568 547 1604 πρὸς
572 1568 603 1594 τὺ
629 1567 682 1601 ἔξω
708 1568 764 1594 ἐστι
794 1567 885 1602 λέγειν

91 1617 237 1644 ἀδυνατεῖν
249 1615 322 1642 κατὰ
338 1615 372 1642 τὰ
387 1614 531 1649 φθάσαντα
542 1614 622 1641 τοῦτο
637 1614 783 1648 φυλάττειν
793 1622 800 1629 ·
817 1614 886 1649 ὅπερ

91 1663 238 1690 οὐδὲτοῦτο
246 1662 348 1697 ἀρκοῦν
356 1662 396 1694 εἰς
403 1661 471 1688 Θεοῦ
481 1661 640 1696 ἀπολογίαν·
654 1670 665 1686 ι
676 1662 725 1696 τῆς
734 1660 788 1696 γὰρ
801 1659 886 1687 αὐτοῦ

92 1711 205 1745 ἀγάπης
217 1709 293 1736 οὐδὲν
306 1709 514 1745 προτιμότερον·
532 1718 542 1734 ι
568 1707 627 1734 ἀλλ’
650 1705 696 1734 οὖν
709 1716 742 1742 γε
758 1707 829 1734 κατὰ
842 1707 887 1734 τὸν

94 1757 149 1784 ἔσω
180 1756 346 1791 ἄνθρωπον,
376 1755 489 1782 δυνατὸν
515 1754 594 1781 τοῦτο
615 1754 886 1790 παραφυλάττεσθαι,

92 1805 140 1830 καὶ
167 1803 274 1830 πολλῶν
293 1803 403 1838 σωτῆρα
417 1801 598 1838 χρηματίζειν
622 1802 704 1828 αὑτὸν
729 1801 775 1828 καὶ
804 1810 888 1837 μονα-

92 1850 166 1876 στῶν
198 1850 246 1876 καὶ
268 1849 380 1881 λαῖκῶν,
407 1848 454 1874 καὶ
477 1848 616 1882 ἀρχόντων
643 1847 691 1874 καὶ
716 1848 886 1883 ἀρχομένων.

92 1897 188 1923 Ταῦτα
204 1896 234 1928 ἐξ
247 1895 357 1930 ἀγάπης
372 1894 564 1929 πνευματικῆς
579 1894 628 1929 τῆς
645 1894 714 1929 προς
742 1894 815 1929 ὑμᾶς
843 1901 887 1920 κι-

90 1942 232 1978 νούμενοι,
257 1941 472 1977 τεθαρῤήκαμεν
502 1940 659 1975 ὑπομνῆσαι
675 1948 682 1956 ’
713 1940 814 1972 εἰδότες
840 1940 888 1967 καὶ

89 1987 312 2022 ἀνυπομνήστως
337 1986 447 2021 ἔχεσθαι
464 1985 538 2021 ὑμᾶς
553 1985 600 2012 τοῦ
616 1985 710 2012 καλοῦ.

183 2044 266 2076 Ροςι
280 2041 336 2078 (68)
349 2058 384 2063 —
399 2042 517 2076 Βρυένᾳ
531 2041 698 2076 στρατηγῷ.
718 2040 802 2078 [ψμ’.]

971 462 1105 495 Quoniam
1131 470 1178 497 per
1193 461 1371 489 reverendum
1389 461 1463 489 hunc
1481 461 1666 497 presbyterum
1683 461 1732 488 bu-

935 511 1014 537 miles
1030 518 1091 543 nos,
1115 510 1237 542 domina,
1251 510 1376 537 salutasti
1390 518 1397 536 :
1410 515 1531 536 mutuam
1543 510 1732 536 salutationem

937 562 984 589 per
1006 555 1111 583 litteras
1125 555 1311 590 rependimus,
1333 555 1469 590 egregiam
1488 555 1567 582 ﬁdem
1585 559 1671 585 tuam.
1687 562 1733 582 ar-

935 601 1099 636 dentemque
1128 601 1255 628 tiduciam
1290 602 1449 636 probantes,
1467 606 1549 636 atque
1580 602 1644 629 hinc
1658 609 1733 636 egre-

937 647 1009 682 giam
1044 651 1070 674 te
1100 648 1172 675 inter
1196 648 1336 680 mulieres,
1363 648 1465 683 Deique
1496 653 1523 675 et
1537 653 1733 675 monaeuorum

937 698 1074 720 amantem
1090 700 1151 721 esse
1167 698 1366 728 agnoscentes,
1384 698 1415 721 ιιι
1442 694 1508 721 illud
1520 692 1669 728 Scriptura:
1687 702 1734 721 ac-

938 738 1056 766 clamare
1082 739 1229 766 conveniat
1250 747 1256 765 :
1277 738 1399 767 Mulieri;
1424 740 1499 766 bome
1528 740 1568 767 vir
1587 739 1678 766 beatus
1693 739 1733 767 ³³.

938 781 1032 814 Vides,
1062 783 1182 816 domina,
1208 783 1331 811 bonitate
1354 789 1399 811 tua
1426 785 1535 812 beatum
1554 793 1569 812 a
1594 785 1734 820 Scriptura

935 829 1075 864 praedicari
1095 830 1235 857 dominum
1256 830 1402 865 patricium
1429 831 1571 865 conjugem
1590 831 1638 857 tibi
1654 829 1736 857 οἱ)οο

933 877 1039 904 datum.
1059 875 1151 909 Quare
1177 877 1252 904 omni
1277 877 1369 904 studio
1383 877 1518 904 contende
1536 882 1565 904 ut
1580 878 1656 904 illum
1670 877 1735 904 bea-

934 923 1030 951 tiorem
1061 924 1151 951 adhuc
1178 924 1291 952 cilicias.
1322 924 1447 957 Quonam
1489 929 1579 950 autent
1610 928 1692 958 pacto
1708 923 1735 951 id

936 969 1000 998 lict?
1014 969 1042 997 Si
1062 970 1130 998 bene
1159 971 1197 997 illi
1216 970 1306 997 facere
1320 978 1418 1006 pergas
1435 979 1442 1004 ;
1461 971 1513 998 hoc
1538 975 1590 1003 est,
1607 971 1629 998 si
1658 971 1734 998 illum

934 1015 1176 1048 commonefacias,
1193 1017 1324 1048 horteris,
1342 1024 1451 1049 exores,
1468 1022 1497 1044 ut
1511 1017 1637 1044 militaris
1666 1025 1737 1052 prae-

934 1062 1049 1090 fectura:
1062 1063 1168 1098 apicem
1190 1070 1221 1089 ex
1238 1063 1283 1090 Dei
1301 1067 1368 1090 nutu
1381 1067 1467 1097 regat,
1481 1063 1553 1090 sicut
1582 1063 1671 1098 rcipsa
1692 1070 1737 1090 re-

935 1109 991 1144 git;
1011 1113 1040 1136 ut
1054 1109 1241 1144 orphauorum
1256 1108 1458 1143 viduarumun
1477 1116 1575 1136 curatn
1593 1109 1619 1135 in
1640 1116 1735 1136 eorum

935 1155 1068 1182 atrumnis
1097 1159 1194 1190 gerat;
1213 1154 1345 1181 intactum
1359 1162 1388 1182 se
1404 1154 1438 1182 ab
1463 1154 1607 1188 iniquitate
1622 1162 1736 1181 conscr-

934 1207 980 1231 vet
992 1210 999 1236 ;
1019 1203 1217 1230 monachorum
1238 1206 1345 1229 amator
1358 1202 1394 1229 sit
1407 1206 1435 1228 et
1449 1209 1617 1236 pauperum:
1633 1201 1732 1228 buma—

935 1249 1021 1277 nitate
1043 1252 1212 1283 temperatus
1231 1256 1239 1280 ;
1259 1252 1381 1283 potestas
1395 1248 1532 1283 siquidem
1548 1249 1606 1284 ipsa
1636 1247 1738 1275 suilicit

936 1300 966 1323 ut
980 1295 1098 1323 subditis
1113 1301 1244 1322 terrorem
1263 1295 1385 1329 injiciat;
1403 1299 1431 1322 et
1451 1295 1540 1322 minas
1556 1296 1649 1330 utique
1662 1302 1737 1330 sper-

937 1349 1017 1374 nens,
1035 1346 1062 1368 et
1088 1341 1269 1369 correctionis
1295 1341 1405 1376 quidem
1435 1341 1521 1376 gratia
1539 1340 1673 1375 plectens,
1690 1340 1736 1368 sed

937 1388 1058 1414 humane
1073 1391 1102 1414 et
1117 1387 1257 1414 moderate
1288 1386 1396 1414 caedens
1414 1395 1421 1412 :
1439 1387 1505 1421 quia
1535 1394 1586 1413 nec
1610 1385 1739 1413 salutaris

937 1439 980 1461 est
999 1434 1147 1461 immodica
1166 1441 1365 1469 usquequaque
1385 1433 1524 1465 remissio,
1540 1437 1568 1460 et
1587 1440 1660 1468 aegre
1688 1433 1737 1460 ad-

938 1481 1056 1508 mittitur
1071 1488 1132 1515 qua:
1160 1480 1270 1507 modum
1287 1476 1395 1508 excedit
1411 1479 1556 1507 severitas.
1595 1479 1666 1506 Ante
1680 1486 1739 1506 om-

940 1526 984 1553 nia
1003 1533 1068 1552 vero
1081 1525 1140 1560 ejus
1159 1525 1226 1552 ﬁdes
1243 1525 1279 1552 sit
1293 1525 1455 1552 orthodoxa.
1472 1525 1541 1552 Nam
1559 1524 1610 1551 etsi
1623 1524 1739 1551 fortasse

940 1570 1014 1598 dicat
1036 1577 1091 1597 non
1127 1578 1208 1605 posse
1222 1570 1255 1597 ad
1274 1577 1305 1597 ea
1321 1577 1382 1605 quae
1398 1570 1680 1602 praecesserunthanc
1698 1569 1739 1597 fo-

940 1617 980 1644 ris
996 1616 1100 1644 servari
1117 1625 1124 1643 :
1143 1616 1215 1651 quod
1228 1616 1318 1650 ipsum
1341 1621 1431 1643 tamen
1445 1624 1499 1643 non
1523 1615 1623 1643 suilicit
1638 1620 1668 1643 ut
1683 1615 1739 1643 Deo

941 1662 1058 1690 satisﬁat
1087 1662 1145 1697 (Dei
1171 1663 1244 1689 cuitu
1276 1663 1363 1689 amori
1413 1662 1485 1689 nihil
1519 1663 1738 1697 anteponendum

940 1710 993 1745 est)
1007 1730 1014 1742 ,
1029 1714 1057 1738 at
1077 1715 1152 1738 certe
1178 1709 1329 1737 secundum
1345 1710 1505 1736 interiorem
1530 1709 1667 1736 hominem
1682 1717 1739 1737 ser-

940 1757 999 1783 vari
1027 1760 1136 1791 potest:
1155 1760 1184 1782 ut
1211 1755 1307 1782 salutis
1337 1760 1434 1782 auctor
1455 1755 1549 1781 multis
1573 1755 1609 1782 sit
1630 1755 1698 1789 ipse,
1714 1760 1739 1781 ct

942 1802 1086 1829 monachis
1102 1806 1129 1828 et
1147 1801 1234 1832 laicis,
1247 1806 1272 1828 et
1288 1801 1458 1837 principibus
1472 1805 1499 1828 et
1516 1800 1646 1828 subditis.
1678 1801 1741 1827 lla-ta

943 1848 1077 1883 spirituali
1092 1856 1156 1883 erga
1170 1855 1219 1875 vos
1232 1849 1369 1875 cltaritate
1386 1848 1502 1882 permoti
1519 1855 1667 1883 suggerere
1681 1848 1740 1874 ausi

943 1903 1039 1923 sumus
1053 1904 1060 1922 :
1075 1903 1127 1921 non
1155 1895 1314 1930 ignorantes
1333 1895 1398 1922 boni
1411 1896 1533 1930 rectique
1549 1895 1650 1928 studio,
1659 1895 1740 1922 etiam

942 1941 1003 1969 sine
1022 1942 1170 1974 monitore,
1198 1949 1247 1969 vos
1269 1942 1367 1969 teneri.

1124 2040 1265 2068 CLXXVI.
1281 2056 1317 2061 -—
1330 2040 1441 2076 Bryente
1452 2045 1579 2076 stratege.

717 2099 863 2124 Consolatur
873 2098 906 2123 de
922 2098 991 2123 obitu
1003 2098 1099 2123 matris.

130 2155 288 2191 ’Δνηγγέλη
308 2155 374 2190 ἡμῖν
390 2153 530 2184 ὁθάνατος
551 2153 601 2188 τῆς
617 2153 757 2188 μακαρίας
784 2153 884 2188 μητρδς

975 2153 1105 2180 Nuntiata
1122 2153 1202 2181 nobis
1215 2157 1258 2180 est
1271 2160 1348 2180 mors
1364 2153 1451 2180 beatae
1471 2153 1566 2179 matris
1585 2163 1593 2181 :
1611 2159 1638 2181 et
1652 2162 1741 2190 quan-

86 2204 138 2230 καὶ
165 2203 232 2229 ὅσον
246 2201 430 2235 ἑστςναξαμεν
446 2201 474 2227 τί
491 2200 544 2236 χρὴ
558 2201 606 2226 καὶ
616 2201 722 2234 λέγεινς
737 2200 766 2226 οὐ
781 2201 826 2226 διὰ
839 2200 889 2235 τὴν

84 2249 175 2279 ὁσίως
188 2248 406 2283 κεκοιμημένην,
430 2247 532 2280 ἄπαγε’
551 2246 648 2281 κέρδος
666 2246 719 2281 γὰρ
743 2246 812 2281 αὐτῇ
830 2246 891 2279 ἐγέ-

83 2302 152 2320 νετο
171 2295 190 2328 ἡ
206 2293 380 2328 μετάστασις,
390 2293 515 2327 φυγούσῃ
531 2292 577 2318 τὸν
588 2292 819 2326 πολυαμάρτητον
834 2291 891 2326 βίον

83 2339 190 2366 τοῦτον
210 2347 217 2353 ·
237 2338 293 2365 ἀλλ’
307 2338 461 2369 ἐννοοῦντες
482 2338 532 2372 τὴν
548 2337 598 2372 σὴν
615 2337 830 2371 καλοκαγαθίαν,
855 2337 891 2368 ὡς

82 2384 351 2421 ἁποριρανισθεῖσαν
361 2384 464 2417 τέλεον,
483 2384 529 2410 καὶ
559 2383 694 2420 μηδεμίαν
722 2385 751 2410 ὲν
773 2383 813 2418 τῷ
841 2382 891 2417 βίῳ

83 2432 278 2468 παραμυθίαν
294 2432 480 2467 κεκτημένην.
498 2432 553 2458 Καὶ
563 2430 651 2457 ταῦτα
667 2431 697 2456 ὲν
723 2429 796 2456 οὓτω
824 2439 890 2456 σκυ-

82 2479 196 2514 θρωπῇ
229 2478 398 2505 καταστάσει
419 2478 598 2513 ὑπάρχουσαν
612 2484 619 2491 ·
646 2477 695 2503 καὶ
721 2476 783 2503 οὐδὲ
806 2477 893 2511 αὐτῆς

82 2525 140 2560 τῆς
159 2524 244 2556 ὁσίας
259 2524 371 2559 κηδείας
387 2524 598 2551 ἀπολαύσασαν⁸
625 2523 639 2550 ὂ
651 2523 744 2558 φέρειν
768 2521 821 2549 οἶδε
849 2531 894 2557 μι-

82 2573 166 2608 κρὰν
199 2571 392 2607 παρηγορίαν·
414 2571 494 2606 λόγος
517 2571 651 2606 ὲξιτὴριος
682 2570 729 2596 καὶ
751 2569 895 2596 τελευταία

83 2619 190 2654 φωνὴ,
205 2618 378 2652 πρόσπτυξίς
389 2618 518 2653 τετιμὶου
533 2617 672 2651 λειψάνου,
687 2617 734 2644 καὶ
748 2617 833 2651 αὐτῆς
846 2617 896 2651 τῆς

83 2665 116 2690 ἐν
153 2661 182 2698 ᾧ
204 2665 381 2692 κατατίθεται
400 2665 486 2700 θήκης
501 2664 676 2698 ἐπισκέψεως
692 2671 700 2679 “
730 2664 778 2690 καὶ
805 2663 896 2694 ἔοικας

82 2710 119 2736 τδ
135 2710 193 2737 τοῦ
205 2711 346 2737 Ταντάλου
361 2711 468 2747 παθεῖν)
486 2711 511 2737 εἰ
528 2710 575 2737 και)⁸
593 2709 777 2746 μυθικώτερον
794 2709 823 2736 τὺ
838 2709 900 2735 tti—

127 2770 156 2786 ⁸³
177 2768 268 2796 Eccli.
285 2776 361 2801 xxvr,
377 2768 402 2795 1.

940 2204 999 2227 tum
1024 2200 1250 2234 ingemuerimus,
1266 2200 1331 2234 quid
1358 2200 1454 2226 attinet
1468 2199 1562 2227 dicere
1576 2201 1588 2227 7
1603 2209 1657 2228 non
1676 2209 1741 2236 pro-

941 2252 1000 2281 pter
1015 2247 1089 2281 illam
1118 2254 1179 2281 qua:
1194 2253 1290 2274 sancte
1316 2247 1495 2279 obdormivit,
1526 2247 1597 2275 absit
1613 2257 1620 2275 :
1638 2248 1742 2275 lucrum

942 2293 1015 2320 enim
1048 2293 1101 2328 ipsi
1129 2293 1192 2325 fuit,
1222 2293 1295 2328 quod
1326 2294 1420 2320 multis
1448 2294 1567 2327 peccatis
1596 2294 1742 2321 obnoxiam

943 2340 1016 2367 hanc
1031 2341 1115 2367 vitam
1140 2340 1227 2367 evasit
1242 2349 1248 2366 :
1266 2340 1312 2367 sed
1339 2348 1400 2366 cum
1418 2341 1602 2374 cogitaremus
1615 2341 1742 2367 eximiam

943 2386 1104 2421 probitatem
1126 2391 1199 2412 tuam
1216 2386 1288 2412 velut
1306 2385 1431 2412 orbatam
1459 2393 1520 2412 esse
1550 2386 1668 2420 penitus,
1682 2393 1743 2412 om-

942 2433 1026 2468 nique
1042 2432 1069 2459 in
1082 2433 1137 2459 vita
1156 2431 1257 2459 solatio
1269 2431 1428 2459 destitutam
1447 2441 1454 2458 :
1475 2436 1556 2466 atque
1572 2432 1630 2459 han:
1644 2432 1670 2458 in
1689 2436 1743 2458 tam

943 2478 1014 2505 tristi
1044 2485 1137 2505 rerum
1173 2482 1282 2504 tuarum
1316 2481 1459 2504 statuzet
1475 2477 1547 2512 quod
1583 2485 1633 2504 nec
1665 2477 1743 2511 justa

947 2528 1049 2552 sanetae
1082 2524 1119 2551 illi
1149 2524 1306 2559 persolvere
1331 2531 1363 2551 ac
1390 2523 1475 2550 funus
1500 2530 1598 2550 curare
1623 2523 1742 2555 licuerit;

948 2579 1009 2605 quae
1035 2578 1079 2598 res
1097 2571 1216 2606 aliquam
1231 2569 1328 2597 afferre
1346 2570 1415 2597 solet
1429 2569 1643 2596 consolationem
1664 2576 1670 2594 :
1688 2576 1745 2595 mo-

950 2616 1047 2643 rientis
1060 2616 1149 2643 oratio
1163 2621 1191 2643 et
1208 2621 1348 2650 postrema
1366 2623 1429 2647 vox,
1445 2615 1592 2642 chararum
1613 2614 1729 2648 reliquia
1743 2631 1746 2634 ι

951 2669 1012 2687 rum
1027 2661 1180 2695 amplexus,
1199 2661 1339 2695 ipsiusque
1355 2660 1382 2686 in
1409 2668 1464 2696 quo
1476 2660 1607 2695 deposita:
1624 2665 1688 2686 sunt
1705 2659 1745 2685 lo-

953 2707 1008 2734 culi
1043 2707 1407 2742 conspectus:viderisque
1435 2707 1501 2734 mihi
1532 2707 1650 2742 idipsum
1688 2705 1744 2740 puli

874 2821 990 2850 ΝΟΤᾸΞ.

129 2888 199 2923 (ὃῖ)
214 2887 244 2914 In
258 2886 319 2917 cod.
336 2885 401 2921 Reg.
423 2886 486 2919 ροξ¹.

290 2936 423 2966 Paeon.
449 2937 504 2966 (in.
524 2936 637 2966 XCiX.

990 2882 1045 2919 (68)
1061 2882 1088 2909 In
1106 2882 1167 2910 (0d.
1188 2882 1252 2917 Reg.
1273 2882 1340 2917 ροη.

1550 2929 1587 2958 ίιξ)
