  <div class='ocr_page' id='page_1' title='image "/cluster/home/n/w/nwhite01/storage/ocr_20150623/99/njp.32101010943858/845.png"; bbox 0 0 1927 3089; ppageno 0'>
   <div class='ocr_carea' id='block_1_1' title="bbox 167 136 248 167">
    <p class='ocr_par' dir='ltr' id='par_1_1' title="bbox 167 136 248 167">
     <span class='ocr_line' id='line_1_1' title="bbox 167 136 248 167; baseline 0.049 -4"><span class='ocrx_word' id='word_1_1' title='bbox 167 136 248 167; x_wconf 70' lang='grc' dir='ltr'>Δ154³1</span> 
     </span>
    </p>
   </div>
   <div class='ocr_carea' id='block_1_2' title="bbox 781 133 1219 166">
    <p class='ocr_par' dir='ltr' id='par_1_2' title="bbox 781 133 1219 166">
     <span class='ocr_line' id='line_1_2' title="bbox 781 133 1219 166; baseline -0.005 0"><span class='ocrx_word' id='word_1_2' title='bbox 781 137 810 166; x_wconf 89' lang='lat' dir='ltr'>S.</span> <span class='ocrx_word' id='word_1_3' title='bbox 831 133 1027 165; x_wconf 82' lang='lat' dir='ltr'>TIIEODORI</span> <span class='ocrx_word' id='word_1_4' title='bbox 1044 134 1219 165; x_wconf 84' lang='lat' dir='ltr'>S’l‘UDIT/E</span> 
     </span>
    </p>
   </div>
   <div class='ocr_carea' id='block_1_3' title="bbox 1752 139 1818 172">
    <p class='ocr_par' dir='ltr' id='par_1_3' title="bbox 1752 139 1818 172">
     <span class='ocr_line' id='line_1_3' title="bbox 1752 139 1818 172; baseline 0.015 -1"><span class='ocrx_word' id='word_1_5' title='bbox 1752 139 1818 172; x_wconf 66' lang='grc'>1548</span> 
     </span>
    </p>
   </div>
   <div class='ocr_carea' id='block_1_4' title="bbox 178 183 970 230">
    <p class='ocr_par' dir='ltr' id='par_1_4' title="bbox 178 183 970 230">
     <span class='ocr_line' id='line_1_4' title="bbox 178 183 970 230; baseline 0 -11"><span class='ocrx_word' id='word_1_6' title='bbox 178 194 250 226; x_wconf 81' lang='lat' dir='ltr'>quod</span> <span class='ocrx_word' id='word_1_7' title='bbox 265 192 394 220; x_wconf 75' lang='lat' dir='ltr'>Tantalus</span> <span class='ocrx_word' id='word_1_8' title='bbox 410 194 469 230; x_wconf 73' lang='lat' dir='ltr'>(etsi</span> <span class='ocrx_word' id='word_1_9' title='bbox 494 194 646 222; x_wconf 79' lang='lat' dir='ltr'>l&#39;almlosior</span> <span class='ocrx_word' id='word_1_10' title='bbox 660 199 701 221; x_wconf 80' lang='lat' dir='ltr'>est</span> <span class='ocrx_word' id='word_1_11' title='bbox 728 194 786 221; x_wconf 80' lang='lat' dir='ltr'>haec</span> <span class='ocrx_word' id='word_1_12' title='bbox 801 183 970 221; x_wconf 80' lang='lat' dir='ltr'>commemo-</span> 
     </span>
    </p>
   </div>
   <div class='ocr_carea' id='block_1_5' title="bbox 1024 183 1813 230">
    <p class='ocr_par' dir='ltr' id='par_1_5' title="bbox 1025 191 1813 230">
     <span class='ocr_line' id='line_1_5' title="bbox 1025 191 1813 230; baseline 0.011 -14"><span class='ocrx_word' id='word_1_13' title='bbox 1025 191 1145 227; x_wconf 82' lang='grc' dir='ltr'>φθεγμα,</span> <span class='ocrx_word' id='word_1_14' title='bbox 1162 192 1191 218; x_wconf 81' lang='grc' dir='ltr'>ἐν</span> <span class='ocrx_word' id='word_1_15' title='bbox 1200 192 1298 227; x_wconf 81' lang='grc' dir='ltr'>μέσαις</span> <span class='ocrx_word' id='word_1_16' title='bbox 1315 193 1417 226; x_wconf 80' lang='grc' dir='ltr'>πηγαῖς</span> <span class='ocrx_word' id='word_1_17' title='bbox 1436 192 1509 228; x_wconf 80' lang='grc' dir='ltr'>δίψει</span> <span class='ocrx_word' id='word_1_18' title='bbox 1533 195 1697 230; x_wconf 77' lang='grc' dir='ltr'>τηκόμενος,</span> <span class='ocrx_word' id='word_1_19' title='bbox 1712 197 1813 230; x_wconf 46' lang='grc' dir='ltr'>ἀκοαῖςη</span> 
     </span>
    </p>
   </div>
   <div class='ocr_carea' id='block_1_6' title="bbox 178 239 973 274">
    <p class='ocr_par' dir='ltr' id='par_1_6' title="bbox 178 239 973 274">
     <span class='ocr_line' id='line_1_6' title="bbox 178 239 973 274; baseline -0.001 -9"><span class='ocrx_word' id='word_1_20' title='bbox 178 239 258 274; x_wconf 83' lang='lat' dir='ltr'>ratio)</span> <span class='ocrx_word' id='word_1_21' title='bbox 273 240 298 266; x_wconf 92' lang='lat' dir='ltr'>in</span> <span class='ocrx_word' id='word_1_22' title='bbox 318 240 417 267; x_wconf 87' lang='lat' dir='ltr'>mediis</span> <span class='ocrx_word' id='word_1_23' title='bbox 428 239 550 268; x_wconf 79' lang='lat' dir='ltr'>fontibus</span> <span class='ocrx_word' id='word_1_24' title='bbox 567 240 610 268; x_wconf 86' lang='lat' dir='ltr'>siti</span> <span class='ocrx_word' id='word_1_25' title='bbox 626 240 767 266; x_wconf 82' lang='lat' dir='ltr'>confectus</span> <span class='ocrx_word' id='word_1_26' title='bbox 784 248 790 265; x_wconf 89' lang='lat'>:</span> <span class='ocrx_word' id='word_1_27' title='bbox 806 247 868 266; x_wconf 77' lang='lat' dir='ltr'>eum</span> <span class='ocrx_word' id='word_1_28' title='bbox 881 244 908 266; x_wconf 85' lang='grc' dir='ltr'>ιιι</span> <span class='ocrx_word' id='word_1_29' title='bbox 923 246 973 265; x_wconf 86' lang='lat' dir='ltr'>au-</span> 
     </span>
    </p>
   </div>
   <div class='ocr_carea' id='block_1_7' title="bbox 177 285 971 319">
    <p class='ocr_par' dir='ltr' id='par_1_7' title="bbox 177 285 971 319">
     <span class='ocr_line' id='line_1_7' title="bbox 177 285 971 319; baseline -0.001 -7"><span class='ocrx_word' id='word_1_30' title='bbox 177 286 254 312; x_wconf 80' lang='lat' dir='ltr'>ribus</span> <span class='ocrx_word' id='word_1_31' title='bbox 281 290 397 317; x_wconf 84' lang='lat' dir='ltr'>tantum,</span> <span class='ocrx_word' id='word_1_32' title='bbox 410 291 438 314; x_wconf 89' lang='lat' dir='ltr'>et</span> <span class='ocrx_word' id='word_1_33' title='bbox 462 295 516 314; x_wconf 91' lang='lat' dir='ltr'>non</span> <span class='ocrx_word' id='word_1_34' title='bbox 534 287 631 319; x_wconf 86' lang='lat' dir='ltr'>oculis,</span> <span class='ocrx_word' id='word_1_35' title='bbox 648 286 745 313; x_wconf 84' lang='lat' dir='ltr'>matris</span> <span class='ocrx_word' id='word_1_36' title='bbox 761 285 865 312; x_wconf 86' lang='lat' dir='ltr'>obitum</span> <span class='ocrx_word' id='word_1_37' title='bbox 895 292 971 312; x_wconf 77' lang='lat' dir='ltr'>acce-</span> 
     </span>
    </p>
   </div>
   <div class='ocr_carea' id='block_1_8' title="bbox 176 331 970 367">
    <p class='ocr_par' dir='ltr' id='par_1_8' title="bbox 176 331 970 367">
     <span class='ocr_line' id='line_1_8' title="bbox 176 331 970 367; baseline -0.003 -8"><span class='ocrx_word' id='word_1_38' title='bbox 176 335 260 366; x_wconf 81' lang='lat' dir='ltr'>peris.</span> <span class='ocrx_word' id='word_1_39' title='bbox 288 331 358 364; x_wconf 85' lang='lat' dir='ltr'>Quid</span> <span class='ocrx_word' id='word_1_40' title='bbox 386 340 452 367; x_wconf 79' lang='lat' dir='ltr'>ergo</span> <span class='ocrx_word' id='word_1_41' title='bbox 467 333 492 359; x_wconf 91' lang='lat' dir='ltr'>iu</span> <span class='ocrx_word' id='word_1_42' title='bbox 517 333 602 360; x_wconf 87' lang='lat' dir='ltr'>istis?</span> <span class='ocrx_word' id='word_1_43' title='bbox 622 333 661 358; x_wconf 72' lang='lat' dir='ltr'>An</span> <span class='ocrx_word' id='word_1_44' title='bbox 681 337 860 366; x_wconf 73' lang='lat' dir='ltr'>prmterquam</span> <span class='ocrx_word' id='word_1_45' title='bbox 891 331 970 358; x_wconf 87' lang='lat' dir='ltr'>decet</span> 
     </span>
    </p>
   </div>
   <div class='ocr_carea' id='block_1_9' title="bbox 177 375 972 412">
    <p class='ocr_par' dir='ltr' id='par_1_9' title="bbox 177 375 972 412">
     <span class='ocr_line' id='line_1_9' title="bbox 177 375 972 412; baseline 0 -8"><span class='ocrx_word' id='word_1_46' title='bbox 177 378 387 412; x_wconf 75' lang='lat' dir='ltr'>ingemiseemus</span> <span class='ocrx_word' id='word_1_47' title='bbox 403 378 425 410; x_wconf 53' lang='grc' dir='ltr'>ἲς</span> <span class='ocrx_word' id='word_1_48' title='bbox 441 386 475 404; x_wconf 84' lang='lat' dir='ltr'>au</span> <span class='ocrx_word' id='word_1_49' title='bbox 502 377 702 412; x_wconf 81' lang='lat' dir='ltr'>inexplebiliter</span> <span class='ocrx_word' id='word_1_50' title='bbox 728 377 874 404; x_wconf 76' lang='lat' dir='ltr'>ﬂebimus?</span> <span class='ocrx_word' id='word_1_51' title='bbox 893 375 972 404; x_wconf 82' lang='lat' dir='ltr'>elTre-</span> 
     </span>
    </p>
   </div>
   <div class='ocr_carea' id='block_1_10' title="bbox 176 424 971 458">
    <p class='ocr_par' dir='ltr' id='par_1_10' title="bbox 176 424 971 458">
     <span class='ocr_line' id='line_1_10' title="bbox 176 424 971 458; baseline 0 -8"><span class='ocrx_word' id='word_1_52' title='bbox 176 430 239 451; x_wconf 85' lang='lat' dir='ltr'>nate</span> <span class='ocrx_word' id='word_1_53' title='bbox 252 425 510 451; x_wconf 79' lang='lat' dir='ltr'>stomachabimur?</span> <span class='ocrx_word' id='word_1_54' title='bbox 528 425 560 451; x_wconf 87' lang='lat' dir='ltr'>Et</span> <span class='ocrx_word' id='word_1_55' title='bbox 577 425 622 451; x_wconf 85' lang='lat' dir='ltr'>ubi</span> <span class='ocrx_word' id='word_1_56' title='bbox 637 424 775 451; x_wconf 84' lang='lat' dir='ltr'>scientia?</span> <span class='ocrx_word' id='word_1_57' title='bbox 795 424 840 450; x_wconf 91' lang='lat' dir='ltr'>ubi</span> <span class='ocrx_word' id='word_1_58' title='bbox 863 424 971 458; x_wconf 88' lang='lat' dir='ltr'>sapien-</span> 
     </span>
    </p>
   </div>
   <div class='ocr_carea' id='block_1_11' title="bbox 177 470 969 506">
    <p class='ocr_par' dir='ltr' id='par_1_11' title="bbox 177 470 969 506">
     <span class='ocr_line' id='line_1_11' title="bbox 177 470 969 506; baseline -0.001 -9"><span class='ocrx_word' id='word_1_59' title='bbox 177 471 234 498; x_wconf 86' lang='lat' dir='ltr'>tia?</span> <span class='ocrx_word' id='word_1_60' title='bbox 251 471 297 498; x_wconf 92' lang='lat' dir='ltr'>ubi</span> <span class='ocrx_word' id='word_1_61' title='bbox 327 470 609 506; x_wconf 85' lang='lat' dir='ltr'>prudentia?quibus</span> <span class='ocrx_word' id='word_1_62' title='bbox 643 471 772 498; x_wconf 77' lang='lat' dir='ltr'>nobilitas</span> <span class='ocrx_word' id='word_1_63' title='bbox 800 475 845 497; x_wconf 93' lang='lat' dir='ltr'>tua</span> <span class='ocrx_word' id='word_1_64' title='bbox 872 474 969 496; x_wconf 84' lang='lat' dir='ltr'>ornata</span> 
     </span>
    </p>
   </div>
   <div class='ocr_carea' id='block_1_12' title="bbox 176 517 969 552">
    <p class='ocr_par' dir='ltr' id='par_1_12' title="bbox 176 517 969 552">
     <span class='ocr_line' id='line_1_12' title="bbox 176 517 969 552; baseline -0.003 -8"><span class='ocrx_word' id='word_1_65' title='bbox 176 523 227 549; x_wconf 79' lang='lat' dir='ltr'>est.</span> <span class='ocrx_word' id='word_1_66' title='bbox 242 522 269 544; x_wconf 87' lang='lat' dir='ltr'>et</span> <span class='ocrx_word' id='word_1_67' title='bbox 287 518 395 552; x_wconf 80' lang='lat' dir='ltr'>quidem</span> <span class='ocrx_word' id='word_1_68' title='bbox 421 525 501 552; x_wconf 88' lang='lat' dir='ltr'>supra</span> <span class='ocrx_word' id='word_1_69' title='bbox 518 518 618 544; x_wconf 84' lang='lat' dir='ltr'>umltos</span> <span class='ocrx_word' id='word_1_70' title='bbox 633 525 728 544; x_wconf 89' lang='lat' dir='ltr'>eorum</span> <span class='ocrx_word' id='word_1_71' title='bbox 753 517 800 551; x_wconf 93' lang='lat' dir='ltr'>qui</span> <span class='ocrx_word' id='word_1_72' title='bbox 827 517 969 551; x_wconf 77' lang='lat' dir='ltr'>magistra-</span> 
     </span>
    </p>
   </div>
   <div class='ocr_carea' id='block_1_13' title="bbox 175 562 969 597">
    <p class='ocr_par' dir='ltr' id='par_1_13' title="bbox 175 562 969 597">
     <span class='ocr_line' id='line_1_13' title="bbox 175 562 969 597; baseline -0.003 -7"><span class='ocrx_word' id='word_1_73' title='bbox 175 568 233 590; x_wconf 87' lang='lat' dir='ltr'>tum</span> <span class='ocrx_word' id='word_1_74' title='bbox 251 571 324 590; x_wconf 87' lang='lat' dir='ltr'>uunc</span> <span class='ocrx_word' id='word_1_75' title='bbox 339 569 446 597; x_wconf 69' lang='lat' dir='ltr'>gerunt.</span> <span class='ocrx_word' id='word_1_76' title='bbox 465 563 659 597; x_wconf 80' lang='lat' dir='ltr'>Nequaquam,</span> <span class='ocrx_word' id='word_1_77' title='bbox 672 571 688 590; x_wconf 86' lang='lat'><strong>0</strong></span> <span class='ocrx_word' id='word_1_78' title='bbox 700 562 900 595; x_wconf 88' lang='lat' dir='ltr'>atnautissime,</span> <span class='ocrx_word' id='word_1_79' title='bbox 920 571 969 589; x_wconf 87' lang='lat' dir='ltr'>ne-</span> 
     </span>
    </p>
   </div>
   <div class='ocr_carea' id='block_1_14' title="bbox 176 609 970 644">
    <p class='ocr_par' dir='ltr' id='par_1_14' title="bbox 176 609 970 644">
     <span class='ocr_line' id='line_1_14' title="bbox 176 609 970 644; baseline 0 -9"><span class='ocrx_word' id='word_1_80' title='bbox 176 617 314 644; x_wconf 86' lang='lat' dir='ltr'><strong>quaquam</strong></span> <span class='ocrx_word' id='word_1_81' title='bbox 330 617 336 635; x_wconf 91' lang='lat'><strong>:</strong></span> <span class='ocrx_word' id='word_1_82' title='bbox 350 609 397 636; x_wconf 86' lang='lat' dir='ltr'>sed</span> <span class='ocrx_word' id='word_1_83' title='bbox 411 609 455 635; x_wconf 91' lang='lat' dir='ltr'>ubi</span> <span class='ocrx_word' id='word_1_84' title='bbox 479 610 617 636; x_wconf 83' lang='lat' dir='ltr'>moderate</span> <span class='ocrx_word' id='word_1_85' title='bbox 633 609 800 644; x_wconf 71' lang='lat' dir='ltr'>ingemueris</span> <span class='ocrx_word' id='word_1_86' title='bbox 817 614 844 636; x_wconf 85' lang='lat' dir='ltr'>et</span> <span class='ocrx_word' id='word_1_87' title='bbox 857 609 970 643; x_wconf 85' lang='lat' dir='ltr'>planxe-</span> 
     </span>
    </p>
   </div>
   <div class='ocr_carea' id='block_1_15' title="bbox 176 655 968 689">
    <p class='ocr_par' dir='ltr' id='par_1_15' title="bbox 176 655 968 689">
     <span class='ocr_line' id='line_1_15' title="bbox 176 655 968 689; baseline 0 -7"><span class='ocrx_word' id='word_1_88' title='bbox 176 655 226 687; x_wconf 89' lang='lat' dir='ltr'>ris,</span> <span class='ocrx_word' id='word_1_89' title='bbox 241 659 373 689; x_wconf 87' lang='lat' dir='ltr'>quantum</span> <span class='ocrx_word' id='word_1_90' title='bbox 391 655 517 683; x_wconf 80' lang='lat' dir='ltr'>videlicet</span> <span class='ocrx_word' id='word_1_91' title='bbox 536 657 603 682; x_wconf 85' lang='lat' dir='ltr'>satis</span> <span class='ocrx_word' id='word_1_92' title='bbox 613 660 639 683; x_wconf 88' lang='lat' dir='ltr'>ut</span> <span class='ocrx_word' id='word_1_93' title='bbox 658 655 790 682; x_wconf 90' lang='lat' dir='ltr'>maternis</span> <span class='ocrx_word' id='word_1_94' title='bbox 806 655 968 682; x_wconf 80' lang='lat' dir='ltr'>funebribus</span> 
     </span>
    </p>
   </div>
   <div class='ocr_carea' id='block_1_16' title="bbox 176 700 970 736">
    <p class='ocr_par' dir='ltr' id='par_1_16' title="bbox 176 700 970 736">
     <span class='ocr_line' id='line_1_16' title="bbox 176 700 970 736; baseline 0 -8"><span class='ocrx_word' id='word_1_95' title='bbox 176 700 335 736; x_wconf 75' lang='lat' dir='ltr'>defungarc,</span> <span class='ocrx_word' id='word_1_96' title='bbox 356 706 381 728; x_wconf 86' lang='lat' dir='ltr'>et</span> <span class='ocrx_word' id='word_1_97' title='bbox 407 702 479 736; x_wconf 83' lang='lat' dir='ltr'>quod</span> <span class='ocrx_word' id='word_1_98' title='bbox 509 705 613 728; x_wconf 57' lang='lat' dir='ltr'>natura;</span> <span class='ocrx_word' id='word_1_99' title='bbox 628 706 669 729; x_wconf 87' lang='lat' dir='ltr'>est</span> <span class='ocrx_word' id='word_1_100' title='bbox 695 701 859 736; x_wconf 85' lang='lat' dir='ltr'>patefacias;</span> <span class='ocrx_word' id='word_1_101' title='bbox 876 702 970 728; x_wconf 87' lang='lat' dir='ltr'>redea-</span> 
     </span>
    </p>
   </div>
   <div class='ocr_carea' id='block_1_17' title="bbox 177 746 969 782">
    <p class='ocr_par' dir='ltr' id='par_1_17' title="bbox 177 746 969 782">
     <span class='ocr_line' id='line_1_17' title="bbox 177 746 969 782; baseline 0.001 -10"><span class='ocrx_word' id='word_1_102' title='bbox 177 754 238 773; x_wconf 91' lang='lat' dir='ltr'>mus</span> <span class='ocrx_word' id='word_1_103' title='bbox 266 746 363 773; x_wconf 80' lang='lat' dir='ltr'>iterum</span> <span class='ocrx_word' id='word_1_104' title='bbox 381 747 414 773; x_wconf 88' lang='lat' dir='ltr'>ad</span> <span class='ocrx_word' id='word_1_105' title='bbox 431 754 491 777; x_wconf 85' lang='lat' dir='ltr'>nos.</span> <span class='ocrx_word' id='word_1_106' title='bbox 506 748 529 774; x_wconf 91' lang='lat' dir='ltr'>si</span> <span class='ocrx_word' id='word_1_107' title='bbox 542 747 640 782; x_wconf 79' lang='lat' dir='ltr'>placet,</span> <span class='ocrx_word' id='word_1_108' title='bbox 659 747 824 781; x_wconf 87' lang='lat' dir='ltr'>sublimique</span> <span class='ocrx_word' id='word_1_109' title='bbox 849 752 969 774; x_wconf 86' lang='lat' dir='ltr'>contem-</span> 
     </span>
    </p>
   </div>
   <div class='ocr_carea' id='block_1_18' title="bbox 1030 236 1816 278">
    <p class='ocr_par' dir='ltr' id='par_1_18' title="bbox 1030 236 1816 278">
     <span class='ocr_line' id='line_1_18' title="bbox 1030 236 1816 278; baseline 0.008 -16"><span class='ocrx_word' id='word_1_110' title='bbox 1030 236 1138 269; x_wconf 78' lang='grc' dir='ltr'>μόναις,</span> <span class='ocrx_word' id='word_1_111' title='bbox 1161 237 1219 263; x_wconf 80' lang='grc' dir='ltr'>ἀλλ’</span> <span class='ocrx_word' id='word_1_112' title='bbox 1235 237 1284 263; x_wconf 81' lang='grc' dir='ltr'>οὐκ</span> <span class='ocrx_word' id='word_1_113' title='bbox 1303 237 1453 273; x_wconf 70' lang='grc' dir='ltr'>ὀφθαλμοῖς</span> <span class='ocrx_word' id='word_1_114' title='bbox 1467 239 1611 267; x_wconf 74' lang='grc' dir='ltr'>ὑπολαϐὼν</span> <span class='ocrx_word' id='word_1_115' title='bbox 1630 241 1680 276; x_wconf 83' lang='grc' dir='ltr'>τὴν</span> <span class='ocrx_word' id='word_1_116' title='bbox 1693 243 1743 276; x_wconf 78' lang='grc' dir='ltr'>τῆς</span> <span class='ocrx_word' id='word_1_117' title='bbox 1767 253 1816 278; x_wconf 76' lang='grc' dir='ltr'>μη-</span> 
     </span>
    </p>
   </div>
   <div class='ocr_carea' id='block_1_19' title="bbox 1026 283 1819 324">
    <p class='ocr_par' dir='ltr' id='par_1_19' title="bbox 1026 283 1819 324">
     <span class='ocr_line' id='line_1_19' title="bbox 1026 283 1819 324; baseline 0.01 -16"><span class='ocrx_word' id='word_1_118' title='bbox 1026 283 1091 317; x_wconf 66' lang='grc' dir='ltr'>τρδς</span> <span class='ocrx_word' id='word_1_119' title='bbox 1106 283 1246 319; x_wconf 79' lang='grc' dir='ltr'>κοίμησιν.</span> <span class='ocrx_word' id='word_1_120' title='bbox 1263 283 1296 310; x_wconf 86' lang='grc' dir='ltr'>Τί</span> <span class='ocrx_word' id='word_1_121' title='bbox 1313 283 1360 311; x_wconf 75' lang='grc' dir='ltr'>οὖν</span> <span class='ocrx_word' id='word_1_122' title='bbox 1373 285 1402 310; x_wconf 78' lang='grc' dir='ltr'>ἐν</span> <span class='ocrx_word' id='word_1_123' title='bbox 1424 284 1552 319; x_wconf 48' lang='grc' dir='ltr'>τούτοις</span> <span class='ocrx_word' id='word_1_124' title='bbox 1574 287 1740 323; x_wconf 77' lang='grc' dir='ltr'>στενάξομεν</span> <span class='ocrx_word' id='word_1_125' title='bbox 1766 290 1819 324; x_wconf 78' lang='grc' dir='ltr'>ἄρα</span> 
     </span>
    </p>
   </div>
   <div class='ocr_carea' id='block_1_20' title="bbox 1027 329 1819 367">
    <p class='ocr_par' dir='ltr' id='par_1_20' title="bbox 1027 329 1819 367">
     <span class='ocr_line' id='line_1_20' title="bbox 1027 329 1819 367; baseline 0.008 -12"><span class='ocrx_word' id='word_1_126' title='bbox 1027 330 1101 364; x_wconf 78' lang='grc' dir='ltr'>πέρα</span> <span class='ocrx_word' id='word_1_127' title='bbox 1115 329 1162 355; x_wconf 75' lang='grc' dir='ltr'>τοῦ</span> <span class='ocrx_word' id='word_1_128' title='bbox 1178 331 1282 361; x_wconf 78' lang='grc' dir='ltr'>δέοντος</span> <span class='ocrx_word' id='word_1_129' title='bbox 1296 339 1303 363; x_wconf 89' lang='grc'>;</span> <span class='ocrx_word' id='word_1_130' title='bbox 1321 330 1564 366; x_wconf 75' lang='grc' dir='ltr'>δακρυρῤοήσομεν</span> <span class='ocrx_word' id='word_1_131' title='bbox 1579 333 1725 367; x_wconf 79' lang='grc' dir='ltr'>ἀπληστα;</span> <span class='ocrx_word' id='word_1_132' title='bbox 1754 335 1819 361; x_wconf 80' lang='grc' dir='ltr'>ἀπο-</span> 
     </span>
    </p>
   </div>
   <div class='ocr_carea' id='block_1_21' title="bbox 1025 375 1819 413">
    <p class='ocr_par' dir='ltr' id='par_1_21' title="bbox 1025 375 1819 413">
     <span class='ocr_line' id='line_1_21' title="bbox 1025 375 1819 413; baseline 0.006 -12"><span class='ocrx_word' id='word_1_133' title='bbox 1025 375 1233 410; x_wconf 80' lang='grc' dir='ltr'>δυσπετήσομεν</span> <span class='ocrx_word' id='word_1_134' title='bbox 1253 376 1399 411; x_wconf 82' lang='grc' dir='ltr'>ἁκράτητα</span> <span class='ocrx_word' id='word_1_135' title='bbox 1413 385 1420 408; x_wconf 87' lang='grc'>;</span> <span class='ocrx_word' id='word_1_136' title='bbox 1437 377 1492 403; x_wconf 76' lang='grc' dir='ltr'>Καὶ</span> <span class='ocrx_word' id='word_1_137' title='bbox 1508 377 1560 403; x_wconf 82' lang='grc' dir='ltr'>ποῦ</span> <span class='ocrx_word' id='word_1_138' title='bbox 1584 379 1600 413; x_wconf 85' lang='grc' dir='ltr'>ἠ</span> <span class='ocrx_word' id='word_1_139' title='bbox 1616 379 1717 412; x_wconf 79' lang='grc' dir='ltr'>γνῶσις</span> <span class='ocrx_word' id='word_1_140' title='bbox 1733 389 1739 411; x_wconf 86' lang='grc'>;</span> <span class='ocrx_word' id='word_1_141' title='bbox 1770 381 1819 406; x_wconf 75' lang='grc' dir='ltr'>ποῦ</span> 
     </span>
    </p>
   </div>
   <div class='ocr_carea' id='block_1_22' title="bbox 1024 419 1819 460">
    <p class='ocr_par' dir='ltr' id='par_1_22' title="bbox 1024 419 1819 460">
     <span class='ocr_line' id='line_1_22' title="bbox 1024 419 1819 460; baseline 0.005 -14"><span class='ocrx_word' id='word_1_142' title='bbox 1024 422 1040 456; x_wconf 87' lang='grc' dir='ltr'><strong>ἡ</strong></span> <span class='ocrx_word' id='word_1_143' title='bbox 1057 421 1137 456; x_wconf 82' lang='grc' dir='ltr'>σοφία</span> <span class='ocrx_word' id='word_1_144' title='bbox 1152 429 1159 454; x_wconf 90' lang='grc'>;</span> <span class='ocrx_word' id='word_1_145' title='bbox 1175 421 1227 447; x_wconf 77' lang='grc' dir='ltr'>ποῦ</span> <span class='ocrx_word' id='word_1_146' title='bbox 1241 422 1257 456; x_wconf 88' lang='grc' dir='ltr'>ἡ</span> <span class='ocrx_word' id='word_1_147' title='bbox 1275 420 1403 453; x_wconf 77' lang='grc' dir='ltr'>σύνεσις;</span> <span class='ocrx_word' id='word_1_148' title='bbox 1420 419 1460 454; x_wconf 78' lang='grc' dir='ltr'>οἷς</span> <span class='ocrx_word' id='word_1_149' title='bbox 1475 423 1671 458; x_wconf 78' lang='grc' dir='ltr'>κατεκοσμήθη</span> <span class='ocrx_word' id='word_1_150' title='bbox 1690 433 1737 450; x_wconf 86' lang='grc' dir='ltr'>σου</span> <span class='ocrx_word' id='word_1_151' title='bbox 1749 425 1766 460; x_wconf 86' lang='grc' dir='ltr'>ὴ</span> <span class='ocrx_word' id='word_1_152' title='bbox 1777 425 1819 450; x_wconf 82' lang='grc' dir='ltr'>εὑ-</span> 
     </span>
    </p>
   </div>
   <div class='ocr_carea' id='block_1_23' title="bbox 1029 467 1818 505">
    <p class='ocr_par' dir='ltr' id='par_1_23' title="bbox 1029 467 1818 505">
     <span class='ocr_line' id='line_1_23' title="bbox 1029 467 1818 505; baseline 0.005 -12"><span class='ocrx_word' id='word_1_153' title='bbox 1029 469 1133 501; x_wconf 79' lang='grc' dir='ltr'>γένεια,</span> <span class='ocrx_word' id='word_1_154' title='bbox 1157 468 1203 493; x_wconf 83' lang='grc' dir='ltr'>καί</span> <span class='ocrx_word' id='word_1_155' title='bbox 1217 476 1248 501; x_wconf 89' lang='grc' dir='ltr'>γε</span> <span class='ocrx_word' id='word_1_156' title='bbox 1264 468 1334 501; x_wconf 75' lang='grc' dir='ltr'>ὑπὲρ</span> <span class='ocrx_word' id='word_1_157' title='bbox 1351 467 1466 500; x_wconf 70' lang='grc' dir='ltr'>πολλοὺς</span> <span class='ocrx_word' id='word_1_158' title='bbox 1484 469 1538 495; x_wconf 80' lang='grc' dir='ltr'>τῶν</span> <span class='ocrx_word' id='word_1_159' title='bbox 1551 469 1599 495; x_wconf 77' lang='grc' dir='ltr'>νῦν</span> <span class='ocrx_word' id='word_1_160' title='bbox 1613 471 1761 505; x_wconf 76' lang='grc' dir='ltr'>ὁρωμένων</span> <span class='ocrx_word' id='word_1_161' title='bbox 1791 472 1818 497; x_wconf 79' lang='grc' dir='ltr'>ἐν</span> 
     </span>
    </p>
   </div>
   <div class='ocr_carea' id='block_1_24' title="bbox 1024 511 1820 551">
    <p class='ocr_par' dir='ltr' id='par_1_24' title="bbox 1024 511 1820 551">
     <span class='ocr_line' id='line_1_24' title="bbox 1024 511 1820 551; baseline 0.004 -11"><span class='ocrx_word' id='word_1_162' title='bbox 1024 513 1108 541; x_wconf 75' lang='grc' dir='ltr'>τέλει,</span> <span class='ocrx_word' id='word_1_163' title='bbox 1127 514 1269 549; x_wconf 80' lang='grc' dir='ltr'>Μηδαμῶς</span> <span class='ocrx_word' id='word_1_164' title='bbox 1281 512 1339 546; x_wconf 80' lang='grc' dir='ltr'>οὖν,</span> <span class='ocrx_word' id='word_1_165' title='bbox 1366 511 1565 550; x_wconf 80' lang='grc' dir='ltr'>ὦὲπιπόθητε,</span> <span class='ocrx_word' id='word_1_166' title='bbox 1595 516 1728 551; x_wconf 79' lang='grc' dir='ltr'>μηδαμῶς</span> <span class='ocrx_word' id='word_1_167' title='bbox 1755 517 1820 543; x_wconf 75' lang='grc' dir='ltr'>ἀλλὰ</span> 
     </span>
    </p>
   </div>
   <div class='ocr_carea' id='block_1_25' title="bbox 1025 559 1821 597">
    <p class='ocr_par' dir='ltr' id='par_1_25' title="bbox 1025 559 1821 597">
     <span class='ocr_line' id='line_1_25' title="bbox 1025 559 1821 597; baseline 0.005 -12"><span class='ocrx_word' id='word_1_168' title='bbox 1025 559 1157 591; x_wconf 70' lang='grc' dir='ltr'>στενάξας</span> <span class='ocrx_word' id='word_1_169' title='bbox 1181 559 1228 585; x_wconf 75' lang='grc' dir='ltr'>καὶ</span> <span class='ocrx_word' id='word_1_170' title='bbox 1243 559 1366 591; x_wconf 75' lang='grc' dir='ltr'>κλαύσας</span> <span class='ocrx_word' id='word_1_171' title='bbox 1393 561 1522 595; x_wconf 77' lang='grc' dir='ltr'>μετρίως,</span> <span class='ocrx_word' id='word_1_172' title='bbox 1549 561 1610 587; x_wconf 82' lang='grc' dir='ltr'>ὅσον</span> <span class='ocrx_word' id='word_1_173' title='bbox 1631 562 1678 588; x_wconf 77' lang='grc' dir='ltr'>καὶ</span> <span class='ocrx_word' id='word_1_174' title='bbox 1703 562 1737 588; x_wconf 76' lang='grc' dir='ltr'>τὰ</span> <span class='ocrx_word' id='word_1_175' title='bbox 1769 571 1821 597; x_wconf 82' lang='grc' dir='ltr'>μη-</span> 
     </span>
    </p>
   </div>
   <div class='ocr_carea' id='block_1_26' title="bbox 1024 605 1819 643">
    <p class='ocr_par' dir='ltr' id='par_1_26' title="bbox 1024 605 1819 643">
     <span class='ocr_line' id='line_1_26' title="bbox 1024 605 1819 643; baseline 0.005 -12"><span class='ocrx_word' id='word_1_176' title='bbox 1024 605 1107 640; x_wconf 72' lang='grc' dir='ltr'>τρικὰ</span> <span class='ocrx_word' id='word_1_177' title='bbox 1134 606 1279 640; x_wconf 76' lang='grc' dir='ltr'>ἐπικήδεια</span> <span class='ocrx_word' id='word_1_178' title='bbox 1302 606 1519 640; x_wconf 77' lang='grc' dir='ltr'>ἀφοσιώσασθαι,</span> <span class='ocrx_word' id='word_1_179' title='bbox 1533 608 1580 634; x_wconf 71' lang='grc' dir='ltr'>καὶ</span> <span class='ocrx_word' id='word_1_180' title='bbox 1593 607 1623 634; x_wconf 80' lang='grc' dir='ltr'>τὸ</span> <span class='ocrx_word' id='word_1_181' title='bbox 1640 609 1689 643; x_wconf 80' lang='grc' dir='ltr'>τῆς</span> <span class='ocrx_word' id='word_1_182' title='bbox 1714 609 1819 643; x_wconf 72' lang='grc' dir='ltr'>φύσεως</span> 
     </span>
    </p>
   </div>
   <div class='ocr_carea' id='block_1_27' title="bbox 1024 651 1820 689">
    <p class='ocr_par' dir='ltr' id='par_1_27' title="bbox 1024 651 1820 689">
     <span class='ocr_line' id='line_1_27' title="bbox 1024 651 1820 689; baseline 0.005 -12"><span class='ocrx_word' id='word_1_183' title='bbox 1024 651 1228 683; x_wconf 79' lang='grc' dir='ltr'>ἐπιδείξασθαι·</span> <span class='ocrx_word' id='word_1_184' title='bbox 1245 653 1286 683; x_wconf 85' lang='grc' dir='ltr'>είς</span> <span class='ocrx_word' id='word_1_185' title='bbox 1311 653 1426 684; x_wconf 76' lang='grc' dir='ltr'>ἑαυτοὺς</span> <span class='ocrx_word' id='word_1_186' title='bbox 1461 654 1553 686; x_wconf 82' lang='grc' dir='ltr'>πάλιν,</span> <span class='ocrx_word' id='word_1_187' title='bbox 1575 655 1599 679; x_wconf 87' lang='grc' dir='ltr'>εἰ</span> <span class='ocrx_word' id='word_1_188' title='bbox 1621 653 1722 688; x_wconf 80' lang='grc' dir='ltr'>βούλει,</span> <span class='ocrx_word' id='word_1_189' title='bbox 1736 655 1820 689; x_wconf 82' lang='grc' dir='ltr'>γενώ-</span> 
     </span>
    </p>
   </div>
   <div class='ocr_carea' id='block_1_28' title="bbox 1025 698 1819 736">
    <p class='ocr_par' dir='ltr' id='par_1_28' title="bbox 1025 698 1819 736">
     <span class='ocr_line' id='line_1_28' title="bbox 1025 698 1819 736; baseline 0.005 -12"><span class='ocrx_word' id='word_1_190' title='bbox 1025 698 1120 732; x_wconf 83' lang='grc' dir='ltr'>μεθα,</span> <span class='ocrx_word' id='word_1_191' title='bbox 1163 698 1211 725; x_wconf 79' lang='grc' dir='ltr'>καὶ</span> <span class='ocrx_word' id='word_1_192' title='bbox 1250 698 1439 735; x_wconf 68' lang='grc' dir='ltr'>διαϐλέψωμεν</span> <span class='ocrx_word' id='word_1_193' title='bbox 1479 699 1610 735; x_wconf 80' lang='grc' dir='ltr'>μετεώρῳ</span> <span class='ocrx_word' id='word_1_194' title='bbox 1647 701 1749 736; x_wconf 80' lang='grc' dir='ltr'>θεωρίᾳ</span> <span class='ocrx_word' id='word_1_195' title='bbox 1786 702 1819 728; x_wconf 67' lang='grc' dir='ltr'>τὰ</span> 
     </span>
    </p>
   </div>
   <div class='ocr_carea' id='block_1_29' title="bbox 1022 744 1819 782">
    <p class='ocr_par' dir='ltr' id='par_1_29' title="bbox 1022 744 1819 782">
     <span class='ocr_line' id='line_1_29' title="bbox 1022 744 1819 782; baseline 0.005 -12"><span class='ocrx_word' id='word_1_196' title='bbox 1022 745 1085 779; x_wconf 69' lang='grc' dir='ltr'>τῇδε</span> <span class='ocrx_word' id='word_1_197' title='bbox 1104 753 1111 760; x_wconf 73' lang='grc' dir='ltr'>θ</span> <span class='ocrx_word' id='word_1_198' title='bbox 1129 744 1166 776; x_wconf 85' lang='grc' dir='ltr'>ὡς</span> <span class='ocrx_word' id='word_1_199' title='bbox 1190 746 1266 780; x_wconf 75' lang='grc' dir='ltr'>ὄναρ,</span> <span class='ocrx_word' id='word_1_200' title='bbox 1295 746 1342 772; x_wconf 72' lang='grc' dir='ltr'>καὶ</span> <span class='ocrx_word' id='word_1_201' title='bbox 1363 745 1446 777; x_wconf 78' lang='grc' dir='ltr'>σκιὰ,</span> <span class='ocrx_word' id='word_1_202' title='bbox 1479 746 1525 772; x_wconf 73' lang='grc' dir='ltr'>καὶ</span> <span class='ocrx_word' id='word_1_203' title='bbox 1549 746 1579 772; x_wconf 80' lang='grc' dir='ltr'>τὸ</span> <span class='ocrx_word' id='word_1_204' title='bbox 1601 747 1648 772; x_wconf 80' lang='grc' dir='ltr'>ἐπὶ</span> <span class='ocrx_word' id='word_1_205' title='bbox 1681 748 1732 782; x_wconf 86' lang='grc' dir='ltr'>γῆς</span> <span class='ocrx_word' id='word_1_206' title='bbox 1759 747 1819 774; x_wconf 78' lang='grc' dir='ltr'>τοῦ-</span> 
     </span>
    </p>
   </div>
   <div class='ocr_carea' id='block_1_30' title="bbox 176 791 970 836">
    <p class='ocr_par' dir='ltr' id='par_1_30' title="bbox 176 793 967 828">
     <span class='ocr_line' id='line_1_30' title="bbox 176 793 967 828; baseline 0.001 -9"><span class='ocrx_word' id='word_1_207' title='bbox 176 793 296 827; x_wconf 85' lang='lat' dir='ltr'>platioue</span> <span class='ocrx_word' id='word_1_208' title='bbox 324 802 385 828; x_wconf 69' lang='lat' dir='ltr'>qute</span> <span class='ocrx_word' id='word_1_209' title='bbox 417 794 460 821; x_wconf 87' lang='lat' dir='ltr'>hic</span> <span class='ocrx_word' id='word_1_210' title='bbox 482 800 547 821; x_wconf 88' lang='lat' dir='ltr'>sunt</span> <span class='ocrx_word' id='word_1_211' title='bbox 574 794 759 827; x_wconf 81' lang='lat' dir='ltr'>tlespieiamus</span> <span class='ocrx_word' id='word_1_212' title='bbox 776 803 783 821; x_wconf 93' lang='lat'>:</span> <span class='ocrx_word' id='word_1_213' title='bbox 800 802 862 821; x_wconf 86' lang='lat' dir='ltr'>cum</span> <span class='ocrx_word' id='word_1_214' title='bbox 894 801 967 821; x_wconf 63' lang='lat' dir='ltr'>som&lt;</span> 
     </span>
    </p>
   </div>
   <div class='ocr_carea' id='block_1_31' title="bbox 1024 791 1812 836">
    <p class='ocr_par' dir='ltr' id='par_1_31' title="bbox 1024 791 1812 827">
     <span class='ocr_line' id='line_1_31' title="bbox 1024 791 1812 827; baseline 0.004 -11"><span class='ocrx_word' id='word_1_215' title='bbox 1024 799 1051 816; x_wconf 79' lang='grc' dir='ltr'>το</span> <span class='ocrx_word' id='word_1_216' title='bbox 1083 791 1229 824; x_wconf 79' lang='grc' dir='ltr'>παίγνιον,</span> <span class='ocrx_word' id='word_1_217' title='bbox 1259 791 1297 823; x_wconf 79' lang='grc' dir='ltr'>ὣς</span> <span class='ocrx_word' id='word_1_218' title='bbox 1330 792 1381 818; x_wconf 79' lang='grc' dir='ltr'><em>πού</em></span> <span class='ocrx_word' id='word_1_219' title='bbox 1410 791 1476 826; x_wconf 76' lang='grc' dir='ltr'>φησί</span> <span class='ocrx_word' id='word_1_220' title='bbox 1509 801 1552 823; x_wconf 84' lang='grc' dir='ltr'>τις</span> <span class='ocrx_word' id='word_1_221' title='bbox 1579 792 1634 818; x_wconf 81' lang='grc' dir='ltr'>τῶν</span> <span class='ocrx_word' id='word_1_222' title='bbox 1667 793 1812 827; x_wconf 82' lang='grc' dir='ltr'>θεολόγων,</span> 
     </span>
    </p>
   </div>
   <div class='ocr_carea' id='block_1_32' title="bbox 177 839 968 875">
    <p class='ocr_par' dir='ltr' id='par_1_32' title="bbox 177 839 968 875">
     <span class='ocr_line' id='line_1_32' title="bbox 177 839 968 875; baseline 0.001 -10"><span class='ocrx_word' id='word_1_223' title='bbox 177 839 263 871; x_wconf 88' lang='lat' dir='ltr'>nium,</span> <span class='ocrx_word' id='word_1_224' title='bbox 293 844 320 866; x_wconf 89' lang='lat' dir='ltr'>et</span> <span class='ocrx_word' id='word_1_225' title='bbox 354 840 463 871; x_wconf 86' lang='lat' dir='ltr'>umbra,</span> <span class='ocrx_word' id='word_1_226' title='bbox 483 844 510 867; x_wconf 85' lang='lat' dir='ltr'>et</span> <span class='ocrx_word' id='word_1_227' title='bbox 536 841 616 867; x_wconf 92' lang='lat' dir='ltr'>ludus</span> <span class='ocrx_word' id='word_1_228' title='bbox 632 841 668 868; x_wconf 83' lang='lat' dir='ltr'>sit</span> <span class='ocrx_word' id='word_1_229' title='bbox 684 840 818 875; x_wconf 79' lang='lat' dir='ltr'>quidquid</span> <span class='ocrx_word' id='word_1_230' title='bbox 848 841 874 867; x_wconf 96' lang='lat' dir='ltr'>in</span> <span class='ocrx_word' id='word_1_231' title='bbox 896 846 968 867; x_wconf 80' lang='lat' dir='ltr'>terra</span> 
     </span>
    </p>
   </div>
   <div class='ocr_carea' id='block_1_33' title="bbox 176 885 972 921">
    <p class='ocr_par' dir='ltr' id='par_1_33' title="bbox 176 885 972 921">
     <span class='ocr_line' id='line_1_33' title="bbox 176 885 972 921; baseline 0.003 -9"><span class='ocrx_word' id='word_1_232' title='bbox 176 890 227 916; x_wconf 86' lang='lat' dir='ltr'>est.</span> <span class='ocrx_word' id='word_1_233' title='bbox 262 885 335 913; x_wconf 87' lang='lat' dir='ltr'>sicut</span> <span class='ocrx_word' id='word_1_234' title='bbox 362 885 564 920; x_wconf 79' lang='lat' dir='ltr'>Tlieologorum</span> <span class='ocrx_word' id='word_1_235' title='bbox 595 887 707 921; x_wconf 85' lang='lat' dir='ltr'>quidam</span> <span class='ocrx_word' id='word_1_236' title='bbox 736 887 775 913; x_wconf 85' lang='lat' dir='ltr'>ait</span> <span class='ocrx_word' id='word_1_237' title='bbox 797 895 803 913; x_wconf 89' lang='lat'>:</span> <span class='ocrx_word' id='word_1_238' title='bbox 825 887 899 914; x_wconf 88' lang='lat' dir='ltr'>nasci</span> <span class='ocrx_word' id='word_1_239' title='bbox 925 895 972 914; x_wconf 83' lang='lat' dir='ltr'>eos</span> 
     </span>
    </p>
   </div>
   <div class='ocr_carea' id='block_1_34' title="bbox 176 931 971 966">
    <p class='ocr_par' dir='ltr' id='par_1_34' title="bbox 176 931 971 966">
     <span class='ocr_line' id='line_1_34' title="bbox 176 931 971 966; baseline -0.001 -7"><span class='ocrx_word' id='word_1_240' title='bbox 176 933 222 966; x_wconf 91' lang='lat' dir='ltr'>qui</span> <span class='ocrx_word' id='word_1_241' title='bbox 244 940 298 959; x_wconf 86' lang='lat' dir='ltr'>non</span> <span class='ocrx_word' id='word_1_242' title='bbox 325 936 399 964; x_wconf 80' lang='lat' dir='ltr'>sunt,</span> <span class='ocrx_word' id='word_1_243' title='bbox 416 936 443 958; x_wconf 84' lang='lat' dir='ltr'>et</span> <span class='ocrx_word' id='word_1_244' title='bbox 462 937 540 959; x_wconf 86' lang='lat' dir='ltr'>natos</span> <span class='ocrx_word' id='word_1_245' title='bbox 556 932 677 959; x_wconf 87' lang='lat' dir='ltr'>interire.</span> <span class='ocrx_word' id='word_1_246' title='bbox 705 931 772 959; x_wconf 84' lang='lat' dir='ltr'>Nam</span> <span class='ocrx_word' id='word_1_247' title='bbox 793 937 819 959; x_wconf 86' lang='lat' dir='ltr'>et</span> <span class='ocrx_word' id='word_1_248' title='bbox 834 940 883 960; x_wconf 87' lang='lat' dir='ltr'>nos</span> <span class='ocrx_word' id='word_1_249' title='bbox 901 932 971 959; x_wconf 83' lang='lat' dir='ltr'>viam</span> 
     </span>
    </p>
   </div>
   <div class='ocr_carea' id='block_1_35' title="bbox 177 978 972 1013">
    <p class='ocr_par' dir='ltr' id='par_1_35' title="bbox 177 978 972 1013">
     <span class='ocr_line' id='line_1_35' title="bbox 177 978 972 1013; baseline 0.001 -8"><span class='ocrx_word' id='word_1_250' title='bbox 177 978 300 1005; x_wconf 82' lang='lat' dir='ltr'>eamdem</span> <span class='ocrx_word' id='word_1_251' title='bbox 315 978 512 1012; x_wconf 78' lang='lat' dir='ltr'>iugrediemur,</span> <span class='ocrx_word' id='word_1_252' title='bbox 527 986 610 1013; x_wconf 82' lang='lat' dir='ltr'>quam</span> <span class='ocrx_word' id='word_1_253' title='bbox 627 983 721 1013; x_wconf 86' lang='lat' dir='ltr'>patres</span> <span class='ocrx_word' id='word_1_254' title='bbox 737 979 825 1007; x_wconf 87' lang='lat' dir='ltr'>nostri</span> <span class='ocrx_word' id='word_1_255' title='bbox 840 984 904 1006; x_wconf 93' lang='lat' dir='ltr'>ante</span> <span class='ocrx_word' id='word_1_256' title='bbox 921 987 972 1006; x_wconf 88' lang='lat' dir='ltr'>nos</span> 
     </span>
    </p>
   </div>
   <div class='ocr_carea' id='block_1_36' title="bbox 177 1023 970 1058">
    <p class='ocr_par' dir='ltr' id='par_1_36' title="bbox 177 1023 970 1058">
     <span class='ocr_line' id='line_1_36' title="bbox 177 1023 970 1058; baseline -0.001 -8"><span class='ocrx_word' id='word_1_257' title='bbox 177 1027 323 1050; x_wconf 85' lang='lat' dir='ltr'>tenuerunt</span> <span class='ocrx_word' id='word_1_258' title='bbox 346 1032 352 1049; x_wconf 93' lang='lat'>:</span> <span class='ocrx_word' id='word_1_259' title='bbox 372 1024 498 1058; x_wconf 86' lang='lat' dir='ltr'>idemque</span> <span class='ocrx_word' id='word_1_260' title='bbox 512 1031 606 1050; x_wconf 85' lang='lat' dir='ltr'>omnes</span> <span class='ocrx_word' id='word_1_261' title='bbox 626 1031 658 1050; x_wconf 81' lang='lat' dir='ltr'>ex</span> <span class='ocrx_word' id='word_1_262' title='bbox 673 1030 753 1054; x_wconf 61' lang='lat' dir='ltr'>atquo</span> <span class='ocrx_word' id='word_1_263' title='bbox 770 1028 910 1057; x_wconf 84' lang='lat' dir='ltr'>exspectat</span> <span class='ocrx_word' id='word_1_264' title='bbox 927 1023 970 1050; x_wconf 92' lang='lat' dir='ltr'>di-</span> 
     </span>
    </p>
   </div>
   <div class='ocr_carea' id='block_1_37' title="bbox 176 1069 970 1101">
    <p class='ocr_par' dir='ltr' id='par_1_37' title="bbox 176 1069 970 1101">
     <span class='ocr_line' id='line_1_37' title="bbox 176 1069 970 1101; baseline 0.001 -6"><span class='ocrx_word' id='word_1_265' title='bbox 176 1070 329 1096; x_wconf 66' lang='lat' dir='ltr'>rersorium</span> <span class='ocrx_word' id='word_1_266' title='bbox 343 1077 350 1101; x_wconf 88' lang='lat'>;</span> <span class='ocrx_word' id='word_1_267' title='bbox 372 1069 466 1096; x_wconf 84' lang='lat' dir='ltr'>forsan</span> <span class='ocrx_word' id='word_1_268' title='bbox 480 1074 569 1096; x_wconf 85' lang='lat' dir='ltr'>autem</span> <span class='ocrx_word' id='word_1_269' title='bbox 586 1073 613 1096; x_wconf 89' lang='lat' dir='ltr'>et</span> <span class='ocrx_word' id='word_1_270' title='bbox 625 1069 699 1096; x_wconf 81' lang='lat' dir='ltr'>aliud</span> <span class='ocrx_word' id='word_1_271' title='bbox 714 1069 767 1096; x_wconf 85' lang='lat' dir='ltr'>alio</span> <span class='ocrx_word' id='word_1_272' title='bbox 794 1069 946 1096; x_wconf 84' lang='lat' dir='ltr'>luctuosius</span> <span class='ocrx_word' id='word_1_273' title='bbox 963 1077 970 1101; x_wconf 90' lang='lat'>;</span> 
     </span>
    </p>
   </div>
   <div class='ocr_carea' id='block_1_38' title="bbox 178 1114 972 1150">
    <p class='ocr_par' dir='ltr' id='par_1_38' title="bbox 178 1114 972 1150">
     <span class='ocr_line' id='line_1_38' title="bbox 178 1114 972 1150; baseline 0 -8"><span class='ocrx_word' id='word_1_274' title='bbox 178 1115 308 1150; x_wconf 84' lang='lat' dir='ltr'>quoniam</span> <span class='ocrx_word' id='word_1_275' title='bbox 323 1114 366 1142; x_wconf 89' lang='lat' dir='ltr'>hic</span> <span class='ocrx_word' id='word_1_276' title='bbox 387 1115 412 1141; x_wconf 93' lang='lat' dir='ltr'>in</span> <span class='ocrx_word' id='word_1_277' title='bbox 427 1121 491 1148; x_wconf 85' lang='lat' dir='ltr'>pace</span> <span class='ocrx_word' id='word_1_278' title='bbox 509 1115 633 1149; x_wconf 87' lang='lat' dir='ltr'>sepultus</span> <span class='ocrx_word' id='word_1_279' title='bbox 650 1119 692 1142; x_wconf 85' lang='lat' dir='ltr'>est</span> <span class='ocrx_word' id='word_1_280' title='bbox 707 1115 832 1147; x_wconf 79' lang='lat' dir='ltr'>fortasse,</span> <span class='ocrx_word' id='word_1_281' title='bbox 850 1115 893 1142; x_wconf 91' lang='lat' dir='ltr'>hic</span> <span class='ocrx_word' id='word_1_282' title='bbox 907 1123 972 1142; x_wconf 84' lang='lat' dir='ltr'>vero</span> 
     </span>
    </p>
   </div>
   <div class='ocr_carea' id='block_1_39' title="bbox 178 1161 972 1193">
    <p class='ocr_par' dir='ltr' id='par_1_39' title="bbox 178 1161 972 1193">
     <span class='ocr_line' id='line_1_39' title="bbox 178 1161 972 1193; baseline 0 -5"><span class='ocrx_word' id='word_1_283' title='bbox 178 1170 230 1188; x_wconf 89' lang='lat' dir='ltr'>non</span> <span class='ocrx_word' id='word_1_284' title='bbox 250 1162 324 1193; x_wconf 85' lang='lat' dir='ltr'>item.</span> <span class='ocrx_word' id='word_1_285' title='bbox 340 1165 388 1188; x_wconf 87' lang='lat' dir='ltr'>aut</span> <span class='ocrx_word' id='word_1_286' title='bbox 404 1161 477 1188; x_wconf 82' lang='lat' dir='ltr'>enim</span> <span class='ocrx_word' id='word_1_287' title='bbox 493 1161 556 1187; x_wconf 82' lang='lat' dir='ltr'>belli</span> <span class='ocrx_word' id='word_1_288' title='bbox 570 1161 718 1188; x_wconf 84' lang='lat' dir='ltr'>ludibrium</span> <span class='ocrx_word' id='word_1_289' title='bbox 735 1161 798 1193; x_wconf 81' lang='lat' dir='ltr'>fuit;</span> <span class='ocrx_word' id='word_1_290' title='bbox 813 1165 861 1188; x_wconf 85' lang='lat' dir='ltr'>aut</span> <span class='ocrx_word' id='word_1_291' title='bbox 888 1162 972 1188; x_wconf 88' lang='lat' dir='ltr'>maris</span> 
     </span>
    </p>
   </div>
   <div class='ocr_carea' id='block_1_40' title="bbox 176 1207 970 1242">
    <p class='ocr_par' dir='ltr' id='par_1_40' title="bbox 176 1207 970 1242">
     <span class='ocr_line' id='line_1_40' title="bbox 176 1207 970 1242; baseline -0.001 -7"><span class='ocrx_word' id='word_1_292' title='bbox 176 1208 303 1235; x_wconf 81' lang='lat' dir='ltr'>ﬂuctibus</span> <span class='ocrx_word' id='word_1_293' title='bbox 333 1209 478 1241; x_wconf 86' lang='lat' dir='ltr'>absorptus</span> <span class='ocrx_word' id='word_1_294' title='bbox 504 1212 556 1239; x_wconf 87' lang='lat' dir='ltr'>est,</span> <span class='ocrx_word' id='word_1_295' title='bbox 575 1212 623 1234; x_wconf 85' lang='lat' dir='ltr'>aut</span> <span class='ocrx_word' id='word_1_296' title='bbox 650 1207 705 1234; x_wconf 92' lang='lat' dir='ltr'>alio</span> <span class='ocrx_word' id='word_1_297' title='bbox 735 1208 862 1242; x_wconf 86' lang='lat' dir='ltr'>quopiam</span> <span class='ocrx_word' id='word_1_298' title='bbox 878 1207 970 1237; x_wconf 86' lang='lat' dir='ltr'>modo.</span> 
     </span>
    </p>
   </div>
   <div class='ocr_carea' id='block_1_41' title="bbox 177 1253 970 1289">
    <p class='ocr_par' dir='ltr' id='par_1_41' title="bbox 177 1253 970 1289">
     <span class='ocr_line' id='line_1_41' title="bbox 177 1253 970 1289; baseline -0.001 -8"><span class='ocrx_word' id='word_1_299' title='bbox 177 1255 274 1289; x_wconf 80' lang='lat' dir='ltr'>quales</span> <span class='ocrx_word' id='word_1_300' title='bbox 288 1254 380 1281; x_wconf 83' lang='lat' dir='ltr'>videre</span> <span class='ocrx_word' id='word_1_301' title='bbox 395 1258 437 1281; x_wconf 88' lang='lat' dir='ltr'>est</span> <span class='ocrx_word' id='word_1_302' title='bbox 464 1253 637 1281; x_wconf 86' lang='lat' dir='ltr'>diversorum</span> <span class='ocrx_word' id='word_1_303' title='bbox 653 1262 782 1289; x_wconf 78' lang='lat' dir='ltr'>generum</span> <span class='ocrx_word' id='word_1_304' title='bbox 800 1254 970 1281; x_wconf 86' lang='lat' dir='ltr'>miserandas</span> 
     </span>
    </p>
   </div>
   <div class='ocr_carea' id='block_1_42' title="bbox 178 1300 971 1334">
    <p class='ocr_par' dir='ltr' id='par_1_42' title="bbox 178 1300 971 1334">
     <span class='ocr_line' id='line_1_42' title="bbox 178 1300 971 1334; baseline 0 -7"><span class='ocrx_word' id='word_1_305' title='bbox 178 1304 283 1327; x_wconf 69' lang='lat' dir='ltr'>mor-trs</span> <span class='ocrx_word' id='word_1_306' title='bbox 309 1300 476 1334; x_wconf 80' lang='lat' dir='ltr'>repentinas.</span> <span class='ocrx_word' id='word_1_307' title='bbox 498 1300 606 1333; x_wconf 85' lang='lat' dir='ltr'>Quibus</span> <span class='ocrx_word' id='word_1_308' title='bbox 622 1301 748 1334; x_wconf 84' lang='lat' dir='ltr'>superior</span> <span class='ocrx_word' id='word_1_309' title='bbox 771 1301 877 1328; x_wconf 77' lang='lat' dir='ltr'>exstitit</span> <span class='ocrx_word' id='word_1_310' title='bbox 892 1300 971 1328; x_wconf 89' lang='lat' dir='ltr'>beata</span> 
     </span>
    </p>
   </div>
   <div class='ocr_carea' id='block_1_43' title="bbox 178 1344 969 1380">
    <p class='ocr_par' dir='ltr' id='par_1_43' title="bbox 178 1344 969 1380">
     <span class='ocr_line' id='line_1_43' title="bbox 178 1344 969 1380; baseline 0.003 -9"><span class='ocrx_word' id='word_1_311' title='bbox 178 1350 276 1377; x_wconf 82' lang='lat' dir='ltr'>mater,</span> <span class='ocrx_word' id='word_1_312' title='bbox 294 1353 354 1379; x_wconf 85' lang='lat' dir='ltr'>quae</span> <span class='ocrx_word' id='word_1_313' title='bbox 366 1344 392 1371; x_wconf 92' lang='lat' dir='ltr'>iu</span> <span class='ocrx_word' id='word_1_314' title='bbox 408 1345 563 1377; x_wconf 77' lang='lat' dir='ltr'>sanctitate,</span> <span class='ocrx_word' id='word_1_315' title='bbox 582 1349 609 1372; x_wconf 89' lang='lat' dir='ltr'>et</span> <span class='ocrx_word' id='word_1_316' title='bbox 625 1353 735 1372; x_wconf 86' lang='lat' dir='ltr'>crucem</span> <span class='ocrx_word' id='word_1_317' title='bbox 759 1350 884 1380; x_wconf 77' lang='lat' dir='ltr'>gestante</span> <span class='ocrx_word' id='word_1_318' title='bbox 902 1346 969 1378; x_wconf 81' lang='lat' dir='ltr'>vita,</span> 
     </span>
    </p>
   </div>
   <div class='ocr_carea' id='block_1_44' title="bbox 179 1391 970 1427">
    <p class='ocr_par' dir='ltr' id='par_1_44' title="bbox 179 1391 970 1427">
     <span class='ocr_line' id='line_1_44' title="bbox 179 1391 970 1427; baseline 0.001 -10"><span class='ocrx_word' id='word_1_319' title='bbox 179 1392 242 1418; x_wconf 84' lang='lat' dir='ltr'>hinc</span> <span class='ocrx_word' id='word_1_320' title='bbox 258 1391 393 1426; x_wconf 75' lang='lat' dir='ltr'>migravit.</span> <span class='ocrx_word' id='word_1_321' title='bbox 408 1391 554 1426; x_wconf 80' lang='lat' dir='ltr'>Reliquum</span> <span class='ocrx_word' id='word_1_322' title='bbox 578 1399 644 1427; x_wconf 76' lang='lat' dir='ltr'>ergo</span> <span class='ocrx_word' id='word_1_323' title='bbox 664 1395 706 1419; x_wconf 86' lang='lat' dir='ltr'>est</span> <span class='ocrx_word' id='word_1_324' title='bbox 731 1396 762 1419; x_wconf 93' lang='lat' dir='ltr'>ut</span> <span class='ocrx_word' id='word_1_325' title='bbox 785 1392 812 1418; x_wconf 90' lang='lat' dir='ltr'>in</span> <span class='ocrx_word' id='word_1_326' title='bbox 831 1392 873 1419; x_wconf 81' lang='lat' dir='ltr'>liis</span> <span class='ocrx_word' id='word_1_327' title='bbox 899 1392 970 1419; x_wconf 81' lang='lat' dir='ltr'>cele-</span> 
     </span>
    </p>
   </div>
   <div class='ocr_carea' id='block_1_45' title="bbox 180 1436 970 1472">
    <p class='ocr_par' dir='ltr' id='par_1_45' title="bbox 180 1436 970 1472">
     <span class='ocr_line' id='line_1_45' title="bbox 180 1436 970 1472; baseline 0.001 -9"><span class='ocrx_word' id='word_1_328' title='bbox 180 1437 255 1463; x_wconf 84' lang='lat' dir='ltr'>brem</span> <span class='ocrx_word' id='word_1_329' title='bbox 271 1437 344 1463; x_wconf 73' lang='lat' dir='ltr'>illam</span> <span class='ocrx_word' id='word_1_330' title='bbox 361 1437 431 1464; x_wconf 85' lang='lat' dir='ltr'>beati</span> <span class='ocrx_word' id='word_1_331' title='bbox 445 1436 496 1464; x_wconf 91' lang='lat' dir='ltr'>Job</span> <span class='ocrx_word' id='word_1_332' title='bbox 510 1445 604 1464; x_wconf 84' lang='lat' dir='ltr'>vocem</span> <span class='ocrx_word' id='word_1_333' title='bbox 630 1445 796 1472; x_wconf 82' lang='lat' dir='ltr'>usurpcnius</span> <span class='ocrx_word' id='word_1_334' title='bbox 815 1447 822 1464; x_wconf 90' lang='lat'><strong>:</strong></span> <span class='ocrx_word' id='word_1_335' title='bbox 843 1437 970 1465; x_wconf 76' lang='lat' dir='ltr'>Dominus</span> 
     </span>
    </p>
   </div>
   <div class='ocr_carea' id='block_1_46' title="bbox 1024 837 1818 873">
    <p class='ocr_par' dir='ltr' id='par_1_46' title="bbox 1024 837 1818 873">
     <span class='ocr_line' id='line_1_46' title="bbox 1024 837 1818 873; baseline 0.004 -11"><span class='ocrx_word' id='word_1_336' title='bbox 1024 837 1074 862; x_wconf 83' lang='grc' dir='ltr'>οὐκ</span> <span class='ocrx_word' id='word_1_337' title='bbox 1094 837 1174 868; x_wconf 75' lang='grc' dir='ltr'>ὁντας</span> <span class='ocrx_word' id='word_1_338' title='bbox 1195 837 1346 871; x_wconf 80' lang='grc' dir='ltr'>γενέσθαι,</span> <span class='ocrx_word' id='word_1_339' title='bbox 1380 839 1427 864; x_wconf 81' lang='grc' dir='ltr'>καί</span> <span class='ocrx_word' id='word_1_340' title='bbox 1452 838 1616 872; x_wconf 82' lang='grc' dir='ltr'>γενομένους</span> <span class='ocrx_word' id='word_1_341' title='bbox 1642 839 1818 873; x_wconf 79' lang='grc' dir='ltr'>ἀναλυθῆναι.</span> 
     </span>
    </p>
   </div>
   <div class='ocr_carea' id='block_1_47' title="bbox 1026 883 1818 920">
    <p class='ocr_par' dir='ltr' id='par_1_47' title="bbox 1026 883 1818 920">
     <span class='ocr_line' id='line_1_47' title="bbox 1026 883 1818 920; baseline 0.004 -11"><span class='ocrx_word' id='word_1_342' title='bbox 1026 883 1081 909; x_wconf 74' lang='grc' dir='ltr'>Καὶ</span> <span class='ocrx_word' id='word_1_343' title='bbox 1107 884 1162 918; x_wconf 73' lang='grc' dir='ltr'>γὰρ</span> <span class='ocrx_word' id='word_1_344' title='bbox 1190 883 1240 919; x_wconf 80' lang='grc' dir='ltr'>τὴν</span> <span class='ocrx_word' id='word_1_345' title='bbox 1266 884 1352 919; x_wconf 69' lang='grc' dir='ltr'>αὐτὴν</span> <span class='ocrx_word' id='word_1_346' title='bbox 1369 884 1428 910; x_wconf 75' lang='grc' dir='ltr'>ὁδὸν</span> <span class='ocrx_word' id='word_1_347' title='bbox 1453 885 1500 911; x_wconf 79' lang='grc' dir='ltr'>καὶ</span> <span class='ocrx_word' id='word_1_348' title='bbox 1515 886 1596 919; x_wconf 79' lang='grc' dir='ltr'>ἡμεῖς</span> <span class='ocrx_word' id='word_1_349' title='bbox 1621 886 1818 920; x_wconf 71' lang='grc' dir='ltr'>πορευσόμεθα,</span> 
     </span>
    </p>
   </div>
   <div class='ocr_carea' id='block_1_48' title="bbox 1024 929 1817 966">
    <p class='ocr_par' dir='ltr' id='par_1_48' title="bbox 1024 929 1817 966">
     <span class='ocr_line' id='line_1_48' title="bbox 1024 929 1817 966; baseline 0.003 -11"><span class='ocrx_word' id='word_1_350' title='bbox 1024 929 1114 964; x_wconf 77' lang='grc' dir='ltr'>ἥνπερ</span> <span class='ocrx_word' id='word_1_351' title='bbox 1127 930 1150 956; x_wconf 85' lang='grc' dir='ltr'>οἱ</span> <span class='ocrx_word' id='word_1_352' title='bbox 1170 930 1292 965; x_wconf 78' lang='grc' dir='ltr'>Ιιατέρες</span> <span class='ocrx_word' id='word_1_353' title='bbox 1308 930 1388 965; x_wconf 84' lang='grc' dir='ltr'>ἡμῶν</span> <span class='ocrx_word' id='word_1_354' title='bbox 1406 930 1614 966; x_wconf 77' lang='grc' dir='ltr'>προωδεύκασι’</span> <span class='ocrx_word' id='word_1_355' title='bbox 1632 933 1680 957; x_wconf 75' lang='grc' dir='ltr'>καὶ</span> <span class='ocrx_word' id='word_1_356' title='bbox 1706 931 1735 957; x_wconf 77' lang='grc' dir='ltr'>τὸ</span> <span class='ocrx_word' id='word_1_357' title='bbox 1752 932 1817 958; x_wconf 69' lang='grc' dir='ltr'>αὐτὸ</span> 
     </span>
    </p>
   </div>
   <div class='ocr_carea' id='block_1_49' title="bbox 1024 975 1817 1012">
    <p class='ocr_par' dir='ltr' id='par_1_49' title="bbox 1024 975 1817 1012">
     <span class='ocr_line' id='line_1_49' title="bbox 1024 975 1817 1012; baseline 0.003 -11"><span class='ocrx_word' id='word_1_358' title='bbox 1024 976 1111 1002; x_wconf 80' lang='grc' dir='ltr'>πᾶσιν</span> <span class='ocrx_word' id='word_1_359' title='bbox 1127 975 1157 1007; x_wconf 84' lang='grc' dir='ltr'>ὲξ</span> <span class='ocrx_word' id='word_1_360' title='bbox 1175 975 1233 1001; x_wconf 77' lang='grc' dir='ltr'>ἴσου</span> <span class='ocrx_word' id='word_1_361' title='bbox 1249 976 1380 1010; x_wconf 82' lang='grc' dir='ltr'>ἀναμένει</span> <span class='ocrx_word' id='word_1_362' title='bbox 1395 976 1556 1012; x_wconf 73' lang='grc' dir='ltr'>κατάλυμα·</span> <span class='ocrx_word' id='word_1_363' title='bbox 1572 978 1642 1012; x_wconf 83' lang='grc' dir='ltr'>τάχα</span> <span class='ocrx_word' id='word_1_364' title='bbox 1657 977 1685 1004; x_wconf 85' lang='grc' dir='ltr'>δὲ</span> <span class='ocrx_word' id='word_1_365' title='bbox 1702 979 1748 1004; x_wconf 71' lang='grc' dir='ltr'>καὶ</span> <span class='ocrx_word' id='word_1_366' title='bbox 1770 979 1817 1006; x_wconf 80' lang='grc' dir='ltr'>ἄλ-</span> 
     </span>
    </p>
   </div>
   <div class='ocr_carea' id='block_1_50' title="bbox 1024 1022 1817 1060">
    <p class='ocr_par' dir='ltr' id='par_1_50' title="bbox 1024 1022 1817 1060">
     <span class='ocr_line' id='line_1_50' title="bbox 1024 1022 1817 1060; baseline 0.003 -12"><span class='ocrx_word' id='word_1_367' title='bbox 1024 1022 1071 1049; x_wconf 81' lang='grc' dir='ltr'>λου</span> <span class='ocrx_word' id='word_1_368' title='bbox 1109 1022 1173 1049; x_wconf 84' lang='grc' dir='ltr'>ἄλλο</span> <span class='ocrx_word' id='word_1_369' title='bbox 1187 1022 1431 1058; x_wconf 80' lang='grc' dir='ltr'>τραγῳδικώτερον</span> <span class='ocrx_word' id='word_1_370' title='bbox 1443 1032 1450 1038; x_wconf 90' lang='grc'><strong>·</strong></span> <span class='ocrx_word' id='word_1_371' title='bbox 1470 1024 1509 1050; x_wconf 75' lang='grc' dir='ltr'>ὅτι</span> <span class='ocrx_word' id='word_1_372' title='bbox 1521 1023 1566 1050; x_wconf 84' lang='grc' dir='ltr'>τοῦ</span> <span class='ocrx_word' id='word_1_373' title='bbox 1583 1024 1632 1058; x_wconf 83' lang='grc' dir='ltr'>μὲν</span> <span class='ocrx_word' id='word_1_374' title='bbox 1648 1025 1676 1050; x_wconf 82' lang='grc' dir='ltr'>ὲν</span> <span class='ocrx_word' id='word_1_375' title='bbox 1690 1025 1786 1060; x_wconf 81' lang='grc' dir='ltr'>εἰρήνῃ</span> <span class='ocrx_word' id='word_1_376' title='bbox 1801 1027 1817 1060; x_wconf 88' lang='grc' dir='ltr'>ἡ</span> 
     </span>
    </p>
   </div>
   <div class='ocr_carea' id='block_1_51' title="bbox 1023 1069 1818 1106">
    <p class='ocr_par' dir='ltr' id='par_1_51' title="bbox 1023 1069 1818 1106">
     <span class='ocr_line' id='line_1_51' title="bbox 1023 1069 1818 1106; baseline 0.004 -12"><span class='ocrx_word' id='word_1_377' title='bbox 1023 1069 1095 1103; x_wconf 57' lang='grc' dir='ltr'>ταφὴ</span> <span class='ocrx_word' id='word_1_378' title='bbox 1113 1069 1203 1103; x_wconf 60' lang='grc' dir='ltr'>τυχὸν,</span> <span class='ocrx_word' id='word_1_379' title='bbox 1223 1069 1270 1095; x_wconf 79' lang='grc' dir='ltr'>τοῦ</span> <span class='ocrx_word' id='word_1_380' title='bbox 1286 1069 1314 1095; x_wconf 80' lang='grc' dir='ltr'>δὲ</span> <span class='ocrx_word' id='word_1_381' title='bbox 1330 1069 1379 1104; x_wconf 81' lang='grc' dir='ltr'>οὐχ</span> <span class='ocrx_word' id='word_1_382' title='bbox 1391 1069 1487 1100; x_wconf 72' lang='grc' dir='ltr'>οὕτως.</span> <span class='ocrx_word' id='word_1_383' title='bbox 1506 1070 1540 1096; x_wconf 83' lang='grc' dir='ltr'><em>Ἣ</em></span> <span class='ocrx_word' id='word_1_384' title='bbox 1556 1070 1611 1104; x_wconf 77' lang='grc' dir='ltr'>γὰρ</span> <span class='ocrx_word' id='word_1_385' title='bbox 1628 1070 1748 1106; x_wconf 80' lang='grc' dir='ltr'>πολέμου</span> <span class='ocrx_word' id='word_1_386' title='bbox 1767 1080 1818 1097; x_wconf 74' lang='grc' dir='ltr'>πα-</span> 
     </span>
    </p>
   </div>
   <div class='ocr_carea' id='block_1_52' title="bbox 1024 1115 1818 1155">
    <p class='ocr_par' dir='ltr' id='par_1_52' title="bbox 1024 1115 1818 1155">
     <span class='ocr_line' id='line_1_52' title="bbox 1024 1115 1818 1155; baseline 0.005 -13"><span class='ocrx_word' id='word_1_387' title='bbox 1024 1115 1174 1151; x_wconf 73' lang='grc' dir='ltr'>ρανάλωμα</span> <span class='ocrx_word' id='word_1_388' title='bbox 1189 1116 1300 1150; x_wconf 77' lang='grc' dir='ltr'>γέγονεν</span> <span class='ocrx_word' id='word_1_389' title='bbox 1315 1124 1323 1132; x_wconf 86' lang='grc'><strong>·</strong></span> <span class='ocrx_word' id='word_1_390' title='bbox 1355 1117 1371 1151; x_wconf 86' lang='grc' dir='ltr'>ἢ</span> <span class='ocrx_word' id='word_1_391' title='bbox 1401 1117 1539 1152; x_wconf 81' lang='grc' dir='ltr'>θαλάσσης</span> <span class='ocrx_word' id='word_1_392' title='bbox 1568 1119 1775 1154; x_wconf 64' lang='grc' dir='ltr'>ὐπορρὁφημα·</span> <span class='ocrx_word' id='word_1_393' title='bbox 1800 1120 1818 1155; x_wconf 71' lang='grc' dir='ltr'>ἦ</span> 
     </span>
    </p>
   </div>
   <div class='ocr_carea' id='block_1_53' title="bbox 1025 1162 1820 1197">
    <p class='ocr_par' dir='ltr' id='par_1_53' title="bbox 1025 1162 1820 1197">
     <span class='ocr_line' id='line_1_53' title="bbox 1025 1162 1820 1197; baseline 0.004 -9"><span class='ocrx_word' id='word_1_394' title='bbox 1025 1171 1084 1194; x_wconf 81' lang='grc' dir='ltr'>πως</span> <span class='ocrx_word' id='word_1_395' title='bbox 1107 1162 1206 1195; x_wconf 81' lang='grc' dir='ltr'>ἄλλως,</span> <span class='ocrx_word' id='word_1_396' title='bbox 1230 1163 1267 1193; x_wconf 81' lang='grc' dir='ltr'>ὡς</span> <span class='ocrx_word' id='word_1_397' title='bbox 1293 1163 1389 1197; x_wconf 80' lang='grc' dir='ltr'>ὁρᾶται</span> <span class='ocrx_word' id='word_1_398' title='bbox 1404 1163 1438 1190; x_wconf 77' lang='grc' dir='ltr'>τὰ</span> <span class='ocrx_word' id='word_1_399' title='bbox 1463 1164 1552 1196; x_wconf 72' lang='grc' dir='ltr'>ἄλλοις</span> <span class='ocrx_word' id='word_1_400' title='bbox 1578 1165 1689 1196; x_wconf 78' lang='grc' dir='ltr'>τρόποις</span> <span class='ocrx_word' id='word_1_401' title='bbox 1715 1165 1820 1191; x_wconf 70' lang='grc' dir='ltr'>ἐλεεινὰ</span> 
     </span>
    </p>
   </div>
   <div class='ocr_carea' id='block_1_54' title="bbox 1022 1205 1817 1245">
    <p class='ocr_par' dir='ltr' id='par_1_54' title="bbox 1022 1205 1817 1245">
     <span class='ocr_line' id='line_1_54' title="bbox 1022 1205 1817 1245; baseline 0.004 -11"><span class='ocrx_word' id='word_1_402' title='bbox 1022 1208 1076 1234; x_wconf 82' lang='grc' dir='ltr'>τῶν</span> <span class='ocrx_word' id='word_1_403' title='bbox 1092 1208 1225 1242; x_wconf 73' lang='grc' dir='ltr'>ἐξαπίνης</span> <span class='ocrx_word' id='word_1_404' title='bbox 1242 1209 1367 1235; x_wconf 79' lang='grc' dir='ltr'>θανάτων</span> <span class='ocrx_word' id='word_1_405' title='bbox 1387 1216 1392 1221; x_wconf 88' lang='grc'><strong><em>“</em></strong></span> <span class='ocrx_word' id='word_1_406' title='bbox 1408 1205 1474 1244; x_wconf 83' lang='grc' dir='ltr'>ὧνὴ</span> <span class='ocrx_word' id='word_1_407' title='bbox 1496 1210 1618 1244; x_wconf 84' lang='grc' dir='ltr'>μακαρία</span> <span class='ocrx_word' id='word_1_408' title='bbox 1637 1211 1727 1245; x_wconf 81' lang='grc' dir='ltr'>μήτηρ</span> <span class='ocrx_word' id='word_1_409' title='bbox 1745 1212 1817 1237; x_wconf 81' lang='grc' dir='ltr'>ἀνω-</span> 
     </span>
    </p>
   </div>
   <div class='ocr_carea' id='block_1_55' title="bbox 1022 1254 1816 1291">
    <p class='ocr_par' dir='ltr' id='par_1_55' title="bbox 1022 1254 1816 1291">
     <span class='ocr_line' id='line_1_55' title="bbox 1022 1254 1816 1291; baseline 0.001 -11"><span class='ocrx_word' id='word_1_410' title='bbox 1022 1254 1099 1289; x_wconf 76' lang='grc' dir='ltr'>τέρα,</span> <span class='ocrx_word' id='word_1_411' title='bbox 1120 1255 1148 1281; x_wconf 78' lang='grc' dir='ltr'>ἐν</span> <span class='ocrx_word' id='word_1_412' title='bbox 1164 1254 1284 1290; x_wconf 73' lang='grc' dir='ltr'>ὁσιότητι</span> <span class='ocrx_word' id='word_1_413' title='bbox 1298 1255 1346 1281; x_wconf 76' lang='grc' dir='ltr'>καὶ</span> <span class='ocrx_word' id='word_1_414' title='bbox 1359 1255 1538 1290; x_wconf 79' lang='grc' dir='ltr'>σταυροφόρῳ</span> <span class='ocrx_word' id='word_1_415' title='bbox 1555 1255 1605 1290; x_wconf 84' lang='grc' dir='ltr'>βίῳ</span> <span class='ocrx_word' id='word_1_416' title='bbox 1620 1257 1750 1291; x_wconf 82' lang='grc' dir='ltr'>ἀπάρασα</span> <span class='ocrx_word' id='word_1_417' title='bbox 1761 1257 1816 1282; x_wconf 82' lang='grc' dir='ltr'>τῶν</span> 
     </span>
    </p>
   </div>
   <div class='ocr_carea' id='block_1_56' title="bbox 1022 1298 1815 1338">
    <p class='ocr_par' dir='ltr' id='par_1_56' title="bbox 1022 1298 1815 1338">
     <span class='ocr_line' id='line_1_56' title="bbox 1022 1298 1815 1338; baseline 0.005 -13"><span class='ocrx_word' id='word_1_418' title='bbox 1022 1298 1138 1326; x_wconf 81' lang='grc' dir='ltr'>ἐνθένδε.</span> <span class='ocrx_word' id='word_1_419' title='bbox 1154 1299 1323 1335; x_wconf 85' lang='grc' dir='ltr'>Λειπόμενον</span> <span class='ocrx_word' id='word_1_420' title='bbox 1337 1298 1384 1326; x_wconf 74' lang='grc' dir='ltr'>οὖν</span> <span class='ocrx_word' id='word_1_421' title='bbox 1401 1300 1474 1326; x_wconf 78' lang='grc' dir='ltr'>ἔστιν</span> <span class='ocrx_word' id='word_1_422' title='bbox 1489 1302 1517 1326; x_wconf 80' lang='grc' dir='ltr'>ὲν</span> <span class='ocrx_word' id='word_1_423' title='bbox 1525 1301 1629 1332; x_wconf 84' lang='grc' dir='ltr'>τούτοις</span> <span class='ocrx_word' id='word_1_424' title='bbox 1638 1303 1725 1328; x_wconf 76' lang='grc' dir='ltr'>εἰπεῖν</span> <span class='ocrx_word' id='word_1_425' title='bbox 1740 1303 1815 1338; x_wconf 78' lang='grc' dir='ltr'>ἡμᾶς</span> 
     </span>
    </p>
   </div>
   <div class='ocr_carea' id='block_1_57' title="bbox 1022 1343 1815 1382">
    <p class='ocr_par' dir='ltr' id='par_1_57' title="bbox 1022 1343 1815 1382">
     <span class='ocr_line' id='line_1_57' title="bbox 1022 1343 1815 1382; baseline 0.005 -12"><span class='ocrx_word' id='word_1_426' title='bbox 1022 1343 1071 1380; x_wconf 78' lang='grc' dir='ltr'>τὴν</span> <span class='ocrx_word' id='word_1_427' title='bbox 1085 1344 1206 1379; x_wconf 84' lang='grc' dir='ltr'>ἀοίδιμον</span> <span class='ocrx_word' id='word_1_428' title='bbox 1225 1344 1333 1379; x_wconf 72' lang='grc' dir='ltr'>ἐκείνην</span> <span class='ocrx_word' id='word_1_429' title='bbox 1366 1344 1413 1371; x_wconf 83' lang='grc' dir='ltr'>τοῦ</span> <span class='ocrx_word' id='word_1_430' title='bbox 1446 1345 1582 1380; x_wconf 82' lang='grc' dir='ltr'>μακαρίου</span> <span class='ocrx_word' id='word_1_431' title='bbox 1618 1346 1678 1372; x_wconf 82' lang='grc' dir='ltr'>’1ὼὸ</span> <span class='ocrx_word' id='word_1_432' title='bbox 1704 1348 1815 1382; x_wconf 82' lang='grc' dir='ltr'>φωνήν·</span> 
     </span>
    </p>
   </div>
   <div class='ocr_carea' id='block_1_58' title="bbox 1029 1389 1818 1426">
    <p class='ocr_par' dir='ltr' id='par_1_58' title="bbox 1029 1389 1818 1426">
     <span class='ocr_line' id='line_1_58' title="bbox 1029 1389 1818 1426; baseline 0.001 -10"><span class='ocrx_word' id='word_1_433' title='bbox 1029 1389 1056 1415; x_wconf 88' lang='grc' dir='ltr'><strong><em>Ὀ</em></strong></span> <span class='ocrx_word' id='word_1_434' title='bbox 1071 1390 1179 1423; x_wconf 80' lang='grc' dir='ltr'>Κύριος</span> <span class='ocrx_word' id='word_1_435' title='bbox 1200 1389 1324 1420; x_wconf 76' lang='grc' dir='ltr'>ἔδωκεν,</span> <span class='ocrx_word' id='word_1_436' title='bbox 1341 1391 1357 1416; x_wconf 87' lang='grc' dir='ltr'>ό</span> <span class='ocrx_word' id='word_1_437' title='bbox 1386 1390 1494 1423; x_wconf 79' lang='grc' dir='ltr'>Κύριος</span> <span class='ocrx_word' id='word_1_438' title='bbox 1526 1391 1687 1425; x_wconf 57' lang='grc' dir='ltr'>ἀφείλετο·</span> <span class='ocrx_word' id='word_1_439' title='bbox 1712 1392 1754 1426; x_wconf 83' lang='grc' dir='ltr'>ὡς</span> <span class='ocrx_word' id='word_1_440' title='bbox 1778 1392 1818 1425; x_wconf 70' lang='grc' dir='ltr'>τῷ</span> 
     </span>
    </p>
   </div>
   <div class='ocr_carea' id='block_1_59' title="bbox 1023 1435 1818 1472">
    <p class='ocr_par' dir='ltr' id='par_1_59' title="bbox 1023 1435 1818 1472">
     <span class='ocr_line' id='line_1_59' title="bbox 1023 1435 1818 1472; baseline 0.001 -10"><span class='ocrx_word' id='word_1_441' title='bbox 1023 1436 1120 1469; x_wconf 76' lang='grc' dir='ltr'>ΚυρΙῳ</span> <span class='ocrx_word' id='word_1_442' title='bbox 1148 1435 1271 1468; x_wconf 73' lang='grc' dir='ltr'>ἔδωκεν,</span> <span class='ocrx_word' id='word_1_443' title='bbox 1284 1436 1379 1468; x_wconf 82' lang='grc' dir='ltr'>οὕτως</span> <span class='ocrx_word' id='word_1_444' title='bbox 1395 1436 1443 1462; x_wconf 78' lang='grc' dir='ltr'>καὶ</span> <span class='ocrx_word' id='word_1_445' title='bbox 1464 1436 1593 1470; x_wconf 76' lang='grc' dir='ltr'>ἐγένετο.</span> <span class='ocrx_word' id='word_1_446' title='bbox 1617 1437 1769 1472; x_wconf 80' lang='grc' dir='ltr'>Προσθείην</span> <span class='ocrx_word' id='word_1_447' title='bbox 1795 1438 1818 1463; x_wconf 77' lang='grc' dir='ltr'>δ’</span> 
     </span>
    </p>
   </div>
   <div class='ocr_carea' id='block_1_60' title="bbox 177 1477 970 1518">
    <p class='ocr_par' dir='ltr' id='par_1_60' title="bbox 177 1483 970 1518">
     <span class='ocr_line' id='line_1_60' title="bbox 177 1483 970 1518; baseline 0.003 -9"><span class='ocrx_word' id='word_1_448' title='bbox 177 1484 261 1514; x_wconf 67' lang='lat' dir='ltr'>dedit,</span> <span class='ocrx_word' id='word_1_449' title='bbox 289 1483 417 1510; x_wconf 76' lang='lat' dir='ltr'>Dominus</span> <span class='ocrx_word' id='word_1_450' title='bbox 434 1483 543 1510; x_wconf 78' lang='lat' dir='ltr'>abstulit</span> <span class='ocrx_word' id='word_1_451' title='bbox 558 1491 568 1509; x_wconf 80' lang='lat'>.&#39;</span> <span class='ocrx_word' id='word_1_452' title='bbox 586 1483 656 1510; x_wconf 69' lang='lat' dir='ltr'>sicut</span> <span class='ocrx_word' id='word_1_453' title='bbox 682 1483 794 1511; x_wconf 87' lang='lat' dir='ltr'>Domino</span> <span class='ocrx_word' id='word_1_454' title='bbox 808 1485 920 1518; x_wconf 79' lang='lat' dir='ltr'>placuit,</span> <span class='ocrx_word' id='word_1_455' title='bbox 932 1487 970 1512; x_wconf 84' lang='lat' dir='ltr'>ita</span> 
     </span>
    </p>
   </div>
   <div class='ocr_carea' id='block_1_61' title="bbox 1024 1477 1818 1518">
    <p class='ocr_par' dir='ltr' id='par_1_61' title="bbox 1024 1477 1818 1515">
     <span class='ocr_line' id='line_1_61' title="bbox 1024 1477 1818 1515; baseline 0.006 -12"><span class='ocrx_word' id='word_1_456' title='bbox 1024 1477 1057 1503; x_wconf 86' lang='grc' dir='ltr'>ἂν</span> <span class='ocrx_word' id='word_1_457' title='bbox 1070 1477 1222 1504; x_wconf 79' lang='grc' dir='ltr'>λυσιτελεῖν</span> <span class='ocrx_word' id='word_1_458' title='bbox 1238 1479 1312 1513; x_wconf 79' lang='grc' dir='ltr'>ἡμᾶς</span> <span class='ocrx_word' id='word_1_459' title='bbox 1332 1479 1381 1513; x_wconf 81' lang='grc' dir='ltr'>τὴν</span> <span class='ocrx_word' id='word_1_460' title='bbox 1401 1480 1493 1514; x_wconf 79' lang='grc' dir='ltr'>φωνὴν</span> <span class='ocrx_word' id='word_1_461' title='bbox 1514 1480 1627 1515; x_wconf 83' lang='grc' dir='ltr'>ταύτην,</span> <span class='ocrx_word' id='word_1_462' title='bbox 1649 1482 1696 1508; x_wconf 73' lang='grc' dir='ltr'>καὶ</span> <span class='ocrx_word' id='word_1_463' title='bbox 1724 1483 1752 1508; x_wconf 81' lang='grc' dir='ltr'>ὲν</span> <span class='ocrx_word' id='word_1_464' title='bbox 1777 1479 1818 1513; x_wconf 65' lang='grc' dir='ltr'>οἷς</span> 
     </span>
    </p>
   </div>
   <div class='ocr_carea' id='block_1_62' title="bbox 178 1530 973 1564">
    <p class='ocr_par' dir='ltr' id='par_1_62' title="bbox 178 1530 973 1564">
     <span class='ocr_line' id='line_1_62' title="bbox 178 1530 973 1564; baseline 0.003 -7"><span class='ocrx_word' id='word_1_465' title='bbox 178 1532 277 1564; x_wconf 67' lang='lat' dir='ltr'>[actum</span> <span class='ocrx_word' id='word_1_466' title='bbox 293 1535 330 1556; x_wconf 78' lang='grc' dir='ltr'>εει</span> <span class='ocrx_word' id='word_1_467' title='bbox 348 1530 380 1558; x_wconf 70' lang='grc'>⁸³.</span> <span class='ocrx_word' id='word_1_468' title='bbox 399 1530 513 1560; x_wconf 84' lang='lat' dir='ltr'>Addam,</span> <span class='ocrx_word' id='word_1_469' title='bbox 533 1531 625 1558; x_wconf 82' lang='lat' dir='ltr'>utilem</span> <span class='ocrx_word' id='word_1_470' title='bbox 646 1531 724 1558; x_wconf 89' lang='lat' dir='ltr'>nobis</span> <span class='ocrx_word' id='word_1_471' title='bbox 741 1531 798 1559; x_wconf 84' lang='lat' dir='ltr'>fore</span> <span class='ocrx_word' id='word_1_472' title='bbox 829 1532 898 1559; x_wconf 85' lang='lat' dir='ltr'>hanc</span> <span class='ocrx_word' id='word_1_473' title='bbox 926 1540 973 1559; x_wconf 81' lang='lat' dir='ltr'>vo-</span> 
     </span>
    </p>
   </div>
   <div class='ocr_carea' id='block_1_63' title="bbox 178 1577 973 1611">
    <p class='ocr_par' dir='ltr' id='par_1_63' title="bbox 178 1577 973 1611">
     <span class='ocr_line' id='line_1_63' title="bbox 178 1577 973 1611; baseline 0.004 -9"><span class='ocrx_word' id='word_1_474' title='bbox 178 1584 237 1603; x_wconf 70' lang='lat' dir='ltr'>rem</span> <span class='ocrx_word' id='word_1_475' title='bbox 259 1577 284 1603; x_wconf 89' lang='lat' dir='ltr'>in</span> <span class='ocrx_word' id='word_1_476' title='bbox 304 1577 404 1611; x_wconf 87' lang='lat' dir='ltr'>quibus</span> <span class='ocrx_word' id='word_1_477' title='bbox 421 1577 613 1604; x_wconf 85' lang='lat' dir='ltr'>conﬂictamur</span> <span class='ocrx_word' id='word_1_478' title='bbox 651 1585 741 1604; x_wconf 82' lang='lat' dir='ltr'>rerum</span> <span class='ocrx_word' id='word_1_479' title='bbox 767 1578 973 1605; x_wconf 75' lang='lat' dir='ltr'>difficultatibus</span> 
     </span>
    </p>
   </div>
   <div class='ocr_carea' id='block_1_64' title="bbox 178 1623 972 1658">
    <p class='ocr_par' dir='ltr' id='par_1_64' title="bbox 178 1623 972 1658">
     <span class='ocr_line' id='line_1_64' title="bbox 178 1623 972 1658; baseline 0.004 -9"><span class='ocrx_word' id='word_1_480' title='bbox 178 1628 204 1649; x_wconf 72' lang='lat' dir='ltr'>et</span> <span class='ocrx_word' id='word_1_481' title='bbox 233 1623 365 1657; x_wconf 79' lang='lat' dir='ltr'>angustiis</span> <span class='ocrx_word' id='word_1_482' title='bbox 396 1623 616 1658; x_wconf 75' lang='lat' dir='ltr'>quandoquidem</span> <span class='ocrx_word' id='word_1_483' title='bbox 636 1624 784 1658; x_wconf 78' lang='lat' dir='ltr'>przeclarus</span> <span class='ocrx_word' id='word_1_484' title='bbox 802 1625 847 1651; x_wconf 91' lang='lat' dir='ltr'>ille</span> <span class='ocrx_word' id='word_1_485' title='bbox 866 1625 917 1657; x_wconf 91' lang='lat' dir='ltr'>vir,</span> <span class='ocrx_word' id='word_1_486' title='bbox 942 1630 972 1652; x_wconf 90' lang='lat' dir='ltr'>ut</span> 
     </span>
    </p>
   </div>
   <div class='ocr_carea' id='block_1_65' title="bbox 179 1670 973 1706">
    <p class='ocr_par' dir='ltr' id='par_1_65' title="bbox 179 1670 973 1706">
     <span class='ocr_line' id='line_1_65' title="bbox 179 1670 973 1706; baseline 0.004 -11"><span class='ocrx_word' id='word_1_487' title='bbox 179 1670 262 1700; x_wconf 78' lang='lat' dir='ltr'>nosti,</span> <span class='ocrx_word' id='word_1_488' title='bbox 279 1671 348 1696; x_wconf 83' lang='lat' dir='ltr'>inter</span> <span class='ocrx_word' id='word_1_489' title='bbox 375 1670 533 1698; x_wconf 84' lang='lat' dir='ltr'>innumeras</span> <span class='ocrx_word' id='word_1_490' title='bbox 555 1679 703 1703; x_wconf 74' lang='lat' dir='ltr'>zerumnas,</span> <span class='ocrx_word' id='word_1_491' title='bbox 719 1672 867 1706; x_wconf 83' lang='lat' dir='ltr'>gratiarum</span> <span class='ocrx_word' id='word_1_492' title='bbox 886 1672 973 1698; x_wconf 88' lang='lat' dir='ltr'>actio-</span> 
     </span>
    </p>
   </div>
   <div class='ocr_carea' id='block_1_66' title="bbox 180 1715 970 1750">
    <p class='ocr_par' dir='ltr' id='par_1_66' title="bbox 180 1715 970 1750">
     <span class='ocr_line' id='line_1_66' title="bbox 180 1715 970 1750; baseline 0.004 -10"><span class='ocrx_word' id='word_1_493' title='bbox 180 1724 227 1742; x_wconf 78' lang='lat' dir='ltr'>nes</span> <span class='ocrx_word' id='word_1_494' title='bbox 244 1715 298 1741; x_wconf 63' lang='lat' dir='ltr'>Deo</span> <span class='ocrx_word' id='word_1_495' title='bbox 319 1715 446 1742; x_wconf 74' lang='lat' dir='ltr'>reddebat</span> <span class='ocrx_word' id='word_1_496' title='bbox 464 1725 470 1742; x_wconf 92' lang='lat'>:</span> <span class='ocrx_word' id='word_1_497' title='bbox 493 1725 526 1742; x_wconf 87' lang='lat' dir='ltr'>ne</span> <span class='ocrx_word' id='word_1_498' title='bbox 544 1716 625 1750; x_wconf 65' lang='lat' dir='ltr'>igitur</span> <span class='ocrx_word' id='word_1_499' title='bbox 641 1716 763 1742; x_wconf 83' lang='lat' dir='ltr'>animum</span> <span class='ocrx_word' id='word_1_500' title='bbox 788 1717 970 1747; x_wconf 88' lang='lat' dir='ltr'>remittamus,</span> 
     </span>
    </p>
   </div>
   <div class='ocr_carea' id='block_1_67' title="bbox 180 1763 973 1795">
    <p class='ocr_par' dir='ltr' id='par_1_67' title="bbox 180 1763 973 1795">
     <span class='ocr_line' id='line_1_67' title="bbox 180 1763 973 1795; baseline 0.001 -6"><span class='ocrx_word' id='word_1_501' title='bbox 180 1763 358 1795; x_wconf 84' lang='lat' dir='ltr'>amicissime,</span> <span class='ocrx_word' id='word_1_502' title='bbox 386 1771 436 1791; x_wconf 88' lang='lat' dir='ltr'>nec</span> <span class='ocrx_word' id='word_1_503' title='bbox 455 1764 517 1790; x_wconf 62' lang='lat' dir='ltr'>vitre</span> <span class='ocrx_word' id='word_1_504' title='bbox 545 1763 626 1790; x_wconf 73' lang='lat' dir='ltr'>taedio</span> <span class='ocrx_word' id='word_1_505' title='bbox 659 1763 810 1791; x_wconf 79' lang='lat' dir='ltr'>aﬂiciamur</span> <span class='ocrx_word' id='word_1_506' title='bbox 827 1773 834 1790; x_wconf 89' lang='lat'><strong>:</strong></span> <span class='ocrx_word' id='word_1_507' title='bbox 853 1764 973 1791; x_wconf 86' lang='lat' dir='ltr'>scientes</span> 
     </span>
    </p>
   </div>
   <div class='ocr_carea' id='block_1_68' title="bbox 181 1809 973 1843">
    <p class='ocr_par' dir='ltr' id='par_1_68' title="bbox 181 1809 973 1843">
     <span class='ocr_line' id='line_1_68' title="bbox 181 1809 973 1843; baseline 0.001 -8"><span class='ocrx_word' id='word_1_508' title='bbox 181 1817 236 1835; x_wconf 88' lang='lat' dir='ltr'>non</span> <span class='ocrx_word' id='word_1_509' title='bbox 263 1809 459 1842; x_wconf 79' lang='lat' dir='ltr'>permissurum</span> <span class='ocrx_word' id='word_1_510' title='bbox 489 1809 646 1841; x_wconf 82' lang='lat' dir='ltr'>Dominum,</span> <span class='ocrx_word' id='word_1_511' title='bbox 675 1813 704 1836; x_wconf 90' lang='lat' dir='ltr'>ut</span> <span class='ocrx_word' id='word_1_512' title='bbox 728 1813 864 1836; x_wconf 87' lang='lat' dir='ltr'>tculemur</span> <span class='ocrx_word' id='word_1_513' title='bbox 890 1817 973 1843; x_wconf 85' lang='lat' dir='ltr'>supra</span> 
     </span>
    </p>
   </div>
   <div class='ocr_carea' id='block_1_69' title="bbox 180 1853 973 1890">
    <p class='ocr_par' dir='ltr' id='par_1_69' title="bbox 180 1853 973 1890">
     <span class='ocr_line' id='line_1_69' title="bbox 180 1853 973 1890; baseline 0.003 -10"><span class='ocrx_word' id='word_1_514' title='bbox 180 1863 261 1887; x_wconf 77' lang='lat' dir='ltr'>qitam</span> <span class='ocrx_word' id='word_1_515' title='bbox 278 1862 427 1889; x_wconf 86' lang='lat' dir='ltr'>possumus</span> <span class='ocrx_word' id='word_1_516' title='bbox 461 1855 598 1882; x_wconf 82' lang='lat' dir='ltr'>sustinere</span> <span class='ocrx_word' id='word_1_517' title='bbox 608 1855 642 1882; x_wconf 81' lang='lat'>&quot;.</span> <span class='ocrx_word' id='word_1_518' title='bbox 671 1853 738 1887; x_wconf 85' lang='lat' dir='ltr'>Quis</span> <span class='ocrx_word' id='word_1_519' title='bbox 752 1855 803 1881; x_wconf 85' lang='lat' dir='ltr'>scit</span> <span class='ocrx_word' id='word_1_520' title='bbox 815 1856 879 1888; x_wconf 88' lang='lat' dir='ltr'>quid</span> <span class='ocrx_word' id='word_1_521' title='bbox 898 1855 973 1890; x_wconf 78' lang='lat' dir='ltr'>pari-</span> 
     </span>
    </p>
   </div>
   <div class='ocr_carea' id='block_1_70' title="bbox 180 1900 973 1933">
    <p class='ocr_par' dir='ltr' id='par_1_70' title="bbox 180 1900 973 1933">
     <span class='ocr_line' id='line_1_70' title="bbox 180 1900 973 1933; baseline 0 -6"><span class='ocrx_word' id='word_1_522' title='bbox 180 1906 241 1928; x_wconf 87' lang='lat' dir='ltr'>tura</span> <span class='ocrx_word' id='word_1_523' title='bbox 255 1901 291 1928; x_wconf 87' lang='lat' dir='ltr'>sit</span> <span class='ocrx_word' id='word_1_524' title='bbox 301 1901 420 1928; x_wconf 87' lang='lat' dir='ltr'>crastina</span> <span class='ocrx_word' id='word_1_525' title='bbox 433 1901 491 1928; x_wconf 83' lang='lat' dir='ltr'>dies</span> <span class='ocrx_word' id='word_1_526' title='bbox 502 1901 544 1927; x_wconf 69' lang='grc'>⁸⁸7</span> <span class='ocrx_word' id='word_1_527' title='bbox 558 1900 590 1927; x_wconf 86' lang='grc' dir='ltr'>Ει</span> <span class='ocrx_word' id='word_1_528' title='bbox 604 1910 610 1928; x_wconf 89' lang='lat'>:</span> <span class='ocrx_word' id='word_1_529' title='bbox 623 1900 690 1933; x_wconf 80' lang='lat' dir='ltr'>Quis</span> <span class='ocrx_word' id='word_1_530' title='bbox 705 1901 874 1927; x_wconf 80' lang='lat' dir='ltr'>annuntiahit</span> <span class='ocrx_word' id='word_1_531' title='bbox 888 1901 973 1927; x_wconf 77' lang='lat' dir='ltr'>Abra-</span> 
     </span>
    </p>
   </div>
   <div class='ocr_carea' id='block_1_71' title="bbox 180 1946 969 1983">
    <p class='ocr_par' dir='ltr' id='par_1_71' title="bbox 180 1946 969 1983">
     <span class='ocr_line' id='line_1_71' title="bbox 180 1946 969 1983; baseline 0.003 -10"><span class='ocrx_word' id='word_1_532' title='bbox 180 1947 252 1979; x_wconf 84' lang='lat' dir='ltr'>Imm,</span> <span class='ocrx_word' id='word_1_533' title='bbox 272 1948 338 1983; x_wconf 85' lang='lat' dir='ltr'>quia</span> <span class='ocrx_word' id='word_1_534' title='bbox 356 1947 439 1974; x_wconf 77' lang='lat' dir='ltr'>lactat</span> <span class='ocrx_word' id='word_1_535' title='bbox 459 1947 543 1974; x_wconf 84' lang='lat' dir='ltr'>Sarra</span> <span class='ocrx_word' id='word_1_536' title='bbox 557 1947 579 1963; x_wconf 81' lang='lat'><strong>&quot;</strong></span> <span class='ocrx_word' id='word_1_537' title='bbox 594 1947 605 1974; x_wconf 86' lang='lat'><strong>?</strong></span> <span class='ocrx_word' id='word_1_538' title='bbox 625 1946 799 1982; x_wconf 82' lang='lat' dir='ltr'>Symbolicus</span> <span class='ocrx_word' id='word_1_539' title='bbox 814 1953 856 1975; x_wconf 90' lang='lat' dir='ltr'>est</span> <span class='ocrx_word' id='word_1_540' title='bbox 869 1956 969 1975; x_wconf 84' lang='lat' dir='ltr'>sermo.</span> 
     </span>
    </p>
   </div>
   <div class='ocr_carea' id='block_1_72' title="bbox 179 1993 970 2028">
    <p class='ocr_par' dir='ltr' id='par_1_72' title="bbox 179 1993 970 2028">
     <span class='ocr_line' id='line_1_72' title="bbox 179 1993 970 2028; baseline 0 -7"><span class='ocrx_word' id='word_1_541' title='bbox 179 1995 297 2021; x_wconf 87' lang='lat' dir='ltr'>Oramus</span> <span class='ocrx_word' id='word_1_542' title='bbox 309 1993 400 2028; x_wconf 85' lang='lat' dir='ltr'>itaque</span> <span class='ocrx_word' id='word_1_543' title='bbox 416 1993 560 2020; x_wconf 86' lang='lat' dir='ltr'>Dominum</span> <span class='ocrx_word' id='word_1_544' title='bbox 581 1993 667 2027; x_wconf 87' lang='lat' dir='ltr'>ipsum</span> <span class='ocrx_word' id='word_1_545' title='bbox 680 1993 784 2028; x_wconf 70' lang='lat' dir='ltr'>gloriae.</span> <span class='ocrx_word' id='word_1_546' title='bbox 795 1999 825 2020; x_wconf 92' lang='lat' dir='ltr'>ut</span> <span class='ocrx_word' id='word_1_547' title='bbox 836 2001 883 2021; x_wconf 82' lang='lat' dir='ltr'>cur</span> <span class='ocrx_word' id='word_1_548' title='bbox 894 1999 970 2021; x_wconf 93' lang='lat' dir='ltr'>tuum</span> 
     </span>
    </p>
   </div>
   <div class='ocr_carea' id='block_1_73' title="bbox 180 2039 972 2075">
    <p class='ocr_par' dir='ltr' id='par_1_73' title="bbox 180 2039 972 2075">
     <span class='ocr_line' id='line_1_73' title="bbox 180 2039 972 2075; baseline 0 -8"><span class='ocrx_word' id='word_1_549' title='bbox 180 2045 305 2075; x_wconf 78' lang='lat' dir='ltr'>tangens,</span> <span class='ocrx_word' id='word_1_550' title='bbox 325 2039 415 2065; x_wconf 89' lang='lat' dir='ltr'>lumen</span> <span class='ocrx_word' id='word_1_551' title='bbox 440 2039 466 2065; x_wconf 92' lang='lat' dir='ltr'>in</span> <span class='ocrx_word' id='word_1_552' title='bbox 489 2046 522 2065; x_wconf 90' lang='lat' dir='ltr'>eo</span> <span class='ocrx_word' id='word_1_553' title='bbox 536 2039 669 2073; x_wconf 85' lang='lat' dir='ltr'>producat</span> <span class='ocrx_word' id='word_1_554' title='bbox 689 2039 886 2067; x_wconf 83' lang='lat' dir='ltr'>consolationis</span> <span class='ocrx_word' id='word_1_555' title='bbox 904 2048 972 2067; x_wconf 83' lang='lat' dir='ltr'>nun-</span> 
     </span>
    </p>
   </div>
   <div class='ocr_carea' id='block_1_74' title="bbox 178 2085 971 2121">
    <p class='ocr_par' dir='ltr' id='par_1_74' title="bbox 178 2085 971 2121">
     <span class='ocr_line' id='line_1_74' title="bbox 178 2085 971 2121; baseline 0.003 -9"><span class='ocrx_word' id='word_1_556' title='bbox 178 2093 260 2120; x_wconf 84' lang='lat' dir='ltr'>quam</span> <span class='ocrx_word' id='word_1_557' title='bbox 275 2085 426 2112; x_wconf 77' lang='lat' dir='ltr'>deficientis</span> <span class='ocrx_word' id='word_1_558' title='bbox 442 2093 449 2112; x_wconf 90' lang='lat'>:</span> <span class='ocrx_word' id='word_1_559' title='bbox 470 2085 539 2112; x_wconf 91' lang='lat' dir='ltr'>utin</span> <span class='ocrx_word' id='word_1_560' title='bbox 557 2085 644 2120; x_wconf 79' lang='lat' dir='ltr'>teipso</span> <span class='ocrx_word' id='word_1_561' title='bbox 672 2085 776 2113; x_wconf 87' lang='lat' dir='ltr'>habens</span> <span class='ocrx_word' id='word_1_562' title='bbox 791 2094 846 2121; x_wconf 90' lang='lat' dir='ltr'>quo</span> <span class='ocrx_word' id='word_1_563' title='bbox 862 2092 887 2114; x_wconf 86' lang='lat' dir='ltr'>te</span> <span class='ocrx_word' id='word_1_564' title='bbox 904 2094 971 2114; x_wconf 87' lang='lat' dir='ltr'>con-</span> 
     </span>
    </p>
   </div>
   <div class='ocr_carea' id='block_1_75' title="bbox 179 2132 970 2168">
    <p class='ocr_par' dir='ltr' id='par_1_75' title="bbox 179 2132 970 2168">
     <span class='ocr_line' id='line_1_75' title="bbox 179 2132 970 2168; baseline 0.005 -10"><span class='ocrx_word' id='word_1_565' title='bbox 179 2132 285 2163; x_wconf 83' lang='lat' dir='ltr'>soleris,</span> <span class='ocrx_word' id='word_1_566' title='bbox 313 2132 425 2159; x_wconf 85' lang='lat' dir='ltr'>alterius</span> <span class='ocrx_word' id='word_1_567' title='bbox 458 2139 525 2159; x_wconf 86' lang='lat' dir='ltr'>voce</span> <span class='ocrx_word' id='word_1_568' title='bbox 552 2140 605 2159; x_wconf 89' lang='lat' dir='ltr'>non</span> <span class='ocrx_word' id='word_1_569' title='bbox 627 2139 719 2168; x_wconf 74' lang='lat' dir='ltr'>egeas.</span> <span class='ocrx_word' id='word_1_570' title='bbox 740 2132 865 2161; x_wconf 73' lang='lat' dir='ltr'>Vidimus</span> <span class='ocrx_word' id='word_1_571' title='bbox 889 2142 970 2168; x_wconf 85' lang='lat' dir='ltr'>porro</span> 
     </span>
    </p>
   </div>
   <div class='ocr_carea' id='block_1_76' title="bbox 1024 1523 1818 1560">
    <p class='ocr_par' dir='ltr' id='par_1_76' title="bbox 1024 1523 1818 1560">
     <span class='ocr_line' id='line_1_76' title="bbox 1024 1523 1818 1560; baseline 0.005 -10"><span class='ocrx_word' id='word_1_572' title='bbox 1024 1523 1108 1558; x_wconf 74' lang='grc' dir='ltr'>ἐσμὲν</span> <span class='ocrx_word' id='word_1_573' title='bbox 1122 1523 1272 1555; x_wconf 85' lang='grc' dir='ltr'>θλιπτικῶς</span> <span class='ocrx_word' id='word_1_574' title='bbox 1288 1525 1335 1550; x_wconf 75' lang='grc' dir='ltr'>καὶ</span> <span class='ocrx_word' id='word_1_575' title='bbox 1347 1525 1566 1560; x_wconf 69' lang='grc' dir='ltr'>ὲξαπορητικῶς.</span> <span class='ocrx_word' id='word_1_576' title='bbox 1591 1527 1668 1553; x_wconf 79' lang='grc' dir='ltr'>Ἐπεὶ</span> <span class='ocrx_word' id='word_1_577' title='bbox 1691 1530 1818 1560; x_wconf 77' lang='grc' dir='ltr'>κάκεῖνος</span> 
     </span>
    </p>
   </div>
   <div class='ocr_carea' id='block_1_77' title="bbox 1024 1569 1818 1607">
    <p class='ocr_par' dir='ltr' id='par_1_77' title="bbox 1024 1569 1818 1607">
     <span class='ocr_line' id='line_1_77' title="bbox 1024 1569 1818 1607; baseline 0.008 -12"><span class='ocrx_word' id='word_1_578' title='bbox 1024 1570 1037 1595; x_wconf 87' lang='grc' dir='ltr'>ὁ</span> <span class='ocrx_word' id='word_1_579' title='bbox 1061 1569 1194 1604; x_wconf 79' lang='grc' dir='ltr'>ἀοίδιμος,</span> <span class='ocrx_word' id='word_1_580' title='bbox 1210 1570 1247 1602; x_wconf 83' lang='grc' dir='ltr'>ὡς</span> <span class='ocrx_word' id='word_1_581' title='bbox 1260 1569 1350 1604; x_wconf 74' lang='grc' dir='ltr'>οἶσθα,</span> <span class='ocrx_word' id='word_1_582' title='bbox 1365 1572 1411 1598; x_wconf 76' lang='grc' dir='ltr'>ἐπὶ</span> <span class='ocrx_word' id='word_1_583' title='bbox 1428 1572 1539 1607; x_wconf 76' lang='grc' dir='ltr'>μυρίοις</span> <span class='ocrx_word' id='word_1_584' title='bbox 1556 1573 1692 1605; x_wconf 84' lang='grc' dir='ltr'>ἀλγεινοῖς</span> <span class='ocrx_word' id='word_1_585' title='bbox 1710 1575 1744 1601; x_wconf 76' lang='grc' dir='ltr'><strong>τὰ</strong></span> <span class='ocrx_word' id='word_1_586' title='bbox 1771 1575 1818 1601; x_wconf 73' lang='grc' dir='ltr'>εὐ-</span> 
     </span>
    </p>
   </div>
   <div class='ocr_carea' id='block_1_78' title="bbox 1024 1615 1818 1655">
    <p class='ocr_par' dir='ltr' id='par_1_78' title="bbox 1024 1615 1818 1655">
     <span class='ocr_line' id='line_1_78' title="bbox 1024 1615 1818 1655; baseline 0.01 -16"><span class='ocrx_word' id='word_1_587' title='bbox 1024 1615 1190 1650; x_wconf 81' lang='grc' dir='ltr'>χαριστήρια</span> <span class='ocrx_word' id='word_1_588' title='bbox 1206 1615 1245 1650; x_wconf 81' lang='grc' dir='ltr'><strong>τῷ</strong></span> <span class='ocrx_word' id='word_1_589' title='bbox 1258 1615 1317 1651; x_wconf 84' lang='grc' dir='ltr'>Θεῷ</span> <span class='ocrx_word' id='word_1_590' title='bbox 1334 1617 1472 1643; x_wconf 78' lang='grc' dir='ltr'>ἀπεδίδου.</span> <span class='ocrx_word' id='word_1_591' title='bbox 1502 1619 1548 1653; x_wconf 85' lang='grc' dir='ltr'>Μὴ</span> <span class='ocrx_word' id='word_1_592' title='bbox 1576 1618 1668 1645; x_wconf 77' lang='grc' dir='ltr'>τοίνυν</span> <span class='ocrx_word' id='word_1_593' title='bbox 1689 1620 1818 1655; x_wconf 71' lang='grc' dir='ltr'>ρᾳθυμή-</span> 
     </span>
    </p>
   </div>
   <div class='ocr_carea' id='block_1_79' title="bbox 1024 1658 1817 1700">
    <p class='ocr_par' dir='ltr' id='par_1_79' title="bbox 1024 1658 1817 1700">
     <span class='ocr_line' id='line_1_79' title="bbox 1024 1658 1817 1700; baseline 0.009 -15"><span class='ocrx_word' id='word_1_594' title='bbox 1024 1669 1127 1694; x_wconf 78' lang='grc' dir='ltr'>σωμεν,</span> <span class='ocrx_word' id='word_1_595' title='bbox 1145 1658 1167 1686; x_wconf 76' lang='grc' dir='ltr'>ὣ</span> <span class='ocrx_word' id='word_1_596' title='bbox 1181 1660 1304 1695; x_wconf 76' lang='grc' dir='ltr'>φίλτατε,</span> <span class='ocrx_word' id='word_1_597' title='bbox 1323 1663 1390 1696; x_wconf 55' lang='grc' dir='ltr'>μηδὲ</span> <span class='ocrx_word' id='word_1_598' title='bbox 1409 1662 1624 1699; x_wconf 75' lang='grc' dir='ltr'>ἐξαπορήσωμεν</span> <span class='ocrx_word' id='word_1_599' title='bbox 1640 1665 1686 1691; x_wconf 84' lang='grc' dir='ltr'>καὶ</span> <span class='ocrx_word' id='word_1_600' title='bbox 1702 1665 1748 1691; x_wconf 76' lang='grc' dir='ltr'>τοῦ</span> <span class='ocrx_word' id='word_1_601' title='bbox 1764 1665 1817 1700; x_wconf 78' lang='grc' dir='ltr'>ζῇν</span> 
     </span>
    </p>
   </div>
   <div class='ocr_carea' id='block_1_80' title="bbox 1024 1705 1820 1746">
    <p class='ocr_par' dir='ltr' id='par_1_80' title="bbox 1024 1705 1820 1746">
     <span class='ocr_line' id='line_1_80' title="bbox 1024 1705 1820 1746; baseline 0.008 -15"><span class='ocrx_word' id='word_1_602' title='bbox 1024 1705 1126 1737; x_wconf 75' lang='grc' dir='ltr'>εἰδότες</span> <span class='ocrx_word' id='word_1_603' title='bbox 1153 1707 1194 1732; x_wconf 84' lang='grc' dir='ltr'>ὃτι</span> <span class='ocrx_word' id='word_1_604' title='bbox 1223 1707 1272 1733; x_wconf 78' lang='grc' dir='ltr'>οὐκ</span> <span class='ocrx_word' id='word_1_605' title='bbox 1297 1707 1372 1734; x_wconf 67' lang='grc' dir='ltr'>ἐάσει</span> <span class='ocrx_word' id='word_1_606' title='bbox 1391 1709 1465 1743; x_wconf 80' lang='grc' dir='ltr'>ἡμᾶς</span> <span class='ocrx_word' id='word_1_607' title='bbox 1500 1709 1603 1744; x_wconf 73' lang='grc' dir='ltr'>Κύριος</span> <span class='ocrx_word' id='word_1_608' title='bbox 1634 1710 1820 1746; x_wconf 79' lang='grc' dir='ltr'>πειρασθῆναι</span> 
     </span>
    </p>
   </div>
   <div class='ocr_carea' id='block_1_81' title="bbox 1025 1753 1815 1792">
    <p class='ocr_par' dir='ltr' id='par_1_81' title="bbox 1025 1753 1815 1792">
     <span class='ocr_line' id='line_1_81' title="bbox 1025 1753 1815 1792; baseline 0.008 -14"><span class='ocrx_word' id='word_1_609' title='bbox 1025 1753 1283 1789; x_wconf 72' lang='grc' dir='ltr'>ὑπὲρὸδυιάμεθα.</span> <span class='ocrx_word' id='word_1_610' title='bbox 1303 1755 1351 1786; x_wconf 85' lang='grc' dir='ltr'>Τίς</span> <span class='ocrx_word' id='word_1_611' title='bbox 1365 1753 1421 1782; x_wconf 74' lang='grc' dir='ltr'>οἶδε</span> <span class='ocrx_word' id='word_1_612' title='bbox 1450 1755 1477 1782; x_wconf 80' lang='grc' dir='ltr'>τί</span> <span class='ocrx_word' id='word_1_613' title='bbox 1507 1755 1614 1788; x_wconf 77' lang='grc' dir='ltr'>τέξεται</span> <span class='ocrx_word' id='word_1_614' title='bbox 1642 1758 1659 1792; x_wconf 81' lang='grc' dir='ltr'>ἡ</span> <span class='ocrx_word' id='word_1_615' title='bbox 1682 1757 1815 1788; x_wconf 68' lang='grc' dir='ltr'>ἐπιοῦσα,</span> 
     </span>
    </p>
   </div>
   <div class='ocr_carea' id='block_1_82' title="bbox 1024 1799 1817 1837">
    <p class='ocr_par' dir='ltr' id='par_1_82' title="bbox 1024 1799 1817 1837">
     <span class='ocr_line' id='line_1_82' title="bbox 1024 1799 1817 1837; baseline 0.004 -12"><span class='ocrx_word' id='word_1_616' title='bbox 1024 1800 1071 1825; x_wconf 78' lang='grc' dir='ltr'>καὶ</span> <span class='ocrx_word' id='word_1_617' title='bbox 1090 1800 1138 1832; x_wconf 87' lang='grc' dir='ltr'>ΤΙς</span> <span class='ocrx_word' id='word_1_618' title='bbox 1152 1799 1316 1834; x_wconf 68' lang='grc' dir='ltr'>ἀναγγελεῖ</span> <span class='ocrx_word' id='word_1_619' title='bbox 1333 1801 1471 1835; x_wconf 73' lang='grc' dir='ltr'>Ἀϐραὰμ,</span> <span class='ocrx_word' id='word_1_620' title='bbox 1489 1801 1533 1827; x_wconf 80' lang='grc' dir='ltr'>ὅτι</span> <span class='ocrx_word' id='word_1_621' title='bbox 1556 1802 1655 1836; x_wconf 75' lang='grc' dir='ltr'>Σάρῤα</span> <span class='ocrx_word' id='word_1_622' title='bbox 1676 1803 1794 1837; x_wconf 76' lang='grc' dir='ltr'>θηλάζει</span> <span class='ocrx_word' id='word_1_623' title='bbox 1807 1812 1817 1835; x_wconf 82' lang='grc'><em>;</em></span> 
     </span>
    </p>
   </div>
   <div class='ocr_carea' id='block_1_83' title="bbox 1025 1845 1818 1884">
    <p class='ocr_par' dir='ltr' id='par_1_83' title="bbox 1025 1845 1818 1884">
     <span class='ocr_line' id='line_1_83' title="bbox 1025 1845 1818 1884; baseline 0.005 -13"><span class='ocrx_word' id='word_1_624' title='bbox 1025 1845 1189 1880; x_wconf 77' lang='grc' dir='ltr'>συμϐολικὸς</span> <span class='ocrx_word' id='word_1_625' title='bbox 1203 1847 1217 1872; x_wconf 84' lang='grc' dir='ltr'>ὁ</span> <span class='ocrx_word' id='word_1_626' title='bbox 1231 1846 1319 1880; x_wconf 80' lang='grc' dir='ltr'>λόγος.</span> <span class='ocrx_word' id='word_1_627' title='bbox 1337 1846 1482 1882; x_wconf 81' lang='grc' dir='ltr'>Εὺχὸμεθα</span> <span class='ocrx_word' id='word_1_628' title='bbox 1497 1845 1544 1873; x_wconf 82' lang='grc' dir='ltr'>οὖν</span> <span class='ocrx_word' id='word_1_629' title='bbox 1555 1848 1636 1874; x_wconf 81' lang='grc' dir='ltr'>αὑτὸν</span> <span class='ocrx_word' id='word_1_630' title='bbox 1650 1848 1696 1874; x_wconf 78' lang='grc' dir='ltr'>τὸν</span> <span class='ocrx_word' id='word_1_631' title='bbox 1712 1849 1818 1884; x_wconf 83' lang='grc' dir='ltr'>Κύριον</span> 
     </span>
    </p>
   </div>
   <div class='ocr_carea' id='block_1_84' title="bbox 1023 1891 1818 1930">
    <p class='ocr_par' dir='ltr' id='par_1_84' title="bbox 1023 1891 1818 1930">
     <span class='ocr_line' id='line_1_84' title="bbox 1023 1891 1818 1930; baseline 0.005 -13"><span class='ocrx_word' id='word_1_632' title='bbox 1023 1891 1073 1924; x_wconf 83' lang='grc' dir='ltr'>τῆς</span> <span class='ocrx_word' id='word_1_633' title='bbox 1086 1891 1165 1926; x_wconf 84' lang='grc' dir='ltr'>δόξης</span> <span class='ocrx_word' id='word_1_634' title='bbox 1178 1912 1186 1923; x_wconf 87' lang='grc'>,</span> <span class='ocrx_word' id='word_1_635' title='bbox 1202 1892 1378 1927; x_wconf 78' lang='grc' dir='ltr'>ὲφαψάμενόν</span> <span class='ocrx_word' id='word_1_636' title='bbox 1394 1901 1440 1919; x_wconf 85' lang='grc' dir='ltr'>σου</span> <span class='ocrx_word' id='word_1_637' title='bbox 1459 1893 1510 1928; x_wconf 81' lang='grc' dir='ltr'>τῆς</span> <span class='ocrx_word' id='word_1_638' title='bbox 1538 1895 1663 1929; x_wconf 81' lang='grc' dir='ltr'>καρδίας,</span> <span class='ocrx_word' id='word_1_639' title='bbox 1694 1896 1818 1930; x_wconf 78' lang='grc' dir='ltr'>ἐμποιῆ-</span> 
     </span>
    </p>
   </div>
   <div class='ocr_carea' id='block_1_85' title="bbox 1024 1936 1817 1974">
    <p class='ocr_par' dir='ltr' id='par_1_85' title="bbox 1024 1936 1817 1974">
     <span class='ocr_line' id='line_1_85' title="bbox 1024 1936 1817 1974; baseline 0.006 -13"><span class='ocrx_word' id='word_1_640' title='bbox 1024 1944 1068 1962; x_wconf 88' lang='grc' dir='ltr'>σαι</span> <span class='ocrx_word' id='word_1_641' title='bbox 1083 1936 1140 1970; x_wconf 81' lang='grc' dir='ltr'>φῶς</span> <span class='ocrx_word' id='word_1_642' title='bbox 1155 1938 1183 1962; x_wconf 76' lang='grc' dir='ltr'>ἐν</span> <span class='ocrx_word' id='word_1_643' title='bbox 1197 1937 1263 1972; x_wconf 77' lang='grc' dir='ltr'>αὐτῇ</span> <span class='ocrx_word' id='word_1_644' title='bbox 1288 1937 1410 1972; x_wconf 79' lang='grc' dir='ltr'>ἁλήκτου</span> <span class='ocrx_word' id='word_1_645' title='bbox 1438 1939 1627 1974; x_wconf 77' lang='grc' dir='ltr'>πα-ραμυθίας,</span> <span class='ocrx_word' id='word_1_646' title='bbox 1655 1939 1692 1970; x_wconf 84' lang='grc' dir='ltr'>ὡς</span> <span class='ocrx_word' id='word_1_647' title='bbox 1708 1940 1742 1966; x_wconf 78' lang='grc' dir='ltr'>ἄν</span> <span class='ocrx_word' id='word_1_648' title='bbox 1774 1941 1817 1967; x_wconf 81' lang='grc' dir='ltr'>οῖ-</span> 
     </span>
    </p>
   </div>
   <div class='ocr_carea' id='block_1_86' title="bbox 1022 1983 1819 2021">
    <p class='ocr_par' dir='ltr' id='par_1_86' title="bbox 1022 1983 1819 2021">
     <span class='ocr_line' id='line_1_86' title="bbox 1022 1983 1819 2021; baseline 0.006 -13"><span class='ocrx_word' id='word_1_649' title='bbox 1022 1983 1102 2008; x_wconf 80' lang='grc' dir='ltr'>κοθεν</span> <span class='ocrx_word' id='word_1_650' title='bbox 1120 1983 1235 2018; x_wconf 74' lang='grc' dir='ltr'>ἔχουσαν</span> <span class='ocrx_word' id='word_1_651' title='bbox 1251 1983 1301 2015; x_wconf 77' lang='grc' dir='ltr'>τὰς</span> <span class='ocrx_word' id='word_1_652' title='bbox 1315 1985 1443 2019; x_wconf 77' lang='grc' dir='ltr'>ἀφορμὰς</span> <span class='ocrx_word' id='word_1_653' title='bbox 1460 1985 1509 2020; x_wconf 84' lang='grc' dir='ltr'>τῆς</span> <span class='ocrx_word' id='word_1_654' title='bbox 1522 1985 1730 2021; x_wconf 80' lang='grc' dir='ltr'>παρακλήσεως,</span> <span class='ocrx_word' id='word_1_655' title='bbox 1748 1987 1819 2021; x_wconf 72' lang='grc' dir='ltr'>μηδὲ</span> 
     </span>
    </p>
   </div>
   <div class='ocr_carea' id='block_1_87' title="bbox 1021 2028 1819 2067">
    <p class='ocr_par' dir='ltr' id='par_1_87' title="bbox 1021 2028 1819 2067">
     <span class='ocr_line' id='line_1_87' title="bbox 1021 2028 1819 2067; baseline 0.005 -13"><span class='ocrx_word' id='word_1_656' title='bbox 1021 2028 1126 2055; x_wconf 77' lang='grc' dir='ltr'>δεῖσθαι</span> <span class='ocrx_word' id='word_1_657' title='bbox 1146 2031 1237 2064; x_wconf 78' lang='grc' dir='ltr'>φωνῆς</span> <span class='ocrx_word' id='word_1_658' title='bbox 1253 2030 1359 2064; x_wconf 78' lang='grc' dir='ltr'>ἐτέρας.</span> <span class='ocrx_word' id='word_1_659' title='bbox 1377 2030 1493 2066; x_wconf 80' lang='grc' dir='ltr'>Εῖδομεν</span> <span class='ocrx_word' id='word_1_660' title='bbox 1512 2031 1539 2057; x_wconf 78' lang='grc' dir='ltr'>δὲ</span> <span class='ocrx_word' id='word_1_661' title='bbox 1565 2032 1613 2058; x_wconf 77' lang='grc' dir='ltr'>καὶ</span> <span class='ocrx_word' id='word_1_662' title='bbox 1640 2032 1684 2057; x_wconf 80' lang='grc' dir='ltr'>τὸν</span> <span class='ocrx_word' id='word_1_663' title='bbox 1703 2032 1819 2067; x_wconf 79' lang='grc' dir='ltr'>ἀγαπη-</span> 
     </span>
    </p>
   </div>
   <div class='ocr_carea' id='block_1_88' title="bbox 1021 2074 1819 2112">
    <p class='ocr_par' dir='ltr' id='par_1_88' title="bbox 1021 2074 1819 2112">
     <span class='ocr_line' id='line_1_88' title="bbox 1021 2074 1819 2112; baseline 0.005 -12"><span class='ocrx_word' id='word_1_664' title='bbox 1021 2074 1068 2101; x_wconf 68' lang='grc' dir='ltr'>τὸν</span> <span class='ocrx_word' id='word_1_665' title='bbox 1097 2074 1211 2108; x_wconf 80' lang='grc' dir='ltr'>ἀδελφὸν</span> <span class='ocrx_word' id='word_1_666' title='bbox 1228 2075 1366 2110; x_wconf 74' lang='grc' dir='ltr'>ἡμῶνκαὶ</span> <span class='ocrx_word' id='word_1_667' title='bbox 1388 2077 1574 2112; x_wconf 81' lang='grc' dir='ltr'>πνευματικὸν</span> <span class='ocrx_word' id='word_1_668' title='bbox 1602 2077 1673 2109; x_wconf 80' lang='grc' dir='ltr'>υἱέα,</span> <span class='ocrx_word' id='word_1_669' title='bbox 1696 2078 1740 2104; x_wconf 76' lang='grc' dir='ltr'>τὸν</span> <span class='ocrx_word' id='word_1_670' title='bbox 1767 2078 1819 2104; x_wconf 56' lang='grc' dir='ltr'>κύρ</span> 
     </span>
    </p>
   </div>
   <div class='ocr_carea' id='block_1_89' title="bbox 1024 2121 1816 2159">
    <p class='ocr_par' dir='ltr' id='par_1_89' title="bbox 1024 2121 1816 2159">
     <span class='ocr_line' id='line_1_89' title="bbox 1024 2121 1816 2159; baseline 0.006 -13"><span class='ocrx_word' id='word_1_671' title='bbox 1024 2129 1081 2155; x_wconf 84' lang='grc' dir='ltr'>ριον</span> <span class='ocrx_word' id='word_1_672' title='bbox 1103 2121 1239 2155; x_wconf 75' lang='grc' dir='ltr'>Ἰωάννην,</span> <span class='ocrx_word' id='word_1_673' title='bbox 1258 2121 1303 2147; x_wconf 75' lang='grc' dir='ltr'>τὸν</span> <span class='ocrx_word' id='word_1_674' title='bbox 1325 2122 1462 2158; x_wconf 74' lang='grc' dir='ltr'>ὁμαίμονα</span> <span class='ocrx_word' id='word_1_675' title='bbox 1486 2124 1536 2158; x_wconf 84' lang='grc' dir='ltr'>τῆς</span> <span class='ocrx_word' id='word_1_676' title='bbox 1555 2123 1721 2159; x_wconf 48' lang='lat' dir='ltr'>sentence;</span> <span class='ocrx_word' id='word_1_677' title='bbox 1755 2133 1816 2157; x_wconf 88' lang='grc' dir='ltr'>σου,</span> 
     </span>
    </p>
   </div>
   <div class='ocr_carea' id='block_1_90' title="bbox 179 2156 970 2214">
    <p class='ocr_par' dir='ltr' id='par_1_90' title="bbox 179 2156 970 2214">
     <span class='ocr_line' id='line_1_90' title="bbox 179 2156 970 2168; baseline 0.004 -9"><span class='ocrx_word' id='word_1_678' title='bbox 179 2156 285 2163; x_wconf 41' lang='grc' dir='ltr'>ηψπ,</span> <span class='ocrx_word' id='word_1_679' title='bbox 313 2156 425 2159; x_wconf 19' lang='lat' dir='ltr'>re...”</span> <span class='ocrx_word' id='word_1_680' title='bbox 465 2156 523 2159; x_wconf 48' lang='grc' dir='ltr'>η--</span> <span class='ocrx_word' id='word_1_681' title='bbox 630 2156 719 2168; x_wconf 42' lang='grc' dir='ltr'>τιν--</span> <span class='ocrx_word' id='word_1_682' title='bbox 890 2156 970 2168; x_wconf 73' lang='grc' dir='ltr'>..νην</span> 
     </span>
     <span class='ocr_line' id='line_1_91' title="bbox 179 2178 970 2214; baseline 0.004 -9"><span class='ocrx_word' id='word_1_683' title='bbox 179 2179 307 2206; x_wconf 80' lang='lat' dir='ltr'>dilectum</span> <span class='ocrx_word' id='word_1_684' title='bbox 330 2179 412 2206; x_wconf 88' lang='lat' dir='ltr'>etiam</span> <span class='ocrx_word' id='word_1_685' title='bbox 429 2178 538 2205; x_wconf 79' lang='lat' dir='ltr'>fratrem</span> <span class='ocrx_word' id='word_1_686' title='bbox 555 2183 691 2212; x_wconf 86' lang='lat' dir='ltr'>nostrum,</span> <span class='ocrx_word' id='word_1_687' title='bbox 706 2183 733 2206; x_wconf 86' lang='lat' dir='ltr'>et</span> <span class='ocrx_word' id='word_1_688' title='bbox 745 2179 914 2214; x_wconf 77' lang='lat' dir='ltr'>spiritualem</span> <span class='ocrx_word' id='word_1_689' title='bbox 941 2182 970 2208; x_wconf 82' lang='lat' dir='ltr'>li-</span> 
     </span>
    </p>
   </div>
   <div class='ocr_carea' id='block_1_91' title="bbox 1024 2156 1817 2214">
    <p class='ocr_par' dir='ltr' id='par_1_91' title="bbox 1024 2164 1817 2202">
     <span class='ocr_line' id='line_1_92' title="bbox 1024 2164 1817 2202; baseline 0.006 -13"><span class='ocrx_word' id='word_1_690' title='bbox 1024 2164 1243 2200; x_wconf 68' lang='grc' dir='ltr'>ἐπισκεψάμενον</span> <span class='ocrx_word' id='word_1_691' title='bbox 1261 2167 1335 2201; x_wconf 77' lang='grc' dir='ltr'>ἡμᾶς</span> <span class='ocrx_word' id='word_1_692' title='bbox 1360 2167 1422 2197; x_wconf 78' lang='grc' dir='ltr'>τοὺς</span> <span class='ocrx_word' id='word_1_693' title='bbox 1446 2167 1628 2202; x_wconf 67' lang='grc' dir='ltr'>ἁμαρτωλοὺς</span> <span class='ocrx_word' id='word_1_694' title='bbox 1643 2170 1715 2195; x_wconf 79' lang='grc' dir='ltr'>κατὰ</span> <span class='ocrx_word' id='word_1_695' title='bbox 1729 2169 1760 2194; x_wconf 79' lang='grc' dir='ltr'>τὸ</span> <span class='ocrx_word' id='word_1_696' title='bbox 1773 2170 1817 2194; x_wconf 84' lang='grc' dir='ltr'>εἱ-</span> 
     </span>
    </p>
   </div>
   <div class='ocr_carea' id='block_1_92' title="bbox 178 2223 969 2260">
    <p class='ocr_par' dir='ltr' id='par_1_92' title="bbox 178 2223 969 2260">
     <span class='ocr_line' id='line_1_93' title="bbox 178 2223 969 2260; baseline 0.004 -10"><span class='ocrx_word' id='word_1_697' title='bbox 178 2224 256 2255; x_wconf 90' lang='lat' dir='ltr'>lium,</span> <span class='ocrx_word' id='word_1_698' title='bbox 272 2224 414 2251; x_wconf 82' lang='lat' dir='ltr'>dominum</span> <span class='ocrx_word' id='word_1_699' title='bbox 430 2223 576 2255; x_wconf 76' lang='lat' dir='ltr'>Joannem,</span> <span class='ocrx_word' id='word_1_700' title='bbox 598 2225 834 2260; x_wconf 79' lang='lat' dir='ltr'>consanguineum</span> <span class='ocrx_word' id='word_1_701' title='bbox 856 2226 969 2253; x_wconf 80' lang='lat' dir='ltr'>celsitu~</span> 
     </span>
    </p>
   </div>
   <div class='ocr_carea' id='block_1_93' title="bbox 178 2270 966 2306">
    <p class='ocr_par' dir='ltr' id='par_1_93' title="bbox 178 2270 966 2306">
     <span class='ocr_line' id='line_1_94' title="bbox 178 2270 966 2306; baseline 0.004 -10"><span class='ocrx_word' id='word_1_702' title='bbox 178 2270 249 2296; x_wconf 87' lang='lat' dir='ltr'>diuis</span> <span class='ocrx_word' id='word_1_703' title='bbox 264 2276 316 2296; x_wconf 66' lang='lat' dir='ltr'>tuac</span> <span class='ocrx_word' id='word_1_704' title='bbox 331 2279 337 2302; x_wconf 90' lang='lat'><strong>;</strong></span> <span class='ocrx_word' id='word_1_705' title='bbox 353 2271 399 2304; x_wconf 91' lang='lat' dir='ltr'>qui</span> <span class='ocrx_word' id='word_1_706' title='bbox 416 2278 466 2297; x_wconf 90' lang='lat' dir='ltr'>nos</span> <span class='ocrx_word' id='word_1_707' title='bbox 485 2275 643 2305; x_wconf 76' lang='lat' dir='ltr'>peceatores</span> <span class='ocrx_word' id='word_1_708' title='bbox 658 2274 813 2305; x_wconf 85' lang='lat' dir='ltr'>opportune</span> <span class='ocrx_word' id='word_1_709' title='bbox 826 2272 966 2306; x_wconf 83' lang='lat' dir='ltr'>visitavit;</span> 
     </span>
    </p>
   </div>
   <div class='ocr_carea' id='block_1_94' title="bbox 177 2314 966 2348">
    <p class='ocr_par' dir='ltr' id='par_1_94' title="bbox 177 2314 966 2348">
     <span class='ocr_line' id='line_1_95' title="bbox 177 2314 966 2348; baseline 0.005 -9"><span class='ocrx_word' id='word_1_710' title='bbox 177 2322 256 2347; x_wconf 85' lang='lat' dir='ltr'>quem</span> <span class='ocrx_word' id='word_1_711' title='bbox 283 2319 310 2340; x_wconf 82' lang='lat' dir='ltr'>et</span> <span class='ocrx_word' id='word_1_712' title='bbox 336 2314 430 2348; x_wconf 83' lang='lat' dir='ltr'>paucis</span> <span class='ocrx_word' id='word_1_713' title='bbox 458 2314 548 2341; x_wconf 88' lang='lat' dir='ltr'>verbis</span> <span class='ocrx_word' id='word_1_714' title='bbox 579 2315 712 2342; x_wconf 85' lang='lat' dir='ltr'>consolati</span> <span class='ocrx_word' id='word_1_715' title='bbox 728 2323 825 2343; x_wconf 86' lang='lat' dir='ltr'>sumus</span> <span class='ocrx_word' id='word_1_716' title='bbox 842 2317 875 2344; x_wconf 88' lang='lat' dir='ltr'>de</span> <span class='ocrx_word' id='word_1_717' title='bbox 890 2317 966 2345; x_wconf 88' lang='lat' dir='ltr'>obitu</span> 
     </span>
    </p>
   </div>
   <div class='ocr_carea' id='block_1_95' title="bbox 178 2360 967 2398">
    <p class='ocr_par' dir='ltr' id='par_1_95' title="bbox 178 2360 967 2398">
     <span class='ocr_line' id='line_1_96' title="bbox 178 2360 967 2398; baseline 0.006 -12"><span class='ocrx_word' id='word_1_718' title='bbox 178 2361 273 2388; x_wconf 86' lang='lat' dir='ltr'>matris</span> <span class='ocrx_word' id='word_1_719' title='bbox 292 2371 299 2388; x_wconf 88' lang='lat'><strong>:</strong></span> <span class='ocrx_word' id='word_1_720' title='bbox 316 2365 343 2387; x_wconf 75' lang='lat' dir='ltr'>et</span> <span class='ocrx_word' id='word_1_721' title='bbox 369 2360 487 2388; x_wconf 76' lang='lat' dir='ltr'>fraterna</span> <span class='ocrx_word' id='word_1_722' title='bbox 506 2361 720 2395; x_wconf 83' lang='lat' dir='ltr'>censpiratioue,</span> <span class='ocrx_word' id='word_1_723' title='bbox 739 2370 792 2389; x_wconf 92' lang='lat' dir='ltr'>uua</span> <span class='ocrx_word' id='word_1_724' title='bbox 809 2363 916 2398; x_wconf 76' lang='lat' dir='ltr'>egimus</span> <span class='ocrx_word' id='word_1_725' title='bbox 934 2364 967 2392; x_wconf 92' lang='lat' dir='ltr'>de</span> 
     </span>
    </p>
   </div>
   <div class='ocr_carea' id='block_1_96' title="bbox 177 2407 664 2441">
    <p class='ocr_par' dir='ltr' id='par_1_96' title="bbox 177 2407 664 2441">
     <span class='ocr_line' id='line_1_97' title="bbox 177 2407 664 2441; baseline 0.002 -8"><span class='ocrx_word' id='word_1_726' title='bbox 177 2407 284 2441; x_wconf 82' lang='lat' dir='ltr'>pietatis</span> <span class='ocrx_word' id='word_1_727' title='bbox 296 2408 379 2434; x_wconf 80' lang='lat' dir='ltr'>etiam</span> <span class='ocrx_word' id='word_1_728' title='bbox 397 2412 450 2434; x_wconf 68' lang='lat' dir='ltr'>tuae</span> <span class='ocrx_word' id='word_1_729' title='bbox 466 2408 664 2435; x_wconf 88' lang='lat' dir='ltr'>consolatione.</span> 
     </span>
    </p>
   </div>
   <div class='ocr_carea' id='block_1_97' title="bbox 282 2451 854 2500">
    <p class='ocr_par' dir='ltr' id='par_1_97' title="bbox 282 2451 854 2500">
     <span class='ocr_line' id='line_1_98' title="bbox 282 2451 854 2500; baseline 0.005 -10"><span class='ocrx_word' id='word_1_730' title='bbox 282 2451 434 2491; x_wconf 73' lang='lat' dir='ltr'>CLXXVII.</span> <span class='ocrx_word' id='word_1_731' title='bbox 451 2479 485 2484; x_wconf 91' lang='lat'>——</span> <span class='ocrx_word' id='word_1_732' title='bbox 502 2464 682 2500; x_wconf 79' lang='lat' dir='ltr'>Euphrosyna:</span> <span class='ocrx_word' id='word_1_733' title='bbox 695 2466 854 2499; x_wconf 61' lang='lat' dir='ltr'>praeposita.</span> 
     </span>
    </p>
   </div>
   <div class='ocr_carea' id='block_1_98' title="bbox 1022 2211 1817 2248">
    <p class='ocr_par' dir='ltr' id='par_1_98' title="bbox 1022 2211 1817 2248">
     <span class='ocr_line' id='line_1_99' title="bbox 1022 2211 1817 2248; baseline 0.005 -12"><span class='ocrx_word' id='word_1_734' title='bbox 1022 2211 1070 2242; x_wconf 83' lang='grc' dir='ltr'>κός</span> <span class='ocrx_word' id='word_1_735' title='bbox 1086 2218 1093 2226; x_wconf 92' lang='grc'><strong>·</strong></span> <span class='ocrx_word' id='word_1_736' title='bbox 1111 2211 1140 2237; x_wconf 78' lang='grc' dir='ltr'>ὃν</span> <span class='ocrx_word' id='word_1_737' title='bbox 1153 2212 1200 2237; x_wconf 71' lang='grc' dir='ltr'>καὶ</span> <span class='ocrx_word' id='word_1_738' title='bbox 1215 2212 1472 2248; x_wconf 67' lang='grc' dir='ltr'>παρεμυθησάμεθα</span> <span class='ocrx_word' id='word_1_739' title='bbox 1507 2213 1620 2248; x_wconf 80' lang='grc' dir='ltr'>βραχέσι</span> <span class='ocrx_word' id='word_1_740' title='bbox 1649 2214 1738 2248; x_wconf 80' lang='grc' dir='ltr'>λόγοις</span> <span class='ocrx_word' id='word_1_741' title='bbox 1769 2214 1817 2240; x_wconf 76' lang='grc' dir='ltr'>διὰ</span> 
     </span>
    </p>
   </div>
   <div class='ocr_carea' id='block_1_99' title="bbox 1020 2257 1817 2295">
    <p class='ocr_par' dir='ltr' id='par_1_99' title="bbox 1020 2257 1817 2295">
     <span class='ocr_line' id='line_1_100' title="bbox 1020 2257 1817 2295; baseline 0.006 -13"><span class='ocrx_word' id='word_1_742' title='bbox 1020 2257 1050 2282; x_wconf 78' lang='grc' dir='ltr'>τὺ</span> <span class='ocrx_word' id='word_1_743' title='bbox 1064 2257 1196 2291; x_wconf 70' lang='grc' dir='ltr'>μητρικδν</span> <span class='ocrx_word' id='word_1_744' title='bbox 1211 2257 1296 2289; x_wconf 69' lang='grc' dir='ltr'>πάθος</span> <span class='ocrx_word' id='word_1_745' title='bbox 1314 2266 1320 2272; x_wconf 92' lang='grc'>·</span> <span class='ocrx_word' id='word_1_746' title='bbox 1342 2258 1390 2284; x_wconf 77' lang='grc' dir='ltr'>καὶ</span> <span class='ocrx_word' id='word_1_747' title='bbox 1421 2260 1706 2295; x_wconf 73' lang='grc' dir='ltr'>συμπαρεκειλέσαμεν</span> <span class='ocrx_word' id='word_1_748' title='bbox 1728 2261 1817 2287; x_wconf 71' lang='grc' dir='ltr'>οἴσειν</span> 
     </span>
    </p>
   </div>
   <div class='ocr_carea' id='block_1_100' title="bbox 1019 2303 1816 2342">
    <p class='ocr_par' dir='ltr' id='par_1_100' title="bbox 1019 2303 1816 2342">
     <span class='ocr_line' id='line_1_101' title="bbox 1019 2303 1816 2342; baseline 0.005 -14"><span class='ocrx_word' id='word_1_749' title='bbox 1019 2304 1051 2337; x_wconf 76' lang='grc' dir='ltr'>τῇ</span> <span class='ocrx_word' id='word_1_750' title='bbox 1068 2303 1198 2338; x_wconf 58' lang='grc' dir='ltr'>ἀδελφικῇ</span> <span class='ocrx_word' id='word_1_751' title='bbox 1226 2304 1395 2331; x_wconf 77' lang='grc' dir='ltr'>συνδιαθέσει</span> <span class='ocrx_word' id='word_1_752' title='bbox 1423 2304 1458 2331; x_wconf 86' lang='grc' dir='ltr'>τὰ</span> <span class='ocrx_word' id='word_1_753' title='bbox 1483 2306 1554 2332; x_wconf 75' lang='grc' dir='ltr'>κατὰ</span> <span class='ocrx_word' id='word_1_754' title='bbox 1580 2306 1628 2342; x_wconf 83' lang='grc' dir='ltr'>τὴν</span> <span class='ocrx_word' id='word_1_755' title='bbox 1656 2306 1816 2334; x_wconf 76' lang='grc' dir='ltr'>θεοσέϐειαν</span> 
     </span>
    </p>
   </div>
   <div class='ocr_carea' id='block_1_101' title="bbox 1023 2357 1078 2374">
    <p class='ocr_par' dir='ltr' id='par_1_101' title="bbox 1023 2357 1078 2374">
     <span class='ocr_line' id='line_1_102' title="bbox 1023 2357 1078 2374; baseline 0.018 -1"><span class='ocrx_word' id='word_1_756' title='bbox 1023 2357 1078 2374; x_wconf 61' lang='grc' dir='ltr'>σου.</span> 
     </span>
    </p>
   </div>
   <div class='ocr_carea' id='block_1_102' title="bbox 1056 2468 1760 2508">
    <p class='ocr_par' dir='ltr' id='par_1_102' title="bbox 1056 2468 1760 2508">
     <span class='ocr_line' id='line_1_103' title="bbox 1056 2468 1760 2508; baseline 0.004 -13"><span class='ocrx_word' id='word_1_757' title='bbox 1056 2470 1128 2496; x_wconf 82' lang='lat' dir='ltr'>PUZ&#39;</span> <span class='ocrx_word' id='word_1_758' title='bbox 1145 2468 1211 2502; x_wconf 84' lang='lat'>(69).</span> <span class='ocrx_word' id='word_1_759' title='bbox 1227 2483 1262 2488; x_wconf 94' lang='lat'><strong><em>—</em></strong></span> <span class='ocrx_word' id='word_1_760' title='bbox 1275 2469 1457 2503; x_wconf 68' lang='grc' dir='ltr'>Εὑφροσύγῃ</span> <span class='ocrx_word' id='word_1_761' title='bbox 1475 2470 1637 2505; x_wconf 75' lang='grc' dir='ltr'>ἡγουμένῃ.</span> <span class='ocrx_word' id='word_1_762' title='bbox 1656 2470 1760 2508; x_wconf 56' lang='grc' dir='ltr'>[ψμαζ]</span> 
     </span>
    </p>
   </div>
   <div class='ocr_carea' id='block_1_103' title="bbox 442 2521 1542 2553">
    <p class='ocr_par' dir='ltr' id='par_1_103' title="bbox 442 2521 1542 2553">
     <span class='ocr_line' id='line_1_104' title="bbox 442 2521 1542 2553; baseline 0.007 -8"><span class='ocrx_word' id='word_1_763' title='bbox 442 2521 496 2553; x_wconf 78' lang='lat' dir='ltr'>Ejus</span> <span class='ocrx_word' id='word_1_764' title='bbox 518 2521 575 2546; x_wconf 67' lang='lat' dir='ltr'>vita:</span> <span class='ocrx_word' id='word_1_765' title='bbox 588 2523 755 2552; x_wconf 84' lang='lat' dir='ltr'>sanctitatem,</span> <span class='ocrx_word' id='word_1_766' title='bbox 769 2529 797 2547; x_wconf 82' lang='lat' dir='ltr'>ac</span> <span class='ocrx_word' id='word_1_767' title='bbox 810 2524 953 2553; x_wconf 65' lang='lat' dir='ltr'>praeclaram</span> <span class='ocrx_word' id='word_1_768' title='bbox 965 2526 1110 2552; x_wconf 81' lang='lat' dir='ltr'>monasterii</span> <span class='ocrx_word' id='word_1_769' title='bbox 1123 2525 1363 2551; x_wconf 84' lang='lat' dir='ltr'>administrationem</span> <span class='ocrx_word' id='word_1_770' title='bbox 1379 2528 1542 2553; x_wconf 85' lang='lat' dir='ltr'>commendat.</span> 
     </span>
    </p>
   </div>
   <div class='ocr_carea' id='block_1_104' title="bbox 214 2565 966 2600">
    <p class='ocr_par' dir='ltr' id='par_1_104' title="bbox 214 2565 966 2600">
     <span class='ocr_line' id='line_1_105' title="bbox 214 2565 966 2600; baseline 0.004 -8"><span class='ocrx_word' id='word_1_771' title='bbox 214 2565 292 2592; x_wconf 85' lang='lat' dir='ltr'>Nunc</span> <span class='ocrx_word' id='word_1_772' title='bbox 306 2565 387 2591; x_wconf 83' lang='lat' dir='ltr'>etiam</span> <span class='ocrx_word' id='word_1_773' title='bbox 416 2574 463 2600; x_wconf 89' lang='lat' dir='ltr'>per</span> <span class='ocrx_word' id='word_1_774' title='bbox 478 2566 582 2593; x_wconf 86' lang='lat' dir='ltr'>litteras</span> <span class='ocrx_word' id='word_1_775' title='bbox 607 2566 753 2593; x_wconf 81' lang='lat' dir='ltr'>invisimus</span> <span class='ocrx_word' id='word_1_776' title='bbox 786 2568 966 2596; x_wconf 74' lang='lat' dir='ltr'>reverentiam</span> 
     </span>
    </p>
   </div>
   <div class='ocr_carea' id='block_1_105' title="bbox 179 2613 967 2652">
    <p class='ocr_par' dir='ltr' id='par_1_105' title="bbox 179 2613 967 2652">
     <span class='ocr_line' id='line_1_106' title="bbox 179 2613 967 2652; baseline 0.005 -12"><span class='ocrx_word' id='word_1_777' title='bbox 179 2619 264 2645; x_wconf 83' lang='lat' dir='ltr'>tuam,</span> <span class='ocrx_word' id='word_1_778' title='bbox 285 2613 356 2641; x_wconf 80' lang='lat' dir='ltr'>scire</span> <span class='ocrx_word' id='word_1_779' title='bbox 377 2618 488 2641; x_wconf 86' lang='lat' dir='ltr'>aventes</span> <span class='ocrx_word' id='word_1_780' title='bbox 505 2621 587 2648; x_wconf 88' lang='lat' dir='ltr'>quam</span> <span class='ocrx_word' id='word_1_781' title='bbox 602 2618 762 2642; x_wconf 83' lang='lat' dir='ltr'>constanter</span> <span class='ocrx_word' id='word_1_782' title='bbox 779 2614 806 2641; x_wconf 91' lang='lat' dir='ltr'>iu</span> <span class='ocrx_word' id='word_1_783' title='bbox 821 2615 875 2643; x_wconf 81' lang='lat' dir='ltr'>rita</span> <span class='ocrx_word' id='word_1_784' title='bbox 890 2617 967 2652; x_wconf 89' lang='lat' dir='ltr'>spiri-</span> 
     </span>
    </p>
   </div>
   <div class='ocr_carea' id='block_1_106' title="bbox 178 2660 968 2699">
    <p class='ocr_par' dir='ltr' id='par_1_106' title="bbox 178 2660 968 2699">
     <span class='ocr_line' id='line_1_107' title="bbox 178 2660 968 2699; baseline 0.005 -12"><span class='ocrx_word' id='word_1_785' title='bbox 178 2661 243 2688; x_wconf 78' lang='lat' dir='ltr'>tuali</span> <span class='ocrx_word' id='word_1_786' title='bbox 262 2661 312 2687; x_wconf 83' lang='lat' dir='ltr'>rite</span> <span class='ocrx_word' id='word_1_787' title='bbox 334 2660 443 2688; x_wconf 73' lang='lat' dir='ltr'>ferenda</span> <span class='ocrx_word' id='word_1_788' title='bbox 470 2669 635 2695; x_wconf 82' lang='lat' dir='ltr'>perseveres.</span> <span class='ocrx_word' id='word_1_789' title='bbox 655 2661 762 2688; x_wconf 87' lang='lat' dir='ltr'>Etenim</span> <span class='ocrx_word' id='word_1_790' title='bbox 782 2667 812 2688; x_wconf 93' lang='lat' dir='ltr'>ut</span> <span class='ocrx_word' id='word_1_791' title='bbox 837 2662 888 2690; x_wconf 81' lang='lat' dir='ltr'>hoc</span> <span class='ocrx_word' id='word_1_792' title='bbox 904 2671 968 2699; x_wconf 79' lang='lat' dir='ltr'>aga-</span> 
     </span>
    </p>
   </div>
   <div class='ocr_carea' id='block_1_107' title="bbox 213 2749 399 2781">
    <p class='ocr_par' dir='ltr' id='par_1_107' title="bbox 213 2749 399 2781">
     <span class='ocr_line' id='line_1_108' title="bbox 213 2749 399 2781; baseline -0.005 -5"><span class='ocrx_word' id='word_1_793' title='bbox 213 2749 235 2763; x_wconf 73' lang='grc'>⁸¹</span> <span class='ocrx_word' id='word_1_794' title='bbox 249 2749 300 2776; x_wconf 77' lang='lat' dir='ltr'>Job</span> <span class='ocrx_word' id='word_1_795' title='bbox 320 2757 340 2781; x_wconf 82' lang='lat' dir='ltr'>t,</span> <span class='ocrx_word' id='word_1_796' title='bbox 353 2750 399 2775; x_wconf 70' lang='lat'>2|.</span> 
     </span>
    </p>
   </div>
   <div class='ocr_carea' id='block_1_108' title="bbox 447 2749 933 2785">
    <p class='ocr_par' dir='ltr' id='par_1_108' title="bbox 447 2749 933 2785">
     <span class='ocr_line' id='line_1_109' title="bbox 447 2749 933 2785; baseline 0.008 -10"><span class='ocrx_word' id='word_1_797' title='bbox 447 2749 469 2765; x_wconf 78' lang='grc'>⁸⁵</span> <span class='ocrx_word' id='word_1_798' title='bbox 489 2749 496 2775; x_wconf 95' lang='lat' dir='ltr'>l</span> <span class='ocrx_word' id='word_1_799' title='bbox 516 2750 580 2778; x_wconf 87' lang='lat' dir='ltr'>Cor.</span> <span class='ocrx_word' id='word_1_800' title='bbox 596 2759 623 2784; x_wconf 70' lang='grc' dir='ltr'>ιι,</span> <span class='ocrx_word' id='word_1_801' title='bbox 640 2752 684 2778; x_wconf 82' lang='grc'>15.</span> <span class='ocrx_word' id='word_1_802' title='bbox 721 2751 743 2767; x_wconf 80' lang='grc'>¹³⁶</span> <span class='ocrx_word' id='word_1_803' title='bbox 758 2751 816 2779; x_wconf 80' lang='lat' dir='ltr'>Jac.</span> <span class='ocrx_word' id='word_1_804' title='bbox 835 2760 871 2785; x_wconf 84' lang='lat' dir='ltr'>tv,</span> <span class='ocrx_word' id='word_1_805' title='bbox 893 2752 933 2779; x_wconf 81' lang='lat' dir='ltr'>M.</span> 
     </span>
    </p>
   </div>
   <div class='ocr_carea' id='block_1_109' title="bbox 1058 2569 1817 2606">
    <p class='ocr_par' dir='ltr' id='par_1_109' title="bbox 1058 2569 1817 2606">
     <span class='ocr_line' id='line_1_110' title="bbox 1058 2569 1817 2606; baseline 0.003 -10"><span class='ocrx_word' id='word_1_806' title='bbox 1058 2571 1113 2597; x_wconf 74' lang='grc' dir='ltr'>Καὶ</span> <span class='ocrx_word' id='word_1_807' title='bbox 1130 2570 1177 2596; x_wconf 74' lang='grc' dir='ltr'>ἐπὶ</span> <span class='ocrx_word' id='word_1_808' title='bbox 1201 2569 1249 2596; x_wconf 76' lang='grc' dir='ltr'>τοῦ</span> <span class='ocrx_word' id='word_1_809' title='bbox 1279 2570 1413 2605; x_wconf 79' lang='grc' dir='ltr'>παρόντος</span> <span class='ocrx_word' id='word_1_810' title='bbox 1439 2570 1662 2604; x_wconf 83' lang='grc' dir='ltr'>ἐπισκεπτόμεθά</span> <span class='ocrx_word' id='word_1_811' title='bbox 1689 2579 1736 2597; x_wconf 80' lang='grc' dir='ltr'>σου</span> <span class='ocrx_word' id='word_1_812' title='bbox 1766 2571 1817 2606; x_wconf 77' lang='grc' dir='ltr'>τὴν</span> 
     </span>
    </p>
   </div>
   <div class='ocr_carea' id='block_1_110' title="bbox 1021 2615 1818 2652">
    <p class='ocr_par' dir='ltr' id='par_1_110' title="bbox 1021 2615 1818 2652">
     <span class='ocr_line' id='line_1_111' title="bbox 1021 2615 1818 2652; baseline 0.001 -10"><span class='ocrx_word' id='word_1_813' title='bbox 1021 2616 1168 2651; x_wconf 78' lang='grc' dir='ltr'>τιμιότητα</span> <span class='ocrx_word' id='word_1_814' title='bbox 1191 2616 1236 2642; x_wconf 72' lang='grc' dir='ltr'>διὰ</span> <span class='ocrx_word' id='word_1_815' title='bbox 1265 2615 1312 2641; x_wconf 80' lang='grc' dir='ltr'>τοῦ</span> <span class='ocrx_word' id='word_1_816' title='bbox 1334 2616 1510 2651; x_wconf 78' lang='grc' dir='ltr'>γράμματος,</span> <span class='ocrx_word' id='word_1_817' title='bbox 1538 2616 1694 2652; x_wconf 80' lang='grc' dir='ltr'>γλιχόμενοι</span> <span class='ocrx_word' id='word_1_818' title='bbox 1717 2617 1818 2652; x_wconf 77' lang='grc' dir='ltr'>μαθεῖν</span> 
     </span>
    </p>
   </div>
   <div class='ocr_carea' id='block_1_111' title="bbox 1020 2662 1816 2699">
    <p class='ocr_par' dir='ltr' id='par_1_111' title="bbox 1020 2662 1816 2699">
     <span class='ocr_line' id='line_1_112' title="bbox 1020 2662 1816 2699; baseline 0.004 -11"><span class='ocrx_word' id='word_1_819' title='bbox 1020 2662 1095 2694; x_wconf 82' lang='grc' dir='ltr'>ὅπως</span> <span class='ocrx_word' id='word_1_820' title='bbox 1110 2662 1193 2696; x_wconf 74' lang='grc' dir='ltr'>ὑγιῶς</span> <span class='ocrx_word' id='word_1_821' title='bbox 1216 2662 1348 2696; x_wconf 73' lang='grc' dir='ltr'>διατελοίη</span> <span class='ocrx_word' id='word_1_822' title='bbox 1367 2662 1487 2698; x_wconf 76' lang='grc' dir='ltr'>φέρουσα</span> <span class='ocrx_word' id='word_1_823' title='bbox 1502 2663 1609 2697; x_wconf 81' lang='grc' dir='ltr'>εὐαγῶς</span> <span class='ocrx_word' id='word_1_824' title='bbox 1626 2663 1675 2698; x_wconf 78' lang='grc' dir='ltr'>τὴν</span> <span class='ocrx_word' id='word_1_825' title='bbox 1690 2671 1816 2699; x_wconf 77' lang='grc' dir='ltr'>πνευμα-</span> 
     </span>
    </p>
   </div>
   <div class='ocr_carea' id='block_1_112' title="bbox 972 2751 1344 2786">
    <p class='ocr_par' dir='ltr' id='par_1_112' title="bbox 972 2751 1344 2786">
     <span class='ocr_line' id='line_1_113' title="bbox 972 2751 1344 2786; baseline -0.005 -6"><span class='ocrx_word' id='word_1_826' title='bbox 972 2752 994 2768; x_wconf 83' lang='grc'>⁸⁷</span> <span class='ocrx_word' id='word_1_827' title='bbox 1008 2751 1076 2780; x_wconf 89' lang='lat' dir='ltr'>ch.</span> <span class='ocrx_word' id='word_1_828' title='bbox 1093 2760 1150 2786; x_wconf 66' lang='grc' dir='ltr'>χιιι,</span> <span class='ocrx_word' id='word_1_829' title='bbox 1163 2751 1178 2777; x_wconf 85' lang='lat'><strong>7</strong></span> <span class='ocrx_word' id='word_1_830' title='bbox 1189 2759 1244 2779; x_wconf 87' lang='lat' dir='ltr'>sec.</span> <span class='ocrx_word' id='word_1_831' title='bbox 1262 2751 1344 2779; x_wconf 73' lang='lat' dir='ltr'>LXX.</span> 
     </span>
    </p>
   </div>
   <div class='ocr_carea' id='block_1_113' title="bbox 940 2819 1055 2848">
    <p class='ocr_par' dir='ltr' id='par_1_113' title="bbox 940 2819 1055 2848">
     <span class='ocr_line' id='line_1_114' title="bbox 940 2819 1055 2848; baseline 0.009 -1"><span class='ocrx_word' id='word_1_832' title='bbox 940 2819 1055 2848; x_wconf 80' lang='grc' dir='ltr'>ΝΟΤᾹΞ.</span> 
     </span>
    </p>
   </div>
   <div class='ocr_carea' id='block_1_114' title="bbox 214 2875 553 2912">
    <p class='ocr_par' dir='ltr' id='par_1_114' title="bbox 214 2875 553 2912">
     <span class='ocr_line' id='line_1_115' title="bbox 214 2875 553 2912; baseline -0.003 -10"><span class='ocrx_word' id='word_1_833' title='bbox 214 2876 270 2912; x_wconf 82' lang='grc'>(69]</span> <span class='ocrx_word' id='word_1_834' title='bbox 288 2875 315 2902; x_wconf 93' lang='lat' dir='ltr'>In</span> <span class='ocrx_word' id='word_1_835' title='bbox 329 2876 388 2908; x_wconf 59' lang='lat' dir='ltr'>eod,</span> <span class='ocrx_word' id='word_1_836' title='bbox 406 2875 471 2911; x_wconf 77' lang='lat' dir='ltr'>Reg.</span> <span class='ocrx_word' id='word_1_837' title='bbox 490 2875 553 2911; x_wconf 69' lang='lat'>900&#39;.</span> 
     </span>
    </p>
   </div>
  </div>
