1927 3089
116 146 182 178 1549

714 143 984 174 EPISTULARUM
1013 143 1087 173 LIB.
1106 142 1148 172 ΙΙ.

1675 142 1742 173 1.550

112 203 191 238 τικὴν
201 201 285 236 ζωήν,
305 201 360 227 Καὶ
374 201 428 236 γὰρ
446 200 526 234 ἔργον
543 199 609 236 ήμίν
624 199 798 234 ὀφειλόμενον
823 197 903 225 τοῦτο

965 205 1028 229 nus,
1043 197 1123 224 ollicii
1138 201 1180 224 est
1195 196 1281 224 nostri
1297 201 1452 231 :quatenus
1469 201 1498 224 tu
1521 197 1635 232 teipsam
1653 197 1743 224 humi-

115 249 201 275 ποιεῖν
214 256 220 262 ·
237 246 363 282 καθάπερ
375 247 422 273 καὶ
440 245 511 280 αὕτη
526 245 776 280 προσανατέθεικας
804 243 905 280 ἑαυτὴν

116 296 147 330 τῇ
162 292 328 320 ταπεινώσει
341 292 429 327 ήμῶν,
447 292 495 318 ἀπ’
511 291 596 324 αὐτῆς
617 291 667 325 τῆς
683 290 821 326 μακαρίας
852 298 905 324 μη-

115 338 178 373 τρός
193 346 240 364 σου
257 345 263 352 ·
281 335 314 372 ἧς
332 337 361 362 τὸ
379 336 550 371 μνημόσυνον
562 337 591 362 ὲν
608 335 692 370 βίϐλῳ
720 334 842 367 ζώντων·
855 342 904 360 κα‹

115 383 167 415 λῶς
184 382 333 418 βιωσάσης,
349 382 395 408 καὶ
410 381 575 416 χαρακτῆρα
590 380 732 412 εὐσεϐείας
748 379 794 406 τὸν
805 379 906 413 ἑαυτῆς

116 429 172 465 βίον
188 428 400 462 καταλιπούσης,
418 427 448 453 οὐ
468 427 550 462 μόνον
565 435 605 453 σοι
622 428 656 461 τῇ
677 427 739 461 ἱερᾷ
765 425 813 452 καὶ
845 425 905 452 θεό-

115 483 205 510 φρονι,
223 475 282 504 ταῖς
298 482 328 500 τε
345 473 397 499 ὑπὸ
411 473 500 507 χεῖρα,
529 471 598 498 ἀλλὰ
622 472 669 498 καὶ
699 472 781 498 πᾶσιν
805 470 906 504 ἄλλοις,

114 517 155 552 οἷς
170 521 229 546 ἐστι
245 519 328 549 πόθος
342 519 439 553 ζηλοῦν
455 520 489 544 τὰ
512 518 592 545 καλά.
609 517 646 544 Τὸ
665 517 731 551 γοῦν
754 517 907 552 ὑπόδειγμα

114 567 164 601 τῆς
179 566 280 601 ἀρετῆς
294 565 429 600 μητρόθεν
445 564 554 600 ἔχουσα,
572 563 689 599 πρόσθες
700 564 749 590 καὶ
774 564 809 590 τὰ
835 563 907 590 κατὰ

116 613 217 642 σαυτὴν
229 611 280 642 ἐτι,
294 611 387 646 κυρία,
399 610 622 645 παρακαλοῦμεν·
636 610 665 644 ἐξ
676 610 780 642 εἰκόνος
792 610 907 646 ἀρίστης

115 657 199 684 εἰκὼν
210 657 340 692 γινομένη
353 657 401 684 καὶ
417 657 486 693 αὐτὴ
500 656 592 683 ἐνθέου
608 656 665 691 βίου
681 658 738 687 τοῖς
753 655 837 691 ὁρῶσί
864 664 904 687 σε,

115 703 212 738 ὥσπερ
240 704 287 729 καὶ
299 703 396 737 γίνοιο.
432 703 486 728 Καὶ
499 702 554 738 γὰρ
568 702 705 737 ἀκούομεν
731 701 771 728 ἑτι
794 702 840 728 καὶ
867 701 907 728 ἔτι

116 750 151 776 τὰ
183 749 254 776 καλά
282 757 312 775 σε
328 749 502 784 πράττουσαν
517 757 525 765 ·
549 748 629 774 τοῦτο
641 749 690 783 μὲν
708 750 737 775 ὲν
767 749 801 783 τῇ
818 747 907 783 καθη-

115 795 198 830 γήσει
212 795 266 821 τῶν
282 794 416 829 ἀδελφῶν,
437 795 486 830 μιᾷ
505 794 578 830 ψυχῇ
592 794 773 829 ἁγαπητικῶς
788 794 838 825 τὰς
859 794 908 820 πά-

117 850 168 872 σας
178 841 352 876 συνέχουσαν.
362 841 554 876 γρηγοροῦσαν
568 840 602 866 τὰ
614 840 681 875 πρὸς
691 840 767 873 Θεὸν,
783 840 812 866 ὲν
825 848 908 875 προσ-

956 243 1025 271 litati
1039 248 1142 271 nostra:
1155 243 1317 271 commisisti
1345 248 1407 278 post
1418 243 1522 271 obitum
1535 243 1624 271 beatae
1650 246 1746 271 matris

954 295 1008 316 tum
1021 298 1029 323 ;
1043 289 1122 323 cujus
1136 289 1267 320 memoria
1280 289 1307 315 in
1322 289 1470 315 viventium
1487 289 1559 316 libro
1572 293 1625 321 est,
1640 293 1670 315 ut
1685 296 1747 322 quae

956 342 1054 364 sancte
1071 336 1140 363 vixit
1152 345 1158 362 :
1172 336 1334 370 pietatisque
1349 335 1478 368 formam,
1493 343 1572 364 Suam
1592 336 1679 371 ipsius
1705 337 1747 362 vi-

957 387 1010 409 tam
1030 383 1150 417 reliquit,
1166 389 1219 409 non
1245 381 1333 408 solum
1348 381 1407 413 tibi,
1431 389 1493 416 qua:
1509 390 1586 410 sacra
1602 390 1643 414 es,
1657 387 1684 409 et
1704 382 1748 409 di-

956 430 1021 456 vina
1046 429 1131 463 sapis,
1156 433 1183 456 et
1202 428 1235 456 iis
1255 435 1316 463 qua}
1338 428 1389 455 sub
1405 435 1488 455 manu
1503 433 1548 455 tua
1568 433 1633 456 sunt
1647 428 1749 456 sorori-

956 475 1019 507 bus,
1047 475 1093 502 sed
1109 474 1171 502 aliis
1198 474 1280 501 etiam
1308 474 1447 506 omnibus,
1459 475 1506 509 qui
1524 478 1598 501 recta
1626 474 1748 502 :emulari

956 521 1122 549 desiderant.
1143 520 1210 548 Cum
1238 528 1304 555 ergo
1324 520 1432 547 virtutis
1455 521 1611 555 exemplum
1630 528 1646 548 a
1663 527 1750 548 matre

957 567 1069 598 habeas,
1085 566 1172 601 adjice
1195 567 1308 601 insuper
1321 575 1382 602 quae
1396 572 1441 594 tua
1460 573 1535 599 sunt,
1552 567 1675 599 domina,
1698 566 1748 594 ob-

957 619 1091 641 testamur
1107 634 1115 645 ,
1135 619 1162 641 ut
1185 621 1217 641 ex
1236 614 1339 647 optima
1357 614 1475 649 imagine
1488 614 1580 649 imago
1595 619 1622 641 ct
1640 614 1697 648 ipsa
1713 613 1753 641 di-

957 660 1029 687 vinae
1057 660 1119 687 vita:
1146 660 1186 687 sis
1203 660 1388 693 intuentibus,
1407 660 1639 695 quemadmodum
1658 668 1752 687 revera

958 706 1051 733 futura
1067 714 1106 734 es.
1124 706 1214 733 Audio
1235 706 1308 733 enim
1320 707 1403 733 etiam
1415 711 1499 741 atque
1517 706 1600 735 etiam
1621 706 1752 741 prmclala

958 760 1023 787 qua:
1035 753 1120 788 geris,
1132 753 1231 787 partim
1242 753 1315 780 circa
1331 752 1524 787 praefecturam
1540 761 1677 786 sororum,
1690 761 1753 780 cun-

959 805 1018 827 ctas
1033 800 1060 826 in
1074 800 1165 827 anima
1176 808 1229 826 una
1238 807 1287 834 per
1296 799 1457 827 charitatem
1469 804 1625 832 continens,
1637 799 1753 834 vigilans

960 848 989 873 in
1016 836 1050 873 iis
1070 853 1132 880 qua:
1159 846 1192 872 ad
1209 845 1294 872 Deum
1321 850 1455 879 spectant,
1477 845 1505 873 in
1527 845 1709 876 orationibus.
1727 846 1753 871 in

117 888 223 922 ευχαῖς,
240 888 268 913 ἐν
285 886 466 921 ψαλμῳδιαις,
493 887 522 912 ὲν
554 885 723 919 ἀναγνώσεσι
740 895 748 903 ο
778 886 856 913 τοῦτο
879 887 907 913 δὲ

965 890 1134 926 psalmodiis,
1147 890 1175 916 in
1189 889 1354 917 lectionibus
1373 900 1379 917 :
1397 891 1498 924 partim
1514 895 1541 917 et
1560 890 1588 916 in
1601 890 1691 917 amica
1704 890 1753 917 ho-

116 933 166 958 καὶ
182 933 211 958 ἐν
228 932 384 967 φιλαδέλφῳ
417 931 556 967 ξενοδοχίᾳ
580 932 758 967 πολυτρόπως
785 933 911 968 διαμερι-

117 978 237 1013 ζομένην
260 979 320 1010 ταῖς
341 978 499 1014 φροντίσεσι
514 987 544 1005 τε
560 979 608 1005 καὶ
620 979 756 1005 ὲπιδόσεσι
770 988 777 994 ·
793 979 840 1005 καὶ
856 976 911 1005 οἷόν

115 1034 160 1056 τις
172 1024 310 1059 ὀφθαλμὸς
323 1026 352 1050 ἐν
369 1024 485 1059 σώματι,
498 1024 577 1051 τοῦτο
602 1026 631 1051 ὲν
644 1026 676 1059 τῇ
695 1024 849 1056 Βυζαντίδι,
873 1024 912 1057 ὡς

117 1070 255 1101 κατανοῶ,
271 1070 300 1096 τὸ
312 1069 358 1097 σὸν
369 1071 551 1106 μοναστήριον
561 1079 568 1086 ·
580 1070 614 1097 δι’
631 1067 662 1097 οὗ
678 1069 819 1102 δοξάζεται
834 1070 911 1104 Θεὸς,

117 1116 167 1143 καὶ
183 1116 276 1150 ἣδεται
304 1116 432 1151 ἀρρήτως
458 1116 618 1151 ήμακαρία
648 1116 740 1152 μήτηρ
757 1124 765 1132 ’
796 1116 912 1150 ἐπείπερ

117 1160 252 1195 ἠξίωνται
269 1161 294 1187 οἱ
313 1161 386 1194 ἆγιοι
400 1160 511 1195 βλέπειν
539 1161 594 1188 τῶν
621 1162 695 1196 σφῶν
722 1161 851 1197 μαθητῶν
878 1161 913 1188 τὰ

118 1206 335 1242 κατορθώματα.
351 1205 466 1241 Χαιροις
492 1206 550 1238 οὖν,
565 1207 655 1242 ἀγαθὴ
681 1206 835 1239 διδάσκαλε,
866 1207 914 1233 καὶ

119 1252 214 1286 μήτηρ
225 1251 409 1286 γνησιεύουσα
419 1252 473 1278 τῶν
487 1252 558 1278 κατὰ
572 1252 639 1278 Θεὸν
654 1253 758 1279 τέκνων
771 1261 777 1268 ν
794 1252 843 1279 καὶ
859 1253 908 1280 ἄλ-

118 1297 161 1324 λοι
180 1297 230 1332 μὲν
247 1298 387 1332 ἐχέτωσαν
402 1298 481 1330 δόξας
495 1298 593 1332 γηῖνας
622 1298 672 1325 καὶ
704 1298 912 1333 λαμπρότητας,

117 1343 277 1378 διαδήματα
306 1352 336 1370 τε
358 1343 405 1370 καὶ
431 1343 633 1378 στεφανώματα
662 1343 840 1378 πρόσκαιρα*
871 1343 914 1370 σοι

118 1390 147 1417 δὲ
178 1392 292 1427 ἀρκέσει
304 1392 318 1418 ὁ
334 1392 450 1427 σταυρὸς
462 1391 594 1427 Χριστοῦ,
607 1391 621 1418 ὁ
637 1391 784 1426 θεόληπτος
801 1391 868 1426 βίος,
899 1393 914 1418 ὸ

118 1437 334 1472 χριστοπόθητος
348 1437 503 1473 παρθενὼν,
523 1438 548 1464 εἰ
563 1437 591 1464 δὲ
607 1438 709 1473 βούλει,
721 1438 755 1465 τὰ
768 1438 838 1473 ὑπὲρ
849 1447 914 1473 χρυ-

119 1483 178 1509 σίον
189 1483 239 1509 καὶ
254 1482 329 1510 λίθον
353 1483 447 1518 τίμιον
460 1483 667 1519 τιμαλφέστερα
680 1484 758 1518 λόγια
769 1484 815 1510 τοῦ
824 1483 892 1510 Θεοῦ
904 1491 912 1498 “

120 1528 154 1555 τὸ
167 1529 247 1562 φαιὸν
262 1529 381 1564 ἱμάτιον,
397 1529 415 1565 ὴ
433 1529 614 1564 ἀκολούθησις
626 1530 673 1556 τοῦ
698 1530 818 1565 Χριστοῦ
831 1538 838 1544 '
854 1529 913 1557 ἆτι-

118 1575 153 1602 νά
169 1575 229 1601 ἐστι
245 1575 331 1610 μείζω
348 1575 458 1603 πάντων
470 1577 524 1603 τῶν
547 1576 688 1611 ἐπιγείων,
709 1577 757 1603 καὶ
784 1576 911 1612 speciem.

118 1621 239 1656 νίσματα
259 1622 310 1657 τῆς
322 1621 461 1656 βασιλείας
471 1622 526 1648 τῶν
541 1622 675 1656 οὐρανῶν.

154 1667 202 1702 Μή
217 1675 258 1694 σοι
272 1667 366 1694 λοιπόν
377 1676 443 1695 ποτε
457 1669 575 1704 νυστάξῃ
585 1669 615 1695 τὸ
629 1668 705 1704 ὄμμα
718 1669 767 1704 τῆς
783 1668 914 1700 διανοίας,

123 1713 193 1748 μηδὲ
210 1715 227 1749 ή
251 1714 320 1749 ἀκοὴ
341 1714 392 1749 τῆς
406 1714 519 1749 καρδίας
534 1715 743 1750 ιίινακονλυστπιῆσῃ⁸
760 1715 828 1749 μηδὲ
848 1713 915 1749 λήξῃ

121 1759 168 1785 σού
185 1767 252 1785 ποτε
272 1760 287 1785 ὁ
298 1759 368 1791 θεῖος
383 1758 454 1794 ἐρως
471 1767 478 1774 ·
508 1760 578 1786 ἀλλὰ
590 1761 644 1796 γὰρ
670 1761 717 1787 καὶ
746 1760 916 1796 προσθήκαις

120 1803 228 1838 ἀρετῶν
245 1804 289 1830 ἀεὶ
311 1804 455 1838 ὲπαύξαιο,
472 1804 608 1832 νύσσουσα
636 1806 683 1832 καὶ
710 1805 916 1832 κατανύσσουσα

120 1849 170 1884 τὴν
183 1849 284 1885 ψυχὴν,
301 1850 348 1876 καὶ
360 1850 455 1885 ὥσπερ
469 1850 500 1877 ἔκ
513 1860 586 1883 τινος
595 1851 689 1887 πηγῆς
706 1852 860 1887 προχέουσα
870 1852 914 1878 δά-

122 1903 218 1930 κρυον.
236 1895 326 1922 Καλὸν
346 1896 399 1931 γάρ
412 1897 485 1923 ἐστιν
501 1897 542 1923 ὅτι
560 1896 679 1931 μάλιστα
692 1896 722 1923 τὸ
743 1896 815 1932 ὕδωρ
827 1896 916 1923 τοῦτο·

121 1941 252 1976 καθαίρει
267 1941 367 1977 ψυχὴν,
383 1941 439 1969 ἔσθ’
453 1943 497 1969 ὅτε
516 1942 692 1979 ρυπουμένην
706 1943 735 1969 ἐν
763 1943 917 1977 λογισμοῖς·

123 1986 252 2013 σϐέννυσι
271 1987 328 2022 πῦρ
352 1987 382 2020 ἐξ
397 1988 563 2022 ἀπροσεξίας
580 1988 769 2023 ἀναπτόμενον
785 1988 837 2014 ὑπὸ
849 1988 919 2024 ἔρω-

121 2041 168 2064 τος
184 2032 303 2067 σαρκός·
321 2033 484 2065 κατευνάζει
498 2034 643 2070 ταραχώδη
661 2034 783 2061 διάθεσιν
797 2034 844 2060 καὶ
856 2035 920 2061 δυσ-

123 2077 224 2112 μενοῦς
241 2078 395 2114 προσϐολῆς
408 2089 415 2095 ·
436 2079 556 2114 κάμπτει
565 2080 604 2115 τῷ
618 2080 674 2106 ὅντι
688 2080 755 2107 Θεὸν
776 2081 816 2111 εἰς
833 2080 918 2107 ἔλεον·

125 2125 173 2151 καί
190 2124 284 2158 ἵστησι
298 2124 380 2151 πάλιν
407 2126 454 2152 ἐπὶ
469 2126 519 2160 τῆς
536 2128 673 2163 προτέρας
687 2127 863 2162 γνησιότητος
875 2127 920 2154 τὸν

123 2170 257 2205 ἐραστήν.
276 2170 351 2205 Σοφὴ
369 2168 448 2203 οὖσα,
464 2173 518 2199 νόει
535 2172 553 2199 ἃ.
567 2172 649 2207 λέγω.
677 2173 776 2199 Δίδωσι
804 2173 856 2207 γάρ
880 2181 921 2199 σοι

962 935 1062 970 spitum
1081 942 1208 961 sororum
1226 934 1394 968 receptione,
1411 934 1534 961 animum
1556 934 1583 960 in
1599 941 1680 961 curas
1701 933 1753 960 lar-

962 980 1134 1016 gitionesque
1153 979 1299 1007 dividens:
1315 979 1443 1014 quodque
1471 980 1568 1007 oculus
1588 985 1630 1006 est
1649 978 1675 1006 in
1691 986 1753 1006 cor.

962 1033 1039 1061 pore,
1055 1026 1106 1053 hoc
1120 1026 1146 1053 in
1162 1025 1313 1061 Byzantina
1325 1025 1404 1057 urbe,
1422 1030 1453 1053 ut
1467 1025 1600 1060 intelligo,
1618 1029 1756 1052 monaste-

963 1072 1036 1099 rium
1068 1077 1144 1099 tuum
1169 1072 1274 1107 :cujus
1307 1072 1393 1106 gratia
1422 1072 1590 1107 gloriﬁcatur
1626 1069 1709 1103 Deus,
1728 1074 1756 1098 et

962 1118 1042 1146 beata
1069 1122 1157 1145 mater
1182 1117 1290 1145 laetatur
1309 1125 1390 1152 supra
1403 1125 1484 1153 quam
1498 1117 1551 1145 diei
1572 1121 1663 1152 potest
1679 1125 1686 1144 :
1701 1116 1754 1146 hoc

963 1164 1035 1191 enim
1055 1163 1146 1190 meriti
1173 1168 1237 1191 sunt
1259 1164 1359 1196 sancti,
1375 1168 1404 1190 ut
1423 1162 1622 1198 discipulorum
1640 1170 1754 1190 suorum

963 1214 1038 1236 recte
1061 1209 1132 1236 facta
1157 1208 1276 1237 videant.
1295 1208 1390 1236 Gaude
1410 1208 1504 1243 igitur,
1519 1208 1588 1235 bona
1613 1207 1754 1242 magistra,

963 1260 991 1283 et
1018 1263 1081 1282 vera
1099 1259 1186 1282 mater
1210 1255 1362 1283 secundum
1387 1255 1492 1282 Deum:
1509 1255 1617 1288 sibique
1639 1254 1756 1281 habeant

963 1302 1010 1329 alii
1022 1302 1171 1336 dignitates
1201 1306 1325 1329 terrenas
1347 1306 1374 1328 et
1390 1300 1541 1332 claritates,
1559 1300 1713 1327 diademata
1730 1305 1757 1325 ιιι

963 1347 1054 1374 brevis
1071 1347 1202 1382 temporis
1213 1354 1350 1380 coronas;
1372 1347 1421 1372 tibi
1443 1355 1508 1373 velo
1532 1347 1600 1373 satis
1615 1345 1667 1373 erit
1688 1350 1756 1372 crint

963 1392 1075 1423 Christi,
1090 1392 1144 1418 vita
1161 1391 1216 1418 Deo
1237 1397 1358 1426 accepta,
1372 1391 1482 1418 Christo
1502 1391 1585 1418 chara
1619 1391 1756 1425 virginum

963 1438 1073 1471 domus,
1090 1447 1133 1472 ac,
1150 1440 1173 1466 si
1187 1440 1268 1466 modo
1291 1440 1343 1472 vis,
1356 1439 1545 1466 desiderabilia
1562 1446 1644 1473 super
1659 1446 1757 1466 aurum

963 1489 992 1511 et
1016 1484 1132 1519 lapidem
1150 1484 1312 1519 pretiosum,
1337 1483 1446 1518 eloquia
1479 1483 1525 1510 Dei
1542 1491 1548 1509 :
1565 1483 1638 1518 pulla
1661 1482 1756 1513 vestis,

964 1530 1132 1558 consectatio
1156 1530 1257 1557 Christi
1274 1538 1282 1556 ι
1299 1537 1361 1564 qua:
1387 1530 1497 1564 quidem
1526 1529 1639 1556 terrenis
1668 1530 1759 1556 omni.-

965 1576 1018 1604 bus
1035 1576 1116 1604 bonis
1138 1576 1245 1611 potiora
1260 1580 1336 1608 sunt,
1352 1579 1379 1602 et
1392 1575 1506 1610 pignora
1523 1576 1599 1609 regni
1624 1574 1756 1601 cmlcstis.

1002 1664 1135 1691 Craterum
1159 1671 1301 1698 nunquam
1319 1663 1366 1690 tibi
1381 1664 1512 1691 dormitet
1532 1664 1630 1691 oeulus
1648 1664 1757 1695 mentis,

967 1718 1055 1745 neque
1080 1711 1155 1738 auris
1183 1711 1275 1738 cordis
1300 1710 1489 1743 obsurdescat,
1518 1719 1607 1745 neque
1637 1719 1757 1745 unquam

968 1762 1056 1784 cesset
1079 1757 1189 1783 divinus
1206 1764 1283 1783 amor
1299 1761 1361 1784 tuus
1379 1765 1387 1790 ;
1408 1758 1454 1784 sed
1481 1757 1655 1785 incrementis
1672 1758 1759 1784 virtu-

967 1808 1026 1830 tum
1059 1811 1167 1838 semper
1196 1803 1334 1838 augeat-is,
1363 1811 1490 1838 pungens
1519 1808 1548 1830 et
1573 1811 1760 1838 compungens

968 1851 1098 1883 animam,
1117 1854 1145 1877 et
1169 1854 1300 1884 tanquam
1320 1858 1354 1876 ex
1382 1849 1454 1877 fonte
1480 1850 1599 1884 quodam
1625 1850 1760 1885 lacrymas

968 1897 1121 1924 elIundens.
1152 1896 1268 1923 Pulchra
1295 1896 1368 1923 enim
1385 1901 1426 1923 est
1454 1904 1535 1931 quam
1559 1896 1678 1922 maxime
1704 1895 1762 1922 hinc

969 1950 1051 1977 aqua,
1074 1948 1102 1968 et
1122 1942 1242 1969 animam
1267 1941 1478 1976 cogitationibus
1495 1940 1631 1968 interdum
1648 1939 1763 1968 sorden-

970 1994 1023 2016 tem
1035 1989 1102 2015 elnit
1116 1996 1124 2020 ;
1143 1989 1230 2022 ignem
1250 1988 1411 2023 exstinguit,
1425 1989 1471 2022 qui
1487 1995 1518 2015 ex
1535 1987 1698 2021 negligentia
1715 1994 1762 2021 per

970 2034 1063 2062 carnis
1085 2042 1207 2061 amorem
1226 2034 1402 2066 accenditur;
1419 2034 1496 2061 sedat
1513 2033 1696 2060 turbulentam
1718 2032 1762 2059 af-

972 2079 1118 2106 fectionem
1144 2079 1178 2105 ab
1206 2078 1286 2105 hoste
1326 2078 1455 2112 injectam
1478 2087 1485 2105 :
1508 2078 1622 2105 inﬂectit
1649 2086 1762 2112 prorsus

971 2125 1055 2152 Deum
1069 2125 1103 2151 ad
1123 2125 1360 2152 misericordiam:
1378 2129 1406 2151 et
1421 2125 1448 2152 in
1472 2125 1591 2159 pristina
1606 2125 1764 2152 sinceritate

971 2178 1068 2198 rursus
1083 2170 1232 2198 constituet
1247 2175 1409 2198 amatorem.
1432 2171 1549 2205 Sapiens
1579 2179 1641 2198 cum
1655 2172 1704 2204 sis,
1720 2172 1763 2198 in-

123 2215 228 2249 Κύριος
252 2217 343 2251 χάριν,
368 2217 416 2243 καὶ
436 2217 531 2244 δὼσειέ
551 2226 593 2245 σοι
622 2219 673 2249 ἑτι,
696 2220 735 2249 εις
746 2220 776 2245 τὸ
798 2219 913 2254 στέργειι

974 2217 1063 2252 tellige
1077 2217 1149 2252 quod
1165 2217 1237 2244 dico.
1262 2217 1312 2244 Dat
1324 2218 1397 2244 enim
1425 2218 1473 2245 tibi
1488 2217 1621 2246 Dominus
1635 2219 1762 2252 gratiam,

123 2264 206 2290 αὑτὸν
243 2264 292 2290 καὶ
328 2265 565 2301 ἁντιστέργεσθαι,
605 2268 699 2293 ποθεῖν
727 2267 774 2294 καὶ
800 2268 917 2294 ἀντιπο-

123 2308 252 2336 θεῖσθαι·
281 2309 319 2341 ὡς
352 2310 385 2337 ἂν
410 2311 467 2343 ἔξει
496 2313 543 2338 καὶ
574 2313 616 2338 σοὶ
651 2313 740 2339 εἰπεῖν
765 2313 835 2348 μετὰ
871 2313 918 2339 τοῦ

130 2353 296 2380 ’Δποστόλου
312 2362 319 2369 ⁸
338 2355 384 2381 Ζῶ
398 2355 443 2389 δὲ,
460 2357 561 2384 οὐκέτι
581 2358 648 2392 ἐγὼ,
663 2358 700 2393 ζῇ
730 2358 764 2385 δὲ
792 2359 828 2385 ἐν
857 2358 921 2393 ἐμοὶ

124 2401 264 2434 Χριστός.
280 2401 335 2427 Καὶ
363 2402 418 2438 γὰρ
432 2403 446 2428 ὁ
477 2403 592 2437 ἀγαπῶν
613 2405 764 2440 ὁλοσχερῶς
791 2405 836 2431 τὸν
857 2405 922 2431 Θεὸν

124 2446 265 2478 ἐξίσταται
288 2447 396 2478 ἑαυτοῦ,
419 2449 448 2475 ἐν
472 2450 511 2483 τῷ
524 2450 701 2485 ἀγαπωμένῳ
725 2451 771 2477 καὶ
789 2451 844 2483 ζῶν
877 2453 924 2478 καὶ

124 2492 287 2527 κινούμενος
315 2494 361 2520 καὶ
383 2493 431 2521 ῶν.
454 2495 588 2531 Τοιαύτην
614 2505 644 2523 σε
668 2497 682 2522 ὁ
703 2497 782 2531 λόγος
802 2497 925 2532 ἐπιζητεί

123 2538 174 2573 τὴν
198 2538 320 2572 Νύμφην
335 2539 381 2566 τοῦ
410 2541 546 2576 Χριστοῦ,
562 2543 643 2576 καιγε
678 2543 728 2574 τὰς
749 2543 801 2569 ὑπὸ
833 2543 863 2569 σὲ
878 2543 924 2570 θυ-

125 2586 248 2621 γατέρας
263 2585 344 2613 Θεοῦ.
357 2586 413 2613 Καὶ
428 2587 454 2613 τι
473 2587 504 2613 τὸ
518 2588 659 2619 ἐντεῦθεν;
673 2589 688 2614 ὁ
704 2588 830 2623 Νυμφιος
853 2589 921 2623 Χρι-

126 2631 190 2662 στὸς
201 2631 216 2657 ὁ
230 2632 393 2667 ἐπουράνιος
409 2632 535 2667 νυμφὼν,
544 2633 591 2660 καὶ
601 2634 635 2660 τὰ
645 2633 736 2668 ἀγαθὰ
746 2634 795 2668 τῆς
808 2634 864 2661 ἄνω
876 2633 922 2660 Ἰε-

128 2677 392 2713 ρουσαλὴμ,αὖτηή
409 2678 535 2713 βασιλεία
561 2680 616 2706 τῶν
640 2680 765 2716 οὐρανῶν
787 2681 835 2707 καὶ
872 2681 923 2707 ὅσα

126 2722 299 2757 ἐπήγγελται
307 2723 498 2751 ἁναπαυστικὰ
507 2726 563 2757 τοῖς
576 2725 674 2760 ἁγίοις·
683 2726 702 2753 ἃ
710 2726 836 2761 φθάσασα
844 2726 859 2761 ἡ
871 2735 924 2762 μα-

128 2767 214 2802 καρία
231 2768 332 2804 μήτηρ,
350 2770 505 2804 παρακαλεῖ
512 2772 652 2807 ἐπιμένειν
665 2773 737 2808 ὑμᾶς
749 2774 778 2800 ὲν
791 2773 824 2808 τῇ
836 2774 924 2808 ἀσκή-

128 2820 181 2844 σει,
199 2813 230 2839 ὲν
245 2814 279 2848 τῇ
302 2814 424 2850 ὁμονοίᾳ,
441 2816 470 2844 ὲν
487 2819 520 2853 τῇ
536 2819 696 2854 συμψυχίᾳ·
715 2820 810 2846 πατεῖν
823 2819 857 2846 τὰ
869 2818 922 2846 πά-

176 2870 198 2886 “
219 2870 313 2898 Galat.
332 2879 365 2905 II,
380 2871 425 2899 9.2.

971 2269 1054 2298 atque
1081 2264 1185 2290 utinam
1209 2264 1255 2291 det
1277 2271 1372 2298 porro.
1399 2268 1429 2290 ut
1453 2263 1543 2298 ipsum
1562 2272 1637 2292 ames
1653 2269 1681 2291 et
1702 2264 1763 2290 red-

972 2310 1084 2342 ameris,
1093 2310 1231 2337 desideres
1241 2315 1268 2337 et
1279 2313 1375 2336 mutuo
1383 2309 1548 2337 desideraris
1558 2318 1565 2337 :
1576 2309 1658 2336 uttibi
1672 2309 1764 2336 dicere

974 2357 1053 2383 liceat
1080 2364 1142 2384 eum
1171 2356 1325 2391 Apostolo:
1347 2355 1408 2382 Vivo
1428 2360 1529 2386 autem,
1553 2355 1614 2390 jam
1638 2363 1689 2382 non
1705 2364 1762 2390 ego,

975 2403 1036 2430 vivit
1046 2411 1105 2430 vero
1118 2403 1145 2429 in
1161 2411 1201 2430 me
1213 2403 1333 2430 Christus
1345 2403 1380 2429 ⁸⁸.
1394 2402 1501 2429 Etenim
1513 2403 1558 2436 qui
1571 2403 1679 2436 penitus
1691 2409 1765 2430 amat

973 2449 1069 2481 Deum,
1087 2449 1144 2477 exit
1166 2450 1199 2476 de
1211 2449 1312 2484 seipso,
1328 2454 1355 2476 et
1372 2449 1398 2475 in
1412 2453 1503 2475 amato
1518 2448 1585 2475 vivit
1602 2453 1628 2475 et
1641 2453 1765 2475 moretur

972 2501 1000 2522 et
1018 2495 1135 2522 exsistit.
1154 2495 1246 2522 Talem
1265 2499 1293 2521 te
1315 2503 1377 2522 esse
1391 2495 1512 2529 postulat
1540 2494 1618 2526 ratio,
1635 2502 1765 2528 sponsam

972 2541 1086 2574 Christi,
1111 2541 1250 2575 simulque
1269 2541 1318 2567 tibi
1335 2541 1497 2568 commissas
1513 2540 1558 2567 Dei
1586 2541 1664 2568 tilias.
1694 2541 1764 2574 Quid

975 2587 1037 2614 inde
1052 2592 1143 2614 autem
1157 2587 1168 2613 ?
1188 2586 1313 2621 Sponsus
1330 2586 1465 2618 Christus,
1481 2586 1602 2613 emIestis
1616 2586 1764 2618 thalamus,

975 2639 1002 2660 et
1020 2633 1091 2659 bona
1111 2640 1237 2667 superna:
1247 2631 1410 2664 Jerusalem,
1425 2631 1477 2658 hoc
1493 2636 1544 2664 est,
1557 2640 1669 2666 regnum
1683 2634 1766 2660 coelo-

976 2688 1048 2713 rum,
1065 2686 1093 2707 et
1123 2687 1304 2715 quacumque
1321 2679 1424 2706 sanctis
1441 2679 1475 2706 ad
1489 2679 1607 2713 quietem
1629 2680 1765 2714 promissa

975 2730 1058 2759 sunt;
1079 2733 1141 2761 qua:
1155 2733 1217 2753 cum
1227 2725 1284 2760 jam
1303 2724 1400 2760 adepta
1413 2726 1449 2752 sit
1460 2725 1539 2753 beata
1555 2731 1652 2759 mater,
1671 2726 1765 2762 horta—

973 2776 1017 2799 tur
1038 2780 1088 2800 nos
1118 2771 1189 2798 utin
1213 2772 1409 2800 exercitatione
1437 2773 1628 2807 persistamus,
1647 2773 1675 2800 in
1699 2781 1767 2799 com

973 2818 1065 2846 cordia
1082 2822 1108 2846 et
1123 2817 1320 2852 unanimitate;
1336 2820 1558 2854 perturbationes
1589 2819 1674 2848 animi
1699 2826 1764 2846 θοιιι
