1927 3089
178 138 242 171 i551

769 136 798 165 S.
812 135 1010 165 TIiEODORI
1037 134 1211 165 STUDITAE

1736 136 1803 168 1552

174 194 315 219 rnlcemns
330 199 336 223 ;
358 197 468 218 carnem
485 189 626 217 oderimus
641 194 667 216 et
679 190 838 224 sanguinem
854 198 862 221 ;
883 189 968 216 dediti

1020 189 1066 222 θη,
1094 191 1182 224 μισεῖν
1195 190 1284 224 σάρκα
1296 190 1343 216 καὶ
1356 187 1435 224 αἷμα,
1450 189 1609 225 ἀντέχεσθαι
1637 191 1690 217 τῶν
1701 193 1805 227 ἀρετῶν

174 246 260 265 sumus
276 238 435 267 virtutibus.
461 243 511 271 per
541 243 611 271 quas
644 235 791 262 itlt‘ﬂ'abilua
818 236 874 262 luet:
895 235 965 261 bona

173 291 272 315 runsuq
277 283 302 308 ui
327 282 400 308 licet.

290 335 456 364 CLXXVIII.
474 352 509 357 —-
528 335 674 362 Eudocimo
690 334 838 368 siml/tario.

1017 234 1053 261 δι’
1069 231 1107 261 ὧν
1122 235 1196 261 ἐστιν
1210 236 1348 270 ἐπιτυχεῖν
1366 235 1451 263 τῶνδε
1461 235 1516 263 τῶν
1532 237 1660 271 ἀρρήτων
1687 239 1804 270 ἀγαθῶν.

1077 332 1153 358 POII'
1164 332 1231 367 (70).
1243 333 1441 369 -Εὑδοκίμῳ
1457 336 1622 383 σπρθιιρίῳ.
1633 336 1736 371 [ψμβκ]

622 394 703 426 Ipsius
713 394 866 425 patientiam,
883 396 909 418 et
921 392 945 416 in
956 392 1066 417 adversis
1075 393 1237 416 constantiam
1253 392 1345 417 laudat.

209 438 310 465 lterum
334 436 424 464 scribo
448 437 480 463 ad
499 437 686 464 excellentiam
707 442 791 468 tuam,
809 436 889 470 idque
909 435 959 462 itit-

173 485 254 520 pulsu
282 483 386 510 Silvani
410 483 629 510 revcrcndissimi
653 483 745 510 fratris
762 482 858 509 nostri.
883 481 961 508 Post—

173 539 255 566 quam
268 531 340 558 enim
356 531 383 557 in
395 535 572 565 conspectum
583 534 610 556 et
624 530 790 564 colloquium
816 529 897 559 venit,
913 528 963 554 hu-

174 577 264 603 milem
289 576 407 602 animam
434 581 555 602 nostram
583 575 729 609 percussit,
764 582 826 600 cum
856 573 962 607 singula

173 627 328 650 enarrasset
341 641 348 653 .
370 621 600 656 quemadmodum
615 629 676 648 curn
694 621 842 655 gratiarum
856 619 964 645 actione

173 668 258 700 feras,
286 667 397 695 domine
422 672 525 698 noster,
541 667 612 702 quod
638 666 747 697 accidit,
772 671 799 692 ct
818 665 851 692 ad
883 663 966 690 Deum

173 714 276 742 referas
301 715 372 741 hanc
389 721 560 745 aerumnam;
578 719 654 740 extra
682 716 709 739 te
732 711 824 738 omnia
843 714 967 738 statuens

173 769 234 795 quae
273 761 415 787 hominum
443 759 577 793 iniustitia
615 758 766 784 machinata
796 761 861 789 est;
885 761 965 790 atque

174 814 259 833 unum
290 806 407 840 denique
428 805 479 832 hoc
499 812 637 840 quatrcns,
654 811 710 839 quo
726 808 806 838 pacto
838 807 964 836 accepta-

1055 434 1212 467 Δευτερεύω
1226 434 1273 461 τοῦ
1289 434 1459 462 ἐπιστέλλειν
1471 437 1504 471 τῇ
1516 437 1653 473 τιμιότητί
1669 448 1716 465 σου
1731 448 1738 455 ’
1761 441 1807 467 καὶ

1012 479 1092 506 τοῦτο
1105 481 1277 514 προτραπεὶς
1292 481 1368 516 παρὰ
1378 481 1523 508 Σιλουανοῦ
1533 482 1579 509 τοῦ
1591 484 1806 518 αἱδεσιμωτάτου

1014 526 1092 560 ἡμῶν
1110 526 1239 560 ἀδελφοῦ.
1262 527 1372 561 Ἐπειδὴ
1387 527 1439 562 γὰρ
1453 526 1537 563 ἦλθεν
1553 530 1593 561 εἰς
1618 531 1726 565 ὁμιλίαν
1757 531 1806 566 τὴν

1014 571 1074 597 κατ’
1101 572 1269 607 ὀφθαλμοὺς,
1307 573 1474 600 κατέκλασεν
1493 575 1573 610 ἡμῶν
1599 575 1649 611 τὴν
1674 577 1806 613 ταπεινὴν

1014 617 1113 652 ψυχὴν,
1129 617 1302 653 ἑξηγορήσας
1317 619 1421 646 ἕκαστα
1435 620 1475 646 ὅτι
1491 620 1540 647 καὶ
1553 622 1726 657 εὐχαρίστως
1756 624 1806 657 φέο

1019 664 1264 699 ροις,όδεσπότης
1290 665 1380 700 ήμῶν,
1411 666 1442 691 τὸ
1468 666 1651 701 συμὸεὗηκδς,
1683 668 1731 694 καὶ
1760 669 1806 694 ἐπὶ

1015 710 1081 736 Θεὸν
1098 710 1244 745 ἀναφέρεις
1257 711 1286 737 τὸ
1309 711 1408 742 πάθος.
1425 711 1498 743 Ἐξυι
1521 712 1616 739 ἑαυτὴν
1641 713 1727 744 τιθεὶς
1751 714 1807 740 τῶν

1015 756 1242 790 σκαιωρηθέντων
1257 756 1441 791 ἀνθρωπίναις
1456 758 1510 792 ὲπη
1521 757 1608 792 ρείαις
1623 767 1631 774 ·
1654 759 1700 785 καὶ
1730 759 1807 791 τέλος

1013 800 1041 826 ἓν
1058 799 1165 834 ζητῶν,
1189 801 1264 832 ὅπως
1290 801 1486 836 εὐπρόσδεκτον
1512 802 1580 837 πρὸς
1608 803 1639 829 τὺ
1669 804 1732 839 ἑξῆς
1756 804 1806 840 τὴν

172 852 252 879 bilem
267 851 383 879 Domino
400 851 592 878 universorum
620 851 702 876 vitam
731 849 857 876 instituas
871 848 897 874 in
917 855 964 882 po-

1016 846 1087 881 ζωὴν
1101 847 1302 881 καταστήσειας
1319 847 1357 883 τῷ
1371 848 1494 884 Δεσπότῃ
1508 849 1563 875 τῶν
1582 850 1719 878 ἁπάντων.
1743 851 1806 878 Ἐπὶ

172 903 286 925 sterum.
315 898 419 930 Quibus
433 897 563 923 omnibus
584 895 672 922 cﬂ’et-it
687 899 716 921 ut
732 895 829 921 tnerito
843 893 908 920 illud
924 893 966 919 di-

172 951 296 970 ccretnus
317 952 324 970 ς
345 943 433 969 Bonus
467 943 544 969 homo
572 942 605 968 de
633 941 698 968 bono
726 941 849 967 thesauro
876 939 965 965 cordis

171 989 270 1024 profert
283 990 350 1015 bona
367 989 399 1016 ".
419 987 524 1014 Etenim
548 995 610 1014 cum
635 987 661 1014 in
675 987 766 1013 anima
791 991 919 1020 tanquam
937 984 963 1012 in

171 1034 360 1070 promptuario
377 1034 508 1068 quodam,
522 1042 554 1061 ex
574 1032 709 1068 pranerita
735 1031 908 1059 institutione
920 1031 964 1057 di-

170 1081 232 1108 vina
255 1085 282 1107 et
309 1081 427 1107 humana
449 1080 594 1107 thesauros
626 1078 748 1105 scientia:
781 1077 962 1105 condideris:

171 1132 293 1160 tempore
313 1125 438 1153 videlicet
450 1129 604 1160 opportuno
620 1124 778 1159 spirituales
795 1123 900 1158 profers
917 1123 962 1149 di-

171 1173 262 1203 vitias,
282 1172 316 1199 ad
340 1172 454 1199 salutem
485 1177 557 1198 tuam
582 1171 754 1206 dispensans.
779 1170 818 1197 Ac
834 1170 905 1201 vide,
921 1170 962 1196 vir

171 1217 284 1252 optime,
312 1221 341 1243 ut
367 1216 393 1242 in
411 1216 512 1242 bonum
536 1215 582 1242 tibi
608 1214 740 1242 cesserint
758 1213 850 1239 divina
877 1212 962 1239 doc'u-

171 1267 259 1288 menta
273 1269 280 1294 ;
298 1260 378 1287 lectio
394 1265 419 1286 et
435 1260 565 1294 eugttitio,
581 1259 665 1286 otintn
679 1263 707 1285 et
724 1257 878 1292 occupatio,
895 1265 961 1284 eon-

172 1314 283 1340 grcssus
296 1311 322 1333 et
338 1306 436 1337 oratio,
453 1313 593 1332 sacrorum
621 1311 777 1331 sermonum
795 1307 822 1330 et
836 1303 959 1330 codicum

171 1351 308 1386 possessio
323 1360 328 1376 :
344 1358 425 1385 quam
454 1350 529 1377 dives
555 1354 583 1376 tu
608 1348 768 1380 admodum,
795 1347 858 1374 Iicrt
873 1354 958 1382 pauca

171 1397 219 1423 tibi
241 1401 341 1423 restent
360 1396 421 1422 vitae
437 1395 558 1422 subsidia
573 1402 580 1422 :
595 1401 676 1429 quam
701 1393 808 1428 pulchri
826 1393 873 1420 tibi
886 1393 958 1420 oculi

170 1447 198 1470 ct
212 1443 356 1477 palpebrae,
375 1442 435 1468 licet
448 1442 505 1467 visu
523 1448 570 1475 per
595 1440 726 1475 iniuriam
761 1439 872 1467 orbatus
897 1439 956 1466 sis:

171 1497 252 1524 quam
271 1489 384 1516 illustris
401 1488 480 1515 valde
497 1488 534 1514 sis
551 1491 578 1514 et
593 1486 739 1521 gloriosus,
754 1485 817 1512 licet
842 1485 957 1512 inhono-

1021 893 1088 918 πᾶσι
1101 892 1206 923 τούτοις
1220 892 1344 928 διέθηκεν
1369 894 1442 928 ἡμᾶς
1462 894 1532 920 κατὰ
1563 894 1594 921 τὸ
1620 896 1691 927 εἰκὸς
1719 897 1806 922 ὲκεῑνο

1019 938 1146 969 εἰπόντας
1158 958 1165 970 ,
1182 938 1223 964 ὅτι
1246 938 1279 965 'O
1301 939 1411 973 ἀγαθὸς
1425 940 1580 974 ἄνθρωπε·
1594 941 1628 968 ἐκ
1661 942 1713 969 τοῦ
1732 943 1806 976 ἁγα-

1019 983 1072 1010 θοῦ
1086 984 1241 1018 θησαυροῦ
1258 983 1313 1018 τῆς
1329 985 1454 1019 καρδίας
1466 986 1605 1014 ἐκϐάλλει
1636 988 1671 1014 τὰ
1696 988 1802 1023 ἀγαθά.

1017 1030 1073 1056 Kal.
1089 1031 1144 1065 γὰρ
1159 1031 1253 1065 ὥσπερ
1270 1030 1298 1056 ἔν
1312 1039 1364 1058 τινι
1380 1033 1506 1067 ταμιείῳ,
1528 1033 1562 1059 τὰ
1575 1034 1607 1060 ὲκ
1630 1034 1680 1069 τῆς
1703 1035 1805 1069 προλα-

1017 1075 1118 1110 ϐοὑσης
1132 1076 1255 1106 παιδείας
1270 1076 1346 1107 Θείας
1357 1085 1386 1102 τε
1401 1077 1448 1103 καὶ
1471 1078 1647 1114 ἀνθρωπίνης
1674 1079 1805 1106 ἑναποθέ-

1018 1129 1097 1154 μενος
1109 1123 1141 1155 τῇ
1156 1120 1228 1156 ψυχῇ
1251 1122 1390 1155 γνωστικά
1408 1122 1628 1158 θησαυρίσματα,
1646 1124 1692 1150 ἐπὶ
1707 1124 1804 1160 καιροῦ

1016 1166 1129 1198 εἰκότως
1139 1167 1285 1202 χρειώδους
1300 1168 1407 1203 προῖοις
1423 1169 1456 1194 τὰ
1485 1170 1659 1204 πνευματικά
1687 1170 1804 1205 πλούττι,

1014 1212 1164 1247 οἰκονομῶν
1178 1213 1207 1239 τὸ
1225 1213 1295 1240 κατά
1312 1214 1424 1240 σεαυτὸν
1438 1215 1582 1249 σωτήριον.
1610 1216 1665 1242 Καὶ
1693 1216 1743 1248 ίδε,
1756 1217 1804 1243 ἇν-

1014 1257 1105 1291 θρωπε
1119 1257 1215 1292 ἀγαθὲ,
1230 1258 1271 1284 δτι
1286 1259 1326 1289 είς
1340 1259 1421 1285 καλόν
1439 1268 1479 1285 σοι
1495 1259 1583 1295 ἀπέϐη
1598 1260 1632 1286 τὰ
1641 1261 1700 1288 θεῖα
1712 1261 1804 1296 μαθή-

1015 1310 1089 1336 ματα
1100 1303 1134 1337 ’ἡ
1150 1303 1303 1337 ἀνάγνωσις
1317 1304 1364 1330 καὶ
1378 1305 1394 1339 ὴ
1412 1305 1568 1338 ἐπίγνωσις,
1583 1306 1600 1341 ἡ
1619 1306 1709 1342 σχολὴ,
1723 1307 1770 1333 καὶ
1787 1308 1804 1343 ἡ

1013 1347 1133 1383 ἐντριϐὴ,
1149 1349 1166 1383 ὴ
1179 1348 1298 1382 ἔντευξις
1309 1350 1355 1376 καὶ
1367 1351 1382 1385 ὴ
1398 1351 1546 1385 προσευχὴ,
1561 1352 1577 1386 ή
1592 1352 1689 1386 κτῆσις
1702 1353 1756 1379 τῶν
1766 1353 1806 1379 ἱε-

1013 1393 1067 1428 ρῶν
1075 1393 1163 1428 λόγων
1175 1403 1206 1421 τε
1219 1396 1266 1422 καὶ
1280 1395 1378 1422 δέλτων
1393 1403 1400 1410 ·
1416 1396 1454 1427 ὡς
1465 1396 1592 1428 πλούσιος
1611 1397 1642 1423 σὺ
1654 1398 1734 1431 ἄγαν,
1751 1399 1806 1425 κᾶν

1011 1439 1050 1470 εἰς
1061 1439 1137 1473 ὀλίγα
1150 1449 1190 1466 σοι
1201 1441 1323 1475 περίεστι
1337 1441 1370 1468 τὰ
1386 1442 1434 1476 τῆς
1449 1442 1522 1476 ζωῆς
1532 1442 1635 1476 ἐφόδια·
1646 1443 1684 1475 ὡς
1693 1444 1805 1479 εὖώπης

1011 1485 1058 1510 καὶ
1067 1486 1292 1522 καλλιϐλέφαρος,
1306 1487 1356 1513 κᾶν
1368 1487 1417 1523 τὴν
1427 1487 1489 1521 δψιν
1500 1488 1594 1524 ἀδικίᾳ
1604 1489 1803 1525 ἀπεστέρησαν

172 1532 409 1566 ratnetiugloriam
419 1532 500 1558 vitam
509 1532 625 1558 tolerare
631 1530 805 1557 existimeris.
816 1529 961 1556 Enimvero

1015 1530 1049 1561 ὡς
1059 1532 1212 1567 περιφανὴς
1227 1532 1287 1559 λίαν
1295 1533 1342 1559 καὶ
1349 1533 1499 1567 περίδοξος,
1515 1533 1567 1560 κᾶν
1580 1534 1630 1569 τὴν
1643 1534 1741 1570 ἄτιμον
1756 1537 1806 1563 καὶ

173 1581 229 1605 haec
242 1578 313 1605 haud
326 1578 406 1604 dubie
420 1578 544 1612 probatio
560 1581 603 1604 est
617 1576 889 1610 experimentumque
906 1575 961 1601 vir-

172 1625 248 1655 tutis,
263 1629 292 1651 ut
309 1625 380 1650 unde
403 1631 452 1651 nos
465 1623 609 1650 derelictos
623 1626 763 1657 putamus,
778 1621 840 1648 inde
852 1628 902 1648 nos
917 1621 963 1648 be—

171 1670 271 1697 neﬁcio
300 1669 415 1697 affectus
426 1677 440 1696 a
455 1669 526 1696 bono
552 1668 607 1696 Deo
620 1667 819 1702 comperiamus
834 1675 842 1694 :
859 1667 904 1702 qui
915 1675 963 1702 per

170 1723 299 1750 pwspera
309 1720 336 1741 et
349 1715 474 1745 adversa,
483 1722 528 1748 per
537 1714 650 1749 gloriam
666 1717 689 1740 cl
702 1713 903 1747 ignobilitatem,
918 1721 963 1747 per

172 1761 313 1796 infantiam
327 1765 351 1787 et
367 1760 463 1786 bonum
480 1760 579 1794 famam
596 1760 629 1789 '°,
650 1764 677 1786 ct
698 1763 831 1794 quotquot
847 1759 898 1786 alia
911 1766 962 1786 vox

172 1807 318 1841 apostolica
339 1807 473 1835 distinxit.
499 1806 581 1832 vitam
607 1810 729 1831 nostram
762 1805 837 1831 novit
859 1805 963 1832 utiliter

171 1854 343 1886 dispensare.

207 1941 295 1975 Atque
312 1940 364 1967 hoc
389 1944 466 1966 vetus
490 1944 532 1966 est
554 1939 704 1970 decretum,
729 1943 757 1966 et
769 1939 890 1966 omnium
914 1939 961 1973 qui

172 1985 275 2020 accepti
290 1984 344 2012 Deo
357 1989 420 2011 sunt
434 1985 496 2011 vitae
511 1984 644 2019 probatio.
657 1983 740 2010 Sume
752 1983 818 2010 mihi
834 1983 900 2010 Abel
913 1983 960 2010 Dei

174 2031 328 2058 testimonio
343 2030 467 2064 justum:
490 2037 580 2056 anno"
614 2030 741 2056 fraterna!
761 2036 858 2055 manus
889 2029 960 2055 ludi-

174 2076 262 2103 brium
281 2076 386 2102 fuit"?
414 2075 506 2102 Euoch
525 2075 599 2102 illum
613 2075 658 2109 qui
670 2074 723 2101 Deo
734 2074 851 2109 placuit:
869 2082 961 2101 annon

174 2126 286 2156 propter
316 2121 388 2148 illius
402 2122 533 2156 temporis
562 2124 752 2155 corruptores,
772 2120 818 2155 qui
834 2121 960 2155 etipsum

174 2174 349 2202 corrumpere
360 2167 528 2198 nitebantur,
546 2166 617 2193 Deus
630 2166 704 2192 illum
714 2166 748 2193 de
761 2166 850 2193 medio
860 2167 959 2200 rapuit,

174 2218 256 2247 atque
275 2213 301 2239 itt
319 2213 410 2246 ignota
437 2213 496 2239 loca
511 2212 661 2242 transtulit,
687 2212 732 2238 ubi
749 2210 783 2238 ad
805 2213 874 2238 hanc
887 2213 958 2238 dictu

174 2263 325 2294 permanet,
347 2258 518 2293 prrenuntius
531 2258 643 2285 secundi
655 2257 788 2285 adventus
796 2257 899 2284 Christi
917 2258 961 2285 l'u-

176 2305 276 2332 turus?
289 2305 413 2340 Agnus-ce
432 2305 570 2331 Abraham
586 2304 681 2331 multis
695 2303 785 2331 modis
799 2308 932 2331 tentatum
946 2311 962 2330 a

175 2351 230 2378 Deo
247 2359 254 2377 :
268 2351 346 2385 cujus
357 2350 478 2385 probatio
490 2350 553 2384 ﬁdei
577 2349 660 2376 multo
680 2349 820 2383 pretiosior
846 2357 912 2376 auro
927 2350 961 2376 θ’.

173 2397 262 2430 Atque
279 2402 308 2423 ut
326 2397 394 2423 alios
421 2397 637 2431 practermittam,
666 2395 768 2422 multos
791 2402 917 2427 numero,
935 2399 962 2422 et

173 2443 220 2477 qui
237 2443 307 2469 intra
322 2442 443 2477 epistolae
458 2442 568 2469 modum
593 2441 804 2469 commemorari
825 2449 878 2468 non
894 2448 958 2475 pos-

174 2494 256 2521 sunt;
269 2489 292 2516 si
305 2497 367 2516 cttm
384 2487 583 2521 azrumnislob,
599 2488 679 2522 cujus
697 2489 839 2514 innumera
851 2487 959 2515 fuerunt

173 2533 333 2564 certamina,
364 2540 501 2560 aerumnas
535 2537 642 2560 nostras
676 2532 882 2564 cantendamus,
911 2532 960 2558 has

175 2579 269 2613 utique
312 2577 454 2605 inferiores
484 2577 740 2612 duprehendemus;
772 2582 799 2603 et
826 2576 957 2603 celebrem

173 2625 248 2651 illaut
266 2624 326 2658 ejus
340 2630 434 2651 VOcenI
448 2628 613 2658 usurpantes
632 2631 684 2649 una
696 2630 755 2650 cum
772 2622 831 2656 ipso
840 2629 959 2657 pronun—

173 2671 313 2698 tiabimus.
330 2670 375 2697 Sic
389 2670 472 2705 igitur
491 2670 635 2697 hortamur
650 2673 686 2701 te,
708 2673 737 2696 ut
751 2669 785 2696 de
799 2669 880 2696 rebus
904 2669 958 2696 tuis

1014 1576 1106 1609 ἄδοξον
1119 1577 1193 1612 ζωὴν
1210 1578 1309 1613 ἀντλᾷν
1335 1578 1517 1613 διανενόησαι.
1550 1580 1604 1606 Kal
1636 1589 1667 1613 γε
1694 1582 1806 1613 πάντως

1013 1623 1094 1649 τοῦτο
1107 1623 1207 1659 δοκιμή
1228 1624 1270 1656 τίς
1286 1625 1344 1651 ἐστι
1359 1624 1406 1651 καὶ
1423 1624 1540 1659 βάσανος
1559 1626 1671 1661 ἀρετῆς,
1701 1626 1745 1654 ἵνα
1774 1627 1807 1660 ἑξ

1014 1666 1054 1696 ὧν
1083 1669 1208 1704 δοκῶμεν
1239 1670 1493 1705 ἐγκαταλελεῖφθαι.
1524 1671 1649 1698 ἐντεῦθεν
1677 1671 1806 1708 εὕρωμεν

1015 1715 1218 1749 εὑεργετεῖσθαι
1259 1715 1328 1750 πρὸς
1358 1716 1426 1742 Θεοῦ
1456 1716 1503 1743 τοῦ
1543 1717 1646 1751 ἀγαθοῦ
1663 1726 1670 1733 ·
1693 1717 1722 1750 ὃς
1757 1719 1806 1751 διὰ

1012 1760 1067 1785 τῶν
1078 1759 1174 1792 δεξιῶν
1187 1761 1234 1786 καὶ
1259 1761 1420 1795 ἀριστερῶν,
1436 1761 1485 1788 διὰ
1499 1761 1592 1795 δόξης
1617 1763 1666 1789 καὶ
1683 1763 1806 1798 ἀτιμίας

1013 1805 1062 1832 διὰ
1078 1805 1251 1840 δυσφημίας
1268 1807 1318 1833 καὶ
1331 1807 1492 1841 εὐφημίας,
1510 1808 1558 1834 καὶ
1571 1808 1625 1834 τῶν
1639 1808 1726 1835 ἄλλων
1751 1809 1806 1836 ὅσα

1013 1853 1030 1886 ὴ
1065 1851 1233 1886 ἀποστολικὴ
1261 1852 1428 1879 διεστείλατο
1452 1852 1528 1888 φωνὴ
1552 1851 1623 1881 οἶδεν
1649 1855 1806 1890 οἰκονομεῖν

1014 1897 1209 1930 συμφερόντως
1221 1897 1272 1932 τὴν
1289 1897 1362 1932 ζωὴν
1384 1898 1473 1933 ἡμῶν.

1048 1941 1103 1968 Καὶ
1114 1942 1193 1968 τοῦτο
1204 1942 1292 1977 δόγμα
1308 1943 1430 1978 ἀρχαῖον,
1447 1943 1493 1970 καὶ
1508 1945 1558 1979 τῆς
1572 1944 1625 1971 νῦν
1641 1944 1806 1980 θεολήπτων

1012 1987 1117 2023 ἀνδρῶν
1130 1988 1270 2020 πολιτείας
1290 1989 1479 2024 γνωριστικόν.
1497 1990 1570 2016 Λάϐε
1593 1999 1639 2025 μοι
1654 1991 1737 2017 ’Δϐελ
1752 1992 1805 2018 τὸν

1013 2033 1159 2068 θεοκρίτως
1176 2034 1386 2069 μαρτυρηθέντα
1398 2034 1499 2061 δίκαιον
1511 2044 1519 2050 ·
1538 2035 1599 2070 οὐχὶ
1610 2036 1804 2070 παρανάλωμα

1012 2078 1159 2112 ἀδελφικῆς
1182 2079 1272 2114 χειρὸς
1295 2079 1410 2113 γέγονε;
1434 2079 1487 2106 Τὸν
1509 2079 1594 2115 Ἑνὼχ
1617 2081 1720 2107 ἐκεῖνον
1739 2081 1805 2117 Θεῷ

1012 2124 1247 2158 εὐαρεπήσαντα·
1276 2123 1337 2158 οὐχὶ
1356 2123 1401 2150 διὰ
1428 2125 1492 2156 τοὺς
1515 2125 1666 2159 τηνικαῦτα
1690 2126 1804 2162 φθορεῐς

1013 2169 1061 2194 καὶ
1077 2168 1198 2203 φθείρειν
1217 2169 1298 2195 αὐτὸν
1323 2169 1525 2201 ἐσπουδακότας
1538 2190 1545 2201 ,
1564 2170 1630 2202 Θεὸς
1655 2172 1686 2197 ἐκ
1712 2172 1803 2205 μέσου

1012 2214 1148 2249 ἥρπασεν,
1163 2215 1192 2240 ὲν
1205 2214 1312 2249 ἀδήλοις
1326 2215 1419 2245 τόποις
1435 2213 1628 2250 μεταὸέμενος,
1641 2216 1670 2248 ὅς
1687 2218 1733 2244 καὶ
1746 2219 1802 2251 μέ-

1011 2267 1051 2285 νει
1069 2259 1151 2294 μέχρι
1165 2260 1212 2286 τοῦ
1228 2260 1308 2295 δεῦρο
1329 2261 1497 2296 προάγγελος
1521 2261 1570 2295 τῆς
1582 2261 1712 2297 δευτέρας
1727 2263 1804 2297 Χρι-

1011 2305 1074 2331 στοῦ
1087 2306 1247 2339 ἐπιφανείας
1265 2305 1411 2341 ὲσόμενος;
1427 2307 1513 2333 Γνῶθι
1534 2307 1579 2333 τὴν
1597 2307 1721 2342 Ἀδραὰμ
1740 2318 1806 2335 πει-

1012 2349 1162 2384 ραζόμενον
1174 2350 1225 2376 ὑπὸ
1233 2350 1300 2376 Θεοῦ
1316 2351 1492 2385 πολυτρόπως
1500 2360 1507 2367 ·
1515 2350 1545 2379 οὗ
1555 2352 1585 2378 τὸ
1595 2352 1731 2386 δοκίμιον
1743 2353 1805 2387 τῆς

1008 2396 1139 2428 πίστεως
1152 2396 1386 2430 πολυτιμότερον
1399 2395 1518 2430 χρυσοῦ
1532 2396 1578 2423 ὅτι
1587 2397 1731 2431 μάλιστα.
1743 2398 1804 2425 Καὶ

1012 2441 1057 2468 ἵνα
1077 2442 1140 2472 τοὺς
1166 2441 1260 2473 ἄλλους
1278 2442 1496 2477 παραδράμοιμι,
1514 2442 1627 2473 πολλοὺς
1641 2442 1729 2473 ὄντας,
1750 2445 1804 2471 καὶ

1012 2485 1062 2512 οὐκ
1082 2486 1111 2512 ἐν
1134 2485 1278 2520 ἐπιστολῆς
1300 2486 1392 2521 μέτρῳ
1414 2486 1685 2521 ὑπομνηματίζεσθαι
1710 2489 1805 2522 ἐγχω-

1014 2531 1139 2566 ροῦντας,
1158 2530 1218 2557 ’1ὼό
1232 2531 1277 2557 τὸν
1293 2532 1440 2566 μυρίαθλον
1462 2532 1544 2567 τάχα,
1557 2532 1581 2558 εί
1595 2532 1806 2568 παραϐάλωμεν

1012 2578 1047 2604 τὰ
1067 2578 1172 2604 ἑαυτῶν
1186 2579 1242 2609 τοῖς
1258 2578 1363 2604 ἐκείνου
1377 2578 1502 2609 πάθεσιν,
1515 2578 1643 2613 εὕροιμεν
1655 2578 1688 2612 δὴ
1699 2579 1803 2611 ἐνδεῶς

1012 2623 1127 2658 ἔχοντα’
1150 2625 1197 2650 καὶ
1221 2624 1451 2659 συμφθεγξόμεθα
1473 2625 1522 2660 τὴν
1546 2625 1651 2651 ἐκείνου
1675 2625 1804 2660 ἀοίδιμον

1011 2670 1106 2705 φωνὴν
1120 2670 1251 2696 ἑκάστοτε
1272 2670 1515 2706 ἀναλαμϐάνοντες.
1532 2670 1625 2702 Οὕτως
1637 2668 1685 2698 οὖν
1703 2679 1804 2706 παρα-

208 2727 232 2744 ¹⁹
248 2727 344 2756 Matth.
359 2736 408 2757 xu,
420 2727 464 2754 55.
503 2727 526 2743 ⁹⁰
541 2726 562 2754 II
573 2727 636 2755 Cor.
652 2734 688 2759 vr,
707 2727 734 2754 8.
772 2726 793 2742 ’⁸
812 2725 876 2761 Sap.
896 2733 932 2757 tv,
947 2727 969 2753 1‘

1029 2727 1052 2742 ‘“
1071 2726 1167 2754 lPetr.
1183 2735 1202 2759 ι,
1231 2727 1246 2751 ’ἵ

927 2785 1044 2812 NOTAS.

211 2847 267 2883 (70)
284 2847 310 2874 in
325 2847 385 2874 cod.
400 2845 466 2881 ltcg.
489 2849 544 2882 pn’.
