1927 3089
129 163 198 194 1553
720 162 900 192 EPISTOLA
906 163 989 192 RUM
1013 163 1086 192 LIB.
1116 162 1158 191 ll.
1689 163 1754 192 lfi'i-i

127 218 264 252 καλοῦμέν
283 226 324 250 σει,
339 217 500 251 smmum.
513 217 652 243 διαθέσθαι
671 217 705 243 τά
720 217 789 244 κατὰ
807 217 888 243 σαυτό

990 216 1270 248 ,aluzts,ch:~rissi.ne,
1292 220 1453 250 tempusque
1482 216 1653 243 ativersitatis
1681 218 1751 243 mul-

127 263 182 290 Καὶ
208 263 254 289 τὸν
277 263 373 296 καιρὸν
395 263 444 297 τῆς
470 262 640 297 δυσπραγίας
659 264 705 288 καὶ
728 262 888 288 πολυπαθείι

995 270 1110 296 rumque
1125 269 1321 291 a'u'umnarum.
1348 262 1454 289 meliori
1471 262 1638 297 cogitatione
1652 270 1684 290 ae
1699 263 1751 290 (ide

126 309 261 343 κρείττονι
277 307 398 342 λογισμῷ
411 308 458 334 καὶ
471 307 649 342 βεδαιοπίστῳ
667 307 763 344 γνώμῃ
781 309 820 339 εἰς
832 308 887 334 εὐτυ.

1045 307 1191 338 sententia,
1210 307 1236 332 in
1249 307 1403 333 felicitatem
1414 308 1676 342 prosperitatemque
1688 317 1755 335 con-

125 355 189 389 χίαν
208 355 254 380 καὶ
278 353 426 380 εὐπάθειαν
450 352 753 388 μεταστοιχειώσασθαι.
778 353 830 379 Τὸν
857 353 886 386 γὲ

990 358 1063 379 irlas.
1082 351 1150 379 Eum
1171 352 1244 379 enim
1257 352 1302 386 qui
1319 353 1356 379 sit
1368 352 1545 379 conﬁrmatus
1562 353 1671 388 lleoque
1686 362 1751 380 con-

125 400 215 431 οὕτως
229 400 425 434 ἐρηρεισμένον
442 400 488 426 καὶ
502 399 662 434 πεποιθήσει
675 399 743 426 Θεοῦ
758 399 857 431 ζῶντα,
868 408 886 425 ον

989 406 1030 424 ,υς
1046 398 1122 437 vivit,
1137 398 1204 424 nihil
1222 405 1312 424 rerum
1339 398 1521 425 humanarum
1548 400 1750 433 commovebit;

125 446 170 472 δὲν
194 448 378 481 παρακινήσει
394 445 448 471 τῶν
467 445 660 479 ἀνθρωπίνων·
680 445 845 479 ὑψηλότερον
865 454 884 470 π

974 447 994 468 ιι
1009 431 1197 476 quiomnibus
1220 451 1281 477 qui}:
1296 444 1434 470 tristitiam
1460 444 1557 472 atl'erre
1580 446 1678 477 solent.
1703 454 1734 474 su

125 492 232 526 φηνότα
248 492 358 518 πάντων
374 491 428 518 τῶν
442 491 537 517 λυπεῖν
560 491 703 517 εἰωθότων.
720 491 777 517 Κᾶν
788 491 870 525 λέγῃς
883 492 886 515 ἐ

987 490 1056 515 erior
1074 489 1239 522 apparuerit.
1258 489 1335 521 Quod
1359 490 1381 517 si
1394 490 1480 523 dicas,
1499 490 1559 521 tibi,
1581 491 1646 518 dmn
1663 492 1748 518 lecto-

124 539 158 572 τῇ
173 537 360 572 παρακροάσει
375 537 422 564 τοῦ
437 536 671 570 ἀναγινώσκοντος
694 537 733 567 εἰς
754 535 838 570 ὕμνον
854 544 885 570 τρ

992 542 1021 559 :ni
1040 533 1130 566 audis,
1146 541 1272 561 somnum
1295 534 1434 568 obrepere,
1463 535 1530 562 nihil
1548 536 1666 563 mirum:
1684 537 1753 564 solet

124 581 237 611 πεσθαι.
254 583 283 607 οὐ
308 581 415 616 θαῦμα·
443 581 548 615 πέφυκε
576 581 630 615 γάρ
657 581 673 615 ἡ
698 581 843 616 ἀφαίρεσις
863 580 885 605 τί

990 577 1037 604 iim
1054 578 1168 612 privatio
1186 579 1261 607 visus
1280 579 1332 607 boc
1348 579 1465 608 ellicerc.
1483 581 1511 607 Si
1535 581 1636 609 dixeris
1648 582 1751 610 nullum

123 627 212 660 ὅψεως
228 627 305 653 τοῦτο
322 626 495 661 ἐργάζεσθαι.
514 627 573 653 Κᾶν
589 628 641 661 φῇς
667 627 750 661 μηδὲν
767 626 846 661 ἔργον
865 627 877 651 ὲ

990 631 1071 657 :opus
1087 631 1142 658 pra:
1157 625 1282 652 manibus
1297 625 1408 658 habere,
1425 627 1461 652 ob
1479 626 1607 653 inertiam
1624 632 1730 654 natura:
1745 636 1751 655 :

123 674 218 708 χεῖρας
241 673 322 707 ἔχειν.
345 672 540 708 ἁπραχτούσης
559 673 609 707 τῆς
624 672 741 706 φύσεως,
767 672 851 706 μηδέν
871 679 884 696 σ

989 676 999 695 3
1015 669 1062 695 tibi
1077 669 1102 695 id
1122 677 1195 696 cura}
1207 670 1252 697 sit.
1267 670 1312 696 Ait
1323 671 1468 705 Apostolus
1482 679 1488 697 ε
1503 670 1640 698 Psalmum
1662 673 1750 705 habes,

125 720 242 753 μελέτω.
257 720 341 752 Φησὶν
355 720 369 745 ὁ
390 719 550 750 Ἀπόστολος
560 727 567 734 ·
591 718 717 752 Ψαλμὸν
728 718 817 752 ἔχεις,
831 716 886 743 διδε

989 715 1113 741 acti-inani
1127 716 1218 747 habet,
1237 715 1355 751 linguam
1368 716 1456 747 habes,
1471 718 1650 752 apocalypxim
1661 718 1750 753 [reve-

123 764 187 798 χὴι·
206 764 284 798 ἔχεις
297 783 304 795 ,
323 763 469 798 γλῶσσαν
483 763 573 798 ἔχεις,
604 763 800 796 ἀποκάλυψιν
813 763 884 797 ἔχεις

988 760 1105 796 tionem]
1121 762 1201 788 habes
1216 770 1225 788 ι
1246 763 1336 788 omnia
1355 763 1390 789 ad
1412 763 1616 796 a'zliﬁmtionem
1634 766 1700 798 ﬁant
1715 765 1749 792 ".

122 809 224 835 πάντα
238 809 312 842 πρὸς
327 808 491 843 οικοδομὴν
506 808 642 843 γινέσθω.
657 809 740 842 Φάγε,
751 807 806 840 πίε,
820 807 883 834 ὕπνι

996 806 1029 835 le.
1045 806 1116 838 bibe,
1129 807 1228 833 dormi.
1241 806 1358 834 Tantum
1387 814 1465 843 grato
1480 809 1519 835 sis
1535 809 1637 842 animo,
1652 814 1678 836 et
1693 819 1753 844 qua:

125 863 182 881 σον.
202 855 290 881 Μόνον
305 855 335 881 τὸ
350 855 510 891 εὐχάριστον
532 855 665 889 κέκτησο·
683 855 730 880 καὶ
746 854 796 880 ὅσα
814 862 855 879 σοι
871 862 885 879 ο

992 857 996 875 ;
1015 850 1100 884 teipso
1114 850 1161 877 tibi
1180 855 1337 885 suppetunt,
1353 856 1379 878 et
1398 852 1424 878 in
1440 853 1557 879 naturali
1575 855 1674 881 mentis
1685 855 1753 882 libro

122 902 213 931 κοθεν,
231 901 279 928 καὶ
295 902 323 927 ἐν
334 901 373 936 τῷ
390 901 496 936 φυσικῷ
518 901 566 928 τοῦ
579 900 626 927 νοῦ
644 900 739 935 βιϐλίῳ
755 900 883 926 ἀπόκειται

990 896 1074 922 indita
1089 901 1161 929 sunt,
1180 897 1246 932 lege.
1266 898 1298 924 Et
1312 899 1484 931 postmodum
1498 904 1578 926 acute
1592 900 1751 934 perspicies,

122 949 306 981 ἀναγίνωσκε.
321 948 376 974 Καὶ
389 947 485 982 μικρὸν
502 946 615 981 ὕστερον
634 945 813 980 ἁναὸλέψειας
829 947 883 980 μέγη

987 961 990 968 .
1008 943 1113 970 videbis
1124 943 1209 970 lin-em
1224 943 1451 975 inaccessibilem,
1466 943 1558 971 Jesum
1581 944 1679 972 Filium
1701 946 1748 973 Del

122 995 172 1021 καὶ
187 995 252 1025 ἴδοις
267 994 296 1020 τὸ
310 994 368 1027 φῶς
382 994 411 1019 τὸ
424 994 581 1028 ἀπρόσιτον,
590 991 693 1026 Ἰησοῦν
706 992 751 1018 τὸν
767 991 830 1017 Υἰδν
843 991 883 1016 Θει

989 988 1084 1015 ιοωιὶδ
1104 989 1257 1016 venientem
1271 996 1333 1015 cum
1361 989 1446 1023 gloria
1466 995 1493 1016 et
1506 995 1637 1024 potestate
1656 999 1706 1018 sua
1725 992 1750 1018 in

120 1041 170 1067 ἀπ’
186 1040 309 1074 οὐρανῶν
335 1039 480 1074 ἐρχόμενον
505 1039 574 1074 μετὰ
595 1038 674 1071 δόξης
700 1038 746 1064 xa‘t
770 1037 881 1070 δυνάμει

992 1042 1024 1060 ne
1040 1033 1177 1067 llamnue;
1195 1035 1246 1061 bos
1266 1035 1376 1069 quidem
1388 1035 1626 1067 LOIIllt‘IIlIIIIIllelll,
1645 1041 1673 1063 ut
1693 1045 1753 1064 reos

121 1087 208 1113 αὐτοῦ
222 1087 250 1112 ἐν
263 1086 330 1120 πυρὶ
346 1085 444 1120 φλογός
455 1094 460 1099 ·
478 1084 524 1116 οὓς
540 1084 591 1119 μὲν
604 1084 732 1119 κρίνοντα
743 1083 780 1113 ὡς
790 1082 879 1108 ὲνδίκο

993 1080 1118 1108 όίυίί”;
1149 1081 1196 1107 hos
1227 1087 1291 1106 vero
1330 1081 1525 1114 gloriticantem
1551 1087 1581 1109 ut
1612 1087 1753 1109 consortes

121 1132 256 1167 κρίσεως
275 1131 321 1162 οὒς
337 1131 366 1157 δὲ
392 1130 538 1162 δοξάζοντα
563 1129 600 1161 ὠς
623 1129 702 1163 δόξης
733 1128 882 1163 συνίστοροι⁴

990 1124 1072 1150 orize:
1087 1124 1251 1158 quibuscum
1263 1125 1300 1151 sis
1314 1130 1341 1151 et.
1360 1130 1398 1155 tu,
1414 1126 1581 1153 amicissime
1609 1128 1645 1154 mi
1658 1133 1684 1154 et
1702 1129 1751 1154 bo-

122 1176 187 1212 μεθ’
202 1174 239 1203 ὧν
254 1176 312 1210 εἴης
326 1176 373 1202 καὶ
386 1175 477 1206 αὐτὸς,
494 1175 604 1210 φίλτατά
622 1183 667 1209 μοι
684 1174 733 1200 καὶ
751 1172 883 1208 τιμιώτατ

991 1170 1147 1201 mitissime,
1163 1178 1311 1198 coruscans
1327 1171 1413 1198 instar
1424 1172 1522 1199 solaris
1534 1172 1611 1200 radii.
1629 1173 1666 1199 De
1687 1174 1752 1202 sui»

121 1222 330 1257 ἀπαστράπτων
345 1221 390 1247 ἴσα
407 1221 455 1246 καὶ
469 1220 543 1255 ἡλίου
560 1219 654 1254 βολίδι,
668 1219 734 1254 Περὶ
748 1215 778 1244 οὗ
796 1217 882 1252 προώι

991 1215 1068 1242 Ἰιιιιιο
1104 1216 1130 1242 in
1164 1224 1217 1251 quo
1240 1218 1437 1244 monasterium
1463 1219 1632 1246 constituere
1657 1220 1752 1247 decre-

122 1278 174 1299 az;
192 1268 355 1303 προαστείου
378 1267 417 1298 εἰς
443 1267 621 1302 μοναστήριον
643 1264 821 1296 καθεστάναι,
841 1264 868 1290 εί

992 1263 1036 1293 sti,
1059 1264 1115 1289 sive
1138 1263 1201 1296 quid
1230 1263 1302 1290 aliud
1328 1264 1380 1290 isto
1406 1264 1446 1291 vel
1463 1264 1510 1292 illo
1524 1266 1605 1292 modo
1634 1271 1707 1294 recte
1722 1275 1753 1293 ac

119 1313 170 1341 οὖν
183 1313 259 1346 ἄλλο,
276 1313 362 1344 οὕτως
375 1313 392 1347 ἢ
406 1312 517 1347 ἑτέρως,
539 1313 568 1338 ὲν
581 1311 656 1346 καλῷ
672 1311 807 1346 διώριστο,
824 1311 880 1337 πάν

992 1307 1093 1334 ἰουιθιθ
1103 1308 1273 1342 designatum
1285 1314 1327 1336 est
1343 1317 1351 1341 ;
1365 1310 1468 1342 omnia,
1488 1315 1519 1337 ut
1530 1311 1588 1346 jam
1603 1311 1674 1339 facta
1691 1320 1753 1340 sus-

120 1361 162 1392 ὠς
188 1360 241 1395 ήδη
260 1359 392 1393 γεγονότα
407 1359 472 1390 Θεὺς
500 1358 607 1389 ἐδέξατο
619 1365 625 1372 ·
643 1357 723 1392 εἴπερ
742 1357 881 1391 εὐχαρίστι

990 1354 1034 1387 ιριι
1046 1352 1116 1380 Deus
1131 1363 1137 1379 :
1156 1355 1237 1380 modo
1253 1355 1373 1381 omnium
1392 1356 1571 1390 privationem
1585 1363 1662 1393 grato
1680 1358 1751 1386 feras

119 1406 172 1441 τὴν
188 1406 333 1440 ἀφαίρεσιν
347 1405 456 1431 πάντων
469 1403 563 1435 οἴσεις.
580 1403 736 1438 Προσεύχου
757 1403 822 1436 περὶ
834 1403 880 1437 ήμι

991 1400 1066 1426 timo.
1085 1399 1137 1426 Ora
1151 1407 1198 1434 pro
1213 1401 1290 1427 nobis
1306 1403 1513 1435 peccatoribus:
1535 1411 1622 1438 neque
1641 1412 1690 1439 pro
1701 1413 1749 1431 no»

120 1452 179 1478 τῶν
195 1450 367 1486 ἁμαρτωλῶν
377 1458 384 1465 ο
402 1450 464 1485 ἄρτι
476 1450 530 1484 γὰρ
545 1450 594 1484 οὐχ
609 1450 689 1484 ἡμεῖς
708 1449 732 1475 οἱ
745 1447 881 1483 ἁμαρτωλ‹

993 1453 1005 1472 s
1021 1445 1111 1476 modo,
1128 1446 1174 1480 qui
1188 1451 1343 1480 peccatores
1364 1455 1471 1480 sumus,
1488 1449 1535 1475 sed
1550 1449 1572 1476 si
1590 1450 1652 1483 quis
1669 1450 1750 1477 etiam

120 1498 194 1525 ἀλλὰ
216 1498 262 1523 καὶ
284 1496 310 1523 εἰ
329 1505 371 1527 τις
384 1495 439 1522 τῶν
457 1496 538 1522 ὁσίων
559 1495 729 1530 ἐξαιτήσοιτο
745 1495 777 1521 ἄν
795 1502 842 1520 σου
861 1502 881 1519 τι

991 1494 1122 1516 motorum
1141 1499 1234 1524 prcccs
1263 1496 1370 1525 expetet
1392 1497 1463 1525 tuas,
1489 1497 1518 1519 ut
1546 1494 1591 1527 qui
1622 1496 1752 1521 aerumnis

119 1543 228 1578 δέησιν,
252 1542 290 1574 ὡς
312 1542 461 1576 κάμνοντος
477 1543 532 1572 τοῖς
551 1540 718 1575 παθήμασιν.
741 1540 769 1566 ’0
788 1539 880 1573 θεοφιλ

988 1537 1137 1562 nillitteris.
1157 1537 1201 1562 Dei
1219 1538 1426 1565 amantiSsimus
1443 1538 1528 1566 frater
1547 1545 1639 1567 noster
1652 1546 1681 1568 et
1701 1549 1749 1568 ar—

121 1596 222 1619 στατος
235 1587 348 1621 ἁδελφὸς
371 1586 450 1622 ἡμῶν
465 1587 513 1613 καὶ
527 1585 741 1621 ὰρχιεπίσκοπος
756 1584 870 1610 πλεῖστά

727 1593 741 1616 ς
756 1584 870 1610 πλεῖστά
882 1591 912 1609 σε
927 1582 949 1594 “
966 1582 1156 1616 cliiepiscopus
1173 1583 1320 1616 plurimum
1339 1588 1364 1610 te
1376 1584 1487 1612 salutat.

121 1631 335 1668 προσαγορεύει.

261 1686 333 1714 ΡΟΘί
350 1687 418 1722 (71).
433 1701 467 1708 -—
481 1687 592 1721 Σεργίῳ
607 1685 772 1720 ἡγουμένῳ.
812 1682 914 1721 [ψει-γλ

828 1682 914 1719 ηιμ]
1123 1678 1263 1706 CLXXlX.
1281 1695 1316 1700 —
1331 1679 1422 1715 Sergio
1437 1683 1589 1717 praeposita.

495 1731 612 1756 Hortatur
626 1731 654 1755 ad
666 1730 814 1762 vigilantiam
829 1732 905 1760 utque
921 1725 1095 1751 haereticorum
1113 1725 1312 1750 communionem
1323 1725 1395 1751 vitet.

158 1774 248 1809 Χάρις
264 1772 369 1808 Κυρίῳ,
384 1773 424 1799 ὅτι
439 1773 556 1806 ὑγιαίνει
574 1773 591 1807 ὴ
605 1772 729 1806 τιμιότης
745 1781 790 1798 σου
803 1779 810 1787 ·
826 1771 905 1797 τοῦτο

993 1767 1101 1794 Gratias
1115 1766 1240 1799 Domino,
1265 1767 1339 1802 quod
1368 1768 1514 1796 incolumis
1536 1770 1572 1796 sit
1607 1770 1751 1798 honorabi-

120 1818 178 1853 γὰρ
190 1818 336 1852 ἀνήγγειλε
347 1817 378 1844 τὸ
392 1817 520 1852 γράμμα,
534 1817 582 1843 καὶ
596 1818 612 1852 ἡ
631 1817 696 1848 δυὰς
707 1816 762 1843 τῶν
773 1815 881 1850 ἀδελφῶ

990 1820 1021 1840 as
1033 1817 1078 1839 tua
1094 1821 1101 1845 ;
1120 1812 1171 1840 boc
1185 1813 1258 1839 enim
1275 1814 1371 1840 littera:
1382 1816 1583 1847 renuntiarunt,
1610 1821 1637 1843 et
1654 1816 1751 1844 fratres

127 1861 333 1896 Ἀπεδεξάμεθα
349 1861 378 1888 δὲ
388 1862 436 1888 καὶ
448 1861 498 1896 τὴν
512 1861 640 1898 πρόθεσιν
652 1862 699 1888 τοῦ
713 1861 857 1896 ἐπιθυμεῖν
877 1868 888 1886 a

990 1866 1026 1885 io.
1042 1859 1199 1894 Pergratum
1213 1859 1292 1886 etiam
1319 1859 1476 1893 habuimus,
1501 1861 1574 1895 quod
1604 1862 1751 1889 consilium

119 1907 240 1942 ἀφῖχθαι
268 1907 336 1942 πρὸς
363 1907 448 1941 ἡμᾶς,
476 1906 633 1933 κωλυθέντα
655 1914 686 1940 γε
714 1907 766 1941 μὴν
789 1907 841 1933 ὑπὸ
858 1905 880 1932 τί

1011 1905 1119 1932 animus
1142 1904 1224 1932 fuerit
1242 1905 1290 1932 tibi
1315 1905 1349 1931 ad
1370 1913 1419 1933 nos
1440 1906 1577 1938 veniendi,
1603 1908 1655 1935 nisi
1682 1907 1750 1935 bella

119 1953 241 1988 συνοχῆς
255 1953 308 1979 τῶν
326 1953 465 1987 ἐμφυλίων
481 1953 618 1986 πολέμων,
640 1953 688 1979 καὶ
705 1953 754 1986 τῆς
775 1952 845 1979 κατὰ
861 1960 880 1978 τ¹

989 1952 1051 1979 vilia
1068 1951 1248 1984 obstitissent,
1263 1956 1290 1978 et
1316 1952 1424 1985 injuriae
1446 1953 1547 1987 quibus
1572 1954 1622 1980 viae
1646 1954 1750 1982 infesta:

118 1999 182 2025 ὁδὸν
207 1998 361 2032 ἁπηρείας·
387 1998 469 2024 ἆτινα
484 1997 559 2025 κακὰ
576 1998 679 2033 Κύριος
705 1999 720 2024 ὸ
741 1997 806 2029 Θεὸς
833 1998 879 2032 ήμι

989 2003 1043 2024 int:
1064 2005 1125 2032 quae
1147 1998 1319 2025 incommoda
1349 1999 1425 2025 brevi
1447 1999 1595 2034 dissipabit
1618 1999 1750 2028 Dominus

117 2043 294 2072 ὁιασκεὸάσει
307 2045 336 2070 ὲν
351 2044 440 2079 τάχει,
465 2044 610 2078 ἐπανάγων
624 2045 664 2076 είς
683 2045 795 2079 εἰρήνην
809 2044 840 2070 τὸ
858 2044 878 2070 ὑι

990 2052 1033 2071 aus
1053 2048 1156 2076 noster,
1177 2044 1303 2071 subditos
1319 2044 1351 2070 ad
1365 2052 1458 2078 pacem
1476 2053 1616 2078 revocans,
1628 2048 1751 2074 eosdem-

118 2093 217 2126 ήκοον,
240 2091 320 2123 καίγε
337 2090 515 2117 ἀπαλλάττων
535 2091 584 2125 τῆς
598 2090 651 2116 τῶν
671 2090 829 2125 ’Δγαρηνῶν
849 2091 879 2115 ἑτι

990 2097 1014 2116 ιε
1031 2090 1148 2116 liberans
1161 2090 1194 2116 ab
1205 2089 1395 2125 Agarenorum
1412 2090 1580 2118 incursione.
1598 2092 1664 2118 Nam
1682 2094 1751 2121 etde

116 2135 240 2170 δρομῆς.
271 2134 465 2170 Ἐδιδάχθημεν
492 2135 545 2170 γὰρ
571 2136 617 2162 καὶ
651 2136 700 2170 τὴν
730 2137 793 2170 περὶ
821 2136 877 2162 αὒτι

989 2136 1120 2170 ιοιιιριιιεο
1141 2136 1248 2162 illorum
1281 2136 1437 2168 didicimus,
1463 2137 1558 2170 quales
1585 2142 1611 2165 et
1634 2144 1750 2174 quantas

118 2181 273 2216 ῥομφαίαν,
287 2180 331 2207 οἶα
345 2182 392 2207 καὶ
406 2181 485 2216 ἡλίκη
499 2182 610 2215 γέγονεν
624 2183 654 2207 ὲν
667 2183 722 2212 τοῖς
737 2182 841 2208 αὐτόθι.
857 2183 878 2208 Κ

990 2182 1035 2208 iud
1046 2189 1095 2208 vos
1115 2187 1220 2217 strages
1243 2183 1367 2209 ediderit.
1385 2186 1471 2217 Atque
1487 2183 1544 2211 haec
1559 2185 1649 2211 omnia
1666 2193 1751 2217 paena:

114 2226 208 2253 ταῦτα
249 2229 338 2253 πάντα
371 2227 496 2262 ὲπιτίμιά
519 2228 577 2253 ἐστι
600 2227 675 2262 παρὰ
703 2227 782 2258 Θεοῦ,
811 2228 857 2253 ἐπὶ

989 2232 1042 2259 int,
1057 2235 1072 2254 a
1089 2227 1143 2254 Deo
1159 2233 1268 2263 propter
1287 2228 1504 2263 impwnitentem
1540 2231 1671 2258 malitiam
1702 2240 1750 2259 no-

116 2273 304 2308 ἁμετανοήτῳ
329 2273 407 2307 ἡμῶν
428 2273 522 2308 κακίᾳ.
538 2273 632 2307 Ὅμως
656 2273 700 2304 σὺ,
725 2273 791 2308 ἆνερ
813 2273 877 2306 ἁγαί

986 2281 1049 2300 .ram
1067 2273 1185 2300 inﬂiclaz.
1205 2273 1245 2300 Tu
1262 2279 1363 2306 tamen,
1380 2274 1421 2302 vir
1440 2275 1519 2308 bone,
1544 2283 1575 2302 ac
1595 2276 1679 2304 frater
1699 2278 1747 2304 lio-

114 2319 168 2345 καὶ
188 2318 287 2352 άδελφὲ
314 2318 472 2353 τιμιώτατε,
498 2319 577 2353 στῆθι
601 2319 648 2345 καὶ
673 2319 798 2354 ἀνδρίςου
821 2320 850 2345 ὲν
872 2328 875 2335 ι

986 2319 1153 2351 oratissime,
1171 2323 1213 2346 sta
1225 2323 1252 2345 et
1271 2319 1385 2346 viriliter
1397 2327 1447 2354 age
1474 2320 1499 2347 in
1520 2320 1680 2355 praefectura
1693 2321 1747 2348 fra-

115 2364 302 2399 καθηγεῖσθαι
326 2364 376 2398 τῆς
398 2364 579 2398 ἀδελφότητος
590 2372 597 2379 ⁸
615 2364 653 2399 μὴ
667 2364 828 2391 ὑποπίπτων
843 2365 875 2391 eo

990 2372 1034 2390 um
1051 2373 1058 2391 :
1077 2372 1126 2391 nec
1139 2365 1231 2391 animo
1243 2365 1335 2397 cadas,
1352 2366 1477 2400 quamvis
1497 2366 1588 2393 multm
1607 2368 1661 2394 sint
1677 2368 1747 2395 ditii-

115 2410 183 2446 μῐᾳ,
200 2409 253 2436 κᾶν
269 2409 365 2435 πολλαὶ
387 2409 416 2435 αἱ
432 2409 587 2435 δυσκολίαι·
603 2409 640 2444 μὴ
662 2409 831 2444 άποκάμνων
849 2418 876 2436 το

986 2411 1097 2442 iltatcs;
1114 2418 1163 2438 nec
1181 2410 1288 2438 fatiscas
1303 2411 1331 2438 in
1359 2412 1506 2446 angustiis,
1534 2413 1584 2439 etsi
1595 2413 1666 2440 vires
1680 2420 1747 2440 con-

114 2456 261 2491 ἀπορίαις,
271 2455 323 2482 κᾶν
337 2457 353 2490 ἡ
366 2456 443 2491 lolii;
456 2456 622 2482 δαπανᾶται.
632 2455 713 2482 Ἀλλὰ
723 2456 831 2490 πρῶτον
846 2455 875 2490 μὲ

986 2461 1119 2482 "nuntur.
1137 2455 1190 2483 Sed
1210 2456 1328 2491 primum
1346 2458 1467 2492 quidem,
1490 2459 1563 2493 quod
1586 2459 1673 2493 primo
1688 2459 1747 2487 loco

113 2501 131 2527 ὃ
149 2501 197 2526 καὶ
209 2499 320 2535 πρώτου
330 2500 410 2533 λόγου
419 2500 478 2526 ἐστὶ
489 2500 610 2535 ζήτημα,
624 2500 675 2535 τὴν
688 2500 780 2526 πίστιν
793 2500 874 2535 φρούε

986 2502 1101 2533 izeritur,
1121 2502 1201 2529 [idem
1222 2510 1299 2529 serva
1313 2503 1418 2530 tirmam
1433 2509 1459 2530 et
1478 2504 1681 2538 inconcussam,
1700 2505 1747 2532 he-

114 2546 230 2579 ἀσφαλῆ
247 2545 296 2571 καὶ
309 2545 477 2580 άκρόιδαντον
487 2565 495 2578 ,
512 2545 621 2579 φεύγων
630 2547 680 2580 τὴν
696 2546 839 2572 κοινωνίαν
854 2553 875 2571 τι

985 2547 1154 2575 :rodoxorum
1170 2549 1392 2576 communionem
1413 2550 1499 2577 modis
1527 2551 1657 2578 omnibus
1672 2551 1746 2578 devi-

114 2591 284 2625 ὲτεροδόξων
300 2590 419 2625 παντοίῳ
433 2591 536 2625 τρόπῳ.
554 2590 623 2618 Ίσθι
646 2591 700 2626 γάρ
725 2590 767 2616 ὅτι
788 2590 875 2624 διωγμ

985 2601 1034 2620 uis.
1051 2592 1111 2620 Scis
1136 2595 1208 2621 enim
1231 2595 1328 2622 adesse
1357 2597 1584 2630 persecutionem,
1615 2605 1666 2624 nec
1685 2606 1746 2632 per-

113 2638 237 2672 πάρεστι
251 2645 259 2651 ·
277 2637 324 2662 καὶ
337 2637 368 2663 οὺ
382 2636 562 2671 τελειότητος,
580 2637 612 2663 τὸ
627 2637 700 2672 ὑμᾶς
712 2636 781 2662 οἴκοι
793 2636 874 2668 καθέζ

987 2639 1085 2666 ctionis
1104 2647 1164 2666 esse
1193 2640 1313 2668 residere
1325 2648 1374 2668 vos
1399 2641 1484 2674 domi,
1501 2646 1581 2676 atque
1594 2647 1669 2669 extra
1686 2651 1746 2678 per-

115 2682 202 2714 σθαι,
220 2683 268 2708 καὶ
284 2681 432 2713 ὰδιώκτους
452 2682 590 2716 διαμένειν
602 2689 608 2697 ·
635 2681 690 2708 τῶν
707 2681 835 2716 ζηλωτῶν
858 2682 876 2706 1‘

985 2686 1126 2712 :cutiunem
1164 2694 1344 2720 permanere;
1376 2688 1451 2720 dum,
1478 2688 1525 2720 qui
1559 2688 1618 2715 zelo
1640 2689 1746 2722 pietatis

114 2727 262 2759 εὐσεὸείας
284 2726 369 2753 πολλὰ
388 2726 579 2754 πεπονθότων·
603 2727 652 2754 καὶ
671 2726 822 2762 μαρτυρίου
849 2726 875 2752 δι

985 2737 1086 2765 igrant,
1109 2731 1193 2758 multa
1223 2731 1372 2766 patiuntur,
1392 2734 1531 2762 nonnullis
1553 2734 1609 2769 jam
1626 2735 1746 2770 martyrii

908 2772 912 2783 ι

154 2785 200 2812 "l
220 2784 285 2812 Cor.
299 2792 355 2818 ιιν,
373 2784 418 2812 26.
434 2778 440 2783 “
458 2785 482 2801 ⁹⁸
495 2786 517 2813 ll
532 2785 628 2813 Thess.
646 2792 675 2818 ιι,
692 2787 720 2818 8,
735 2792 770 2812 v1.

874 2831 988 2860 NOTAE.

158 2899 212 2932 (7i)
227 2898 253 2925 ln
268 2898 328 2931 cod.
349 2898 403 2933 Reg
432 2903 502 2933 pm’.
