1927 3089
169 162 179 192 l
186 164 238 194 555

755 160 784 189 S.
798 158 995 189 THEODORI
1026 159 1201 190 STUDIT/E

1733 158 1801 191 1556

165 219 318 247 diademate
336 219 486 246 coronatis.
509 218 681 252 Quapropter
698 221 791 243 exacta
807 216 884 243 vobis
899 216 955 242 vita

1021 224 1082 251 ημα
1096 216 1273 251 στεψαμένων
1289 215 1380 242 τινῶν.
1398 216 1480 242 Ὥστε
1501 215 1632 251 ἀκριϐοῦς
1646 215 1721 251 ζωῆς
1734 217 1800 250 ὑμῖν

167 270 210 293 est
228 273 308 300 opus.
323 273 384 300 quae
408 265 516 300 expleat
534 264 606 299 quod
633 263 769 298 reliquum
795 267 838 290 est
850 263 956 290 aetatis:

167 313 280 348 qualem
309 316 430 340 sectatus
457 311 560 346 estqui
583 315 663 338 antea
689 311 766 338 vobis
796 310 916 345 prtefuit,
933 315 959 337 et

169 367 251 394 quam
273 360 306 386 ab
333 359 380 385 illo
398 366 447 385 vos
471 358 652 391 suscepistis:
675 356 754 391 quale
785 365 902 391 namque
918 361 960 382 est

169 410 260 439 caput,
280 405 333 431 tale
347 409 374 431 et
389 408 474 431 totum
503 411 613 439 corpus.
635 403 668 430 Et
691 404 748 430 haec
767 403 839 433 dico,
857 410 910 429 non
927 407 958 429 ut

169 451 352 486 dissipemini.
367 450 413 477 sed
428 454 458 476 ιιι
475 449 621 485 diligenter
632 450 843 481 conservemini,
859 454 885 476 et
901 457 961 476 cor-

169 496 346 526 roborernini.
354 503 499 523 commune
510 503 571 522 eum
583 495 679 522 haeresi
692 495 760 522 nihil
769 494 961 521 habentes!»-

170 544 246 576 inde,
257 542 398 570 attendens
410 542 529 573 attende,
538 547 566 568 et
577 542 693 577 vigilans
703 542 792 575 vigila,
803 542 866 575 quia
882 542 959 568 tnttlti

170 589 206 616 ait
224 589 280 616 alto
302 589 492 623 impugnantes
524 597 584 620 nos,
600 589 664 622 quia
681 588 782 615 diaboli
808 587 961 622 complures

170 639 235 662 sunt
254 635 342 669 laquei
359 643 366 660 :
384 633 454 665 Quia
469 637 595 667 tanquam
605 633 644 659 leo
663 633 767 666 rugiens
779 633 873 667 quwrit
884 641 959 667 quem

170 680 329 708 devoret".
347 680 438 714 Atque
468 679 541 706 hunc
570 678 678 712 quidem
710 678 849 712 voluptate
872 678 962 705 carnis

174 718 325 754 exsorbere
338 729 468 757 conatur;
484 725 566 752 alium
581 732 646 751 vero
657 724 853 751 incredulitatis
867 725 963 751 morbo

172 779 187 797 a
203 777 334 804 compage
352 769 466 795 fratrum
494 769 632 796 divellere.
664 769 754 795 Alium
779 769 888 795 invidia:
901 769 963 796 telis

173 816 310 847 vulnerat,
341 819 370 841 ut
386 814 452 842 Cain
466 815 582 841 alterum
605 814 722 841 eﬂiciat:
744 815 826 841 alium
842 814 963 841 avaritia:

172 869 237 890 casu
257 861 358 894 tlejieit,
376 860 472 887 .lutlatn
503 861 618 886 alterum
658 860 778 895 gestiens
807 861 961 887 ostendere.

173 910 262 942 Atque
278 912 308 934 ut
320 907 404 934 semel
430 906 533 938 dicam,
559 914 628 940 opus
654 906 714 940 ejus
731 910 825 933 noctes
841 905 962 940 diesque,

174 959 297 980 nostrum
309 953 484 980 estexitium.
502 952 635 982 Observa.
653 951 759 979 custodi
776 959 805 979 re
827 959 858 978 ac
871 951 964 978 verbis

174 1006 240 1026 oves
250 998 351 1026 Christi
367 1007 374 1030 ;
390 1003 416 1024 et
432 1005 538 1024 merces
555 997 602 1023 tibi
619 996 705 1023 multa
725 997 778 1024 erit
792 1005 805 1022 a
824 996 888 1023 lien.
905 997 965 1030 Ipse

174 1046 246 1073 enim
278 1046 465 1080 apostolorum
491 1045 636 1080 coryplueo
655 1045 741 1071 dixit:
769 1044 860 1070 Simon
876 1044 964 1076 Jonu',

173 1092 262 1126 diligis
277 1099 317 1117 me
331 1091 390 1125 plus
403 1091 443 1116 Itis
456 1091 467 1116 ?
485 1090 565 1116 Pasre
579 1098 636 1116 oves
656 1097 727 1116 meas
743 1090 777 1116 9“.
795 1089 886 1125 Itaque
901 1098 965 1124 pro-

175 1139 247 1166 batio
258 1140 359 1166 amoris
374 1145 438 1172 erga
451 1139 540 1172 ipsum
553 1136 689 1170 cst,juxta
701 1135 964 1172 Seripturam,virga

175 1183 327 1218 pastoralis.

371 1325 500 1352 CLXXX.
517 1342 551 1346 —
563 1325 697 1360 Stephano
717 1326 783 1359 ﬁlio.

1011 261 1090 295 χρεὶα
1103 280 1111 291 .
1128 260 1340 296 ἁναπληρούσης
1354 261 1385 287 τὸ
1401 260 1509 291 ἐλλιπὲς
1525 262 1576 296 τῆς
1599 260 1708 295 ἡλικίας
1725 259 1799 297 [cod.

1012 306 1079 340 Reg.
1095 307 1291 338 ὑποπτώσεως,
1309 305 1493 342 ρωηὶιεηιίιε],
1508 307 1541 342 ἣν
1555 307 1692 333 ὑπέπεσεν
1708 307 1722 334 ὀ
1737 316 1803 343 προ-

1011 352 1243 387 καθηγησάμενος
1257 352 1347 387 ὑμῶν,
1371 353 1419 378 καὶ
1442 351 1477 378 δι’
1493 351 1576 378 αὑτοῦ
1595 352 1697 380 πάντες
1721 353 1804 388 ἡμεῖς

1010 399 1043 432 τῇ
1063 398 1169 424 ἐκείνου
1187 398 1339 434 παραδοχῇ.
1356 398 1409 425 Οἴα
1430 398 1486 433 γὰρ
1506 399 1523 433 ἠ
1547 397 1668 434 κεφαλὴ,
1682 399 1804 424 τοιοῦτον

1011 445 1058 470 καὶ
1071 443 1101 470 τὸ
1114 444 1174 470 ὅλον
1189 444 1280 479 σῶμα.
1306 443 1362 471 Καὶ
1377 443 1465 471 ταῦτα
1480 443 1563 477 λέγω,
1587 443 1637 479 οὐχ
1651 443 1694 470 ἵνα
1710 444 1805 470 διαλυο

1012 489 1090 524 θῆτε,
1107 489 1164 516 ἀλλ’
1181 490 1225 516 ἵνα
1238 489 1410 525 συντηρῆσθε
1423 489 1555 524 ἁκριὸὦς,
1572 491 1619 516 καὶ
1632 490 1804 526 ἐπιρρώννυ-

1013 536 1059 562 σοε
1085 537 1118 572 τῇ
1145 535 1280 571 ἀμεθεξίᾳ
1302 536 1352 570 τῆς
1373 536 1515 572 αἱρέσεως.
1542 535 1685 570 Δεύτερον,
1710 536 1804 570 νήφων

1013 582 1092 616 νῆφε,
1115 583 1163 608 καὶ
1187 581 1333 617 γρηγορῶν
1347 581 1480 617 γρηγόρει
1490 588 1498 596 ⁶
1514 581 1554 607 ὅτι
1577 581 1670 607 πολλοὶ
1684 582 1708 607 οἱ
1722 582 1803 608 πολε-

1015 628 1129 662 μοῦντες
1141 629 1215 663 ἡμᾶς
1227 627 1282 654 ἀπὸ
1295 627 1379 662 ὕψους
1391 635 1398 642 ·
1415 627 1456 653 ὅτι
1471 627 1557 653 πολλὰ
1570 627 1605 653 τὰ
1621 626 1747 662 θήρατρα
1757 628 1804 654 τοῦ

1012 674 1152 700 διαϐόλου·
1180 675 1245 701 Ὅτι
1272 674 1312 708 ὡς
1337 674 1417 701 λέων
1441 674 1613 709 ἀψυόμενος
1635 672 1715 707 ζητεῖ
1737 674 1806 700 τίνα

1014 721 1154 754 καταπίῃ.
1175 722 1231 748 Καὶ
1244 720 1275 747 ὃν
1289 721 1339 755 μὲν
1351 721 1431 756 ἡδονῇ
1451 720 1551 756 σαρκὸς
1573 720 1701 755 πειρᾶται
1717 720 1805 754 ῥοφῆ-

1014 776 1076 794 σαι’
1099 767 1128 794 ὂν
1143 767 1172 793 δὲ
1195 767 1324 800 ἀπιττξας
1343 768 1479 802 νοσήματι
1501 765 1648 802 διαρρῆξαι
1671 767 1720 801 τῆς
1742 775 1806 792 συν-

1015 814 1113 846 αφείας
1128 814 1182 840 τῶν
1197 814 1330 848 ἀδελφῶν.
1344 815 1399 842 Καὶ
1410 815 1490 842 ἄλλον
1507 813 1605 849 φθόνου
1620 813 1708 847 βέλεσι
1720 821 1804 840 κατα-

1015 860 1174 896 τιτρώσκει,
1184 862 1254 888 Κᾱιῐν
1269 861 1347 888 ἄλλον
1361 861 1499 894 ἀποδεῖξαι
1515 861 1694 896 βουλόμενος’
1712 860 1806 895 ἕτερον

1016 906 1044 933 δὲ
1060 906 1244 941 φιλαργυρίας
1259 906 1388 942 πτώματι
1403 906 1577 938 καταϐάλλει,
1599 906 1697 933 Ἰούδαν
1711 906 1806 932 δεύτε-

1019 962 1064 990 ρον
1078 954 1212 989 γνωρίσαι
1236 953 1406 989 γλιχόμενος,
1430 953 1485 979 Καὶ
1500 951 1574 984 ἅπαξ
1597 951 1700 984 ἁπλῶς,
1726 951 1805 987 ἔργον

1019 1000 1102 1027 αὑτοῦ
1117 999 1227 1034 νύκτωρ
1248 1000 1295 1026 καὶ
1318 999 1377 1034 μεθ’
1400 998 1519 1035 ἡμέραν,
1541 999 1559 1034 ἡ
1579 998 1639 1025 καθ’
1654 998 1733 1034 ἡμῶν
1753 999 1806 1024 ἁπ-

1019 1045 1114 1072 ὡλεια.
1131 1045 1242 1077 Σκόπει,
1259 1045 1395 1080 φυλάττου
1409 1045 1520 1081 τρόποις
1533 1044 1580 1071 καὶ
1594 1044 1683 1078 λόγοις
1696 1044 1730 1070 τὰ
1740 1044 1807 1078 πρό-

1020 1092 1090 1119 ϐατα
1113 1091 1160 1118 τοῦ
1180 1091 1310 1128 Χριστοῦ.
1331 1092 1386 1120 Καὶ
1400 1092 1414 1119 ὁ
1432 1091 1528 1127 μισθός
1554 1099 1601 1117 σου
1627 1090 1711 1120 πολὺς
1730 1088 1808 1123 παρὰ

1019 1137 1097 1165 θεοῦ.
1124 1138 1210 1170 Αὐτὸς
1234 1138 1289 1174 γὰρ
1313 1138 1407 1174 εἴρηκε
1434 1137 1502 1172 πρὸς
1516 1137 1562 1164 τὸν
1586 1136 1734 1171 κορυφαῖον
1753 1135 1809 1161 τῶν

1020 1184 1177 1211 ἀποστόλων
1187 1193 1194 1201 ·
1207 1185 1305 1219 Σίμων
1319 1183 1414 1216 Ἰωνᾶ,
1424 1183 1524 1218 φιλεῖς
1529 1191 1568 1218 με
1577 1182 1672 1209 πλέον
1679 1182 1809 1214 emittar;

1022 1229 1164 1264 Ποίμαινε
1177 1230 1214 1256 τὰ
1227 1229 1361 1264 πρόϐατά
1372 1239 1443 1264 μου.
1461 1229 1542 1255 Ὥστε
1554 1227 1690 1260 ἀπόδειξις
1702 1229 1753 1263 τῆς
1770 1229 1810 1258 εἰς

1019 1275 1100 1301 αὑτὸν
1117 1276 1238 1310 ἀγάπης,
1252 1277 1269 1311 ἡ
1283 1276 1450 1310 ποιμαντικὴ
1463 1276 1534 1302 κατὰ
1547 1275 1627 1310 λόγον
1641 1274 1751 1310 ῥάϐδος.

1110 1330 1163 1357 Pﬂ’
1179 1331 1296 1367 (72-75).
1309 1347 1342 1353 —-
1354 1332 1495 1366 Στεφάνῳ
1505 1331 1608 1365 τέκνῳ.
1623 1330 1721 1367 [eaea]

701 1381 842 1407 Monasticaa
854 1385 1006 1414 paupertatis
1023 1392 1106 1410 curam
1119 1388 1282 1413 commendat.

211 1436 328 1464 Advenit
339 1441 367 1464 et
381 1436 466 1463 abbas
483 1436 640 1467 Antbimns,
658 1436 766 1470 egregie
778 1435 926 1470 Stepliane,
939 1442 967 1464 et

178 1482 215 1511 ﬂli
226 1482 323 1510 dilecte
342 1490 349 1508 :
367 1488 498 1516 cumque,
515 1485 545 1508 ut
560 1489 609 1515 par
621 1485 689 1514 erat,
711 1486 839 1515 tanquam
852 1481 968 1516 teipsum

179 1529 358 1563 accepissem,
375 1527 540 1562 interrogavi
558 1527 789 1562 quemadmodum
808 1532 834 1555 te
851 1535 968 1562 gereres.

179 1573 246 1602 Nam
260 1573 324 1608 quia
339 1573 391 1600 hoc
400 1573 521 1608 postulat
536 1573 704 1607 prxfecturze.
719 1573 801 1606 ratio,
832 1574 872 1601 sic
887 1574 969 1601 etiam

1055 1441 1194 1467 Κατέλαϐε
1210 1441 1257 1468 καὶ
1271 1442 1286 1468 ὁ
1298 1441 1386 1474 ἀόϐᾱς
1397 1442 1527 1477 Ἀνοιμος
1538 1463 1545 1472 ,
1557 1439 1580 1468 ὦ
1595 1442 1662 1469 καλὲ
1678 1442 1809 1477 Στέφανε,

1019 1486 1065 1512 καὶ
1083 1487 1124 1512 υἱὲ
1140 1487 1322 1522 ἡγαπημένε·
1349 1487 1396 1514 καὶ
1418 1488 1543 1523 καθάπερ
1573 1496 1603 1514 σε
1626 1487 1812 1523 ὀφειλομένως

1021 1531 1083 1559 ἰδὼν
1100 1533 1241 1568 ἀνέκρινα,
1265 1534 1340 1565 ὅπως
1363 1534 1478 1569 διάγοις.
1507 1535 1617 1570 Ἐπειδὴ
1633 1536 1647 1562 ὁ
1663 1535 1741 1569 λόγος
1758 1535 1811 1570 τῆς

1021 1579 1188 1613 προστασίας
1211 1579 1322 1607 ἀπαιτεί
1343 1580 1443 1613 τοῦτο,
1467 1580 1554 1612 οὕτως
1576 1580 1740 1616 ἐχρησάμην
1760 1581 1809 1608 καὶ

181 1626 247 1646 usus
260 1626 321 1646 sum
338 1626 401 1653 erga
413 1617 526 1645 fratrem
541 1623 616 1644 tuum
640 1618 811 1645 Antbimnm.
827 1618 859 1646 Et
874 1618 967 1646 chari-

1022 1625 1068 1650 ἐπὶ
1087 1625 1134 1651 τοῦ
1149 1625 1267 1660 ἀδελφοῦ
1283 1634 1331 1653 σου
1349 1626 1489 1662 Ἀνθιμου.
1506 1627 1561 1654 Καὶ
1575 1627 1616 1654 ὃτι
1633 1627 1682 1662 μὲν
1697 1627 1811 1662 ἀγάπην

181 1669 262 1693 tatem
276 1664 386 1699 quidem
402 1668 524 1691 mutuam
541 1663 610 1690 inter
629 1672 677 1691 vos
701 1672 761 1691 esse
785 1665 909 1699 cognovi.
922 1665 970 1692 sed

180 1718 235 1740 non
251 1711 360 1746 qualem
376 1710 478 1737 veritas
504 1710 588 1742 exigit
617 1710 643 1736 in
656 1710 794 1744 germanis
819 1711 968 1738 secundum

182 1758 326 1786 Dominum
346 1756 488 1784 fratribus.
514 1756 584 1789 Quid
606 1756 744 1789 hoe‘enim
760 1761 804 1784 est
825 1757 897 1791 quod
914 1764 969 1784 non

181 1803 337 1831 communia
365 1802 454 1830 facitis
479 1802 594 1833 omnia;
620 1803 667 1829 sed
695 1807 722 1829 et
750 1803 885 1837 privatum
914 1803 971 1838 ipse

181 1857 278 1877 aurtnn
290 1849 386 1880 babes,
404 1853 431 1875 et
443 1855 541 1874 aurum
556 1848 600 1874 ille
610 1847 737 1881 privatim
755 1848 845 1881 habet,
861 1849 886 1876 id
898 1849 971 1884 quod

181 1895 309 1923 dirimere
322 1894 392 1922 solet
421 1893 603 1921 charitatem?
618 1893 761 1926 Quomodo
780 1894 855 1921 enim
878 1895 971 1922 anima

183 1950 236 1969 una
253 1945 280 1968 et.
297 1949 345 1968 cor
358 1948 442 1967 nnutn
459 1944 541 1974 queat
563 1947 635 1972 esse,
653 1940 697 1966 ubi
730 1947 821 1967 meum
844 1945 872 1968 et
893 1945 971 1968 tuum

183 1986 362 2015 nominatur?
390 1985 460 2014 llinc
475 1986 657 2021 suspiciones,
674 1986 738 2013 hinc
761 1986 970 2014 oblocutiones:

183 2034 246 2060 hinc
259 2033 350 2064 tertio,
373 2033 446 2066 quod
460 2039 514 2059 non
529 2033 556 2058 in
582 2032 673 2059 medio
691 2037 812 2059 vestrum
835 2032 970 2065 Christus,

182 2079 228 2114 qui
247 2079 335 2104 dixit:
355 2076 403 2104 Ubi
418 2081 480 2103 sunt
503 2076 555 2104 duo
582 2077 620 2104 vel
641 2081 693 2104 tres
712 2078 864 2112 congregati
887 2078 913 2104 in
926 2086 973 2105 no-

183 2125 251 2152 mine
276 2133 342 2156 meo,
364 2124 400 2150 ibi
424 2132 483 2150 sum
503 2124 530 2150 iu
551 2123 639 2150 medio
656 2132 745 2150 eorum
755 2125 795 2158 97;
821 2125 868 2152 sed
885 2124 972 2152 hostis

183 2172 338 2199 animarum
357 2175 525 2202 nostrarum,
541 2171 843 2205 quidissecattnemhra
859 2171 971 2199 Christi.

184 2217 361 2252 Perspicuum
378 2216 450 2243 cnitn
463 2222 514 2248 est,
533 2216 578 2242 ubi
594 2216 630 2243 sit
642 2216 745 2252 privata
757 2224 846 2244 rerum
863 2224 972 2251 posses—

183 2264 224 2290 sio
242 2267 342 2290 etnon
368 2263 561 2295 communitas,
585 2263 660 2289 illinc
687 2262 784 2290 abesse
810 2262 972 2289 Christum:

1021 1670 1098 1705 ἔχετε
1120 1671 1180 1706 μετ’
1195 1671 1319 1707 ἀλλήλων
1334 1672 1460 1706 διέγνων.
1473 1673 1503 1700 οὗ
1522 1673 1574 1708 μὴν
1586 1673 1644 1700 οἷαν
1657 1673 1782 1708 ἐπιζητεί
1793 1674 1810 1708 ἠ

1021 1716 1133 1752 ἀλήθεια
1146 1717 1192 1744 ἐπὶ
1206 1717 1331 1752 ἀδελφοῖς
1345 1719 1521 1753 γνησιεύουσι
1537 1719 1608 1746 κατὰ
1626 1719 1737 1754 Κύριον.
1753 1719 1810 1746 Καὶ

1021 1762 1047 1788 τί
1062 1762 1140 1789 τοῦτο
1153 1764 1195 1789 ὅτι
1209 1763 1240 1790 οὐ
1260 1766 1438 1791 κοινοποιεῖτε
1456 1765 1545 1792 πάντα
1557 1785 1564 1796 ,
1582 1765 1651 1791 ἀλλὰ
1668 1764 1716 1792 καὶ
1728 1765 1811 1796 αὐτὸς

1023 1808 1195 1843 ιδιοχρυσεῖς,
1207 1809 1256 1836 καὶ
1269 1807 1348 1842 οὗτος
1364 1811 1511 1846 ἰδιοχρυσεί
1524 1830 1532 1843 ,
1557 1811 1626 1846 ὅπερ
1639 1811 1697 1837 ἐστὶ
1709 1810 1812 1846 διαιρε-

1021 1854 1096 1881 τικὸν
1109 1855 1236 1889 ἁγάπης;
1252 1855 1307 1883 1Ιοῦ
1319 1856 1373 1891 γὰρ
1384 1856 1486 1883 δύναιτ’
1500 1857 1533 1883 ἂν
1547 1857 1597 1891 μία
1611 1856 1685 1893 ψυχὴ
1699 1857 1747 1884 καὶ
1761 1857 1812 1891 μισ.

1021 1900 1120 1935 καρδία
1135 1899 1216 1935 εἶναι,
1232 1902 1299 1929 ὅπου
1317 1904 1349 1929 τὸ
1361 1902 1485 1938 ὲμὺνίκαὶ
1499 1903 1531 1929 τὸ
1544 1902 1590 1929 σὺν
1603 1903 1731 1938 timeat;
1753 1903 1812 1930 ‘Ew

1022 1946 1117 1974 τεῦθεν
1131 1949 1159 1974 αἱ
1174 1948 1297 1983 ὑποψίαι,
1321 1949 1447 1976 ἐντεῦθεν
1469 1951 1497 1976 αἱ
1520 1949 1690 1977 καταλαλιαί.
1707 1950 1762 1976 Καὶ
1780 1950 1813 1976 τὸ

1022 1992 1122 2027 τρίτον,
1138 1993 1264 2020 ἐντεῦθεν
1276 1994 1326 2029 οὐχ
1340 1995 1355 2021 6
1369 1994 1487 2029 Χριστὸς
1499 1995 1529 2021 ὲν
1546 1994 1621 2029 μέσῳ
1641 1994 1729 2029 ὑμῶν,
1744 1995 1758 2021 6
1772 1995 1812 2021 ει-

1023 2037 1098 2064 πών·
1111 2038 1208 2066 ’Ὅπου
1222 2039 1282 2066 εἱσι
1295 2040 1351 2067 δύο
1374 2040 1393 2074 ἢ
1412 2040 1490 2074 τρεῖς
1513 2040 1698 2075 συνηγμένοι
1715 2041 1759 2074 εις
1777 2040 1812 2067 τὸ

1023 2083 1098 2117 ἐμὸν
1121 2084 1225 2119 ὄνομα,
1249 2085 1314 2112 ἐκεῖ
1335 2087 1393 2120 ειμι
1410 2086 1445 2113 ἐν
1464 2085 1548 2120 μέσῳ
1572 2087 1692 2114 αὐτῶν’
1716 2087 1775 2114 ἀλλ’
1797 2087 1813 2114 6

1024 2128 1121 2164 ἐχθρὸς
1135 2130 1189 2156 τῶν
1214 2130 1309 2166 ψυχῶν
1328 2130 1418 2166 ἡμῶν,
1434 2132 1449 2158 6
1464 2132 1616 2167 διατέμνων
1628 2132 1664 2159 τὰ
1677 2132 1744 2168 μέλη
1763 2133 1812 2160 τοῦ

1024 2174 1152 2210 Χριστοῦ.
1174 2176 1259 2210 Δῆλον
1273 2176 1327 2212 γὰρ
1348 2177 1390 2203 ὃτι
1408 2177 1476 2203 ὅπου
1493 2177 1702 2212 ἱδιοκτημοσύνη
1719 2177 1766 2204 καὶ
1781 2178 1812 2204 οὐ

1024 2221 1159 2256 κοινότης,
1180 2221 1295 2250 ἄπεστιν
1306 2222 1410 2249 ἐκεῖθεν
1424 2223 1439 2249 6
1455 2222 1573 2257 Χριστός
1584 2232 1590 2237 ·
1603 2223 1697 2258 ἐπειδὴ
1711 2223 1814 2258 γέγρα-

1026 2275 1092 2293 πται
1114 2269 1162 2294 ἐπὶ
1185 2268 1239 2294 τῶν
1259 2268 1436 2295 ἀποστόλων·
1461 2267 1555 2303 Εἶχον
1578 2268 1697 2296 ἅπαντα
1715 2268 1812 2301 κοινὰ,

182 2311 311 2344 quoniam
327 2310 361 2337 de
375 2309 505 2345 apostolis
516 2310 648 2344 scriptum
667 2314 708 2336 est
726 2319 732 2336 :
750 2309 834 2336 Erant
847 2309 902 2336 illis
917 2317 967 2336 om-

1026 2312 1077 2338 καὶ
1091 2313 1191 2345 οὐδεὶς
1208 2313 1267 2340 τῶν
1276 2322 1304 2340 τι
1317 2314 1516 2348 ὑπαρχόντων
1529 2312 1609 2346 αὐτῷ
1621 2313 1726 2348 ἔλεγεν
1736 2314 1815 2341 ἴδιον

183 2356 228 2383 nia
241 2356 391 2382 communia
399 2364 409 2388 ;
430 2363 475 2382 nec
495 2355 635 2390 quisquam
647 2363 738 2382 eorum
752 2363 811 2390 quae
823 2355 972 2390 possidebat

183 2402 284 2437 aliquid
297 2409 375 2428 suum
389 2409 445 2428 ease
456 2400 560 2427 dicebat
577 2400 610 2428 9'.
634 2399 693 2428 Non
711 2401 794 2436 pudet
814 2409 898 2433 nunc,
910 2400 974 2427 date

185 2448 304 2479 veniam,
319 2455 382 2474 cum
395 2447 450 2474 duo
459 2447 530 2479 sitis,
542 2447 613 2474 bona
628 2447 654 2474 in
666 2454 810 2474 commune
821 2455 874 2474 non
885 2447 974 2482 possi-

185 2494 249 2522 dere
267 2503 273 2520 :
291 2501 352 2521 cum
372 2493 442 2520 inter
454 2493 604 2527 apostolos,
626 2494 672 2527 qui
693 2500 808 2520 numero
830 2497 869 2520 tot
883 2498 973 2524 erant,

185 2540 368 2567 communitas
381 2539 700 2573 cxsistcret?Propterea
714 2539 749 2566 ibi
763 2543 822 2566 erat
836 2539 975 2566 Christus:

185 2585 255 2612 inter
272 2593 320 2611 vos
337 2589 426 2611 autem
438 2592 622 2619 nequaquam,
637 2585 688 2611 etsi
710 2591 792 2619 grave
809 2588 851 2611 est
868 2583 976 2611 dicere:

185 2630 289 2665 alioqui
305 2631 449 2658 unanimes
468 2630 575 2661 essetis.
588 2636 614 2658 et
632 2629 847 2661 consentientes,
865 2633 892 2656 et
909 2636 977 2656 con-

185 2677 296 2708 cordes;
309 2676 426 2703 invicem
444 2676 622 2707 sustinentes,
639 2675 756 2702 invicem
773 2679 910 2706 curantes,
926 2682 975 2702 vo-

185 2722 228 2751 bis
242 2722 418 2753 sullicientes,
447 2722 516 2749 bene
542 2721 641 2754 allecti,
658 2721 759 2753 blandi,
776 2720 887 2753 hilares,
905 2727 983 2762 βιοῖ-

220 2815 351 2842 ⁹⁸ΙΡο1Γ.
371 2823 396 2845 v,
412 2814 439 2840 8.
480 2814 504 2829 "
516 2813 594 2841 Joau.
615 2820 672 2846 XM,
698 2813 800 2841 15-17}

1027 2357 1113 2386 εἶναι.
1130 2357 1187 2384 Οὐκ
1205 2357 1391 2393 αἰσχυνόμεθα
1412 2357 1485 2392 ἄρτι,
1503 2357 1655 2392 σύγγνωτε,
1673 2357 1721 2384 δύο
1737 2358 1814 2389 ὅντες

1029 2403 1066 2438 μὴ
1082 2402 1232 2437 κεκτῆσθαι
1253 2402 1329 2429 κοινὰ
1346 2402 1381 2429 τὰ
1403 2403 1484 2429 ὄντα·
1511 2402 1559 2429 ἐπὶ
1581 2402 1636 2429 τῶν
1656 2403 1816 2430 ἀποστόλων

1027 2448 1156 2476 τοσούτου
1181 2447 1301 2483 πλήθους
1323 2447 1400 2479 ὄντος
1424 2447 1474 2483 τὴν
1497 2448 1643 2482 κοινότητα
1663 2447 1813 2483 ὑπάρχεινς

1026 2494 1076 2520 Διὰ
1102 2493 1181 2520 τοῦτο
1210 2493 1269 2520 ἐκεῖ
1295 2491 1330 2529 ἦν
1352 2495 1366 2520 ὀ
1390 2494 1517 2529 Χριστός.
1540 2494 1585 2520 Ἐν
1598 2494 1662 2528 ὐμτν
1684 2494 1713 2521 δὲ
1735 2494 1817 2521 οὐδα-

1029 2540 1086 2575 μῶς
1095 2548 1102 2554 ·
1119 2539 1172 2566 κᾶν
1185 2539 1270 2575 βαρὺς
1281 2540 1296 2566 ὁ
1312 2540 1390 2574 λόγος
1399 2547 1406 2556 ⁸
1416 2540 1434 2575 ἢ
1446 2540 1500 2576 γὰρ
1513 2541 1546 2567 ἂν
1561 2541 1592 2567 τὸ
1605 2540 1742 2575 σύμψυχοι
1754 2538 1815 2576 ἦτε,

1027 2585 1185 2620 σύμφρονές
1199 2594 1229 2611 τε
1244 2586 1292 2612 καὶ
1312 2586 1482 2621 όμοκάρδιοι,
1505 2587 1627 2619 ἀλλήλων
1643 2587 1816 2622 ἀνεχόμενοι,

1027 2631 1151 2666 ἀλλήλων
1167 2629 1366 2666 φροντίζοντες,
1385 2632 1544 2667 αὐτάρκεις,
1559 2632 1706 2664 εὐπειθεῖς,
1723 2633 1818 2667 εὐμει-

1030 2677 1128 2708 λικτοι,
1155 2677 1253 2712 ἱλαροὶ,
1278 2676 1443 2712 ἀρκούμενοι
1463 2681 1519 2710 τοῖς
1535 2677 1664 2713 παροῦσι,
1687 2678 1818 2712 γλυκεῖαν

1031 2723 1106 2759 ζωὴν
1121 2723 1240 2758 ἔχοντες,
1254 2723 1302 2750 καὶ
1313 2724 1383 2759 μετὰ
1395 2724 1474 2760 μόνον
1486 2725 1569 2761 ἄρτου
1581 2724 1629 2752 καὶ
1643 2724 1749 2759 ὓδατος,
1758 2725 1818 2754 οἷαν

839 2814 861 2829 ³⁷
877 2813 972 2840 Matth.
990 2823 1068 2848 xvut,
1084 2817 1110 2843 ‘2.
1150 2816 1239 2844 "Act.
1258 2824 1293 2849 l\',
1311 2816 1354 2843 52.

929 2868 1044 2897 NOT/E.

224 2906 330 2940 (72-75)
348 2906 376 2933 In
390 2907 439 2934 cod
469 2906 534 2940 Erg.
557 2907 627 2940 ρπβκ
