1927 3089
193 150 260 182 1559

780 147 810 176 S.
829 143 1025 176 THEODORI
1051 143 1224 174 STUDITIE

1747 140 1813 172 1550

191 209 265 236 nobis
275 208 310 234 ad
325 207 394 234 diem
409 207 528 241 festum:
548 211 593 232 aut
609 206 696 241 egenis
717 210 745 232 ut
756 204 858 240 aliquid
873 204 946 230 daret
958 203 980 229 ³.

1034 201 1114 236 λέγει
1127 201 1218 234 αὐτῷ,
1237 201 1401 236 Ἀγόρασον
1411 198 1456 228 ὧν
1463 201 1568 235 χρείαν
1579 200 1688 235 ἔχομεν
1701 201 1745 234 εις
1758 202 1815 235 τὴν·

192 254 238 281 Sic
253 253 286 280 ad
304 251 485 279 imitationem
498 250 615 284 Christi,
631 250 760 278 omnibus
773 250 820 284 qui
833 257 897 277 vere
910 257 979 284 pr:e~

191 303 269 330 sunt,
283 297 390 324 loculos
405 296 505 323 habere
521 296 594 328 licet.
615 303 670 323 non
681 295 716 323 ob
731 295 804 323 aliud
817 295 978 330 quidquam,

191 345 282 373 absit!
304 344 358 370 Deo
378 344 450 370 cuitu
466 350 626 377 magnopere
641 341 776 377 displicet.
791 341 818 368 Si
833 349 899 376 ergo
911 349 980 376 prae--

191 391 263 418 sides
282 390 364 416 etiam
393 396 442 416 vos
458 388 534 420 estis,
565 392 592 414 et
616 387 692 414 vobis
713 387 795 421 aliqui
811 387 902 420 largiti
919 387 978 414 fliu-

192 439 257 470 rint,
273 435 504 471 quemadmodum
534 439 561 462 et
581 434 690 462 Christo
705 434 766 467 ipsi,
782 433 814 460 de
839 433 978 467 facultati-

192 486 238 512 bus
251 485 317 515 suis,
332 483 403 510 sicut
417 481 547 516 scriptum
564 486 616 514 est,
633 480 754 506 mulieres
768 488 826 514 qua:
838 480 916 505 illum
940 487 979 504 xe-

190 530 340 566 quebantur
352 529 362 545 ‘
378 538 385 558 :
399 534 426 556 et
447 528 550 555 sanctis
564 527 691 554 similiter
706 526 751 553 alii
775 531 803 552 et
820 526 895 553 alite:
911 525 979 552 bene

191 577 291 607 habet,
306 576 470 611 possidentis
484 575 558 606 licet,
574 581 628 601 non
643 574 738 600 decem
767 578 905 603 nummos,
931 569 979 597 sed

191 623 282 650 decies
299 623 392 649 mille:
412 622 481 649 nihil
495 621 567 649 enim
585 623 705 646 vestrum
723 623 776 649 est,
791 617 839 644 sed
857 616 977 648 Christi;

191 674 219 696 ct
232 669 434 704 dispensatores
451 675 499 695 vos
523 666 590 694 estis
606 666 741 694 bonorum
766 663 887 696 Christi;
908 663 980 690 sicut

191 720 218 742 et
234 715 333 742 Paulus
349 714 441 741 omnia
459 712 613 748 possidens,
639 711 707 738 nihil
729 710 854 741 habebat,
873 713 900 736 et
918 709 980 743 qui-

192 769 302 796 cunque
325 761 395 787 alius
413 760 445 787 ad
461 759 534 786 hunc
559 759 630 786 diem
645 764 706 783 cum
723 755 769 783 Dei
788 755 870 782 timor
881 753 978 789 praefe-

192 813 297 835 cturam
312 807 405 841 gessit.
420 805 499 838 Quod
523 805 547 832 si
575 803 713 838 prmpositi
727 809 781 829 non
798 800 875 832 estis,
895 808 926 827 ac
939 800 980 826 di-

193 857 365 888 spcnsatores
379 851 543 881 animarum,
560 850 656 876 hortor
667 852 694 875 et
706 848 830 878 obsecro,
845 850 979 880 utquam-

194 900 313 933 primum
351 897 471 932 erogetis
504 895 576 929 quod
611 893 795 929 praescriptam
823 898 978 918 mensuram

194 943 310 976 excedit,
332 950 366 970 ne
380 942 503 969 avaritiae
518 940 614 966 morbo
644 938 716 972 capti
729 946 745 964 a
762 937 882 969 diabolo,
897 936 980 963 disci-

193 990 249 1026 puli
263 989 367 1017 Christi
395 995 455 1015 esse
479 986 623 1014 desinatis.
642 984 704 1011 llaec
732 992 784 1010 non
813 983 890 1010 vobis
914 982 980 1009 solis

193 1038 260 1071 dixi,
274 1037 320 1064 sed
346 1044 394 1071 per
417 1044 465 1063 vos
484 1034 592 1062 cunctis
604 1033 756 1065 fratribus;
782 1039 832 1059 nec
847 1031 910 1058 odio
931 1031 980 1057 ha-

194 1084 272 1116 bens,
292 1083 383 1115 absit;
396 1081 442 1108 sed
459 1086 622 1114 magnopere
636 1079 772 1113 diligens;
790 1084 879 1110 neque
891 1076 918 1102 iu
935 1083 981 1102 au-

194 1129 300 1164 guslias
314 1127 400 1162 redigi
423 1134 471 1153 vos
490 1125 613 1160 cupiens.
629 1124 677 1151 sed
698 1123 845 1150 admodum
862 1120 978 1148 dilatari.

195 1175 225 1201 In
237 1173 361 1208 angustia
379 1172 479 1205 quippe
508 1170 641 1197 latitudo:
658 1173 686 1196 et
704 1169 731 1194 in
747 1167 856 1194 tristitia
882 1173 980 1192 secun-

194 1220 259 1246 dum
275 1219 425 1248 Christum,
447 1216 591 1244 exsultatio
610 1215 734 1250 spiritus.
751 1213 784 1240 Et
813 1213 905 1240 audite
926 1219 979 1244 me,

196 1266 254 1297 lilii,
266 1269 436 1300 peccatorem
462 1270 534 1292 recte
551 1262 750 1292 consulentem,
774 1260 893 1294 legitime
910 1266 979 1293 prae-

195 1310 338 1345 cipientem
352 1317 359 1341 ;
376 1313 406 1336 ut
431 1316 478 1343 per
499 1307 591 1335 omnia
610 1310 637 1333 et
651 1306 677 1332 iu
703 1304 831 1332 omnibus
843 1303 980 1337 placentes

195 1356 314 1388 Christo,
336 1354 457 1381 lueredes
472 1354 560 1381 simus
584 1353 718 1380 bonorum
734 1355 908 1377 aeternorum.

378 1494 518 1522 CLXXXI.
527 1509 562 1514 —
577 1493 673 1521 Μανία
687 1493 793 1528 regium.

1028 246 1146 280 ἑορτὴν,
1169 247 1186 280 ἢ
1211 246 1271 279 τοῖς
1295 246 1424 281 πτωχοῖς
1447 245 1498 272 ινα
1517 245 1558 278 δῷ
1571 255 1610 274 τι.
1635 245 1727 278 οὕτως
1745 247 1815 274 κατὰ

1029 293 1146 327 μίμησιν
1161 291 1291 327 Χριστοῦ,
1309 292 1339 319 ιν
1363 292 1431 318 πᾶσι
1446 293 1501 323 τοῖς
1517 292 1653 327 ἀληθινοῖς
1674 293 1815 327 προεστῶ-

1029 346 1082 366 οιν.
1095 338 1152 363 ἔστι
1167 338 1275 369 πάντως
1289 337 1318 364 τὸ
1334 337 1536 371 γλωσσόκομον·
1547 338 1593 364 καὶ
1606 338 1635 364 οὐ
1648 337 1682 363 δι’
1699 337 1763 364 ἄλλο
1775 347 1812 370 τι,

1028 382 1135 416 ἄπαγεί
1162 383 1284 417 ἔχθιστον
1305 382 1359 417 γὰρ
1381 382 1450 417 Θεῷ.
1475 381 1565 409 Εἰοῦν
1580 383 1628 409 καὶ
1652 383 1730 416 ὑμεῖς
1752 384 1813 409 ἐστε

1029 429 1213 464 προεστῶτες,
1232 430 1279 455 καὶ
1294 428 1457 455 ἑπιδιδοῦσιν
1473 429 1538 463 ὑμῖν
1556 437 1638 459 τινες,
1654 429 1691 459 ὡς
1707 429 1754 455 καὶ
1767 430 1816 455 αὑ-

1028 475 1067 510 τῷ
1081 474 1205 510 Χριστῷ,
1225 475 1259 501 ἐκ
1276 473 1336 501 τῶν
1353 475 1549 508 ὑπαρχόντων
1562 474 1670 505 αὐτῶν,
1685 475 1755 501 καθὰ
1767 475 1814 508 γέ-

1028 529 1150 555 γραπται
1163 541 1170 552 ,
1194 522 1223 547 al
1248 519 1532 547 συνακολουθοῦσαι
1554 519 1635 551 αὐτῷ
1656 521 1813 554 γυναῖκες’

1029 568 1076 593 καὶ
1089 568 1147 598 τοῖς
1163 566 1252 600 ἁγίοις
1263 566 1450 601 ὁμοιοτρόπως
1466 565 1541 592 ἄλλοι
1556 566 1604 592 καὶ
1617 566 1695 593 ἄλλαι
1706 575 1713 582 ⁸
1730 566 1762 593 εὖ
1782 567 1817 594 ἂν

1029 613 1100 647 ἔχοι·
1127 612 1174 638 καὶ
1188 612 1296 647 σχοίητε
1313 611 1351 647 μὴ
1376 612 1430 638 ἀπὸ
1454 611 1519 638 δέκα
1545 612 1731 646 νομισμάτων,
1747 612 1818 640 ἀλλὰ

1029 658 1076 684 καὶ
1088 657 1142 683 ἀπὺ
1157 656 1263 691 μυρίων
1273 665 1279 672 ·
1293 657 1369 683 οὐδὲν
1384 657 1437 692 γὰρ
1453 657 1595 692 ὑμέτερον,
1606 657 1673 684 ἀλλὰ
1684 658 1813 693 Χριστοῦ·

1029 704 1076 730 καὶ
1091 704 1227 738 οἰκονόμοι
1242 703 1321 737 ὑμεῖς
1333 703 1377 729 διὰ
1389 703 1435 729 τοῦ
1446 703 1565 738 Χριστοῦ
1576 712 1582 718 ·
1597 704 1669 730 καθά
1681 705 1727 731 καὶ
1740 705 1816 730 Παῦ-

1028 749 1072 781 λος
1086 750 1120 775 τὰ
1135 749 1222 775 πάντα
1239 749 1373 784 κατέχων,
1383 749 1458 776 οὐδὲν
1470 747 1538 784 εἶχε,
1552 750 1599 776 καὶ
1612 751 1666 781 πᾶς
1681 758 1723 781 τις
1735 749 1817 781 ἄλλος

1032 795 1111 830 μέχρι
1125 795 1172 821 τοῦ
1186 794 1266 828 δεῦρο
1283 794 1420 829 θεοφόῦως
1432 795 1501 829 ἔχων
1518 796 1567 829 τὴν
1583 795 1762 829 προστασίαν.
1781 796 1814 822 Et

1030 841 1057 866 δὲ
1072 841 1123 867 οὐκ
1138 840 1199 866 ἐστὲ
1215 840 1377 874 προστάται,
1396 840 1443 866 καὶ
1454 840 1590 875 οικονόμοι
1603 840 1707 875 ψυχῶν,
1723 850 1816 877 παρα-

1031 886 1108 912 καλῶ
1125 887 1173 913 καὶ
1189 885 1334 917 ἀντιϐολῶ,
1347 886 1504 921 διανείματε
1515 887 1546 912 τὸ
1560 886 1634 922 παρὰ
1649 888 1680 913 τὸ
1690 887 1815 922 ὡρισμέ-

1031 941 1076 958 νον
1092 932 1192 967 μέτρον
1209 933 1287 967 τάχει
1298 940 1305 948 ⁸
1322 933 1366 958 ἵνα
1383 932 1419 967 μὴ
1441 932 1480 967 τῷ
1499 932 1548 967 τῆς
1567 933 1749 968 φιλαργυρίας
1761 933 1815 960 πά·
1832 955 1837 959 .

1031 977 1071 1004 θει
1087 978 1195 1008 ἁλόντες
1218 978 1269 1004 ὑπὸ
1293 977 1339 1004 τοῦ
1363 977 1502 1011 διαϐόλου,
1527 978 1668 1004 ὲκπέσοιτε
1688 979 1741 1005 ἀπὸ
1766 980 1816 1013 τῆς

1032 1022 1180 1056 μαθητείας
1193 1021 1324 1055 Χριστοῦ.
1338 1022 1435 1050 Ταῦτα
1450 1022 1500 1057 οὐχ
1517 1023 1582 1057 ὑμῖν
1599 1023 1689 1057 μόνοις
1704 1023 1814 1057 εἴρηκα,

1031 1067 1097 1093 ἀλλὰ
1114 1067 1161 1092 καὶ¹
1174 1067 1207 1094 δι’
1220 1067 1295 1102 ὑμῶν
1307 1068 1374 1093 πᾶσι
1387 1068 1443 1099 τοῖς
1459 1068 1583 1102 ἀδελφοῖς
1593 1078 1599 1084 -
1612 1068 1658 1094 καὶ
1669 1069 1699 1095 οὑ
1717 1068 1814 1103 μισῶν,

1030 1111 1120 1146 ἄπαγε
1132 1113 1139 1139 l
1155 1112 1223 1138 ἀλλὰ
1237 1112 1285 1139 καὶ
1298 1112 1369 1139 πάνυ
1386 1112 1471 1147 φιλῶν
1481 1120 1487 1128 '
1504 1113 1553 1139 καὶ
1570 1113 1600 1139 οὐ
1614 1113 1816 1148 πενοχωρῆσαι

1032 1157 1104 1192 ὑμᾶς
1115 1156 1288 1192 αἱρούμενος,
1310 1157 1378 1184 ἀλλά
1392 1158 1438 1184 καὶ
1455 1157 1526 1185 πάνυ
1546 1159 1746 1194 εὑρυχωρῆσαι.
1772 1159 1816 1185 Ἐν

1029 1203 1084 1238 γὰρ
1098 1204 1130 1237 τῇ
1146 1203 1285 1238 στενότητι
1300 1203 1316 1238 ὴ
1332 1203 1471 1238 πλατύτης
1481 1211 1488 1218 ·
1503 1204 1551 1230 καὶ
1574 1205 1602 1230 ὲν
1613 1206 1646 1240 τῇ
1663 1205 1734 1230 κατὰ
1750 1205 1818 1240 Χρι-

1032 1250 1094 1277 στὸν
1109 1250 1197 1285 θλίψει
1210 1251 1227 1285 ἡ
1242 1251 1404 1284 ἀγαλλίασις
1418 1250 1466 1277 τοῦ
1483 1251 1648 1286 πνεύματος.
1665 1252 1721 1278 Καὶ
1731 1252 1818 1279 ἀκού-

1032 1296 1097 1322 σατέ
1126 1303 1178 1330 μου
1192 1315 1200 1327 ,
1224 1295 1320 1327 τέκνα,
1337 1295 1383 1321 τοῦ
1401 1295 1563 1331 ἀμαρτωλοῦ
1588 1296 1677 1328 καλῶς
1697 1296 1818 1331 συμῦου-

1031 1341 1165 1374 λεύοντος,
1182 1341 1302 1376 ἐννόμως
1327 1341 1555 1377 προστάσσοντος.
1569 1342 1628 1369 Ἵνα
1642 1343 1712 1370 κατὰ
1728 1343 1819 1370 πάντα

1031 1389 1079 1414 καί
1104 1388 1133 1414 ὲν
1157 1388 1240 1414 πᾶσιν
1264 1386 1476 1422 εὐαρεστοῦντες
1499 1387 1628 1423 Χριστῷ,
1653 1388 1821 1424 κληρονόμοι

1034 1432 1177 1468 γενώμεθα
1196 1433 1249 1460 τῶν
1265 1433 1382 1461 αἰωνίων
1396 1433 1519 1467 ἀγαθῶν.

1119 1489 1195 1515 PHA’
1207 1488 1272 1524 (τι).
1281 1503 1314 1509 -
1326 1489 1611 1524 Μαρίᾳβασιτιίσσιι-
1626 1490 1714 1525 [arcu

289 1548 326 1574 Ne
339 1551 363 1574 in
375 1550 466 1581 palatio
477 1555 533 1573 cum
550 1549 600 1573 tilia
609 1549 722 1580 Augusta
733 1547 830 1573 habitet
841 1555 846 1571 :
858 1554 908 1578 quo
919 1547 997 1578 fugiat
1007 1545 1179 1572 haereticorum
1196 1545 1354 1570 consortium.
1374 1544 1474 1577 (Baron.
1491 1551 1531 1569 an.
1547 1545 1601 1575 816,
1617 1552 1642 1570 n.
1655 1545 1706 1577 25.)

232 1602 343 1635 Quales,
364 1609 414 1629 nos
430 1601 538 1636 abjecti,
553 1603 597 1633 ρει
613 1601 726 1636 quinam
741 1608 847 1633 sumus,
863 1608 933 1635 quos
957 1600 985 1627 in
999 1603 1020 1631 c

199 1647 410 1675 occurrentibus
425 1647 559 1674 molestiis
571 1647 726 1679 defendere,
742 1652 769 1674 et
784 1646 911 1673 laudibus
928 1654 983 1673 su-

199 1701 248 1728 pra
268 1694 380 1720 modum
398 1694 495 1720 eﬂerre
506 1698 534 1721 et
551 1701 714 1721 consecrare
733 1693 844 1728 dignata
865 1692 900 1720 sit
915 1700 984 1727 pra:-

199 1740 301 1767 cellcns
316 1739 466 1767 dominatio
483 1739 547 1766 tua?
568 1740 694 1767 Attamen
713 1740 785 1774 quod
806 1739 884 1766 istam
902 1738 985 1773 pieta-

200 1786 234 1813 tis
247 1791 300 1813 tute
324 1785 509 1820 dignationem
531 1785 744 1819 susceperimus,
760 1792 804 1812 res
819 1784 877 1819 ipsa
903 1784 982 1810 tidem

199 1832 281 1860 faciet
296 1841 303 1858 :
320 1831 432 1866 quando
447 1832 529 1858 etiam
541 1831 729 1858 necessarium
749 1835 803 1861 est.
823 1829 924 1856 multos
936 1829 984 1856 abs

201 1883 227 1905 te
241 1878 350 1905 liberari
364 1877 431 1905 falsa
444 1877 609 1911 suspicione,
627 1884 688 1911 quae
717 1877 744 1903 in
762 1875 920 1910 hujusmodi
939 1883 986 1902 oc-

199 1924 358 1952 casionibus
381 1924 450 1950 solet
469 1923 601 1957 obrepere
629 1931 636 1949 :
660 1930 710 1949 nec
735 1923 846 1949 mirum.
876 1921 985 1948 Effusus

199 1970 272 1997 enim
292 1977 385 1996 sermo
400 1976 461 1996 cum
479 1968 506 1995 iu
525 1968 626 1996 multos
648 1968 829 2002 dispergalur,
851 1973 907 1995 tum
929 1976 983 1995 nou

200 2020 243 2043 est
256 2015 283 2042 in
293 2015 462 2050 singulorum
475 2022 521 2041 ore
533 2021 616 2041 verus
631 2021 838 2049 usquequaque.
852 2012 908 2042 Nos
922 2021 985 2040 vero

200 2062 300 2097 quibus
315 2062 404 2089 verbis
420 2065 529 2088 utemur
551 2060 721 2088 alﬂicttssimi
750 2060 839 2087 cordis
856 2060 893 2087 tui
907 2059 985 2086 dolo-

201 2115 259 2134 rem
271 2107 427 2141 abstergere
438 2106 588 2133 conantes?
598 2111 643 2133 aut
651 2113 770 2140 quonam
781 2105 906 2132 molliore
919 2112 986 2132 con-

201 2158 277 2180 tactu
294 2153 473 2187 asperrimum
496 2152 580 2179 animi
597 2159 709 2179 sensum
724 2151 808 2178 lenire
830 2150 986 2186 possimus?

203 2197 340 2225 Pertulisti
354 2205 417 2233 ergo
432 2198 442 2233 (
458 2202 486 2224 ut
506 2197 540 2224 ab
553 2197 632 2224 initio
644 2197 808 2231 provehatur
819 2195 907 2222 oratio
923 2196 931 2229 )
946 2194 986 2220 in-

200 2244 304 2279 justum
319 2243 444 2278 conjugis
457 2243 615 2275 divortium,
633 2243 668 2269 ab
678 2241 793 2277 imperio
818 2247 926 2275 quoque
949 2239 986 2267 si-

1078 1599 1181 1625 ’οποῖοι
1202 1598 1284 1634 ἡμεῖς
1308 1598 1355 1624 καὶ
1379 1597 1452 1628 τίνες
1469 1598 1494 1624 οί
1519 1597 1655 1631 εὐτελεῖς,
1672 1599 1824 1634 ἀπολογίας

1036 1644 1181 1680 ἠξιωμένοι
1206 1644 1252 1669 ἐπὶ
1265 1643 1321 1674 τοῖς
1338 1643 1474 1677 συμϐᾶσιν
1496 1643 1627 1678 ἀνιαροῖς,
1648 1644 1716 1679 πρὸς
1730 1644 1758 1670 δὲ
1775 1647 1825 1672 καὶ

1036 1689 1156 1720 ἐπαίνοις
1179 1688 1321 1723 ὑπεράγαν
1346 1687 1541 1722 ἀφοσιωθὲντες
1563 1688 1638 1723 παρὰ
1663 1689 1714 1723 τῆς
1735 1689 1824 1725 ὑπερ-

1036 1734 1115 1769 τίμου
1141 1742 1187 1761 σου
1209 1733 1367 1768 κυριότητος
1379 1741 1387 1765 ;
1401 1733 1497 1768 Ὅμως
1509 1734 1549 1760 ὅτι
1565 1734 1767 1770 ἀποδεδέγμεθα
1791 1736 1825 1763 τὸ

1037 1779 1275 1813 εὺσυγκατάεῑατόν
1291 1787 1337 1805 σου
1353 1779 1403 1814 τῆς
1416 1779 1567 1813 εὐσεϐείας,
1590 1781 1690 1814 διδάξει
1713 1781 1744 1807 τὸ
1757 1781 1826 1817 ἀλη-

1038 1825 1084 1857 θὲς
1095 1825 1149 1852 τῶν
1163 1825 1344 1860 πραγμάτων·
1356 1825 1492 1860 ἐπείτοιγε
1507 1827 1553 1852 καὶ
1567 1827 1725 1861 ἀναγκαῖον,
1734 1828 1826 1854 ἀπαλ-

1037 1870 1128 1903 λάξεις
1141 1871 1205 1902 τοὺς
1217 1869 1331 1902 πολλοὺς
1341 1869 1505 1904 ψευδοεποῢς
1516 1871 1685 1906 ὑπολήψεως,
1694 1871 1825 1904 εἰωθυίας

1037 1917 1065 1943 ὲν
1096 1917 1156 1948 ταῖς
1174 1915 1314 1948 τοιαύταις
1336 1916 1480 1942 ὑποθέσεσι
1502 1917 1754 1952 παρεισκρίνεσθαι,
1775 1918 1826 1944 καὶ

1038 1963 1068 1988 οᾶ
1082 1961 1248 1997 θαυμαστόν.
1273 1962 1463 1996 Ῥυῖσκόμενος
1484 1963 1537 1997 γὰρ
1553 1963 1568 1989 ό
1587 1962 1665 1997 λόγος
1681 1963 1825 1990 σκίδναται

1038 2009 1083 2033 ἐπὶ
1105 2007 1221 2039 πολλοῖς
1234 2008 1285 2034 οὐκ
1297 2007 1366 2042 ἔχων
1381 2008 1423 2042 ἐφ’
1438 2008 1546 2042 ἑκάστῳ
1563 2008 1677 2043 τάληθὲς
1695 2009 1821 2040 ἐντελῶς.

1043 2053 1139 2087 Ἡμεῖς
1153 2052 1180 2078 δὲ
1196 2052 1281 2084 ποίοις
1294 2053 1384 2086 λόγοις
1400 2053 1569 2088 χρησόμεθα,
1592 2054 1756 2089 πειρώμενοι
1773 2064 1823 2082 σου

1039 2099 1198 2134 θεραπεύειν
1225 2099 1256 2125 τὸ
1282 2099 1363 2133 ἄλγος
1388 2099 1437 2132 τῆς
1466 2099 1635 2126 πολυωδύνου
1652 2100 1784 2135 καρδίας;
1804 2101 1823 2136 ἦ

1037 2145 1092 2171 τίσι
1117 2144 1281 2180 πραοτέραις
1302 2145 1420 2178 ἐπαφαῖς
1446 2144 1550 2172 λειᾶναι
1570 2154 1615 2172 σου
1642 2146 1826 2182 δυνηθείημεν

1037 2191 1068 2217 τὸ
1082 2191 1213 2226 τραχύνον
1224 2191 1272 2226 τῆς
1294 2191 1382 2226 ψυχῆς
1395 2199 1402 2223 ς
1421 2191 1559 2225 Ἤνεγκας
1578 2191 1724 2226 τοιγαροῦν
1747 2192 1779 2218 ῐν¹
1792 2192 1824 2226 ἐξ

1038 2238 1124 2272 ἀρχῆς
1138 2238 1203 2273 ἡμῖν
1220 2237 1309 2272 προῖοι
1324 2238 1338 2263 ό
1353 2237 1431 2271 λόγος
1444 2245 1453 2254 ο
1468 2237 1559 2264 ἄδικον
1574 2237 1710 2272 ὁμοζύγου
1738 2247 1826 2274 χωρι-

203 2291 259 2318 ιιιιιΙ
274 2290 381 2322 avulsa,
396 2289 476 2325 cujus
490 2290 528 2316 rei
541 2297 624 2316 causa
638 2295 789 2315 concussus
804 2291 846 2314 est
856 2286 982 2313 mundus.

1040 2284 1107 2319 σμόν
1121 2285 1328 2319 -συνεκραγείσα
1338 2285 1385 2310 καὶ
1399 2283 1445 2310 τοῦ
1458 2284 1584 2319 κράτους,
1601 2285 1643 2318 ἐφ’
1653 2280 1675 2318 ᾧ
1685 2284 1825 2319 δεδύνηται

204 2336 387 2364 Miserandum
416 2335 619 2370 spectaculum!
638 2334 767 2361 Adultera
782 2340 928 2368 purpuram
945 2339 988 2366 ge-

202 2390 277 2415 rens,
292 2387 319 2410 et
345 2383 439 2417 regina
466 2381 541 2416 pullo
558 2380 658 2407 amictu
673 2384 742 2407 tecta
756 2387 763 2406 :
780 2378 881 2405 famula
902 2378 988 2411 impc-

203 2435 279 2460 rans,
312 2432 338 2454 et
353 2427 465 2454 domina
481 2426 614 2453 serviens.
641 2425 730 2459 Atque
745 2429 775 2451 ut
791 2429 885 2451 caetera
906 2424 986 2450 omit-

202 2478 270 2505 tam,
289 2474 350 2506 tibi,
365 2481 426 2507 quaa
442 2480 522 2508 passa
538 2480 578 2505 es,
598 2471 709 2500 notiora
725 2478 806 2505 quam
822 2470 901 2497 nobis
911 2470 988 2503 igno-

203 2522 327 2548 rentibus
344 2531 350 2548 :
368 2521 493 2547 exsilium
510 2527 558 2555 pro
567 2519 680 2546 veritate
696 2517 829 2553 pertulisti
842 2524 856 2543 a
869 2515 987 2550 propriis

204 2566 358 2594 visceribus
375 2569 511 2600 separata.
531 2564 568 2591 Ex
581 2571 635 2598 quo
647 2567 674 2589 et
689 2562 767 2588 dolor
782 2560 829 2587 tibi
851 2566 985 2589 sumtnus,

203 2617 230 2639 et
263 2612 399 2647 praecipua
419 2612 479 2638 laus
495 2619 509 2637 a
531 2609 594 2641 Deo,
607 2609 716 2644 piisquc
740 2606 877 2634 omnibus.
896 2603 986 2631 Tertia

205 2657 263 2684 lucc
281 2657 359 2692 plaga
371 2661 423 2689 est,
441 2657 474 2683 de
488 2664 552 2690 qua,
570 2655 632 2690 quid
652 2655 756 2686 deceat,
773 2650 986 2686 exponercjussi

241 2744 340 2772 ’Joan.
356 2751 416 2775 xm,
432 2743 477 2775 97,
489 2744 533 2770 αλδ.
573 2742 583 2758 ⁸
597 2742 662 2769 Luc.
681 2749 739 2773 un,
760 2741 792 2774 5;
809 2738 938 2771 unum.

1038 2330 1176 2365 όκόσμος.
1203 2330 1333 2356 Ἑλεεινὺν
1354 2330 1457 2365 esum!
1480 2330 1513 2357 Ἦ
1538 2330 1662 2365 μοιχαλὶς
1685 2339 1825 2366 πορφυρο-

1038 2374 1168 2410 φοροῦσα,
1182 2375 1229 2401 καὶ
1252 2376 1268 2409 ἠ
1297 2375 1400 2410 βασιλὶς
1417 2375 1667 2410 μελανειμονοῦσα”
1695 2377 1712 2410 ή
1742 2376 1824 2411 δούλη

1037 2420 1216 2452 δεσπόζουσα,
1236 2421 1284 2446 καὶ
1310 2422 1326 2455 ὴ
1353 2421 1481 2447 δέσποινα
1513 2421 1673 2456 θητεύουσα.
1699 2422 1752 2448 Καὶ
1781 2422 1825 2448 ἵνα

1038 2466 1121 2492 τᾶλλα
1148 2466 1371 2501 παραδράμωμεν
1385 2474 1392 2482 ⁸
1422 2466 1469 2492 σοῦ
1486 2467 1537 2500 τῆς
1565 2466 1705 2502 παθούσης
1723 2467 1825 2501 μᾶλλον

1038 2512 1150 2543 εἰδυίας,
1165 2512 1235 2547 ὑπὲρ
1249 2513 1322 2547 ημᾶς
1336 2512 1398 2542 τοὺς
1413 2512 1537 2546 ἀγνῶτας
1550 2519 1557 2527 ³
1581 2513 1700 2548 ἧνεγκας
1717 2512 1825 2547 ὲξορίαν

1041 2558 1110 2592 ὑπὲρ
1124 2557 1262 2592 ἀληθείας,
1287 2557 1455 2593 ὲκτμηθεῐσα
1469 2557 1516 2584 τοῦ
1531 2558 1643 2593 γνησίου
1659 2558 1825 2593 σπλάγχνου.

1041 2603 1186 2630 Κάνταῦθα
1198 2603 1244 2630 καὶ
1260 2603 1274 2630 ό
1298 2603 1377 2634 πόνος
1391 2603 1488 2637 μέγας,
1506 2604 1555 2630 καὶ
1570 2604 1584 2629 ό
1600 2603 1682 2638 ὕμνος
1696 2612 1737 2630 σοι
1753 2603 1828 2639 μάλα

1042 2649 1117 2684 παρά
1130 2657 1160 2675 τε
1175 2648 1235 2684 Θεῷ
1258 2649 1305 2675 καὶ⁸
1317 2649 1384 2676 πᾶσι
1397 2650 1453 2680 τοῖς
1464 2649 1600 2677 εὐσεσέσι.
1619 2648 1705 2685 Τρίτη
1734 2647 1826 2684 πληγὴ

943 2803 1060 2833 NOTAE.

244 2847 301 2881 (74)
320 2847 349 2874 lu
365 2846 425 2875 cod.
443 2846 507 2881 Heg.
524 2848 596 2881 pny'.
