1927 3089
124 126 186 158 1561

724 129 991 162 EPISTOLARUM
1026 133 1097 164 LIB.
1115 133 1158 165 II.

1681 133 1753 166 1562

122 187 139 221 ή
153 183 289 220 παροῦσα·
307 184 350 219 ἐφ’
366 181 383 221 ᾖ
398 183 429 211 τὸ
440 183 499 212 δέον
514 184 677 220 παραδεῖξαι
698 185 907 221 κεκελεΰσμεθαι

966 194 1074 216 sumus.
1089 187 1123 216 Et
1147 188 1200 216 alia
1217 188 1328 224 quidem
1350 188 1397 216 alii
1415 188 1651 224 pronuntiabunt:
1669 188 1753 217 tiliam

124 230 208 257 ’Δλλα
224 229 274 265 μὲν
287 227 333 256 οὗν
347 229 423 257 ἄλλοι
437 229 598 264 φθέγξονται
614 229 777 257 συνέπεσθαι
801 230 907 266 μητέρα

121 275 319 310 Θυγατρί.”οτι
339 275 417 302 τοῦτο
430 276 478 302 καὶ
495 274 601 311 θηρίοις
624 276 690 309 φασὶ
715 277 817 311 φυσικῇ
840 276 906 311 ὁλκῇ

121 320 280 355 συμϐαῖνον.
294 320 359 347 Ἰδοι
374 329 416 352 τις
438 320 479 347 ἄν·
495 322 575 356 ἡμεῖς
593 321 621 348 δὲ
640 323 663 348 οἱ
678 322 796 355 εὐτελεῖς
810 323 846 350 τὰ
859 323 908 350 τοῦ

119 366 267 393 Δεσπότου·
285 365 334 400 Τίς
346 368 432 394 ἐστιν
441 367 459 401 ή
468 367 566 402 μήτηρ
575 377 636 403 μου
647 377 656 401 ;
673 368 722 396 καὶ
736 369 817 402 τίνες
830 369 909 397 εἰσιν

120 415 147 439 cl
161 412 288 447 ἀδελφοί
303 421 381 448 μου;
400 414 454 440 Καὶ
478 411 556 445 αὖθις
572 420 580 427 ⁸
598 414 635 440 Ei
645 424 690 447 τις
700 415 818 449 ἔρχεται
833 417 908 449 πρός

115 466 163 491 με,
173 457 223 484 καὶ
233 458 269 484 οὑ
277 458 426 492 μισεῖτὴν
436 460 590 492 θυγατέρα,
599 460 653 486 οὐκ
667 459 799 494 ἐστιμου
812 459 907 493 ἄξιος.

119 503 153 530 Τί
169 503 198 530 τὸ
215 504 414 540 συναγόμενον;
428 505 458 531 τδ
472 504 521 540 τὴν
534 505 583 540 σὴν
595 505 748 532 θεοσέὃειαν
768 507 837 532 οἴκοι
863 506 909 541 μὲ-

117 558 186 582 νειν,
208 550 258 584 τῆς
272 549 430 585 Αὑγούστης
456 550 573 586 ἐχούσης
588 551 621 578 τὰ
635 550 758 586 βασίλεια
775 551 817 584 ἐφ’
830 548 852 585 ᾧ
867 551 909 577 δέ·

117 594 225 621 δεικται
237 596 253 631 ὴ
266 595 432 631 εὐαγγελικὴ
452 597 575 632 μάχαιρα
589 597 638 632 τὴν
652 598 739 632 τομὴν
756 598 906 632 ἐπάγουσα.

119 639 213 666 Ταῦτα
235 641 382 675 σύγγνωθι,
398 641 538 675 δέσποινα,
554 643 602 670 σὺν
623 642 707 678 πολλῇ
727 644 848 678 προσοχῇ
861 642 908 670 καὶ

119 687 220 722 συνοχῇ
247 687 360 722 καρδίας
385 687 605 724 «samum,
621 688 658 720 ὡς
674 688 707 716 ἂν
724 690 764 720 είς
783 686 830 719 οὖς
846 690 908 724 ὁμι-

117 732 241 765 λοῦντες,
256 734 406 760 ἐπιστεῖλαι
420 734 492 770 ὑπὲρ
504 735 667 770 ἀμφοτέρων
693 734 909 771 προσευχόμενοι

117 778 152 805 τὰ
169 779 311 813 κρείττονα
326 779 374 806 καὶ
387 779 504 816 ἐχόμενα
516 780 653 816 σωτηρίας
673 780 721 808 νῦν
735 790 764 808 τε
778 780 825 808 καὶ
841 780 909 817 πρὸς

117 824 150 851 τὸ
163 825 237 860 ἑξῆς.

185 883 262 910 ΡΠΒ¹
276 883 344 918 (75).
354 899 390 904 —
399 884 547 918 Batmlsltp
561 884 728 920 μονάζοντι.
747 883 846 921 [ψμν’.]

959 233 1041 260 matri
1063 234 1172 266 adesse,
1191 241 1307 269 eamque
1332 234 1411 268 sequi
1428 239 1564 269 oportere.
1583 233 1640 262 Hoc
1667 235 1751 267 enim,

960 281 1050 312 aiunt,
1073 281 1140 315 ipsis
1154 281 1180 307 in
1198 280 1296 308 belluis
1314 285 1419 307 natura:
1444 280 1575 307 instinctu
1606 280 1750 315 contingit.

960 325 1082 353 Viderint
1096 326 1144 353 Villi
1161 335 1168 352 :
1187 334 1237 354 nos
1252 333 1315 354 vero
1329 326 1445 353 humiles
1468 327 1665 362 usurpabimus
1687 326 1752 353 illud

959 371 1069 398 Domini
1092 380 1099 399 :
1124 371 1189 404 Quae
1203 376 1240 398 est
1258 376 1343 399 mater
1356 379 1430 404 mea,
1458 375 1482 398 et
1502 372 1546 407 qui
1566 377 1628 399 sunt
1655 373 1752 407 fratres

959 418 1009 444 met
1021 417 1056 444 l’?
1083 418 1171 452 Atque
1194 417 1292 444 iterum
1308 425 1315 443 :
1334 416 1364 444 Si
1383 418 1441 451 quis
1463 419 1531 444 venit
1550 419 1583 444 ad
1600 426 1648 450 me,
1665 423 1689 445 et
1699 427 1753 445 mm

959 462 1015 489 adit
1030 463 1126 496 ﬁliani,
1140 471 1191 489 non
1204 468 1241 490 est
1255 470 1294 489 me
1305 463 1400 498 dignus
1413 463 1434 489 ⁸.
1451 462 1522 495 Quid
1536 463 1753 490 consectarium?

960 508 1115 542 religiosam
1132 510 1258 541 pietatem
1269 514 1343 535 tuam
1351 509 1423 536 domi
1439 517 1559 540 manere.
1572 509 1694 544 Augusta
1705 517 1753 544 pa-

961 554 1055 581 latium
1075 555 1214 582 obtinente
1229 564 1236 581 ε
1257 555 1282 581 in
1295 562 1351 589 quo
1366 556 1490 582 cernitur
1510 557 1685 591 erangelicus
1697 557 1753 590 gla-

960 601 1022 628 dius
1047 601 1196 628 sectionem
1227 601 1367 628 inducens.
1393 601 1455 629 Haec
1483 602 1601 638 ignosce,
1632 602 1752 632 domina,

959 654 1022 674 cum
1050 646 1135 673 multa
1162 645 1252 673 cordis
1269 646 1420 673 attentione
1449 652 1475 673 et
1489 646 1672 674 sollicitudine
1692 645 1753 673 ausi

961 693 1059 724 simus,
1079 698 1208 728 tanquam
1228 693 1255 720 in
1272 700 1365 719 aurem
1383 693 1538 728 loquentes,
1555 693 1688 727 scribere,
1703 702 1754 729 pro

961 737 1098 765 ambabus
1126 742 1238 764 orantes
1269 735 1383 763 meliora
1408 742 1435 765 et
1449 737 1530 765 saluti
1559 737 1711 773 propriora,
1726 742 1753 766 et

961 791 1036 811 nunc
1047 788 1075 811 et
1090 783 1116 811 in
1133 782 1266 810 futurum.

1123 883 1277 912 CLXXXII.
1293 899 1329 904 —
1343 883 1446 911 Basilio
1459 883 1600 911 monac/to.

591 940 630 965 De
642 940 711 965 obitu
723 941 849 972 cujusdam
861 938 1002 972 [imposita
1011 941 1040 964 et.
1056 938 1143 963 decem
1155 945 1276 963 sororum.

153 991 193 1018 οὐ
207 992 415 1027 παραιτούμεθα
428 993 545 1028 γράφειν
564 993 610 1021 τὸν
625 994 753 1022 ταπεινὸν
768 993 847 1029 ήμῶν
864 994 907 1020 λό-

996 991 1133 1019 lluniilem
1165 999 1320 1019 sermonem
1341 997 1466 1019 nostrum
1498 992 1596 1019 litteris
1622 992 1753 1020 mandare

114 1045 176 1071 γον,
190 1038 285 1069 ὁσάκις
303 1038 337 1065 ἂν
360 1038 478 1072 εὐλόγως
495 1040 611 1076 ὲπιςητῇ
631 1041 648 1076 ἡ
672 1040 802 1075 τιμιότης
817 1040 906 1076 ὑμῶν·

115 1084 199 1118 ειπερ
223 1084 271 1110 καὶ
287 1083 329 1119 είη
344 1084 491 1110 λυσιτελῶν
507 1085 581 1120 ὑμῖν.
597 1086 668 1112 Αὐτὸ
682 1085 737 1121 γὰρ
753 1086 833 1113 τοῦτο
861 1086 909 1113 καὶ

115 1128 145 1154 ἒν
158 1129 194 1163 τῇ
209 1128 384 1165 προλασούσῃ
403 1129 530 1165 ἐπιστολῇ
547 1131 789 1166 ὲπεσημηνάμεθα,
805 1131 909 1158 Οὐκοῦν

114 1175 165 1202 καὶ
175 1175 223 1201 νῦν
239 1175 409 1210 προσιέμεθα
423 1175 516 1207 αὐτὸν,
530 1175 598 1210 ὁμοῦ
615 1175 666 1210 μὲν
689 1176 906 1211 παρακλητικὸν,

111 1219 186 1254 ὁμοῦ
202 1220 294 1246 δὲ-κιὶ
309 1220 525 1256 ὑπομνηστικόν.
541 1221 590 1253 Τίς
609 1220 638 1248 δὲ
653 1222 667 1248 ὁ
685 1221 907 1257 παρακλητικός;

115 1266 182 1293 Ὀτι
206 1265 301 1301 ἐπειδὴ
329 1266 484 1293 ἀπεϐίωσεν
503 1268 533 1293 ἐν
555 1266 650 1302 Κυρίῳ
667 1268 684 1303 ὴ
713 1267 908 1304 καθηγουμένη

114 1313 167 1339 σὺν
194 1311 329 1347 δεκαδικῷ
349 1312 459 1348 ἀριθμῷ
486 1313 727 1349 ἀδελφότητος,ὥς
761 1323 842 1349 φατε,
858 1314 909 1341 οὐκ

112 1358 222 1390 ἀπαθὲς
235 1359 265 1385 τὸ
279 1358 382 1394 δρᾶμα,
402 1358 472 1385 ἀλλὰ
494 1360 540 1386 καὶ
556 1359 616 1387 λίαν
631 1359 793 1386 ἐκστατικὸν
804 1368 812 1376 ι
832 1360 908 1386 ὲπεί-

112 1411 170 1438 περ
198 1403 319 1438 κεφαλῆς
343 1403 468 1439 ἀπούσης
493 1404 554 1431 ὅλον
578 1404 609 1431 τὸ
637 1405 717 1439 σῶμα
737 1405 844 1440 νεκρὸν,
861 1405 908 1432 καὶ

113 1448 208 1483 μελῶν
234 1448 289 1475 τῶν
318 1449 492 1483 τιμιωτάτων
518 1450 693 1476 ὲκκοπέντων
711 1450 747 1476 τὰ
769 1450 908 1476 ἐναπολει-

112 1495 219 1529 φοέντα
230 1495 350 1530 εἰδεχθῆ.
367 1495 494 1523 Τοιοῦτον
508 1494 555 1523 οὖν
565 1497 628 1523 ὅσον
644 1497 674 1523 τὺ
690 1496 761 1523 κατὰ
774 1496 862 1532 σάρκα
877 1497 908 1523 τὸ

112 1541 238 1575 γεγονός.
274 1541 343 1568 Ἀλλ’
361 1541 455 1576 ἐπειδὴ
486 1542 671 1576 πνευματικὰ
695 1542 907 1577 πνευματικοῖς

81 1593 91 1605 ⁸
111 1587 340 1621 συγκρίνονται,
355 1587 423 1622 ὁμοῦ
437 1587 488 1622 μὲν
499 1587 630 1623 λυπηρὸν,
643 1588 711 1623 ὁμοῦ
725 1589 754 1615 δὲ
768 1589 814 1615 καὶ
827 1597 907 1624 περι-

111 1631 200 1668 χαρὲς
214 1632 245 1658 τὸ
270 1631 376 1665 ωμΰὰν
393 1640 400 1647 ·
422 1632 453 1657 τδ
479 1632 528 1667 μὲν
543 1632 588 1659 διὰ
605 1633 656 1666 τὴν
670 1632 798 1668 στέρησιν
809 1652 817 1664 ,
831 1632 864 1659 τὸ
878 1632 906 1658 δὲ

961 1044 1016 1063 non
1037 1036 1197 1068 abnuimus,
1221 1038 1327 1072 quoties
1342 1045 1404 1063 cum
1421 1037 1527 1064 ratione
1543 1036 1568 1063 id
1580 1037 1682 1071 expetit
1703 1037 1753 1064 ho-

961 1083 1135 1110 norilicentia
1171 1088 1215 1110 tua
1238 1093 1245 1110 :
1268 1083 1402 1117 siquidem
1428 1083 1453 1110 id
1485 1083 1564 1110 nobis
1575 1084 1657 1110 etiam
1685 1083 1752 1110 utile

961 1128 1054 1154 fuerit.
1071 1127 1129 1154 Hoc
1140 1128 1214 1155 enim
1229 1129 1317 1161 ipsum
1334 1128 1497 1163 praecedenti
1512 1136 1621 1164 quoque
1632 1128 1751 1163 epistola

960 1173 1187 1208 signiﬁcavimus.
1213 1172 1388 1208 Quapropter
1418 1173 1494 1200 illum
1509 1181 1580 1200 nunc
1595 1173 1677 1200 etiam
1705 1181 1753 1201 ex-

959 1218 1100 1252 ponimus,
1139 1219 1239 1254 partim
1279 1219 1389 1253 quidem
1426 1219 1652 1250 consolatoriam.
1693 1226 1754 1253 par-

961 1265 1008 1292 tim
1038 1271 1104 1292 vero
1128 1266 1380 1293 commonitorium.
1409 1265 1467 1299 Qua
1492 1266 1519 1293 in
1541 1273 1571 1293 re
1599 1266 1754 1293 consolato-

959 1310 1038 1336 rius?
1068 1310 1148 1343 Quia,
1180 1311 1254 1345 quod
1287 1311 1314 1338 in
1345 1311 1462 1339 Domino
1486 1312 1559 1339 diem
1582 1311 1651 1339 obiit
1683 1319 1754 1347 prte-

958 1356 1050 1390 posita
1086 1364 1149 1383 eutn
1176 1356 1290 1384 denario
1329 1365 1445 1385 numero
1473 1365 1610 1391 sororum,
1633 1361 1664 1385 ut
1684 1357 1754 1385 dici-

960 1403 1005 1433 tis,
1027 1410 1081 1430 non
1101 1411 1205 1431 vacuus
1225 1403 1328 1432 doloris
1345 1409 1387 1432 est
1419 1411 1521 1435 sermo,
1540 1404 1586 1431 sed
1605 1405 1651 1438 qui
1668 1405 1753 1431 vehe-

959 1453 1065 1475 nit-nter
1081 1450 1240 1483 perturbare
1255 1454 1372 1477 mentem
1395 1450 1485 1485 possit
1502 1459 1509 1477 :
1531 1449 1752 1485 quandoquidem

959 1493 1049 1526 capite
1060 1494 1150 1521 ablato
1164 1499 1252 1522 totum
1269 1503 1369 1530 corpus
1379 1500 1518 1522 mortuum
1534 1500 1586 1527 est,
1597 1500 1624 1522 et
1638 1495 1753 1522 nobilis-

958 1540 1037 1567 simis
1052 1541 1183 1568 membris
1201 1541 1342 1575 abscissis,
1366 1546 1463 1569 caetera
1480 1549 1543 1577 qua:
1574 1545 1688 1574 restant,
1703 1541 1753 1569 de-

959 1584 1068 1613 formia.
1085 1585 1151 1613 Tale
1168 1587 1250 1622 igitur
1265 1592 1306 1614 est
1324 1587 1476 1614 secundum
1495 1595 1606 1614 carnem
1614 1587 1690 1622 quod
1707 1595 1753 1615 ac-

958 1633 1035 1660 cidit.
1049 1631 1102 1660 Sed
1123 1633 1188 1668 quia
1204 1633 1363 1667 apiritualia
1385 1634 1570 1668 spiritualilms
1595 1642 1753 1668 comparan-

112 1678 160 1704 διὰ
174 1678 225 1712 τὴν
240 1677 347 1704 ἐλπίδα.
376 1678 582 1713 Παρεπέμψατε
597 1678 805 1713 καϐηγουμένην
829 1677 904 1713 ίιρὰν

959 1682 1002 1704 tur
1018 1679 1048 1705 τε
1066 1683 1093 1706 et
1108 1679 1185 1706 triste
1198 1679 1279 1706 simul
1296 1684 1347 1712 est,
1368 1683 1395 1707 et
1422 1679 1505 1707 simul
1518 1680 1719 1714 periucundum
1739 1686 1747 1706 :

112 1724 155 1751 ὅτι
181 1724 310 1759 μάλιστα,
326 1723 418 1755 καθὼς
431 1724 580 1759 διηγεῖσθε,
596 1723 715 1759 ἀδελφὰς
743 1724 906 1758 σεδασμίας·

111 1771 204 1805 χαρᾶς
228 1770 367 1802 ὑπόθεσις·
393 1771 505 1798 ἐκείνων
522 1771 570 1806 μὲν
584 1771 640 1798 τῶν
668 1770 908 1807 προσληφοεισῶν,

111 1816 318 1852 ἑτοιμαζουσῶν
333 1817 396 1852 ὑμῖν
410 1817 492 1843 τόπον
517 1817 698 1848 ἀναπαύσεως
715 1815 759 1843 διὰ
773 1817 908 1853 πρεσὸευο

110 1863 195 1897 τικῆς
209 1862 368 1895 ἐντεύξεως,
380 1863 417 1894 ὡς
429 1863 461 1889 ἂν
474 1863 500 1889 οἱ
515 1863 827 1898 προκαταλαμϐάνοντες
845 1862 907 1890 καθ’

111 1909 176 1936 ὁδὸν
195 1908 230 1935 τὰ
247 1909 425 1944 καταλύματα
437 1917 444 1924 ·
467 1910 546 1944 ἡμῶν
572 1910 601 1936 δὲ
614 1909 669 1936 τῶν
687 1910 907 1945 ἀπομεινάντων,

111 1957 200 1991 ἤγουν
215 1956 421 1990 ἀπομεινασῶν,
435 1955 587 1991 ζηλούντων
603 1956 651 1983 καὶ
671 1955 812 1990 ζηλουσῶν
837 1965 908 1991 προ-

110 2001 320 2028 καταλαϐέσθαι
344 2001 390 2028 τὸν
405 2001 508 2035 ἀγαθὸν
522 2001 591 2037 βίον,
607 2002 654 2028 καὶ
669 2002 719 2037 τὴν
735 2002 837 2037 σεμνὴν
861 2011 910 2029 πο-

108 2048 240 2075 λιτείαν·
264 2050 311 2075 καὶ
335 2048 378 2074 ἀεὶ
402 2049 461 2075 ἐκεῖ
489 2049 642 2084 βλεπόντων
667 2049 716 2075 καὶ
739 2049 908 2084 βλεπουσῶν,

109 2095 184 2122 ὅπου
212 2095 310 2130 μικρὸν
331 2094 445 2130 ὕστερον
468 2095 670 2131 συντευξόμεθα
693 2095 727 2131 τῇ
753 2095 825 2128 κατὰ
842 2096 909 2122 Θεὸν

110 2140 203 2176 μητρὶ
218 2141 265 2167 καὶ
283 2141 343 2172 ταῖς
357 2140 494 2175 ἀδελφαῖς.
512 2141 564 2167 Ἴδε
579 2141 700 2168 τοιοῦτον
712 2141 744 2169 τὸ
761 2141 822 2168 καθ’
835 2142 907 2177 ὑμᾶς

109 2187 230 2221 πάθημα
264 2185 358 2213 εὔελπι
385 2187 433 2212 καὶ
454 2187 612 2222 περιχαρὲς,
640 2187 689 2214 καὶ
713 2188 762 2223 οὐχ
785 2188 824 2219 ὡς
853 2187 908 2214 τῶν

108 2231 187 2258 κατὰ
217 2232 308 2267 σάρκα
327 2231 514 2266 τεθνηκότων·
539 2232 564 2258 οἳ
580 2232 690 2268 Θρήνοις
707 2233 755 2260 καὶ
781 2233 908 2264 κοπετοῖς

106 2272 224 2311 ἀλόγοις
253 2277 426 2313 βαλλόμενοι,
457 2279 501 2304 ίσα
528 2279 584 2310 τοῖς
614 2279 652 2314 μὴ
684 2278 789 2314 ἔχουσιν
813 2279 908 2306 ἐλπίδα

106 2323 216 2356 ἔθνεσι,
233 2323 322 2359 λύπης
338 2324 543 2359 πεπλήρωνται.
566 2323 616 2351 Διά
638 2324 717 2350 τοῦτο
731 2325 791 2351 οὐδὲ
807 2325 906 2359 ἐπιθη-

108 2370 191 2405 μητὴ
205 2370 299 2401 αὐτοῖς
318 2370 334 2404 ἡ
355 2374 532 2405 μετάστασις,
547 2370 616 2397 ἀλλὰ
629 2371 676 2397 καὶ
697 2371 757 2397 λίαν
776 2372 905 2404 φευκτέα.

113 2416 203 2451 Ἡμῖν
227 2416 257 2443 δὲ
273 2414 318 2449 οἷς
335 2416 369 2443 τὸ
381 2415 435 2450 ζῇν
448 2415 586 2450 Χριστὸς,
611 2417 659 2443 καὶ
687 2417 721 2443 τὸ
743 2417 906 2444 ἀποθανεῖν

103 2462 241 2497 κέρδος*
266 2463 355 2498 χαρᾶς
380 2463 540 2498 περιπέτειαι
567 2463 584 2497 ἡ
609 2462 738 2498 κοίμησις
754 2462 808 2489 τῶν
825 2471 908 2489 πνευ-

106 2508 240 2544 ματικῶν
271 2508 416 2543 Πατὲρων,
447 2508 485 2540 ὡς
512 2509 541 2535 ἐν
572 2509 666 2543 Κυρίῳ
699 2508 825 2541 ζώντων,
850 2501 906 2536 ’καὶ

107 2554 217 2590 μᾶλλον
231 2554 282 2588 τῆς
303 2553 397 2581 ἐνθάδε
411 2554 484 2589 ζωῆς
504 2553 670 2590 ὑψηλότερον
693 2554 741 2581 καὶ
765 2553 905 2581 ἀθανατώο

102 2610 204 2637 τερον.

152 2678 370 2713 ’Λπορρίψαντες
387 2679 434 2706 οὖν
456 2678 503 2706 καὶ
517 2679 706 2716 ἀπορῤίψασαι
721 2681 812 2707 πᾶσαν
837 2680 901 2707 ἁλο-

958 1723 1024 1750 illud
1039 1724 1148 1758 quidem
1166 1730 1276 1760 propter
1291 1725 1471 1760 privatiOnem
1491 1733 1498 1751 :
1526 1725 1580 1752 hoc
1603 1732 1668 1753 vero
1688 1733 1752 1760 pro—

958 1773 1020 1804 pter
1036 1778 1124 1804 spem.
1142 1771 1286 1798 Extulistis
1299 1772 1472 1807 praepositam
1486 1779 1595 1799 summa
1607 1771 1748 1806 praeditam

958 1814 1114 1847 sanctitate,
1143 1816 1216 1842 sicut
1244 1816 1394 1851 exponitis,
1419 1823 1529 1844 sor0res
1554 1816 1750 1844 venerandas:

958 1859 1058 1887 laetitiae
1091 1866 1283 1896 argumentum
1301 1862 1387 1889 :dum
1408 1861 1466 1889 mre
1484 1861 1592 1897 quidem
1619 1870 1680 1897 qua:
1704 1869 1751 1890 as-

958 1911 1074 1940 sumpta:
1088 1912 1163 1940 suttt,
1179 1907 1258 1942 quasi
1274 1907 1410 1944 legatione
1432 1908 1584 1944 funguntur
1600 1914 1629 1935 ut
1651 1908 1752 1942 quietis

958 1951 1049 1978 locutu
1073 1953 1151 1980 vobis
1182 1959 1349 1988 praeparent,
1381 1955 1452 1982 sicut
1479 1954 1526 1989 qui
1555 1954 1705 1981 diversoria
1723 1954 1751 1982 in

959 1997 1060 2024 itinere
1075 2003 1267 2034 prmoccnpant
1283 2008 1290 2026 :
1310 2007 1358 2027 vos
1382 2007 1446 2028 vero
1457 2001 1505 2035 qui
1529 2000 1628 2033 relicti,
1641 2004 1668 2028 et
1690 2008 1751 2035 quae

959 2043 1062 2071 relicta
1074 2045 1152 2077 estis,
1170 2045 1267 2072 bonam
1284 2046 1378 2078 vitam,
1407 2055 1573 2082 gravemque
1599 2054 1750 2074 conversa-

957 2089 1071 2123 tionem,
1088 2095 1225 2118 maturare
1239 2093 1365 2119 certatim
1382 2093 1513 2126 sttnletis,
1535 2101 1698 2128 semperque
1717 2093 1751 2120 il-

960 2134 1004 2162 luc
1020 2137 1159 2170 spectatis,
1175 2137 1220 2164 ubi
1235 2139 1409 2172 postmodum
1429 2139 1511 2165 matri
1528 2139 1554 2166 in
1572 2138 1627 2167 Deo
1644 2139 1750 2166 sorori-

959 2179 1066 2215 busque
1080 2188 1270 2209 occurremus.
1283 2182 1357 2210 Talis
1375 2191 1472 2219 nempe
1490 2189 1580 2211 vester
1594 2189 1637 2212 est
1660 2185 1749 2218 dolor,

958 2233 1021 2252 cum
1035 2234 1082 2261 spe
1097 2231 1124 2254 et
1137 2227 1237 2254 laetitia!
1253 2228 1433 2264 conjunctus;
1463 2238 1554 2265 neque
1569 2235 1599 2258 ut
1627 2236 1735 2258 mortuo

958 2279 1019 2298 rum
1034 2272 1184 2300 secundum
1205 2281 1333 2309 carnem;
1360 2275 1408 2310 qui
1421 2276 1549 2304 lamentis
1565 2280 1592 2303 et
1607 2276 1750 2311 plangori-

958 2316 1009 2343 bus
1024 2317 1128 2345 insanis
1141 2319 1276 2353 oppressi,
1294 2320 1407 2355 perinde
1428 2329 1462 2348 ac
1478 2327 1572 2357 gentes
1594 2330 1655 2357 quae
1672 2329 1748 2357 spent

961 2369 1016 2388 non
1031 2361 1132 2390 habent
1145 2363 1166 2396 ⁸,
1183 2364 1296 2391 tristitia
1318 2364 1476 2400 implentur.
1498 2365 1671 2401 Quapropter
1698 2374 1749 2395 nec

959 2409 1078 2441 optanda
1101 2409 1156 2437 illis
1175 2415 1218 2438 est
1242 2411 1395 2446 emigratio,
1412 2413 1460 2440 sed
1485 2413 1563 2440 valde
1577 2413 1750 2448 refugienda.

959 2451 1044 2480 Nobis
1057 2461 1131 2487 vero,
1145 2455 1240 2490 quibus
1255 2456 1337 2483 virere
1361 2457 1484 2486 Christus
1501 2464 1551 2491 est,
1578 2465 1602 2486 et
1626 2460 1695 2486 mori
1710 2459 1750 2486 lu-

959 2507 1036 2526 crum
1051 2501 1061 2516 '
1075 2521 1082 2532 ,
1103 2501 1297 2537 inexspectata:
1321 2504 1422 2532 laetitiae
1437 2505 1547 2532 occasio
1560 2511 1602 2533 est
1617 2506 1749 2540 spiritua-

958 2545 1025 2572 lium
1042 2546 1154 2574 Patrum
1171 2556 1255 2581 mors,
1272 2554 1399 2585 tanquam
1413 2550 1440 2577 in
1456 2549 1572 2578 Domino
1585 2552 1746 2584 viventium.

957 2590 1014 2618 vita
1039 2592 1137 2626 multo,
1155 2601 1238 2628 quam
1253 2594 1310 2622 hate
1336 2599 1440 2627 nostra.
1466 2595 1512 2630 sit,
1533 2596 1697 2624 sublimiore
1720 2601 1749 2625 et

957 2635 1114 2666 itnmortali.

995 2683 1163 2717 Abjicientes
1197 2692 1263 2721 ergo
1277 2686 1378 2722 singuli
1393 2691 1419 2715 et
1436 2687 1550 2724 singula:
1563 2696 1673 2717 omnem
1698 2688 1748 2718 tri-

146 2758 159 2775 ⁵
174 2758 270 2786 Matth.
288 2767 336 2791 xu,
347 2759 393 2787 48.
431 2764 442 2780 ο
457 2759 523 2788 Luc.
539 2768 595 2794 XIV,
607 2760 652 2788 26.
690 2762 700 2775 '
716 2761 725 2788 l
739 2760 802 2789 Cor.
814 2769 844 2794 tt,
861 2761 892 2788 l5

964 2761 970 2788 l
987 2763 1085 2793 Thess.
1099 2773 1136 2798 tv,
1153 2766 1197 2794 ιε.
1234 2767 1244 2783 ⁸
1258 2767 1376 2804 Philipp.
1393 2777 1420 2802 x,
1438 2769 1465 2796 1.

873 2819 989 2849 NOTAE.

150 2853 211 2888 (75)
227 2853 257 2882 In
272 2855 333 2882 cod.
352 2854 415 2890 Reg.
434 2855 504 2890 {11!5'.
