1927 3089
208 142 276 174 1563

800 143 831 174 S.
847 143 1043 174 THEODORI
1064 144 1239 176 ΞΤΗΒΙΤιΕ

1764 148 1831 179 1564

204 200 306 228 etitiam
319 207 334 227 a
352 199 458 227 ratione
467 199 596 232 alienam,
607 204 633 227 et
649 200 798 235 degeneres
827 200 960 236 lacrymas
981 211 987 228 :

1044 209 1090 236 γον
1111 201 1200 236 λύπην
1212 202 1259 229 καὶ
1274 202 1387 236 ἀγεννὲς
1405 202 1533 238 δάκρυον,
1552 203 1613 229 καθ’
1630 203 1644 229 ὅ
1663 203 1828 239 κατέστησε,

205 252 286 281 prout
300 254 347 281 per
358 246 460 274 Christi
477 246 593 282 gratiam
607 247 748 274 constituti
761 247 838 279 estis,
860 247 906 275 hic
929 248 993 283 qui-

206 293 267 319 dem
296 293 323 319 in
349 293 465 327 regendo
480 293 602 319 virorum
621 292 779 327 domicilio;
806 293 863 320 haec
882 301 947 321 vero
965 295 992 321 in

205 337 336 365 domicilii
352 338 488 372 virginum
507 337 669 373 praefectura
687 347 694 365 :
710 338 799 366 Sobrii
814 342 907 371 estote,
926 339 993 373 vigi-

204 384 259 410 late
276 383 307 414 Ν,
326 383 439 410 viriliter
468 385 548 418 agite,
576 384 886 418 confortamini:omnia
908 389 993 411 vestra

205 430 231 454 in
263 429 396 456 tltaritate
416 429 448 461 ι’,
473 430 564 456 omnia
585 430 611 456 in
636 431 826 457 mandatorum
856 431 991 462 custodia,

202 475 280 510 juxta
309 476 502 510 przeceptioncs
517 476 604 503 sancti
630 477 733 503 Basilii.
763 477 851 511 Atque
882 478 940 504 hmo
963 477 992 504 in

205 520 312 547 duobus
334 521 508 548 monasteriis
519 521 619 548 vestris
631 521 753 555 vigeant;
774 526 802 549 ut
818 523 878 549 sine
906 522 992 549 olIen-

205 567 283 593 sione
297 571 324 593 et
339 567 554 601 reprehensione
570 567 653 594 vitam
674 568 815 600 ducentes,
835 568 992 600 gloriﬁcetis

205 612 289 639 Deum
306 613 333 640 in
352 621 466 647 corpore
480 619 569 641 vestro
587 619 615 642 et
642 615 668 641 in
681 615 778 649 spiritu
793 619 883 641 vestro
900 624 906 641 :
923 615 992 642 alte-

205 666 320 693 rumque
332 659 366 686 ab
380 660 465 686 altero
482 661 678 687 monasterimn
695 661 838 692 excitetur,
856 666 883 687 et
898 667 993 688 sancte

204 705 364 739 conspiret:
382 709 407 733 te
422 706 556 739 videlicet,
585 707 668 733 tratre
695 707 805 740 Basilio,
826 707 871 741 qui
890 707 922 734 ad
941 715 991 735 nos

204 751 354 786 scripsisti,
384 756 411 779 et
434 752 512 779 nobis
536 753 730 787 comprobatus
754 761 794 784 es,
826 753 906 780 simul
920 753 992 780 assi-

204 804 303 831 stente,
320 808 467 833 cttramque
479 800 656 835 participante
666 800 808 834 utriusque
823 800 992 833 monasterii,

203 845 293 880 quoad
308 851 384 880 potes
401 855 408 873 :
427 846 552 880 quamvis
565 846 689 881 praesidis
704 854 773 874 onus
789 854 840 874 non
852 847 990 874 sustines:

1045 249 1136 284 χάριτι
1149 248 1268 284 Χριστοῦ
1282 257 1289 264 ·
1303 249 1317 275 ὁ
1332 249 1381 284 μὲν
1394 249 1441 275 ἐπὶ
1453 251 1484 284 τῇ
1501 249 1652 285 καθηγήσει
1667 249 1713 276 τοῦ
1729 250 1834 285 ἀνδρῶ’

1045 302 1100 326 νος”
1115 295 1132 330 ἡ
1147 295 1175 322 δὲ
1186 295 1232 322 ἐπὶ
1243 296 1276 330 τῇ
1292 295 1429 329 ἀφηγήσει
1443 295 1490 321 τοῦ
1507 295 1690 330 παρθενῶνος·
1701 296 1830 330 Νήφετε,

1045 341 1214 375 τρηγηρεῖτε
1230 362 1237 373 ,
1265 341 1438 375 ἀνδρίζεσθε
1454 362 1462 373 ,
1487 341 1685 376 κραταιοῦσθε
1698 351 1705 357 ·
1731 342 1832 369 πάντα

1045 386 1129 420 ὑμῶν
1147 387 1182 413 ἐν
1194 386 1304 421 ἀγάπῃ.
1326 387 1414 413 πάντα.
1430 388 1458 413 ὲν
1484 386 1590 422 φυλακῇ
1611 388 1736 421 ἐντολῶν,
1760 390 1832 415 κατά

1045 433 1095 464 τὰς
1109 434 1248 469 ὑποθήκας
1262 434 1308 460 τοῦ
1325 434 1402 467 ἁγίου
1417 434 1568 461 Βασιλείου.
1582 435 1691 468 Μεταξὺ
1711 435 1738 461 δὲ
1755 435 1833 469 ὑμῶν

1045 479 1102 504 τοῖν
1115 478 1187 505 δυοῖν
1210 479 1398 514 μοναστηρίων
1416 479 1537 506 ἔστωσαν
1551 488 1559 495 ·
1587 480 1630 507 ἵνα
1657 481 1835 514 ἀπρόσκοπον

1046 525 1092 551 καὶ
1114 525 1242 560 ἀνὲνοχον
1269 525 1326 559 βίον
1343 525 1496 557 διανύοντες
1516 526 1563 552 καὶ
1583 526 1736 553 διανύουσαι
1749 547 1756 557 ,
1787 527 1835 552 δο-

1047 570 1145 604 ξάσητε
1159 570 1203 596 τὸν
1226 570 1291 597 Θεὸν
1308 572 1338 597 ὲν
1360 571 1399 605 τῷ
1428 571 1534 605 σώματι
1557 571 1634 606 ὑμῶν
1663 573 1709 598 καὶ
1737 573 1766 598 ἐν
1793 571 1835 607 τῷ

1047 615 1181 651 πνεύματι
1212 617 1308 650 ὑμῶν·
1338 617 1431 653 ἕτερον
1461 618 1506 652 ὑφ’
1523 618 1616 654 ἑτέρου
1651 620 1836 654 μοναστήριον

1046 661 1206 697 θεοπρεπῶν
1232 664 1466 699 συγκροτούμενὸν
1495 673 1524 690 τε
1551 665 1598 691 καὶ
1625 665 1834 700 συνιστάμενον,

1046 708 1167 743 δηλονότι
1184 709 1231 735 σοῦ
1249 709 1295 736 τοῦ
1307 710 1422 744 ἀδελφοῦ
1438 710 1590 741 Βασιλείου,
1606 710 1653 737 τοῦ
1670 711 1717 737 καὶ
1730 720 1835 746 γεγρα-

1046 754 1126 788 φότος
1148 755 1224 790 ἡμῖν.
1242 756 1289 782 καὶ
1309 756 1544 791 συνεγνωσμένου,
1568 757 1759 791 συμπαρόντος
1786 755 1836 782 καὶ

1046 801 1367 837 συναντιλαμΰανομένου
1380 803 1514 838 ἑκατέρας
1533 802 1588 829 τῶν
1601 803 1688 838 μονῶν
1702 803 1836 829 καθ’ὄσον

1046 844 1102 874 οἷον
1115 856 1156 878 τε,
1174 849 1221 874 καὶ
1239 848 1276 883 μὴ
1292 849 1334 874 ὅτι
1348 848 1398 883 οὐχ
1414 849 1524 883 ὑπέχεις
1541 848 1618 882 λόγον
1649 849 1833 883 προεστῶτος-

203 892 251 919 sed
267 892 346 926 quasi
365 892 500 920 desiderio
516 898 564 920 tuo
585 901 632 927 per
649 893 819 920 snccessoris
845 893 993 927 promotio-

1044 894 1100 920 ἀλλ’
1113 894 1151 925 ὡς
1167 894 1215 929 τῆς
1240 894 1362 928 ἐφέσεώς
1389 903 1436 921 σου
1453 895 1643 930 πληρωθείσης
1659 895 1702 922 διὰ
1716 895 1766 929 τῆς
1783 895 1834 921 τοῦ

204 945 265 965 nem
285 939 401 972 expleto,
422 939 537 972 tcipsum
556 939 663 966 enixius
678 939 850 971 impendens,
868 944 894 966 et.
910 939 989 974 adju-

203 991 271 1011 vans
287 984 332 1011 ubi
343 989 383 1012 est
399 992 478 1018 opus.
497 984 606 1012 Ilabetis
624 985 725 1020 itaque,
738 985 771 1012 ad
788 985 992 1012 virtutisincre-

205 1035 338 1063 mentum,
357 1031 484 1065 praeclara
516 1032 639 1066 exempla
667 1039 761 1058 eorum
779 1039 919 1063 earumve.
944 1032 991 1066 qui

203 1079 231 1101 et
256 1083 317 1110 quae
342 1075 476 1102 obierunt.
497 1074 610 1102 Ilabetis
633 1075 704 1103 vitas
726 1080 895 1108 sanctorum,
920 1076 992 1110 leges

204 1121 415 1155 sanctionesque
439 1120 568 1154 Patrum;
584 1121 699 1152 habetis.
726 1121 799 1155 quod
829 1121 872 1147 his
904 1120 992 1153 majus

203 1171 257 1198 est,
272 1167 465 1194 universorum
498 1167 667 1194 conditorem
695 1167 779 1194 Deum
803 1167 829 1193 in
845 1166 933 1194 medio
947 1175 992 1193 ve-

202 1213 383 1247 strum.juxta
393 1213 478 1248 ipsius
485 1213 821 1247 promissionem,minime
828 1213 949 1240 fallacem
958 1214 990 1241 ”.

203 1257 315 1286 Ilabetis
341 1264 462 1285 sanctam
485 1258 626 1293 Deiparam
657 1259 866 1292 auxiliatriccm,
896 1266 992 1286 omnes

204 1308 315 1330 sanctos
325 1305 529 1332 intercessores.
538 1305 651 1332 Habetis
658 1310 686 1332 et
699 1305 857 1332 tenuitatem
871 1310 991 1332 nostram

208 1353 362 1384 promptam
378 1355 405 1377 et
426 1356 548 1385 paratam
563 1351 639 1378 vobis
666 1351 691 1378 in
706 1351 789 1378 bono.
816 1351 912 1378 Omnia
927 1358 992 1385 ergo

213 1395 281 1422 bene
302 1396 384 1429 agite,
400 1396 491 1423 omnia
515 1396 637 1431 pacifice.
666 1396 772 1431 Semper
793 1397 919 1431 gaudete;
937 1397 993 1422 sine

204 1440 399 1467 intermissione
417 1445 509 1468 orate:
524 1443 550 1468 in
565 1441 685 1468 omnibus
714 1442 815 1476 gratias
840 1442 919 1476 agite,
936 1441 992 1468 cla—

204 1490 260 1513 mat
285 1494 398 1522 magnus
433 1486 581 1522 Apostolus
606 1488 628 1503 ¹³
651 1488 730 1522 cujus
750 1487 993 1515 intercessionibus

204 1535 308 1562 utinam
324 1535 461 1562 salvemur
471 1539 498 1561 et
508 1539 592 1562 noset
602 1542 661 1563 vos.

344 1591 510 1619 CLXXXIII.
527 1606 562 1612 —
575 1591 644 1619 Elite
657 1592 817 1627 presbytero.

1043 940 1242 976 προϐληθέντος
1256 940 1399 975 ἀναδοχῆς·
1412 941 1511 975 μᾶλλον
1525 941 1620 967 ἑαυτὸν
1634 941 1835 968 συνεκϐάλλων

1043 986 1090 1012 καὶ
1110 986 1307 1020 συνεπαμύνων
1322 986 1353 1013 τὰ
1367 986 1472 1013 δέοντα.
1487 987 1584 1022 Ἔχετε
1599 987 1744 1023 τοιγαροῦν
1761 987 1834 1014 καλὰ

1043 1032 1255 1066 παραδείγματα
1279 1033 1318 1063 εις
1334 1033 1434 1067 ἀρετῆς
1461 1033 1593 1064 ἐπίδοσιν,
1608 1033 1658 1064 τὰς
1672 1033 1834 1068 ἐκδημησά-

1045 1085 1095 1109 σας
1122 1077 1171 1103 εἶτ’
1185 1074 1231 1103 οὖν
1253 1077 1471 1113 ἐκδημήσαντας.
1488 1078 1585 1112 Ἔχετε
1599 1079 1662 1110 τοὺς
1688 1078 1762 1113 βίους
1777 1079 1834 1104 τῶν

1044 1122 1140 1156 ἁγίων,
1165 1122 1215 1154 τὰς
1241 1123 1402 1157 νομοθεσίας
1430 1123 1484 1150 τῶν
1510 1124 1650 1159 Πατέρων.
1676 1125 1772 1159 Ἔχετε
1801 1125 1835 1150 τὸ

1045 1168 1137 1202 μεῖζον
1162 1168 1251 1194 αὐτῶν
1273 1169 1319 1195 τὸν
1348 1169 1463 1205 ποιητὴν
1479 1169 1532 1195 τῶν
1549 1170 1618 1197 ὅλων
1631 1169 1696 1196 Θεὸν
1713 1171 1742 1195 ἐν
1757 1169 1834 1204 μέσῳ

1044 1215 1120 1249 ὑμῶν
1143 1215 1214 1242 κατὰ
1239 1215 1288 1250 τὴν
1312 1215 1414 1250 ἀψευδῆ
1434 1215 1516 1242 αὐτοῦ
1543 1216 1716 1250 ἐπαγγελίαν.
1734 1215 1835 1250 Ἔχετε

1043 1260 1091 1294 τὴν
1107 1260 1190 1294 ἁγίαν
1215 1260 1344 1286 Θεοτόκον
1368 1261 1523 1296 ἐπίκουρον.
1538 1261 1602 1292 τοὺς
1617 1261 1721 1292 πάντας
1737 1261 1834 1295 ἁγίους

1044 1305 1224 1341 πρεσόευτάς.
1243 1306 1338 1341 Ἔχετε
1363 1306 1411 1333 καὶ
1425 1307 1474 1341 τὴν
1489 1307 1567 1341 ἡμῶν
1586 1307 1749 1341 οὐθενότητα
1765 1316 1834 1342 προ⁹

1044 1350 1217 1385 θυμουμένην
1231 1350 1294 1385 ὑμῖν
1310 1352 1339 1377 ἐν
1352 1351 1473 1386 τάγαθῷ.
1487 1352 1578 1378 Πάντα
1595 1352 1641 1378 οὖν
1653 1350 1682 1378 εὖ
1699 1351 1834 1386 πράξατε,

1044 1396 1133 1423 πάντα
1160 1397 1304 1432 εἰρηνικῶς
1333 1397 1516 1424 διατελέει-ατε.
1542 1397 1673 1425 Πάντοτε
1703 1399 1833 1432 χαίρετε·

1043 1441 1239 1475 ἀδιαλείπτως
1247 1443 1463 1477 προσεύχεσοε’
1473 1443 1508 1470 ἐν
1516 1443 1605 1470 παντὶ
1616 1444 1834 1478 εὐχαριστεῖτε,

1045 1487 1095 1523 βοᾷ
1108 1488 1122 1514 6
1136 1488 1222 1522 μέγας
1235 1489 1408 1520 Ἀπόστολος·
1425 1485 1457 1516 οὗ
1472 1490 1533 1521 ταῖς
1543 1489 1702 1525 πρεσϐείαις
1719 1490 1837 1525 σωθείη-

1047 1541 1096 1568 μεν
1111 1533 1158 1559 xei.
1169 1534 1249 1567 ἡμεῖς
1263 1534 1310 1560 καὶ
1325 1534 1414 1568 ὑμεῖς.
1437 1539 1441 1543 “

1135 1588 1210 1616 ΡΠΓ⁹
1225 1589 1292 1624 (76).
1303 1605 1339 1609 ν-
1356 1590 1437 1624 Ἠλίᾳ
1453 1590 1653 1625 πρεσϐυτέρῳ.
1672 1590 1748 1628 [ova]

654 1651 691 1675 De
708 1652 793 1682 pueris
808 1651 851 1681 qui
868 1651 997 1681 parentum
1009 1649 1137 1673 voluntate
1153 1648 1223 1673 inviti
1237 1649 1380 1673 tondentur.

237 1694 368 1722 Osculum
382 1692 492 1727 quidem
513 1699 600 1723 tuum,
625 1694 666 1719 vir
682 1697 788 1723 sancte.
803 1693 988 1720 venerandum

1079 1689 1116 1716 Τὸ
1130 1691 1180 1724 μὲν
1194 1689 1299 1724 φίλημά
1322 1699 1379 1722 σου,
1401 1686 1424 1716 ὧ
1453 1690 1508 1725 ἱερὲ
1532 1690 1659 1725 ἄνθρωπε
1686 1690 1733 1717 τοῦ
1753 1691 1835 1724 Θεοῦ,

202 1749 284 1776 quam
316 1741 444 1772 maxime,
476 1740 602 1775 idemque
616 1740 770 1767 concordiae
791 1747 903 1767 servans
921 1740 990 1766 indi-

203 1786 276 1813 cium
292 1796 299 1814 :
314 1786 491 1821 interrogatio
505 1791 608 1816 autem.
624 1786 667 1812 vix
684 1787 771 1813 audeo
786 1785 887 1817 dicere,
920 1785 990 1812 indi-

203 1837 289 1867 gesta,
316 1840 365 1860 nec
383 1833 449 1860 satis
479 1832 618 1866 explorata
641 1831 789 1858 humilitati
812 1835 922 1858 nostrae.
950 1831 989 1857 Ad

204 1879 276 1905 httnc
298 1878 370 1904 enim
388 1878 459 1904 diem
479 1885 533 1903 non
553 1877 739 1907 audieramus,
764 1883 862 1910 pueros
878 1884 892 1902 a
912 1881 990 1909 patre

202 1931 250 1958 per
278 1924 332 1950 vim
349 1931 382 1950 ac
407 1931 460 1949 non
482 1928 578 1956 sponte
603 1924 734 1949 detonsos
751 1921 845 1949 fuisse.
871 1921 937 1948 Nam
965 1922 988 1948 si

203 1969 281 2004 plane
299 1967 416 1995 infantes
432 1968 461 1997 ii.
477 1968 534 1995 sive
552 1971 616 1994 ante
628 1968 798 2002 pubertatem
812 1987 819 1999 ,
834 1976 887 1995 non
905 1972 945 1995 est
961 1968 988 1995 in

204 2015 269 2048 ipsis
299 2014 508 2041 voluntarium:
533 2014 706 2048 nequeenim
740 2019 844 2040 rectum
874 2021 888 2039 ιι
905 2021 988 2048 pravo

203 2065 318 2095 possunt
330 2060 506 2094 dignoscere:
520 2060 566 2087 sed
583 2068 677 2086 eorum
704 2060 830 2093 arbitrio,
845 2067 907 2087 cum
923 2062 988 2087 ado-

203 2106 330 2137 leverint,
350 2113 394 2132 rcs
407 2110 461 2133 tota
478 2106 708 2140 permittenda....

322 2195 376 2222 Res
402 2195 591 2230 permittenda.
609 2194 685 2222 Unde
698 2195 777 2222 nobis
790 2202 822 2222 ac
836 2195 912 2222 vobis
928 2195 988 2222 ani-

202 2242 239 2269 mi
256 2242 345 2269 futura
362 2248 405 2269 est
420 2246 447 2267 et
463 2241 587 2275 corporis
605 2241 690 2267 salus.
719 2240 770 2267 Sed
786 2241 820 2266 de
844 2240 886 2267 his
902 2240 985 2267 satis:

202 2288 332 2323 quoniam
348 2295 397 2314 nec
410 2287 476 2313 mihi
493 2286 591 2320 prolixi
605 2286 742 2312 sermonis
759 2291 800 2312 est
815 2286 911 2318 otium,
928 2285 988 2312 aliis

201 2339 336 2369 occupato
351 2333 467 2368 negotiis
482 2333 553 2358 haud
570 2332 696 2359 facilibus
723 2331 863 2366 expedit".
880 2331 917 2358 De
931 2331 986 2365 epi-

1044 1737 1141 1762 σεπτὺν
1154 1737 1194 1762 ὅτι
1211 1736 1337 1771 μάλιττα,
1351 1737 1398 1762 καὶ
1410 1736 1439 1762 τὸ
1452 1737 1501 1772 τῆς
1516 1737 1670 1771 συμψυχέας
1689 1738 1837 1770 ἀποσῶζον

1042 1782 1185 1818 γνώρισμα
1201 1790 1208 1798 ·
1238 1782 1268 1809 τὸ
1290 1783 1318 1809 δὲ
1347 1782 1488 1818 ἐρώτημα,
1513 1783 1563 1809 οὐκ
1591 1782 1724 1815 οἷδ’ὄπως
1751 1785 1836 1817 εἴπω,

1042 1828 1228 1864 ἀκατάλληλον
1253 1829 1301 1855 καὶ
1317 1829 1347 1856 οὐ
1366 1829 1586 1863 συνεγνωσμένον
1607 1831 1640 1865 τῇ
1670 1830 1837 1857 ταπεινώσει

1042 1875 1130 1909 ἡμῶν.
1155 1874 1267 1901 Οὐδέπω
1297 1875 1351 1910 γὰρ
1368 1875 1414 1901 καὶ
1430 1875 1549 1910 τήμερον
1565 1875 1734 1910 ἀκηκόαμεν,
1763 1876 1837 1911 πρὸς

1043 1921 1146 1957 πατρὸς
1170 1922 1380 1955 ἀναγκαπικῶς
1396 1922 1443 1948 καὶ
1462 1923 1514 1948 οὐκ
1531 1921 1693 1954 ἐθελουσίως
1708 1923 1836 1958 ἀποκαρ-

1043 1966 1121 2000 θῆναι
1150 1967 1257 1998 παῖδας.
1280 1967 1312 1993 Ει
1328 1967 1376 2001 μὲν
1401 1967 1455 2003 γὰρ
1473 1969 1572 2003 κομιδῇ
1599 1969 1699 2003 νήπιοι,
1719 1969 1768 1995 εἴτ’
1785 1967 1835 1996 οὗν

1043 2012 1096 2048 πρὸ
1115 2012 1165 2046 τῆς
1181 2012 1300 2047 ἡλικίας,
1323 2013 1373 2039 οὐκ
1395 2014 1424 2038 ὲν
1449 2014 1542 2044 αὐτοῖς
1570 2013 1600 2039 τδ
1627 2014 1754 2049 θελητόνδ
1770 2015 1834 2042 οὐδὲ

1041 2059 1095 2093 γάρ
1114 2059 1167 2084 εἰσι
1181 2058 1373 2091 διαγνωπικοὶ
1402 2059 1485 2085 καλοῦ
1503 2067 1532 2085 τε
1563 2059 1609 2085 καὶ
1627 2060 1713 2086 κακοῦ
1728 2069 1733 2075 ·
1763 2061 1835 2088 ἀλλὰ

1042 2105 1074 2138 τῇ
1091 2103 1146 2130 τῶν
1162 2104 1304 2138 φυσάντων
1330 2104 1488 2140 προαιρέσει
1516 2105 1649 2132 ἀνακτὲον
1665 2106 1738 2141 [cod.
1762 2106 1832 2142 Reg.

1042 2149 1209 2184 ἁνενεκτέον]
1226 2150 1256 2175 τὺ
1273 2151 1446 2184 πρᾶγμα.....

1155 2195 1211 2229 (77)
1231 2195 1374 2221 ἀναθετέον
1384 2196 1414 2221 τὸ
1430 2197 1557 2231 πρᾶγμα.
1576 2197 1645 2232 Παρ¹
1656 2194 1686 2224 οὗ
1702 2198 1750 2224 καὶ
1764 2198 1835 2232 ἡμῖν

1043 2241 1089 2267 καὶ
1107 2240 1170 2274 ὑμῖν
1184 2241 1214 2267 τὸ
1230 2242 1362 2276 σωτήριον
1374 2242 1463 2276 ψυχῆς
1484 2250 1513 2268 τε
1537 2243 1584 2268 καὶ
1615 2243 1750 2277 σώματος.
1778 2245 1835 2270 Καὶ

1043 2287 1107 2321 περὶ
1121 2287 1170 2321 μὲν
1186 2287 1288 2313 τούτων
1301 2287 1360 2318 ἃλις
1377 2296 1384 2303 ’
1401 2288 1440 2314 ὅτι
1456 2288 1524 2322 μηδὲ
1540 2289 1634 2324 καιρός
1658 2298 1703 2324 μοι
1720 2298 1833 2324 μακρη-

1043 2334 1144 2368 γορεῖν,
1154 2334 1182 2360 ὲν
1194 2334 1284 2365 ἄλλοις
1299 2333 1490 2369 ἀσχολουμένῳ
1504 2335 1664 2369 πράγμασιν
1677 2335 1727 2361 οὐκ
1741 2335 1835 2361 εὐδια-

201 2388 284 2415 scopo
311 2379 383 2411 Chii,
404 2379 470 2413 quid
487 2378 538 2405 hoc
557 2383 581 2404 et
599 2377 670 2404 istud
691 2377 805 2404 narras?
819 2376 872 2404 Nos
898 2383 986 2411 neque

1044 2379 1138 2411 λύτοις.
1150 2380 1216 2415 Περὶ
1232 2380 1259 2406 δὲ
1271 2380 1317 2406 τοῦ
1336 2380 1485 2407 ἐπισκόπου
1499 2381 1576 2412 Χίου,
1587 2381 1614 2407 τί
1628 2381 1706 2407 τοῦτο
1722 2382 1835 2407 κάκεῖνο

201 2426 291 2453 virum
306 2426 332 2452 in
349 2429 526 2458 conspectum
541 2428 674 2454 nostrum,
694 2423 739 2450 ubi
764 2423 818 2449 huc
842 2424 925 2452 venit.
943 2421 991 2449 ad-

201 2471 338 2502 misimus,
350 2469 517 2504 suspicionis
534 2468 649 2495 vitandm
665 2475 765 2499 causa),
780 2474 867 2502 neque
878 2468 992 2495 omnino

204 2517 264 2544 sine
283 2523 417 2550 responso
434 2515 590 2543 dimisimus
605 2523 612 2541 :
630 2513 701 2548 quod
718 2521 807 2548 neqtte
822 2513 862 2540 las
879 2512 931 2540 fuit
948 2514 991 2541 vel

241 2587 263 2602 ”
279 2586 287 2613 I
302 2585 375 2614 Petr.
392 2594 418 2619 ν,
433 2585 460 2612 8.
499 2585 519 2600 “
531 2584 538 2612 I
552 2583 615 2612 Cor.
629 2591 684 2614 xvr.
707 2583 806 2616 15,¹14,

1043 2425 1203 2460 γέγραφας;
1226 2425 1323 2460 Ἡμεῖς
1351 2423 1413 2451 οὔτε
1437 2426 1483 2451 τὸν
1512 2425 1597 2460 ἄνδρα
1622 2428 1662 2458 εἰς
1677 2426 1737 2460 ὄψιν
1753 2427 1834 2461 ἡμῶν

1044 2471 1184 2505 ἠγάγομεν
1206 2470 1354 2505 ἐληλυθότα
1377 2470 1507 2502 ἐνταῦθα,
1528 2471 1578 2502 τὰς
1593 2472 1709 2506 ὑποψίας
1722 2472 1836 2505 διαφεύ-

1044 2523 1148 2549 γοντες,
1163 2514 1225 2541 οὔτε
1238 2515 1324 2550 πάντη
1343 2515 1524 2551 ἀνυπόκριτον
1539 2516 1672 2552 εἰάσαμεν
1686 2525 1693 2532 ·
1705 2518 1746 2544 ὅτι
1762 2517 1833 2552 μηδὲ

846 2583 868 2598 ¹³
877 2581 972 2610 Matth.
989 2583 1121 2616 xvnt,20.
1158 2583 1203 2611 "l
1223 2584 1322 2611 Thcss.
1339 2593 1366 2616 ν,
1386 2583 1430 2611 I6.

963 2639 1081 2669 NOTAE.

240 2678 296 2716 (79)
315 2677 415 2716 _|_n_cod.
429 2676 496 2712 Reg.
517 2679 586 2716 ρπε’.
675 2709 681 2715 _
717 2710 734 2716 n
775 2709 781 2715 θ
859 2710 874 2716 __

241 2710 298 2750 (Π)
315 2713 352 2740 lbi
369 2710 661 2750 magna’satislacuna
675 2710 703 2750 in_
717 2710 801 2744 Regio
815 2710 917 2750 codice.
927 2710 993 2744 Qute

205 2745 295 2777 autem
311 2753 472 2782 sequuntur,
482 2746 595 2773 alterius
608 2745 729 2778 epistolae
739 2752 800 2782 esse
816 2747 877 2780 (cui
888 2750 991 2777 tamen,

206 2786 269 2820 quia
290 2780 396 2820 initium
416 2783 503 2820 deest.
529 2781 654 2820 apposita
679 2788 733 2820 non
747 2816 752 2820 _
766 2780 861 2820 sit_sua
887 2781 991 2820 numeri

207 2816 290 2855 uota)
307 2819 427 2855 indicare
443 2818 547 2855 videtur
563 2816 690 2854 Syllubtts
706 2816 888 2855 Epistolarum
903 2817 930 2855 in
946 2825 987 2855 ep-

207 2857 268 2882 d-‘m
282 2851 412 2881 'cutlice:
437 2853 473 2879 ibi
489 2853 561 2878 enim
580 2855 651 2877 tuter
672 2851 847 2883 itm'iptiones
870 2851 991 2884 epistola:

198 2894 266 2918 ⁴οπεΙ
288 2889 363 2924 Ἠλίᾳ
387 2887 575 2921 πρεσϐυτέρῳ,
593 2893 615 2912 ct
639 2886 758 2919 epistola:
777 2885 836 2920 ρπζ⁴
856 2886 990 2922 Δύξεντῖῳ

1046 2707 1210 2743 ἡγουμένῳ.
1237 2706 1326 2743 [Dedin
1350 2710 1393 2733 est
1423 2706 1566 2742 inscriptio
1594 2708 1732 2743 Μακαρίῳ
1750 2710 1835 2742 μονά-

1042 2742 1126 2776 ζοντι,
1145 2745 1220 2778 ρπς³.
1237 2742 1293 2768 Etsi
1315 2747 1406 2768 autem
1425 2743 1573 2775 superioris
1591 2742 1733 2777 fragtnenti
1755 2752 1835 2771 voces

1043 2777 1149 2805 ultione
1171 2781 1329 2811 repetantur
1342 2777 1419 2803 initio
1438 2778 1606 2810 posterioris,
1619 2785 1707 2812 coque
1720 2778 1817 2805 videan
1826 2795 1834 2800 -

1042 2820 1086 2841 tur
1104 2817 1194 2847 partes
1209 2820 1269 2839 esse
1287 2812 1369 2839 unius
1385 2812 1563 2846 ejusdemque
1578 2813 1710 2846 epistolaz,
1728 2814 1772 2841 cui
1789 2823 1833 2840 tli-

1043 2851 1078 2875 hil
1090 2849 1238 2874 admodum
1253 2847 1342 2883 desit;
1358 2851 1448 2873 tamen
1463 2855 1522 2881 qua:
1533 2853 1696 2881 sequuntur,
1707 2849 1749 2876 vix
1763 2857 1828 2883 pos-

1041 2889 1100 2911 sent
1114 2891 1175 2910 cum
1192 2882 1379 2917 superioribus
1397 2883 1530 2910 sententia
1543 2883 1690 2912 coltzcret'e.
