1927 3089
76 153 142 186 1565

652 144 921 179 EPISTOLARUM
955 145 1029 175 LIB.
1048 143 1090 174 ΙΙ.

1620 134 1686 166 1566

73 211 180 247 θεμιτὸν
195 211 242 238 καὶ
257 210 304 237 τὸν
325 210 442 245 τυχόντα
457 207 668 244 ἀποπέμπεσθαι
686 215 692 222 ·
712 205 749 241 μὴ
764 205 805 232 ὅτι
827 212 853 239 γε
867 228 869 232 ,

920 211 988 230 num
1008 211 1023 230 e
1038 201 1131 229 multis
1142 198 1283 234 repellere,
1313 196 1413 224 nedum
1431 193 1553 230 ejusdem
1569 191 1686 219 instituti

73 260 227 294 6p6<rmpov
255 259 304 284 καὶ
334 256 486 290 ἐπισκοπῆς
517 256 604 290 ὄνομα
633 252 851 288 κεκληρωμένον.

78 308 278 342 Ἥσμενίσαμεν
292 303 339 332 οὖν
362 305 403 331 ὅτι
418 304 533 339 ὸψέποτε
554 302 717 336 ἁπενόσφισε
742 301 854 327 ἐπισκο-

73 353 136 388 πῆς,
150 352 278 387 ἑλόμενος
303 348 354 377 ὧδέ
373 359 423 377 που
439 349 624 385 παρερῤίφθαι
637 356 645 363 ·
659 346 854 376 ὑποϐάλλοντες

72 397 153 423 αὑτὸν
165 397 213 423 καὶ
230 394 360 430 ἐπιτιμίῳ
374 395 560 430 προσήκοντι·
590 392 684 426 ὥσπερ
703 391 854 425 πεποιήκα-

74 451 122 478 μεν
135 443 182 468 ἐπὶ
196 443 252 474 τοῖς
267 441 366 476 ὁμοίως
386 440 460 476 αὐτῷ
484 440 608 474 δράσασι.
627 439 680 465 Καὶ
693 439 706 464 6
723 437 789 467 Θεὸς
802 435 856 461 τῶν

74 487 275 522 μετανοούντων
302 486 372 512 ἐστί.
398 486 453 512 Καὶ
476 484 555 511 τοῦτο
579 483 691 518 ἐναργὲς
706 481 857 514 ὑπόδειγμα

74 532 218 568 μετανοίας
240 532 406 566 ἐπεζήτηται
423 531 470 557 καὶ
493 531 558 565 παρ’
569 529 648 564 ἡμῶν
664 528 711 555 καὶ
725 527 794 563 πρὸς
809 526 857 553 ἄλ-

71 578 126 605 λων
138 578 193 605 τῶν
211 578 347 612 ίατρεύειν
369 576 589 611 ἐπιτεταγμένων
605 576 621 609 ἡ
635 573 681 600 τοῦ
697 573 859 599 ὑποπεπτω-

72 624 151 655 κότος
174 623 347 659 ὑποχώρησις
372 622 422 656 τῆς
444 621 598 655 ἐπισκοπῆς
612 628 619 634 ·
640 620 686 646 καὶ
702 617 788 654 εἷρξις
807 617 858 652 τῆς

74 671 241 707 ἱερουργίας,
258 671 307 696 σὺν
333 668 462 704 ἐπιτιμίῳ
488 668 540 699 ἕως
564 666 661 701 καιροῦ
686 666 807 701 εἰρήνης,
829 665 859 690 Et

73 715 119 742 οέν
142 717 229 742 ταῦτα
249 715 422 749 ὡμολόγηται
441 713 480 749 τῷ
500 713 576 748 ἀνδρί
593 721 600 727 ·
617 712 689 743 τίνες
699 709 770 746 ἦμεν
781 711 861 745 ἡμεῖς

73 761 251 788 ἀποσείεσθαι
269 760 315 786 τὸν
333 759 490 795 προσιόντα,
506 758 552 784 καὶ
566 757 717 792 ὲχῡραίνειν
729 757 758 782 ὲν
775 754 861 790 τούτῳ

74 807 155 841 sup;
171 806 217 840 Μὴ
242 806 285 839 σὺ,
310 802 332 832 ὦ
348 805 494 839 θαυμάσιε,
517 803 623 839 βαρέως
646 803 738 838 φέροιο
762 801 809 827 ἐπὶ
822 801 862 836 τῷ

74 852 154 887 ἀνδρί
168 861 174 867 ⁸
191 852 243 878 κᾶν
264 852 304 878 ὅτι
318 851 437 887 μάλιστα
451 850 469 877 ἃ
484 850 572 884 λέγεις
584 848 751 884 πεπραχέναι
767 847 860 879 αὑτὸν,

75 897 267 924 ἀποδέδεικται
284 896 372 931 ἁληθῆ
388 894 474 922 εἶναι·
494 895 555 922 ἐπεὶ
569 895 648 930 ἡμεῖς
664 893 725 920 οὔτε
741 892 861 928 ἀκηκόα-

77 952 127 979 μεν
156 943 209 974 ἕως
231 942 277 969 τοῦ
298 942 442 977 παρόντος,
470 941 542 973 οὔτε,
567 941 592 967 εἰ
616 941 663 967 καὶ
691 938 860 974 ἀκηκόαμεν,

76 989 208 1024 κρίνομεν
222 989 303 1016 αὑτὸν
329 989 358 1014 ὲν
381 987 494 1018 τούτοις.
518 987 675 1021 Γέγραπται
693 985 747 1020 γάρ
758 993 765 1000 ·
782 983 829 1018 Μὴ
846 984 863 1010 ό

76 1035 170 1069 νόμος
180 1034 264 1069 ἡμῶν
275 1034 367 1068 κρίνει
379 1033 432 1060 τὸν
444 1033 609 1066 ἄνθρωπον,
623 1031 679 1057 ἐὰν
694 1029 736 1064 μὴ
746 1029 862 1062 ἀκούσῃ

76 1081 254 1114 παράὺτοῦ
280 1080 434 1113 πρότερον,
468 1078 515 1105 καὶ
537 1077 597 1110 γνῷ
625 1077 653 1103 τί
679 1076 778 1108 ποιεῒ;
810 1075 864 1102 Καὶ

76 1127 162 1154 πάλιν
173 1128 188 1153 6
209 1126 366 1158 Ἀπόστολος
381 1125 467 1158 λέγει·
483 1124 564 1151 Κατὰ
578 1123 782 1158 πρεσϐυτέρου
794 1130 865 1149 κατ-

76 1173 206 1208 ηγορίαν
224 1172 267 1207 μὴ
291 1171 474 1206 παραδέχου,
486 1169 572 1202 ἐκτὸς
587 1171 613 1196 εί
637 1169 680 1203 μὴ
697 1168 746 1195 ἐπὶ
765 1168 819 1195 δύο
846 1167 865 1202 ἦ

78 1217 171 1250 τριῶν
196 1217 363 1251 μαρτύρων.
385 1215 502 1242 Ἔπειτα
525 1214 586 1241 οὐδὲ
606 1213 707 1240 τούτων
723 1215 867 1248 πρόκειται

77 1264 162 1297 ὶόγος
177 1263 195 1299 ἢ
216 1262 324 1294 ἐξουσία
340 1261 387 1288 τοῦ
403 1261 518 1297 κρίνεινο
530 1261 598 1288 ἀλλὰ
616 1259 739 1296 περὶτοῦ
755 1259 866 1294 προσίε-

82 1310 146 1337 σθαι
160 1310 224 1340 τοὺς
238 1308 470 1339 ὑποπεπτωκότας
483 1307 533 1342 τὴν
550 1306 694 1341 μετάνοιαν
712 1314 719 1321 ·
737 1313 868 1340 ταμιευο-

82 1356 176 1391 μένων
190 1354 246 1383 τῶν
268 1354 320 1381 ὑπὸ
341 1353 390 1389 τῆς
413 1352 568 1389 τιμιότητός
591 1361 637 1379 σου
661 1350 869 1386 λελεγμένων,ῆ

80 1401 202 1429 ἐνταῦθα
227 1399 315 1436 καιρῷ
332 1399 371 1434 τῷ
390 1399 477 1426 δέοντι
502 1398 558 1429 τοῖς
572 1397 722 1433 προεστῶσι
738 1399 788 1431 τῆς
809 1396 870 1422 Ἐκ-

81 1448 221 1482 xire-11;.
242 1446 259 1482 ἢ
283 1446 312 1472 ὲν
332 1445 370 1480 τῷ
394 1444 516 1479 μέλλοντι
532 1442 611 1470 αίῶνι
640 1442 679 1479 τῷ
707 1443 787 1477 κριτῇ
817 1441 870 1467 τῶν

83 1495 227 1521 ἁπάντων.
243 1492 288 1518 Διὺ
313 1490 489 1526 συμϐουλεύω
501 1491 534 1525 τῇ
563 1488 726 1525 χρηστότητι
751 1495 798 1514 σου
817 1487 871 1521 ἀφ-

83 1541 174 1576 εμένῃ
182 1539 236 1566 τῶν
245 1538 332 1572 λόγων
345 1537 457 1564 ἐκείνων
470 1538 502 1569 ,ἐν
518 1536 556 1570 τῷ
571 1535 639 1566 τέως
654 1535 823 1569 εὐχαριστεῖν
834 1532 872 1568 τῷ
885 1539 907 1568 c

84 1585 183 1620 Κυρίῳ
198 1584 244 1610 ἐπὶ
262 1584 295 1618 τῇ
309 1581 356 1609 τοῦ
374 1582 469 1617 ἀνδρὸς
487 1580 626 1616 μετανοίᾳ·
643 1579 681 1611 ὠς
698 1579 731 1606 ἂν
747 1578 873 1614 συνεργοὶ

84 1633 185 1667 εἴημεν
199 1631 259 1665 Θεῷ
276 1629 315 1664 τῷ
335 1628 454 1664 φιλοῦντι
468 1626 601 1659 σώζεσθαι
616 1626 705 1653 πάντα
715 1625 871 1659 ἄνθρωπον·

87 1678 138 1704 κάν
166 1676 255 1711 τούτῳ
277 1676 403 1709 είρήνην
418 1674 534 1708 ἔχωμεν
549 1672 624 1706 πρὸς
645 1671 737 1699 αὐτὸν
758 1670 806 1697 διὰ
822 1669 874 1697 τοῦ

89 1722 203 1757 Κυρίου
218 1719 302 1756 ἡμῶν
321 1719 418 1752 Ἰησοῦ
438 1717 576 1752 Χριστοῦ.
590 1718 645 1743 Καὶ
657 1716 732 1747 τέλος
746 1716 810 1742 ὅταν
827 1715 875 1741 λά-

89 1770 140 1803 ϐῃς
169 1767 275 1801 καιρὸν,
291 1765 368 1800 εἴπερ
392 1766 438 1791 καὶ
456 1764 557 1799 ζητεῖς,
574 1762 633 1789 τότε
650 1761 799 1796 εὐθύτητας
814 1760 875 1795 κρί-

89 1823 156 1840 νοιο.
175 1813 214 1840 Τὸ
239 1812 269 1839 δὲ
292 1811 338 1838 νῦν
363 1809 514 1846 προσεύχου
531 1809 594 1843 περὶ
619 1808 709 1843 ἡμῶν,
742 1806 877 1839 σώζεσθαι

90 1861 168 1895 ἡμᾶς
180 1859 252 1894 ψυχῇ
264 1867 294 1883 τε
315 1857 359 1883 καὶ
376 1856 480 1890 σώματι
497 1864 503 1870 ·
518 1855 558 1882 ὃτι
569 1853 754 1889 ὁμολογοῦμεν
769 1853 878 1878 πάντων

89 1906 245 1941 ἀνθρώπων
272 1903 492 1939 ἁμαρτωλότεροι
513 1899 593 1928 εἶναι.
614 1900 642 1926 '0
666 1900 768 1934 Κύριος
793 1899 807 1925 6
831 1899 879 1933 ἁρ-

90 1952 274 1988 χιεπίσχοτιος
314 1948 427 1975 πλεῖστά
463 1956 492 1974 σε
530 1946 727 1981 προσαγόρεύει
745 1964 752 1975 ,
793 1952 879 1979 προσ·

91 1997 256 2034 αγορευοεὶς
286 1995 402 2030 ὑπὸτῆς
434 1993 524 2029 φωνῆς
552 2001 598 2018 σου
614 1999 621 2006 ·
647 1990 709 2017 ἐπεὶ
735 1990 782 2017 καὶ
811 1989 880 2016 πάν-

91 2053 141 2076 τες
170 2043 196 2069 οἱ
225 2042 285 2078 μεθ’
301 2041 379 2077 ἡμῶν
405 2038 524 2074 ἀδελφοί.
558 2038 683 2074 Ἐρῤωσο
713 2037 742 2063 ἔν
774 2035 880 2070 Κυρίῳ.

93 2089 208 2124 ἀδελφέ.

169 2153 244 2183 ΡΠΔ¹
259 2153 326 2190 (78).
341 2150 529 2184 ο-Αὐξεντίῳ
542 2148 706 2184 ἡγουμένῳ,
719 2146 810 2184 [ψνδῃ]

902 249 1002 281 virum,
1018 253 1044 276 et
1065 246 1220 283 episcopale
1248 250 1344 271 nomen
1359 242 1496 276 adeptum.
1513 240 1608 274 Itaque
1626 245 1687 273 gra—

902 295 979 323 tulati
996 302 1089 322 sumus
1111 292 1183 328 quod
1204 290 1390 326 episcopatum
1406 287 1514 314 tandetn
1538 284 1682 315 abdicarit,

904 342 1004 376 eligens
1029 341 1071 368 vel
1085 340 1126 367 sic
1139 345 1190 374 pro
1215 336 1340 371 neglecto
1364 333 1471 361 haberi:
1488 332 1575 366 ipsum
1591 337 1688 357 conve-

905 387 989 414 nienti
1021 393 1105 420 poenas
1121 383 1286 418 subjecimus
1302 388 1310 408 :
1328 378 1556 415 quemadmodum
1575 377 1681 410 egimus

905 431 932 458 in
956 431 989 457 iis
999 431 1045 465 qui
1061 429 1161 457 similia
1176 429 1377 462 perpetrarunt.
1395 423 1467 450 Deus
1492 425 1580 448 autem
1602 418 1690 454 poeni-

905 477 1019 504 tentium
1036 480 1087 503 est.
1103 475 1136 502 Et
1163 474 1214 500 hoc
1230 470 1403 499 manifestum
1431 466 1596 503 paenitentia)
1609 472 1690 499 argu-

906 526 1028 550 mentum
1054 520 1216 554 requisitum
1245 522 1286 545 est
1311 521 1367 543 tntn
1385 522 1400 541 a
1415 512 1492 540 nobis
1513 516 1569 538 tum
1595 510 1628 536 ab
1656 509 1689 536 iis

907 567 1006 602 quibus
1023 567 1090 593 alios
1105 564 1218 592 sanandi
1233 571 1299 590 cura
1317 559 1480 589 demandata
1498 563 1551 589 est,
1564 564 1626 583 eum
1643 555 1691 590 qui

908 614 1000 648 lapsus
1014 617 1066 643 est,
1077 612 1109 638 de
1123 612 1280 645 episcopatu
1294 607 1388 634 cedere
1401 615 1408 633 :
1422 610 1449 632 et
1466 612 1481 631 a
1496 603 1582 630 sacris
1593 600 1690 632 arceri,

909 667 971 686 cum
986 664 1065 693 paena
1078 656 1217 683 subeunda
1229 661 1315 687 usque
1329 653 1361 679 ad
1377 656 1484 685 tempus
1498 649 1583 684 pacis.
1598 648 1626 674 Si
1636 648 1693 674 haec

910 705 1001 739 itaque
1015 703 1056 730 vir
1073 703 1118 729 ille
1133 709 1188 736 prae
1208 708 1236 728 se
1258 703 1350 733 aperte
1372 697 1433 724 tttlit
1447 706 1454 723 :
1470 696 1580 730 quinam
1598 700 1694 721 sumus

911 759 962 778 nos
976 755 1006 777 ut
1021 749 1195 776 accedentem
1208 746 1383 780 repellamus,
1399 747 1427 770 et
1442 743 1468 769 in
1485 741 1578 768 odium
1591 739 1692 766 idcirco

912 796 958 822 Dei
978 792 1169 822 incurramus?
1194 790 1233 817 Ne
1263 794 1301 820 tu.
1330 788 1372 814 vir
1396 785 1565 816 admirande.
1590 782 1695 811 homini

912 841 949 868 illi
963 846 1139 869 succenseas,
1164 836 1206 863 vel
1222 835 1244 862 si
1266 834 1397 866 maxime,
1417 839 1477 866 qua:
1493 831 1526 857 al)
1544 837 1577 857 eo
1590 833 1694 864 patrata

914 895 1021 918 narras,
1037 892 1100 912 vera
1117 890 1177 910 esse
1194 885 1298 909 constet
1315 889 1321 906 :
1340 876 1556 913 quandoquidem
1580 882 1629 901 nos
1649 882 1696 900 tte-

913 940 966 968 que
981 932 1006 958 in
1019 931 1092 957 hunc
1107 929 1177 955 diem
1194 925 1348 953 audivimus
1373 932 1379 937 -
1401 931 1462 954 nec,
1487 921 1550 947 licet
1565 919 1697 947 andiisse-

914 963 987 1008 titus,
1004 976 1092 1010 ipsunt
1107 973 1141 1000 de
1152 972 1194 998 liis
1207 970 1371 1006 iudicamus.
1387 966 1523 999 Scriptum
1539 969 1581 990 est
1604 963 1697 990 enim:

916 1021 1043 1055 Nunquid
1059 1022 1099 1046 lex
1113 1022 1205 1044 nostra
1219 1015 1323 1050 judicat
1337 1012 1479 1041 hominem,
1498 1009 1548 1035 nisi
1564 1008 1637 1042 prius
1649 1015 1698 1033 au-

915 1053 994 1094 dierit
1006 1065 1037 1092 ab
1051 1066 1118 1099 ipsa,
1133 1069 1156 1089 et
1167 1059 1312 1096 cognoverit
1339 1057 1401 1093 quid
1415 1056 1496 1090 faciat
1518 1054 1539 1070 “
1554 1054 1565 1080 ‘i
1586 1053 1618 1080 Et
1637 1060 1699 1079 rur-

916 1121 976 1141 sum
994 1110 1140 1146 Apostolus
1151 1108 1210 1135 ait:
1232 1106 1363 1132 Adversus
1393 1101 1569 1137 presbyterum
1587 1106 1698 1135 accusa:

917 1160 1014 1186 tionem
1029 1157 1082 1183 nali
1100 1155 1222 1189 recipere,
1238 1151 1290 1179 nisi
1310 1149 1356 1177 sub
1377 1147 1478 1175 duabus
1504 1150 1549 1172 aut
1565 1144 1648 1172 tribus
1663 1148 1700 1170 te-

916 1206 1001 1233 stibus
1015 1204 1048 1230 ”.
1075 1202 1179 1229 Deinde
1192 1206 1281 1233 neque
1297 1196 1369 1224 ratio
1389 1193 1509 1229 suppetit
1525 1191 1566 1219 vel
1580 1194 1700 1226 potestas

917 1251 951 1279 de
971 1250 1013 1277 his
1027 1246 1177 1284 jndicandi,
1190 1245 1236 1273 sed
1249 1251 1295 1270 eos
1313 1242 1359 1277 qui
1379 1248 1409 1268 se
1434 1237 1597 1274 paenitentia
1609 1235 1700 1270 subje-

919 1296 1016 1328 Cerinl,
1032 1291 1190 1321 admittendi
1206 1299 1212 1317 :
1229 1287 1377 1317 reservatis
1396 1286 1429 1313 iis
1442 1291 1503 1319 qua:
1518 1290 1533 1309 a
1551 1279 1701 1308 reverentia

919 1347 966 1370 tua
980 1342 1194 1369 commemorata
1211 1340 1285 1367 sunt,
1303 1334 1344 1360 vel
1361 1333 1388 1359 in
1407 1332 1457 1358 hac
1480 1329 1534 1356 vita
1550 1330 1703 1361 opportuno

920 1392 1053 1421 tempore,
1066 1381 1217 1419 pra-positis
1233 1378 1362 1406 Ecclesia:
1374 1375 1437 1409 ;.vcl
1457 1375 1483 1401 in
1497 1373 1589 1400 futuro
1603 1369 1704 1398 saeculo

919 1432 1003 1468 judici
1022 1429 1154 1458 omnium.
1184 1424 1365 1459 Quamobrem
1392 1424 1487 1448 auctor
1521 1424 1580 1444 sum
1611 1414 1705 1450 pietati

923 1484 987 1510 tuae,
1007 1474 1126 1504 dimissis
1141 1473 1182 1500 his
1195 1469 1369 1498 sermonibus
1384 1473 1457 1493 nunc
1469 1463 1577 1498 quidem
1589 1460 1705 1487 Domino

923 1524 1025 1560 gratias
1036 1528 1115 1555 agere
1134 1519 1169 1546 ob
1188 1517 1238 1544 viri
1252 1513 1442 1551 paenitentiam
1459 1511 1481 1526 ¹⁸
1496 1519 1504 1543 ;
1524 1513 1554 1536 ιιι
1568 1507 1707 1542 adjutores

924 1570 971 1597 Dei
1002 1569 1099 1598 simus,
1128 1565 1174 1600 qui
1207 1562 1264 1589 vult
1296 1566 1404 1587 onmem
1433 1556 1570 1584 hominem
1601 1552 1706 1580 salvum

925 1615 982 1643 licri
998 1614 1017 1629 ¹⁷
1036 1621 1042 1638 :
1059 1616 1086 1639 et
1099 1615 1212 1638 eatenus
1231 1613 1320 1640 pacem
1347 1604 1489 1630 habeamus
1502 1600 1536 1626 ad
1561 1600 1646 1633 ipsum
1663 1603 1709 1630 per

927 1660 1068 1687 Dominum
1097 1660 1215 1682 nostrum
1241 1652 1334 1679 Iesum
1363 1649 1497 1677 Christum
1527 1645 1558 1670 ’⁸.
1587 1642 1709 1676 Denique

927 1715 988 1733 cum
1006 1703 1144 1738 acceperis
1164 1705 1281 1733 tempus,
1297 1696 1432 1731 siquidem
1449 1694 1501 1720 hoc
1516 1689 1626 1726 qttteris,
1642 1693 1709 1714 tunc

926 1751 1046 1787 justitias
1057 1746 1192 1783 iudicabis
1204 1745 1237 1771 ‘9.
1251 1742 1280 1769 ln
1295 1739 1423 1776 pt‘msenti
1435 1744 1500 1764 vero
1514 1743 1561 1770 pro
1573 1733 1651 1760 nobis
1661 1739 1710 1758 ora

928 1803 958 1824 ut
973 1795 1040 1823 salvi
1056 1799 1113 1821 tum
1132 1792 1223 1818 animo
1237 1794 1292 1814 tum
1322 1791 1436 1820 corpore
1452 1783 1537 1810 simus
1551 1787 1557 1805 :
1574 1787 1637 1806 nam
1664 1785 1712 1805 su-

930 1851 976 1878 pra
1003 1839 1133 1868 mortales
1163 1843 1258 1864 ontnes
1287 1840 1339 1859 nos
1368 1834 1524 1865 peccatores
1541 1825 1708 1861 prolitemur.

931 1869 937 1878 ,
949 1869 954 1870 ,

930 1887 1062 1915 Dominus
1076 1882 1297 1916 archiepiscopus
1312 1877 1456 1912 plurimam
1474 1873 1522 1900 tibi
1544 1872 1660 1899 salutem
1672 1869 1714 1896 di-

931 1935 980 1966 cit,
995 1939 1077 1967 quem
1092 1935 1118 1957 et
1138 1935 1184 1956 tuo
1210 1925 1318 1953 nomine
1337 1920 1515 1950 salutavimus
1535 1927 1540 1944 :
1563 1915 1659 1943 deinde
1687 1919 1715 1941 et

932 1959 1028 2004 omnes
1040 1974 1087 2010 qui
1097 1973 1240 2000 nobiscum
1256 1973 1320 1997 sunt
1336 1967 1442 1994 fratres.
1461 1962 1527 1990 Vale
1541 1961 1569 1988 in
1588 1959 1713 1987 Domino.

932 2023 1026 2050 frater.

1062 2136 1225 2168 CLXXXlV.
1239 2151 1273 2158 —-
1289 2133 1419 2162 Anxentio
1435 2129 1584 2166 praeposita.

607 2216 750 2246 Respondet
760 2215 790 2239 ad
800 2216 915 2246 quasdam
928 2214 982 2245 ejus
993 2206 1211 2239 interrogationes.

132 2278 172 2304 Τὸ
190 2276 239 2311 μὲν
259 2271 377 2309 γράμμα
402 2270 451 2304 τῆς
475 2266 636 2303 τιμιότητος

96 2325 148 2351 καὶ
174 2322 213 2352 ὡς
235 2318 269 2355 ἦν
292 2319 357 2354 ἡμῖν
373 2315 484 2343 δυνατὸν
507 2313 678 2348 ἐπήλθομεν·
695 2312 730 2338 τὰ
756 2312 804 2347 μὲν
823 2312 886 2338 καθ’

96 2369 183 2406 ἡμῶν
207 2365 332 2400 ἐγκώμια
351 2361 516 2398 πορρωτέρω
540 2359 658 2393 θέμενοι,
682 2357 719 2389 ὡς
742 2358 792 2384 οὑκ
805 2357 887 2389 ἀξίων

97 2404 330 2449 ἐγκωμιαστικῆς
356 2409 410 2436 οὐδ’
426 2408 493 2439 ὅλως
528 2406 693 2441 ἐμφάσεως·
719 2405 760 2431 ὅτι
782 2404 818 2440 μὴ
843 2405 889 2430 καὶ¹

98 2457 328 2494 κατηγορητικῆς
337 2455 436 2490 μᾶλλον
447 2452 637 2486 ὲπισκώψεως.
651 2451 729 2483 Τίνες
739 2450 792 2485 γὰρ
808 2450 890 2481 ἐσμὲν

99 2508 186 2542 ἡμεῖς
200 2506 225 2532 οἱ
244 2504 348 2539 ἀχρεῖοι
359 2523 367 2534 ,
382 2501 428 2528 καὶ
447 2500 506 2526 οὐδὲ
522 2499 653 2533 ὀνόματος
667 2495 736 2528 ἄξιοι
751 2493 780 2522 οὗ
796 2496 889 2521 ἐπικε-

101 2541 250 2588 stamen;
276 2549 347 2584 Πρὸς
370 2548 399 2574 δὲ
423 2546 457 2575 τὰ
480 2544 678 2579 ὲπιζητηθὲντα
697 2550 738 2568 σοι
756 2541 890 2574 κεφάλαια

102 2586 246 2633 Γραφικὲι,
264 2595 336 2622 πάνυ
350 2593 534 2626 ὲξενίσθημεν,
552 2590 592 2616 ὅτι
607 2588 656 2616 καὶ¹
669 2587 736 2623 πρὸς
747 2586 827 2621 ἡμῶν
837 2587 891 2612 τῶν

103 2643 225 2680 ἀμαθῶν
242 2642 260 2677 ἡ
272 2641 412 2675 ἐξήγησις,
425 2639 504 2673 καίγε
518 2637 582 2671 περὶ
596 2634 723 2662 τοιούτων
736 2633 891 2669 ἐμφάσεων,

146 2748 168 2763 ³⁵
183 2746 265 2773 Joan.
277 2752 325 2777 vtt,
339 2744 382 2771 5i.

105 2789 204 2813 uxtv,
222 2782 248 2808 ὅ.

442 2741 463 2756 ¹¹¹
479 2741 488 2768 l
502 2740 572 2768 Tim.
586 2748 612 2773 ν,
629 2739 671 2768 19.
711 2737 733 2754 ¹⁸
751 2735 850 2764 Ezech.
866 2741 962 2764 χχχιιι,
977 2732 1020 2759 ll.

661 2274 707 2292 σου
723 2265 869 2301 ἐδεξάμεθα

920 2274 924 2292 ι
973 2262 1090 2289 Litteras
1106 2253 1321 2285 honoriﬁcentia:
1341 2256 1395 2279 tum
1407 2247 1573 2284 accepimus,
1590 2249 1617 2272 et
1631 2242 1718 2279 quoad

939 2309 1072 2342 integrum
1093 2303 1171 2331 nobis
1186 2302 1237 2328 fuit
1252 2299 1380 2334 legimus.
1391 2294 1523 2323 encomiis
1544 2291 1643 2319 nostris
1657 2296 1720 2324 pro-

938 2353 981 2382 cul
997 2334 1133 2385 sepositis,
1152 2353 1180 2375 ut
1191 2347 1237 2382 qui
1254 2341 1451 2372 encomiastica
1468 2337 1624 2366 laudatione
1644 2334 1719 2368 digni

940 2399 1015 2428 nullo
1031 2396 1111 2424 modo
1128 2401 1235 2425 sumus,
1252 2391 1299 2419 sed
1320 2386 1492 2417 accusatoria
1508 2383 1596 2419 potius
1620 2388 1720 2416 expro-

941 2444 1075 2473 bratione.
1092 2439 1208 2474 Quinam
1228 2437 1300 2464 enim
1314 2441 1409 2463 sumus
1425 2439 1474 2459 nos
1489 2429 1610 2460 inutiles,
1626 2433 1659 2454 ne
1672 2432 1723 2452 no-

944 2492 1018 2519 mine
1032 2473 1140 2524 quidem
1154 2484 1227 2519 digni
1241 2490 1294 2518 quo
1309 2476 1521 2513 nuncupamur?
1540 2474 1579 2501 Ad
1600 2473 1643 2499 illa
1659 2477 1723 2498 vero

945 2519 1096 2571 Scriptum
1110 2532 1200 2566 capita
1213 2530 1246 2557 de
1261 2528 1360 2563 quibus
1375 2520 1563 2556 interrogasti,
1578 2519 1725 2546 vehemen-

945 2588 986 2610 ter
1008 2562 1214 2614 lobstupuiinus,
1234 2562 1307 2610 quod
1329 2580 1345 2599 a
1371 2570 1450 2598 nobis
1467 2566 1582 2595 indoctis
1600 2562 1725 2591 iacienda

947 2628 982 2656 sit
993 2625 1141 2656 enarratio,
1152 2621 1296 2657 etquidem
1312 2621 1474 2646 arcanorum
1490 2610 1636 2648 ejusmodi,
1652 2615 1723 2643 quo-

1077 2731 1097 2746 ”
1115 2729 1124 2756 ι
1139 2729 1209 2755 Tim.
1232 2735 1262 2758 tt,
1276 2725 1302 2752 ι.
1358 2723 1379 2739 ¹θ
1392 2722 1470 2749 Rom.
1489 2726 1515 2753 ι’,
1534 2718 1558 2744 1.
1617 2715 1638 2731 ¹⁹
1653 2713 1725 2741 Psal.

861 2813 975 2842 NOT/E.

147 2863 204 2894 (78)
222 2861 250 2888 In
268 2860 329 2888 cod.
345 2859 411 2893 Reg.
428 2858 492 2893 ρπζ.
