1927 3089
224 149 294 181 1567

796 157 826 188 S.
845 157 1041 188 TlIEODORI
1067 159 1239 189 STUDthE

1774 154 1845 187 15t8

218 214 282 234 rum
296 206 455 236 dilucitlatio
469 209 502 237 ad
517 210 623 240 divinos
637 217 741 241 tantum
762 214 924 250 interpretes
943 223 1006 250 pere

1061 215 1074 242 Ξ
1097 216 1193 251 ἀνήκει
1210 215 1301 250 μόνοις
1314 216 1369 247 τοῖς
1390 213 1532 250 Θεοφόροις
1547 211 1756 245 διαλευκαίνειν,
1780 210 1847 248 παρ’

223 253 317 284 tineat.
333 261 348 280 a
365 255 465 288 quibus
477 255 536 291 jam
558 259 631 285 edita
643 264 685 287 est
701 260 859 293 declaratio,
875 261 1007 288 maxime—

220 305 274 331 que
288 299 322 325 ad
342 299 453 327 verbum
469 309 484 329 a
503 310 601 337 magno
614 309 641 331 et
654 305 749 332 divino
763 305 873 333 Basilio.
893 306 1008 342 Sumpto

221 342 302 377 igitur
332 348 532 375 commentario
548 349 607 382 ejus
621 350 716 378 codice
735 352 761 378 in
787 351 894 385 lsaiam,
919 354 1008 381 disces

220 396 282 421 quae
291 390 440 425 desideras;
452 395 602 427 praesertim
611 403 674 423 cum
682 397 805 431 epistolae
815 399 923 426 modum
932 407 1008 426 exce-

221 433 490 471 dat;qu:eintegram
508 440 687 474 scriptionem
697 443 791 477 exigit,
804 443 898 470 talium
915 452 1006 473 rerum

220 479 396 513 disceptatio.
410 483 488 515 Quod
506 492 569 512 vero
590 485 631 513 ais
648 487 816 521 propositam
831 496 892 516 esse
906 489 1007 518 Judaeis

220 526 368 554 verborum
386 530 591 558 contentionem
609 541 615 558 :
632 533 692 560 sine
707 533 943 566 Christomachos,
954 535 1006 562 Pa-

222 576 292 600 trum
307 574 419 608 optime,
434 575 557 604 I‘urerein
569 579 740 612 seipsos.Qui
749 581 822 607 enim
834 581 918 615 ipsius
926 581 991 609 Chri
999 595 1007 602 -

221 619 266 649 sti,
282 620 338 647 veri
354 620 398 647 Dei
408 622 506 653 nostri,
522 623 674 651 doctrinam
688 625 874 660 exploserunt,
887 627 933 661 qui
945 635 1007 662 apo-

220 665 354 692 stolorum
376 671 511 701 praecepta
537 669 707 702 repulerunt,
722 671 766 705 qui
785 672 907 698 omnium
927 672 1006 700 deni-

222 719 276 745 que
291 711 448 739 divinorum
465 712 576 741 Patrum
586 715 655 742 celsa
668 715 775 750 eloquia
785 717 910 745 detestati
924 724 1004 752 sunt;

222 757 292 783 hami
300 765 367 784 sane
376 759 520 786 conveniat
528 767 590 786 cmn
597 760 640 788 his
649 762 1005 794 ambulare,autsennonetn

221 801 357 829 conferre.
368 803 452 831 Sinite
466 805 537 836 illos.
553 805 591 833 ait
605 806 750 840 Dominus,
763 810 824 836 arci
840 815 902 836 sunt
920 811 955 838 ’⁸.
974 812 1007 839 Et

221 849 352 883 propheta
368 850 404 876 ait
421 859 428 876 :
454 851 514 878 Non
527 857 566 878 est
586 854 714 887 gaudium
731 855 832 890 impiis,
854 857 922 884 dixit
950 857 1007 885 Do-

220 895 310 922 minus
324 895 357 923 ¹¹.
377 895 562 932 Praeterquam
578 900 649 926 enim
665 901 738 934 quod
762 902 830 928 nihil
845 903 1007 936 juvaremur

220 948 252 967 ex
269 948 364 968 eorum
381 943 535 978 colloquio;
552 952 602 971 nos
616 945 690 979 ipsos
705 949 844 975 venenatis
858 949 946 976 verbis
959 958 1006 977 ve-

220 986 260 1014 lut
282 988 451 1022 serpentium
482 990 574 1016 alllatu
595 990 767 1020 ltederemus.
795 994 866 1021 Deus
893 1000 1005 1023 conteret

220 1033 308 1059 dentes
320 1042 410 1060 eorum
420 1035 446 1060 in
460 1043 504 1062 ore
516 1037 633 1070 ipsorum
644 1045 652 1064 :
664 1039 748 1065 molas
762 1039 865 1066 leonum
878 1041 1006 1077 confregit

222 1077 351 1105 Dominus
366 1080 401 1107 ".
419 1080 562 1109 Suiliciaut
578 1082 634 1110 ha-c
651 1084 710 1111 tibi.
731 1085 799 1118 Quid
821 1091 910 1113 autem
928 1089 1006 1115 nobis

219 1126 375 1152 necessario
391 1127 573 1160 prmstandum
587 1133 637 1161 est,
653 1134 683 1156 ut
700 1130 855 1164 placeamus
871 1132 1008 1160 Domino?

220 1169 279 1202 Quo
295 1176 374 1204 pacto
389 1172 490 1199 diaboli
515 1173 628 1208 laqueos
647 1174 826 1209 etlugietnus?
841 1178 967 1205 nimirum
984 1179 1007 1207 si

220 1217 319 1250 spiritu
350 1221 479 1252 tanquam
504 1219 555 1246 alis
590 1220 774 1255 sublevemur,
809 1230 870 1256 qua:
899 1231 1007 1252 sursum

220 1268 285 1289 sunt
304 1269 468 1297 quaarentes.
496 1273 556 1300 qua:
577 1274 686 1293 sursum
707 1271 771 1294 sunt
799 1270 947 1303 sapientes,
961 1271 1007 1299 ubi

220 1308 347 1336 Christus
359 1315 400 1337 est
412 1310 438 1337 in
456 1311 567 1339 dextera
586 1311 632 1339 Dei
647 1313 746 1341 sedens
759 1314 782 1329 ”
796 1322 802 1340 :
818 1315 890 1342 unde
900 1321 926 1343 et
941 1325 1006 1344 ven-

221 1359 298 1382 turus
310 1360 352 1382 est
366 1363 427 1382 cum
440 1357 544 1391 angelis
560 1359 671 1386 virtutis
683 1368 741 1387 suae
753 1361 779 1387 in
798 1361 907 1390 ﬂamma
923 1364 1005 1399 ignis,

219 1400 366 1428 vindictam
394 1401 513 1429 inferens
528 1403 561 1430 iis
584 1403 629 1438 qui
647 1413 697 1431 non
723 1412 855 1434 noverunt
870 1408 964 1442 Deum,
981 1416 1008 1437 et

220 1446 265 1481 qui
290 1455 343 1474 non
360 1448 492 1475 ohediunt
511 1448 658 1484 Evangelio
674 1451 734 1486 ejus
749 1451 791 1485 ¹⁸;
819 1454 870 1480 hoc
888 1460 929 1482 est
959 1454 1008 1482 .lu-

220 1492 296 1523 dzeis.
308 1496 335 1519 et
347 1494 394 1527 qtti
410 1496 584 1522 consentiunt
600 1495 713 1529 Judazis,
728 1501 776 1524 aut
791 1501 965 1533 perversione
977 1502 1008 1528 ﬁ-

220 1537 263 1565 dei
278 1542 325 1565 aut
336 1539 398 1567 vita?
415 1541 558 1574 pravitate.

1056 258 1093 288 ὧν
1109 261 1156 288 καὶ
1169 262 1187 297 ἡ
1204 261 1367 296 διασάφησις
1387 258 1510 294 ἐγεγόνει
1521 267 1529 276 ⁸
1546 258 1626 292 καίγε
1640 257 1757 294 μάλιστα
1773 260 1847 284 κατὰ

1056 309 1128 342 λέξιν
1143 308 1194 335 ὑπὸ
1212 307 1259 334 τοῦ
1285 305 1403 342 μεγάλου
1421 305 1469 333 καὶ
1484 305 1556 332 θείου
1570 304 1722 332 Βασιλείου.
1748 304 1847 331 Λαϐὼν

1058 354 1102 380 οὖν
1113 354 1143 380 τὸ
1157 354 1196 386 εἰς
1211 353 1256 380 τὸν
1274 353 1388 379 Ἡσαΐαν
1403 350 1600 387 ἑρμηνευτικὸν
1614 350 1698 377 αὐτοῦ
1719 350 1846 382 πυκτίον,

1059 399 1166 434 μαθήσῃ
1183 398 1217 425 τὰ
1234 397 1451 432 ἐπιζητούμενα·
1467 396 1555 428 ἄλλως
1572 404 1603 422 τε
1618 396 1659 422 ὅτι
1672 395 1721 422 καὶ
1745 396 1848 430 μέτρον

1057 445 1215 479 ὑπερϐαίνει
1230 444 1385 479 ἐπιστολῆς,
1401 443 1466 478 ὃλης
1492 443 1656 478 συγγραφῆς
1682 441 1796 477 δεομένη
1829 442 1847 476 ἡ
1900 435 1905 442 ’

1056 492 1111 517 τῶν
1122 491 1250 517 τοιούτων
1262 490 1410 524 ἐπίκρισις.
1432 489 1505 525 Πρὸς
1521 489 1550 515 δὲ
1573 489 1614 515 ὅτι
1633 489 1689 519 τοῖς
1706 487 1849 518 Ἰουδαίοις

1056 537 1207 572 λογομαχία
1218 536 1360 571 πρόκειται
1371 544 1378 551 ·
1395 535 1427 562 ἔα
1440 535 1503 566 τοὺς
1516 534 1734 570 Χριστομάχους,
1749 530 1772 560 ὦ
1790 533 1832 560 ll:

1057 584 1143 618 τέρων
1162 582 1268 617 ἄριστε,
1294 582 1394 617 λυττᾷν
1422 581 1463 612 εἰς
1490 579 1614 610 ἑαυτούς,
1640 580 1671 606 Oi
1688 579 1742 614 γὰρ
1762 579 1848 606 αὑτοῦ

1058 628 1176 664 Χριστοῦ
1189 627 1235 654 τοῦ
1255 627 1382 662 ἀληθινοῦ
1396 626 1464 653 Θεοῦ
1479 625 1557 661 ήμῶν
1570 625 1619 656 τὰς
1634 625 1742 659 διδαχὰς
1759 625 1851 660 ἀπορ-

1059 675 1231 710 ραπίσαντες,
1252 673 1301 705 τάς
1319 681 1349 699 τε
1373 673 1428 699 τῶν
1444 671 1602 699 ἀποστόλων
1617 670 1756 705 ὑποθήκας
1777 679 1851 705 παρ-

1057 723 1202 756 ωσάμενοι,
1215 721 1263 748 καὶ
1279 720 1432 756 συλλήϐδην
1449 719 1558 746 πάντων
1574 718 1630 745 τῶν
1642 717 1780 752 θεοςρόρων
1799 718 1851 747 τὰς

1057 767 1206 803 ὑψηγορίας
1236 766 1427 801 βδελυξάμενοι
1448 774 1455 781 ·
1484 765 1566 801 σχολῇ
1589 766 1615 799 γ’
1633 764 1666 805 ᾷν
1702 763 1746 798 ὑφ’
1769 763 1851 798 ήμῶν

1061 814 1160 844 αὐτοὺς
1186 813 1351 847 ὁδηγεῖσθαι,
1381 812 1398 847 ἢ
1432 812 1569 845 συναίρειν
1597 810 1686 844 λόγον,
1715 809 1849 843 καθῆκον.

1059 861 1162 894 Ἄφετε
1179 859 1299 891 αὐτοὺς,
1313 859 1327 884 ὀ
1351 858 1453 893 Κύριος
1468 855 1540 889 εἷπε,
1555 856 1665 890 τυφλοί
1679 856 1747 882 εισι.
1764 856 1819 881 Καὶ
1836 855 1851 881 δ

1060 905 1205 941 Προφήτης
1221 904 1304 940 φησίν
1314 911 1324 926 η·
1348 904 1409 930 Οὐκ
1428 904 1493 930 ἐστι
1508 903 1622 936 χαφειν
1636 901 1698 934 τοῖς
1711 901 1850 932 ἀσεϐέσι,

1061 952 1142 986 λέγει
1159 951 1276 984 Κύριος.
1292 949 1363 985 Πρὸς
1376 949 1430 984 γὰρ
1442 949 1481 983 τῷ
1497 948 1579 983 μηδὲν
1596 946 1758 982 ὠφελεῖσθαι
1771 947 1800 973 ὲν
1814 948 1850 981 τῇ

1060 998 1183 1033 συμϐολῇ
1212 997 1260 1024 τοῦ
1287 996 1378 1030 λόγου,
1405 996 1454 1022 καὶ
1480 995 1593 1026 ἑαυτοὺς
1621 993 1854 1029 παραὸλᾱψοιμεν

1058 1047 1115 1076 τοῖς
1135 1044 1248 1075 ίοϐδλοις
1268 1044 1382 1079 ῥήμασι,
1397 1044 1475 1077 δίκην
1488 1042 1575 1075 ὅψεως
1594 1041 1850 1076 φαρμακευύμενοι.

1064 1090 1091 1115 '0
1120 1089 1192 1121 Θεὸς
1215 1087 1374 1122 συντρίψει
1405 1086 1476 1119 τοὺς
1500 1086 1626 1117 ὀδόντας
1642 1084 1741 1110 αὐτῶν
1761 1084 1795 1109 ὲν
1809 1082 1853 1115 τῷ

1058 1135 1183 1169 στόματι
1200 1134 1299 1161 αὐτῶν
1314 1141 1320 1148 υ
1345 1133 1399 1164 τὰς
1416 1132 1516 1166 μύλας
1540 1130 1600 1157 τῶν
1624 1129 1757 1156 λεόντων
1773 1137 1851 1155 συν-

1058 1182 1190 1209 έθλασεν
1214 1182 1230 1207 ό
1255 1181 1372 1214 Κύριος.
1400 1177 1565 1205 ἰκανούσθω
1595 1185 1636 1203 σοι
1657 1175 1754 1203 ταῦτα.
1772 1175 1804 1202 Ti
1823 1175 1854 1202 δὲ

1058 1226 1233 1261 ὀφειλόμενον
1247 1226 1314 1260 ημῖν
1335 1224 1364 1258 ἐξ
1385 1222 1547 1257 ἀναγκαίου,
1565 1223 1639 1253 ὅπως
1658 1221 1852 1256 εὐαρεστήσω-

1061 1281 1109 1308 μεν
1125 1272 1163 1307 τῷ
1184 1271 1296 1306 Κυριῳς
1315 1270 1376 1301 Πῶς
1398 1267 1600 1304 διαφευξόμεθα
1628 1267 1677 1298 τὰς
1695 1267 1784 1300 πάγας
1801 1265 1853 1292 τοῦ

1058 1318 1199 1350 διαῆόλου;
1225 1316 1350 1352 Δηλονότι
1377 1315 1524 1350 ὑπόπτεροι
1547 1313 1585 1349 τῷ
1609 1312 1744 1348 πνεύματι
1758 1313 1855 1345 γιγνό-

1061 1373 1145 1401 μενοι,
1171 1364 1206 1391 τά
1225 1363 1281 1390 ἄνω
1309 1362 1464 1397 ζητοῦντες,
1484 1361 1519 1387 τὰ
1537 1360 1593 1386 ἄνω
1619 1358 1793 1394 φρονοῦντες,
1820 1354 1854 1384 οὗ

1059 1412 1073 1438 ὁ
1102 1409 1219 1445 Χριστός
1251 1410 1335 1440 ἐστιν,
1365 1408 1394 1433 ἐν
1423 1405 1498 1441 δεξιᾷ
1522 1405 1569 1431 τοῦ
1589 1404 1657 1431 Θεοῦ
1685 1403 1852 1438 καθήμενος·

1059 1458 1106 1492 ἀφ’
1120 1454 1151 1483 οὗ
1177 1457 1225 1482 καὶ
1244 1455 1306 1490 ἥξει
1331 1454 1390 1489 μετ’
1407 1454 1531 1487 ἀγγέλων
1557 1451 1698 1486 δυνάμεως
1720 1450 1803 1477 αὑτοῦ
1823 1450 1853 1476 ὲν

1062 1503 1129 1539 πυρὶ
1158 1501 1277 1536 φλογός·
1305 1500 1422 1531 διδόντος
1452 1499 1592 1533 ἐκδίκησιν
1622 1498 1679 1528 τοῖς
1707 1496 1744 1531 μὴ
1767 1495 1854 1522 εἰδόσι

1021 1544 1042 1572 C
1058 1549 1136 1579 Θεὸν,
1151 1548 1270 1576 καὶτοῖς
1300 1546 1337 1581 μὴ
1364 1543 1531 1572 ὑπακούουσι
1555 1542 1595 1578 τῷ
1617 1541 1776 1577 Εὑαγγελίῳ
1789 1542 1826 1567 αὖ

220 1584 279 1618 τοῦν
311 1586 395 1620 ἤγουν
429 1587 576 1622 Ἰουδαίοις,
595 1589 642 1616 καὶ
658 1590 685 1616 ετ
696 1598 752 1617 τισι
767 1591 920 1627 σύμφροσιν
941 1593 1086 1628 Ἰουδαίων,
1099 1595 1146 1622 καὶ
1161 1593 1231 1620 κατὰ
1252 1593 1370 1624 πίστεως
1402 1591 1577 1626 διαστροφὴν,
1608 1591 1655 1616 καὶ
1688 1589 1759 1616 κατὰ
1793 1589 1854 1624 βίου

222 1632 415 1667 στρεϐλότητα.

257 1679 320 1707 llaec
338 1681 478 1712 meditare,
491 1688 507 1708 ο
528 1681 626 1714 amice,
644 1682 670 1709 in
689 1682 731 1709 Itis
744 1682 851 1714 insiste,
872 1688 901 1710 ut
915 1685 1007 1719 profe-

222 1728 283 1751 ctus
308 1730 370 1751 tuus
391 1725 554 1752 manifestus
576 1726 612 1753 sit
638 1727 664 1752 in
681 1727 820 1754 omnibus.
838 1727 968 1756 llortatur
983 1735 1008 1757 te

221 1768 323 1795 Paulus
347 1777 462 1804 magnus
493 1777 581 1804 pra-co
610 1771 759 1798 veritatis:
785 1771 889 1798 Stultus
920 1779 1009 1800 autent

222 1816 389 1849 quaee-tiones,
415 1820 438 1842 et
455 1815 631 1849 genealogias,
653 1820 678 1842 et
699 1817 889 1848 contentiones,
911 1823 935 1844 et
959 1826 1010 1852 pu-

222 1869 289 1895 gnas
301 1860 428 1888 Judaicas
453 1862 539 1888 devita
551 1862 584 1887 ".
597 1860 632 1887 Ut
647 1867 736 1889 autem
753 1862 779 1889 in
798 1871 905 1890 summa
920 1863 953 1890 de
977 1865 1010 1892 iis

224 1914 286 1940 qua:
307 1907 472 1941 proposuisti
499 1908 732 1941 respondeamus.
755 1911 842 1934 totum
863 1916 1010 1944 argumen-

224 1957 282 1979 tum
295 1954 453 1988 prophetice
468 1954 501 1980 de
517 1954 634 1980 adventu
656 1958 697 1980 est
714 1953 820 1981 Domini
844 1956 928 1983 nostri
945 1955 1010 1983 Jcsu

223 1998 326 2026 Christi
347 2008 353 2025 :
373 1999 400 2026 in
429 2007 483 2034 quo
508 2004 534 2027 ct
559 1999 676 2035 populus
697 2000 745 2035 qui
773 2002 904 2035 expulsus
931 2006 1009 2034 erat,

223 2046 370 2072 restitutus
393 2050 446 2077 est,
462 2053 476 2071 a
493 2051 610 2079 quatuor
632 2045 693 2073 aliis
718 2054 764 2074 seu
782 2048 905 2081 partibus
921 2053 1010 2081 term,

223 2095 250 2117 et
269 2091 342 2126 quod
357 2091 384 2117 in
399 2092 520 2118 manibus
536 2092 661 2126 descripti
677 2098 738 2119 sunt
760 2094 830 2119 muri
843 2093 866 2109 “
880 2102 955 2121 nova:
969 2093 1013 2122 Je—

223 2136 354 2167 rusalem.
372 2137 461 2164 crucis
476 2137 632 2172 passionem
656 2137 802 2172 signiticet.
820 2138 910 2166 Clavis
926 2139 1012 2174 siqui-

223 2182 286 2209 dem
302 2190 400 2210 manus
417 2188 527 2210 sanctas
544 2184 680 2216 conﬁxus,
696 2184 823 2211 homines
839 2185 954 2212 retrahit
976 2185 1011 2222 ab

225 2228 372 2256 immodica
391 2229 496 2264 peccati
523 2230 681 2262 atl‘ectione,
707 2235 734 2257 et
759 2231 900 2265 speciosos
926 2231 1013 2258 reddit

225 2275 372 2310 archetypa
398 2276 602 2310 pulchritudine
625 2277 817 2305 deiticatiOnis.
843 2276 950 2309 Quare,
980 2277 1014 2304 ad

1097 1681 1191 1708 Ταῦτα
1207 1679 1321 1714 μελέτα,
1337 1675 1359 1706 ὦ
1373 1679 1434 1711 τᾶν,
1452 1679 1480 1704 ὲν
1491 1678 1598 1709 τούτοις
1619 1677 1674 1704 ῐσθι
1685 1685 1692 1692 ·
1709 1677 1753 1704 ἵνα
1771 1685 1819 1703 σου
1837 1678 1855 1712 ἡ

1059 1727 1186 1763 προκοπὴ
1197 1725 1302 1760 φανερὰ
1351 1727 1379 1751 ἐν
1392 1725 1470 1751 πᾶσι.
1489 1723 1708 1759 Παρακελεὺεταί
1722 1731 1762 1749 σοι
1779 1723 1856 1749 Παῦ-

1059 1774 1103 1805 λος
1127 1774 1141 1799 ό
1169 1773 1256 1807 μέγας
1276 1771 1327 1806 τῆς
1359 1770 1487 1806 ἀληθείας
1507 1769 1611 1805 κήρυξ’
1628 1768 1687 1801 Τὰς
1701 1768 1735 1795 δὲ
1750 1770 1856 1803 μωρὰς

1061 1818 1199 1852 ζητήσεις
1213 1817 1261 1843 καὶ
1279 1816 1482 1851 γενεαλογίας,
1505 1815 1555 1841 καὶ
1580 1815 1667 1848 ἕρεις,
1686 1813 1735 1840 καὶ
1751 1813 1857 1848 μάχας

1066 1863 1231 1896 Ἰουὸαϊιιὰς
1245 1861 1518 1896 παραιτήσαιο.”1να
1533 1861 1562 1887 δὲ
1579 1862 1607 1886 ὲν
1622 1859 1764 1894 κεφαλαίῳ
1784 1860 1857 1894 περὶ

1061 1909 1098 1938 ὦν
1126 1910 1286 1946 προέτεινας
1311 1907 1516 1943 ἁποκριθῶμεν,
1538 1907 1598 1933 ὅλον
1621 1906 1652 1932 τὸ
1678 1906 1776 1940 λῆμμα
1801 1906 1857 1940 τῆς

1062 1956 1230 1992 προφητείας
1248 1955 1311 1990 περὶ
1333 1954 1382 1988 τῆς
1409 1952 1561 1988 παρουσίας
1575 1951 1623 1978 τοῦ
1648 1952 1751 1987 Κυρίου
1772 1951 1856 1986 ἡμῶν

1067 2002 1156 2038 Ἰησοῦ
1181 2000 1300 2038 Χριστοῦ
1315 2002 1403 2027 ἐστιν·
1421 2001 1451 2026 ἐν
1464 1996 1485 2033 ᾧ
1498 1999 1544 2026 καὶ
1557 1999 1572 2025 ὁ
1583 1998 1646 2030 λαὸς
1658 1999 1672 2024 ὁ
1687 1998 1857 2032 ἀπωσμένος

1062 2048 1252 2075 ἀνασέσωσται
1278 2049 1311 2074 ὲκ
1327 2047 1381 2074 τῶν
1395 2047 1537 2081 τεσσάρων
1559 2045 1711 2081 πτερύγων,
1730 2044 1785 2070 εἴτε
1805 2043 1857 2070 οὖν

1063 2095 1191 2130 περάτων
1213 2093 1263 2128 τῆς
1277 2092 1340 2126 γῆς.
1355 2092 1391 2118 Τό
1407 2100 1437 2118 τε
1458 2091 1508 2118 ἐπὶ
1523 2089 1584 2117 τῶν
1604 2089 1711 2124 χειρῶν
1729 2088 1856 2123 ἐζωγρα-

1063 2140 1176 2175 φῆσθαι
1190 2138 1227 2166 τὰ
1241 2138 1324 2173 τείχη
1339 2137 1389 2172 τῆς
1406 2137 1469 2168 νέας
1488 2137 1676 2172 Ἰερουσαλὴμ,
1692 2136 1722 2161 τὸ
1739 2143 1855 2169 σταυρι-

1064 2185 1112 2211 κὸν
1128 2185 1214 2213 milia:
1230 2184 1315 2219 δηλοῖ.
1327 2182 1458 2218 Ἐπείπερ
1474 2183 1549 2217 ἥλοις
1565 2181 1779 2218 ὲμπεπαρμένος
1792 2182 1855 2212 ταῖς

1064 2230 1156 2264 ἁγίαις
1173 2230 1277 2265 χερσὶν,
1292 2229 1391 2262 ἁφηλοϊ
1415 2229 1446 2254 τὸ
1459 2227 1628 2263 ἀνθρώπινον
1642 2227 1692 2262 τῆς
1711 2227 1855 2262 ὲμπαθοῦς

1065 2277 1126 2304 καθ’
1140 2276 1277 2311 ἁμαρτίαν
1291 2275 1384 2308 ἕξεως,
1399 2275 1446 2301 καὶ
1460 2274 1557 2308 ὡραιοῖ
1571 2273 1610 2308 τῷ
1622 2273 1769 2308 ἀρχετύπῳ
1786 2273 1856 2299 κάλ-

225 2323 379 2357 exctnplum
395 2323 606 2350 resurrectionis
622 2327 683 2358 post
699 2327 755 2351 tres
770 2323 828 2350 dies
842 2328 990 2358 noctesque
1003 2344 1008 2356 ,

1065 2323 1104 2349 λει
1118 2323 1167 2357 τῆς
1180 2321 1315 2352 οεὼσεως.
1337 2320 1394 2354 Ἐφ’
1410 2316 1450 2351 οἷς
1468 2319 1564 2354 μικρὸν
1579 2319 1622 2345 διὰ
1639 2319 1687 2353 τῆς
1703 2327 1857 2353 τριημεροι-

225 2367 294 2394 Leva
320 2369 410 2394 oculos
436 2373 493 2395 tuos
516 2369 543 2394 in
566 2369 690 2401 circuitu,
710 2373 735 2396 et
752 2368 822 2403 ﬁlios
845 2375 903 2396 tuos
925 2376 1013 2397 omnes

226 2414 303 2440 vide:
319 2422 375 2440 ecce
399 2415 552 2449 congregati
575 2419 636 2441 sunt
660 2420 684 2441 et
701 2420 826 2443 venerunt
845 2417 880 2443 ad
897 2421 929 2443 te.
955 2417 1014 2443 Vivo

226 2468 284 2495 ego,
302 2459 367 2487 dicit
381 2459 510 2488 Dominus
523 2461 557 2487 ³⁷.
572 2461 639 2494 Qua:
658 2466 754 2497 postea
769 2467 929 2497 sequuntur,
951 2469 1015 2490 cen-

226 2514 296 2533 nexa
317 2507 484 2542 prophetico,
509 2508 570 2535 laeta
585 2511 650 2535 sunt
671 2513 698 2536 et
714 2508 820 2540 festiva,
835 2512 863 2536 et
879 2508 957 2543 plena
968 2508 1014 2543 ju-

226 2553 394 2587 cunditatis;
413 2558 441 2581 et
454 2554 500 2588 qui
521 2558 600 2589 grato
620 2559 662 2582 est
684 2554 786 2588 animo,
809 2554 953 2590 intelliget,
976 2554 1014 2582 si-

227 2599 342 2634 mulque
372 2600 534 2628 acclamahit
561 2601 738 2635 congruentia
763 2609 771 2629 :
794 2601 918 2635 ingratus
950 2608 1014 2628 vero

227 2646 338 2675 Iudaeus
356 2654 442 2682 pravo
459 2647 513 2674 erit
535 2648 626 2680 corde,
642 2655 674 2675 ac
698 2655 787 2682 neque
810 2646 906 2681 Vetus,
924 2654 1012 2682 neque

227 2693 332 2720 Novum
356 2692 562 2722 Testamentum
585 2694 678 2721 audiet
698 2694 732 2722 ad
758 2694 885 2722 salutem.
908 2694 930 2720 Α
957 2702 1012 2728 quo

229 2738 384 2766 liberemur
395 2743 554 2767 sanctorum
578 2739 716 2774 precibus,
738 2738 908 2767 sanctiﬁcate
919 2737 1010 2771 Pater.

264 2830 286 2845 ²⁰
296 2829 390 2857 Matth.
411 2838 454 2862 xv,
474 2830 515 2857 ιι.
556 2830 577 2846 ’ί
592 2830 643 2858 lsa.
662 2837 756 2859 xum.
772 2829 816 2856 2'2.

232 2873 274 2896 in.
287 2866 313 2892 9.
354 2867 376 2882 ¹⁶
389 2866 439 2893 lsa.
458 2873 530 2897 xctx,
548 2865 588 2892 Hi.
628 2866 649 2881 ³⁷
664 2866 712 2892 lsa.
731 2873 775 2897 ω,
793 2865 817 2891 4.

865 2831 887 2845 ¹²
900 2829 970 2858 Psal.
987 2836 1054 2862 Lvn,
1071 2829 1097 2855 ’1.

1064 2369 1163 2396 νύκτου
1179 2368 1366 2400 ἀναστάσεως,
1376 2365 1465 2400 Ἆρον
1479 2366 1582 2399 κύκλῳ
1594 2365 1664 2398 τοὺς
1679 2366 1857 2399 ὀφθαιμούς

1062 2423 1135 2448 σου,
1153 2414 1202 2442 καὶ
1219 2414 1264 2441 ιδε
1280 2415 1395 2446 πάντας
1415 2413 1485 2446 τοὺς
1506 2413 1592 2446 υἱούς
1606 2420 1664 2439 σου
1675 2421 1682 2428 ·
1696 2412 1762 2439 ὶδοὺ
1776 2420 1855 2439 συν-

1061 2462 1201 2496 ήχθησαν
1213 2461 1262 2487 καὶ
1277 2459 1374 2496 ἦλθον
1389 2459 1463 2494 πρὸς
1487 2459 1536 2486 σὲ.
1555 2459 1601 2485 Ζῶ
1618 2458 1687 2493 ἐγὼ,
1698 2458 1780 2493 λέγει
1795 2459 1857 2484 Κύ-

1058 2507 1282 2542 ριος-,Ἐπόμενα
1297 2506 1401 2537 τούτοις
1415 2505 1450 2532 τὰ
1464 2505 1625 2541 συνημμένα
1639 2506 1672 2540 τῇ
1687 2505 1855 2540 προφητείᾳ,

1065 2553 1224 2589 χαρίσματα
1235 2561 1265 2578 τε
1283 2552 1330 2579 καὶ
1342 2552 1504 2588 ἐορτάσιμα,
1524 2551 1572 2578 καὶ
1591 2551 1681 2586 πλήρη
1699 2550 1835 2584 Θυμηδίας
1846 2558 1854 2565 ·

1064 2598 1112 2625 καὶΙ
1127 2599 1141 2624 δ
1154 2598 1203 2633 μὲν
1217 2596 1378 2632 εὐγνώμων,
1391 2597 1493 2622 εἴσεται
1508 2596 1554 2622 καὶ
1566 2595 1809 2630 συνεπιφθέγξεται
1820 2594 1856 2620 τὰ

1063 2644 1172 2672 εἰκότα·
1194 2645 1209 2671 ὸ
1228 2643 1257 2670 δὲ
1269 2644 1405 2679 ἀγνώμων
1427 2643 1551 2675 Ἰουδαῖος
1572 2640 1852 2678 στρεϐλοκαρδιάσει,

1064 2691 1112 2718 καὶ
1125 2690 1190 2717 οὕτε
1208 2691 1340 2722 Παλαιᾶς,
1357 2689 1419 2716 οὔτε
1433 2689 1507 2722 Νέας
1521 2689 1658 2725 Διαθήκης
1669 2687 1854 2715 ἐπακούσεται

1065 2736 1159 2771 ὑγιῶς.
1174 2733 1212 2764 Ob
1228 2735 1392 2772 ῥυσοείημεν
1407 2736 1499 2771 εὐχαῖς
1518 2734 1614 2770 ἁγίων,
1631 2734 1783 2770 ἡγιασμὲνε
1796 2733 1855 2760 Πά-

1757 2827 1780 2842 ²⁸
1795 2825 1849 2853 Tit.

1152 2828 1174 2844 "
1188 2827 1294 2855 Coloss.
1311 2834 1352 2860 tn,
1373 2828 1397 2854 t.
1455 2826 1475 2843 “
1487 2825 1508 2851 ﬂ
1525 2826 1621 2855 Thess.
1640 2835 1658 2859 ι,
1674 2826 1698 2853 8.
