1927 3089
86 125 152 157 1569

666 129 936 162 EPISTOLARUM
967 131 1038 160 LIB.
1068 132 1109 161 ΙΙ.

1641 133 1710 166 1570

82 191 138 217 τερ,
151 183 201 209 καὶ
219 183 373 219 σωθείημεν
386 185 416 210 ἐν
427 185 460 220 τῇ
478 184 602 222 βασιλείᾳ
616 186 671 213 τῶν
685 185 818 222 οὐρανῶν,
838 185 868 212 ὲν

930 190 946 213 :t
957 187 1095 214 salvemur
1109 188 1136 215 in
1152 197 1235 225 regno
1249 188 1394 222 emlorum,
1408 189 1436 216 in
1449 188 1561 217 Christo
1575 187 1640 217 Jesu
1654 189 1709 216 Do-

83 228 192 264 Χριστῷ
214 229 301 264 Ἰησοῦ
318 230 357 266 τῷ
375 231 469 266 Κυρίῳ
484 232 572 267 ἡμῶν,
591 232 688 267 ’Δμήν.

134 289 210 315 ΡΠΕ¹
226 289 294 325 (79).
307 305 342 310 -
355 291 511 326 Εὑδοκίμῳ
527 294 691 329 σπαθαρίῳ.
720 292 812 330 [ψνε’.]

923 232 998 260 mino
1011 239 1116 262 nostro.
1133 236 1232 263 Amen.

1042 294 1197 322 CLXXXV.
1214 311 1246 316 --
1262 295 1406 322 Eudocimo
1427 296 1575 329 spathariu.
1597 307 1606 311 -

666 351 814 376 Consolatnr
824 350 857 375 de
867 347 980 374 cacilate
997 351 1135 375 oculorum.

120 399 175 425 Καὶ
200 400 248 434 ἀφ’
266 400 371 427 ἑαυτῶν
387 401 626 438 ὲπαισθανόμεθα,
650 404 712 432 ὅσον
735 405 765 432 τὸ
792 405 874 439 ἄλγος

83 446 130 471 καὶ
145 445 175 472 τὸ
191 446 276 478 πάθος
291 447 322 473 τὸ
336 448 476 482 συμπεσὸν
491 450 524 484 τῇ
538 451 676 485 τιμιότητί
697 459 756 477 σου.
769 451 826 477 Νῦν
845 451 874 477 δὲ

83 492 179 528 ἐπειδὴ
199 493 358 529 ἠκούσαμέν
372 503 419 521 σου
435 496 481 522 καὶ
497 497 552 523 τῶν
571 497 797 524 πολυστενάκτων
816 507 874 531 φω-

85 538 152 571 νῶν,
168 539 359 574 ὑποδηλουσῶν
375 541 479 568 ἕκαστα
493 543 548 568 τῶν
565 543 777 578 συμϐεϐηκότων
797 544 874 570 ἀνια-

84 584 151 619 ρῶν,
170 585 251 612 πλέον
261 585 481 622 ἑπῃσθάνθημεν,
499 589 546 614 καὶ
559 589 782 625 συνηλγήσαμεν,
803 589 876 617 κατὰ

83 629 115 655 τὸ
139 629 223 661 είκός.
248 629 318 656 ’Δλλ’
336 631 410 664 ὅμως
422 632 495 663 ὅπως
516 632 549 658 ἂν
569 633 724 667 μεθοδεύοις
748 633 783 660 τὰ
804 634 876 670 πρά.-

82 682 181 708 γματα
195 674 265 701 κατὰ
280 675 388 702 δικαίαν
403 676 507 703 ἔκτισιν
526 677 594 704 Θεοῦ
610 679 808 712 ἀπαντήσαντά
823 686 874 711 σοι,

83 718 113 747 εὖ
131 720 260 755 πράττων
273 721 323 748 κὰν
337 721 436 756 τούτῳ,
467 723 504 754 ὡς
526 723 627 755 κακίας
644 724 744 758 μᾶλλον
763 725 810 751 καὶ
827 724 876 750 οὐκ

82 767 188 802 αρετῆς
203 766 321 801 βάσανον
344 767 394 800 τὰς
409 769 544 803 ἐπιφορὰς
560 769 714 806 ἐνεχθῆναι.
738 771 834 806 Ἡμεῖς
852 771 875 797 δ’

82 812 132 840 οὖν
147 814 178 839 οὐ
200 813 362 848 παυσόμεθα
377 814 424 841 καὶ
444 814 485 841 ἐτι
498 815 565 849 πρὸς
579 816 609 842 τὸ
629 815 747 852 εὔσημον
765 817 811 844 καὶ
829 817 873 842 εὑ-

82 859 252 893 διάγνωστον
266 859 467 896 ἀνθυποφέρειν
482 860 528 887 τὸν
543 861 632 896 λόγον.
648 862 810 898 Ἐστέρησαι
821 871 876 888 τοι-

83 905 189 940 γαροῦν
205 905 304 940 ὂψεως.
317 906 372 933 Καὶ
386 906 508 940 ἀλγεινὸν
520 907 596 942 (πῶς
607 907 660 943 γὰρ
676 907 707 935 οὗ
717 917 724 940 ς
733 907 756 943 ),
766 908 812 934 τδν
831 908 877 935 λύ-

84 961 150 987 χνον
162 954 210 979 τοῦ
223 952 349 988 σώματος
366 953 580 981 ἀπολωλεκέναι.
600 954 682 981 Ἀλλὰ
696 955 779 982 πάλιν
793 955 876 990 εὐχα-

86 998 239 1032 ριστήριον,
258 997 299 1024 ὅτι
318 998 509 1034 ἀὸλεπτοῦμεν
524 999 559 1026 τὰ
572 999 619 1026 τοῦ
635 1000 736 1034 κόσμου
753 1000 874 1035 μάταια*

85 1044 116 1076 ἐξ
146 1042 233 1080 οὗπερ
257 1044 443 1080 ὑποφέρεσθαι
467 1046 572 1080 πέφυκε
595 1046 650 1077 πᾶς
670 1046 732 1078 νοῦς
755 1047 805 1073 οὐκ
828 1047 876 1073 εὑ-

83 1091 201 1121 χταέως.
221 1090 342 1125 Ετρχθης
363 1091 484 1125 προόδων
501 1091 550 1118 καὶ
574 1092 689 1119 συνόδων
705 1092 827 1119 ἀστικῶν
845 1101 876 1119 τε

84 1136 135 1163 καὶ
150 1136 357 1171 ἀνακτορικῶν·
381 1136 440 1162 ἀλλ’
457 1135 504 1163 οὖν
519 1145 551 1170 γε
573 1137 741 1172 λελύτρωσαι
760 1137 876 1173 Ἐκκλη-

84 1183 150 1213 σίας
171 1183 410 1218 πονηρευομένων,
434 1184 481 1210 καὶ
503 1185 726 1219 συναναστροφῆς
753 1193 875 1220 παρανο-

86 1229 223 1264 μούντων.
246 1227 326 1261 οἶδας
346 1230 361 1256 ὃ
384 1230 473 1264 λέγω,
498 1230 634 1265 ὲψιλώθης
648 1231 683 1257 τὰ
699 1231 875 1266 ὑπάρχοντα;

86 1276 136 1302 καὶ
153 1275 235 1302 τοῦτο
253 1276 475 1311 δυσφορὼτατονο
491 1277 548 1303 ἀλλ’
566 1276 637 1311 ἔχεις
653 1277 683 1304 τὸ
697 1277 807 1312 κούφως
826 1277 876 1311 φέ-

86 1322 195 1357 ρεσθαι,
208 1322 257 1348 καὶ
273 1322 435 1357 ὗπερπλέειν
454 1323 508 1349 τῶν
529 1323 663 1358 βιωτικῶν
689 1324 877 1357 περιστάσεων

85 1367 134 1393 καὶ
158 1367 403 1402 συναλλαγμάτων.
423 1367 477 1394 Ποῦ
493 1369 552 1394 ποτ’
568 1368 602 1395 ἂν
626 1365 716 1404 εὗρες,
733 1366 756 1395 ὦ
771 1368 877 1402 θαυμά-

86 1422 140 1445 σιε,
157 1414 242 1440 τόπον
255 1414 387 1447 τοιοῦτον,
403 1412 459 1441 οἷον
474 1415 531 1447 νῦν,
542 1416 570 1441 ὲν
584 1412 606 1448 ᾦ
619 1415 677 1442 ἐστι
694 1424 723 1441 σε
736 1415 877 1450 σχολάζειν

959 405 991 431 Et
1014 413 1063 439 per
1084 414 1134 433 nos
1158 406 1232 440 ipsos
1255 405 1451 438 sentiebamus,
1483 411 1600 440 quantus
1621 406 1710 434 dolor'

923 456 1080 485 quantaque
1091 452 1126 478 sit
1140 451 1283 479 calamitas
1299 460 1359 486 qua:
1377 451 1476 478 accidit
1497 453 1711 480 honoriﬁcentia:

923 498 987 521 tuae.
1007 494 1084 522 Nunc
1107 504 1182 527 vero,
1206 503 1351 531 postquam
1374 501 1400 524 te
1423 497 1590 528 audivimus.
1620 503 1648 524 et
1669 498 1712 525 lu-

923 545 1035 568 ctuosas
1053 549 1146 573 voces.
1171 551 1233 577 qum
1255 543 1393 570 molestias
1409 551 1477 577 quas
1501 551 1598 577 passus
1618 551 1657 576 es,
1676 544 1713 571 si-

924 586 1039 621 gillatim
1060 589 1239 620 enat'rabaut,
1260 589 1377 622 amplius
1402 589 1550 621 sensimus,
1572 593 1598 615 et
1613 589 1714 616 condo-

924 631 1026 660 luimus
1054 637 1083 659 ut
1110 641 1158 667 par
1183 638 1252 660 erat.
1278 633 1412 660 Craterum
1437 641 1546 668 quoque
1571 634 1651 661 modo
1678 634 1714 661 aii

921 676 1025 712 justam
1043 677 1090 705 Dei
1109 679 1254 706 vindictam
1271 679 1330 706 inec
1353 679 1457 707 referas
1474 688 1534 715 quae
1547 679 1594 706 tibi
1615 687 1714 707 evene—

924 726 1000 754 runt,
1018 728 1090 750 recte
1104 724 1130 750 in
1147 724 1198 751 hoc
1213 725 1293 752 etiam
1309 733 1403 760 agens.
1420 726 1499 760 quasi
1512 733 1641 752 aerumna:
1655 725 1716 752 ista:

927 766 960 793 ad
978 767 1144 800 puniendam
1168 769 1299 796 malitiam
1322 770 1414 804 potius
1430 777 1513 804 quam
1540 770 1573 797 ad
1596 770 1715 805 probau-

926 811 988 839 dam
1003 813 1130 840 virtutem
1147 813 1251 841 i'uerinl
1273 815 1390 842 inducta:
1407 825 1413 843 ε
1430 824 1483 843 non
1502 816 1624 843 differam
1642 817 1713 843 ultra

926 858 1037 886 disertis
1068 864 1095 886 et
1123 861 1273 895 perspicuis
1305 862 1396 889 verbis
1427 870 1483 889 rem
1515 863 1615 897 elaqui.
1647 861 1714 890 Visu

927 904 1022 939 itaque
1034 905 1147 932 orbatus
1163 913 1204 933 es.
1219 905 1308 933 Grave
1325 914 1438 941 prorsus
1454 916 1461 934 :
1479 908 1526 942 qui
1542 909 1616 935 enim
1635 917 1715 944 grave

927 958 984 977 non
1001 950 1038 978 sit
1053 951 1192 978 lucernam
1211 952 1335 986 corporis
1353 953 1502 980 amisisse?
1519 953 1553 981 At
1570 959 1612 981 est.
1630 955 1715 982 vicis-

927 996 979 1024 sim
1006 996 1078 1023 unde
1105 997 1199 1031 gratia:
1224 1003 1352 1032 agantur.
1374 1000 1440 1033 quia
1461 1000 1557 1027 mundi
1582 1001 1715 1028 vanitates

927 1051 983 1070 non
998 1044 1149 1076 cernimus,
1164 1052 1196 1072 ex
1209 1053 1265 1080 quo
1280 1045 1343 1072 ferri
1359 1046 1485 1081 trahique
1502 1046 1624 1073 omnium
1639 1054 1715 1074 men-

927 1093 968 1117 tes
982 1090 1072 1117 solent
1088 1091 1167 1117 aliter
1181 1099 1264 1126 quam
1289 1091 1440 1126 optandum
1454 1092 1500 1119 sit.
1523 1091 1660 1119 Inhiberis
1680 1092 1716 1120 ab

927 1134 1081 1169 egressibus
1096 1136 1344 1170 congressibusque
1359 1142 1416 1163 tum
1431 1136 1542 1164 urbanis
1562 1141 1618 1164 tum
1638 1137 1714 1171 pala-

929 1179 994 1206 tinis
1012 1189 1018 1206 :
1036 1180 1083 1207 sed
1110 1181 1162 1208 hoc
1186 1182 1268 1209 modo
1292 1182 1360 1209 liber
1377 1182 1464 1210 factus
1490 1191 1519 1210 es
1541 1191 1555 1210 a
1580 1189 1716 1211 conventu

927 1226 1149 1261 malignantium,
1165 1231 1192 1253 et
1207 1229 1338 1255 societate
1354 1229 1447 1263 iniqua
1466 1231 1614 1264 agentium.
1635 1231 1716 1257 Intel-

928 1270 990 1305 ligis
1005 1271 1071 1306 quid
1091 1272 1193 1305 dicam,
1211 1273 1342 1307 spoliatus
1365 1282 1394 1302 es
1412 1274 1601 1306 facultatibus,
1622 1280 1650 1302 et
1665 1276 1716 1303 hoc

928 1316 1000 1344 ferre
1022 1317 1214 1345 diilicillimum
1234 1320 1302 1346 :sed
1326 1320 1410 1347 habes
1434 1329 1491 1355 quo
1513 1321 1610 1348 leviter
1630 1321 1714 1354 feras,

928 1369 954 1390 et
971 1364 1062 1391 saeculi
1086 1365 1339 1399 opportunitatibus
1355 1367 1586 1402 commerciisque
1605 1367 1644 1394 sis
1669 1375 1717 1394 su—

928 1410 1032 1444 perior.
1056 1409 1173 1437 Ubinam
1201 1418 1334 1445 unquam,
1363 1413 1403 1438 vir
1428 1412 1598 1445 admit-anile.
1626 1415 1716 1441 locttm

83 1459 158 1495 θεῷ,
187 1461 235 1487 καὶ
255 1461 358 1494 γνῶναι
382 1461 464 1487 αὑτὸν
481 1461 543 1487 καθ’
557 1461 619 1488 ὅσον
634 1459 690 1487 οἷόν
704 1469 752 1494 τες
777 1461 831 1488 Ποῦ
850 1461 877 1488 δὲ

932 1456 1011 1482 talem
1033 1461 1131 1483 nactus
1153 1464 1195 1487 es,
1217 1457 1325 1492 qualem
1342 1466 1426 1490 nunc,
1443 1458 1470 1485 in
1486 1466 1540 1493 quo
1555 1459 1602 1486 tibi
1620 1466 1717 1485 vacare

84 1506 186 1540 καιρὸν
202 1505 323 1532 τοιοῦτον
340 1507 506 1541 προσευχῆς,
517 1508 682 1541 στεναγμοῦ,
695 1507 880 1540 κατανύξεως,

84 1552 264 1583 ἑκπετάσεως
284 1551 393 1588 χειρῶν,
411 1553 473 1579 ὅσον
488 1553 630 1588 πρόκειται
653 1553 718 1588 ὑμῖν
732 1553 882 1580 ἀπολαύειν

81 1599 120 1624 ἐκ
134 1597 187 1632 τῆς
200 1597 396 1632 ὲπενεχθείσης
409 1597 557 1633 ὲπηρείας;
571 1599 627 1633 Οὐχ
641 1599 708 1634 ὁρᾷς
720 1599 761 1625 ὃτι
776 1599 816 1630 εἰς
832 1607 882 1625 κα-

84 1643 133 1669 λόν
153 1651 196 1670 σοι
209 1643 352 1678 ἀπήντηκε
364 1643 399 1670 τὰ
417 1644 581 1679 πράγματα,
599 1645 815 1680 περιτραπείσης
833 1645 882 1679 τῆς

85 1689 191 1720 κακίας
215 1688 270 1715 τῶν
295 1689 447 1725 ἀνθρώπων
473 1689 514 1720 είς
540 1689 678 1724 σωτηρίαν
698 1698 762 1723 σου;
787 1690 816 1716 ἒν
835 1691 882 1717 ἐπὶ

89 1735 203 1762 πάντων
218 1734 414 1768 διαγνωστέον·
439 1735 481 1762 ὅτι
499 1735 570 1761 κατὰ
593 1735 642 1770 τὴν
660 1736 796 1770 προτέραν
815 1736 882 1762 ἀνα-

88 1780 214 1816 στροφὴν
229 1780 433 1816 δυστέκμαρτον
444 1778 479 1816 ἦν
496 1781 673 1808 ἐπιλαϐέσθαι
691 1781 737 1808 τοῦ
747 1781 880 1816 σωτηρίου

87 1829 282 1861 συντάγματος
294 1847 301 1858 ,
319 1827 425 1854 πολλῶν
447 1827 541 1860 ὅντων,
565 1828 604 1858 ὡς
621 1825 709 1860 οἶσθα,
733 1828 788 1854 τῶν
807 1828 882 1853 ἀντι-

86 1875 270 1910 πραττόντων
283 1874 322 1909 τῷ
335 1874 443 1900 εὐσεϐεῖ
458 1874 563 1909 σκοπῷ.
573 1874 630 1900 Νῦν
642 1874 669 1901 δὲ
681 1875 806 1909 ἧνοικται
817 1874 881 1908 ὑμῖν

85 1919 150 1953 οὐχὶ
171 1918 239 1953 μόνη
254 1918 303 1952 τῆς
325 1918 471 1953 μετανοίας
487 1919 503 1953 ἡ
517 1919 587 1953 θύρα
597 1927 604 1934 ⁸
621 1919 689 1946 ἀλλὰ
705 1920 752 1945 καὶ
766 1920 815 1953 τῆς
836 1921 882 1946 οὺ-

85 1965 187 2000 ρανίου
205 1964 345 1999 βασιλείας
358 1967 374 2000 ἠ
394 1966 494 1997 εἴσοδος
504 1974 511 1981 ·
530 1966 576 1992 καὶ
592 1967 645 1998 πᾶς
656 1974 697 1997 τις
713 1966 767 1992 τῶν
779 1967 879 2000 εὐφρο-

85 2009 211 2036 νούντων
228 2011 257 2036 ὲν
270 2009 310 2044 τῷ
327 2010 406 2045 μέρει
419 2010 472 2037 τῶν
486 2010 648 2045 σωζομένων
673 2019 703 2037 σε
720 2011 879 2043 τετάξεται·

85 2057 138 2082 καὶ
167 2055 232 2090 περὶ
251 2053 281 2082 οὗ
304 2057 357 2087 πᾶς
379 2056 522 2088 σπουδαῖος
543 2057 704 2090 ἐπείγεται·
722 2057 769 2083 καὶ
783 2053 813 2084 οὗ
833 2056 879 2083 τοῦ

83 2103 184 2137 τυχεῖν
210 2101 286 2128 οὐδὲν
313 2104 367 2128 τῶν
391 2103 517 2129 ἁπάντων
539 2102 746 2138 ἀνταξιώτερον.
765 2103 826 2129 Εἴθε
845 2101 880 2138 ἦν

85 2136 151 2180 πως
168 2147 348 2183 ἀντάλλαγμα
372 2148 556 2182 γενέσθαιςείς
573 2149 602 2175 τὸ
618 2136 786 2185 ἀμείψασθαι
798 2136 880 2185 άλλη·
896 2136 918 2163 1)

84 2195 148 2226 λοις
163 2194 213 2225 τὰς
225 2194 376 2229 αἰσθήσεις.
392 2195 447 2221 Καὶ
473 2195 572 2222 πολλοῦ
590 2196 623 2222 ἂν
641 2195 724 2230 εὐχῆς
742 2205 787 2230 μοι
802 2195 882 2231 ἔργον

82 2239 122 2276 ἦν
137 2242 175 2276 τῇ
192 2241 338 2275 ἀφαιρέσει
354 2242 403 2276 τῆς
415 2241 503 2273 ὂψεως
515 2242 749 2278 συναφαιρεθῆναι
767 2243 813 2270 καὶ
827 2243 882 2270 τῶν

82 2288 146 2322 πρὸ
157 2287 209 2322 τῆς
223 2288 311 2322 ὅψεως
325 2288 444 2323 κέντρων
458 2290 506 2324 τῆς
526 2290 674 2324 ἁμαρτίας.
697 2290 777 2316 Ἀλλὰ
795 2290 884 2317 ταῦτα

85 2334 144 2369 μὲν
160 2334 234 2360 κατὰ
250 2333 342 2368 φιλίας
359 2335 468 2369 τρόπον.
484 2335 517 2361 Σὲ
529 2336 557 2362 δὲ
574 2337 588 2362 ὁ
601 2336 703 2370 ἀγαθὸς
716 2337 782 2368 Θεὸς
802 2337 882 2372 ἡμῶν

83 2379 299 2414 παρακαλέσειε
326 2381 499 2415 παρακλήσει
526 2381 610 2417 πολλῇ
625 2382 709 2408 οἴσειν
727 2383 816 2409 πάντα
837 2383 883 2410 εὐ-

81 2424 252 2460 χαρίστως,
277 2424 349 2451 κατὰ
373 2425 488 2460 μίμησιν
512 2426 558 2452 τοῦ
580 2427 715 2462 μακαρίου
737 2428 816 2454 Ίώῦ⁸
835 2428 883 2454 καὶ

81 2468 221 2501 ἀξιώσειε
238 2470 285 2495 καὶ
297 2471 337 2500 εἰς
359 2470 408 2504 τὴν
423 2471 483 2496 κατ¹
500 2471 657 2506 ὀφθαλμοὺς
670 2473 779 2507 ὁμιλίαν
796 2473 882 2500 ἐλθεῖν

83 2515 169 2550 ἡμᾶς
194 2523 260 2540 ποτε
272 2523 278 2530 ·
296 2515 340 2541 ἴνα
360 2515 412 2542 ὃσα
426 2515 474 2543 νῦν
489 2516 630 2552 διαφεύγει
654 2519 710 2550 τοῖς
725 2519 882 2554 γράμμασι,

83 2561 171 2596 ζώσῃ
187 2562 264 2596 φωνῇ
281 2561 530 2598 ἀναπληρώσωμεν
540 2572 547 2578 ·
561 2564 608 2590 καὶ
620 2563 718 2599 μᾶλλον
732 2565 883 2600 τηνικαῦτα

81 2607 279 2642 γνωρίσωμεν
298 2607 442 2643 ἀλλήλους,
454 2610 487 2636 ἐκ
512 2611 613 2646 μικρᾶς
634 2611 766 2647 πρότερον
786 2607 885 2647 πείρές

80 2654 317 2688 ἀπογευσάμενοι
332 2663 378 2682 σου
394 2655 444 2690 τῆς
459 2656 590 2690 γλυκείας
602 2657 723 2693 ἀγάπης.

933 1501 987 1528 Deo
1004 1501 1077 1533 licet.
1092 1502 1236 1536 ipsumque
1254 1511 1345 1535 nosse,
1363 1503 1453 1538 quoad
1471 1503 1527 1531 ﬁeri
1541 1505 1649 1538 potest?
1665 1503 1717 1532 Ubi

933 1551 989 1574 tam
1006 1548 1182 1575 commodum
1203 1552 1309 1583 tempus
1331 1550 1476 1582 orationis,
1493 1551 1622 1585 gemitus,
1644 1559 1718 1579 com-

933 1592 1102 1626 punctionis.
1122 1594 1299 1628 expansiouis
1322 1602 1466 1629 manuum,
1487 1603 1569 1630 quam
1587 1604 1643 1631 quo
1665 1597 1717 1624 frui

933 1639 1009 1665 vobis
1026 1639 1052 1666 in
1070 1644 1193 1674 promptu
1205 1644 1246 1668 est
1263 1648 1295 1667 ex
1313 1641 1413 1668 inﬂicta
1429 1642 1605 1669 calamitate?
1617 1644 1718 1670 Annon

932 1684 1009 1712 vides
1028 1685 1100 1712 bono
1122 1690 1168 1712 tuo
1188 1693 1234 1713 res
1257 1687 1386 1720 cessisse,
1403 1695 1538 1716 conversa
1557 1688 1584 1715 in
1602 1689 1718 1716 salutem

933 1735 1006 1757 tuam
1024 1731 1165 1758 hominum
1188 1732 1436 1766 nequitia?Uuum
1458 1741 1541 1767 super
1562 1734 1654 1761 omnia
1676 1735 1719 1761 di-

930 1777 1122 1810 iudicandum,
1139 1778 1212 1812 quod
1229 1778 1256 1805 in
1273 1779 1357 1813 priori
1376 1779 1437 1806 vita:
1453 1780 1622 1811 conditione,
1639 1780 1718 1807 intel-

932 1823 1003 1850 lectu
1016 1823 1066 1850 fuit
1077 1824 1196 1856 diilicile,
1213 1832 1247 1851 an
1266 1825 1364 1853 salutis
1382 1827 1453 1853 viam
1472 1827 1623 1860 insisteres,
1646 1827 1718 1854 mul-

933 1870 978 1903 tis,
998 1874 1026 1896 ut
1039 1870 1122 1901 nosti,
1135 1871 1179 1905 pio
1189 1872 1330 1906 proposito
1346 1872 1549 1899 resistentibus.
1563 1872 1640 1899 Nunc
1653 1881 1720 1900 vero

933 1921 1025 1948 aperta
1044 1915 1119 1942 vobis
1139 1921 1181 1943 est
1198 1924 1250 1943 non
1267 1917 1354 1943 solum
1378 1918 1546 1952 poenitentia:
1559 1918 1654 1953 janua,
1670 1918 1719 1945 sed

931 1961 1008 1995 regni
1036 1969 1147 1996 quoque
1167 1963 1301 1989 caelorum
1326 1963 1487 1998 ingressus;
1517 1970 1598 1998 teque
1623 1971 1720 1992 omnes

931 2008 977 2041 qui
994 2012 1066 2034 recte
1082 2007 1213 2039 sentiunt,
1240 2008 1268 2034 in
1292 2009 1487 2035 salvaudorum
1507 2009 1605 2036 ordine
1631 2009 1718 2036 collo-

931 2052 1056 2080 cabunt:
1079 2052 1157 2086 cujus
1180 2054 1220 2080 rei
1246 2053 1337 2080 studio
1364 2054 1426 2081 boni
1453 2062 1547 2082 omnes
1571 2055 1720 2087 ducuntur,

931 2104 958 2126 et
969 2099 1050 2133 cujus
1062 2099 1198 2133 adeptioni
1213 2099 1286 2126 nulla
1301 2099 1423 2126 omnium
1439 2107 1484 2127 res
1498 2105 1539 2126 est
1556 2108 1617 2135 qua:
1633 2101 1718 2134 aequi-

933 2146 1022 2180 parari
1049 2146 1142 2180 possit.
1168 2145 1277 2172 Utinam
1304 2146 1468 2180 permutatio
1493 2145 1551 2173 ﬁeri
1569 2151 1661 2180 posset
1682 2145 1716 2172 ad

931 2199 1030 2218 sensus
1060 2192 1173 2219 invicem
1202 2191 1422 2219 commutandos.
1449 2191 1482 2218 Et
1511 2192 1579 2219 mibi
1607 2192 1717 2227 quidem

932 2238 1032 2264 summi
1050 2238 1103 2264 voti
1118 2246 1161 2265 res
1176 2238 1256 2270 foret,
1282 2247 1344 2265 cum
1368 2239 1444 2265 visus
1466 2239 1611 2272 adeptione
1636 2238 1721 2266 adimi

933 2285 1015 2312 simul
1035 2293 1082 2312 eos
1099 2285 1148 2320 qui
1172 2285 1262 2312 oculis
1286 2286 1480 2317 obversantur,
1506 2286 1633 2312 stimulos
1657 2292 1721 2319 pec-

933 2331 998 2358 cati.
1016 2331 1115 2358 Verum
1135 2331 1190 2358 luet:
1202 2331 1405 2365 amicitiaejure
1420 2332 1492 2358 dicta
1509 2331 1564 2358 sint
1578 2332 1719 2358 hactenus.

937 2377 975 2404 Te
996 2385 1060 2404 vero
1089 2378 1175 2404 bonus
1205 2377 1276 2404 Deus
1299 2381 1391 2405 noster
1423 2377 1610 2404 consolatione
1635 2378 1721 2405 multa

937 2423 1103 2455 consoletur,
1120 2429 1149 2450 ut
1164 2431 1226 2450 cum
1241 2424 1391 2458 gratiarum
1409 2423 1518 2450 actione
1534 2423 1605 2450 feras
1617 2423 1720 2454 omnia,

936 2469 1006 2496 beati
1031 2468 1081 2496 Job
1101 2469 1235 2503 exemplo,
1261 2470 1444 2503 digucturque
1466 2475 1607 2504 prtestare,
1635 2474 1665 2496 ut
1692 2469 1720 2496 in

935 2519 1059 2542 mutuum
1087 2515 1255 2549 colloquium
1288 2522 1381 2542 coram
1412 2517 1558 2542 veniamus
1591 2523 1642 2542 nos
1668 2514 1721 2541 ali-

934 2561 1058 2596 quando;
1079 2569 1133 2596 quo
1155 2569 1186 2588 ea
1206 2570 1267 2596 quae
1291 2569 1366 2588 nunc
1387 2561 1487 2588 litteris
1508 2561 1640 2596 explicari
1667 2567 1721 2587 non

934 2611 1060 2642 possunt,
1086 2607 1146 2633 viva
1171 2615 1240 2634 voce
1261 2607 1458 2641 suppleamus;
1480 2612 1507 2633 et
1525 2611 1590 2633 tunc
1606 2606 1722 2641 amplius

935 2659 1031 2682 mutuo
1047 2661 1096 2681 nos
1117 2660 1309 2688 agnoscamus,
1331 2653 1379 2688 qui
1394 2660 1427 2680 ex
1448 2653 1521 2679 tenui
1537 2653 1654 2680 antehac
1674 2659 1723 2678 ex-

936 2701 1068 2738 perientia
1088 2700 1195 2729 dulcem
1218 2705 1293 2728 tuam
1320 2699 1483 2728 charitatem
1507 2699 1724 2735 degustavimus.

867 2779 982 2809 ΝΟΤᾹΞ.

143 2857 188 2893 79)
206 2857 236 2886 in
255 2858 313 2886 cod.
332 2858 396 2894 Reg.
415 2860 487 2895 ρπη’.
