1927 3089
239 124 305 157 1571

371 181 536 211 CLXXXVI.
549 200 584 204 —
601 184 703 214 Nicelte
720 186 886 230 Spatlmria.

831 132 861 163 S.
876 132 1073 164 THEODORI
1088 133 1265 165 STUDlTIE

1790 127 1855 160 1572

1164 191 1247 224 an'
1265 187 1496 225 (80).-Νικήτῃ
1514 186 1678 221 σπαθειρίῳ.
1697 184 1793 222 [ψνζ¹.]

941 245 981 270 De
991 245 1076 271 uxoris
1087 245 1167 272 obitu.

272 296 301 323 ln
317 295 410 331 parvis
434 295 544 330 quidem
560 295 700 324 doloribus
723 297 926 324 consolationes
946 298 1020 324 inve-
1035 297 1063 326 A

237 343 297 370 nire
321 342 402 369 facile
425 347 465 369 est
484 341 510 368 ei
525 342 573 377 qui
595 343 710 370 afﬂictos
735 343 875 370 consolari
896 343 971 370 velit.
996 343 1024 370 In

238 387 394 422 huiusmodi
423 394 487 414 vero
515 388 635 415 maximo
655 388 759 422 dolore,
788 396 844 423 quo
869 389 955 423 pietas
980 393 1025 416 tua

237 433 351 461 obsessa
377 438 429 465 cst,
446 441 571 468 quanam
595 434 709 468 reperiri
731 434 916 462 consolatoria
938 436 1027 462 oratio

237 479 338 513 queat?
360 483 408 506 aut
422 479 484 513 quis
508 487 653 506 moarorem
673 483 778 507 tantum
796 487 894 507 curare
915 488 1027 516 aggres-

238 532 296 556 sus,
313 524 381 551 scite
402 524 428 551 id
452 530 583 559 prmstare
597 525 701 559 possit?
723 525 746 552 Ο
771 526 927 553 luctuosum
955 534 1026 553 nun-

238 570 322 597 tium!
340 570 458 604 Abrepta
472 571 519 598 tibi
536 575 578 598 est
597 572 708 598 domina
726 573 838 606 conjux,
856 577 885 599 ut
901 573 1026 607 proxime

239 617 398 644 audivimus
413 626 420 643 :
437 616 527 644 ablata
543 622 586 644 est
600 617 683 645 unica
698 618 851 646 consolatio
867 619 893 645 in
918 618 952 646 iis
967 625 1027 653 quae

239 661 369 688 accidunt
382 662 512 688 aerumnis
530 671 536 688 :
552 662 670 696 spoliata
684 667 726 690 est
738 667 900 690 ornamento
914 671 964 690 suo
983 663 1028 690 be-

239 707 348 734 nedicta
359 710 474 734 domus:
487 708 633 735 tristantur
646 709 715 736 rami
726 709 817 737 excisa
831 710 902 736 bona
919 709 1025 737 radice:

238 754 335 782 famuli
364 760 391 782 et
415 754 525 782 famula;
559 755 613 782 huc
636 755 702 783 illuc
723 756 862 786 oberrant.
888 757 1026 784 dominam

239 809 300 835 quae
312 801 422 828 domum
434 801 624 834 collustrabat,
639 806 802 836 praesentem
816 809 869 828 non
885 802 1024 829 habentes.

238 846 337 874 Omnia
363 847 490 874 merris
514 847 618 882 plena:
635 846 752 874 fortasse
773 852 800 874 et
825 855 873 874 aer
894 847 954 881 ipse
978 847 1027 874 tibi

239 898 362 920 mutatus
379 894 414 921 ob
432 894 532 921 mentis
555 894 744 921 mutationetu.
766 893 815 921 Ubi
839 899 882 921 est
898 894 943 921 illa
965 901 1028 929 quae

238 943 265 966 te
289 939 362 966 domi
386 946 401 965 a
426 939 554 973 palatinis
578 939 842 967 commorationibus
865 940 1025 967 redeuntem

239 984 361 1012 hilariter
383 985 555 1019 excipiebat?
579 985 629 1012 Ubi
656 985 701 1012 illa
717 993 779 1020 quae
806 993 906 1020 genere
919 987 1026 1021 propin-

238 1038 309 1066 quos
333 1031 536 1066 perhumaniter
557 1031 727 1066 excipiebat?
749 1039 810 1066 qua:
837 1032 887 1059 hoc
913 1037 940 1059 et
963 1032 1026 1066 hoc,

238 1082 320 1112 atque
340 1082 368 1104 ut
387 1077 482 1111 paucis
504 1077 605 1110 dicam,
623 1078 716 1104 omnia
742 1078 792 1105 rite
807 1078 979 1112 disponebat,
1001 1083 1028 1105 et

237 1123 272 1150 ad
286 1124 389 1150 exitum
403 1123 579 1157 perducebat,
593 1123 759 1158 dispensans
770 1128 796 1151 et
808 1131 908 1151 curans
921 1124 1027 1159 singula

236 1177 298 1205 quae
317 1169 350 1196 ad
364 1169 477 1196 domum
492 1169 666 1203 spectabant,
678 1177 795 1204 quaeque
810 1170 843 1196 ad
860 1169 1027 1197 domesticos

236 1216 278 1243 vel
294 1216 414 1250 hospitio
431 1221 566 1250 receptos.
588 1216 723 1243 Abierunt
745 1220 771 1243 et
788 1216 954 1243 interierunt
968 1224 1027 1244 om—

237 1262 293 1294 nia,
311 1268 337 1290 ct
356 1267 485 1296 tanquam
510 1262 538 1290 in
565 1262 715 1290 solitudine
729 1263 809 1290 bonis
831 1263 962 1291 omnibus
978 1271 1026 1290 no-

237 1308 302 1336 stris
325 1309 414 1336 orbati
441 1316 547 1336 sumus.
574 1308 650 1336 Talis
676 1315 708 1336 ac
733 1313 807 1336 tanta
828 1312 880 1341 est,
906 1309 1026 1342 domine,

237 1354 405 1382 honorandae
427 1354 526 1381 animae
547 1359 600 1382 tua:
621 1354 783 1388 calamitas,
810 1359 840 1381 ut
861 1354 968 1381 nullum
993 1354 1027 1381 ab

236 1400 396 1427 hominibus
415 1401 543 1428 solatium
559 1401 686 1428 leniendo
704 1400 865 1428 inﬂammati
881 1402 971 1428 cordis
984 1401 1025 1428 tui

235 1445 326 1473 dolori
341 1454 390 1480 par
401 1446 494 1477 fuerit.
509 1447 556 1473 sed
569 1455 583 1474 a
597 1447 656 1474 solo
674 1447 728 1474 Deo
743 1447 788 1481 qui
804 1447 921 1474 humiles
931 1447 1025 1479 corde,

235 1500 285 1528 per
306 1494 439 1520 bonarum
460 1493 657 1528 cogitationum
673 1495 875 1528 susceptionem
898 1495 1024 1522 consola-

236 1544 292 1567 tur.
306 1539 352 1567 llla
370 1540 481 1574 quidem
505 1540 583 1567 beata
598 1549 604 1567 :
622 1547 685 1567 nam
703 1540 783 1567 beata
803 1545 854 1573 est,
871 1548 933 1575 quae
946 1545 973 1567 et
993 1540 1025 1567 ﬁ-

236 1586 298 1614 dem
317 1593 381 1621 erga
400 1586 484 1613 Deum
499 1586 604 1612 firtnam
619 1586 714 1619 coluit,
732 1591 759 1613 et
772 1586 855 1613 vitam
871 1586 928 1621 egit
943 1587 1027 1613 hone-

1116 298 1178 325 Ἐπὶ
1194 299 1243 334 μὲν
1259 299 1368 334 πικροῖς
1384 297 1499 324 πάθεσιν
1514 296 1587 323 ἐστιν
1602 295 1772 330 ἐξευρίσκειν
1787 293 1860 320 εὐκό“

1075 345 1129 376 λως
1151 345 1200 376 τὰς
1218 343 1404 379 παρακλήσεις
1426 343 1473 369 τὸν
1494 341 1711 377 προαιρούμενον
1734 348 1861 374 παραμυ-

1076 390 1182 417 θεῖσθαι
1197 390 1260 421 τοὺς
1272 389 1470 424 κακουμένους.
1490 387 1553 415 Ἐπὶ
1566 388 1595 414 δὲ
1607 388 1722 421 τοιούτῳ
1744 385 1862 421 μεγίστῳ

1076 436 1169 468 πάθει,
1185 437 1214 462 ὲν
1228 433 1249 469 ᾧ
1264 435 1429 471 περιεσχέθη
1445 436 1461 470 ἡ
1480 433 1617 468 θεοφιλειὰ
1632 441 1688 462 σου,
1703 433 1747 464 τίς
1769 432 1802 458 ἂν
1818 430 1862 457 καὶ

1077 482 1233 518 ὲξευρεθείη
1252 482 1330 515 λόγος
1352 480 1575 516 παρακλητικός;
1588 479 1629 511 τίς
1645 479 1672 505 δὲ
1687 479 1702 505 ὁ
1717 479 1862 514 ἐπιχειρῶν

1077 528 1241 564 θεραπεύειν
1263 528 1385 555 τοιοῦτον
1406 527 1488 560 ἄλγος
1513 526 1705 561 ἐπιστημόνως
1718 525 1862 560 δυνηθείη;

1076 575 1098 601 ὣ
1112 576 1160 610 τῆς
1175 575 1344 605 ἀπευκταίας
1357 575 1440 608 ἀκοῆς
1454 574 1461 600 ι
1485 572 1641 608 Ἀπερῤάγη
1657 572 1726 605 σοιὴ
1745 571 1830 603 κυρία
1847 572 1863 605 ἡ

1076 622 1220 657 ὁμόζυγος,
1229 621 1266 652 ὡς
1277 621 1340 656 ἄρτι
1354 621 1486 656 ἡκουσται
1503 620 1569 654 ἡμῖν
1579 627 1586 634 ”
1601 618 1726 654 ἀφῃρέθη
1739 618 1770 644 τὸ
1786 618 1863 652 μόνον

1077 667 1252 702 παραμύθιον
1267 666 1296 692 ὲν
1312 666 1372 697 ταῖς
1388 664 1573 700 συμὸατικαῖς
1584 662 1779 697 περιστάσεσιν
1789 670 1795 676 ·
1812 662 1864 687 ὰπ-

1077 712 1219 748 εκοσμήθη
1232 713 1248 747 ἡ
1265 711 1436 746 εὐλογημένη
1453 710 1545 736 ἑστία·
1566 709 1592 735 οἱ
1605 709 1697 735 κλάδοι
1712 708 1846 743 κατηφεῖς
1856 728 1862 739 ,

1076 760 1126 793 τῆς
1147 757 1253 792 ἀγαθῆς
1276 757 1354 793 ῥίζης
1374 756 1555 790 ἐκκοπείσης·
1579 755 1602 781 οἱ
1621 754 1791 790 θεράποντες
1819 753 1865 779 καὶ

1077 804 1106 830 αι
1126 802 1288 838 θεράπαιναι
1310 800 1362 829 ὧδε
1384 801 1497 828 κάκεῖσε
1513 800 1742 835 περιειλούμεναι,
1757 799 1794 831 ὡς
1816 799 1865 825 οὐκ

1077 849 1187 884 ἔχουσαι
1203 849 1234 876 τὸ
1247 848 1410 876 Δεσποτικὺν
1424 847 1572 882 πρόσωπον
1588 846 1746 880 ὲπιλάμπον
1776 847 1809 880 τῇ
1825 846 1865 872 οἰ-

1077 895 1134 930 κίᾳ.
1145 894 1185 921 Τὰ
1202 894 1291 921 πάντα
1303 894 1454 928 κατηφείας
1470 893 1558 928 μεστά
1569 902 1575 908 ·
1588 893 1659 926 τάχα
1673 892 1720 919 καὶ
1731 891 1745 917 ὁ
1757 891 1812 926 ἀήρ
1825 899 1866 917 σοι

1078 942 1259 976 ἠλλοιωμένος
1271 942 1304 976 τῇ
1320 939 1461 967 ἀλλοιώσει
1479 940 1533 966 τῶν
1548 938 1665 974 φρενῶν.
1680 937 1735 964 Ποῦ
1751 938 1768 972 ὴ
1782 945 1866 971 προσ-

1080 988 1174 1023 ιεμένη
1193 996 1222 1014 σε
1238 986 1384 1013 ἐπανιόντα
1398 986 1469 1012 οἴκοι
1485 985 1642 1021 περιχαρῶς
1656 983 1710 1010 ἀπὺ
1727 983 1781 1010 τῶν
1799 983 1866 1009 ἁνα-

1079 1034 1214 1068 κτορικῶν
1228 1032 1391 1068 διατριϐῶν;
1409 1032 1464 1059 Ποῦ
1481 1033 1498 1067 ὴ
1516 1032 1580 1062 τοὺς
1594 1030 1804 1066 ἀγχιστεύοντας
1822 1029 1866 1056 δε-

1079 1079 1206 1114 ξιουμένη
1228 1078 1374 1112 ἐπιεικῶς;
1386 1079 1403 1114 ὴ
1430 1078 1503 1109 τόδε,
1521 1077 1569 1104 καὶ
1585 1077 1646 1102 τόδε
1663 1075 1710 1102 καὶ
1725 1075 1776 1102 ὅσα
1796 1074 1865 1105 ἐστὶ,

1079 1129 1222 1163 συντόμως
1244 1128 1342 1160 εἰπεῖν,
1369 1126 1545 1153 διευθετοῦσα
1573 1125 1620 1152 καὶ
1650 1122 1865 1158 ωμὸιὸἀζουσα,

1077 1173 1258 1208 οἰκονομοῦσά
1274 1181 1305 1199 τε
1323 1172 1370 1199 καὶ
1383 1171 1547 1207 οἰκουροῦσα
1560 1190 1567 1202 ,
1583 1170 1631 1196 ὅσα
1645 1170 1678 1196 τὰ
1695 1168 1756 1195 κατ’
1772 1165 1848 1194 οἷκον
1858 1174 1864 1181 ·

1077 1220 1127 1247 ὅσα
1146 1220 1179 1247 τὰ
1193 1219 1260 1255 πρὸς
1274 1218 1373 1250 ἄλλους
1388 1218 1506 1248 οἰκείους
1522 1225 1552 1244 τε
1568 1217 1615 1243 καὶ
1627 1215 1865 1250 ἐπιξενουμένους.

1077 1266 1170 1293 Πάντα
1194 1265 1297 1300 οἴχεται
1312 1266 1358 1291 καὶ
1379 1265 1520 1291 ἀπόλωλε·
1542 1264 1590 1290 καὶ
1610 1263 1762 1297 γεγόναμεν
1777 1262 1815 1292 ὡς
1840 1263 1868 1287 ἐν

1077 1311 1181 1347 ἐρημία
1194 1312 1302 1338 πάντων
1316 1311 1369 1337 τῶν
1381 1311 1536 1345 προσόντων
1550 1309 1660 1343 ἀγαθῶν
1675 1309 1867 1343 ἀπεστερημέ-

1077 1365 1128 1383 νοι.
1138 1356 1264 1383 Τοιοῦτον
1280 1357 1327 1383 καὶ
1339 1355 1498 1392 τηλικοῦτον
1512 1356 1542 1382 τὸ
1553 1356 1638 1387 πάθος
1651 1355 1700 1390 τῆς
1714 1355 1808 1389 τιμίας
1820 1363 1868 1381 σου

1076 1402 1177 1438 ψυχῆς,
1190 1400 1213 1429 ὧ
1228 1403 1358 1434 δέσποτα,
1370 1403 1417 1429 καὶ
1431 1402 1543 1437 οὐδεμία
1561 1401 1723 1437 παραμυθία
1739 1401 1807 1435 πρὸς
1819 1401 1868 1427 ὰν-

1077 1448 1195 1484 θρώπων
1211 1448 1375 1483 ίκανουμένη
1397 1448 1563 1475 καταλεῶαι
1580 1448 1629 1483 τὴν
1645 1447 1869 1481 φλεγμαίνουσαν

1077 1503 1125 1521 σου
1139 1495 1265 1529 καρδίαν,
1281 1494 1297 1530 ἥ
1313 1493 1391 1529 παρὰ
1407 1495 1489 1530 μόνον
1500 1493 1569 1520 Θεοῦ
1581 1493 1628 1521 τοῦ
1644 1493 1870 1528 παρακαλοῦντος

1077 1541 1140 1573 τοὺς
1154 1540 1300 1572 ταπεινοὺς
1313 1542 1345 1576 τῇ
1363 1540 1474 1576 καρδίᾳ,
1491 1539 1536 1567 διὰ
1555 1539 1607 1573 τῆς
1625 1540 1681 1566 τῶν
1695 1539 1808 1574 ἀγαθῶν
1830 1538 1871 1564 λο-

1078 1588 1185 1623 γισμῶν
1209 1587 1381 1622 ἀναλήψεως.
1402 1587 1510 1622 Ἐκείνη
1534 1586 1584 1621 μὲν
1608 1583 1655 1613 οὖν
1678 1588 1694 1621 ἡ
1725 1585 1869 1621 μακαρία·

236 1636 307 1660 stant
321 1641 328 1664 ;
347 1632 426 1666 cujus
438 1631 537 1659 indicia
555 1631 640 1658 multa
655 1636 730 1663 sunt,
745 1639 862 1666 quorum
877 1639 927 1658 nos
943 1632 1024 1659 etiam

1080 1634 1203 1669 μακαρία
1227 1633 1281 1669 γάρ
1297 1634 1385 1665 ἐστιν,
1407 1633 1452 1659 ἐπ’
1468 1633 1501 1659 ἂν
1523 1634 1573 1666 τὴν
1594 1632 1687 1659 πίστιν
1710 1632 1778 1667 πρὸς
1802 1632 1872 1658 Θεον

235 1682 365 1712 expertes
381 1685 435 1704 non
452 1676 555 1704 fuimus
572 1685 578 1703 :
595 1677 627 1703 ad
641 1682 805 1709 extremum,
823 1685 885 1712 quae
897 1683 1025 1712 tanquam

237 1731 337 1752 aurum
362 1723 389 1750 in
415 1723 490 1758 igne,
510 1723 644 1750 diuturno
664 1731 696 1750 ac
721 1723 824 1750 dillieili
849 1723 946 1750 ntorbo
964 1731 1028 1757 pro-

236 1771 298 1799 bata
324 1770 387 1796 hinc
412 1769 542 1796 evolavit.
565 1769 656 1802 Quare
677 1769 728 1796 hoc
748 1769 828 1796 nobis
849 1770 917 1796 satis
934 1775 976 1797 est
994 1770 1027 1796 ad

236 1815 467 1847 consolationem,
484 1816 557 1850 quod
578 1816 659 1842 talem
676 1822 789 1842 uxorem
805 1815 840 1842 ad
855 1814 938 1841 Deum
959 1823 1027 1850 pra:-

236 1862 358 1893 miseris,
384 1869 445 1896 qua:
472 1861 664 1896 pulcherrima:
691 1861 910 1888 conversationis
932 1869 1027 1888 exent-

236 1908 311 1943 plum
338 1915 416 1935 suam
445 1907 532 1942 ipsius
554 1908 637 1934 vitam
662 1907 739 1934 nobis
766 1907 888 1941 reliquit.
916 1907 1028 1934 Accedit

238 1954 323 1989 quod,
339 1962 401 1981 cum
419 1954 446 1980 in
470 1953 571 1981 divinis
592 1954 649 1988 ipse
666 1954 704 1981 sis
723 1954 856 1987 eruditus,
872 1961 926 1981 non
944 1954 1027 1981 debes

236 2008 270 2028 ex
287 2008 320 2028 eo
340 2000 413 2034 quod
438 2000 549 2032 accidit,
568 2000 737 2028 conturbari.
757 2000 819 2028 Scis
839 2001 924 2032 enim.
943 2001 1026 2029 simul

236 2051 318 2081 atque
335 2047 362 2072 in
387 2047 457 2073 hanc
480 2046 568 2073 lucem
589 2046 644 2073 Deo
658 2046 764 2074 volente
789 2048 930 2075 nascendo
946 2048 1026 2074 veni-

235 2098 309 2122 mus,
334 2091 414 2118 nobis
435 2091 538 2118 exitum
565 2091 732 2125 impendere,
753 2100 866 2127 prorsus
890 2093 1026 2120 nativitati

236 2136 373 2163 adnexum
401 2144 451 2163 nec
476 2137 657 2164 immortalem
680 2138 765 2165 ullum
791 2139 929 2166 hominem
954 2147 1025 2172 esse,

239 2190 289 2210 nec
301 2183 457 2218 coniugium
474 2184 559 2210 ullum
573 2183 775 2212 indissolubile.
789 2185 1025 2220 Contemplemur,

238 2227 261 2254 si
278 2227 377 2261 placet,
401 2228 436 2254 ab
449 2228 535 2254 Adam
552 2228 586 2255 ad
602 2229 673 2256 hunc
690 2236 779 2263 usque
799 2230 884 2261 diem,
901 2234 930 2257 et
945 2238 1026 2265 repe-

235 2273 340 2300 riemus
357 2273 437 2301 aliam
454 2281 485 2300 ex
503 2274 569 2306 alia,
592 2274 714 2309 quandiu
731 2276 814 2302 stabit
835 2275 880 2302 hic
895 2277 1024 2308 tnundus,

1078 1680 1213 1714 ἐκέκτητο
1227 1678 1348 1713 ἀσφαλῆ,
1368 1678 1415 1705 καὶ
1439 1678 1484 1704 τὸν
1502 1678 1560 1713 βίον
1573 1677 1688 1704 διετέλει
1704 1677 1816 1712 σεμνόν·
1841 1673 1872 1703 οὗ

1078 1726 1258 1761 γνωρίσματα
1279 1725 1376 1758 πολλὰ,
1392 1722 1430 1752 ὧν
1446 1727 1494 1752 καὶ
1509 1726 1589 1760 ἡμεῖς
1601 1725 1651 1751 οὐκ
1665 1725 1774 1760 ἄμοιροι
1788 1732 1873 1750 τετυ-

1077 1773 1221 1809 χήκαμεν
1243 1771 1274 1798 τὺ
1296 1771 1324 1797 δὲ
1340 1770 1505 1802 τελευταῖον,
1527 1771 1568 1797 ὅτι
1589 1771 1627 1802 ὼς
1640 1770 1742 1805 χρυσὸς
1755 1771 1784 1796 ὲν
1802 1771 1875 1804 πυρὶ

1077 1821 1110 1854 τῇ
1128 1818 1286 1854 μακροτέρα
1301 1818 1348 1844 καὶ
1362 1817 1495 1852 δυσοίστῳ
1507 1817 1578 1853 νόσῳ
1596 1817 1796 1852 δοκιμασθεῖσι
1815 1817 1873 1843 ἁπ-

1078 1865 1147 1900 έπτη
1174 1865 1227 1891 τῶν
1251 1864 1369 1892 ἐνθένδε.
1385 1864 1491 1891 Οὐκοῦν
1507 1864 1624 1899 ἀρκετὸν
1641 1865 1708 1899 ἡμῖν
1726 1863 1807 1890 τοῦτο
1828 1865 1873 1895 εἰς

1077 1911 1269 1947 παρηγορίαν·
1289 1912 1332 1938 ὅτι
1345 1911 1515 1947 τηλικαύτην
1531 1911 1666 1945 ὁμόζυγον
1683 1909 1876 1946 παρέπεμψας

1079 1958 1128 1993 μὲν
1143 1957 1213 1993 Θεῷ,
1222 1958 1377 1993 ὑπόδειγμα
1393 1957 1543 1992 καλλίστης
1557 1957 1697 1988 πολιτείας
1710 1956 1756 1983 τὲν
1768 1956 1875 1989 ἑαυτῆς

1079 2005 1136 2040 βίον
1149 2005 1325 2040 ἐναφήσασαν
1347 2005 1426 2039 ἡμῖν.
1445 2004 1500 2031 Καὶ
1527 2003 1616 2035 ἄλλως
1638 2003 1678 2030 ὄτι
1695 2003 1730 2029 τὰ
1752 2003 1812 2029 θεῖα
1833 2003 1875 2029 ὢν

1077 2050 1298 2084 πεπαιδευμένος
1311 2049 1403 2081 αὐτὸς,
1419 2048 1449 2075 οὐ
1464 2047 1593 2074 τοσοῦτον
1608 2047 1725 2082 ὀφείλεις
1738 2046 1876 2080 ὲκσταθῆ-

1077 2104 1122 2122 ναι
1145 2095 1191 2121 ἐπὶ
1213 2095 1252 2130 τῷ
1275 2094 1408 2129 γεγονότι.
1425 2092 1508 2125 Οἶδας
1533 2094 1589 2129 γὰρ
1605 2094 1655 2120 ’ὃτι
1680 2094 1720 2124 εἰς
1740 2092 1874 2126 γέννησιν

1078 2141 1239 2177 ἐληλυθότες
1255 2141 1318 2168 κατ’
1334 2141 1458 2167 εὐδοκίαν
1478 2141 1555 2171 Θεοῦ.
1572 2141 1680 2171 πάντως
1694 2141 1727 2174 τῇ
1742 2140 1873 2172 γεννήσει

1079 2186 1286 2222 συνεξευγμένη
1309 2186 1388 2220 καὶὴ
1413 2185 1503 2218 ἔξοδος
1524 2186 1591 2220 ἡμῖν
1608 2184 1799 2220 προσγίνεται.
1823 2184 1875 2209 καὶ

1076 2234 1162 2265 οὐδεὶς
1186 2233 1330 2269 ἄνθρωπος
1361 2233 1514 2265 ἀθάνατος,
1540 2233 1587 2258 καὶ
1613 2231 1726 2266 οὐδεμία
1753 2230 1875 2264 συζυγία

1078 2280 1264 2312 ἀδιάζευκτος.
1285 2279 1546 2313 Ἀναθεωρήσωμεν,
1574 2279 1598 2303 εἰ
1622 2277 1707 2306 δοκεῖ,
1731 2276 1794 2307 τοὺς
1816 2276 1875 2302 ἀπὸ

234 2319 446 2347 descendentem
471 2314 687 2348 successionem.
706 2321 757 2348 Ubi
775 2326 840 2349 sunt
861 2322 907 2356 qui
933 2327 958 2348 te
979 2330 1024 2357 ge-

1085 2327 1172 2361 Ἀδὶμ
1193 2325 1274 2360 μέχρι
1297 2326 1428 2360 τήμερον,
1445 2326 1493 2350 καὶ
1508 2324 1659 2359 εὑρήσομεν
1680 2323 1730 2358 τὴν
1746 2322 1875 2357 ὑπάλλη-

234 2370 367 2398 nuerunt,
381 2365 506 2397 Domine,
525 2370 553 2393 et
565 2367 614 2401 qui
631 2367 693 2394 illos
710 2368 907 2402 procrearunt?
918 2372 945 2395 et
963 2376 1025 2396 sur-

234 2420 296 2440 sum
319 2420 414 2440 versus
429 2420 599 2444 commeans.
627 2413 701 2441 aliud
724 2414 792 2441 nihil
809 2415 926 2449 reperies
941 2423 1023 2449 quam

235 2457 338 2485 fluxum
352 2465 383 2485 ac
397 2458 537 2486 dclluxum
554 2459 580 2485 in
597 2452 756 2486 hominibus
772 2468 834 2488 esse
851 2465 1022 2495 perpetuum.

235 2504 307 2538 Quid
326 2504 410 2539 igitur
425 2512 498 2532 nunc
514 2510 556 2532 est
573 2506 813 2541 ququuaaritur?
830 2505 865 2533 Ut
879 2507 951 2541 apud
973 2515 1024 2534 nos

234 2551 333 2582 simus,
352 2554 379 2576 et
402 2558 542 2585 nunquam
565 2551 759 2579 obliviscenda
775 2553 881 2579 mulieri
902 2560 1023 2587 congrua

235 2595 344 2630 quidem
371 2595 445 2630 justa
471 2597 658 2632 persolvamus
676 2598 737 2633 (pro
761 2606 814 2633 qua
841 2606 891 2626 nos
914 2607 1024 2634 quoque

235 2642 351 2670 humiles
368 2650 422 2670 non
436 2643 579 2671 minimunt
592 2645 694 2679 precati
709 2652 806 2672 Sumus
818 2651 847 2673 ut
861 2646 887 2673 in
905 2645 956 2673 hac
969 2646 1023 2673 vita

234 2693 423 2722 permaneret;
444 2690 553 2717 tametsi
575 2690 709 2723 exauditi,
730 2695 760 2718 ut
778 2696 945 2726 peccatores,
967 2699 1022 2718 non

1079 2372 1123 2399 λον
1141 2371 1266 2407 διαδοχὴν
1286 2371 1433 2398 κατιοῦσαν
1449 2370 1501 2401 ἕως
1516 2369 1549 2396 ἂν
1567 2370 1614 2395 καὶ
1628 2368 1741 2404 συσταίη
1763 2369 1778 2394 ὁ
1803 2369 1874 2403 τῇδε

1078 2418 1190 2452 κόσμος.
1209 2416 1264 2443 Ποῦ
1279 2417 1304 2442 οί
1321 2415 1456 2450 φύσαντες
1471 2423 1500 2440 σε
1513 2434 1520 2446 ,
1543 2413 1670 2446 δέσποτα,
1687 2413 1733 2440 καὶ
1752 2413 1777 2439 οἱ
1792 2413 1874 2438 ὲκεί-

1075 2472 1137 2495 νους
1150 2463 1294 2495 τεκόιτες;
1313 2462 1360 2488 καὶ
1375 2461 1545 2493 ἀναποδίζων
1556 2461 1633 2487 οὐδὲν
1649 2459 1713 2487 ἄλλο
1728 2459 1873 2494 εὑρήσεις,

1075 2509 1092 2545 ἢ
1111 2509 1175 2544 ῥοὴν
1196 2509 1243 2535 καὶ
1256 2507 1394 2544 ἀπορροὴν
1410 2507 1443 2534 τὰ
1454 2506 1624 2543 ἀνθρώπινα.
1635 2507 1667 2532 Τί
1682 2504 1730 2532 οὖν
1740 2507 1798 2531 ἐστι
1819 2505 1873 2531 νῦν

1075 2556 1104 2582 τὸ
1120 2554 1302 2590 ζητούμενον;
1326 2554 1401 2585 ὅπως
1422 2555 1462 2586 εἰς
1479 2554 1553 2589 ἡμᾶς
1573 2553 1674 2584 αὐτοὺς
1696 2551 1870 2587 γενοίμεθα,

1072 2601 1123 2628 ’καὶ
1141 2601 1175 2628 τὰ
1197 2601 1246 2636 μὲν
1269 2601 1362 2628 εἰκότα
1378 2600 1512 2634 ἐπιτάφια
1538 2599 1742 2632 ἐπιτελέσωμεν
1757 2599 1790 2632 τῇ
1806 2597 1872 2623 ἀει-

1079 2647 1203 2682 μνήστῳ·
1229 2646 1301 2681 ὑπὲρ
1323 2643 1358 2682 ἧς
1372 2646 1419 2672 καὶ
1438 2645 1519 2680 ἡμεῖς
1535 2645 1559 2671 οί
1574 2644 1698 2671 ταπεινοὶ
1711 2643 1761 2670 οὐκ
1774 2642 1871 2676 ἐλάχι-

1078 2700 1128 2719 στα
1140 2692 1292 2728 ηὐξάμεθα,
1302 2693 1326 2718 εἰ
1338 2690 1384 2718 καὶ
1396 2690 1446 2716 οὐκ
1457 2689 1634 2725 ὴκούοθημεν
1646 2688 1684 2720 ὡς
1695 2686 1868 2723 ἁμαρτωλοὶ,

992 2793 1110 2822 NOTAE.

271 2873 326 2907 (80)
343 2873 371 2900 ln
387 2874 449 2901 cod.
465 2873 529 2909 Reg.
547 2872 619 2908 μηθ’.
