1927 3089
118 131 186 161 1573

699 136 969 169 EPISTOLARUM
992 139 1064 170 LIII.
1098 140 1138 170 ll.

1672 141 1738 174 1574

114 188 144 212 τὸ
160 187 301 222 ἐπιμεῖναι
314 188 400 224 αὐτὴν
415 190 443 216 ὲν
458 190 526 226 τῷδε
542 191 582 227 τῷ
597 191 661 228 βίῳ·
673 192 708 220 τὰ
721 193 750 220 δὲ
765 194 820 220 τῶν
838 195 896 222 παί-

953 197 1097 231 fuerimus)
1117 201 1145 224 ut
1164 204 1226 232 qua:
1240 197 1275 225 ad
1297 197 1369 226 ﬁlios
1385 204 1520 234 spectant,
1537 204 1612 227 recte
1628 201 1737 233 iconsti-

114 233 178 266 ὂων,
202 231 231 259 εὖ
247 233 413 269 διαθώμεθα,
432 237 479 263 καὶ
497 237 531 264 τὰ
546 238 668 273 ἡμέτερα
695 238 786 271 ἑξόδια
802 249 901 275 προευ-

114 278 305 314 τρεπίσωμεν,
318 281 526 316 ὲμϐιοτεύοντες
539 283 578 319 τῷ
594 284 644 319 βίῳ
663 284 836 320 θεοπρεπῶς·
859 287 902 314 ἵνα

115 326 300 359 μεταστάντες
316 327 372 354 τῶν
386 328 502 362 ἐνθένδε,
515 330 633 364 ὁπηνίκα
648 331 792 366 ἐπιτρέπει
806 333 822 367 ἡ
838 333 902 367 πρό-

116 380 188 403 νοια,
203 372 358 408 εὑρήσομεν
372 375 462 401 ἐκεῖσε
477 377 526 411 τὴν
541 377 626 412 καλὴν
638 378 772 412 ὀμόζυγον
785 379 813 404 ἐν
827 379 902 405 ἀπεί-

113 425 173 451 ροις
196 418 277 445 αἰῶσι
299 419 450 454 χαίρουσαν
472 421 522 448 σὺν
546 423 613 456 ἡμῖν
628 423 718 454 αὐτοῖς
732 423 780 449 ἐπὶ
793 424 901 458 μεθέξει

112 463 168 489 τῶν
193 464 357 499 ἀπορρήτων
381 466 503 500 ἀγαθῶν.
529 468 622 494 Ταῦτα
646 469 671 494 εί
698 469 746 495 καὶ
772 469 902 505 ἐλάχιστα

112 509 182 543 πρὸς
199 511 371 546 παρηγορίαν
381 520 388 527 ·
398 513 473 546 ὅμως
487 514 527 540 ὃτι
541 514 711 541 ἐπιδεικτικὰ
725 515 776 550 τῆς
791 516 902 551 ἀγάπης

113 561 173 584 σου,
204 554 267 588 ἥτις
296 555 343 582 καὶ
374 557 517 591 χαρισϐείη
547 558 612 592 ἡμῖν
639 558 756 593 εὔθυμος
784 560 831 585 καὶ
854 560 900 590 εὐ-

113 599 308 634 παρηγόρητος
325 601 370 626 ἐπὶ
387 602 436 636 τῆς
453 603 499 628 ἐπὶ
514 603 602 629 πάντα
616 604 655 634 εἰς
669 604 735 630 Θεὸν
747 604 901 636 ἀναθέσεως

111 652 203 678 υμων.

183 703 258 728 ΡΠΖ¹
273 703 493 738 (81).-Λέοντι
507 705 708 739 Σακελλαρίφ.
732 704 824 741 [ψυηῑ]

951 249 1071 275 luamus,
1089 248 1116 270 et
1136 244 1169 270 ad
1190 243 1293 271 exitum
1313 248 1437 271 nostrum
1461 253 1511 273 nos
1530 252 1736 280 comparemus.

950 289 1033 316 vitam
1049 289 1120 316 hanc
1137 289 1191 316 Deo
1201 290 1282 323 digne
1295 290 1479 325 transigentes
1494 300 1500 318 :
1517 296 1547 318 ιιι
1562 292 1627 319 hinc
1640 297 1733 319 trans-

950 335 996 362 lati
1018 340 1082 363 tuttc
1104 343 1166 363 cum
1184 336 1299 370 jusserit
1314 336 1494 370 providentia,
1511 338 1568 365 illic
1590 339 1737 366 nancisca—

950 389 1011 408 mur
1022 382 1158 416 egregiam
1174 382 1317 417 conjugcm
1334 383 1447 411 inlinitis
1463 385 1570 412 saeculis
1592 385 1735 412 nobiscttm

953 428 979 455 itt
995 428 1203 463 participatione
1219 429 1396 456 ineﬁ'abil'tum
1414 430 1547 457 bonorum
1562 431 1735 465 gaudentem.

952 472 1104 504 11ιιξε,1ἰερι
1128 474 1225 508 exigua
1251 475 1283 502 ad
1300 475 1529 508 consolationem,
1548 481 1670 504 nostram
1698 482 1738 504 ta-

952 525 1014 545 men
1044 519 1218 546 testabuntur
1250 519 1468 547 benevolentiam
1495 529 1557 556 erga
1586 525 1611 548 te
1632 529 1736 556 :quem

951 563 1031 591 velim
1055 571 1163 598 semper
1186 572 1247 592 esse
1267 564 1340 591 bono
1355 565 1448 592 animo
1474 571 1500 592 et
1516 566 1550 593 ad
1570 566 1736 593 consolatio-

951 616 1013 636 nem
1032 609 1190 644 capiendam
1209 614 1303 644 parato
1323 617 1372 644 pro
1390 614 1436 638 ttta
1453 611 1479 637 in
1500 611 1554 638 Deo
1571 611 1680 639 ﬁducia.

1106 707 1282 735 CLXXXVII.
1292 723 1328 728 ——
1342 708 1424 736 Leoni
1441 709 1599 736 Sacellario.

659 764 755 789 Gratias
767 766 817 795 agit
829 767 857 789 et
870 764 975 790 virtutes
993 765 1047 796 ejus
1060 765 1187 796 praedicat.

147 816 206 843 Καὶ
229 817 334 852 σιωπᾷν
357 818 407 844 οὐκ
426 818 630 854 ὲπιτρεπόμεθα
650 819 705 846 τῶν
730 820 896 855 εὐεργεσιῶν

984 821 1017 848 Et
1031 821 1111 849 silere
1129 822 1210 849 nobis
1233 829 1286 849 non
1301 822 1364 850 licet
1379 823 1426 857 qui
1448 831 1562 850 summre
1582 829 1609 852 et
1631 825 1738 852 deside-

109 862 162 897 τῆς
184 863 317 898 μεγίστης
341 863 389 890 καὶ
410 864 578 900 ἑπιποθήτου
601 873 648 892 σου
672 866 808 902 ὑπεροχῆς
831 868 899 894 ἁπο-

110 907 254 940 λαύοντες·
273 910 319 935 καὶ
333 909 456 945 ἀπαντᾷν
478 911 538 937 κατ’
560 911 638 944 ἀξίαν
653 912 702 938 οὐκ
716 912 898 947 εὐποροῦμεν,

109 954 191 988 λόγου
209 955 375 991 ἀποροῦντες
389 957 581 992 προσήκοντος.
599 958 630 984 Εί
645 958 673 985 δὲ
684 959 724 985 ὃτι
741 960 756 993 ὴ
773 959 899 994 θεοφιλής

111 1008 160 1025 σου
179 999 253 1035 ψυχὴ
269 1000 305 1035 μὴ
321 1000 407 1032 οὕτως
423 1001 519 1035 οἴεται,
535 1002 564 1028 οὐ
583 1001 789 1037 θαυμαστόν.Ἠ
799 1003 898 1038 ἀγάπη

109 1047 176 1081 γὰρ,
203 1047 280 1081 φησὶ,
297 1046 331 1073 τὸ
345 1047 440 1073 κακὸν
459 1048 494 1074 οὺ
517 1047 679 1082 λογίζεται·
701 1049 762 1075 ἐπεὶ
783 1050 830 1075 καὶ
853 1049 900 1076 ἕκ-

109 1093 198 1119 παλαι
216 1092 246 1118 τὸ
260 1093 326 1119 αὐτὸ
342 1093 421 1119 εἴωθε
438 1093 551 1128 φιλικῶς
566 1094 768 1129 ὑπολαμόάνειν
786 1096 834 1122 καὶ
854 1104 899 1121 σε-

111 1139 224 1175 μνύνειν
241 1139 313 1174 ὑμᾶς
326 1140 430 1175 δωρεὰν
444 1141 507 1172 τοὺς
518 1141 666 1176 ἀλητίμους
676 1149 682 1155 ⁸
697 1142 741 1168 καὶ
753 1141 790 1173 ὥς
805 1151 898 1176 φασιν,

107 1186 170 1212 οὐδὲ
186 1186 345 1221 συγκρίνειν
356 1186 429 1222 ἔχεις
445 1187 512 1222 πρὸς
527 1187 659 1222 ἀλλήλους
675 1187 734 1214 καθ’
749 1189 897 1224 ὑπεροχήν.

115 1232 197 1258 Ἀλλὰ
211 1231 297 1258 ταῦτα
313 1233 373 1267 μὲν,
392 1233 430 1265 ὡς
447 1233 563 1268 εἴρηται,
576 1234 624 1268 τῆς
641 1234 716 1269 ἱερᾶς
732 1234 850 1269 στοργῆς
866 1235 900 1261 τὰ

108 1278 277 1313 συμϐόλαια.
294 1279 379 1310 Αὐτὸς
396 1279 434 1311 δὲ,
451 1276 474 1306 ὧ
491 1280 700 1311 παντεπαίνετε,
717 1279 809 1312 ἔοικας
820 1280 900 1316 ἀκρό-

107 1325 188 1356 πολίς
212 1333 254 1356 τις
276 1325 433 1360 ἐνιδρύσθαι
447 1326 475 1352 ὲν
487 1327 520 1361 τῇ
539 1326 654 1361 βασιλίδι
669 1325 722 1352 τῶν
738 1327 859 1353 πόλεων
881 1327 897 1362 ἢ

105 1371 227 1406 τάληθὲς
244 1372 408 1406 οίκειότερον
421 1372 517 1404 εἰπεῖν,
532 1372 614 1408 λιμὴν
630 1371 832 1408 πολυχώρητος,
842 1372 899 1399 θλι-

105 1418 234 1453 ϐομένων
247 1418 401 1450 ἀνάπαυλα,
414 1418 553 1453 διψώντων
564 1419 644 1453 λόγου
657 1418 794 1454 ἐμμελοῦς
808 1419 898 1445 ίκανὸν

105 1464 296 1500 παραμύθιον,
321 1465 503 1500 καθεκάστην,
526 1464 563 1497 ὡς
593 1467 690 1498 εἰπεῖν,
711 1465 897 1500 εἰσδεχόμενος

951 873 1015 896 ratae
1029 869 1196 896 excellentia:
1213 874 1264 896 ture
1277 869 1416 896 beneﬁciis
1430 869 1558 901 fruimur,
1578 876 1605 898 et
1620 879 1738 906 respon-

950 914 1014 942 derc
1032 922 1081 949 pro
1095 915 1226 949 dignitate
1242 923 1295 941 non
1318 923 1477 949 possumus,
1494 918 1654 950 congruenti
1678 925 1740 944 sera

950 965 1032 984 mone
1048 957 1182 985 destituti.
1199 958 1278 991 Quod
1291 966 1356 985 Vero
1372 959 1454 985 Deum
1470 967 1567 987 amans
1583 961 1674 988 anima
1692 966 1737 989 tua

949 1010 1003 1029 non
1018 1003 1058 1029 sic
1071 1003 1165 1033 sentit,
1181 1004 1281 1030 mirttm
1298 1011 1350 1030 non
1368 1007 1421 1030 est.
1437 1003 1562 1032 Charitas
1580 1006 1691 1040 quippe,
1707 1011 1737 1034 ut

950 1047 999 1080 ait,
1027 1056 1078 1074 non
1106 1049 1203 1083 cogitat
1234 1049 1381 1082 malum";
1413 1050 1476 1083 quia
1502 1050 1668 1085 jampridem
1695 1052 1736 1079 id-

950 1094 1040 1129 ipsum
1056 1095 1134 1122 solita
1147 1099 1189 1122 est
1207 1095 1293 1122 amice
1310 1102 1484 1129 prmsumere,
1500 1101 1526 1122 et
1543 1104 1594 1123 nos
1611 1096 1737 1131 indignos

950 1141 1036 1176 gratis
1057 1141 1163 1168 honore
1190 1140 1315 1174 allicere;
1342 1146 1421 1176 teque
1443 1149 1504 1168 cum
1531 1141 1592 1169 aliis
1606 1147 1735 1177 tanquam

949 1187 1198 1219 excellentior-ibus,
1217 1186 1328 1213 minitne
1348 1187 1445 1218 audes,
1471 1187 1509 1214 uti
1527 1187 1638 1220 dicitur,
1659 1196 1736 1215 com—

949 1241 1058 1268 parare.
1081 1232 1182 1260 Verum
1211 1233 1279 1264 haec,
1315 1236 1344 1259 ut
1374 1232 1441 1266 dixi,
1473 1240 1559 1260 sacrae
1582 1233 1736 1262 dilectionis

949 1286 1014 1310 sunt
1036 1281 1145 1308 indicia.
1168 1280 1208 1308 Tu
1225 1288 1301 1312 vero,
1321 1281 1502 1316 undequaque
1517 1280 1675 1313 laudabilis,
1693 1281 1735 1308 vi-

949 1328 1023 1355 dctis
1035 1328 1061 1354 itt
1078 1327 1186 1354 urbium
1204 1326 1307 1361 regina,
1325 1330 1453 1360 tanquam
1468 1333 1515 1352 arx
1534 1326 1657 1360 quaedam
1677 1326 1734 1354 col-

949 1375 1067 1405 locatus,
1085 1377 1143 1405 aut,
1160 1377 1189 1400 ul.
1202 1373 1310 1407 proprie
1328 1373 1415 1406 magis
1426 1379 1520 1399 Vcrum
1543 1372 1643 1404 dicam,
1660 1373 1736 1399 velut

948 1425 1044 1456 portus
1069 1420 1278 1455 capacissimus,
1307 1419 1468 1446 alllitztorum
1496 1419 1615 1453 requies,
1640 1419 1735 1446 audire

946 1466 1069 1502 jucunda
1089 1466 1262 1501 cupientibus
1287 1465 1442 1493 consolatio
1468 1465 1576 1496 idonea,
1602 1465 1733 1499 quotidie,

105 1513 155 1537 καὶ
165 1511 462 1546 ίώμενος,θεραπεύων
477 1520 505 1538 τε
519 1511 567 1538 καὶ
579 1512 773 1546 ἀφοσιούμενος
786 1511 896 1543 τούτους

951 1517 981 1540 ut
996 1513 1096 1544 dicam,
1120 1512 1267 1539 admittens
1284 1515 1312 1539 et
1332 1519 1444 1541 sanans,
1459 1518 1612 1545 procurans
1627 1515 1654 1537 et
1670 1511 1734 1538 reli-

105 1558 253 1589 κάκείνους
264 1577 272 1590 ,
292 1557 403 1593 μείζους
419 1558 467 1584 καὶ
489 1558 617 1590 ἐλάττους
630 1577 637 1589 ,
657 1558 740 1593 ἱερεῖς
765 1558 813 1584 καὶ
827 1558 896 1592 ἀρχο

106 1605 202 1640 ιερεῖς,
227 1604 343 1635 ἐντελεῖς
361 1604 408 1631 καὶ
430 1604 602 1639 ὑφειμένους.
625 1604 669 1635 Ὠς
685 1604 896 1640 μεγαλοπρεπές

107 1656 155 1674 σου
172 1648 203 1674 τὸ
219 1647 291 1674 Θεῖον
312 1648 431 1683 ἀξίωμα,
456 1649 502 1675 καὶ
515 1649 545 1675 τὸ
563 1649 684 1682 ϐεοφιλὲς
701 1650 871 1684 πρητήριον
888 1650 894 1676 I

107 1694 249 1728 Προσήκει
270 1703 312 1721 σοι
328 1694 376 1721 καὶ
390 1696 424 1721 τὰ
444 1694 490 1721 τοῦ
514 1694 635 1729 ἀοιδίμου
656 1695 714 1721 Ἰὼϐ
731 1695 763 1721 τὰ
785 1694 898 1729 ἐπιφθέ-

107 1748 204 1774 γματα
216 1747 222 1753 ·
237 1741 339 1774 Πατὴρ
356 1740 503 1775 ἐγενόμην
520 1740 657 1774 ὀρφανῶν
668 1760 675 1771 ,
702 1741 778 1772 ποὺς
794 1741 827 1766 δὲ
842 1750 896 1775 χω-

105 1784 181 1816 λῶν,
196 1786 297 1817 [παντὶ
314 1786 348 1812 δὲ
360 1786 505 1820 ἀνθρώπῳ
528 1786 674 1818 ἀνέῳκταί
690 1795 750 1820 μου
768 1787 787 1820 ή
804 1787 895 1821 θύρα,

105 1831 155 1857 καὶ
165 1831 219 1858 ὅσα
229 1831 335 1863 τούτοις
350 1833 530 1866 συνεπόμενα.
548 1833 584 1858 Σὺ
597 1832 627 1858 τὸ
644 1832 769 1867 λείψανον
784 1832 833 1868 τῆς
848 1833 895 1859 εὑ-

106 1877 219 1909 σεὸεἰας
228 1885 236 1892 ·
249 1877 331 1910 αὐτὸς
343 1879 373 1905 τὸ
389 1879 531 1913 κειμήλιον
542 1879 591 1914 τῆς
609 1879 762 1914 όρθοδοξίας
772 1888 778 1894 ’
795 1879 842 1905 καὶ
861 1879 896 1906 τὰ

105 1923 197 1951 πολλὰ
212 1925 384 1960 παρατρέχει
399 1926 412 1951 ὁ
425 1925 503 1959 λόγος
513 1933 519 1939 ·
548 1925 590 1952 ἵνα
607 1925 644 1960 μὴ
659 1925 722 1960 δόξῃ
735 1925 802 1960 πρὸς
815 1925 895 1960 χάριν

102 1969 208 2003 λέγειν,
229 1971 277 1996 καὶ
298 1970 443 1997 κολακείαν
467 1970 502 1997 τὰ
517 1971 557 2002 είς
580 1971 725 2006 πρόςωπον
751 1969 894 2002 ἀκουτιζό-

104 2025 187 2051 μενα.
205 2017 299 2051 Ὅμως
317 2018 381 2052 μίαν
395 2017 487 2052 φωνὴν
506 2017 636 2052 προσθεὶς
661 2017 829 2044 ἀποπαύσειε
848 2017 894 2043 τοῦ

102 2062 216 2095 ὶέγειψ
240 2063 291 2097 μία
308 2063 472 2098 παραμυθία
495 2063 601 2097 Haupt,
626 2064 775 2098 μονογενής
798 2072 828 2090 τε
847 2063 893 2089 καὶ

102 2108 268 2143 φιλοπάτωρ
288 2109 356 2142 υἱός,
373 2109 421 2135 καὶ
438 2111 472 2144 τῇ
502 2109 618 2143 βασιλίδι
637 2109 742 2144 πόλειή
759 2109 792 2144 σὴ
809 2118 894 2144 μεγα-

101 2153 210 2188 λοφυὴς
228 2154 274 2179 καὶ
291 2154 454 2189 περιϐόητος
470 2154 646 2190 ἀρισταρχία.

99 2211 186 2237 PHH’
197 2210 303 2245 (82).—
314 2213 335 2238 Τ
336 2211 353 2245 ᾖ
368 2212 521 2246 σπαθαρίᾳ
533 2212 586 2239 τοῦ
601 2211 780 2240 Φλαϐιανοῦ.
795 2211 892 2247 [dp/9t]

951 1559 1027 1594 giose
1042 1559 1134 1586 colens
1149 1558 1199 1585 Itos
1213 1563 1240 1584 et
1260 1557 1331 1589 illos,
1355 1558 1473 1591 majores
1492 1564 1524 1583 ac
1546 1557 1677 1589 minores,
1694 1564 1735 1584 sa-

951 1605 1074 1633 cerdotes
1090 1609 1117 1631 et
1131 1604 1284 1639 episcopos,
1304 1603 1437 1638 primores
1455 1608 1481 1630 et
1497 1602 1631 1630 subditos.
1648 1602 1734 1636 Quam

952 1651 1097 1687 magniﬁca
1112 1656 1154 1678 est
1170 1650 1290 1685 dignitas
1310 1654 1355 1676 tua
1379 1649 1483 1680 divina,
1502 1653 1529 1675 et
1549 1647 1602 1675 Deo
1623 1654 1735 1683 accepta

951 1697 1123 1724 exercitatio.
1147 1695 1209 1722 Tibi
1236 1695 1317 1722 etiatu
1343 1694 1510 1721 conveniunt
1531 1694 1665 1721 decantati
1684 1693 1736 1720 .loo

950 1743 1033 1771 verba
1049 1751 1058 1767 :
1077 1741 1159 1768 Pater
1172 1749 1245 1768 eram
1259 1741 1448 1775 orphanorum,
1464 1745 1488 1766 et
1507 1748 1549 1773 pcs
1567 1739 1734 1771 claudamur,

949 1794 974 1816 et
1000 1789 1071 1815 omni
1094 1788 1192 1814 homini
1210 1791 1303 1821 aperta
1326 1790 1383 1812 erat
1402 1785 1489 1820 junua
1514 1794 1570 1812 mea
1580 1786 1618 1818 ’9;
1639 1790 1666 1822 et
1683 1785 1734 1812 alia

950 1841 1011 1868 qua:
1035 1836 1200 1867 sequuntur.
1218 1831 1257 1858 Tu
1282 1830 1403 1865 reliquiae
1417 1830 1536 1865 pietatis,
1562 1835 1590 1857 tu
1612 1835 1735 1865 recepta-

949 1880 1041 1907 culum
1061 1878 1233 1905 ortltodoxiae
1251 1889 1257 1904 :
1280 1882 1308 1904 et
1330 1878 1413 1903 multa
1432 1876 1615 1910 prmtrrtuittit
1635 1877 1735 1907 oratio.

949 1934 984 1953 ne
1002 1927 1034 1953 ad
1049 1926 1165 1960 gratiam
1182 1924 1257 1958 loqui
1278 1931 1338 1958 qua:
1356 1923 1382 1950 in
1407 1931 1438 1949 os
1458 1923 1596 1954 dicuntur,
1620 1927 1647 1949 et
1669 1923 1735 1950 adu-

949 1973 999 2000 lari
1015 1973 1147 2000 videatur.
1171 1971 1292 1998 Verbum
1311 1975 1402 1997 tamen
1426 1977 1509 1996 unum
1525 1970 1628 1997 addens
1649 1971 1736 1996 conti-

949 2023 1047 2047 cescet.
1075 2018 1162 2044 Patris
1189 2025 1243 2044 una
1267 2020 1309 2044 est
1334 2015 1500 2048 consolatio,
1529 2016 1684 2051 uuigcuitus
1709 2022 1736 2042 et

948 2069 1053 2100 patrem
1069 2070 1166 2090 amans
1184 2062 1266 2095 lilius,
1284 2067 1341 2089 tum
1358 2062 1458 2096 regina:
1477 2062 1537 2088 urbi
1562 2062 1734 2096 magnanima

947 2116 975 2139 et
987 2111 1103 2139 celebris
1118 2111 1220 2144 optima
1237 2113 1283 2135 tua
1298 2108 1512 2136 administratio.

1033 2207 1221 2236 CLXXXVIII.
1238 2223 1273 2227 —
1288 2206 1438 2241 Spei/tario:
1450 2205 1572 2233 Flaviani
1589 2207 1642 2240 (').

830 2268 856 2292 In
874 2266 943 2292 obitu
958 2265 1011 2291 ﬁlii.

138 2319 281 2354 Ἐφθατεν
293 2320 309 2355 ἡ
321 2320 444 2356 ἀπευκτὴ
453 2321 568 2355 ἀγγελία
576 2321 622 2348 τοῦ
632 2322 696 2356 περὶ
707 2321 753 2348 τοῦ
767 2322 893 2357 ἀειμνήσ-

983 2319 1108 2346 Pervenit
1123 2325 1212 2352 usque
1227 2316 1260 2344 ad
1282 2316 1463 2344 humilitatem
1480 2323 1589 2350 quoque
1609 2321 1731 2342 nostram

98 2376 148 2393 του
160 2366 275 2400 υἱοῦἧσου
284 2366 397 2398 πάθους,
410 2368 489 2402 μέχρι
500 2367 600 2403 καὶτῆς
606 2369 621 2402 ἡ
627 2368 684 2402 μῶν
690 2369 890 2401 ταπεινώσεως.

105 2413 153 2439 Ἐν
204 2412 300 2448 ὥσπερ
311 2413 335 2439 ol
351 2413 400 2444 τὰς
415 2413 499 2444 ἀκοὰς
512 2413 655 2449 βροντηδὸν
671 2414 893 2449 καταπλαγέντες

97 2459 278 2494 πεπτήχασιν
292 2458 360 2490 ὅλως
371 2467 378 2474 ”
394 2459 480 2491 οὕτως
495 2461 562 2495 ἡμῖν
579 2461 592 2487 ὁ
607 2460 684 2494 λόγος
700 2460 892 2496 ὲξαπορείσθαι

97 2505 250 2539 πεποίηκε,
270 2505 316 2530 καὶ
332 2505 400 2540 μηδὲ
414 2504 487 2540 ἔχειν
513 2514 539 2532 τι
555 2505 723 2540 φθέγξασθαι
746 2507 820 2540 ἄξιον
840 2508 892 2541 τῆς

97 2550 209 2584 ὀδύνης.
229 2551 262 2576 Ὠ
275 2551 301 2577 τί
311 2550 423 2585 γέγονεν
439 2551 569 2585 ὲξάπινα;
582 2552 640 2584 πῶς
650 2552 736 2588 ᾤχετο
746 2553 815 2589 ἀνὴρ
826 2553 892 2579 θαυ-

101 2596 218 2631 μαστὸς.
249 2596 316 2623 αὐτὸ
335 2596 385 2630 τῆς
400 2597 508 2633 ήλικὶας
535 2598 610 2632 ἄγων
635 2598 666 2625 ea
688 2598 835 2634 βιώσιμον;
854 2598 891 2631 ὡς

102 2642 286 2678 μεγαλοήλιξι
315 2642 354 2675 ὡς
367 2643 468 2678 ὡραῖος
491 2644 541 2679 τὴν
566 2643 644 2678 όψινΙ
665 2644 703 2677 ὡς
730 2645 843 2681 εὐγενὴς
861 2645 890 2671 τὸ

139 2701 163 2717 ’⁸
176 2700 185 2727 ι
199 2701 265 2729 Cor.
282 2708 343 2733 χιιι,
360 2700 385 2728 5.
423 2701 446 2717 ¹⁹
456 2699 507 2728 Job
523 2709 599 2735 xxtx,
615 2701 659 2730 I5.
885 2710 887 2712 '

947 2365 1040 2394 feralis
1055 2365 1168 2392 nuntius
1189 2364 1223 2391 de
1240 2367 1348 2390 aeternae
1375 2362 1512 2389 memoriae
1530 2361 1576 2387 lilii
1594 2361 1632 2387 tui
1655 2369 1731 2388 casu.

947 2413 975 2440 Itt
988 2419 1053 2448 quo,
1067 2410 1296 2446 quemadmodum
1313 2409 1330 2436 ii
1345 2409 1445 2444 quibus
1459 2415 1539 2435 aures
1553 2408 1653 2434 tonitru
1672 2415 1733 2441 per-

947 2465 1034 2486 cussae
1050 2462 1123 2489 sunt,
1142 2457 1190 2484 toti
1212 2461 1289 2483 metu
1305 2459 1535 2486 consternantur;
1559 2454 1595 2480 ita
1614 2461 1664 2480 nos
1688 2453 1732 2480 hic

945 2512 1039 2532 rumor
1054 2504 1081 2530 in
1098 2510 1220 2530 summas
1241 2501 1381 2536 angustias
1398 2501 1512 2535 redegit,
1531 2505 1560 2526 ut
1582 2507 1632 2526 nec
1648 2498 1731 2524 verba

945 2553 1093 2584 suppetant
1109 2555 1170 2582 qua:
1185 2547 1259 2582 paria
1280 2547 1336 2573 sint
1351 2546 1450 2573 dolori.
1469 2545 1491 2572 Ο
1506 2545 1571 2580 quid
1586 2545 1732 2578 derepente

945 2595 1048 2623 factum
1068 2594 1128 2622 est?
1142 2593 1279 2628 quomodo
1294 2593 1412 2621 excessit
1427 2591 1467 2618 vir
1487 2591 1676 2622 admirandus,
1698 2597 1731 2616 ea

945 2648 1024 2672 astate
1038 2652 1100 2680 qua:
1118 2643 1236 2670 maxime
1256 2641 1349 2669 vitalis
1364 2646 1415 2674 est,
1434 2648 1514 2675 quam
1531 2645 1661 2674 procerus
1673 2643 1732 2665 sla-

872 2777 988 2806 NOT/E.

144 2831 178 2867 (')
190 2831 391 2860 Cunsolaloria.

144 2869 201 2903 (81)
217 2870 246 2895 ιιι
261 2869 323 2896 cod.
345 2868 407 2905 IIeg.
429 2870 498 2904 ριια’.

987 2833 1044 2870 (82)
1063 2833 1092 2862 In
1111 2834 1171 2862 cod.
1189 2833 1255 2869 Reg.
1268 2835 1339 2869 9w.
