1927 3089
204 140 274 173 1575

799 144 829 174 S.
846 143 1043 175 TIIEODORI
1062 144 1234 176 STUDlT/E

1758 144 1825 176 1576

202 199 287 228 tura?
309 206 392 235 quam
418 199 532 236 pulcher
555 202 688 236 aspectu?
699 209 782 237 quam
801 202 901 230 nobilis
924 210 988 229 san-

1049 200 1126 236 ιῖμαι
1140 201 1178 233 ὼς
1192 198 1309 235 εὐκλεὴς
1319 198 1349 227 τὺ
1361 197 1440 232 κῦδος
1450 199 1457 227 l
1469 198 1506 231 ὡς
1522 198 1601 235 μόνος
1616 199 1827 235 ἐγκαταλελειμ-

203 245 307 281 guine?
332 253 414 278 quam
444 246 543 273 illustri
575 246 647 274 fama
675 247 831 282 gloriosus?
859 253 988 284 tanquam

204 290 280 318 solus
296 290 408 317 relictus
426 290 521 318 fausta:
536 291 617 318 matri
630 291 793 323 consolatio.
810 296 929 326 paternze
947 291 989 319 fa-

204 334 287 362 milia:
301 334 515 367 ﬁrmamentum,
527 335 618 370 generi
635 335 719 363 decus
733 339 760 363 et
779 340 988 368 ornamentum;

205 379 356 407 addiderim
378 384 406 408 et
430 381 512 414 regiis
536 381 646 415 palatiis
671 382 831 409 inusitatum
853 386 992 416 spectacu-

206 425 274 452 lum.
302 425 352 452 Hic
383 425 531 460 longinqua
558 425 586 452 in
611 426 721 460 regione
750 434 793 453 res
817 426 990 460 imperatoris

206 469 414 501 administrans,
434 470 554 497 avolavit
570 480 577 497 :
595 474 710 497 matrem
724 470 881 505 relinquens
898 471 991 498 lauda-

207 515 356 546 tissimam,
369 515 526 550 relinquens
541 515 624 544 simul
638 521 665 543 et
676 516 810 543 illustrem
833 516 988 550 coniugem,

208 567 272 587 cum
287 559 402 594 egregiis
418 560 519 591 liliolis,
533 564 560 586 et
575 560 678 587 lautam
693 560 816 590 domum.
830 561 990 595 sanguinem

208 605 427 637 celeberrimum,
445 613 501 633 rem
515 605 683 640 opulentam,
700 606 849 633 industrios
861 605 989 639 famulos,

209 650 356 685 stipatores
379 650 520 677 dominum
544 655 684 683 amantes,
704 651 761 679 haec
781 656 808 678 et
824 651 885 684 illa;
908 651 991 678 simul

210 696 301 723 omnia
319 705 325 723 :
340 704 374 723 ne
387 695 490 723 minuta
510 704 626 732 quaeque
644 697 801 732 singillatim
819 702 992 724 consectetur

210 741 297 768 oratio
312 750 318 767 :
333 742 433 769 dehinc
454 742 489 769 ab
512 743 613 770 exteris
633 743 690 770 oris
717 743 828 769 domum
854 751 990 774 reversus,

210 795 280 815 onus
303 788 500 822 miserandum,
526 789 712 817 lamentabilis
731 797 865 816 occursus
889 794 915 816 et
930 791 991 817 urbi

209 833 299 869 regiae.
328 838 354 860 et
382 834 476 861 domui
510 835 727 869 spectatissima}.
758 834 780 863 Ο
809 835 990 863 calamitatem

210 877 401 905 immodicam!
419 878 604 913 lngetnuerint
624 880 696 906 muri
714 879 765 914 ipsi
786 880 872 912 urbis,
898 888 931 908 ne
950 881 990 907 di-
1006 877 1028 905 Β

210 930 271 950 eam
289 924 426 958 principes
441 928 468 951 et
487 925 616 959 aequales.
633 925 815 959 lngemuerint
831 930 857 952 et
874 925 992 960 impera-

211 973 285 996 tores
298 969 360 1004 ipsi,
378 970 499 1004 germine
512 970 599 997 orbati
617 969 709 998 multis
726 971 884 999 nominibus
903 971 993 998 admi~

210 1017 307 1043 rando.
338 1016 498 1051 Lacrymata
531 1015 648 1044 fortasse
680 1017 783 1044 urbana
813 1017 992 1045 multitudo:

212 1067 310 1090 moesta
343 1067 433 1089 autem
469 1063 566 1090 merito
596 1063 678 1090 fuerit
701 1063 827 1091 universa
855 1065 993 1099 cognatio.

211 1108 289 1141 Quod
308 1108 329 1135 si
351 1108 408 1135 ha'c
426 1108 462 1136 ita
480 1113 557 1140 sunt,
573 1110 636 1143 quis
656 1109 778 1136 dolorem
795 1114 885 1141 tuum,
907 1117 924 1137 o
944 1109 993 1137 do-

212 1155 298 1187 tnina,
326 1155 449 1182 luctuose
477 1156 544 1182 satis
566 1156 778 1191 explicet?quis
802 1160 828 1183 et
849 1156 996 1192 conjugis?

213 1200 276 1234 quis
291 1205 319 1227 et
340 1199 464 1227 sororis?
476 1200 538 1234 quis
556 1204 583 1226 et
606 1200 838 1228 domesticorum?
852 1199 907 1228 Nec
928 1201 996 1235 ipsa

213 1246 356 1273 fluminum
378 1247 544 1281 proﬂuentes
565 1255 642 1282 aqua:
658 1248 684 1274 in
709 1247 844 1283 lacrymas
858 1255 996 1275 conversae

213 1292 292 1320 vobis
321 1293 354 1320 ad
376 1293 494 1320 lamenta
520 1293 684 1321 suilieercnt.
712 1294 782 1326 Quid
809 1294 878 1321 aer?
903 1302 995 1321 annon

213 1339 302 1366 oculis
318 1339 414 1366 vestris
442 1344 563 1366 mutatus
586 1340 647 1367 est?
671 1340 710 1367 sol
731 1348 820 1375 neque
843 1346 921 1368 ortus
942 1346 995 1374 est,

215 1383 272 1411 sole
290 1385 387 1412 domus
410 1385 529 1412 amisso?
545 1384 607 1412 llaec
622 1390 705 1418 atque
721 1385 762 1412 his
783 1385 881 1413 similia
901 1393 998 1421 sugge-

215 1429 251 1456 rit
265 1429 343 1456 dolor
356 1430 388 1456 ad
406 1430 562 1465 lugendum.
580 1429 631 1457 Sed
645 1430 709 1464 quia
725 1430 868 1457 mulierem
879 1430 998 1464 alloqui-

216 1484 278 1503 mur
295 1481 320 1503 et
333 1476 433 1503 divinis
444 1476 509 1503 olim
524 1477 669 1507 eruditam.
683 1482 710 1503 et
720 1484 781 1511 qua:
796 1483 877 1503 omne
889 1476 999 1504 virtutis

216 1527 406 1558 argumentum
427 1523 455 1549 in
476 1530 526 1550 sua
542 1523 628 1557 ipsius
647 1523 702 1549 vita
717 1523 837 1554 exhibet,
854 1523 925 1550 sicut
939 1530 998 1550 om-

216 1569 292 1596 nium
308 1577 390 1604 prope
405 1576 485 1596 aures
501 1570 629 1604 oculique
643 1573 795 1602 testantur;
812 1569 998 1596 admonitione

217 1617 304 1643 multa
327 1623 381 1642 non
410 1621 453 1643 est
474 1623 554 1650 opus,
574 1623 636 1642 cum
661 1615 734 1642 domi
756 1616 853 1642 habeat
879 1615 999 1642 medica-

218 1667 307 1689 menta
324 1662 532 1689 consolationis.
549 1661 648 1688 Multos
665 1662 774 1688 codices
788 1668 882 1687 sacros
897 1659 923 1686 in
942 1668 1000 1686 ma-

219 1715 272 1735 nus
299 1708 440 1743 sumpsisti
464 1708 572 1734 :multa
596 1708 706 1734 Patrum
731 1707 831 1741 scripta
853 1705 1000 1738 cvolvisti,

219 1759 299 1783 nocte
316 1755 414 1789 dieque
429 1762 528 1781 vacans
549 1753 730 1784 orationibus,
752 1753 778 1780 in
796 1749 924 1787 precibus
939 1759 1002 1786 per-

219 1807 346 1833 noctans,
363 1802 413 1828 hoc
432 1806 483 1833 est,
500 1801 526 1827 in
547 1800 690 1826 nocturnis
709 1799 870 1833 diurniSque
886 1799 1004 1833 psalmo-

221 1855 281 1874 rum
319 1848 538 1883 hymnorumque
566 1845 809 1873 modulationibus.
840 1843 879 1870 Ex
904 1845 1003 1878 quibus

221 1899 247 1921 et
263 1894 445 1925 continentia,
462 1897 489 1920 et
504 1892 609 1919 attritio
624 1891 765 1926 corporis?
779 1891 927 1918 liberalitas
940 1897 1003 1925 erga

221 1948 366 1976 pauperes,
389 1947 452 1974 erga
472 1939 629 1966 sacerdotes
644 1943 671 1965 et.
690 1938 839 1964 monachos
853 1937 1003 1963 observan-

222 1986 270 2018 tia,
284 1991 311 2013 ct
322 1985 454 2020 quidquid
470 1985 496 2012 in
517 1985 577 2012 aliis
594 1984 702 2019 pietatis
717 1984 861 2019 generibus
877 1982 1004 2010 laudatur

222 2037 250 2059 et
266 2032 382 2058 canitur.
405 2031 481 2057 Domi
502 2038 567 2065 ergo
581 2035 607 2058 et
630 2038 645 2057 a
666 2030 751 2065 teipsa
772 2034 814 2057 sat
829 2029 912 2056 habes
934 2029 1005 2056 unde

223 2078 321 2105 animae
341 2084 472 2112 suggeras
489 2084 550 2112 quae
574 2076 749 2103 conveniant.
768 2075 820 2102 Sed
838 2079 865 2102 et
884 2081 1003 2109 sponsa-,

223 2128 250 2151 et
272 2123 350 2154 filim,
376 2128 402 2150 ct
425 2123 471 2150 toti
496 2122 706 2149 Ahrahamiticte
734 2122 841 2154 domui,
875 2125 1005 2156 tanquam

223 2170 377 2197 communis
398 2169 540 2204 magistra,
558 2173 585 2196 et
600 2169 710 2195 virtutis
728 2168 877 2202 exemplar,
903 2172 929 2194 et
944 2175 1005 2202 quae

1043 248 1123 283 μένος
1136 245 1311 282 παραμύθιον
1328 245 1411 281 μητρὶ
1426 245 1512 281 αίσίᾳ,
1533 244 1608 280 οίκίᾳ.
1623 245 1738 280 πατρῴα
1750 245 1829 281 ἐρει-

1041 301 1108 328 σμα,
1129 293 1203 327 γένει
1233 292 1467 327 ἐγκαλλώπισμα·
1499 292 1648 327 προσθείην
1673 291 1695 318 δ’
1720 291 1753 318 ἂν
1782 291 1828 319 καὶ

1042 339 1188 375 βασιλείοις
1218 339 1314 370 αὐλαῖς
1329 338 1403 371 ξένον
1425 339 1527 373 ὅραμα.
1543 334 1630 369 Οὗτος
1644 338 1673 363 ὲν
1689 337 1827 372 ἀλλοδαπῇ

1041 385 1076 411 τὰ
1088 384 1220 420 βασιλέως
1234 383 1431 418 διοικούμενος,
1458 383 1566 418 ἀπέπτη
1579 391 1588 399 ·
1604 383 1764 410 καταλιπὼν
1779 383 1829 418 μὲν

1040 430 1090 465 τὴν
1105 430 1266 466 περιϐόητον
1282 430 1399 465 μητέρα,
1411 428 1600 456 συναπολιπὼν
1613 428 1642 455 δὲ
1655 428 1703 455 καὶ
1714 428 1763 462 τὴν
1779 436 1830 455 πε-

1043 477 1145 512 ρίδοξον
1160 476 1293 510 ὁμόζυγα.
1311 476 1360 502 σὺν
1383 475 1507 509 εὐγενέσι
1531 475 1677 509 νεογόνοις,
1694 475 1742 501 καὶ
1758 475 1827 510 λαμ-

1042 523 1115 558 πρὰν
1137 522 1238 555 ἑστίαν,
1255 522 1285 548 τὸ
1298 521 1515 557 πολυθρύλλητον
1528 519 1609 556 αἷμα,
1625 520 1656 548 τὸ
1670 520 1830 553 πολυούσιον

1042 568 1145 602 κτῆμα,
1159 568 1222 599 τοὺς
1245 567 1350 599 δεξιοὺς
1367 567 1519 602 ὑπηρέτας,
1543 567 1607 598 τοὺς
1622 566 1830 601 φιλοδεσπότους

1042 613 1231 648 παραστάτας,
1246 613 1334 640 ταῦτα
1350 613 1475 645 κάκεῖνα,
1492 612 1560 647 ὁμοῦ
1574 612 1608 639 τὰ
1629 612 1728 641 πάντα,
1746 612 1784 643 ὡς
1796 611 1830 638 ἂν

1043 659 1081 695 μὴ
1113 659 1377 695 κατακερματίζοιεν
1393 658 1422 685 ἓν
1434 658 1549 685 ’ἑκαστον
1565 659 1579 685 ὸ
1591 657 1685 692 λόγος’
1704 655 1766 684 εἷτα
1780 658 1830 683 ἑπ-

1042 705 1161 733 ανελθὼν
1176 706 1209 732 ἐκ
1220 705 1270 740 τῆς
1289 705 1365 740 ξένης
1377 704 1478 736 οἴκαδε,
1501 704 1599 740 φόρτος
1624 702 1748 736 ἐλεεινὸς,
1765 711 1832 729 σκυ-

1042 752 1150 787 Θρωπὺν
1169 751 1318 786 ἀπάντημα
1351 751 1399 778 καὶ
1427 749 1549 785 βασιλίδι
1577 749 1665 781 πόλει,
1696 749 1744 776 καὶ
1770 748 1831 780 ἀξι-

1042 798 1152 833 αγάστῳ
1178 798 1264 833 ἑστία.
1279 798 1311 823 Ὢ
1336 797 1386 831 τῆς
1416 795 1639 830 ὑπερϐαλλούσης
1667 795 1829 829 συμφορᾶςι

1042 844 1181 876 Στενάξειε
1194 844 1215 870 δ’
1231 843 1263 870 ἂν
1292 843 1340 870 καὶ
1354 843 1424 870 αὐτὰ
1439 842 1474 869 τὰ
1488 842 1565 877 τείχη
1587 841 1638 876 τῆς
1657 841 1770 872 πόλεως.
1792 841 1830 876 μὴ

1042 891 1082 917 ὃτι
1097 890 1225 925 ἄρχοντες
1239 890 1286 916 καὶ
1293 889 1434 924 ὁμήλικες,
1449 887 1606 920 στενάξειαν
1618 887 1640 913 δ’
1652 887 1685 914 ἂν
1697 887 1742 913 καὶ
1752 886 1832 912 αὐτοὶ

1042 937 1067 964 οἱ
1088 935 1297 970 αὐτοκράτορες,
1328 933 1547 968 ἀποϐεόληκότες
1561 932 1637 968 ἔρνος
1652 931 1831 963 πολυθαύμα-

1044 991 1116 1010 στον.
1127 980 1275 1016 Δακρύσειε
1286 980 1355 1015 τάχα
1365 980 1411 1006 καὶ
1421 980 1434 1005 ό
1447 978 1585 1009 ὲπιπόλιος
1597 978 1688 1013 ὅμιλος
1697 985 1704 992 ·
1721 977 1832 1003 ἐπιστυ-

1044 1029 1139 1064 γνάσει
1154 1027 1195 1064 ,δὲ
1220 1026 1332 1057 εἰκότως
1351 1027 1399 1052 καὶ
1425 1025 1480 1052 πᾶν
1494 1025 1524 1050 τὸ
1550 1024 1639 1059 γένος.
1659 1024 1690 1049 Εἰ
1702 1023 1730 1049 δὲ
1745 1022 1833 1048 ταῦτα

1044 1074 1141 1106 οὕτως,
1155 1073 1197 1105 τίς
1210 1073 1240 1100 τὸ
1256 1073 1303 1100 ἐπὶ
1317 1073 1358 1099 σοὶ
1374 1072 1459 1103 πάθος
1474 1070 1719 1105 ὲκτραγῳδὴσειεν,
1736 1065 1758 1095 ὦ
1787 1067 1832 1094 δέ-

1046 1127 1159 1153 σποινας
1176 1119 1217 1150 τίς
1231 1119 1259 1145 δὲ
1269 1119 1299 1145 τὺ
1315 1120 1364 1154 τῆς
1376 1117 1526 1154 ὁμοζύγου;
1544 1116 1586 1147 τίς
1600 1116 1629 1142 δὲ
1643 1115 1673 1141 τὸ
1686 1115 1736 1149 τῆς
1754 1113 1834 1141 ἀδελ-

1046 1165 1119 1200 φῆςς
1150 1165 1191 1196 τίς
1205 1163 1233 1190 δὲ
1247 1165 1277 1190 τὸ
1293 1164 1347 1190 τῶν
1361 1162 1475 1189 οἰκετῶν
1490 1170 1497 1195 ;
1523 1161 1577 1188 οὐδ’
1589 1161 1621 1187 ἂν
1633 1160 1687 1186 τῶν
1702 1159 1834 1194 ποταμῶν

1045 1212 1080 1238 τὰ
1096 1210 1220 1246 ῥεύματα
1237 1211 1277 1241 είς
1290 1210 1407 1245 δάκρυον
1420 1207 1641 1244 μεταποιούμενα
1657 1205 1834 1240 ἐξαρκέσειεν

1047 1255 1111 1291 ὑμῖν
1130 1255 1323 1291 ὑπηρετεῖσθαι
1347 1255 1385 1289 τῷ
1399 1253 1501 1290 θρήνῳ.
1519 1253 1552 1279 Τί
1562 1252 1591 1279 δὲ
1611 1253 1625 1278 ὁ
1638 1252 1708 1286 ἀήρ;
1721 1251 1771 1277 οὑκ
1786 1249 1834 1285 ὴλ-

1046 1303 1157 1330 λοίωται
1175 1303 1231 1333 τοῖς
1250 1301 1398 1335 ὀςξθαλμοῖς
1413 1299 1489 1335 ὑμῶν
1505 1297 1579 1334 ἆρα;
1597 1298 1644 1324 καὶ
1660 1300 1674 1325 ό
1691 1298 1766 1334 ἥλιος
1784 1297 1834 1323 οὐκ

1047 1347 1247 1380 ἀνατεταλκὼς,
1273 1346 1318 1373 τόν
1341 1347 1389 1381 τῆς
1417 1345 1507 1376 ἑστίας
1529 1345 1605 1380 ἥλιον
1634 1342 1833 1375 ἁπολωλεκὼς;

1048 1395 1173 1422 Τοσαῦτα
1186 1395 1233 1421 καὶ
1245 1394 1294 1420 ὅσα
1312 1392 1417 1424 τούτοις
1431 1390 1566 1426 ἐφάμιλλα
1580 1389 1727 1417 ὑποϐάλλει
1738 1388 1769 1414 τὸ
1782 1389 1836 1415 πά-

1049 1442 1094 1474 θος
1109 1439 1305 1476 ἀποδύρασθαι.
1329 1439 1400 1465 Ἀλλ⁹
1416 1437 1509 1472 ἐπειδὴ
1525 1436 1591 1472 πρὸς
1606 1437 1723 1469 γυναῖκα
1741 1435 1809 1470 ἡμῖν
1821 1434 1835 1460 ό

1048 1489 1128 1523 λόγος
1142 1487 1224 1514 πάλαι
1247 1486 1281 1512 τὰ
1295 1485 1353 1512 (ista
1379 1483 1609 1518 πεπαιδευμένην,
1625 1482 1672 1508 καὶ
1693 1481 1757 1516 ὃλην
1769 1479 1836 1506 ὑπό-

1010 1552 1032 1581 C
1052 1535 1126 1562 θεσιν
1146 1533 1247 1568 ἀρετῆς
1262 1531 1307 1558 τδν
1335 1530 1434 1564 ἑαυτῆς
1454 1529 1510 1564 βίον
1537 1526 1781 1554 ὑποδεικνύουσαν·
1799 1525 1836 1557 ὡς

1052 1580 1185 1616 μαρτυρεί
1193 1577 1285 1613 σχεδὸν
1296 1577 1370 1604 πᾶσα
1381 1575 1449 1610 ἀκοὴ
1460 1574 1507 1601 καὶ
1515 1573 1575 1609 bdo;
1584 1582 1591 1589 ο
1603 1574 1632 1600 οὺ
1643 1572 1744 1607 πολλῆς
1755 1571 1837 1608 χρεία.

1050 1626 1246 1661 ὑπομνήσεως·
1264 1623 1368 1651 οἴκοθεν
1384 1623 1498 1658 ἔχουσαν
1514 1622 1548 1648 τὰ
1570 1621 1703 1655 φάρμακα
1717 1620 1766 1654 τῆς
1786 1627 1837 1645 πα-

1053 1672 1197 1709 ραμυθίας.
1213 1670 1317 1701 Πολλὰς
1329 1669 1405 1704 ἱερὰς
1421 1668 1527 1707 βίϐλους
1539 1667 1585 1693 ἐπὶ
1595 1668 1690 1702 χεῖρας
1705 1665 1836 1700 εἴληφας·

1051 1719 1136 1747 πολλὰ
1152 1717 1272 1753 πατρικὰ
1284 1715 1486 1750 ἀναγνώσματα
1505 1713 1705 1749 διεξελήλυθας.
1720 1711 1838 1746 Νύκτωρ

1051 1775 1081 1792 τε
1108 1766 1156 1792 καὶ
1183 1763 1241 1798 μεθ’
1257 1762 1363 1798 ἡμέραν
1380 1761 1548 1796 σχο)ἀζουσα
1570 1761 1630 1790 ταῖς
1657 1759 1837 1793 προσευχαῖς.

1052 1812 1112 1842 ταῖς
1127 1811 1250 1845 δεήσεσιν
1266 1808 1435 1842 ἐπιμένουσα
1463 1807 1524 1837 ταῖς
1551 1805 1708 1839 παννύχοις,
1724 1803 1774 1830 εἶτ’
1792 1800 1840 1829 οὖν

1052 1857 1220 1891 νυκτεριναῖς
1233 1854 1282 1881 καὶ
1293 1854 1435 1889 ὴμεριναῖς
1448 1852 1619 1887 ψαλμῳδίαις
1635 1858 1665 1876 τε
1693 1850 1741 1875 καὶ
1773 1849 1840 1883 ὑμν-

1052 1901 1154 1937 ῳδίαις.
1179 1900 1236 1934 Ἀφ’
1247 1896 1284 1926 ὧν
1296 1899 1342 1925 καὶ
1354 1898 1384 1925 τὸ
1400 1897 1542 1933 ἐγκρατὲς,
1559 1896 1605 1921 καὶ
1624 1895 1655 1920 τὸ
1668 1894 1841 1920 ὑπωπιαστι-

1053 1948 1101 1974 κον
1121 1946 1167 1973 τοῦ
1182 1947 1307 1981 σώματος
1317 1954 1324 1961 ·
1350 1945 1380 1971 τὸ
1394 1945 1462 1979 πρὸς
1484 1944 1547 1974 τοὺς
1563 1942 1661 1972 ἐνδεεῖς
1674 1938 1840 1969 ὲπιδοτικὸν,

1055 1993 1136 2027 ιερεῖς
1160 2000 1189 2017 τε
1202 1990 1248 2016 καὶ
1267 1989 1402 2025 μοναστὰς
1428 1985 1637 2023 θεραπευτικόν·
1657 1983 1688 2010 τὸ
1713 1983 1760 2009 ἐπὶ
1776 1982 1842 2008 πολ-

1053 2037 1108 2068 λοῑς
1121 2035 1167 2063 οὖν
1189 2035 1280 2066 ἄλλοις
1311 2033 1454 2063 εὐσεϐείας
1480 2031 1591 2066 τρόποις
1614 2027 1785 2064 ὑμνούμενόν
1812 2035 1841 2052 τε

1055 2083 1101 2110 καὶ
1126 2081 1265 2117 ᾀδόμενον.
1286 2078 1398 2107 Οῐκοθεν
1411 2075 1559 2111 τοιγαροῦν
1578 2074 1625 2100 καὶ
1651 2072 1715 2108 παρ’
1740 2072 1842 2106 ἑαυτῆς

1056 2127 1154 2158 ἱκανῶς
1179 2126 1250 2162 ἔχεις
1272 2125 1373 2160 ἐπᾷσαι
1386 2124 1420 2158 τῇ
1435 2123 1508 2158 ψυχῇ
1536 2121 1571 2147 τὰ
1583 2120 1689 2147 εἰκότα.
1709 2119 1746 2145 Οὐ
1777 2117 1840 2153 μὴν,

1055 2174 1121 2201 ἀλλὰ
1143 2173 1193 2200 καῖ
1209 2174 1242 2207 τῇ
1257 2171 1360 2206 νύμφῃ,
1389 2170 1437 2196 καὶ
1450 2169 1483 2204 τῇ
1512 2168 1638 2202 θυγατρὶ,
1653 2166 1701 2192 καὶ
1716 2165 1791 2198 πάσῃ
1809 2165 1841 2197 τῇ

222 2216 385 2251 jampridem
401 2215 555 2242 divinorum
566 2214 736 2249 eloquiorum
751 2214 896 2241 thesauros
909 2212 998 2240 condi-

1058 2218 1241 2254 Ἀϐρααμιαίᾳ.
1253 2216 1329 2251 ἑστίᾳ
1339 2223 1345 2229 ·
1358 2215 1395 2246 ὡς
1408 2215 1495 2245 κοινὸς
1507 2212 1676 2242 διδάσκαλος,
1689 2210 1726 2240 ὡς
1741 2209 1843 2244 ἀρετῆς

224 2263 303 2295 disti;
322 2267 398 2296 potes
414 2266 439 2288 et
462 2261 487 2287 in
503 2265 623 2295 tempore
638 2260 719 2286 tritici
741 2266 896 2286 mensuratn
913 2258 1007 2286 distri-

225 2308 352 2336 buere".
379 2307 551 2338 Memineris,
585 2314 601 2333 0
629 2313 759 2340 generosa
791 2309 818 2332 et
848 2304 1006 2331 admiranda

225 2355 296 2383 inter
310 2355 449 2386 mulieres,
466 2361 515 2381 nec
527 2360 629 2380 novum
645 2360 695 2380 nco
712 2357 810 2387 praeter
824 2351 1008 2386 exspectatio-

225 2410 287 2430 nem
315 2401 442 2428 evcnisse
462 2401 535 2433 quod
557 2399 666 2427 accidit.
690 2399 881 2433 Contemplare
912 2404 1008 2425 omnes

224 2448 273 2482 qui
287 2447 321 2474 ab
339 2447 425 2474 Adam
447 2446 560 2474 fuerunt
579 2445 613 2473 ad
636 2446 707 2473 hunc
724 2453 811 2480 usque
827 2445 910 2478 diem,
927 2448 954 2471 et
978 2445 1007 2470 in

225 2493 360 2529 profunda
390 2493 436 2520 Dei
461 2492 565 2528 judicia
592 2491 751 2527 ingrcdcre;
780 2499 811 2518 ac
837 2491 916 2522 vide,
945 2490 1008 2526 quia

226 2539 302 2566 homo
324 2540 393 2566 velut
417 2539 505 2574 fenum
521 2547 529 2565 :
544 2539 598 2566 dies
615 2538 672 2572 ejus
693 2538 761 2564 velut
777 2537 876 2564 umbra:
899 2541 1008 2571 prwler-

226 2584 333 2612 euut“.
356 2583 490 2617 Quoniam
515 2584 598 2618 igitur
624 2584 782 2618 progenitor
804 2583 929 2610 mortalis
961 2590 1010 2618 per

226 2636 378 2665 peccatum,
396 2630 526 2658 mortales
543 2635 571 2657 et
590 2630 691 2664 posteri
722 2629 837 2656 invicem
860 2629 1009 2657 succeden-

225 2681 279 2704 tes.
297 2674 398 2702 Verum
417 2683 451 2702 ex
477 2682 531 2709 quo
555 2674 692 2706 Christus,
715 2682 789 2701 mors
814 2682 866 2701 non
891 2675 1008 2708 amplius.

227 2729 303 2749 mors
325 2725 378 2753 est,
404 2721 452 2749 sed
477 2720 641 2748 immortalis
664 2721 880 2755 regenerationis
906 2720 1011 2755 princi-

228 2768 314 2803 pium.
331 2767 435 2794 Pietate
456 2767 592 2802 insignem
608 2760 706 2799 tilium,
728 2771 754 2794 et
770 2767 965 2800 orthodoxum,
984 2770 1012 2793 et

265 2856 287 2872 ³⁵
302 2856 366 2883 Lur.
384 2865 432 2888 xu,
446 2855 490 2882 4:2.
530 2855 550 2870 “
562 2853 635 2882 I‘sal.
648 2862 695 2886 Cll,
713 2854 753 2881 15.

1058 2265 1219 2298 ὑπόδειγμα.
1235 2263 1272 2293 ὡς
1285 2260 1404 2288 ἔκπαλαι
1419 2261 1451 2286 τὰ
1464 2259 1524 2284 θεῖα
1538 2258 1615 2292 λόγια
1639 2256 1842 2290 Θησαυρὶσασα,

1058 2310 1104 2336 καὶ
1121 2309 1149 2334 ὲν
1165 2307 1253 2342 καιρῷ
1263 2306 1293 2332 τὸ
1309 2305 1480 2340 σιτομέτριον
1494 2303 1602 2338 ἑκάστῳ
1613 2301 1751 2336 διανέμειν
1767 2300 1843 2335 ἕχον-

1058 2364 1102 2381 σα.
1124 2353 1334 2388 Ἀναμνήσοητι,
1350 2350 1372 2377 ὣ
1388 2350 1498 2384 γενναία
1526 2349 1572 2375 καὶ
1588 2347 1732 2382 Οαυμαστὴ
1743 2347 1772 2371 ὲν
1797 2354 1844 2379 γυ-

1058 2401 1153 2433 ναιξὶν,
1167 2400 1203 2431 ὡς
1217 2399 1293 2425 οὐδὲν
1311 2397 1385 2430 ξένον
1401 2397 1448 2423 καὶ
1464 2396 1518 2422 τῶν
1532 2395 1597 2429 παρ’
1610 2393 1706 2419 ελπίδα
1728 2393 1758 2418 τὸ
1774 2400 1844 2425 συμ-

1058 2447 1185 2482 ϐεὸηκός.
1202 2444 1405 2479 ’Δναθεώρησον
1427 2442 1491 2473 τοὺς
1506 2441 1560 2469 ἀπὸ
1579 2440 1664 2474 Ἀδὰμ
1696 2440 1778 2474 μέχρι
1794 2437 1843 2472 τῆς

1059 2495 1194 2528 σήμερον*
1210 2492 1257 2518 καὶ
1275 2490 1397 2525 χώρησον
1414 2490 1452 2520 είς
1463 2488 1496 2515 τὰ
1515 2487 1562 2514 τοῦ
1587 2486 1663 2517 Θεοῦ,
1676 2485 1761 2521 βαθέα
1783 2483 1843 2519 κρί-

1061 2549 1132 2575 ματα
1144 2546 1152 2554 ·
1161 2538 1208 2565 καὶ
1219 2538 1266 2568 ἴδε,
1275 2537 1314 2562 ὃτι
1323 2535 1476 2569 ἅνθρωπος
1484 2533 1557 2560 ὡσεὶ
1567 2533 1686 2568 χόρτοςυ
1696 2533 1726 2558 al
1737 2530 1843 2565 ἡμέραι

1059 2574 1151 2612 αὐτοῦ
1170 2582 1243 2610 ὡσεί
1259 2580 1341 2608 σκιαὶ
1358 2579 1555 2614 παράγουσιν.
1564 2579 1642 2605 Ἐπεὶ
1651 2574 1696 2604 οὖν
1712 2578 1726 2603 ό
1737 2575 1844 2610 προπά-

1059 2639 1116 2666 τωρ
1130 2629 1225 2664 θνητὸς
1240 2627 1283 2654 διὰ
1307 2626 1455 2661 ἁμαρτίαν,
1469 2624 1564 2659 θνητὸς
1580 2623 1627 2650 καὶ
1641 2624 1655 2649 ὁ
1670 2622 1748 2657 γόνος
1760 2621 1844 2666 dun:

1059 2663 1163 2714 λούχως
1174 2663 1226 2704 νιὼν
1242 2676 1322 2711 μέχρι
1334 2673 1381 2702 τοῦ
1397 2673 1488 2708 δεῦρο.
1505 2671 1577 2698 Ἀλλ’
1597 2671 1671 2705 ὅμως
1688 2670 1728 2695 ὃτι
1740 2668 1786 2702 ἀρ’
1812 2663 1843 2693 οὗ

1060 2723 1188 2760 Χριστὸς,
1201 2721 1292 2748 ούκὲτι
1307 2719 1432 2750 θάνατος,
1452 2718 1466 2744 ὁ
1483 2717 1609 2748 Θάνατος,
1624 2715 1680 2742 ἀλλ’
1696 2714 1768 2749 ἀρχὴ
1793 2720 1845 2738 πα-

1061 2767 1230 2804 λιγγενεσίας
1244 2764 1507 2802 ἀθανάτοι-Εὐσεϐῆ
1523 2763 1617 2796 παῖδα,
1633 2761 1679 2789 καὶ
1695 2759 1844 2797 όρθόδοξον,
