1927 3089
103 157 164 188 1577

694 154 965 186 EPISTOLARUM
979 155 1054 184 LIB.
1074 155 1116 184 Il.

1660 152 1727 184 1578

99 215 277 249 φιλομὸναχόν
287 223 316 240 τε
333 214 380 240 καὶ
395 214 545 248 φιλάγαθον
557 235 564 247 ,
583 215 631 241 καὶ
645 216 825 249 γεγέννηκας,
840 215 886 240 καὶ

942 215 1137 240 monachorum
1157 217 1307 242 amantem.
1329 216 1356 238 et
1373 211 1436 238 boni
1452 210 1620 249 studiosum,
1641 217 1667 238 et
1681 219 1729 246 θυι

102 260 297 296 προῦπεμψας.
316 260 409 286 Ἔστω
427 269 468 286 σοι
482 260 644 296 παραμυθία
668 261 810 295 αὐτάρκης
841 259 888 286 καὶ

99 305 275 340 εὐχαριστίας
299 305 437 336 ὑπόθεσις.
458 306 513 332 Καὶ
540 305 755 341 παρακαλοῦμέν
783 314 813 331 σε
837 306 888 340 τὴν

99 350 319 385 Θεοπαρὰκλητον
333 351 380 377 καὶ
401 350 567 377 πανσύνετον
578 359 585 366 ·
606 351 697 385 γενοῦ,
713 351 750 382 ὡς
766 352 794 377 ἐν
820 351 888 377 πᾶσι

98 396 153 426 τοῖς
182 395 284 427 ἄλλοις,
310 395 450 430 κάνταῦθα
484 396 687 431 μεγαλοψυχίας
720 396 886 431 ὑπόδειγμα·

98 441 178 468 καλὸν
193 442 319 475 ἐντάφιον
336 442 384 468 καὶ
401 442 440 477 τῷ
466 442 597 476 παγκάλῳ
613 442 674 478 υἱῷ,
698 442 735 474 ὡς
750 443 797 469 καὶ
811 444 888 478 ψυχι-

98 485 152 517 κῶς
169 486 329 522 ἱμειρομένη
358 487 392 513 τὰ
417 487 491 522 αὐτῷ
517 488 716 520 ἐπιϐάλλοντα,
733 488 888 523 ἀπόμοιραν

97 530 157 566 Θεῷ
169 532 332 558 εἱσοίσουςα.
344 532 421 567 Τάχα
428 533 482 567 γὰρ
491 532 536 559 διὰ
547 532 627 559 τοῦτο
635 532 701 564 Θεός
715 542 746 559 σε
758 532 888 568 ἐταμιεύ-

98 584 163 603 σατο
182 577 236 603 τῶν
251 578 444 612 προλαϐόντων
458 578 590 614 ὑστάτην,
609 579 652 605 ἵνα
666 578 757 605 πάντα
771 579 888 614 θεοπρε-

98 622 155 654 πῶς
172 622 331 659 διαθεμένη,
351 624 485 656 εὐκταίως
512 625 672 660 συναπάρῃς
688 624 742 651 τῶν
769 625 887 657 ἐνθένδε,

97 667 143 692 καὶ
154 667 365 704 κληρονομήσῃς
381 669 429 694 σὺν
443 670 535 700 αὐτοῖς
560 669 633 704 ζωὴν
659 668 780 696 αἰώνιον.
796 670 889 696 Ταῦτα

97 713 143 738 καὶ
169 713 311 747 ὸάδελφὺς
337 714 415 749 ἡμῶν
440 715 453 741 ὁ
479 714 687 750 θεοφιλέστατος
711 716 888 751 ἀρχιεπίσκο-

96 766 146 788 πος
178 759 423 794 συμφθεγγόμενός
444 760 526 792 ἐστι,
553 760 775 797 πολυτιμιωτὰτη
805 761 888 797 κυρία

98 810 161 838 μου.

147 872 223 900 ΡΠΘ’
234 873 544 908 (85).-Πιιντολέοντι
559 873 716 908 λοψθὲτῃ.
729 873 825 910 [ψξαἎ]

941 260 1038 292 niiisti,
1051 264 1078 286 et
1094 258 1260 294 praemisisti.
1276 258 1318 284 Sit
1334 257 1380 284 tibi
1401 257 1554 284 consolatio
1575 247 1684 288 idonea,
1702 261 1729 284 et

940 306 1091 341 gratiarum
1112 306 1279 340 agendarum
1297 308 1499 338 argumentum.
1518 302 1617 337 Utique
1635 302 1729 329 horta-

939 359 1002 378 mur
1013 357 1049 383 te,
1066 352 1129 378 licet
1142 350 1262 378 divinius
1281 349 1421 376 incitatam
1441 353 1470 376 et
1496 349 1659 383 prudentem
1676 355 1728 375 une

939 397 1085 432 deqiiaque
1102 402 1192 429 :esto,
1213 394 1450 431 quemadmodum
1467 395 1492 421 in
1514 394 1620 421 caeteris
1638 393 1730 421 omnid»

939 443 1001 474 lius,
1018 443 1063 470 hic
1080 443 1162 470 etiam
1177 443 1268 477 magni
1285 441 1370 468 animi
1387 441 1544 474 exemplum
1561 449 1567 466 :
1583 441 1728 475 pulchrum

940 488 1024 515 funus
1047 488 1232 523 pulcherrimo
1254 487 1306 522 ipsi
1327 494 1437 522 quoque
1460 486 1527 516 filio.
1546 490 1674 520 tanquam
1695 486 1729 512 de

940 533 974 560 iis
988 542 1047 568 quae
1060 534 1093 560 ad
1115 534 1191 560 illiilli
1210 536 1345 568 spectant.
1358 532 1401 566 pie
1419 531 1546 563 sollicita,
1562 531 1590 558 in
1605 531 1651 558 Dei
1666 538 1715 565 par

941 584 994 606 teni
1012 579 1141 606 offerens.
1154 579 1301 613 Propterea
1320 579 1392 604 enim
1413 577 1530 605 fortasse
1546 576 1616 604 Deus
1633 581 1657 603 te
1669 577 1730 604 illo-

939 632 1000 651 rum
1032 624 1079 659 qui
1112 628 1314 659 praecesserunt
1348 623 1472 650 ultimam
1501 623 1670 655 reservavit,
1701 627 1731 650 ut

940 671 1067 698 Omnibus
1081 670 1162 705 digne
1175 670 1229 697 Deo
1240 670 1393 706 dispositis,
1405 669 1519 697 feliciter
1530 670 1593 696 hinc
1601 669 1728 704 emigres,

940 721 968 743 et
984 724 1046 743 cum
1060 716 1127 750 ipsis
1138 716 1221 743 vitam
1236 721 1367 743 anei-nam
1384 715 1520 743 sai-tiaris.
1534 716 1596 743 llaec
1608 719 1635 742 et
1646 714 1731 741 frater

941 769 1036 792 noster
1048 764 1095 792 Dei
1110 766 1319 792 amantissimus
1335 765 1560 800 archiepiscopus
1572 772 1624 790 una
1636 763 1731 790 nobis-

940 819 1002 839 cum
1022 812 1156 846 loquitur,
1173 812 1284 839 domina
1311 820 1373 839 mea
1398 811 1479 847 longe
1505 811 1729 839 honoratissima.

1039 875 1208 904 CLXXXIX.
1222 892 1257 898 ——
1272 876 1443 904 Pantoleaiiti
1466 876 1628 912 Logothelw.

604 930 783 962 Depreeatoria
795 938 840 962 pro
852 931 984 957 Theodoto
999 932 1206 963 Protospathario.

131 984 228 1018 Ἰσμεν
245 985 292 1011 καὶ
308 985 340 1011 τὸ
369 986 611 1021 εὐπαῤῥησίαστον
635 989 785 1024 νεμεσητὸν
796 988 886 1023 ὑπάρ-

95 1038 153 1064 χειν
164 1039 171 1045 ·
187 1031 410 1065 συνεπιστάμεθα
426 1034 472 1059 καὶ
497 1034 543 1060 τὸν
563 1035 659 1070 καιρὸν
673 1035 805 1071 συστολὴν
822 1037 888 1071 ἡμῖν

95 1077 255 1112 ἐπιτρέπειν
265 1086 272 1093 ·
286 1078 344 1104 ἀλλ’
358 1079 434 1114 ὅμως
449 1080 478 1105 τὸ
493 1081 661 1115 ὑπερϐάλλον
672 1082 722 1114 τῆς
744 1082 887 1118 ἀμυθήτου

96 1131 144 1149 σου
156 1124 221 1158 περὶ
234 1124 308 1158 ἡμᾶς
318 1125 382 1156 τοὺς
397 1127 543 1158 ταπεινοὺς
561 1127 716 1154 εὐδιάθετον
732 1129 888 1163 ἠνάγκασεν

96 1170 169 1205 ἡμᾶς
194 1170 395 1207 τολμηρότερον
412 1173 565 1208 χρήσασθαι
591 1174 638 1200 καὶ
651 1175 719 1210 τῷδε
745 1176 783 1211 τῷ
799 1185 890 1212 γραμ-

97 1216 197 1251 ματίῳ.
211 1217 353 1252 Τολμηρὸν
368 1218 422 1253 γάρ
436 1220 509 1245 ἐστιν
525 1219 562 1251 ὡς
577 1219 685 1255 ἀληθῶς
710 1222 740 1248 οὐ
758 1222 839 1257 μόνον
855 1223 889 1250 τὰ

96 1261 157 1288 καθ’
172 1262 290 1293 ἑαυτοὺς
311 1264 469 1299 ἀναφέρειν,
485 1264 554 1291 ἀλλὰ
569 1266 616 1292 καὶ
634 1266 706 1302 ὑπὲρ
717 1267 821 1302 ἑτέρων
846 1268 889 1294 δε-

94 1307 208 1343 δεῆσθαι
219 1316 226 1324 ⁸
237 1309 323 1343 ὅμως,
341 1309 378 1341 ὡς
395 1310 512 1345 εἴρηται,
525 1311 555 1337 τὸ
571 1312 639 1338 πολύ
653 1321 698 1339 σου
710 1313 825 1348 εὐμενὲς
843 1315 889 1341 καὶ

94 1354 206 1382 διπλοῦν
224 1356 345 1389 εὐσεϐὲς,
362 1357 569 1393 παρεθάρρυνεν
593 1359 667 1394 ἡμᾶς
693 1360 839 1395 τολμῆσαι.
857 1361 889 1387 Τί

94 1401 141 1428 οὖν
155 1402 188 1428 τὸ
202 1402 365 1437 λεγόμενον;
381 1405 446 1440 περὶ
469 1406 597 1433 Θεοδότου
621 1407 669 1433 τοῦ
685 1408 888 1442 πρωτοσπαθα-

96 1457 166 1483 ριου,
185 1448 215 1480 ὃς
237 1449 311 1481 ὅπως
327 1451 400 1476 ἐστὶν
419 1452 576 1485 ἐναγώνιος,
609 1454 687 1480 αἰτία
710 1454 758 1481 τοῦ
786 1463 888 1482 συναπ-

95 1495 214 1529 άραντος
227 1495 301 1530 αὐτῷ
310 1497 454 1530 οἰκονόμου
465 1498 516 1533 τῆς
529 1500 691 1535 Ἐκκλησίας
708 1501 737 1527 ἐν
751 1502 783 1536 τῇ
796 1501 887 1535 Δύσει,

95 1540 271 1574 διαγινώσκει
290 1542 400 1575 πάντως
424 1544 440 1577 ἡ
466 1545 672 1581 ἀνυπέρϐλητός
688 1555 735 1573 σου
753 1548 886 1584 ὑπεροχή.

95 1586 144 1619 Τίς
156 1586 205 1614 οὖν
219 1588 298 1620 ἄλλος
318 1589 351 1616 ἂν
367 1590 524 1627 ἑξευρεθείη
540 1592 667 1627 ἁρρωγὸς
689 1593 736 1619 ἐπὶ
752 1595 786 1630 τῇ
811 1595 887 1621 ἀντι-

95 1633 176 1669 λήψει
189 1634 236 1661 τοῦ
251 1635 364 1670 ἀνδρόςς
384 1636 426 1668 τίς
438 1637 460 1663 δ’
476 1638 509 1663 ἂν
533 1638 762 1674 ὲχεφρονέστερος
773 1640 823 1676 τῆς
837 1641 887 1676 σῆς

97 1680 277 1714 μεγαλονοίας
302 1681 416 1708 συνιδεῖν
431 1682 462 1708 τὸ
481 1682 558 1715 δέον;
583 1684 625 1715 τίς
637 1684 665 1710 δὲ
682 1686 727 1711 καὶ
742 1686 756 1712 ὁ
782 1686 828 1713 ἐπὶ
842 1687 888 1713 τοῦ

95 1726 215 1759 κράτους
225 1726 255 1752 τὺ
268 1727 388 1760 ὑπόγυον
414 1721 482 1762 ἔχὲυν
499 1727 579 1756 πλέον
593 1729 644 1764 τῆς
666 1730 716 1765 σῆς
733 1739 890 1767 γνησιευτι-

95 1773 147 1807 κῆς
164 1773 385 1808 παραστάσεως;
400 1775 450 1805 Δὸς
461 1774 474 1800 ὃ
487 1775 603 1810 εἴληφας
617 1778 694 1811 παρὰ
705 1778 772 1804 Θεοῦ
800 1778 888 1812 ἕλεος,

95 1818 213 1845 δέσποτα
228 1819 399 1853 παμπόθητε,
419 1819 458 1855 τῷ
475 1821 604 1856 δεομένῳ.
633 1822 889 1859 Προκυλινδούμεοά

95 1873 142 1891 σου
159 1866 218 1896 τοίς
233 1866 334 1900 τιμίοις
361 1867 463 1901 ἴχνεσι·
483 1867 564 1902 βουλή
593 1877 640 1894 σου
655 1869 693 1901 ὡς
709 1870 792 1907 βουλὴ
805 1871 889 1906 ἀγγέ-

95 1910 140 1937 λου
153 1919 161 1926 ⁸
176 1912 254 1947 φωνή
276 1921 323 1938 σου
337 1912 375 1943 ὼς
391 1912 464 1947 βολὶς
491 1914 689 1948 ἀστράπτουσα
715 1918 747 1952 τῇ
769 1927 798 1944 τε
819 1918 886 1954 λαμ-

94 1958 213 1993 πρότητι
229 1959 279 1992 τῆς
289 1959 456 1994 παρρησίας,
473 1959 519 1984 καὶ
533 1961 565 1995 τῇ
584 1962 633 1995 τῆς
643 1961 754 1998 ἀγάπης
769 1964 887 2000 ἀγλαΐᾳ”

93 2001 127 2039 ἦς
140 2005 166 2030 εἰ
183 2003 312 2039 ἀξιωθείη
325 2004 438 2040 μέτοχος
453 2006 579 2039 γενέσθαι
594 2008 608 2033 ὁ
621 2008 716 2042 ἱκέτης
743 2017 802 2040 σου,
821 2010 889 2036 πάν-

94 2059 149 2081 τως
165 2050 199 2077 ἂν
212 2049 265 2082 ἔξω
277 2059 330 2077 που
342 2051 456 2086 γένηται
475 2052 529 2078 τῶν
548 2055 775 2089 κατηγορητικῶν
803 2054 889 2090 βελῶν

92 2096 141 2122 τοῦ
150 2097 343 2131 ἀντικειμένου
359 2098 445 2134 αὐτῷ,
457 2098 494 2130 ὼς
511 2096 587 2130 οἶδας
602 2099 616 2125 ὀ
641 2100 801 2135 ὐῲηλόνους,
817 2103 888 2129 κατὰ

92 2142 242 2177 διαφόρους
254 2143 383 2177 τρόπους,
403 2144 498 2178 Ἡμεῖς
508 2151 538 2170 τε
552 2145 576 2171 oi
596 2147 721 2173 ταπεινοὶ
747 2148 889 2182 προσοίσο-

94 2188 145 2222 μέν
162 2196 204 2214 σοι
224 2188 324 2220 πολλὰς
343 2189 391 2220 τὰς
412 2190 586 2224 εὐχαριστίας
606 2199 637 2217 τε
665 2192 712 2218 καὶ
734 2194 889 2229 προσευχὰς

91 2234 166 2269 ὑπὲρ
183 2234 282 2268 ὑγείας
296 2235 459 2270 ἀμφοτέρων
472 2236 560 2270 ὑμῶν,
577 2238 626 2273 τῆς
639 2237 726 2272 καλῆς
741 2238 828 2272 ὅντως
842 2240 889 2266 καὶ

978 988 1086 1016 Scimus
1106 988 1219 1015 nimiam
1243 987 1371 1023 loquendi
1398 987 1552 1014 libertatem
1576 987 1730 1021 expositam

939 1042 1000 1061 esse
1015 1034 1220 1069 reprehensioni
1235 1044 1242 1061 :
1259 1034 1362 1061 scimus
1374 1037 1504 1068 prieterea
1520 1039 1626 1068 tempus
1641 1034 1729 1067 ipsum

941 1080 1096 1107 cautionem
1120 1079 1204 1107 nobis
1232 1081 1366 1114 imperare
1389 1085 1532 1106 :aitameii
1561 1086 1731 1113 exsuperans

942 1132 996 1153 ture
1015 1134 1078 1161 erga
1103 1134 1153 1154 nos
1177 1126 1297 1153 humiles
1315 1126 1515 1161 inexplicabilis
1534 1124 1732 1152 benevolentia:

941 1173 1101 1207 magnitudo
1122 1173 1211 1208 coegit
1235 1181 1286 1200 nos
1304 1173 1437 1200 audacius
1462 1172 1505 1199 his
1532 1171 1615 1198 etiam
1633 1171 1731 1198 litteris

941 1220 991 1248 uti.
1005 1220 1134 1248 Auilaciee
1160 1221 1234 1248 enim
1254 1228 1346 1248 revera
1363 1225 1414 1252 est,
1438 1228 1492 1247 non
1516 1220 1603 1247 solum
1621 1221 1653 1246 de
1670 1227 1732 1254 pro—

940 1267 1008 1301 priis
1021 1267 1102 1294 rebus
1121 1267 1180 1296 suis
1197 1268 1312 1300 referre,
1329 1266 1375 1294 sed
1394 1274 1444 1301 pro
1459 1266 1522 1294 aliis
1538 1266 1622 1293 etiam
1639 1266 1733 1300 depre-

941 1312 998 1339 cari
1012 1322 1017 1338 :
1032 1317 1060 1340 et
1080 1317 1182 1344 tamen.
1203 1317 1232 1340 ut
1249 1312 1353 1340 dictum
1375 1318 1428 1345 est,
1452 1313 1552 1339 eximia
1574 1312 1732 1339 humanitas

941 1362 998 1389 tua,
1013 1363 1041 1385 et
1056 1359 1163 1394 gemina
1182 1360 1278 1394 pietas,
1302 1359 1483 1386 confirmavit
1505 1366 1555 1386 nos
1586 1363 1616 1386 ut
1647 1358 1719 1385 aude

941 1411 1044 1431 remus.
1068 1405 1139 1438 Quid
1157 1413 1223 1441 ergo
1248 1411 1291 1434 est
1309 1406 1380 1440 quod
1407 1405 1565 1440 loquimur?
1584 1405 1621 1432 De
1641 1404 1732 1432 Theo-

940 1450 1006 1478 doto
1026 1450 1260 1486 Protospathario,
1284 1452 1331 1486 qui
1351 1460 1407 1487 quo
1432 1456 1512 1486 pacto
1531 1452 1558 1478 in
1573 1451 1733 1479 discrimine

940 1501 1073 1528 versetur,
1101 1502 1212 1531 propter
1232 1504 1408 1524 oeconomum
1428 1496 1568 1529 Ecclesiae.
1590 1497 1655 1532 quia
1677 1505 1731 1524 una

941 1550 1003 1569 cum
1026 1542 1086 1577 ipso
1110 1542 1249 1576 navigavit
1267 1542 1295 1569 iii
1313 1542 1502 1574 Occidentem,
1521 1541 1598 1569 novit
1617 1549 1732 1577 prorsus

942 1589 1168 1624 incomparabilis
1192 1589 1341 1616 eminentia
1368 1594 1427 1616 tua.
1454 1589 1522 1622 Quis
1549 1589 1634 1624 igitur
1661 1589 1732 1616 alius

942 1635 1059 1662 inveniri
1077 1635 1186 1670 adjutor
1199 1627 1298 1671 possit,
1318 1637 1365 1672 qui
1383 1636 1434 1664 viri
1453 1644 1563 1664 causam
1581 1635 1734 1670 suscipiat?

940 1681 1008 1714 Quis
1023 1689 1122 1717 magna
1140 1686 1186 1708 tua
1203 1687 1295 1709 mente
1311 1683 1518 1718 intelligentior,
1535 1687 1565 1710 ut
1579 1684 1644 1718 quid
1659 1682 1733 1710 facto

939 1727 975 1754 sit
989 1735 1058 1762 opus
1074 1727 1240 1762 perspiciat?
1264 1727 1332 1761 Quis
1346 1733 1438 1756 autem
1455 1729 1534 1763 cujus
1557 1736 1637 1762 opera
1654 1735 1733 1762 paraa

940 1774 995 1800 tior
1015 1779 1043 1801 ct
1067 1774 1184 1801 validior
1209 1775 1246 1801 sit
1270 1783 1352 1809 quam
1381 1775 1489 1802 sincera
1516 1781 1560 1802 tua
1578 1774 1734 1810 proiectio?

941 1820 1027 1852 Quam
1050 1827 1065 1847 a
1082 1819 1138 1847 Deo
1151 1821 1281 1854 accepisti
1306 1821 1536 1854 misericordiam,
1555 1821 1667 1848 domine
1685 1820 1733 1847 ded

941 1867 1150 1899 sideratissiiim,
1172 1867 1316 1901 impertire
1333 1868 1495 1902 postulanti.
1523 1867 1670 1894 llonoralis
1686 1875 1734 1894 ve-

940 1914 1032 1948 stigiis
1046 1914 1101 1941 tuis
1117 1914 1291 1941 advolvimur
1306 1923 1312 1940 :
1327 1914 1475 1942 consilium
1492 1920 1567 1941 tuum
1584 1914 1655 1941 sicut
1668 1921 1734 1940 coii-

941 1959 1034 1986 silium
1058 1961 1147 1996 angeli
1164 1969 1171 1987 :
1188 1967 1241 1987 vox
1264 1965 1309 1987 tua
1327 1961 1402 1987 velut
1423 1961 1515 1995 fulgur
1530 1968 1683 1987 coruscans
1706 1963 1734 1986 et.

940 2005 1074 2033 libertatis
1098 2006 1235 2037 claritate.
1256 2011 1283 2033 et
1301 2007 1446 2041 splendore
1468 2006 1612 2034 charitatis
1630 2015 1636 2032 :
1653 2006 1733 2040 (‘lljlla

940 2051 1077 2086 particeps
1092 2051 1115 2078 si
1135 2052 1194 2078 fieri
1210 2052 1341 2078 meruerit
1358 2052 1473 2087 supplex
1493 2056 1566 2084 tuus,
1584 2051 1733 2079 adveisarii

941 2098 983 2125 sui
1001 2098 1187 2125 accusationis
1199 2098 1292 2132 jaeula
1305 2099 1414 2133 penitus
1434 2098 1531 2125 evadet
1546 2099 1631 2126 variis
1645 2099 1734 2126 modis

940 2145 987 2180 qui
1015 2145 1063 2172 tibi
1082 2152 1131 2180 pro
1157 2145 1211 2172 alta
1237 2149 1329 2172 mente
1352 2150 1399 2172 tua
1419 2146 1554 2182 perspecti
1578 2150 1653 2173 sunt.
1677 2145 1733 2173 Nos

941 2198 1004 2218 vero
1020 2191 1139 2218 humiles
1162 2191 1314 2226 gratiarum
1331 2191 1455 2218 actiones
1477 2191 1610 2226 plurimas
1635 2191 1732 2218 redde-

941 2246 1013 2269 iiius,
1041 2242 1067 2264 ct
1098 2245 1195 2272 preces
1216 2245 1265 2272 pro
1293 2237 1484 2264 incolumitate
1513 2238 1659 2272 utriusque
1685 2245 1733 2263 vc—

91 2280 262 2315 ἁξιαγάστου
283 2281 425 2315 συζυγίας.
444 2283 498 2308 Καὶ
517 2283 587 2318 τάχα
605 2284 675 2320 ὑπὲρ
687 2285 736 2320 τὴν
758 2287 813 2312 τῶν
824 2287 887 2322 χρύ-

943 2288 1043 2313 struin,
1065 2282 1189 2317 pulchra:
1211 2281 1325 2308 omnino
1340 2287 1366 2309 et
1381 2281 1550 2309 admirandae
1565 2282 1679 2317 copuhe.
1701 2281 1734 2309 Et

91 2335 143 2353 σεα
158 2327 234 2361 δῶρα
248 2327 456 2362 προσφερόντων
479 2330 529 2354 οὐκ
546 2330 694 2364 ἀτιμοτέρα
722 2330 766 2366 εἴη
790 2331 855 2366 ὑμῖν
870 2333 887 2368 ὴ

91 2373 265 2407 θεοπάροχος
282 2373 382 2408 δωρεὰ,
399 2374 447 2400 καὶ
469 2374 486 2409 ἡ
500 2374 554 2401 ἀπὸ
574 2375 678 2410 Κυρίου
695 2377 888 2413 χορηγουμένη

91 2419 237 2454 εὐμένεια,
253 2419 292 2450 εις
308 2419 443 2454 σωτηρίαν
456 2419 547 2455 ψυχῆς
566 2428 596 2446 τε
620 2421 688 2456 ὁμοῦ
703 2422 749 2448 καὶ
763 2422 889 2458 σώματος

91 2464 173 2500 ὑμῶν
187 2464 237 2500 τῆς
251 2463 431 2499 παμποθήτου
445 2465 492 2491 καὶ
507 2466 632 2500 πανευφή
637 2475 688 2500 μου
701 2466 806 2499 δυάδος.

165 2563 214 2595 ΡΗ
231 2562 299 2597 (84).
319 2576 355 2582 --
373 2563 512 2597 Θεοφάνη
525 2563 691 2598 μονάζοντι.
709 2566 803 2604 [ψξξπ]

942 2328 1060 2356 fortasse
1085 2327 1211 2355 beneﬁcii
1237 2327 1334 2359 divini,
1365 2332 1393 2355 et
1416 2335 1431 2354 a
1460 2327 1574 2355 Domino
1600 2328 1734 2355 submini—

942 2380 1034 2402 stratae
1065 2373 1246 2401 humanitatis
1281 2374 1355 2401 haud
1388 2375 1480 2402 minus
1512 2375 1628 2410 pretium
1654 2375 1734 2402 vobis

942 2421 1088 2452 ambobus.
1111 2421 1321 2448 amabilissimis
1338 2426 1365 2448 et
1387 2421 1550 2449 clarissimis
1573 2421 1649 2454 viris,
1667 2429 1735 2448 con-

943 2468 1028 2495 stabit
1042 2467 1076 2494 ad
1097 2467 1197 2494 animae
1211 2467 1294 2495 simul
1307 2472 1335 2494 et
1349 2468 1476 2502 corporis
1497 2468 1581 2494 vestri
1603 2468 1732 2500 salutem,

943 2521 1025 2549 quam
1045 2514 1068 2541 si
1088 2513 1136 2548 qui
1153 2521 1236 2541 aurea
1253 2513 1325 2541 dona
1340 2513 1505 2548 proferrent.

1055 2570 1132 2598 CXC.
1145 2585 1181 2591 —
1197 2570 1348 2604 Theophani
1367 2569 1440 2607 (84*)
1454 2570 1581 2598 monacho
1598 2571 1647 2607 (‘).

408 2619 479 2648 Quod
489 2619 611 2651 Christus,
623 2622 735 2648 Christus
751 2632 801 2650 non
812 2631 860 2657 est,
875 2628 924 2653 nisi
934 2626 1152 2654 circumscribatur
1163 2630 1248 2652 nostra
1261 2627 1356 2659 efﬁgie.

134 2669 168 2697 Ετ
180 2678 223 2696 σοι
234 2669 313 2704 φίλον
327 2669 358 2696 τὸ
372 2670 440 2706 πρὸς
454 2671 534 2706 ἡμῶν
548 2672 604 2700 τῶν
620 2674 736 2703 εὐτελῶν
749 2677 867 2713 γράμμα
877 2699 885 2710 ,

977 2680 1004 2706 Si
1020 2685 1045 2707 te
1061 2679 1226 2707 humilitatis
1239 2684 1339 2707 nostra;
1357 2680 1453 2708 littera:
1464 2681 1610 2715 delectant,
1624 2691 1733 2712 rursum

861 2745 977 2774 NOTAE.

135 2809 192 2845 (83)
208 2809 239 2836 1n
253 2808 314 2836 cod.
330 2807 398 2845 lie“.
411 2808 481 2844 pt,6'.

137 2843 192 2880 (84⁷)
209 2845 238 2880 lii
250 2844 310 2870 eod.
329 2843 395 2877 lieg.
412 2843 484 2878 ριιγι.

138 2880 211 2916 (84⁸)
224 2879 368 2910 Cerameo,
379 2885 472 2913 postea
484 2881 690 2918 archiepiscopo
703 2882 883 2911 Tauromeni-

265 2925 405 2957 Γιτιιοι..
423 2926 482 2958 Gn.
497 2927 610 2960 XCIX.

940 2818 1015 2847 tano,
1040 2815 1120 2850 cuius
1135 2820 1244 2842 exstant
1261 2815 1383 2843 llo:nilia:
1404 2815 1430 2842 in
1449 2814 1597 2850 Evangelia
1614 2816 1735 2845 Domini-

937 2849 1004 2877 calia
1019 2854 1045 2876 et
1061 2849 1139 2881 festa.
1156 2856 1209 2877 etc.

974 2885 1010 2920 (δι)
1029 2884 1195 2920 Dugiiiatica.

1527 2932 1564 2961 ου
