1927 3089
205 147 272 180 1579

807 149 838 179 S.
853 148 1050 178 THEODORI
1075 149 1248 179 STUDITIE
1276 152 1280 158 ‘

1769 148 1831 181 1780

203 205 306 239 accipe,
322 204 363 231 vir
379 204 540 232 charissima
554 224 561 236 ,
585 212 640 231 non
656 212 718 238 qua:
743 204 879 231 facundizc
899 209 927 230 ct
941 204 993 230 elc-

1047 203 1134 238 δέχοιο
1156 204 1204 230 καὶ
1223 203 1312 236 αὖθις,
1333 200 1356 230 ὦ
1372 203 1539 239 τριπόθητε·
1555 203 1633 230 οὐδὲν
1653 204 1703 239 μὲν
1722 204 1783 240 ἔχον
1794 205 1832 231 εὖ·

201 250 300 286 gantia:
312 250 462 285 quidquam
478 250 606 282 habeant,
618 256 647 277 ut
667 255 695 277 tu
707 250 848 277 blandiens
864 250 948 282 dicis;
968 254 996 278 at

202 304 264 330 quzc
276 295 421 322 charitatis
437 295 592 330 symbolum
605 299 671 321 sunt
684 294 870 329 proculdubio
884 302 891 321 :
908 302 996 328 quan-

201 344 284 374 tuque
296 340 451 367 crebriores
471 340 575 367 fuerint
590 339 745 367 litterarum
762 340 848 371 vices,
869 343 951 366 tanto
968 344 996 367 et

199 386 343 413 charitatis
355 390 461 413 crescat
471 386 587 414 affectus
601 395 608 414 :
621 394 676 421 quo
692 385 758 421 quid
774 385 921 420 optabilius
933 393 995 413 esse

199 431 311 466 possit?
330 431 428 459 Verum
448 432 504 459 haec
518 432 602 459 missa
633 432 766 459 faciamus
781 441 788 460 :
803 431 838 459 ad
853 432 993 466 sequentia

199 480 404 512 pcrgatoratio.
422 477 492 510 Quid
505 478 558 505 hoc
572 481 616 505 cst
628 478 701 513 quod
717 478 788 513 apud
798 485 846 505 vos
860 482 994 506 tentatum

198 527 241 550 est
258 522 376 549 novi?cl
407 522 520 557 quinam
544 523 571 549 hi
597 523 660 550 novi
680 524 824 556 dracones,
840 523 994 559 Charybdis

199 569 288 595 instar
311 568 490 595 absorbentcs
519 568 645 602 animas,
669 576 731 604 qua:
758 569 881 596 veritatis
909 569 994 596 verbo

200 615 316 642 ﬁrmata:
327 623 382 642 non
396 614 478 642 sunt?
493 614 534 642 Tu
546 615 656 650 quidem
669 615 742 643 haud
755 615 903 643 nominasti
920 624 927 643 :
943 623 994 643 nos

200 669 284 694 vero,
311 660 395 688 etiam
424 652 571 696 antequam
593 661 690 688 litterae
712 666 765 688 tuae
792 661 991 697 signiﬁcarent,

198 707 379 734 vehementer
391 707 558 742 planximus,
576 707 657 734 unius
670 707 790 734 hominis
807 715 891 734 causa
908 707 993 734 haere-

199 753 266 786 tici,
293 761 340 780 seu
363 753 456 787 potius
480 760 574 780 revera
600 752 751 787 blasphemi
773 752 799 780 in
819 752 922 786 Deum,
946 753 993 788 qui

199 799 361 827 chartularii
380 807 479 827 munus
500 799 563 827 istic
578 800 612 826 ab
628 799 794 834 imperatore
812 799 927 834 adeptus
939 803 990 831 est,

199 845 271 872 hanc
286 846 472 873 celeberrimae
498 845 601 872 Siciliae
617 845 767 880 perniciem
784 845 907 873 dicentes
921 844 993 872 obti-

199 891 283 926 gisse.
303 891 377 918 Istud
402 896 493 918 autem
520 891 634 919 exitium
657 899 713 918 non
730 898 762 918 ex
776 890 927 926 dogmatica
940 891 989 918 do-
1007 886 1027 912 Β

199 937 288 965 ctrina
303 936 450 964 conﬂatum
461 940 503 963 cst
520 945 526 963 :
543 935 677 963 doctrinae
693 936 765 963 enim
780 943 878 970 expers
895 935 991 971 ingens

199 984 258 1011 haec
272 988 362 1012 statua
378 992 385 1010 :
399 983 446 1010 sed
465 983 499 1010 ab
512 982 596 1017 impia
612 988 703 1010 mente
717 981 881 1018 profectum.
898 986 990 1016 atque,

198 1035 229 1058 ut
246 1030 318 1065 quod
333 1030 425 1057 verius
445 1035 487 1057 est
500 1029 619 1062 dicatur,
635 1028 670 1056 ad
686 1028 853 1063 impietatem
874 1035 888 1055 a
905 1027 992 1063 majo-

198 1078 275 1105 ribus
290 1082 384 1105 natum
399 1086 405 1104 :
426 1083 452 1104 et
468 1077 579 1112 quidem
596 1084 659 1104 cum
675 1076 783 1104 duobus
795 1075 857 1102 aliis
875 1082 991 1102 consan-

197 1125 315 1160 guineis.
329 1124 444 1152 Sedhos
453 1123 585 1157 Trinitas,
596 1123 666 1156 scio,
682 1122 847 1158 proﬂigabit,
860 1126 887 1149 et
898 1125 990 1148 vestro

197 1176 225 1198 et
241 1171 357 1198 aliorum
375 1170 421 1205 qui
439 1170 579 1197 veritatem
598 1177 652 1196 una
663 1168 813 1196 defendunt
824 1175 871 1194 ore
886 1166 988 1194 divino.

199 1217 237 1245 Te
256 1225 322 1246 vero
337 1221 364 1244 et
379 1217 418 1244 tui
435 1217 539 1245 similes
555 1217 668 1244 minime
688 1216 778 1244 turbet
794 1215 884 1242 adhuc
897 1213 990 1241 l‘urens

198 1263 322 1291 haeresis.
338 1262 465 1290 Nondum
481 1262 554 1289 enim
569 1268 718 1289 excussum
739 1264 766 1287 et
787 1263 933 1287 contusum
949 1262 991 1285 est

198 1310 313 1341 malum,
326 1316 378 1336 nec
395 1309 463 1336 satis
477 1308 567 1336 adhuc
582 1307 714 1344 probatus
725 1305 843 1333 ﬁdelium
861 1305 887 1332 in
905 1304 990 1332 Deum

198 1362 276 1382 amor
290 1363 296 1381 :
313 1362 346 1382 ac
359 1360 491 1388 praeterea
509 1361 562 1381 non
583 1360 729 1388 possumus
743 1351 847 1387 ingredi
865 1351 893 1378 in
909 1350 991 1386 abys-

197 1408 260 1429 sum
277 1400 446 1436 judiciorum
464 1399 521 1432 Dei,
537 1399 677 1434 quomodo
690 1398 822 1434 populum
845 1405 925 1425 suum
950 1397 992 1423 in-

199 1447 339 1474 ﬁdelitatis
347 1446 467 1481 procella
478 1453 566 1480 usque
576 1445 645 1473 adeo
657 1444 754 1480 agitari
763 1445 844 1471 sinat.
855 1443 990 1470 Caeterum

198 1493 337 1521 sermonis
353 1492 495 1520 conclusio
509 1497 563 1525 est,
587 1496 614 1519 ut
628 1491 673 1526 qui
686 1490 791 1525 probati
813 1494 885 1520 sunt,
905 1489 991 1515 mani—

195 1543 261 1580 festi
276 1541 343 1578 ﬁant
357 1541 403 1575 ";
433 1540 505 1568 sicut
531 1538 672 1574 sapientia:
695 1537 870 1573 dispensator
889 1535 991 1563 Paulus

200 1590 281 1618 dixit.
297 1588 470 1624 Quapropter
485 1586 640 1618 hortamur,
657 1589 683 1612 et
695 1584 883 1615 obsecramus,
899 1589 933 1608 ne
945 1581 992 1608 fa—

200 1636 306 1671 tigeris,
322 1643 412 1670 neque
425 1641 518 1661 cesses
537 1631 711 1660 adversarios
722 1637 882 1666 coarguere,
897 1636 931 1656 ex
948 1628 992 1655 in-

201 1684 273 1722 timq
288 1681 381 1709 cordis
395 1680 435 1707 tui
455 1687 527 1715 penu
552 1678 644 1705 divina
673 1684 802 1712 promens
818 1676 991 1708 documenta,

200 1733 285 1764 atque
299 1728 365 1754 hinc
382 1726 529 1762 perspicue
545 1724 757 1755 demonstrans,
779 1721 921 1749 Christum
936 1727 993 1746 non

201 1783 263 1803 esse
276 1773 428 1804 Christum,
444 1771 496 1799 nisi
512 1770 591 1806 juxta
607 1769 722 1804 ﬁguram
737 1772 857 1794 nostram
875 1766 993 1793 circum-

201 1821 352 1856 scribatur.
368 1818 436 1846 Nam
453 1818 476 1845 si
501 1824 567 1845 caro
598 1815 688 1842 factus
716 1817 768 1846 est,
798 1813 894 1848 utique
910 1811 994 1839 veluti

201 1875 266 1895 caro
292 1864 547 1894 circumscribetur.
567 1861 646 1895 Quod
662 1867 727 1887 vero
746 1867 800 1886 non
816 1858 993 1888 circumscri-

202 1914 296 1945 bitur,
323 1911 350 1939 id
379 1911 451 1938 intra
467 1909 666 1936 humanitatem
686 1914 740 1933 non
763 1910 826 1939 est,
847 1905 894 1932 sed
916 1908 994 1932 extra

202 1961 275 1987 hanc
292 1957 365 1985 haud
380 1957 472 1989 dubie,
486 1962 593 1982 necnon
608 1958 687 1981 extra
699 1953 799 1985 locum,
816 1956 845 1979 et
861 1957 969 1986 tempus
985 1960 992 1978 :

203 2006 275 2033 Deus
293 2004 400 2036 nudus,
428 2009 510 2038 quem
528 2005 625 2028 natura
641 1998 946 2034 incomprehensibilem
967 2002 995 2025 ct

202 2051 376 2080 indeﬁnitum
406 2048 525 2076 dicimus
551 2052 578 2075 et
607 2046 769 2082 cogitamus.
786 2044 876 2079 Atque
894 2044 945 2071 hoc
960 2051 994 2071 ex

203 2105 297 2125 rerum
312 2101 412 2123 natura
424 2102 472 2130 per
482 2097 584 2122 certam
594 2092 716 2120 veritatis
729 2091 993 2119 demonstrationem

202 2143 281 2179 sequi
299 2149 411 2170 necesse
429 2145 473 2169 est
489 2149 497 2168 ι
513 2138 703 2168 circumscribi
729 2144 828 2172 nempe
843 2137 1007 2173 Christum,’

202 2194 231 2217 et
249 2190 276 2216 in
292 2189 411 2224 imagine
429 2187 538 2215 adorari
555 2195 562 2214 :
582 2195 591 2212 ι
611 2184 751 2220 Siquidem
769 2184 796 2211 iu
816 2183 937 2218 imagine
952 2191 996 2210 ar-

203 2223 589 2273 chetypumirepmsentatur,
602 2242 611 2259 ι
630 2232 703 2260 sicut
719 2231 822 2259 alicubi
836 2231 945 2258 divinus
958 2231 995 2258 ait
1010 2223 1034 2253 υ

206 2283 353 2319 Dionysius
369 2291 377 2309 :
393 2287 420 2309 et
431 2280 495 2308 alibi
514 2289 521 2307 :
542 2289 551 2306 ι
571 2279 694 2306 Alterum
715 2278 744 2304 in
769 2277 875 2310 altero,
897 2281 995 2312 praeter

204 2329 364 2358 substantiae
379 2327 573 2356 diﬁ'erentiam.
590 2335 600 2352 ›
620 2325 710 2360 Quare
729 2324 776 2359 qui
795 2327 875 2358 negat
886 2323 994 2358 depingi

204 2376 356 2408 Christum,
372 2375 395 2402 is
411 2379 506 2401 natum
521 2372 661 2400 hominem
675 2379 737 2399 esse
753 2371 864 2405 negavit
878 2378 885 2397 :
902 2375 929 2397 et
947 2369 995 2404 qui

204 2423 264 2458 ejus
280 2421 428 2457 imaginem
443 2427 497 2447 non
518 2419 625 2450 adorat,
641 2425 758 2453 prorsus
770 2425 804 2444 ne
822 2417 910 2450 ipsum
934 2415 996 2450 qui-

204 2470 266 2498 dem
284 2467 463 2500 adorat,licet
476 2465 592 2493 adorare
606 2471 636 2491 se
649 2467 724 2498 putet
739 2472 746 2490 :
760 2461 995 2498 quandoquidem,

205 2522 236 2544 ut
253 2522 344 2544 sermo
361 2521 439 2542 sacer
455 2512 494 2539 ait
509 2520 515 2538 :
531 2510 656 2546 [nfideles
684 2509 843 2544 conﬁtentur
868 2517 895 2536 se
911 2508 996 2535 Deum

204 2571 291 2595 nosse,
310 2561 390 2597 {actis
405 2564 493 2586 autem
521 2562 617 2593 negant
629 2558 662 2584 ³³,
687 2556 750 2584 Haec
773 2564 821 2592 ego
838 2555 995 2582 reverentiae

206 2614 259 2636 tua:
279 2615 333 2634 non
349 2612 480 2640 tauquam
501 2602 640 2639 ignoranti
656 2601 783 2636 exposui,
800 2600 848 2628 sed
864 2606 994 2634 tauquam

203 2655 301 2682 eadem
329 2652 475 2684 sentienti,
506 2658 539 2678 ac
561 2649 645 2677 veluti
659 2652 763 2683 guttam
787 2654 820 2674 ex
836 2646 994 2680 dogmatum

205 2701 302 2736 pelago
327 2698 483 2726 hauriens:
512 2704 575 2724 cum
599 2695 713 2722 inﬁnitae
737 2697 868 2728 praeterea
895 2699 996 2727 suppe-

205 2751 264 2774 tant
290 2745 404 2772 Patrum
426 2744 595 2775 tscntentiae,
623 2748 679 2768 una
701 2747 763 2767 cum
785 2742 877 2765 vetere
908 2738 995 2765 histo-

207 2793 245 2819 ria
274 2792 308 2819 ah
320 2791 435 2819 exordio
455 2790 514 2825 ipso
539 2787 703 2823 evangelicae
730 2783 940 2821 praedicationis,
962 2784 996 2812 ad

242 2884 263 2900 ³¹
282 2882 291 2909 Ι
310 2882 373 2910 Cor.
389 2890 426 2915 χι,
447 2881 490 2909 19.
530 2881 551 2897 ⁸³
568 2879 622 2908 Tit.
639 2887 658 2912 ι,
673 2879 716 2908 16.

1048 249 1154 285 πρεπές
1176 258 1207 276 τε
1233 251 1280 276 καὶ
1298 250 1442 285 εὐφραδὲς,
1460 250 1498 281 ὡς
1521 249 1614 285 χάριτι
1630 249 1693 285 φὴς,
1710 250 1741 276 τὸ
1753 249 1775 277 δ’
1790 248 1834 277 οὖν

1046 297 1096 330 τῆς
1111 295 1220 330 ἀγάπης
1237 294 1371 329 σύμϐολον
1386 295 1434 322 καὶ
1451 295 1523 322 πάνυ
1534 295 1775 330 ὁμολογουμένως·
1791 294 1834 322 καί

1046 349 1078 375 γε
1096 341 1157 366 ὅσον
1170 341 1187 375 ἡ
1204 340 1340 372 ἀντίδοσις
1353 340 1407 366 τῶν
1426 340 1600 375 γραμμάτων
1613 340 1726 373 γίνοιτο,
1741 339 1833 366 τοσοῦ-

1045 387 1116 422 τονή
1127 386 1177 421 τῆς
1189 386 1300 420 ἀγάπης
1308 386 1429 418 διάθεσις
1438 386 1557 418 αὔξοιτο.
1573 383 1610 413 Oi)
1627 387 1652 413 τί
1664 386 1696 413 ἂν
1707 386 1750 420 εἴη
1759 395 1835 412 σπου-

1045 431 1185 468 δαιότερον
1197 440 1204 464 ;
1228 432 1310 458 ’Λλλά
1320 432 1401 458 τοῦτο
1412 432 1460 458 νῦν
1470 431 1573 459 κείσθω
1584 432 1713 459 ἐνταῦθα’
1731 432 1800 467 πρὸς
1809 432 1835 458 δὲ

1045 477 1076 504 τὸ
1090 478 1155 512 ἑξῆς
1177 478 1317 513 βαδιστέος
1337 480 1351 505 ὀ
1370 478 1458 512 λόγος.
1479 478 1512 504 Τί
1530 478 1561 505 τὺ
1576 478 1622 505 νῦν
1640 478 1835 513 καινοτομηθὲν

1045 524 1074 550 ὲν
1093 524 1149 555 τοῖς
1169 524 1284 556 αὐτόθι;
1309 524 1356 551 καὶ
1381 524 1453 555 τίνες
1474 525 1499 550 οἱ
1524 525 1665 557 νεοφανεῖς
1690 523 1834 558 δράκοντες

1044 569 1220 605 Χαρυϐδηδὸν
1242 570 1439 601 καταπίνοντες
1460 570 1550 605 ψυχὰς
1575 570 1612 605 μὴ
1633 569 1834 604 ὲστηριγμένας

1044 615 1083 650 τῷ
1098 615 1170 650 λόγῳ
1181 615 1231 649 τῆς
1242 615 1373 651 ἀληθείας
1384 624 1391 647 ;
1401 616 1487 647 Αὐτὸς
1504 615 1554 650 μὲν
1568 614 1615 642 οὖν
1631 616 1680 642 οὐκ
1695 615 1834 649 ὲξωνομά-

1043 670 1122 693 τισας
1133 670 1140 676 ·
1156 662 1238 697 ἡμεῖς
1259 661 1297 694 δὲ,
1316 662 1364 688 καὶ
1379 661 1432 697 πρὸ
1447 662 1495 696 τῆς
1519 661 1663 696 δηλώσεως
1675 661 1730 687 τῶν
1743 670 1834 696 γραμκ

1045 707 1148 742 μάτων,
1172 707 1411 742 κατεστενάξαμεν
1425 708 1465 734 ὅτι
1479 707 1595 743 μάλιστα
1612 707 1654 741 ἐφ’
1670 707 1747 742 ἀνδρὶ
1757 708 1834 742 αἱρε-

1043 753 1123 789 τικῷ,
1142 754 1243 788 μᾶλλον
1262 754 1291 781 δὲ
1310 754 1464 790 βλασφήμῳ
1492 753 1531 788 τῷ
1550 753 1608 780 όντι
1628 754 1667 784 εἰς
1690 753 1767 785 Θεὸν,
1792 754 1835 779 λα-

1043 799 1116 834 χόντι
1136 801 1166 825 ὲν
1189 801 1248 831 τοῖς
1271 799 1365 826 αὐτόθι
1389 800 1467 835 παρᾶ
1481 799 1529 825 τοῦ
1549 795 1666 834 κράτους
1683 800 1832 834 χαρτουλα-

1044 845 1146 880 ρεύειν,
1163 847 1253 872 ἐκεῖνο
1276 846 1411 877 εἰπόντες,
1428 846 1470 872 ὄτι
1486 854 1518 880 γε
1537 845 1587 881 τῆς
1613 845 1777 881 περιϐοήτου
1793 846 1835 872 Σι-

1042 891 1136 922 κελίας
1150 892 1268 926 ἔφθασεν
1283 892 1403 927 ὄλεθρος.
1418 892 1484 918 Τόδε
1507 892 1537 919 τὸ
1553 892 1631 927 πῆμα
1646 892 1695 918 οὐκ
1712 892 1744 919 ὲκ
1772 891 1835 925 δογ-

1045 938 1164 972 ματικῆς
1178 938 1279 974 πείρας
1302 938 1519 973 τετεχνωμένον·
1535 940 1648 975 ἄπειρον
1671 939 1725 974 γὰρ
1745 939 1775 965 τὺ
1789 939 1835 965 ἁν-

1043 983 1216 1020 δριαντάριον
1227 992 1234 999 ·
1257 984 1316 1011 ἀλλ’
1330 984 1360 1017 ἐξ
1383 984 1499 1017 ἀσεϐοῦς
1519 984 1632 1020 γνώμης
1648 985 1835 1020 πεπληρωμέ-

1043 1039 1099 1064 νον,
1116 1030 1164 1057 xui.
1184 1031 1228 1058 ἵνα
1245 1030 1445 1067 τάληθέστερον
1465 1031 1573 1067 ῥηθείη,
1587 1031 1721 1066 πατρόθεν
1744 1032 1791 1058 ἐπὶ
1806 1031 1836 1057 τὸ

1042 1076 1153 1104 ἀσεϐεῖν
1170 1077 1308 1113 ἠγμένον
1323 1077 1370 1104 καί
1385 1086 1417 1112 γε
1444 1079 1493 1105 σὺν
1510 1078 1586 1105 δυσὶν
1609 1078 1700 1110 ἄλλοις
1716 1077 1834 1113 ὁμαίμο-

1043 1132 1096 1150 σιν.
1120 1123 1202 1150 Ἀλλὰ
1216 1123 1332 1155 τούτους
1349 1124 1430 1160 μὲνὴ
1451 1124 1537 1160 Τριὰς
1557 1123 1605 1151 οἷδ’
1625 1125 1665 1152 ὅτι
1685 1124 1835 1160 ἐπιρραπί-

1043 1178 1126 1203 σειεν,
1150 1170 1255 1202 ἐνθέοις
1279 1170 1413 1206 στόμασιν
1432 1171 1509 1206 ὑμῶν
1525 1179 1554 1197 τε
1571 1171 1617 1198 καὶ
1636 1171 1691 1198 τῶν
1715 1171 1834 1198 ἐνταῦθα

1042 1215 1273 1252 ὑπερμαχούντων
1290 1217 1339 1252 τῆς
1350 1217 1487 1253 ἀληθείας.
1504 1217 1537 1244 Σὲ
1549 1217 1577 1244 δὲ
1590 1219 1637 1244 καὶ
1652 1215 1775 1249 τὸν.οἷος
1790 1218 1833 1250 σὺ,

1044 1262 1128 1297 μηδὲν
1146 1262 1273 1295 ξενιζέτω
1302 1264 1319 1297 ἠ
1343 1263 1384 1289 ἔτι
1399 1263 1523 1290 λυττῶσα
1546 1264 1663 1299 αἵρεσις.
1678 1264 1763 1292 Οὔπω
1781 1265 1835 1300 γὰρ

1042 1309 1221 1344 ἐκτέτριπται
1252 1309 1284 1336 τὸ
1303 1309 1399 1342 κακὸν,
1425 1309 1486 1336 οὔτε
1514 1310 1706 1346 δεδοκίμασται
1733 1311 1835 1342 ίκανῶς

1041 1355 1098 1382 τῶν
1120 1355 1226 1382 πιστῶν
1248 1355 1278 1382 τὸ
1300 1355 1435 1390 φιλόθεον,
1450 1357 1497 1382 καὶ
1512 1357 1604 1392 τρίτον
1619 1358 1670 1392 οὐχ
1685 1355 1735 1384 οἷοί
1750 1359 1836 1393 ἐσμεν

1042 1396 1205 1437 ἐμϐατεύειν
1231 1402 1272 1433 είς
1295 1401 1415 1429 ἄϐυσσον
1436 1403 1581 1437 χριμάτων
1605 1402 1690 1429 Θεοῦ·
1709 1404 1772 1430 καθ’
1789 1404 1836 1436 οὓς

1041 1447 1159 1483 τρόπους
1173 1447 1300 1483 ἀνέχεται
1315 1446 1408 1483 ἀκμὴν
1423 1448 1635 1481 κλυδωνίςεσθαι
1647 1449 1687 1484 τῷ
1699 1450 1773 1485 σάλῳ
1788 1450 1836 1485 τῆς

1041 1493 1173 1524 ἀπιστίας
1197 1493 1243 1520 τὸν
1272 1493 1336 1520 λαὸν
1358 1493 1454 1520 αὑτοῦ.
1472 1493 1547 1530 Πλὴν
1572 1497 1761 1531 συμπέρασμα
1788 1495 1835 1522 τοῦ

1042 1540 1133 1574 λόγου,
1148 1541 1198 1567 ἵνα
1211 1542 1238 1568 οἱ
1252 1540 1368 1575 δόκιμοι
1384 1540 1507 1575 φανεροί
1533 1540 1697 1575 γίγνοιντο,
1709 1542 1747 1574 ὡς
1762 1543 1777 1569 ό
1788 1544 1837 1578 τῆς

1044 1587 1142 1620 σοφίας
1159 1588 1261 1622 ταμίας
1283 1586 1388 1618 Παῦλος
1408 1587 1510 1622 λέλεχε.
1528 1587 1574 1614 Διὸ
1589 1588 1636 1614 καὶ
1656 1589 1836 1624 παρακαλοῦ-

1045 1641 1095 1668 μεν
1111 1633 1159 1660 καὶ
1178 1632 1375 1668 ἀντιϐολοῦμεν
1398 1632 1436 1668 μὴ
1456 1633 1597 1666 ὲκκακεῖν,
1617 1633 1838 1670 διακατελέγχειν

1044 1688 1074 1705 σε
1093 1679 1157 1711 τοὺς
1180 1680 1368 1711 ὑπεναντίους,
1389 1680 1421 1705 ὲκ
1442 1678 1497 1705 τῶν
1515 1678 1620 1706 ἀδύτων
1642 1680 1764 1714 ταμείων
1790 1680 1840 1715 τῆς

1044 1725 1156 1760 καρδίας
1169 1734 1216 1751 σου
1233 1725 1380 1760 προφέρων
1394 1725 1428 1752 τὰ
1447 1726 1507 1751 θεῖα
1523 1725 1688 1760 διδάγματα·
1705 1727 1753 1753 καὶ
1769 1727 1838 1753 ὐπο-

1044 1772 1177 1799 δεικνύων
1201 1770 1329 1798 ἐντεῦθεν
1356 1771 1503 1807 ἀριδήλως,
1522 1772 1564 1798 ὃτι
1581 1772 1698 1807 Χριστὸς
1718 1772 1749 1799 οὐ
1771 1773 1842 1808 Χρι-

1045 1818 1117 1851 στὸς,
1134 1819 1158 1844 εἰ
1174 1818 1213 1853 μὴ
1233 1818 1435 1854 περιγράφοιτο
1449 1819 1483 1854 τῇ
1500 1818 1561 1845 καθ’
1574 1819 1648 1854 ἡμᾶς
1665 1819 1732 1854 ἰδέᾳ.
1749 1820 1841 1855 Εἴπερ

1044 1863 1099 1899 γὰρ
1120 1862 1190 1898 σὰρξ
1212 1863 1346 1897 ἐγεγόνει,
1363 1863 1473 1895 πάντως
1495 1864 1542 1890 καὶ
1556 1863 1594 1894 ὡς
1610 1864 1679 1899 σὰρξ
1701 1865 1842 1900 περιγρά-

1045 1918 1136 1944 φεται.
1153 1910 1185 1936 Ὃ
1202 1909 1231 1936 δὲ
1250 1909 1287 1945 μὴ
1305 1910 1514 1945 περιγράφοιττο,
1532 1909 1612 1936 τοῦτο
1633 1911 1683 1937 οὐκ
1704 1911 1773 1938 εἴσω
1792 1912 1842 1938 ἁν-

1046 1956 1234 1991 θρωπότητος,
1258 1956 1316 1983 ἀλλ’
1334 1956 1387 1989 ἔξω
1408 1956 1532 1991 δηλονότι
1545 1957 1593 1984 καὶ
1608 1956 1693 1983 τόπου
1711 1958 1759 1984 καὶ
1781 1957 1844 1993 χρό-

1045 2010 1106 2030 νου·
1125 2002 1192 2034 Θεὸς
1212 2001 1315 2037 γυμνὸς
1339 2003 1372 2037 τῇ
1398 2002 1568 2038 ἀπεριληψίᾳ
1590 2011 1620 2029 τε
1649 2003 1696 2029 καὶ
1711 2004 1844 2039 ἀοριστίᾳ

1045 2048 1095 2074 καὶ
1114 2047 1262 2084 λεγόμενος
1281 2048 1330 2074 καὶ
1347 2047 1503 2083 νοούμενος.
1527 2048 1584 2075 Καὶ
1599 2048 1679 2075 τοῦτο
1694 2049 1844 2085 ἀραρότως

1045 2095 1087 2126 εἰς
1106 2093 1309 2129 ἀναμφίλεκτον
1331 2094 1468 2127 ἀπόδειξιν
1484 2094 1534 2130 τῆς
1558 2094 1687 2129 ἀληθείας
1710 2097 1844 2130 φυσικαῖς

1045 2139 1220 2172 ἀκολουθίαις
1243 2140 1489 2176 ἀναγκαζόμενον·
1530 2141 1749 2176 περιγράφεσθαι
1777 2143 1843 2177 Χρι-

1047 2186 1121 2218 στὸν,
1140 2186 1191 2213 κᾶν
1204 2188 1236 2222 τῇ
1255 2187 1340 2213 εἰκόνι
1358 2186 1607 2222 προσκυνούμενον.
1635 2197 1645 2213 ‹
1661 2188 1796 2224 Ἐπείπερ
1814 2190 1845 2216 ὲν

1046 2232 1115 2267 αὐτῇ
1129 2231 1160 2258 τὸ
1174 2231 1330 2266 ἀρχέτυπον
1343 2232 1526 2266 ὲκπὲφασται,
1540 2231 1577 2262 ὥς
1589 2231 1640 2258 πού
1655 2240 1736 2267 φησιν
1750 2233 1766 2259 ὁ
1782 2233 1845 2259 θεο-

1047 2277 1159 2313 φάντωρ
1180 2278 1319 2310 Διονύσιος
1332 2286 1338 2293 ·
1353 2288 1363 2304 ›
1386 2278 1436 2305 καὶ,
1453 2277 1572 2312 ἀλλαχοῦ
1583 2286 1590 2293 ο
1622 2277 1794 2312 ιἘκάτερον
1815 2280 1845 2306 ὲν

1047 2324 1170 2359 ἑκατέρῳ
1191 2323 1266 2359 παρὰ
1287 2324 1318 2350 τὸ
1337 2323 1388 2358 τῆς
1419 2323 1513 2356 οὐσίας
1535 2324 1674 2360 διάφορον.
1687 2333 1697 2350 ι
1724 2325 1812 2352 Ὥστε
1831 2327 1847 2353 ὀ

1047 2371 1264 2406 ἀπαναινὸμενος
1287 2371 1474 2406 ἐγγράφεσθαι
1497 2371 1626 2406 Χριστὸν,
1651 2372 1769 2406 ῆρνηται
1797 2372 1847 2400 ἆν-

1048 2418 1159 2454 θρωπον
1175 2418 1335 2452 γεγονέναι·
1351 2417 1398 2444 καὶ
1409 2418 1423 2444 ό
1441 2418 1479 2453 μὴ
1494 2418 1657 2453 προσκυνῶν
1684 2418 1770 2445 αὐτοῦ
1793 2419 1847 2455 τὴν

1050 2465 1154 2497 εἰκόνα,
1176 2464 1289 2491 οὑτίπου
1310 2465 1462 2499 προσκυνεῖ
1484 2464 1566 2490 αὑτὸν
1592 2464 1624 2490 τὸ
1644 2464 1772 2497 καθόλου,
1791 2466 1848 2492 κᾶν

1050 2511 1149 2548 νομίζῃ
1166 2511 1349 2546 προσκυνεῖν·
1372 2509 1434 2536 ὲπεί
1462 2518 1545 2545 φησιν
1568 2510 1582 2536 ὁ
1606 2510 1678 2544 ἱερὸς
1698 2509 1796 2544 λόγος’
1813 2512 1848 2538 Ol

1049 2556 1172 2583 ἄπιστοι
1189 2555 1372 2591 ὁμολογοῦσι
1385 2555 1459 2582 Θεὸν
1469 2555 1581 2582 εἰδέναι
1591 2575 1598 2587 ,
1618 2555 1679 2588 τοῖς
1694 2555 1728 2582 δὲ
1741 2555 1847 2590 ἔργοις

1049 2603 1223 2638 ἀρνοῦνται.
1246 2602 1341 2628 Ταῦτα
1368 2602 1417 2637 οὐχ
1439 2602 1476 2634 ὡς
1501 2602 1638 2638 ἀγνοούσῃ
1652 2603 1685 2638 τῇ
1701 2602 1847 2638 τιμιότητί

1050 2658 1097 2675 σου
1124 2648 1296 2682 ὑπεδήλωσα,
1321 2647 1380 2674 ἀλλ’
1402 2646 1440 2678 ὡς
1461 2646 1759 2682 συνομογνωμονούσῃ·
1794 2647 1846 2674 καὶ

1049 2694 1146 2730 ὥσπερ
1160 2694 1256 2729 ῥανίδα
1280 2695 1313 2720 ὲκ
1334 2693 1470 2728 πελάγους
1498 2693 1644 2728 δογμάτων
1675 2692 1843 2725 ἀνελκύσας

1050 2741 1120 2776 πρὸς
1142 2739 1181 2775 τῷ
1197 2739 1245 2766 καὶ
1261 2739 1375 2775 ἄπειρον
1397 2739 1482 2775 ὲσμὺν
1505 2736 1575 2765 εῖναι
1590 2737 1748 2773 πατρικῶν*
1770 2738 1848 2773 μετά

1050 2786 1099 2812 καὶ
1119 2785 1170 2821 τῆς
1187 2785 1368 2821 ἀρχαιολόγου
1391 2785 1512 2823 ἱστορίας
1540 2785 1587 2812 ἀπ’
1605 2784 1692 2819 αὐτῆς
1714 2783 1845 2819 βαλϐξδος
