1927 3089
96 155 158 187 1581

94 210 139 237 τοῦ
155 209 344 244 κηρύγματος,
358 209 397 240 είς
420 208 551 235 σύστασιν
567 208 616 242 τῆς
634 207 787 242 ἀμωμήτου
802 207 881 242 ἡμῶν

93 256 146 282 τῶν
161 254 333 290 Χριστιανῶν
349 254 478 285 πίστεως.

234 313 305 346 Ριιλν
325 310 392 346 (85).
414 324 448 330 —
467 309 596 340 Φιλοθέῳ
612 308 742 341 κτήτορι.
783 306 879 343 ﬂint]

694 151 967 182 EPISTULARUM
990 150 1061 180 LIB.
1092 149 1134 179 II.

896 205 1044 235 Aillibala:
1093 203 1152 230 ﬁdei
1201 207 1297 230 nostra-
1336 202 1497 229 Christianze
1537 200 1725 229 conﬁrmatio-

1653 144 1722 176 1532

933 258 1005 277 nem.

1095 305 1185 333 CXCI.
1205 320 1235 325 ——
1255 303 1392 330 Philotimo
1411 305 1566 338 pasaessori.

660 365 751 389 Laudat
761 365 815 395 ejus
827 364 942 394 virtutes,
954 371 1043 395 genus,
1058 358 1168 395 patriam.

130 422 209 455 Μέγα
231 421 326 456 κέρδος
348 419 456 455 ἡγεῖταί
480 427 527 445 σου
551 420 568 454 ὴ
596 419 736 454 τιμιότης,
754 417 792 450 ὣς
806 427 885 453 φησι,

95 468 227 504 δεχομένη
243 466 322 502 ἡμῶν
337 467 503 502 γράμματα,
525 464 593 499 ὁμοῦ
607 473 638 491 τε
653 465 700 491 κα)¹
718 473 887 499 μνημονευο-

98 515 166 551 μένη
184 513 255 549 ’πρὸς
276 513 357 548 ἡμῶν
383 512 485 539 αὐτῶν.
501 511 587 538 Τοῦτο
601 512 629 538 δὲ
644 513 693 546 τῆς
712 511 762 546 σῆς
776 511 888 546 θεόφρο-

95 568 141 590 νος
169 558 291 589 διανοίας
321 555 560 591 ταπεινοφροσύνῃ
588 556 671 591 πολλῇ
713 555 888 590 κεχρημένης

95 604 242 639 ἐγκώμιον,
263 603 312 638 οὐχ
328 602 406 637 ἡμῶν
421 602 474 628 τῶν
502 601 638 628 ταπεινῶν
653 601 734 637 [c0d.
752 601 820 636 Reg.
841 600 885 627 εὺ‹

98 649 208 685 τελῶν],
230 648 280 676 καὶ
296 647 402 679 οὐδενὸς
419 648 504 681 ἀξίων
526 647 618 681 λόγου.
637 647 733 682 Ὅμως
748 647 820 673 κατὰ
837 646 886 682 τὴν

95 696 261 731 πεποίθησιν
278 695 363 729 αὐτῆς
379 694 495 729 λήψεται
515 694 562 721 τὸν
587 693 682 729 μισθὸν
709 693 761 720 ὑπὸ
778 693 828 728 τῆς
839 691 886 719 τοῦ

95 742 197 776 ἀγαθοῦ
224 741 304 777 ἡμῶν
348 740 416 767 Θεοῦ
460 741 670 775 δικαιοκρισίας,
700 740 883 775 ἀμειὸομένου

95 789 145 823 τὴν
159 788 250 814 πίστιν
265 787 383 814 ἑκάστου
395 786 522 822 ἀμοιϐαῖς
542 786 691 821 οὐρανίαις,
705 787 753 813 καὶ
767 787 806 818 είς
820 786 884 812 ἑαυ-

95 835 142 861 τὸν
163 834 194 860 τὺ
210 833 257 859 τοῦ
282 833 367 864 πέλας
382 832 543 867 γιγνόμενον
554 830 737 866 Χριστοειδῶς
757 831 884 858 ἀνατιθε-

98 881 190 915 μένου.
213 879 310 914 Ἡμεῖς
324 880 352 905 δὲ
375 879 415 912 τῷ
436 878 493 904 δντι
518 878 661 913 χαίρομεν,
676 877 753 913 ἀνδρὶ
766 877 885 912 τοσούτῳ

98 926 143 952 καὶ
166 924 318 959 τηλικούτῳ
339 924 475 959 φιλιάζειν
494 923 697 958 γνωρίσαντες·
714 919 744 949 οὗ
765 924 782 957 ὴ
800 922 884 958 ἀρετὴ

97 971 270 1007 διαπρύσιος,
287 971 334 997 καὶ
345 971 358 996 ὁ
373 971 484 1001 ἔπαινος
500 969 681 1002 δικαιότατος,
704 969 795 996 καὶτὸ
809 968 885 995 πολί-

68 1043 71 1045 .
97 1026 184 1052 τευμα
204 1016 312 1047 πολλοῖς
328 1016 481 1050 ὖπόδειγμα
493 1017 550 1047 τοῖς
566 1015 705 1041 ἐθέλουσιν
717 1014 840 1041 εὐσεϐεῖν
855 1015 884 1040 ἐν

97 1065 130 1099 τῇ
155 1061 281 1097 παρούσῃ
307 1062 399 1095 γενεᾷ,
425 1061 462 1092 ὡς
488 1062 516 1086 ὲν
535 1062 661 1096 περιωπῇ
686 1060 766 1096 ὄρους
780 1061 886 1096 ἀρετῶν

98 1108 291 1142 προκείμενον.
307 1107 361 1133 Καὶ
375 1106 544 1142 φερωνύμως
557 1107 594 1138 ὡς
612 1106 720 1142 ἀληθῶς
733 1107 886 1142 ἐξέλαμψας

97 1154 231 1188 φιλόθεος,
260 1154 364 1188 φίλτρῳ
389 1153 457 1179 Θεοῦ
476 1153 507 1179 τὸ
535 1154 682 1187 ἄπραγμον
699 1155 746 1180 καὶ
774 1154 886 1189 ἡσύχιον

97 1200 294 1235 αἱρησάμενος,
309 1199 471 1233 ὲπιτηρήσει
483 1198 563 1224 θείων
576 1198 701 1227 ἐντολῶν.
717 1198 763 1226 καὶ
779 1199 888 1226 ἐπιτεύο

97 1245 136 1278 Eat
150 1245 205 1271 τῶν
219 1244 334 1271 αἰωνίων
355 1243 475 1277 ἀγαθῶν.
486 1244 582 1271 Καίτοι
594 1244 736 1280 ὑπάρχων,
749 1245 797 1270 καὶ
814 1244 888 1272 κατὰ

99 1291 172 1318 ἰδέαν
186 1290 260 1322 ἄξιος
272 1290 441 1325 τυραννίδος,
456 1291 504 1326 καὶ
515 1290 586 1316 κατὰ
600 1290 679 1324 γένος
691 1290 887 1325 ὑπέρλαμπρος

95 1338 127 1363 τὸ
136 1335 205 1371 αἷμα
216 1345 223 1350 ·
237 1336 295 1363 ἀλλ’
307 1338 320 1362 ὁ
334 1336 404 1367 Θεῖος
419 1335 499 1367 πόθος
515 1336 612 1367 σὸέσας
627 1335 713 1362 ταῦτα
728 1337 826 1367 πάντα,
840 1337 887 1364 καὶ

95 1381 230 1415 οὐδαμινά
239 1381 338 1413 δείξας,
347 1381 395 1408 ’ὀπε
401 1389 415 1416 ρ
423 1381 470 1408 καὶ
477 1381 585 1415 ἀληθὲς,
593 1374 660 1416 πρὸς
665 1382 713 1417 τὴν
727 1382 888 1417 ὑπέρφωτον

97 1429 147 1462 τῆς
161 1428 236 1459 θείας
252 1428 419 1462 ὡραιότητος
437 1425 489 1462 ἦρέ
505 1435 551 1453 σου
566 1427 628 1458 τοὺς
640 1428 690 1462 τῆς
704 1428 820 1458 διανοίας
840 1429 890 1462 ὀφ-

99 1473 233 1506 θαλμοὺς,
256 1472 354 1507 αῖγλην
380 1472 438 1498 ἐκεῖ
465 1472 587 1508 βλέπειν,
611 1473 670 1498 ἐκεῖ
691 1471 890 1507 φαντάζεσθαι,

98 1532 156 1557 ἐκεῖ
170 1530 346 1565 μετατιθέναι
368 1529 398 1555 τὺ
420 1529 584 1565 πολίτευμα,
599 1528 630 1556 οὗ
647 1530 719 1565 χαρὰ
742 1529 891 1565 ἀνεκλάλη-

97 1585 153 1609 ¹τος,
165 1576 231 1602 ἔνθα
247 1575 305 1610 ζωὴ
316 1576 453 1610 ἀκήρατος
467 1575 548 1611 [cod.
562 1576 628 1610 Reg.
645 1575 811 1612 ἀμήρυτος],
824 1577 890 1603 ὅπου

98 1623 115 1657 ἡ
126 1621 261 1657 Ελλαμψις
270 1621 319 1656 τῆς
335 1621 471 1656 μακαρίας
484 1622 532 1648 καὶ
542 1622 658 1657 ἀρχικῆς
669 1622 691 1648 Τ
695 1622 795 1658 ριάδος.
810 1622 891 1648 Ἀλλὰ

98 1668 204 1701 γένοιτό
221 1676 274 1698 σοι,
289 1664 312 1694 ὦ
326 1667 462 1703 θαυμάσιε
478 1668 525 1694 καί
538 1668 688 1702 ἐπιπόθητε
709 1669 788 1703 ἡμῖν,
804 1668 890 1695 ἐπαύ-

100 1713 176 1748 ξησις
198 1713 300 1749 ἀρετῆς
325 1712 366 1739 ἔτι
385 1714 432 1740 καὶ¹
458 1713 508 1746 ἔτι,
532 1714 579 1740 καὶ
605 1713 767 1748 θησαύρισις
779 1713 890 1748 ἀγαθῶν

100 1760 200 1794 ἔργων,
215 1760 255 1790 είς
263 1759 294 1785 τὸ
305 1758 524 1794 μεγαλεμπὸρως
539 1760 644 1794 ἀπᾶραι
660 1768 689 1786 σε
703 1760 757 1786 τῶν
773 1760 889 1792 ἐνθένδε,

99 1805 145 1830 ἐπὶ
162 1804 271 1839 μεθέξει
287 1803 340 1830 τῶν
353 1804 454 1830 ἀϊδίων.
475 1805 513 1831 Σά
529 1805 578 1839 μὲν
585 1803 630 1831 οὖν
642 1806 691 1840 τῆς
706 1806 890 1841 προσηγορίας

99 1849 218 1876 ἐνταῦθα
235 1849 346 1876 κείσθω.
366 1849 475 1885 Ἐπειδὴ
494 1850 523 1876 δὲ
542 1850 589 1877 καὶ
603 1851 667 1886 περὶ
681 1851 728 1877 τοῦ
740 1851 890 1887 πρεσϐυτέ-

101 1904 147 1931 ρου
164 1894 347 1931 ὲπηρώτησας
363 1893 451 1928 αὖθις,
483 1895 624 1929 ὑποδείξας
635 1896 666 1922 τὸ
680 1896 891 1932 ἀνεξαγόρευτον

100 1941 213 1976 ὖφλημα
224 1949 231 1956 ”
247 1942 337 1967 ὲκεῖνο
355 1941 480 1976 λέγομεν,
494 1942 534 1968 ὅτι
551 1942 565 1968 ὁ
579 1941 668 1968 κανὼν
691 1942 751 1969 οὐδὲ
765 1944 805 1974 εὶς
815 1943 892 1976 διγα-

101 1987 217 2021 μοῦντος
234 1986 322 2021 γάμον
333 1986 489 2020 ὲστιαθῆναι
502 1987 548 2013 τὸν
559 1987 744 2022 πρεσϐύτερον
758 1996 890 2023 παραχω-

100 2035 143 2069 ρεῖ
154 2041 161 2047 ·
172 2033 249 2067 πόσῳ
263 2041 294 2067 γε
310 2033 408 2067 μᾶλλον
420 2033 590 2067 στεφανῶσαι
599 2033 644 2060 τὸν
651 2034 780 2068 τοιοῦτον;
797 2034 826 2060 Ὁ
837 2034 890 2070 γὰρ

99 2081 233 2113 στέφανος
247 2079 399 2105 ἐπιτίθεται
412 2079 458 2105 ἐπὶ
475 2079 515 2114 τῷ
532 2080 641 2106 νικῶντι
669 2080 719 2114 τὴν
733 2081 870 2116 ἀκρασίαν
880 2102 887 2113 ,

98 2124 147 2150 καὶ
165 2125 198 2150 τὸ
222 2124 273 2157 τῆς
295 2123 445 2159 παρθενίας
465 2124 544 2157 κλέος
563 2125 780 2161 ἀποσωσαμένῳ,
809 2127 838 2153 Ὁ
858 2126 887 2154 δὲ

96 2169 236 2204 διγαμῶν,
252 2169 321 2204 πρὸς
333 2169 373 2204 τῷ
389 2170 427 2206 μὴ
436 2170 510 2203 ἄξιος
524 2168 594 2197 εἶναι
605 2171 823 2207 στεφανωθῆναι,
840 2173 887 2198 καὶ

96 2215 249 2250 ἐπιτιμίοις
275 2215 458 2251 ὑποῦέόληται
484 2216 643 2248 κανονικῶς,
668 2217 731 2249 Πῶς
763 2217 810 2244 οὖν
835 2219 886 2244 οὐκ

96 2261 186 2287 ἔδεισε
208 2262 382 2295 στεφανῶσαι
396 2262 458 2292 τοὺς
474 2262 526 2288 ὑπὸ
541 2262 657 2294 κανόνας
675 2263 820 2297 κειμένους
836 2265 887 2298 τῆς

94 2307 248 2342 διγαμῖαςς
268 2307 336 2342 Παρ¹
352 2307 429 2342 ἡμῶν
454 2307 555 2341 τοίνυν,
580 2308 727 2342 σύγγνωθι,
746 2309 788 2335 ἵνα
805 2310 888 2345 μηδὲν

93 2350 130 2387 ἦν
153 2353 220 2379 ἄλλο
243 2353 370 2388 αἰτίαμα,
389 2354 438 2380 οὐκ
455 2354 651 2389 ἐπιτέτραπται
668 2355 698 2381 τὺ
721 2355 834 2381 καθόλου
850 2355 887 2381 ἱε-

96 2400 230 2437 ρουργεῖν
240 2407 246 2413 ·
265 2399 315 2425 οὐκ
327 2396 375 2425 οἷδ’
392 2400 432 2425 ὃτι
447 2400 472 2425 εἰ
487 2400 525 2435 μή
547 2409 573 2426 τι
587 2400 648 2426 κατ’
660 2400 823 2434 οἰκονομίαν,
839 2409 887 2435 με-

94 2446 238 2473 ταδιδόναι
259 2445 323 2479 ὑμῖν
345 2445 398 2471 τῶν
413 2446 602 2480 ἀγιασμὰτων,
620 2445 695 2480 παρὰ
716 2445 888 2480 σεσωσμένοι)

94 2491 290 2528 πρεσῦυτέρου
302 2491 510 2526 τετελεσμένων.
523 2492 590 2527 Περὶ
599 2492 646 2518 τοῦ
655 2492 840 2525 ἀναγνώστου,
848 2492 888 2518 ὅτι

95 2539 273 2572 ἐπέστρεψεν
285 2538 498 2572 ἐπιτιμιασθεὶς,
512 2537 615 2564 δίκαιόν
637 2539 712 2564 ἐστιν
724 2538 778 2568 ἓως
791 2537 888 2572 καιροῦ

96 2585 214 2611 συνόδου
233 2585 271 2618 μὴ
289 2583 515 2616 ἁποστολίζεσθαι
527 2585 623 2610 αὐτόν·
640 2585 654 2610 ὁ
673 2584 722 2618 μὲν
737 2583 791 2618 γὰρ
822 2592 890 2618 πρε-

95 2630 234 2663 σῦύτερος
250 2629 373 2663 εἴργεται
397 2629 447 2663 τῆς
464 2628 636 2664 λειτουργίας
651 2628 861 2663 ἐπιτιμιασθεὶς,
877 2629 892 2654 ὁ

94 2674 124 2701 δὲ
154 2674 281 2705 διάκονος
307 2675 355 2708 τῆς
380 2674 528 2706 διακονίας,
549 2674 595 2700 καὶ
618 2675 631 2700 ὁ
648 2673 826 2708 ἀναγνώστης
842 2675 892 2708 τῆς

902 725 922 751 Β

971 418 1099 454 Magnum
1116 419 1223 446 lucrum
1239 423 1315 453 putat
1330 416 1538 444 honoriﬁcentia
1562 421 1619 449 tua,
1634 421 1663 444 ut
1678 418 1725 450 ait,

936 473 998 493 cum
1012 466 1117 492 litteras
1132 470 1242 492 nostras
1257 464 1372 498 accepit.
1387 463 1523 498 simulque
1537 471 1599 490 cum
1612 464 1697 498 ipsius
1713 473 1727 490 a

937 511 1017 538 nobis
1038 511 1067 538 ﬁt
1085 510 1197 538 mentio.
1227 509 1284 537 Hoc
1315 517 1380 537 vero
1410 509 1508 536 divina:
1537 510 1637 537 mentis
1665 514 1726 541 tum,

937 565 1036 593 magna
1053 557 1207 584 humilitate
1221 557 1342 591 praedita:
1361 556 1516 583 encomium
1532 559 1590 587 est,
1608 563 1660 582 non
1678 564 1728 582 no—

939 608 1038 635 strum,
1054 603 1100 638 qui
1112 603 1222 638 abjecti,
1235 607 1262 629 et
1276 602 1379 629 nullius
1393 602 1471 636 pretii
1483 601 1608 629 homines
1621 609 1726 629 sumus.

939 651 1067 677 Attamen
1081 649 1159 684 juxta
1185 648 1313 675 ﬁduciam
1339 652 1412 674 tuam
1438 647 1593 674 mercedem
1611 648 1728 683 accipies

940 704 955 723 a
971 697 1046 731 justo
1062 695 1167 730 judicio
1182 695 1246 722 boni
1262 694 1307 721 Dei
1321 693 1419 726 nostri,
1443 694 1490 727 qui
1510 693 1727 729 uniuscujusque

939 742 1019 769 ﬁdem
1040 741 1198 769 cmlestibus
1215 740 1333 775 praemiis
1364 744 1572 771 remuneratur,
1598 743 1625 766 et
1656 740 1727 774 quod

938 788 1062 823 proximo
1079 788 1179 814 factum
1194 791 1246 820 est,
1265 791 1294 813 ut
1312 786 1362 813 sibi
1382 786 1433 821 ipsi
1449 785 1576 813 Christus
1600 785 1727 821 imputat.

938 834 994 862 Nos
1007 841 1070 861 vero
1079 833 1231 869 gaudemus
1245 833 1336 866 rcipsa
1349 840 1410 859 cum
1424 833 1512 867 palam
1527 832 1642 859 iacimus
1658 833 1727 859 ami-

939 889 986 909 cos
1004 888 1054 908 nos
1069 888 1131 908 esse
1148 879 1213 907 tanti
1229 887 1262 907 ac
1278 879 1339 906 talis
1364 879 1434 910 viri,
1449 879 1528 912 cujus
1555 879 1643 906 virtus
1656 879 1728 906 cclc-

939 927 1068 960 berrima,
1080 927 1194 961 lausque
1206 925 1372 960 justissima.
1388 929 1415 952 et
1430 925 1538 952 vivendi
1553 926 1624 952 ratio
1635 926 1738 955 multis.

939 974 982 1009 pie
1007 974 1033 1000 in
1051 975 1102 1000 hoc
1113 972 1213 1000 saeculo
1225 972 1315 999 vivere
1331 971 1497 1003 volentibus,
1509 971 1662 1006 exemplum
1676 977 1726 1004 est,

940 1025 1070 1055 tanquam
1087 1020 1113 1046 in
1128 1026 1236 1046 summo
1249 1018 1350 1046 montis
1362 1018 1492 1045 virtutum
1509 1018 1611 1045 vertice
1628 1025 1728 1052 propo-

940 1065 1034 1092 situm.
1050 1064 1089 1091 Ac
1101 1067 1147 1090 tuo
1156 1067 1229 1090 certe
1245 1063 1347 1090 ttomini
1363 1067 1544 1098 congruenter
1556 1062 1727 1090 Philotheum

941 1115 967 1138 te
986 1109 1150 1142 exhibuisti,
1174 1108 1222 1136 Dei
1238 1116 1330 1136 amore
1350 1109 1433 1135 vitam
1457 1108 1632 1143 tranquillam
1657 1112 1684 1135 et
1713 1116 1727 1134 a

940 1157 1057 1192 negotiis
1069 1160 1201 1184 remotam
1217 1155 1329 1191 eligens,
1342 1155 1469 1182 utdivina
1485 1163 1577 1182 serves
1590 1155 1727 1186 mandata,

940 1208 968 1232 et
982 1207 1083 1230 mlerua
1103 1203 1175 1230 bona
1199 1202 1386 1237 consequaris.
1404 1200 1437 1228 Et
1452 1209 1514 1228 vero
1528 1209 1590 1228 cum
1604 1201 1641 1229 sis
1652 1205 1678 1228 et
1694 1202 1729 1228 ob

941 1247 1057 1275 fortnam
1075 1247 1175 1282 dignus
1190 1246 1305 1281 imperio
1320 1266 1327 1278 ,
1359 1250 1404 1278 et,
1432 1245 1456 1272 si
1475 1253 1562 1280 genus
1577 1250 1727 1280 spectetur.

941 1293 1075 1329 sanguine
1096 1292 1244 1327 perillustri
1259 1301 1266 1319 :
1281 1291 1391 1319 divinus
1415 1296 1506 1319 tamen
1530 1298 1608 1319 amor
1627 1291 1730 1319 exstin-

941 1347 1027 1375 guens
1044 1338 1100 1366 haec
1115 1337 1339 1370 omnia,etnihili
1353 1344 1415 1364 esse
1427 1337 1540 1370 docens,
1550 1337 1620 1364 sicut
1634 1344 1728 1364 verum

941 1390 993 1417 est,
1012 1390 1038 1412 et
1060 1384 1159 1412 divinae
1173 1383 1386 1419 pulchritudinis
1411 1383 1582 1418 splendorem
1596 1384 1669 1410 omni
1688 1384 1729 1410 lu-

943 1433 1016 1460 mine
1030 1432 1200 1467 superiorem
1214 1430 1308 1458 oculos
1321 1435 1373 1458 tua
1384 1429 1484 1458 mentis
1503 1431 1590 1457 erexit
1602 1439 1609 1462 ;
1622 1435 1652 1458 ttt
1666 1431 1730 1457 illuc.

941 1485 1061 1514 spectes,
1084 1478 1150 1505 illuc
1164 1477 1436 1512 contemplationem,
1461 1477 1525 1504 illuc
1543 1477 1730 1504 conversatios

941 1533 1004 1552 nem
1022 1529 1096 1552 tuam
1113 1523 1281 1556 transferas,
1306 1523 1353 1550 ubi
1371 1523 1498 1558 gaudium
1518 1527 1560 1550 est
1584 1522 1728 1553 ineﬁahile.

942 1570 989 1597 ubi
1006 1570 1060 1597 vita
1077 1569 1251 1602 immortalis,
1267 1569 1312 1596 ubi
1327 1569 1482 1597 coruscatio
1494 1570 1578 1597 beata:
1591 1574 1618 1597 et
1636 1576 1730 1604 supre-

942 1623 993 1642 mze
1008 1614 1160 1642 Trinitatis.
1190 1613 1243 1641 Sed
1263 1614 1404 1648 contingat
1418 1614 1488 1646 tibi,
1508 1614 1549 1641 vir
1570 1612 1729 1641 admirande

941 1663 1076 1698 nobisque
1092 1661 1279 1693 desiderande,
1297 1661 1386 1696 majus
1407 1662 1552 1697 majusque
1562 1662 1671 1690 virtutis
1687 1662 1729 1689 in-

942 1714 1121 1739 crementum.
1134 1712 1161 1735 et
1174 1708 1309 1735 bonorum
1323 1715 1436 1742 operum
1449 1708 1606 1743 congeries:
1625 1713 1655 1734 ut
1673 1715 1730 1734 ma-

942 1756 987 1790 gni
1006 1755 1170 1782 mercatoris
1186 1754 1272 1782 instar
1288 1754 1352 1781 hittc
1369 1755 1458 1782 solvas
1481 1755 1514 1782 ad
1540 1754 1729 1789 participatio-

941 1808 1002 1828 nem
1012 1806 1188 1828 aternorum.
1197 1800 1273 1833 Quod
1286 1800 1367 1835 igitur
1378 1801 1410 1828 ad
1424 1806 1501 1827 tuum
1511 1808 1609 1828 nomen
1621 1801 1728 1832 attinet,

941 1846 986 1874 ltic
1002 1846 1065 1874 ﬁnis
1089 1851 1159 1874 esto.
1177 1845 1247 1879 Quia
1270 1853 1337 1872 vero
1349 1845 1383 1873 de
1394 1846 1553 1880 presbytero
1567 1846 1648 1872 etiam
1669 1853 1731 1872 rur-

941 1900 989 1919 sus
1011 1891 1195 1927 interrogasti,
1212 1898 1319 1926 pcenam
1338 1892 1450 1919 minime
1466 1899 1623 1926 expressam
1643 1891 1731 1925 signi-

942 1938 1046 1971 ﬁcans;
1076 1937 1142 1965 illud
1158 1937 1235 1969 dico,
1252 1944 1384 1965 canonem
1403 1945 1437 1965 ne
1456 1938 1606 1965 concedere
1618 1938 1729 1972 quidem

942 1983 1102 2018 presbytero
1112 1983 1179 2010 utin
1188 1983 1288 2018 digami
1307 1983 1409 2018 nuptiis
1430 1984 1604 2016 convivetur;
1626 1988 1729 2018 quanto

942 2028 1033 2055 minus
1050 2033 1080 2055 ut
1095 2029 1170 2055 illutn
1188 2034 1300 2056 coronet
1311 2029 1358 2064 qui
1373 2029 1434 2056 talis
1451 2029 1512 2056 est?
1530 2029 1638 2056 Corona
1654 2029 1729 2056 enim

907 2078 928 2104 D
942 2075 966 2102 ei
983 2075 1142 2110 imponitur,
1158 2076 1205 2110 qui
1221 2076 1286 2103 vicit
1303 2075 1550 2110 intemperantiam,
1569 2081 1595 2103 et
1617 2075 1729 2111 virgini-

942 2121 1006 2148 tatis
1029 2121 1112 2149 decus
1137 2121 1318 2149 conservavit.
1347 2121 1400 2154 Qui
1426 2129 1491 2149 vero
1522 2122 1656 2150 secundas
1678 2131 1729 2149 nn-

942 2168 1012 2203 plias
1026 2168 1086 2201 init,
1102 2172 1281 2203 praeterquam
1295 2168 1367 2201 quod
1380 2168 1479 2202 dignus
1490 2176 1544 2196 non
1559 2173 1601 2196 est
1616 2169 1662 2203 qui
1682 2177 1730 2196 co-

943 2217 1064 2245 ronetur,
1082 2221 1217 2240 canonum
1233 2213 1315 2240 etiam
1330 2213 1418 2248 prenis
1433 2218 1475 2242 est
1503 2214 1648 2242 obnoxius.
1669 2215 1728 2248 Qun

941 2260 1025 2295 igitur
1037 2265 1115 2296 pacto
1131 2268 1263 2288 coronare
1273 2269 1358 2288 ausus
1369 2266 1411 2288 cst
1424 2269 1487 2292 eos.
1505 2262 1549 2296 qui
1571 2270 1602 2289 ex
1616 2263 1728 2289 canoni-

943 2307 994 2335 bus
1036 2307 1070 2335 de
1103 2307 1221 2342 digamia
1249 2308 1382 2335 multandi
1412 2308 1497 2335 sunt?
1533 2308 1727 2341 Quamobrem,

943 2353 1064 2388 ignosce,
1078 2357 1109 2380 ut
1118 2353 1221 2380 crimen
1235 2354 1307 2381 aliud
1337 2354 1442 2381 nullum
1463 2358 1545 2387 esset,
1573 2355 1729 2382 nullatenus

944 2399 1099 2426 sacriﬁcare
1113 2401 1276 2434 permissum
1289 2405 1347 2433 est;
1369 2400 1440 2428 haud
1456 2401 1514 2428 scio
1530 2409 1563 2427 an
1574 2408 1622 2436 per
1637 2401 1728 2429 indul-

944 2445 1062 2480 gentiam
1081 2445 1240 2480 dispensare
1261 2446 1333 2473 circa
1351 2451 1531 2479 sacramenta,
1547 2455 1608 2481 qua:
1630 2447 1665 2474 ab
1688 2448 1730 2474 in-

945 2491 1026 2518 noxio
1038 2491 1197 2526 presbytero
1210 2491 1313 2519 fuerint
1323 2497 1492 2520 consecrata.
1506 2493 1543 2520 De
1558 2493 1668 2525 lectore.
1682 2495 1729 2528 qui

944 2544 1023 2571 paena
1055 2543 1181 2571 suseepta
1209 2544 1337 2565 reversus
1361 2543 1418 2571 est,
1437 2546 1546 2573 aequum
1566 2544 1607 2566 GSI
1623 2544 1652 2566 υι
1667 2545 1730 2567 ante

944 2582 1040 2617 synodi
1061 2588 1168 2617 tempus
1182 2583 1345 2618 Apostolum
1363 2591 1415 2610 non
1428 2584 1511 2618 legat.
1527 2583 1596 2612 Nam
1614 2590 1642 2612 et
1666 2594 1730 2620 prc-

943 2628 1034 2663 sbytcr
1049 2629 1189 2656 inhibetur
1201 2637 1217 2656 a
1233 2629 1380 2662 sacriﬁcio,
1397 2634 1424 2657 et
1435 2630 1570 2659 diaconus
1580 2639 1594 2658 ιι
1607 2633 1730 2660 ministe-

945 2675 997 2707 rio,
1013 2680 1040 2703 ct
1052 2675 1137 2703 lector
1149 2683 1165 2703 a
1180 2675 1306 2704 lcctione.
1329 2674 1383 2704 Nos
1399 2676 1434 2704 ita
1450 2677 1583 2706 sentimus
1597 2683 1624 2706 et
1640 2679 1730 2706 sanci-

860 2783 975 2812 ΝΟΤᾸΞ.

136 2875 197 2912 (85)
215 2875 244 2903 In
259 2876 320 2904 cod.
338 2875 402 2910 Reg.
424 2875 490 2912 ρίιδ.
