1927 3089
185 163 255 194 1ὶι83
782 163 812 191 S.
829 161 879 191 ΤΗ
886 161 1027 191 EODORI
1046 161 1222 192 STUDITi‘E
1750 158 1817 192 1584

183 227 256 247 mus.
279 219 357 246 Sicut
374 223 464 246 autem
480 217 572 253 pietati
590 223 643 245 tuae
660 218 746 245 risum
764 216 859 251 luerit,
876 219 915 245 sic
937 218 978 244 fa-
991 238 997 248 λ

1040 219 1222 252 ιναγνώσεως.
1242 217 1336 252 Ἡμεῖς
1344 217 1429 248 οὕτως
1442 217 1595 253 φρονοῦμεν
1611 218 1659 244 καὶ
1669 226 1817 254 τυπουμεν.

183 267 247 293 ciat.
1035 264 1079 296 Ὧς
1093 264 1122 291 δὲ
1139 265 1155 300 ή
1169 263 1297 290 εὺσέὸεια
1316 263 1392 299 ὑμῶν
1407 264 1524 298 νομίζει,
1543 265 1666 293 ποιείτω.

1103 330 1172 364 Ριιιιι
1193 329 1260 365 (86).
1280 344 1315 349 -
1333 329 1445 364 Ειρήνῃ
1465 333 1614 364 πατρικιᾳ.
1636 328 1732 365 [ψοιι¹.]

592 401 628 425 De
645 401 797 425 monasterio
808 401 955 426 feminarum
965 403 995 426 ad
1011 401 1078 425 viros
1090 407 1138 425 non
1150 400 1331 424 transferendo.

220 453 302 480 Bome
313 452 419 481 fiducia:
433 459 487 481 tua:
501 460 693 489 argumentum
706 462 757 490 est,
776 458 849 492 quod
865 467 913 485 nos
929 459 980 485 hu-

1066 457 1123 492 Τῆς
1144 456 1252 491 ἀγαθῆς
1275 465 1321 482 σου
1348 456 1539 491 πεποιθήσεως
1555 455 1689 505 σύμίὲολον
1701 455 1732 505 τρ
1746 457 1821 490 ἡμᾶς

185 499 265 527 miles
278 500 452 541 salutaveris,
471 501 583 529 Domina
599 503 666 530 mihi
682 504 905 538 honoratissima,
932 514 980 541 per

1040 505 1093 535 τοὺς
1117 503 1262 534 ταπεινοὺς
1294 501 1529 537 προσαγορεῦσαι,
1556 500 1640 536 κυρία
1666 499 1821 536 τιμῖωτᾰτη

185 546 315 573 dilectum
339 536 453 573 ’fralrem
482 553 607 575 nostrum
626 549 768 577 dotninum
789 550 901 578 Petrum
918 560 982 586 pro-

1040 558 1087 582 ιοι,
1103 549 1148 576 διὰ
1161 548 1209 575 τοῦ
1224 536 1406 583 ἡγαπηγμένου
1422 536 1504 582 ἡμῶν
1519 546 1637 581 ἀδελφοῦ
1652 547 1755 582 Κυρίου
1769 547 1822 573 Πέ-

186 591 319 626 pinquum
335 595 410 618 tuum
430 601 437 618 :
458 600 506 626 per
525 601 606 628 quem
633 598 660 621 et
679 603 730 622 nos
756 595 878 623 vicissim
896 605 979 631 quam

1040 603 1095 632 γρου
1114 595 1162 621 καὶ
1179 593 1331 627 συγγενοῦς
1343 602 1391 620 σου
1402 601 1408 609 ·
1419 593 1454 619 δι’
1469 589 1499 619 οὗ
1513 593 1561 619 καὶ
1576 593 1657 627 ἡμεῖς
1671 592 1822 626 ἀντιπροσ-

186 636 318 664 debemus
328 637 526 665 salutationem
538 639 688 672 reddimus,
700 641 978 676 laudantespietatem

1040 640 1204 677 ιγορεύομεν
1219 639 1414 674 ὀφειλομένως,
1433 638 1608 669 ἐπαινοῦντές
1625 646 1673 664 σου
1696 638 1728 664 τὸ
1742 638 1824 664 εὐσε-

187 687 441 718 tuam,rectamqne
454 684 480 711 in
494 685 573 712 bonis
585 687 800 714 aemulationem.
815 686 872 715 Hoc
880 689 980 723 quippe

1040 687 1090 719 Ξὲς,
1105 689 1152 714 καὶ
1171 686 1324 722 εὑζήλωτον
1342 686 1370 712 ὲν
1385 685 1510 720 ἀγαθοῖς.
1528 685 1589 711 ’Ότι
1616 684 1696 711 τοῦτο
1711 685 1758 711 καὶ
1775 683 1822 718 ἀφ’

186 733 213 755 et
229 728 280 763 ipsi
296 736 345 764 per
356 737 406 756 nos
417 730 591 762 scimus,eta
605 732 690 760 fratre
701 740 821 768 persaepe
834 727 980 767 discimus,

1040 733 1139 760 ῖαυτῶν
1154 732 1244 768 ἴσμεν,
1261 733 1308 759 καὶ
1324 732 1400 767 παρὰ
1412 731 1460 758 τοῦ
1476 730 1592 765 ἀδελφοῦ
1606 730 1737 761 πολλάκις
1753 730 1825 756 διδα-

186 774 315 808 quodque
331 775 365 800 ob
383 774 426 801 Dei
443 782 577 808 amorem,
602 777 691 811 ipsum
718 778 800 804 etiam
821 778 847 805 in
876 778 980 806 honore

1040 780 1171 815 ῑκὸμεθα·
1190 780 1237 806 καί
1248 788 1279 812 γε
1290 779 1327 811 ὡς
1341 778 1385 805 διὰ
1400 777 1468 805 Θεοῦ
1481 777 1603 812 ἀγάπην,
1616 777 1665 803 καὶ
1682 776 1764 803 αὑτὸν
1779 776 1824 803 διὰ

187 818 282 851 habes,
302 819 374 846 sicut
393 820 488 847 virtuti
503 825 557 848 tum
569 842 575 853 ,
594 826 622 848 et
638 822 687 849 riri
703 823 825 851 moribus
841 824 980 852 convenit.

1040 813 1116 861 ιιμῆς
1132 825 1220 859 ἄγοις,
1233 824 1316 856 ἀξίως
1337 824 1387 858 τῆς
1407 822 1521 857 ἐνούσης
1537 830 1578 848 σοι
1590 822 1700 858 ἀρετῆς,
1713 821 1824 855 καὶτῆς

187 863 323 898 Quoniam
341 870 433 893 autem
447 864 652 908 percontataes
664 864 699 896 de
712 871 892 903 monasterio,
907 871 982 905 quod

1040 871 1081 898 τοῦ
1100 871 1200 906 ἀνδρὸς
1218 869 1486 904 πολιτείας.Ἐπειδὴ
1497 868 1525 895 δὲ
1538 867 1683 904 ἠρώτησας
1699 867 1763 902 περὶ
1776 866 1824 893 τοῦ

369 332 472 360 CXCII.
487 348 522 353 —
534 332 620 361 Irenw
635 333 770 360 Palricire.

188 910 294 940 Leones
312 917 421 946 vocant,
437 918 528 941 utrum
556 914 701 943 conveniat
717 915 784 944 viris
811 917 878 944 illud
906 918 983 945 attri-

188 957 274 984 buere
285 979 292 989 ,
317 959 388 986 sicut
402 964 443 986 est
457 960 604 987 consilium
628 965 705 988 tuum
723 962 750 989 in
768 963 829 997 ejus
844 963 983 991 instaura-

189 1003 275 1034 tione.
290 1013 353 1032 cum
371 1009 451 1033 antea
469 1007 602 1034 muliebre
622 1010 818 1036 monasterium
835 1009 982 1043 diceretur,

188 1055 215 1078 et
233 1051 322 1086 reipsa
338 1056 410 1079 esset
427 1061 434 1079 :
451 1051 503 1079 hoc
519 1053 650 1081 habemus
663 1055 736 1089 quod
752 1056 982 1089 respondeamus,

189 1097 263 1131 quo‘d
277 1105 384 1133 nempe,
397 1098 423 1125 sit
436 1107 449 1125 a
464 1102 489 1126 te
503 1107 575 1126 nunc
591 1100 711 1134 primum
724 1105 901 1129 consecratus
912 1107 984 1130 esset

189 1143 278 1176 locus,
294 1144 430 1179 integrum
445 1145 516 1172 foret
533 1145 625 1174 facere
637 1147 711 1181 quod
736 1148 830 1175 velles.
845 1147 899 1176 Sed
918 1149 984 1184 quia

190 1196 367 1219 consecratus
382 1197 464 1219 antea
483 1191 542 1219 fuit
556 1201 604 1228 per
624 1193 710 1221 beata:
728 1195 868 1223 memoriae
886 1195 985 1222 delun-

191 1241 263 1262 ctam
280 1236 364 1263 ﬁliam
384 1241 458 1264 tuam
475 1237 532 1266 illic
549 1239 756 1273 praesidentem,
773 1248 835 1275 qua:
850 1245 876 1267 et
890 1241 985 1269 multis

191 1282 270 1308 annis
283 1283 479 1310 monasterium
496 1285 566 1311 rexit
584 1292 648 1312 eum
669 1285 808 1320 virginum
827 1291 916 1320 cmtu;
934 1287 984 1315 etsi

191 1328 335 1363 superiore
349 1328 420 1356 bello
437 1330 509 1358 civili
522 1330 592 1358 facta
619 1336 661 1359 est
690 1339 818 1359 sororum
843 1332 916 1360 illius
932 1333 985 1361 loci

192 1375 355 1407 translatio,
371 1381 452 1411 atque
479 1377 566 1412 ipsius
586 1378 750 1413 przepositze,
778 1386 840 1413 quae
854 1379 890 1406 ibi
907 1380 987 1414 quie-

192 1421 286 1448 scebat
302 1422 424 1450 insaeris
441 1422 551 1456 loculis,
564 1431 627 1450 cum
642 1424 704 1451 aliis
717 1433 778 1459 qua:
790 1431 987 1460 praecesserant

192 1465 316 1501 ejusdem
337 1467 443 1495 ordinis
463 1469 626 1503 animabus;
644 1469 686 1497 fas
704 1478 758 1497 non
775 1475 826 1504 est,
839 1472 985 1507 utopinor,
1000 1488 1023 1518 ε

192 1511 319 1545 Domina,
334 1514 514 1542 mulationem
530 1523 546 1542 a
559 1519 585 1542 te
598 1516 668 1548 ﬁeri,
679 1521 723 1543 aut
740 1525 823 1552 porro
841 1518 913 1545 illius
926 1526 987 1554 quae

193 1558 344 1592 przecessit,
362 1567 471 1588 sorores
492 1560 617 1596 ﬁliasque
634 1562 781 1596 dimittere,
802 1571 864 1598 quae
878 1564 915 1591 ibi
935 1565 989 1592 Deo

195 1604 299 1631 servire
312 1605 428 1638 malunt,
445 1606 491 1633 ubi
507 1601 613 1642 sepulta
623 1606 670 1636 Vest
693 1600 848 1644 przeposita.
870 1610 989 1646 Aposto-

195 1650 265 1678 licus
281 1659 373 1679 sermo
383 1656 426 1679 est
443 1661 449 1679 :
472 1648 656 1690 Unusquisque
669 1656 695 1682 in
707 1664 758 1691 quo
771 1661 878 1683 vocatus
895 1661 943 1690 est,
961 1658 990 1684 in

196 1695 244 1723 hoc
262 1702 366 1724 "lanea!
383 1697 415 1724 ".
449 1697 645 1727 Monasterium
675 1701 807 1731 muliebre
823 1701 989 1736 appellatum

196 1747 239 1770 est
257 1752 264 1770 :
283 1751 344 1777 quae
359 1751 443 1771 causa
457 1744 658 1773 immolationis
672 1767 679 1779 ,
706 1751 736 1773 ut
752 1747 872 1774 virorum
889 1755 990 1775 nomen

196 1790 293 1824 gerat?
309 1791 461 1825 praesertim
473 1798 536 1818 cum
548 1792 599 1818 viri
611 1800 666 1819 non
684 1792 855 1827 appareant?
868 1800 929 1828 qua:
940 1801 991 1819 au-

196 1839 251 1862 tem
272 1837 392 1870 expulsas
409 1841 492 1870 sunt,
522 1844 577 1864 non
596 1836 687 1864 ferant
704 1845 733 1864 se
763 1845 817 1864 non
833 1838 870 1864 ibi
889 1839 990 1865 virere.

197 1879 275 1912 Quod
297 1880 320 1907 si
338 1888 410 1916 saepe
425 1881 542 1908 mutatio
559 1881 630 1909 facta
644 1887 685 1910 est
701 1883 728 1908 in
745 1882 911 1917 quibusdam
933 1891 992 1909 mo-

197 1925 328 1951 nasteriis
339 1945 345 1957 ,
363 1930 412 1952 aut
427 1929 582 1960 persecutio
609 1935 692 1954 causa
710 1927 772 1960 fuit,
789 1933 837 1954 aut
851 1928 991 1963 subreptio

198 1970 300 2005 injusta
315 1991 322 2002 ,
349 1975 398 1998 aut
422 1973 544 2006 potentia
562 1980 617 2000 non
639 1973 772 2008 legitima.
799 1973 906 2006 Quibus
927 1981 992 2001 vero

198 2021 273 2044 recta
289 2022 331 2045 est
346 2018 423 2051 ﬁdes,
441 2019 552 2046 et.vita
578 2019 641 2047 ﬁdei
669 2027 723 2047 non
750 2028 921 2055 repugnans,
945 2028 992 2048 eos

198 2069 414 2091 consentaneum
428 2064 512 2092 fuerit
523 2065 674 2093 secundum
689 2066 761 2101 leges
773 2071 801 2093 et
814 2074 933 2094 canones
945 2066 993 2094 lo—

197 2109 244 2144 qui
261 2114 289 2136 et
299 2117 390 2144 agere.
405 2110 589 2143 Quamobrem
601 2112 745 2139 hortamur
759 2117 786 2140 et
801 2113 991 2145 obsecramus,

1035 916 1217 952 μοναστηρίου
1232 915 1280 942 τοῦ
1303 913 1499 948 ὲπιλεγομένου
1524 912 1587 943 τοὺς
1603 912 1733 942 Λέοντας,
1747 911 1784 942 ὡς
1798 911 1825 936 ει

1033 962 1090 989 δέοι
1105 962 1228 996 ἀνδρεῖον
1250 960 1317 987 αὐτὸ
1330 957 1556 995 καταστήσασθαι
1566 965 1573 972 ·
1587 957 1675 989 οὕτως
1691 956 1824 991 αἱρέσεως

1033 1007 1134 1043 ἔχουσα
1148 1008 1177 1033 ὲν
1194 1006 1232 1042 τῷ
1247 1004 1503 1041 μετασχηματισμῷ
1517 1003 1563 1030 τοῦ
1579 1003 1643 1039 πρὶν
1662 1001 1824 1037 γυναικείαν

1036 1053 1121 1088 μονὴν
1132 1051 1333 1087 ὀνομαζομένου
1348 1053 1394 1078 καὶ
1409 1049 1630 1086 χρηματίσαντος
1643 1057 1650 1065 ·
1667 1048 1746 1075 τοῦτο
1757 1049 1827 1075 ἀπο-

1034 1098 1176 1134 κρίνεσθαι
1190 1097 1301 1133 ἔχομεν·
1316 1098 1357 1123 ὅτι
1372 1097 1458 1132 εί,μὲν
1470 1095 1568 1122 νεωστὶ
1583 1093 1685 1131 ἦρκταί
1701 1103 1742 1121 σοι
1756 1094 1827 1121 καθ-

1036 1144 1128 1179 ιεροῦν
1147 1144 1193 1170 τὸν
1213 1143 1307 1175 τόπον,
1331 1142 1390 1176 ἐξὸν
1417 1142 1486 1178 ὅπερ
1508 1142 1575 1177 αἱρῇ
1607 1139 1826 1176 διαπράξασθαι.

1041 1190 1151 1225 Ἐπειδὴ
1164 1189 1192 1216 δὲ
1210 1189 1432 1225 προκαθιέρωται
1448 1188 1492 1215 διὰ
1503 1188 1553 1223 τῆς
1566 1189 1595 1214 ὲν
1612 1187 1737 1223 μακαρίᾳ
1755 1186 1828 1222 μνή-

1038 1243 1076 1272 μῃ
1093 1235 1267 1270 τελεσθείσης
1281 1244 1328 1261 σου
1344 1234 1480 1270 θυγατρὸς
1496 1236 1584 1261 ἐκεῖσε
1600 1234 1827 1268 καθηγουμένης,

1035 1283 1083 1308 καὶ
1097 1281 1178 1308 τοῦτο
1191 1281 1236 1308 ἐπὶ
1252 1282 1360 1317 χρόνοις
1379 1281 1482 1311 ίκανοῖς
1505 1280 1739 1315 διακρατησάσης,
1757 1279 1830 1314 μετὰ

1036 1329 1084 1354 καὶ
1097 1327 1220 1359 συνοδίας
1238 1326 1410 1362 παρθενικῆς
1424 1335 1431 1342 ·
1446 1327 1471 1353 εί
1487 1327 1534 1352 καὶ
1554 1327 1595 1352 ὄτι
1614 1325 1759 1361 μετάθεσις
1778 1324 1829 1358 γέ-

1036 1383 1115 1409 γονεν
1138 1376 1171 1401 ὲκ
1187 1374 1234 1401 τοῦ
1255 1374 1439 1409 προλαϐόντος
1462 1371 1595 1408 ἐμφυλίου
1623 1371 1755 1407 πολέμου,
1775 1372 1829 1406 τῆς

1037 1421 1217 1456 ἁδελφότητος
1239 1421 1294 1447 τῶν
1315 1421 1414 1452 ἐκεῖσε,
1443 1420 1528 1454 αὐτῆς
1548 1428 1577 1446 τε
1602 1419 1651 1454 τῆς
1670 1419 1830 1454 ἡγουμένης

1038 1467 1118 1503 δεῦρο
1133 1467 1336 1502 κατακειμένης
1350 1467 1379 1493 ὲν
1398 1466 1496 1501 θήκαις
1509 1466 1598 1497 ὁσίαις
1615 1465 1685 1500 μετὰ
1696 1466 1744 1491 καὶ
1761 1473 1831 1500 προ-

1039 1513 1180 1540 λαὸουσῶν
1199 1514 1287 1540 ἄλλων
1303 1513 1448 1547 ὁμοταγῶν
1475 1511 1569 1547 ψυχῶν
1580 1521 1587 1527 ·
1603 1512 1633 1538 οὐ
1651 1511 1774 1545 θεμιτὸν,
1789 1511 1831 1544 ὠς

1039 1558 1129 1595 οἶμαι,
1152 1559 1246 1595 κυρία,
1267 1559 1419 1592 ἐξαλλαγὴν
1446 1558 1613 1593 ποιήσασθαί
1642 1565 1689 1584 σε·
1708 1556 1832 1592 μάλιστα

1039 1606 1094 1633 τῶν
1115 1605 1269 1640 ἀφεοεισῶν
1294 1604 1415 1639 ἀδελιξῶν
1432 1605 1479 1631 καὶ
1495 1605 1597 1631 τέκνων
1609 1604 1659 1638 τῆς
1673 1611 1834 1639 προηγησα-

1042 1652 1126 1687 μένης
1151 1648 1202 1678 ὧδε
1217 1651 1387 1686 αἱρουμένων
1406 1649 1549 1685 λατρεύειν
1575 1648 1644 1684 Θεῷ,
1659 1648 1722 1675 ἔνθα
1743 1648 1789 1675 καὶ
1814 1649 1832 1683 ὴ

1041 1698 1237 1734 καθηγουμένη
1279 1697 1452 1723 κατάκειται.
1495 1694 1689 1726 Ἀποστολικὺς
1721 1693 1834 1728 ὁλόγος

1041 1745 1131 1771 ἐστίν·
1149 1744 1300 1776 Ἕκαστος
1317 1743 1352 1769 ἐν
1365 1741 1389 1774 ᾧ
1400 1742 1525 1776 ἐκλήθη,
1542 1742 1576 1768 ἐν·
1588 1742 1684 1774 τούτῳ
1704 1740 1833 1774 μενέτω.

1041 1791 1118 1827 Μονὴ
1143 1790 1244 1825 ἐκλήθη
1263 1788 1409 1823 γυναικεία
1421 1797 1429 1803 ·
1445 1788 1486 1819 τίς
1498 1787 1577 1822 λόγος
1591 1787 1640 1822 τῆς
1659 1786 1835 1822 μεταλλαγῆς

1042 1837 1221 1872 ἁνδρώνυμον
1237 1835 1380 1870 γενέσθαι;
1406 1835 1494 1861 καίτοι
1520 1834 1625 1869 ἀνδρῶν
1651 1833 1689 1869 μὴ
1706 1832 1767 1860 κατ’
1782 1833 1836 1867 ὀφ-

1042 1884 1164 1918 θαλμοὺς
1183 1883 1365 1918 φαινομένων,
1389 1881 1437 1908 καὶ
1463 1881 1517 1907 τῶν
1545 1879 1755 1915 ὲκῦεϐλημένων
1780 1880 1837 1906 οὐκ

1042 1930 1213 1966 ἀνεχομένων
1231 1929 1268 1964 μὴ
1284 1929 1344 1964 οὐχὶ
1361 1929 1451 1954 ἐκεῖσε
1466 1927 1570 1962 διαςῇν.
1586 1926 1617 1953 Et
1636 1925 1664 1952 δὲ
1679 1925 1720 1952 ὅτι
1736 1925 1836 1959 γέγονα

1045 1976 1177 2007 πολλάκις
1188 1974 1324 2010 ἐξαλλαγὴ
1341 1973 1370 2000 ἒν
1383 1982 1437 2000 τισι
1453 1972 1656 2008 μοναστηρίοις,
1678 1971 1746 1998 ἀλλὰ
1760 1970 1837 1997 κατὰ

1042 2022 1164 2057 διωγμοῦ
1190 2021 1293 2051 αἰτίαν,
1320 2019 1368 2046 καὶ
1397 2017 1566 2054 ὺφαρπαγὴν
1590 2018 1640 2053 οὑχ
1664 2017 1752 2050 ὁσίαν,
1783 2017 1836 2043 καὶ

1043 2068 1171 2101 ἐξουσίαν
1190 2067 1240 2094 οὐκ
1256 2066 1396 2102 ἔνθεσμον.
1416 2062 1464 2096 Οἷς
1481 2065 1508 2091 δὲ
1522 2064 1569 2091 καὶ
1585 2064 1676 2094 πίστις
1696 2062 1764 2098 ὀρθὴ
1784 2063 1838 2089 καὶ

1045 2115 1102 2151 βίος
1130 2114 1167 2150 μὴ
1192 2113 1398 2147 ἀνθιστάμενος,
1419 2112 1525 2143 τούτοις
1548 2110 1696 2138 ἀκόλουθον
1726 2109 1759 2136 ἃν
1786 2109 1836 2144 εἵη

197 2163 231 2183 ac
248 2155 270 2183 si
286 2155 344 2191 ipsa
359 2156 444 2183 beatae
459 2158 597 2185 memoria:
609 2158 664 2185 ﬁlia
683 2165 729 2185 tua
743 2166 792 2193 per
809 2167 859 2186 nos
873 2159 991 2187 humiles

1044 2161 1185 2196 ὲνθέσμως
1197 2160 1243 2186 καὶ
1269 2157 1421 2189 κανονικῶς
1441 2157 1532 2192 λέγειν
1551 2158 1600 2184 καὶ
1626 2156 1765 2192 πράττειν.
1782 2154 1838 2181 Διὰ

196 2208 293 2228 vocem
303 2201 407 2235 ederet,
418 2204 615 2231 monasterium
629 2204 735 2232 Leones
747 2210 842 2242 pergat
857 2206 991 2234 muliebre

198 2249 365 2284 nuncupari,
383 2254 410 2276 et
427 2249 513 2284 ipsius
524 2250 595 2277 ﬁlias
611 2251 638 2277 in
654 2251 762 2286 spiritu,
773 2253 923 2279 servientes
935 2251 991 2280 Deo

198 2296 348 2322 custodire.
370 2294 428 2322 Hoc
444 2296 517 2323 enim
545 2301 574 2324 ut
591 2296 683 2329 illius,
708 2298 749 2324 sic
768 2302 795 2324 et
810 2301 863 2324 tua:
881 2305 992 2332 quoque

198 2342 292 2377 pietati
309 2341 370 2369 laus
384 2342 438 2369 erit
451 2350 518 2370 sane
531 2343 660 2375 maxima,
678 2351 766 2378 neque
782 2351 878 2370 ansam
897 2351 991 2379 repre-

199 2388 343 2416 hensionis
371 2388 446 2416 dabit
471 2388 506 2416 iis
531 2391 577 2424 qui
608 2395 702 2416 nostra
729 2389 899 2417 observant:
917 2389 990 2424 quod

198 2433 324 2469 praecipit
338 2433 489 2469 Apostolus
508 2443 571 2462 cum
592 2435 631 2462 ait
648 2445 655 2462 :
673 2434 736 2463 Sine
749 2436 893 2470 a/iensione
910 2441 992 2463 estote

198 2483 224 2507 et
242 2479 356 2513 Judwis,
374 2485 399 2507 et
420 2480 531 2515 Grazcis,
551 2486 576 2508 et
596 2481 725 2510 Ecclesiae
742 2481 790 2509 Dei
802 2482 836 2508 ".
856 2481 991 2515 Quoniam

199 2526 253 2554 nisi
275 2527 312 2554 ita
327 2526 435 2562 feceris,
461 2536 504 2557 res
526 2529 638 2564 quidem
657 2537 711 2556 non
727 2529 879 2562 subsistet,
907 2528 942 2556 ab
959 2536 993 2556 eo

200 2574 274 2608 qu’od
291 2575 429 2608 convenit,
457 2575 492 2602 ad
524 2575 549 2603 id
578 2575 651 2611 quod
675 2580 773 2611 praeter
787 2580 914 2603 naturam
939 2579 992 2608 est,

202 2621 351 2655 translata;
369 2629 421 2649 nos
438 2629 503 2649 vero
526 2630 582 2650 non
599 2621 763 2657 effugiemus
787 2622 923 2657 publicam
943 2628 992 2648 ea-

232 2713 257 2731 ³³
271 2713 281 2740 Ι
295 2713 358 2741 Cor.
372 2721 421 2746 vn,
436 2714 479 2741 20.
519 2715 542 2730 ³⁵
558 2716 566 2742 l
581 2715 644 2742 Cor.
661 2723 686 2747 χ,
701 2714 744 2742 52.

1044 2207 1124 2234 τοῦτο
1138 2206 1187 2233 καὶ
1201 2205 1390 2241 παραινοῦμεν
1404 2204 1451 2230 καὶ
1470 2201 1677 2237 ἀντιϐολοῦμεν,
1690 2201 1727 2232 ὡς
1748 2199 1839 2235 αὐτῆς

1044 2255 1094 2290 τῆς
1106 2252 1244 2288 μακαρίας
1257 2250 1394 2286 θυγατρός
1408 2258 1455 2276 σου
1468 2248 1559 2284 φωνὴν
1573 2247 1699 2282 ἀφιείσης
1709 2246 1742 2272 δι’
1752 2245 1838 2281 ἡμῶν

1043 2300 1098 2327 τῶν
1119 2297 1273 2325 ταπεινῶν·
1293 2296 1397 2332 μενέτω
1420 2295 1452 2322 τὸ
1471 2295 1653 2330 μοναστήριον
1676 2293 1701 2318 οι
1718 2291 1838 2323 Mone;

1044 2345 1200 2380 γυναικεῖον
1215 2342 1398 2378 χρηματίζον,
1419 2341 1465 2368 καὶ
1487 2339 1625 2376 φρουροῠν
1642 2338 1692 2370 τὰς
1704 2336 1838 2364 καταλει-

1045 2390 1158 2426 φθείσας
1168 2389 1321 2424 θυγατέρας
1334 2387 1428 2422 αὐτῆς,
1441 2387 1470 2412 ἐν
1479 2385 1614 2420 πνεύματι
1626 2383 1752 2418 λάτριδας
1761 2381 1836 2417 Θεῷ.

1045 2436 1132 2463 Τοῦτο
1155 2435 1209 2470 γὰρ
1233 2434 1283 2461 σὺν
1305 2433 1397 2469 ἐκείνῃ
1419 2433 1466 2459 καὶ
1491 2433 1523 2467 τῇ
1546 2432 1579 2466 σῇ
1598 2428 1738 2463 θεοσεεεία
1755 2427 1839 2458 κλέος

1045 2483 1087 2509 ὃτι
1106 2481 1235 2517 μάλιστα,
1253 2479 1302 2507 καὶ⁵
1317 2479 1484 2513 ἀνεπιψογον
1502 2479 1560 2509 τοῖς
1581 2475 1783 2510 ἐπισκήπτουσι
1800 2473 1840 2499 τὰ

1046 2528 1187 2564 ἡμέτερα·
1219 2527 1287 2562 ὅπερ
1312 2525 1461 2560 παρεγγυᾷ
1489 2524 1503 2550 ὁ
1535 2521 1697 2552 ’Δπόστολος
1725 2520 1837 2553 λέγων’

1053 2574 1257 2608 Ἀπρόσκοποι
1283 2572 1404 2606 γίνεσθε
1432 2570 1479 2597 καὶ
1503 2568 1671 2600 Ἰουδαίοις,
1694 2565 1744 2593 καὶ
1762 2565 1839 2592 Ἕλ-

1047 2610 1133 2654 λησι,
1149 2620 1198 2646 καὶ
1222 2613 1275 2652 nr
1296 2617 1460 2650 Ἐκκλησία
1487 2615 1541 2643 τοῦ
1570 2613 1654 2641 Θεοῦ,
1677 2611 1756 2639 Ἐπεὶ
1786 2610 1840 2637 ἐὰν

957 2798 1073 2828 NOTAE.

243 2882 300 2918 (86)
316 2881 345 2911 In
358 2883 421 2911 cod.
437 2882 505 2918 Reg.
525 2883 592 2917 ριιεη
