1927 3089
115 147 185 179 1585

718 147 988 178 El‘lSTOLARUM
1018 149 1091 178 LIB.
1114 149 1154 179 II.

1676 149 1747 193 ιβιδ

115 210 153 236 μη
170 200 244 228 οὕτω
262 202 389 236 πράξοις,
410 201 440 227 τὸ
467 201 517 236 μὲν
539 201 633 237 δρᾶμα
656 204 752 229 στάσιν
768 202 818 237 οὐχ
835 203 905 237 ἕξει,

963 204 1140 237 villationem,
1159 204 1310 233 addiderim
1328 206 1423 239 etiam,
1451 206 1478 233 in
1494 206 1751 234 condemnationem

113 248 188 281 ἅπαξ
201 248 313 284 κινηθὲν
329 249 362 274 ὲκ
378 248 426 274 τοῦ
445 247 614 282 καθήκοντος
632 248 672 279 εἰς
685 249 716 275 τὸ
731 249 806 283 παρὰ
817 247 908 282 φύσιν·

113 294 196 329 ἡμεῖς
216 294 244 320 δὲ
266 294 318 321 οὐκ
345 294 398 326 ἔξω
420 293 579 329 κωμῳδίας,
596 293 746 329 προσθείην
769 294 793 321 δ’
808 293 842 320 ἃν
862 294 910 320 καὶ

113 341 305 375 κατακρίσεως
322 341 543 374 ἀπενεγκοίμεθα
558 341 759 377 παράπτωμα..

204 396 272 438 PAF
293 398 361 433 (87).
373 412 409 418 -
429 398 586 434 Εῠδοκιμφ
605 399 773 432 σπαθαρίῳ.
813 397 907 435 [ψοβ’.]

963 250 998 278 ob
1017 250 1147 278 delictutn
1161 252 1346 280 incurremtts.

1100 394 1214 423 CXCIII.
1232 410 1267 415 -
1290 395 1435 423 Eudocimo
1451 395 1595 430 Spathario
1613 397 1662 433 (").

626 455 665 480 De
677 453 833 486 praescienlja
851 454 898 479 Dei
909 457 936 479 et
952 451 1179 485 prandestinatione.

155 506 305 542 Ὧψῖσαμεν
320 507 525 535 ἀντεπιστεῖλαι
541 509 574 544 τῇ
591 508 732 544 τιμιότητί
749 518 798 535 σου
809 517 816 524 '
832 508 904 535 ὦστε

115 552 218 589 μικροῦ
240 553 295 580 δεῖν
315 554 364 580 καὶ
390 554 592 588 ὲκκεκροῦσθαι
615 555 691 589 ἡμᾶς
707 555 758 589 τῆς
785 554 840 582 τῶν
860 555 909 581 ὲπ-

114 600 291 634 εσταλμένων
304 600 458 635 δυνάμεως.
480 600 561 627 Ἀλλὰ
575 601 605 628 τὸ
627 602 724 634 αἴτιον,
738 601 769 628 τὸ
787 602 825 636 μὴ
837 609 909 637 παρ-

113 644 185 670 εῖναι
207 645 305 670 πιστὸν
337 646 603 681 γραμματτηφόρον.
628 646 686 673 Νῦν
706 646 735 673 δὲ
754 646 850 682 ἐπειδὴ
877 646 909 679 ἐξ

114 690 268 723 ἀναγκαίου
291 691 494 728 ἀπεστείλαμεν
519 692 566 719 τδν
591 693 733 728 οἰκονόμον
762 693 813 728 τῆς
846 693 907 720 καθ’

113 736 191 770 ἡμᾶς
213 737 298 771 μονῆς
307 737 404 776 ἐντοῖς
422 738 516 764 αὐτόθι
527 746 534 753 ·
547 738 660 770 εἰκότως
676 739 706 766 τὸ
717 738 826 770 ἐλλιπὲς
839 739 907 766 ἀπο-

114 781 277 817 πληροῦμεν
290 791 296 797 ·
317 783 406 809 ἐκεῖνο
436 783 545 819 πρῶτον
565 784 702 818 λέγοντες,
725 785 766 812 ὅτι
787 785 837 820 οὐχ
858 782 910 812 οἷοί

114 829 202 862 ἐσμεν
224 829 416 864 φαρμακεύειν
429 830 519 865 ψυχὴν
533 829 719 866 λυπουμένην,
740 831 787 858 καὶ
802 831 909 862 πολλοῖς

114 865 327 908 τετρυχωμένην
356 874 482 902 πάθεσιν.
498 875 594 910 Ὅμως
627 865 773 911 πειρατέον
799 877 832 903 ὲκ
855 875 910 902 τῶν

115 919 306 946 θεοπνεύστων
324 920 433 955 Λογίων
445 921 496 957 τὴν
514 921 665 957 θεραπείαν
681 922 859 958 ἐξευρίσκειν.
877 923 910 949 Τί

114 964 163 991 οὖν
199 972 282 999 φησιν
299 965 431 992 ὁτούτων
464 966 594 1001 μέγιστος
624 967 745 1002 ταμίας;
774 967 910 994 Πάντοτε

115 1010 246 1044 χαίρετε,
272 1011 472 1045 ἀδιαλείπτως
500 1014 720 1049 προσεύχεσθε,
760 1014 795 1041 ἐν
819 1013 911 1041 παντί

114 1058 333 1091 εὐχαριστεῖτε.
349 1059 382 1085 Et
399 1057 445 1086 οὖν
460 1059 489 1086 ἐν
502 1061 586 1086 παντὶ
602 1060 702 1096 καιρῷ,
718 1060 767 1088 καὶ
782 1062 811 1087 ὲν
826 1061 909 1088 παντὶ¹

117 1103 275 1138 πράγματι,
299 1105 347 1132 καὶ
370 1105 555 1138 ἀδιαλείπτως
578 1107 609 1134 τὸ
622 1107 739 1142 χαίρειν,
757 1107 805 1134 καὶ
830 1107 911 1142 εὐχα-

117 1151 232 1184 ριστεῖν,
255 1150 303 1176 καὶ
331 1150 533 1186 προσεύχεσθαι
558 1153 624 1187 ἡμῖν
650 1152 845 1180 διατέτακται·
860 1153 911 1179 οὐκ

117 1195 153 1222 ἂν
177 1195 348 1229 ἐξοιχήσεται
371 1197 478 1232 χρόνος,
497 1197 557 1224 οὐδὲ
579 1200 593 1225 ό
614 1199 771 1234 ἁκαριαῖος,
797 1199 834 1234 μὴ
851 1199 912 1234 ούχὶ

117 1242 346 1276 περιιδριζὸμενος
370 1243 399 1269 ὲν
425 1243 464 1279 τῷ
484 1244 591 1279 χαίρειν
610 1246 657 1271 καὶ
674 1245 846 1280 εὐχαριστεῖν
865 1245 911 1272 τὸν

115 1287 243 1321 ἀληθινὸν
268 1288 443 1322 Χριστιανὸν.
469 1289 573 1316 Οῧκουν
597 1290 690 1316 λοιπὸν
724 1290 853 1317 θλιπτικὰ
877 1292 911 1317 τὰ

116 1333 252 1367 παρόιτα,
267 1333 319 1359 κᾶν
331 1331 375 1361 οἷά
394 1336 454 1361 ποτ’
469 1335 502 1362 ἂν
516 1334 571 1362 εἷεν
584 1336 633 1370 τῆς
652 1337 825 1372 δυσπραγίας
837 1336 912 1372 ἔχον-

116 1387 153 1405 τα
170 1379 201 1405 τὸ
222 1379 396 1414 ὑπέρογκον;
415 1381 470 1407 Καὶ
494 1381 581 1408 ταῦτα
601 1382 651 1417 οὺχ
674 1382 711 1413 ὡς
725 1382 861 1418 ἁγνοούσῃ
877 1383 910 1418 τῇ

116 1425 209 1460 ἀγαθῇ
228 1433 275 1451 σου
291 1425 376 1461 ψυχῇ,
395 1426 464 1453 ἀλλὰ
481 1427 697 1463 ὐπομνηστικῶς
719 1428 829 1464 εἴρηταί
844 1436 909 1464 μοι·

116 1471 215 1506 ἐπειδὴ
245 1471 389 1506 κάμνουσα
420 1472 493 1508 ψυχὴ
524 1473 581 1500 ἔσθ’
607 1474 652 1500 ὅτε
678 1474 770 1501 ἀτονεῖ
787 1474 856 1510 πρὸς
879 1474 910 1501 τὸ

116 1517 273 1552 ἀνηγμένον
297 1518 347 1553 τῆς
362 1519 490 1554 θεωρίας.
506 1519 638 1555 Δεύτερος
653 1520 733 1554 λόγος
750 1528 811 1556 μοι’
828 1521 870 1546 ὅτι
885 1520 910 1546 εἰ

116 1563 168 1589 καὶ
183 1563 291 1589 πολλῶν
315 1563 370 1590 τῶν
392 1564 509 1590 ἐνόντων
526 1564 731 1600 ἁπεγῦμνωσάν
747 1573 777 1591 σε
791 1565 816 1590 οἱ
832 1563 910 1596 ἐξου-

118 1609 259 1641 σιάζοντες
269 1617 275 1623 ·
288 1609 344 1636 ἀλλ’
357 1610 483 1646 οὐδαμῶς
496 1610 684 1646 ἀποστερῆσαι
701 1619 731 1639 σε
747 1610 795 1637 τοῦ
811 1619 910 1645 τιμιω-

116 1656 200 1690 τέρου
220 1655 362 1693 κτήματος
387 1656 569 1692 ἠδυνήθησαν.
584 1657 639 1692 Οὐχ
656 1657 722 1692 ὁρᾷς
735 1657 782 1684 καὶ
801 1657 911 1692 εὐχαρι-

117 1702 203 1733 στεῖς,
216 1701 276 1728 οἷαν
296 1710 340 1728 σοι
363 1702 464 1736 γνῶσιν
479 1704 493 1729 ό
513 1703 580 1734 Θεὸς
595 1703 777 1739 ἑθησαύρισες
791 1703 910 1739 πηλίκην

117 1746 266 1781 γλῶσσαν;
284 1748 313 1781 ὲξ
329 1745 363 1784 ἦς
380 1748 418 1780 ὡς
440 1748 470 1781 ἐξ
492 1748 598 1775 ἀδύτων
617 1749 763 1785 θησαυρῶν
776 1750 826 1784 τῆς
842 1757 911 1784 καρ-

116 1793 180 1825 δίας
191 1794 324 1830 προφέρει
340 1794 376 1822 τὰ
393 1795 572 1830 ἁγορεύματα
584 1796 632 1822 καὶ
647 1796 816 1831 διανοήματα
830 1795 910 1831 προὶξ

117 1839 161 1865 ὅτι
193 1839 321 1874 μάλιστα.
358 1840 443 1867 Τοῦτο
475 1842 698 1876 προφερέστατον
726 1841 773 1868 καὶ
801 1841 910 1868 πάντων

117 1885 273 1920 χρημάτων
302 1887 603 1922 χρηματιστικώτερον,
635 1888 683 1914 καὶ
708 1887 799 1923 πάσης
819 1886 911 1918 οὐσίας

118 1930 358 1966 ὕπερουσιώτερον
370 1941 376 1947 ·
391 1932 406 1958 ὃ
423 1932 451 1959 εί
470 1941 512 1964 τις
535 1933 679 1968 κέκτηται,
696 1934 751 1960 τῶν
768 1934 838 1967 ἄγαν
862 1941 912 1960 πο-

116 1975 253 2003 λπουσὶων
271 1976 451 2013 αἱρετώτερός
467 1979 525 2005 ἔστι
545 1978 583 2014 τῷ
604 1979 667 2006 νοῦν
680 1979 780 2014 ἔχοντι,
797 1979 849 2006 κᾶν
863 1981 911 2015 ρα-

118 2023 190 2054 κὶοις
206 2024 286 2058 μόνον
300 2024 502 2060 ἀμπεχόμενος.
520 2025 576 2052 Καὶ
590 2025 669 2052 τοῦτο
683 2026 784 2061 δέδειχε
800 2025 911 2060 σύμπας

119 2069 174 2103 μὲν
196 2069 210 2095 ὁ
231 2069 285 2095 τῶν
310 2069 422 2110 δικαίων
441 2072 538 2107 χορός·
560 2073 590 2098 ἐν
607 2072 634 2099 δὲ
659 2073 716 2103 τοῖς
740 2072 910 2107 ἐξωτερικοῖς

118 2113 281 2149 προσώποις
309 2115 324 2140 ὁ
352 2116 498 2148 Ὀδυσσεὺς
525 2117 639 2151 ἐκεῖνος,
657 2119 689 2146 ὲκ
711 2119 842 2153 ναυαγίου
864 2128 912 2154 γυ-

118 2160 188 2195 μνὸς
199 2160 292 2194 ὀφθεὶς
305 2161 338 2196 τῇ
359 2161 485 2196 βασιλίδι.

163 2206 234 2232 Ἀλλ’
249 2208 295 2233 ἐπὶ
311 2207 341 2233 τὸ
362 2207 495 2243 ἐρώτημά
513 2217 560 2235 σου
587 2209 720 2244 τρεπτέον
748 2209 795 2237 τὸν
820 2210 908 2243 λόγον.

117 2253 219 2280 Καίτοι
238 2253 316 2285 εἰδὼς
343 2254 388 2289 ἀφ’
403 2254 501 2281 ἑαυτοῦ
523 2255 554 2281 τὸ
577 2253 609 2289 εὖ
622 2256 692 2291 ἕχον,
723 2256 925 2292 φιλοπευστεϊς·

117 2299 191 2335 πρὸς
208 2299 288 2334 ἡμῶν
313 2300 368 2326 τῶν
382 2301 496 2335 ἀμαθῶν
512 2301 713 2330 ὲκδιδάσκεθαι.
729 2302 784 2338 Φὴς
800 2303 854 2338 γὰρ
870 2304 911 2330 ὅτι

117 2345 161 2378 πῆ
176 2345 226 2379 μὲν
246 2344 376 2380 λογισμὸς
388 2346 575 2381 προτρέπεταί
591 2356 621 2373 σε
631 2348 671 2379 εἰς
687 2349 855 2384 προσευχήν·
873 2350 910 2385 πῆ

117 2390 149 2417 δὲ
166 2391 328 2423 ἀνακόπτει,
341 2388 379 2424 ὡς
404 2391 451 2418 τοῦ
469 2392 537 2418 Θεοῦ
561 2394 661 2425 εἰδότος
675 2394 744 2429 ὅπερ
759 2394 911 2430 βουλόμεθα

118 2437 237 2471 αἰτῆσαι
250 2437 323 2473 [cod.
336 2438 402 2473 lleg.
417 2439 575 2475 αἰτεῖσθαιῖ·
586 2440 623 2471 ὡς
636 2440 762 2467 ἐντεῦθεν
777 2442 912 2477 παρέλκον

119 2483 156 2509 ἂν
180 2483 211 2509 τὸ
227 2483 438 2519 προσεύχεσθαι.
455 2485 526 2520 Πρὸς
544 2485 660 2518 τούτοις,
677 2487 738 2512 ἐπεὶ
750 2487 911 2522 ἁμαρτωλὸς

120 2527 174 2561 εἷς,
195 2529 272 2556 οὐδὲν
289 2529 346 2556 ὀνεῖ
358 2530 430 2566 [cod.
444 2531 510 2566 Reg.
529 2531 643 2568 ὀνίνησι]
659 2533 689 2559 τὺ
702 2532 911 2568 προσεύχεσθαι.

120 2576 177 2602 Καὶ
201 2576 295 2610 ἁπλῶς
319 2578 345 2604 εῐ
358 2586 387 2604 τι
404 2578 469 2604 ἄλλο
495 2578 589 2613 ἐδήλου
604 2578 634 2605 τὸ
652 2579 769 2614 γράμμα
783 2587 790 2593 “
804 2579 834 2606 οὑ
859 2580 914 2615 γὰρ

120 2623 215 2658 παρῆν
234 2631 280 2658 μοι
303 2623 351 2650 ἐπὶ
369 2625 464 2660 χεῖρας
476 2625 557 2660 ἔχειν.
571 2625 603 2651 Τί
619 2623 665 2652 οὖν
687 2625 759 2652 ἐστιν
784 2627 871 2653 εἰπεῖν
885 2627 914 2652 ὲν

119 2669 246 2703 τούτοις;
264 2669 327 2696 Ὀτι
339 2670 426 2706 τύχης
442 2671 489 2698 καὶ
503 2672 674 2708 εἱμαρμένης
687 2673 805 2708 ἔμφασιν
819 2673 876 2709 ἔχει

158 2757 179 2773 ⁸⁵
196 2757 206 2783 l
233 2757 330 2786 Thess.
346 2766 372 2791 ν,
388 2758 433 2785 27,

996 505 1123 533 Cunctati
1140 513 1224 540 supra
1241 504 1353 532 modum
1363 513 1460 533 sumus
1470 506 1688 534 honoriﬁcentia:
1700 513 1752 535 tua:

964 551 1062 579 litteris
1079 551 1262 586 respondere;
1279 551 1347 578 adeo
1376 556 1405 579 ut
1426 559 1495 586 pene
1513 553 1593 579 nobis
1621 553 1753 582 exciderit

962 598 1028 633 quid
1041 598 1214 633 potissimum
1227 598 1409 625 continerent.
1427 597 1480 625 Sed
1495 606 1578 626 causa
1599 598 1662 632 fuit,
1678 600 1751 634 quod

962 645 1046 672 lidum
1079 644 1250 671 tabellarium
1282 651 1336 670 non
1369 644 1544 672 haberemus.
1571 644 1650 673 Nunc
1674 654 1750 678 vero,

961 691 1072 726 quando
1089 690 1199 725 quidem
1217 697 1331 718 necesse
1349 689 1401 717 I'uit
1421 690 1492 717 istuc
1511 691 1618 718 mittere
1641 699 1753 720 oecono-

962 745 1036 764 tnum
1050 736 1210 764 monasterii
1234 737 1331 768 nostri,
1350 737 1423 771 quod
1435 737 1568 764 omissum
1588 737 1639 765 fuit
1656 739 1752 773 exple-

966 792 1027 812 mus
1050 789 1078 811 ut
1098 792 1148 819 par
1163 789 1224 816 est,
1253 788 1336 818 atque
1354 783 1418 810 illud
1436 784 1525 818 primo
1547 784 1607 812 loco
1622 785 1752 818 dicimus,

962 837 1015 856 tton
1032 836 1114 864 posse
1134 836 1184 857 nos
1206 829 1304 856 animae
1323 830 1460 862 mmrenti,
1476 835 1503 856 et
1518 830 1612 857 multis
1622 831 1753 858 aerumnis

961 875 1060 903 alti-itte
1081 875 1232 903 remedium
1250 875 1348 902 all‘errc
1364 884 1370 902 :
1389 875 1587 903 connitendum
1614 881 1704 903 tamen
1723 880 1754 904 ιιι

960 930 992 949 ex
1010 922 1111 949 divinis
1133 921 1249 955 eloquiis
1266 921 1439 949 curationem
1458 922 1662 949 nanciscamur.
1681 922 1752 955 Quid

960 975 1026 1002 ergo
1052 959 1091 993 ait
1119 968 1257 993 maximus
1290 966 1401 994 illorum
1433 966 1753 1002 dispensator?Semper

960 1013 1082 1048 gaudete,
1093 1013 1150 1039 sine
1164 1013 1359 1040 intermissione
1375 1017 1459 1045 orate,
1474 1014 1501 1039 in
1515 1013 1637 1040 omnibus
1648 1014 1752 1048 gratias

961 1060 1031 1094 agile
1042 1059 1075 1087 “.
1093 1058 1120 1086 Si
1134 1066 1199 1094 ergo
1216 1063 1241 1086 et
1254 1059 1331 1086 omni
1350 1063 1484 1093 tempore,
1496 1063 1524 1086 et
1538 1060 1564 1086 in
1580 1060 1655 1087 omni
1672 1068 1710 1093 re,
1726 1064 1753 1088 ct

961 1106 1022 1133 sine
1034 1105 1237 1132 intermissione
1249 1105 1377 1140 gaudere,
1387 1110 1414 1131 et
1425 1105 1527 1140 gratias
1537 1113 1626 1140 agere,
1636 1110 1662 1133 et
1673 1114 1754 1134 orare

961 1152 1041 1179 nobis
1053 1156 1217 1187 praeceptum
1227 1156 1286 1185 est;
1297 1151 1402 1178 nulluttt
1430 1151 1523 1186 utique
1537 1157 1642 1186 tempus
1651 1151 1753 1184 elliuet,

962 1204 996 1224 ne
1022 1201 1246 1224 momentaneum
1264 1197 1388 1232 quidem,
1411 1197 1484 1231 quod
1500 1204 1565 1224 vero
1583 1197 1752 1230 Christiano,

963 1247 992 1270 ut
1012 1243 1128 1278 gaudeat
1144 1247 1171 1270 et
1186 1243 1289 1277 gratias
1301 1248 1374 1278 agat,
1387 1243 1529 1270 delinitum
1548 1250 1602 1270 non
1617 1243 1663 1271 sit.
1682 1243 1754 1271 Rur-

962 1298 1035 1323 sum,
1063 1297 1154 1317 nonne
1175 1289 1349 1316 alﬂictionem
1367 1297 1463 1322 parere
1482 1290 1572 1317 solent
1598 1289 1752 1324 praesentia,

961 1336 1095 1371 gravique
1112 1343 1202 1362 rerum
1228 1335 1404 1362 adversarum
1432 1335 1509 1362 oneri
1530 1341 1595 1362 sunt
1616 1335 1753 1363 obnoxia?

961 1380 1050 1414 Atque
1067 1380 1125 1407 lnec
1139 1387 1183 1407 me
1198 1381 1277 1407 bonae
1291 1380 1388 1407 anima:
1402 1385 1465 1412 tuae,
1491 1387 1546 1407 non
1558 1385 1588 1408 ut
1603 1381 1751 1415 ignoranti,

963 1426 1009 1452 sed
1029 1425 1181 1452 excitanda!
1210 1426 1350 1452 memoria:
1371 1432 1454 1452 causa
1481 1425 1554 1453 dicta
1574 1430 1659 1460 sunt;
1688 1427 1752 1461 quia

961 1479 1034 1505 aeger
1045 1471 1155 1498 animus
1171 1471 1323 1506 languescit
1337 1471 1486 1504 interdum,
1502 1472 1651 1506 quominus
1665 1473 1752 1507 possit

961 1518 993 1545 ad
1001 1517 1258 1552 contemplationem
1270 1518 1523 1552 assurgere.Altera
1538 1517 1604 1544 mihi
1615 1523 1658 1546 est
1670 1519 1750 1552 ratio,

961 1564 1033 1599 quod
1049 1564 1101 1591 etsi
1118 1563 1212 1591 multis
1231 1568 1256 1590 te
1278 1563 1376 1598 opibus
1402 1564 1553 1598 spoliarunt
1584 1565 1631 1599 qui
1659 1573 1751 1592 rerum

961 1609 1124 1644 potiuntur,
1155 1614 1183 1636 at
1206 1609 1282 1636 nullo
1306 1609 1387 1636 modo
1405 1609 1513 1644 privare
1539 1613 1565 1637 te
1595 1611 1749 1645 pretiosiori

961 1655 1136 1690 possessione
1150 1660 1306 1690 potuerunt.
1320 1655 1432 1688 Qualem
1450 1656 1497 1683 tibi
1509 1657 1632 1683 scientiae
1644 1658 1750 1692 copiam

961 1701 1070 1728 donarit
1081 1701 1163 1734 Deus,
1178 1709 1270 1728 annon
1287 1702 1372 1734 vides,
1387 1706 1415 1728 et
1430 1702 1532 1736 gratias
1550 1702 1608 1736 agis
1618 1703 1630 1729 ?
1642 1703 1749 1737 qualem

962 1747 1103 1782 linguam?
1121 1755 1153 1775 ex
1166 1755 1222 1782 qua
1234 1751 1364 1782 tanquam
1380 1755 1412 1774 cx
1425 1748 1525 1775 abditis
1535 1748 1625 1776 cordis
1643 1749 1752 1775 thesau-

961 1794 1000 1821 ris
1017 1793 1089 1820 dicta
1102 1794 1130 1820 et
1139 1794 1257 1829 cogitata
1275 1793 1382 1829 profers
1394 1802 1476 1828 quam
1493 1795 1611 1821 maxime
1620 1795 1751 1830 gratuita.

965 1838 1023 1866 Hoc
1047 1839 1127 1873 longe
1145 1839 1422 1874 praestantissimum,
1445 1844 1473 1867 et
1495 1841 1626 1870 omnibus
1655 1843 1755 1878 opibus

962 1885 1135 1920 opulentius,
1168 1890 1195 1913 et
1221 1893 1313 1913 rerum
1341 1887 1463 1914 omnium
1487 1888 1566 1922 copia
1593 1890 1753 1924 copiosius:

962 1932 1036 1966 quod
1066 1933 1112 1967 qni
1150 1933 1287 1967 possideat
1313 1933 1540 1968 locupletissimis
1570 1935 1754 1970 praeferendus

962 1983 1023 2010 est,
1049 1978 1154 2013 judicio
1179 1978 1355 2013 sapientum,
1386 1979 1494 2007 etiamsi
1530 1982 1683 2015 pannicuIis
1710 1982 1754 2009 in-

962 2023 1071 2051 duatur.
1105 2024 1136 2051 Et
1162 2025 1215 2052 hoc
1247 2026 1358 2060 quidem
1388 2027 1590 2054 demonstravit
1617 2028 1755 2063 justorunt

962 2070 1064 2097 chorus
1095 2070 1341 2098 univcrsus:inler
1365 2078 1514 2100 extraneos
1532 2078 1623 2100 autem
1647 2073 1756 2109 Ulysses

963 2115 1022 2149 ille,
1043 2116 1090 2152 qui
1123 2122 1183 2151 post
1211 2118 1383 2153 naufragium
1403 2119 1563 2153 spoliatusa
1586 2120 1679 2155 regina
1691 2127 1757 2147 con-

927 2165 949 2193 1)
965 2168 1075 2197 specttts
1092 2168 1145 2192 est.
1154 2196 1160 2202 _

1000 2210 1100 2236 Verum
1115 2211 1149 2238 ad
1175 2211 1440 2247 interrogationnent
1463 2217 1538 2239 tuam
1571 2213 1755 2240 convertenda

962 2260 1004 2283 est
1015 2256 1117 2283 oratio.
1145 2256 1220 2284 Licet
1232 2265 1279 2292 per
1299 2259 1418 2286 tenoris
1433 2259 1490 2294 ipse
1503 2258 1568 2293 quid
1585 2263 1689 2285 rcctum
1709 2259 1754 2289 sit,

963 2303 1063 2337 qnzeris
1083 2311 1097 2330 a
1114 2303 1193 2330 nobis
1211 2303 1356 2331 ineruditis
1384 2305 1503 2332 edoceri.
1530 2304 1569 2330 Ex
1602 2311 1654 2330 una
1678 2309 1756 2338 parte

963 2350 1046 2382 ratio,
1063 2357 1091 2377 ut
1105 2351 1156 2383 ais,
1175 2355 1200 2378 te
1214 2357 1346 2385 provocat
1373 2352 1406 2378 ad
1430 2352 1579 2378 orationem
1593 2360 1600 2384 ;
1621 2358 1654 2377 cx
1670 2352 1755 2378 altera

964 2397 1079 2430 inhibet,
1096 2402 1225 2432 tanquam
1243 2398 1349 2426 sciente
1372 2400 1426 2425 Deo
1437 2398 1501 2433 quid
1514 2403 1604 2433 petere
1619 2397 1734 2425 velimus
1748 2406 1754 2424 :

966 2448 994 2470 ut
1013 2443 1126 2477 proinde
1148 2451 1382 2478 supervacaneum
1398 2444 1432 2471 sit
1447 2451 1536 2470 orare.
1548 2443 1599 2470 ‘Ad
1613 2443 1669 2470 lucc
1692 2443 1756 2477 quia

966 2487 1092 2528 peccator
1108 2498 1148 2522 es,
1163 2490 1229 2517 nihil
1248 2490 1327 2524 juiat
1340 2498 1435 2523 orare;
1461 2497 1493 2517 ac
1511 2490 1621 2516 demum
1645 2489 1669 2516 si
1690 2489 1756 2523 quld

967 2536 1040 2562 aliud
1060 2536 1155 2563 littera:
1172 2537 1384 2571 signiﬁcabant;
1406 2543 1494 2570 neque
1513 2536 1585 2562 enim
1605 2535 1639 2562 ad
1659 2542 1756 2563 manus

965 2587 1051 2608 crant.
1075 2582 1145 2615 Quid
1164 2583 1190 2609 itt
1209 2583 1252 2610 his
1268 2592 1332 2618 ergo
1352 2582 1496 2610 dicendum
1519 2581 1671 2615 est?Quod
1702 2582 1757 2609 for-

965 2632 1037 2653 tuna:
1060 2633 1087 2654 et
1101 2627 1147 2654 l‘nti
1163 2628 1392 2662 signiﬁcationem
1420 2628 1518 2654 ltabcat
1539 2627 1597 2654 haec
1617 2627 1756 2662 cogitatio,

966 2678 1058 2707 atque,
1075 2677 1104 2700 nt
1125 2677 1214 2701 totum
1230 2675 1346 2707 dicatur,
1362 2674 1438 2702 liberi
1457 2674 1562 2701 arbitrii
1576 2673 1756 2702 eversionem.

877 2804 956 2832 NO’I'.
963 2804 992 2831 Ii.

160 2870 217 2906 (δῖ)
232 2869 263 2898 In
279 2871 338 2898 cod.
355 2870 421 2905 Reg.
443 2874 515 2907 ρχςι,

1000 2872 1037 2907 (⁸)
1054 2872 1224 2908 Dugmatita.
