1927 3089
143 189 206 224 153Ἱ

140 248 246 276 Idcirco
282 246 346 274 huic
373 244 496 279 opinioni
520 243 659 270 adhmrere
687 250 736 269 nos
755 246 873 276 oportet.
899 239 945 274 qui

142 295 292 332 prudentes
320 299 430 321 sumus.
459 295 486 318 et
510 289 556 317 Dei
578 289 736 324 cognitione
766 286 945 322 locupletati;

144 343 206 375 sed,
220 339 292 376 quod
308 338 457 367 secundam
471 336 684 371 propositionem
709 336 817 364 attinet,
833 341 947 368 persua-

143 397 204 416 sum
222 387 334 418 habere,
359 385 440 414 etiam
464 388 632 418 peteatores,
654 382 758 417 optima
787 379 946 415 ptenitentia

145 440 265 464 utentes,
279 432 369 460 audiri
385 440 400 458 a
415 431 479 458 lleo.
497 430 558 462 Quo
574 429 647 456 enim
670 434 761 461 pacto,
779 435 842 454 cum
864 433 947 460 super

145 479 341 517 pcenitcntibus
353 477 479 516 gaudeat,
493 476 569 510 juxta
579 474 671 502 divina
685 476 796 501 oracula
806 474 840 506 ⁵⁷,
852 473 947 499 horum

147 535 243 563 preces
271 533 324 552 non
343 523 495 552 exaudiat?
509 522 536 549 In
554 521 718 556 praecedenti
745 519 950 555 proprositione

147 576 188 603 sic
218 572 438 608 respondendum
456 580 462 597 :
480 570 576 597 Divina
601 567 773 604 prmscientia
800 574 854 594 non
882 565 952 593 tollit

149 621 263 648 liberum
283 618 438 646 arbitrium.
458 616 564 643 Etenim
580 623 636 642 non
659 614 723 649 quia
746 612 867 650 prtescit,
887 612 951 639 faci-

149 675 212 695 mus
229 674 290 701 quze
321 665 438 692 facimus
452 684 459 696 ,
478 663 524 690 sed
551 662 614 697 quia
633 660 732 688 facturi
758 667 854 687 sumus
882 665 953 693 prae-

150 713 238 741 noscit
255 721 262 742 ;
279 715 306 738 et
331 709 507 737 conﬁrmatur
532 708 558 734 iu
587 708 648 738 hoc.
661 712 688 733 et
711 705 893 741 prwscientite
908 704 955 731 de-

151 759 250 791 ﬁnitio,
277 764 305 786 et
329 756 407 784 liberi
440 754 545 783 arbitrii
566 753 645 781 ratio.
673 753 701 779 ln
736 753 770 780 iis
795 752 869 779 enim
895 759 956 786 qua

152 814 206 833 non
217 808 281 831 sunt
294 803 320 831 in
336 806 431 829 nostra
454 805 600 836 potestate,
616 798 746 833 praecedit
762 797 808 825 Dei
823 797 956 829 detinitio,

152 851 185 880 de
207 856 339 885 tempore,
355 848 414 876 loco
434 855 466 875 ac
483 847 566 874 modo
582 855 588 873 :
606 846 632 872 in
649 846 682 873 iis
700 853 765 872 vero
785 852 846 880 quae
864 844 892 871 in
911 851 958 878 po-

153 902 250 928 testate
263 901 357 924 nostra
372 898 447 927 sunt,
462 895 487 921 in
500 893 600 928 quibus
615 897 658 920 est
668 892 783 921 liberum
799 891 956 918 arbitrium,

153 944 330 980 subsequitur
352 933 555 977 quodammodo
579 939 627 967 Dei
651 938 833 974 praescientia,
847 942 904 964 tum
925 938 952 964 in

155 990 267 1021 virtute,
292 993 349 1015 tmn
372 990 398 1015 in
414 987 490 1015 vitio.
508 985 599 1019 Quare
614 988 721 1019 oportet
745 991 796 1012 nos
810 988 838 1011 et
866 990 960 1010 amare

155 1041 182 1064 et
195 1043 275 1063 orare
288 1034 412 1067 meliora,
426 1038 455 1061 ut
464 1033 549 1060 Deum
562 1031 623 1058 inde
635 1031 785 1058 habeamus
797 1031 963 1064 subsequen-

156 1086 211 1109 tem
223 1089 284 1115 nos,
306 1081 353 1109 sed
363 1079 511 1108 contrariis
528 1078 627 1106 modis.
649 1077 781 1105 Nosenim
793 1077 881 1104 modis
897 1084 964 1104 con-

158 1125 249 1157 trariis
268 1125 462 1160 subsequetur,
472 1124 496 1151 si
508 1123 552 1151 hic
562 1123 671 1158 quidem
682 1123 777 1158 puniat
788 1126 815 1149 et
827 1122 942 1157 castiget
955 1130 963 1155 ;

160 1171 195 1200 ibi
210 1179 275 1199 vero
295 1176 407 1200 coronet
418 1175 445 1198 et
459 1178 571 1207 regnum
583 1170 715 1198 coelorum
732 1168 811 1196 nobis
823 1168 963 1203 rependat.

311 1314 426 1343 CXCIV.
444 1330 478 1334 —
493 1314 593 1341 Joamii
615 1313 799 1349 grammatica.

814 181 1007 213 THEUDORI
1030 179 1204 210 STUDITEE

1721 172 1790 204 1588

962 242 982 268 Α
998 237 1112 267 δίανοια,
1127 235 1184 267 καὶ,
1198 234 1229 261 τὸ
1239 233 1299 261 ὅλον
1314 233 1412 265 εἰπεῖν,
1429 231 1478 259 τοῦ
1494 230 1669 264 αὖτεξουσίου
1680 231 1792 266 ἀναίρε-

998 292 1050 310 σιν.
1064 281 1204 317 Οὑμενοῦν
1221 279 1308 316 ταύτῃ
1321 280 1354 314 τῇ
1369 278 1432 314 δόξῃ
1447 277 1636 314 ὲπερείδεσθαι
1650 278 1725 311 ἡμᾶς
1739 277 1792 312 χρὴ

998 329 1070 366 [cod.
1086 328 1153 363 Reg.
1166 327 1245 363 Saiv],
1262 327 1413 362 ὲχέφρονας
1428 325 1508 357 ὄντας
1526 332 1533 340 ·
1559 325 1608 351 καὶ
1623 324 1703 356 δόξαν
1717 323 1791 360 [ωα-

998 376 1065 411 Reg.
1082 373 1196 410 γνῶσιν]
1209 372 1277 400 Θεοῦ
1292 370 1544 406 πεπλουτισμένους
1560 379 1567 386 ·
1581 371 1652 398 ἀλλὰ
1667 371 1731 404 περὶ
1744 370 1794 405 μὲν

998 422 1045 448 τοῦ
1061 421 1187 456 δευτέρου
1202 419 1405 455 προϐλήματος,
1421 417 1579 450 πεπεῖσθαι,
1589 417 1631 443 ὄτι
1643 416 1690 443 καὶ
1705 416 1796 452 ἀμαρ-

999 468 1093 496 τωλῶν
1108 466 1203 495 ἀκούει
1217 467 1231 493 ὁ
1245 465 1312 497 Θεὸς
1331 464 1462 500 μετανοίᾳ
1475 463 1654 499 κεχρημένων
1675 463 1775 498 ἀρίστῃ
1787 470 1794 478 ·

1001 515 1060 546 πῶς
1086 514 1141 549 γὰρ
1168 510 1261 548 ὲφόἷς
1283 513 1375 548 χαίρει
1390 508 1562 547 μετανοοῦσι,
1577 509 1651 537 κατά
1676 509 1710 536 τὰ
1736 509 1798 544 ιερὰ

1004 561 1101 594 Λόγια,
1117 561 1154 596 μὴ
1168 559 1228 594 οὐχὶ
1241 559 1290 586 καὶ
1301 558 1455 585 εἰσακούειν
1469 558 1519 591 τῆς
1541 556 1644 583 τούτων
1659 555 1796 590 δεήσεως;

1003 608 1072 642 Περὶ
1108 606 1137 633 δὲ
1164 605 1212 632 τοῦ
1242 604 1449 640 προηγουμένου
1479 603 1674 639 προϐλήματος
1710 601 1799 632 οὕτως

1005 654 1177 689 ἀπαντητέον
1192 662 1199 669 ·
1218 653 1258 680 ὅτι
1273 653 1289 688 ή
1306 651 1365 678 θεία
1392 650 1548 687 πρόγνωσις
1569 650 1619 676 οὐκ
1639 649 1746 684 ἀναιρεῖ
1768 647 1800 674 τὸ

1005 699 1192 732 αὐτεξούσιον.
1206 699 1262 726 Καὶ
1276 700 1330 734 γὰρ
1352 698 1403 733 οὐχ
1416 698 1456 724 ὅτι
1472 695 1667 733 προγινώσκει,
1683 695 1801 731 πράττο-

1008 755 1057 781 μεν
1069 745 1087 772 ἃ
1101 745 1258 781 πράττομεν
1272 753 1280 760 ·
1309 744 1366 771 ἀλλ’
1377 744 1418 770 ὃτι
1434 743 1585 778 πράξομεν,
1602 741 1799 777 προγινώσκει-

1007 792 1055 819 καὶ
1071 792 1191 828 ἔρῤωται
1206 793 1235 818 ἐν
1257 791 1355 826 τούτῳ,
1371 789 1420 817 καὶ
1438 791 1452 816 ὁ
1464 790 1514 825 τῆς
1527 788 1710 825 προγνώσεως
1726 788 1800 823 ὄρος,

1009 838 1056 865 καὶ
1069 839 1084 865 ὁ
1096 837 1144 864 τοῦ
1169 836 1343 869 αὐτεξουσιου
1357 836 1446 870 λόγος.
1472 835 1516 861 Ἐν
1531 835 1580 870 μὲν
1599 834 1654 870 γὰρ
1668 835 1725 866 τοῖς
1750 833 1802 860 οὐκ

1010 885 1053 920 ἐφ’
1069 885 1146 920 ἡμῖν,
1171 883 1379 919 προηγούμενος
1392 883 1465 908 ἐστιν
1480 883 1494 908 ὁ
1508 881 1556 908 τοῦ
1569 880 1638 907 Θεοῦ
1659 881 1732 915 ὄρος,
1754 879 1801 920 ἐπί

970 925 990 952 Β
1006 917 1038 958 τέ
1061 917 1170 966 χρόνου,
1184 917 1241 956 ttat
1254 917 1349 961 τόπου,
1376 929 1424 956 καὶ
1443 928 1546 963 τρόπου
1561 935 1568 941 ·
1583 927 1630 953 ἐπὶ
1645 926 1673 953 δὲ
1687 926 1742 952 τῶν
1759 917 1803 960 ἐφ’

1010 978 1087 1013 ἡμῖν,
1112 973 1206 1011 ἐφόῖς
1224 975 1255 1002 τὸ
1273 968 1456 1007 αὐτεξούσιον,
1473 974 1557 1001 οἱονεὶ
1584 974 1706 1008 ἑπομένη
1729 973 1804 1000 ἐστὶν

1010 1025 1026 1059 ή
1045 1023 1091 1050 τοῦ
1106 1022 1173 1049 Θεοῦ
1189 1023 1353 1058 πρόγνωσις,
1368 1021 1414 1047 ὲπί
1441 1029 1471 1047 τε
1491 1020 1593 1055 ἀρετῆς
1616 1020 1664 1047 καὶ¹
1693 1019 1804 1051 κακίας.

1012 1071 1096 1096 Ὥστε
1112 1070 1152 1097 δεῖ
1166 1070 1241 1104 ἡμᾶς
1251 1069 1299 1096 καὶ
1312 1069 1377 1103 ἐρᾷν
1391 1068 1438 1094 καὶ
1456 1066 1586 1102 εὔχεσθαι
1598 1066 1634 1093 τὰ
1650 1065 1805 1101 κρείττονα⁸

1013 1117 1058 1143 ἵνα
1070 1116 1176 1151 ἔχωμεν
1188 1115 1313 1142 ἐντεῦθεν
1327 1114 1373 1142 τὸν
1388 1114 1455 1141 Θεὺν
1468 1113 1638 1148 ὲφεπόμενον
1651 1113 1728 1148 ἡμῖν,
1739 1111 1808 1139 ἀλλὰ

1014 1161 1180 1188 τούναντίον.
1205 1161 1377 1195 Ἐξεναντίας
1398 1161 1453 1195 γὰρ
1466 1160 1563 1195 ἕψεται
1579 1160 1657 1194 ἡμῖν,
1678 1156 1731 1185 ὧδε
1758 1159 1809 1193 μὲν

1014 1208 1138 1240 κολάζων
1152 1209 1199 1234 καὶ
1215 1208 1356 1243 τιμωρῶν,
1372 1208 1430 1234 ἐκεῖ
1444 1207 1472 1234 δὲ
1488 1206 1630 1241 στεφανῶν
1644 1203 1693 1232 καὶ
1712 1205 1807 1232 ἀποδι-

1014 1253 1074 1285 δοὺς
1091 1254 1157 1288 ἡμῖν
1173 1253 1313 1289 βασιλείαν
1324 1253 1457 1289 οὐρανῶν.

1076 1311 1144 1346 PkA'
1163 1311 1230 1347 (88).
1243 1326 1277 1331 —
1289 1310 1414 1346 Ἰωάννῃ
1430 1309 1628 1346 γραμματικῷ.
1645 1309 1745 1346 [ψος’.]

581 1369 715 1400 Quamdam
726 1375 794 1396 suam
805 1368 835 1393 de
847 1368 982 1400 imaginum
1000 1369 1071 1394 cultu
1081 1368 1211 1401 epistolam
1224 1371 1374 1400 propugnat.

158 1451 161 1457 .
198 1426 267 1455 Cum
291 1425 470 1453 accessissem
496 1423 530 1451 ad
555 1430 697 1451 sermones
732 1422 766 1449 de
793 1421 958 1448 venerandis

165 1472 341 1509 imaginibus,
355 1476 382 1498 et
405 1469 545 1505 colloquio
569 1470 678 1497 adesset
690 1468 768 1496 Plato
786 1472 880 1495 noster
896 1477 902 1494 :
917 1468 960 1495 di-

166 1521 206 1551 xit
221 1520 245 1546 is
268 1517 425 1546 facundiam
444 1522 530 1547 tuam,
545 1520 657 1551 accepta
667 1515 732 1542 olim
751 1521 812 1541 mea
828 1513 862 1541 de
876 1514 962 1541 hocce

165 1570 329 1602 argumento
346 1564 473 1600 epistola,
488 1563 677 1594 addubitasse,
689 1561 769 1597 quasi
783 1568 815 1589 ea
828 1568 882 1587 non
896 1560 964 1587 satis

167 1613 297 1649 liquidam
318 1612 470 1640 doctrinam
500 1610 663 1642 contineret,
685 1615 768 1645 atque
791 1616 807 1636 a
821 1615 887 1636 vero
907 1607 964 1635 for-

168 1665 241 1687 tasse
268 1658 420 1685 auditorem
440 1656 598 1684 abduceret.
613 1655 670 1691 Ego
694 1662 770 1687 vero,
792 1655 816 1682 si
836 1662 907 1681 unus
930 1653 965 1680 de

169 1706 262 1734 multis
275 1709 349 1733 esset
368 1705 392 1732 is
409 1704 456 1739 qui
473 1704 556 1736 feriit,
575 1710 630 1730 non
648 1702 702 1730 cito
717 1709 914 1734 commoverer,
935 1704 966 1727 ut

169 1753 215 1789 qui
232 1753 321 1780 norim
341 1756 368 1778 et
382 1750 473 1786 jacula
495 1749 615 1783 invidiae,
643 1753 670 1776 et
688 1748 844 1783 ignotorum
867 1752 975 1775 contu-.

171 1799 265 1827 melias
287 1797 435 1826 sustinere.
451 1796 598 1831 Postquam
621 1802 686 1822 vero
701 1795 736 1822 ab
758 1794 848 1822 amico
866 1799 910 1821 est
922 1801 966 1820 re-

171 1845 328 1880 prehensio,
344 1848 372 1871 et
389 1843 479 1870 amico
508 1841 683 1872 doctissimo;
696 1840 883 1868 necessarium
908 1839 967 1867 exi-

171 1891 280 1919 stimavi
295 1889 437 1925 epistolam
454 1888 540 1923 ipsam
558 1888 593 1915 ob
607 1888 703 1915 oculos
715 1893 826 1920 ponere,
835 1890 862 1912 et
876 1884 966 1920 quoad

173 1939 199 1965 in
225 1945 267 1964 me
290 1936 361 1963 foret
384 1934 538 1962 discussam
554 1937 582 1960 et
599 1932 778 1967 approbatam
807 1930 914 1958 mittere
933 1930 967 1957 ad

174 1982 393 2012 benevolentiam
408 1985 495 2014 tuam,
513 1984 542 2007 ut
560 1984 606 2007 aut
622 1977 802 2013 percontandi
813 1985 879 2005 cura
897 1977 968 2004 libe-

174 2036 226 2064 ret,
251 2034 299 2057 aut
327 2029 482 2064 corrigatur
507 2035 522 2054 a
541 2026 652 2054 solertia
684 2031 739 2053 tua.
755 2023 868 2060 Oportet
894 2024 967 2051 enim

174 2084 237 2104 eum
252 2075 300 2110 qui
315 2075 448 2110 increpat,
469 2073 594 2101 vicissim
613 2072 737 2108 proferre
750 2071 889 2107 propriam
905 2077 969 2097 sen-

176 2123 299 2156 tentiam,
323 2121 389 2157 quid
407 2120 626 2156 redarguendum
651 2119 799 2147 existimet.
821 2116 870 2145 Est
885 2116 969 2152 igitur

176 2170 292 2205 epistola
315 2167 485 2204 huiusmodi.

410 2225 561 2254 Theodorus
584 2226 738 2252 Athanasio.

218 2294 227 2311 ι
247 2283 402 2317 Quomodo,
423 2283 516 2320 inquis
531 2283 565 2314 ³⁸,
580 2282 657 2309 Iatria
675 2289 730 2309 non
755 2281 854 2309 colitur
881 2280 971 2315 imago

178 2331 292 2363 Christi,
308 2331 355 2358 sed
368 2330 415 2365 qui
431 2329 458 2357 in
479 2329 524 2356 illa
542 2329 672 2356 adoratur
683 2327 819 2360 Christus,
835 2335 898 2354 cum
917 2334 970 2353 una

180 2380 207 2406 in
221 2378 356 2405 ambobus
371 2377 408 2404 sit
422 2375 570 2404 adoratio‘?
588 2375 722 2409 Quoniam
738 2375 765 2402 iu
779 2376 839 2410 ipso
859 2373 971 2409 quidem

179 2425 290 2453 Christo
307 2424 394 2451 latriae
412 2428 455 2451 est
482 2423 606 2450 adoratio
630 2422 766 2458 (adorans
780 2422 852 2449 enim
869 2422 971 2456 ipsum,

181 2471 301 2499 coadoro
317 2469 425 2497 Patrem
445 2475 472 2497 et
488 2469 619 2504 Spiritum
636 2458 762 2496 sanctum
776 2477 784 2501 ;
800 2477 862 2504 qua:
879 2468 973 2496 Trini-

182 2517 247 2544 tatis
261 2520 304 2544 est
330 2515 454 2543 adoratio
469 2514 551 2542 simul
562 2519 588 2541 et
604 2515 713 2549 latria),
731 2514 756 2540 in
771 2514 889 2549 imagine
911 2522 975 2541 vero

182 2563 277 2591 eadem
292 2562 471 2597 estquidem;
489 2561 536 2596 qui
554 2562 627 2588 enim
641 2569 693 2588 non
706 2561 760 2589 sit?
779 2569 841 2588 nam
856 2568 974 2596 quorum

184 2619 268 2638 unum
284 2614 326 2637 est
343 2610 488 2644 imperium
504 2613 531 2636 et
547 2609 633 2644 gloria
652 2616 717 2640 una,
738 2607 835 2634 horum
853 2607 977 2642 profecto

184 2662 211 2689 ct
226 2656 317 2683 cultus
336 2645 411 2682 unus
428 2659 455 2681 et
469 2661 521 2681 una
541 2658 583 2681 est
598 2653 720 2681 adoratio
735 2663 742 2680 :
758 2658 785 2680 at
804 2653 918 2680 relativa
935 2657 977 2679 ta-

185 2712 259 2734 men.
279 2703 336 2729 sive
350 2700 552 2736 homonymica.
570 2700 695 2727 Adorans
709 2700 781 2727 enim
799 2699 884 2732 illam,
897 2698 977 2726 Chri—

186 2756 258 2778 stum
281 2757 334 2777 non
358 2747 514 2781 coadoravi,
535 2754 589 2774 non
617 2747 734 2774 divisum
758 2746 907 2775 secundum
929 2746 977 2781 by-

222 2807 244 2823 ³⁷
254 2807 321 2834 Luc.
336 2814 379 2837 xv.
394 2804 437 2832 10.
477 2804 499 2819 ³³
520 2804 618 2839 Supra,
634 2804 713 2840 epist,
725 2804 769 2832 85.

1054 1421 1097 1449 'Ev
1111 1422 1201 1457 λόγοις
1215 1421 1377 1458 ἐληλυθότος
1401 1430 1452 1456 μου
1476 1420 1531 1447 τῶν
1560 1420 1668 1448 σεπτῶν
1685 1421 1812 1452 εἰκόνων.

1013 1468 1105 1503 παρῆν
1117 1468 1147 1494 δὲ
1164 1467 1405 1502 συνδιαλεγὸμενος
1421 1466 1534 1493 Πλάτων
1545 1467 1560 1493 ὁ
1586 1465 1722 1502 ἡμέτερος
1733 1474 1740 1481 ·
1758 1467 1812 1501 ἔφη

1014 1513 1047 1548 δὴ
1075 1513 1159 1540 πάλαι
1186 1513 1329 1548 εἰληφυῖαν
1354 1513 1404 1548 τὴν
1428 1513 1575 1548 λογιότητα
1591 1521 1650 1546 σου,
1663 1513 1812 1548 ἐπιστολὴν

1016 1559 1096 1595 ἐμὴν,
1121 1559 1186 1594 περὶ
1200 1559 1250 1595 τῆς
1264 1559 1351 1593 αὐτῆς
1375 1559 1531 1591 ὑποθέσεως
1556 1558 1739 1594 ὴπορηκέναι,
1753 1558 1813 1590 πῶς

1016 1604 1066 1630 οὐκ
1082 1604 1214 1639 εὑκρινῶς
1233 1604 1473 1640 δογματισθεῐσαν,
1490 1605 1506 1640 ἢ
1530 1606 1601 1640 τάχα
1618 1614 1669 1632 που
1686 1605 1733 1632 καὶ
1760 1613 1814 1631 πα-

1019 1651 1220 1687 ρακομίζουσαν
1246 1650 1294 1678 τοῦ
1326 1652 1442 1686 ἀληθοῦς
1462 1652 1508 1678 τὸν
1524 1652 1673 1688 ἀκροατήν.
1696 1652 1766 1686 Ἐγὼ
1783 1652 1814 1678 ὀὶ

1018 1702 1042 1728 εί
1061 1701 1110 1736 μὲν
1133 1701 1188 1728 τῶν
1210 1700 1248 1732 ὡς
1267 1700 1362 1734 ἔτυχεν
1383 1697 1417 1734 ἦν
1432 1700 1446 1725 ό
1469 1698 1567 1734 βαλὼν,
1585 1699 1614 1726 οὐ
1630 1699 1736 1734 ταχέως
1764 1700 1814 1725 ἑπ-

1018 1747 1158 1783 εστράφην
1168 1746 1212 1778 ἂν,
1222 1745 1300 1777 εἰδὼς
1316 1745 1363 1772 καὶ
1379 1745 1479 1780 φθόνου
1493 1745 1610 1781 βολίδας,
1620 1745 1667 1772 καὶ
1682 1745 1814 1779 ὰγνώτων

1018 1793 1192 1828 ἐπιτιμήσεις
1209 1791 1344 1819 ὑποίσειν.
1370 1791 1448 1818 Ἐπεὶ
1461 1791 1491 1818 δὲ
1506 1791 1583 1826 παρὰ
1593 1792 1670 1825 φίλου
1683 1793 1699 1826 ἡ
1714 1792 1813 1826 ἐπίλη-

1017 1839 1074 1874 ψις,
1092 1839 1140 1866 καὶ
1162 1839 1239 1874 φίλου
1257 1838 1416 1872 σοφωτάτου
1434 1846 1440 1852 ’
1455 1838 1604 1873 ἀναγκαῖον
1618 1838 1713 1873 ᾠήθην
1728 1837 1815 1872 αὐτὴν

1018 1888 1068 1922 τὴν
1085 1886 1230 1921 ἐπιστολὴν
1245 1886 1291 1912 ὑπ’
1302 1884 1364 1920 ὄψιν
1379 1885 1494 1919 ἀγαγεῖν
1511 1893 1518 1900 ·
1546 1885 1593 1912 καὶ
1611 1885 1672 1912 καθ’
1683 1886 1746 1912 ὅσον
1757 1882 1815 1912 οἷόν

1019 1933 1049 1959 τέ
1066 1941 1110 1967 μοι
1125 1933 1324 1967 ὲπικριθεῖσαν,
1338 1931 1497 1958 ἀποστεῖλαι
1518 1933 1550 1968 τῇ
1570 1931 1694 1967 φιλότητί
1710 1941 1757 1958 σου
1773 1940 1780 1947 ’
1796 1932 1814 1967 ἢ

1019 1978 1192 2006 ἀπολύουσαν
1205 1978 1255 2014 τῆς
1271 1977 1397 2012 ἀπορίας,
1412 1977 1428 2013 ἢ
1444 1978 1685 2014 ἐπανορθουμὲνην
1699 1979 1751 2005 ὑπὸ
1764 1979 1816 2013 τῆς

1020 2025 1162 2060 ἀγχινοίας
1187 2033 1243 2051 σου.
1258 2026 1304 2051 Δεῖ
1317 2026 1380 2060 γὰρ.
1390 2025 1600 2059 ὰντεισάγεσθαι
1613 2025 1680 2060 πρὸς
1694 2024 1741 2051 τοῦ
1755 2026 1817 2051 ἑπι-

1021 2071 1155 2107 τιμῶντος
1176 2072 1226 2107 τὴν
1240 2071 1344 2098 οἰκείαν
1362 2070 1476 2106 γνώμην
1495 2072 1546 2106 τῆς
1562 2071 1734 2107 μεμφθείσης
1749 2071 1817 2098 ὑπο-

1022 2118 1138 2154 λήψεως.
1156 2118 1251 2144 Ἔστιν
1265 2115 1312 2144 οὖν
1325 2118 1342 2153 ἡ
1357 2117 1487 2153 ἐπιστολὴ
1497 2117 1545 2153 ἣδε
1557 2125 1565 2132 ’

977 1538 998 1565 C

1238 2219 1388 2253 Θεόδωρος
1409 2219 1586 2251 Ἀθανασίφ.

1064 2289 1073 2305 Ι
1093 2279 1167 2311 Πῶς,
1181 2277 1245 2314 φὴς,
1261 2277 1292 2304 οὐ
1305 2276 1467 2312 λατρεύεται
1480 2277 1497 2312 ή
1511 2277 1594 2304 εἰκὼν
1608 2277 1740 2312 Χριστοῦ,
1760 2277 1820 2304 ἀλλ’

1026 2327 1040 2352 ὁ
1055 2326 1083 2351 ἑν
1097 2324 1166 2360 αὐτῇ
1180 2323 1416 2359 προσκυνούμενος
1439 2323 1566 2358 Χριστὸς,
1593 2325 1657 2359 μιᾶς
1675 2324 1758 2360 οὔσης
1773 2327 1822 2352 ἐπὶ

1027 2371 1128 2406 ἀμφοῖν
1142 2370 1375 2405 προσκυνήσεως;
1396 2369 1457 2396 Ὀτι
1483 2369 1621 2396 ὲπάὺτοῦ
1641 2370 1673 2406 δὴ
1698 2371 1821 2405 Χριστοῦ

1027 2416 1192 2453 λατρευτικὴ
1209 2417 1225 2451 ὴ
1242 2415 1429 2451 προσκύνησις
1446 2417 1454 2452 (
1470 2416 1631 2452 προσκυνῶν
1647 2419 1702 2453 γὰρ
1726 2419 1821 2451 αὐτὸν,

1029 2462 1233 2500 συμπροσκυνῶ
1243 2462 1289 2489 τὸν
1298 2462 1409 2497 Πατέρα
1425 2463 1470 2489 κα)
1483 2462 1513 2489 τὺ
1525 2462 1603 2497 ἅγιον
1613 2463 1725 2498 Πνεῦμα
1735 2472 1740 2477 ·
1752 2465 1823 2500 ὅπερ

1029 2510 1131 2546 ἐστἰνή
1150 2508 1282 2545 Τριαδικὴ
1308 2508 1376 2543 ὁμοῦ
1404 2508 1589 2544 προσκύνησις
1614 2510 1661 2536 καὶ
1672 2510 1796 2545 λατρεία)
1813 2520 1822 2528 ·

1029 2557 1076 2584 ἐπὶ
1091 2556 1118 2583 δὲ
1133 2556 1180 2591 τῆς
1193 2555 1297 2586 εἰκόνος
1312 2556 1328 2590 ἡ
1345 2555 1414 2590 αὐτὴ
1434 2555 1483 2591 μὲν
1501 2556 1571 2591 (πῶς
1585 2555 1640 2592 γὰρ
1651 2556 1699 2589 οὓς
1717 2553 1754 2583 ὧν
1769 2558 1825 2592 γὰρ

1030 2603 1059 2629 ἒν
1072 2602 1102 2629 τὸ
1119 2602 1220 2637 κράτος
1245 2601 1293 2627 καὶ
1315 2600 1331 2635 ἡ
1353 2600 1416 2632 δόξα
1431 2601 1491 2636 μία,
1510 2602 1613 2628 τούτων
1631 2602 1732 2637 δηλαδὴ
1750 2602 1780 2628 ἓν
1793 2604 1827 2630 τὸ

1032 2648 1124 2681 σέὃας,
1142 2646 1190 2673 καὶ
1218 2645 1267 2682 μία
1282 2646 1299 2681 ὴ
1316 2645 1515 2681 προσκύνησις)
1528 2667 1535 2679 ,
1549 2647 1660 2682 σχετικὴ
1684 2648 1713 2674 δὲ
1736 2648 1824 2683 ὅμως,

1032 2696 1115 2730 ἤγουν
1129 2693 1303 2729 ὁμωνυμική.
1319 2692 1484 2727 Προσκυνὼν
1509 2692 1564 2728 γὰρ
1592 2693 1688 2728 αὐτὴν,
1703 2694 1734 2721 οὐ
1752 2702 1826 2729 συμ-

1034 2740 1236 2777 προσεκύνησα,
1261 2738 1329 2766 ἀλλὰ
1358 2738 1549 2775 προσεκύνησα
1562 2739 1689 2775 Χριστὸν,
1708 2741 1738 2767 οὺ
1753 2741 1828 2768 διαι-

988 2263 1010 2290 ι)

979 2883 1095 2912 ΝΟΤᾹΞ..

236 2934 281 2970 88)
298 2935 326 2962 hi
342 2935 400 2963 cod.
420 2935 485 2970 Βεε-
505 2933 574 2971 ρξ’.
