1927 3089
119 159 190 192 1589

732 159 1003 191 EPISTOLA-RUM
1021 161 1096 191 LIB.
1119 162 1161 192 II.

1694 163 1762 196 1590

118 217 251 252 ρούμενον
271 216 332 243 καθ’
349 216 510 248 ὑπόστασιν,
525 215 593 242 ἀλλὰ
613 215 829 251 διαφορούμενον
845 224 905 242 κατε

970 217 1115 249 postasim,
1138 217 1186 244 sed
1198 204 1402 252 discrepantem
1413 218 1491 254 juxta
1503 220 1666 249 substantiae
1679 224 1767 251 ratio-

116 264 163 289 τὸν
190 263 239 298 τῆς
267 263 364 294 οὐσίας
388 263 485 297 λόγον·
511 263 579 296 ὅπερ
592 263 651 289 ἐστὶ
672 262 796 297 σχετικὴ,
810 262 912 290 ἀλλὀὐ

115 308 293 344 λατρεὺτικὴ,
320 308 371 335 κᾶν
387 309 403 343 ἡ
419 308 488 344 αὐτή
503 316 510 324 ο
528 309 587 335 ἐκεῖ
604 309 654 343 μὲν
670 308 757 340 οὕτως
778 309 912 344 νοουμένη

115 355 165 380 καὶ
188 355 334 389 λεγομένη,
358 354 453 382 καθότι
468 355 605 390 τριαδικὴ,
622 355 708 391 ἤγουν
725 357 827 391 φυσική
846 363 853 370 ·
868 357 913 382 ὲν-

113 401 205 428 ταῦθα
217 401 245 428 δὲ
261 401 292 427 τὺ
308 401 437 436 ἔμπαλιν,
451 401 545 428 καθότι
561 402 686 437 σχετικὴ,
698 402 783 437 ἧγουν
793 403 912 430 ὑποστα-

113 448 191 482 τική.
211 447 242 473 Εἰ
268 446 323 482 γὰρ
341 448 439 479 εῐποις,
457 447 634 483 λατρευτικὴ,
649 448 790 483 ὲσήμανας
814 457 914 484 σεσαρ-

114 493 233 525 κῶσθαι,
246 493 285 525 ὡς
297 493 343 520 τὸν
357 493 434 526 Υἱὺν,
451 494 497 520 τόν
509 502 539 520 τε
552 494 664 530 Πατέρα
676 494 724 521 καὶ
735 495 765 520 τὸ
782 495 894 530 Πνεῦμα
905 503 912 510 ·

112 540 185 575 ὅπερ
222 540 297 566 ἐστὶν
327 539 455 566 ἔκτοπον.
481 539 634 575 Τοιγαροῦν
666 540 828 575 προσκυνῶν
863 541 914 576 τὴν

113 587 209 612 εἰκόνα
229 585 405 621 Χριστοῦ,,οὑ
419 585 469 620 τὴν
490 585 606 620 θεότητα
620 586 777 621 προσκυνῶ,
793 586 831 618 ὥς
847 586 914 620 φασί

112 642 188 663 τινες
201 640 209 648 ·
233 631 313 658 τοῦτο
326 632 381 668 γὰρ
393 632 444 666 τῆς
459 632 574 667 Τριάδος
600 633 768 667 σημαντικόν
783 641 789 647 ·
813 633 861 660 καὶ
882 634 914 660 οὐ

114 680 290 714 σεσάρκωται
306 679 322 714 ή
337 678 423 713 Τριάς
439 687 446 694 ·
467 679 560 712 ἄπαγε
577 679 583 705 ι
602 679 671 706 ἀλλὰ
687 680 713 705 τί
727 688 734 712 ;
750 680 832 707 αὐτὸν
846 681 915 716 Χρι-

113 726 178 753 στὸν
195 725 339 760 σχετικῶς.
363 725 452 756 Μόνος
467 725 522 760 γὰρ
536 725 618 757 αὐτὸς
633 727 647 752 ὁ
665 726 818 761 σαρχωθεὶς
847 727 914 759 Θεὸς

112 772 209 805 Λόγος.
236 770 399 806 Προσκυνῶν
413 771 442 797 δὲ
457 771 538 798 αὑτὸν
550 771 678 807 Χριστὸν,
693 773 815 808 δηλονότι
845 782 914 809 συμ-

112 817 309 853 προσεκύνησα
324 817 371 844 τὸν
388 817 498 852 Πατέρα
512 817 580 853 ὁμοῦ
593 819 640 845 καὶ
653 819 684 844 τὸ
696 819 817 854 Πνεῦμα.
832 820 912 846 Ὠστε

111 863 158 890 διὰ
176 864 226 896 τῆς
248 863 355 894 εἰκόνος
382 864 495 898 σχετικὴ
512 864 625 896 εἰκότως
638 864 671 891 ἂν
694 867 780 892 νοοῖτο
795 866 841 892 καὶ
868 866 911 892 λέ-

111 917 197 943 γοιτο·
213 909 257 935 ἐπ’
272 909 355 936 αὑτοῦ
369 910 397 936 δὲ
412 909 532 945 Χριστοῦ
549 910 726 947 λατρευτική·
743 912 781 943 ὡς
797 920 909 939 συνεπι-

110 955 259 990 νοουμένου
273 963 302 980 τε
314 955 361 981 καὶ
376 956 625 991 συμπροσκυνουμέ
631 965 677 983 νου
692 957 740 984 τοῦ
752 966 783 984 τε
802 958 908 994 Πατρός

111 1000 220 1027 καὶτοῦ
237 1000 405 1035 Πνεύματος.
420 1009 430 1026 ι

927 896 948 923 Β

147 1088 246 1120 Καλῶς
261 1086 318 1120 οὖν,
343 1085 366 1115 ὧ
386 1089 446 1121 τᾶν,
462 1088 535 1125 ἔχειν
551 1098 597 1125 μοι
611 1090 686 1118 δοκεῖ
711 1091 741 1119 τὺ
765 1091 907 1128 θεώρημα.

110 1134 159 1160 ἐπὶ
186 1134 235 1168 μὲν
259 1134 309 1169 τῆς
342 1134 483 1169 μακαρίας
509 1136 557 1162 καὶ
581 1137 774 1173 πῳσκυνητῆς
792 1139 908 1172 Τριάδος

109 1181 171 1215 τὴν,
185 1180 257 1211 σὺν,
278 1180 407 1214 πρόθεσιν
420 1181 560 1216 εἰλῆφθαι.
582 1182 614 1209 Ἡ
632 1184 697 1219 γὰρ,
713 1184 785 1217 σὺν,
801 1185 908 1221 διάκριε

110 1233 154 1251 σιν
167 1225 222 1251 τῶν
236 1225 412 1253 ὑποστάσεων
435 1227 633 1261 ὑποφαίνουσα,
652 1230 767 1265 ἑνότητα
791 1233 908 1268 φυσικὴν

109 1271 262 1306 παρίστησι
275 1278 282 1285 ’
309 1271 401 1304 καθὼς
418 1273 465 1299 ἐπὶ
486 1273 534 1299 τοῦ
554 1275 690 1310 συμϐόλου
717 1277 768 1311 τῆς
790 1278 908 1311 πίστεως

110 1317 189 1353 παρὰ
204 1318 272 1343 πᾶσι
287 1318 462 1353 Χριστιανοῖς
476 1319 581 1355 ᾅδεται.
604 1320 666 1348 Ἐπὶ
678 1321 707 1349 δὲ
721 1323 770 1359 τῆς
786 1315 907 1359 προσκυ-

110 1365 216 1398 νήσεως
231 1363 351 1397 Χριστοῦ
372 1372 401 1390 τε
417 1365 464 1391 καὶ
480 1366 530 1400 τῆς
552 1366 635 1393 αὐτοῦ
659 1368 763 1400 εἰκόνος
777 1370 828 1396 οὐκ
851 1370 908 1406 ἔχει

110 1410 205 1444 χώραν
222 1411 250 1445 ἠ,
268 1409 339 1442 σὺν,
363 1410 492 1446 πρόθεσις
518 1411 663 1448 εἰλῆφθαι·
684 1414 699 1450 ἢ
725 1415 780 1451 γὰρ
806 1416 850 1449 ἂν,
867 1418 908 1450 εἰς

109 1457 194 1484 δυάδα
213 1457 389 1483 ὑποστάσεων
412 1458 484 1485 κατὰ
500 1458 546 1485 τὸν
564 1460 615 1491 τῆς
641 1460 802 1494 ἀκολουθίας
829 1463 908 1497 λόγον

111 1502 185 1537 [Cm].
217 1501 283 1536 Reg.
310 1502 357 1528 τὸν
385 1502 552 1530 ἀποδοθέντα
587 1504 677 1541 λόγον]
704 1506 831 1534 διιστᾶσα
857 1508 907 1544 τὴν

112 1547 180 1582 μίαν
194 1547 355 1580 ὑπόστασιν,
368 1548 524 1585 ἀποκομίσῃ
539 1550 612 1585 ἡμᾶς
629 1552 670 1583 είς
685 1552 715 1579 τὸ
730 1553 781 1588 τῆς
794 1562 908 1590 κτισμα-

109 1593 272 1629 τολατρείας
294 1594 433 1630 ἀσέὸημα.
460 1595 566 1622 Οὐκοῦν
587 1597 729 1634 είκότωςή
747 1600 907 1636 ἀντωνυμία

110 1640 287 1676 παρελήφθη.
300 1641 361 1676 ἥτις
377 1641 408 1667 τὸ
422 1642 524 1669 ἐνιαῖον
540 1643 589 1679 τῆς
604 1644 780 1679 ὑποστάσεως
796 1648 841 1674 ἐπ’
855 1650 909 1683 ἁμ-

110 1688 172 1720 φοῖν
191 1687 336 1722 τηρήσασα
363 1687 483 1723 διίστησι
511 1689 542 1716 τὸ
568 1690 689 1726 ἑτεροῖον
708 1692 764 1719 τῶν
788 1694 906 1728 φύσεων.

113 1741 123 1756 Ι
147 1732 202 1758 Καὶ
225 1732 302 1766 γοῦν,
326 1733 410 1768 φησὶν
424 1735 438 1760 ὁ
453 1734 592 1768 πάνσοφος
606 1736 754 1770 Διονύσιος,
776 1740 908 1776 ἑκάτερον

111 1779 141 1804 ὲν
155 1779 280 1814 ἑκατέρῳ
304 1780 380 1815 παρὰ
395 1780 426 1807 τὺ
442 1781 491 1816 τῆς
514 1782 610 1814 οὐσίας
623 1783 762 1820 διάφορον.
780 1794 789 1812 ι
808 1787 908 1821 Διαφο-

113 1824 217 1859 ρότητα
233 1822 281 1851 οὖν
297 1825 392 1857 οὐσίας
416 1826 515 1861 φήσας,
531 1828 685 1864 ταυτότητα
704 1830 824 1866 δηλονότι
839 1833 906 1859 ὑπο-

74 1891 77 1892 i
111 1869 245 1902 στάσεως,
272 1870 342 1898 κατὰ
363 1870 395 1897 τὸ
422 1872 556 1908 ἑκάτερον
576 1874 605 1901 ἐν
632 1875 756 1913 ἐκατέρῳ
771 1878 905 1912 ὑπέδειξε·

109 1915 175 1942 καθ’
190 1916 225 1951 ἢν
236 1916 283 1942 καὶ
295 1917 311 1952 ἡ
332 1917 404 1944 κατὰ
422 1919 514 1954 σχέσιν
528 1921 713 1958 προσκύνησις
726 1923 905 1960 τεθεώρηται.

114 1962 148 1988 Ἦ
164 1962 219 1997 γὰρ
238 1962 341 1997 σχέσις,
355 1963 394 1995 ὥς
410 1972 488 1998 φασι,
503 1965 558 1991 τῶν
573 1966 644 2001 πρός
655 1967 682 1993 τί
696 1968 780 1995 ἐστιν·
800 1968 859 2004 ἅμα
876 1979 905 1997 τε

107 2008 165 2043 γάρ
182 2009 252 2041 ἐστι,
267 2009 315 2035 καὶ
331 2010 505 2045 ἀντιστρέφει
523 2012 592 2047 πρὸς
607 2012 721 2049 ἄλληλα,
748 2012 803 2042 οἷον
823 2016 905 2052 ἀρχέ-

107 2062 195 2080 τυπον
223 2054 290 2089 πρὸς
320 2056 421 2082 εἰκόνα.
441 2057 478 2083 Οὐ
507 2057 560 2093 γὰρ
589 2058 622 2085 ἂν
648 2060 689 2095 εἴη
721 2060 834 2097 θάτερον
867 2062 904 2099 μὴ

108 2100 227 2134 θατέρου
250 2101 394 2136 παρόντος·
410 2101 478 2129 καθὸ
492 2103 540 2129 καὶ
560 2104 625 2140 περὶ
640 2105 693 2132 τῶν
708 2106 766 2142 ἅμα
791 2108 902 2143 πεφιλο-

107 2145 238 2180 σόφηται.
258 2146 422 2181 Πρόσκειται
435 2147 473 2179 δὲ,
494 2147 590 2183 ἤγουν
605 2151 792 2185 ὀμωνυμική·
811 2153 856 2179 καί
871 2162 903 2189 γε

104 2191 156 2225 τῆς
182 2191 266 2226 αὐτῆς
277 2192 423 2227 ἐμφάσεως
436 2197 484 2224 καὶ
495 2194 542 2229 ἥδε
558 2195 575 2230 ἡ
587 2195 670 2228 λέξις.
684 2197 721 2223 Τὸ
735 2198 789 2234 γὰρ
805 2199 901 2235 ὄνομα,

921 1578 942 1606 C

966 269 1049 295 nem;
1072 263 1145 297 quod
1174 267 1218 291 est
1246 264 1388 291 relativam
1408 272 1480 298 esse,
1501 274 1557 294 non
1582 267 1763 302 latreuticam,

965 308 1214 342 tametsieamdem.
1228 310 1285 338 illic
1295 311 1404 346 quidem
1419 312 1459 339 sic
1469 313 1636 341 intellectam
1652 314 1767 343 dictam'

964 362 1028 389 que,
1044 359 1180 390 quatenus
1205 357 1322 384 triadica
1345 363 1388 385 est
1403 358 1460 385 sive
1474 360 1621 392 naturalis,
1635 360 1680 388 hic
1699 370 1766 388 vero

964 405 1099 436 quatenus
1117 403 1231 430 relativa
1244 404 1303 431 sive
1318 405 1498 440 hypostatica.
1527 405 1596 434 Nam
1624 407 1647 434 si
1662 407 1766 435 latren—

965 447 1047 475 ticam
1071 448 1184 482 dixeris,
1212 449 1387 478 incarnatum
1403 451 1573 486 signiﬁcasti,
1595 457 1626 480 ut
1651 453 1763 486 Filium,

966 494 1006 522 sic
1017 499 1044 522 et
1058 495 1168 522 Patrem
1185 500 1212 524 et
1224 496 1368 532 Spiritum,
1384 497 1457 532 quod
1470 502 1512 525 est
1533 499 1692 527 absurdum.
1711 500 1765 526 Ita-

965 547 1019 575 que
1030 540 1147 569 adorans
1161 542 1308 577 imaginem
1321 542 1437 574 Christi,
1451 551 1506 571 non
1522 544 1653 572 deitatem
1667 545 1763 578 adoro,

965 586 1038 614 sicut
1052 587 1164 622 quidam
1184 588 1261 616 aiunt
1275 598 1281 616 :
1297 589 1349 617 hoc
1366 590 1440 617 enim
1457 590 1620 618 Trinitatem
1637 591 1763 627 designa-

965 636 1026 660 ret:
1055 637 1084 661 at
1108 633 1230 662 Trinitas
1253 635 1395 664 incarnata
1427 644 1480 664 non
1510 642 1569 670 est;
1588 637 1680 665 absit:
1697 638 1763 673 quid

965 680 1076 706 autem?
1092 680 1182 715 ipsum
1200 680 1342 709 Christum
1357 682 1481 710 relative.
1512 682 1594 711 Solus
1615 683 1688 710 enim
1705 684 1763 718 ipse

965 724 1123 752 incarnatus
1150 730 1192 753 est
1220 725 1291 754 Deus
1320 727 1450 755 Verbum.
1477 727 1569 763 Ipsum
1589 736 1655 756 vero
1680 728 1762 756 Chri-

965 774 1036 798 stum
1061 771 1192 804 adorans,
1218 772 1290 800 haud
1316 773 1399 801 dubie
1413 774 1559 802 eoadoravi
1581 775 1689 802 Patrem
1708 784 1761 803 una

964 821 992 844 et
1011 817 1153 852 Spiritum.
1170 818 1262 852 Quare
1287 820 1316 847 in
1332 821 1450 856 imagine
1480 823 1580 849 merito
1597 823 1762 858 intelligetur

964 868 992 891 et
1001 864 1108 892 dicetur
1122 865 1281 898 relativa,in
1294 867 1355 901 ipso
1370 872 1460 894 autem
1473 868 1584 896 Christo
1599 869 1760 903 latreutica;

964 914 1057 944 utpote
1079 911 1163 938 simul
1179 911 1321 940 intellecto
1346 918 1372 940 et
1387 913 1471 941 simul
1497 915 1612 941 adorato
1635 920 1661 942 et
1679 914 1761 957 Patre

962 961 988 983 et
1001 956 1116 990 Spiritu.
1136 966 1146 982 ι

995 1087 1080 1115 Recte
1095 1088 1188 1124 igitur,
1207 1090 1306 1123 amice,
1326 1090 1427 1118 habere
1444 1092 1509 1119 mibi
1521 1093 1623 1120 decisio
1640 1093 1756 1126 videtur,

962 1134 995 1161 de
1007 1134 1085 1161 beata
1093 1136 1203 1169 quidem
1211 1141 1238 1162 et
1244 1137 1383 1164 adoranda
1391 1137 1525 1166 Trinitate
1535 1140 1756 1174 praepositionem

962 1179 1042 1206 simul
1063 1181 1200 1215 usurpari.
1218 1180 1305 1208 Simul
1319 1184 1390 1210 enim
1406 1183 1583 1219 hypostasum
1600 1186 1749 1213 discrimen

962 1224 1090 1258 innueus,
1102 1232 1206 1254 natura
1237 1228 1367 1255 unitatem
1381 1229 1504 1262 exhibet,
1526 1231 1756 1264 quemadmodum

962 1270 989 1296 in
1015 1271 1143 1305 symbolo
1161 1272 1222 1299 ﬁdei
1242 1273 1313 1308 apud
1327 1274 1499 1302 Christianos
1515 1284 1612 1303 omnes
1634 1277 1755 1305 canitur.

962 1315 990 1343 lit
1005 1317 1164 1345 adoratione
1184 1326 1248 1346 vero
1261 1319 1364 1347 Chriin
1384 1326 1411 1347 et
1431 1321 1560 1356 imaginis
1577 1323 1647 1358 ejus,
1665 1324 1756 1351 locum

962 1370 1015 1390 non
1043 1364 1124 1391 habet
1149 1367 1340 1400 praepositonis
1356 1368 1437 1394 simul
1453 1370 1597 1404 usurpatio
1615 1380 1621 1398 :
1640 1371 1754 1406 alioqui,

961 1411 1035 1444 quod
1064 1411 1128 1439 inde
1155 1418 1328 1448 sequeretur,
1347 1415 1415 1442 duas
1441 1416 1467 1442 in
1486 1417 1646 1452 hypostases
1671 1427 1756 1446 unam

961 1457 1094 1485 dirimens
1111 1458 1291 1494 hypostasim,
1312 1461 1460 1491 abduceret
1486 1472 1535 1491 nos
1560 1465 1594 1492 ad
1621 1472 1756 1495 creatura:

961 1505 1052 1538 cultus
1072 1505 1248 1540 impietatem.
1270 1507 1363 1543 Itaque
1390 1510 1488 1538 merito
1513 1517 1686 1547 assumptum
1713 1519 1756 1541 est

962 1556 1124 1583 pronomen,
1157 1553 1229 1586 quod
1249 1553 1381 1581 unitatem
1399 1555 1555 1590 bypostasis
1569 1557 1596 1584 in
1617 1559 1754 1587 ambobus

959 1603 1071 1623 servans
1083 1617 1091 1629 ,
1114 1597 1299 1626 diversitatem
1315 1600 1458 1636 distinguit
1471 1607 1647 1632 naturarum.
1680 1616 1688 1632 ε
1706 1606 1755 1633 Est

959 1640 1053 1675 igitur,
1065 1641 1104 1668 ait
1119 1644 1342 1677 sapientissimus
1357 1645 1514 1682 Dionysius,
1527 1649 1644 1676 alterum
1669 1650 1696 1677 in
1715 1651 1753 1678 ai-

960 1693 1028 1721 lcro,
1044 1694 1142 1723 prieter
1154 1690 1314 1718 substantia:
1329 1692 1553 1727 discrepantiam.
1587 1695 1752 1732 Discrepan-

959 1733 1024 1761 tiam
1038 1740 1128 1763 autem
1138 1737 1298 1765 substantiae
1314 1746 1376 1766 cum
1393 1740 1472 1774 dixit,
1488 1740 1658 1769 identitatem
1675 1744 1752 1772 vide-

957 1781 1021 1810 licet
1035 1782 1200 1818 bypostasis,
1224 1790 1360 1820 quatenus
1376 1787 1490 1815 alterum
1515 1790 1543 1816 in
1568 1790 1665 1824 altero,
1683 1792 1751 1820 insi-

958 1829 1053 1856 nuarit
1068 1829 1163 1864 :juxta
1179 1838 1262 1864 quam
1281 1831 1395 1860 relativa
1409 1841 1519 1869 quoque
1545 1835 1670 1864 adoralio
1683 1845 1751 1865 cou-

957 1874 1053 1902 stituta
1066 1880 1117 1903 est.
1134 1875 1240 1904 Relatio
1260 1877 1343 1911 enim,
1359 1883 1389 1906 ut
1412 1880 1500 1913 aiunt,
1513 1889 1610 1910 eorum
1628 1888 1670 1911 est
1690 1893 1750 1919 quzc

957 1921 990 1948 ad
1014 1921 1136 1956 aliquid;
1156 1922 1238 1950 simul
1254 1924 1327 1951 enim
1354 1929 1430 1959 sunt,
1445 1931 1474 1954 et
1489 1927 1560 1955 inter
1583 1935 1614 1956 se
1634 1937 1750 1957 conver-

956 1971 1062 2000 tuntur,
1078 1972 1109 1996 ut
1122 1969 1300 2005 archetypum
1323 1971 1356 1998 ad
1371 1971 1529 2006 imaginem.
1545 1973 1600 2002 Nec
1618 1975 1691 2003 enim
1707 1976 1746 2003 al-

956 2017 1045 2040 terum
1057 2021 1119 2042 esse
1133 2015 1219 2050 possit
1238 2016 1326 2043 altero
1341 2024 1395 2043 non
1408 2023 1543 2052 praesente
1555 2027 1562 2051 ;
1574 2020 1647 2048 sicut
1664 2021 1698 2049 de
1714 2023 1749 2050 iis

955 2067 1017 2094 qua:
1027 2060 1108 2087 simul
1119 2065 1184 2088 sunt
1195 2062 1419 2097 philosophatum
1436 2070 1488 2092 est.
1498 2065 1641 2100 Adjectum
1652 2076 1746 2103 porro,

954 2105 1007 2131 sive
1023 2106 1227 2142 homonymica;
1243 2108 1316 2142 quod
1334 2117 1433 2144 nempe
1456 2112 1581 2139 eamdem
1592 2115 1746 2148 emphasim

955 2151 1053 2178 habeat
1066 2152 1122 2179 haec
1133 2153 1227 2180 dictio.
1239 2154 1344 2182 Nomen
1354 2155 1426 2183 enim
1439 2158 1571 2186 nominati
1582 2168 1681 2188 nomen
1693 2168 1744 2190 est.

953 2196 1043 2230 Quare
1060 2198 1105 2225 hic
1123 2206 1233 2234 quoque
1247 2201 1422 2229 relativorum
1435 2208 1477 2231 est
1495 2205 1566 2233 ratio
1581 2215 1588 2233 :
1604 2208 1745 2241 quoniam,

105 2237 314 2273 ὀνομαζομένου
332 2238 428 2274 ὄνομα.
447 2240 528 2267 Ὥστε
553 2242 692 2270 κάνταῦθα
706 2244 760 2271 τῶν
771 2246 838 2280 πρὸς
852 2255 878 2273 τι
891 2248 905 2274 ὁ

959 2253 990 2272 ex
1015 2246 1197 2280 philosophia:
1226 2248 1379 2283 praeceptis,
1395 2249 1563 2287 homonyma
1579 2261 1640 2281 esse
1663 2255 1746 2282 doce-

104 2284 187 2318 λόγος
200 2292 207 2299 -
233 2285 295 2311 ἐπεὶ
321 2285 369 2312 καὶ
384 2286 454 2313 κατὰ
480 2286 640 2322 φιλοσοφίας
653 2289 732 2323 λόγον
745 2289 817 2326 [cod.
833 2291 899 2329 Reg.

104 2329 181 2366 ὅρον]
196 2329 331 2366 ὁμώνυμα
344 2331 402 2358 ἐστι
417 2331 599 2367 διδασκόμεθα
612 2354 620 2368 ,
647 2331 684 2362 ὧν
707 2335 791 2371 ὄνομα
821 2338 901 2372 μόνον

105 2377 215 2403 κοινόνο
236 2377 249 2402 ὁ
260 2376 289 2403 δὲ
309 2378 378 2404 κατὰ
389 2377 507 2413 τοῦνομα
527 2379 607 2414 λόγος
626 2381 676 2416 τῆς
691 2382 785 2414 οὐσίας
795 2383 899 2419 ἕτερος-

103 2419 162 2450 οἷον
189 2422 269 2454 αὐτὸς
287 2423 414 2458 Χριστὸς,
438 2425 486 2450 καὶ
511 2426 525 2452 ό
541 2429 745 2462 γεγραμμένος.
769 2430 845 2457 Ἐπεὶ
872 2432 900 2458 δὲ

105 2470 163 2502 καὶ,
173 2470 374 2504 ὑποστατικὴ,
389 2471 559 2506 πρόσκειται,
573 2474 652 2500 τοῦτο
661 2474 809 2512 διαρρήδην
827 2477 900 2513 ὡμο-

103 2515 219 2550 λόγηται
246 2515 320 2552 [cod.
347 2516 410 2552 Reg.
427 2517 651 2556 ἁποδέδεικται]·
679 2521 719 2548 ὅτι
745 2523 794 2558 οὐχ
818 2524 900 2560 ἑτέρα

104 2562 257 2594 ὑπόστασις
268 2563 343 2598 παρὰ
353 2563 403 2598 τὴν
412 2565 459 2590 τοῦ
475 2565 596 2600 Χριστοῦ
611 2567 641 2592 ὲν
654 2569 687 2602 τῇ
706 2568 788 2595 αὐτοῦ
803 2571 898 2602 είκόνι,

104 2607 164 2634 ἀλλ’
177 2608 248 2643 αὑτὴ
261 2607 294 2643 δὴ
310 2608 460 2642 ὑπόστασις
476 2611 606 2647 Χριστοῦ,
621 2612 705 2648 ἤγουν
720 2614 734 2640 ὁ
756 2617 900 2652 χαρακτὴρ

103 2654 143 2688 τῷ
154 2653 206 2689 τῆς
223 2655 331 2689 μορφῆς
350 2655 433 2682 αὐτοῦ
459 2657 525 2684 εἴδει
541 2659 736 2694 ἐκφαινόμενός
751 2661 781 2687 τὲ
797 2663 855 2689 ἐστι
872 2664 900 2689 ὲν

102 2700 136 2734 τῇ
152 2699 238 2726 εἰκόνι
262 2699 311 2726 καὶ
326 2702 565 2737 προσκυνούμενος
578 2711 585 2720 ’
600 2704 648 2730 καὶ
675 2705 795 2740 Ξρρωται
809 2709 822 2734 ό
845 2710 899 2741 πᾶς

102 2743 181 2778 λόγος
201 2745 258 2775 τοῖς
282 2745 366 2779 ὑγιῶς
384 2747 523 2780 φρονοῦσι.
552 2748 624 2783 Πρὸς
648 2749 677 2775 δὲ
705 2749 736 2776 τὸ
764 2751 898 2780 πίστωσιν

103 2790 176 2824 {law
194 2790 295 2824 μᾶλλον
324 2790 368 2818 τὸν
385 2792 478 2826 λόγον.
494 2794 643 2828 ἀναγκαῖον
664 2796 811 2834 ἡγησάμην
827 2802 901 2835 τρεῖς

103 2837 216 2871 χρήσεις
236 2837 375 2873 [ἰατρικὰς
402 2839 542 2867 ὑποθεῖναι
569 2843 601 2877 τῇ
627 2843 773 2879 ἐπιστολῇ·
802 2846 839 2878 ιῖ);
869 2848 901 2875 ἂν

136 2895 157 2911 τ’
174 2896 252 2922 Deut.
265 2903 323 2926 nx,
340 2896 380 2922 15.

955 2300 1028 2325 mur,
1045 2301 1161 2328 quorum
1185 2301 1284 2321 nomen
1305 2295 1393 2322 solum
1409 2303 1555 2325 commune
1576 2303 1633 2332 est;
1651 2307 1746 2328 essen-

955 2338 999 2365 tia:
1024 2346 1089 2366 vero
1115 2338 1195 2371 ratio,
1216 2347 1278 2373 qua:
1305 2336 1412 2367 nomini
1437 2341 1541 2375 subest,
1568 2343 1673 2371 diversa
1692 2354 1700 2378 ;
1717 2351 1746 2373 ut

954 2383 1081 2411 Christus
1098 2384 1164 2419 ipsc,
1183 2389 1210 2411 et
1227 2385 1273 2419 qui
1289 2385 1380 2419 pictus
1399 2391 1451 2414 est.
1469 2387 1538 2415 Cum
1559 2394 1650 2417 autem
1666 2391 1745 2419 addi-

955 2435 1009 2462 tur,
1036 2430 1089 2457 sive
1115 2430 1293 2465 hypostutica,
1312 2431 1364 2459 hoc
1392 2432 1493 2461 diserte
1519 2436 1661 2470 asscritur,
1690 2446 1744 2465 non

954 2473 1044 2506 aliam,
1060 2481 1142 2509 quam
1170 2474 1283 2506 Christi,
1303 2475 1328 2501 in
1345 2475 1406 2511 ejus
1431 2477 1549 2513 imagine
1575 2480 1744 2515 hypostasint

953 2527 1024 2552 esse,
1040 2520 1086 2547 sed
1101 2520 1248 2555 ipsanunct
1267 2522 1362 2557 utique
1377 2523 1545 2558 hypostasim
1558 2525 1672 2560 Christi,
1687 2529 1746 2556 sive

953 2567 1139 2595 characterem
1157 2575 1206 2602 per
1224 2567 1320 2596 formae
1339 2570 1426 2604 ipsius
1440 2571 1560 2605 speciem
1578 2575 1701 2609 conspici
1716 2576 1744 2603 in

952 2614 1070 2649 imagine
1093 2618 1120 2641 et
1140 2614 1249 2642 adorari
1267 2623 1274 2642 ;
1291 2617 1371 2650 atque
1392 2611 1427 2643 ita
1448 2617 1608 2646 conﬁrmata
1629 2626 1671 2647 est
1687 2626 1743 2649 tota

950 2661 1039 2687 oratio
1052 2660 1124 2696 apud
1137 2668 1185 2688 eos
1198 2661 1245 2696 qui
1261 2667 1334 2690 recte
1348 2663 1476 2691 sentiunt.
1492 2664 1531 2691 Ad
1545 2666 1676 2700 majorem
1691 2676 1743 2695 au-

951 2713 1003 2735 tem
1016 2707 1095 2734 [idem
1112 2715 1207 2735 eorum
1226 2716 1286 2743 qua:
1304 2709 1377 2736 dicta
1395 2715 1468 2742 sunt,
1487 2714 1673 2740 necessarium
1690 2716 1742 2742 du-

950 2754 1041 2781 ximus
1059 2758 1114 2781 tres
1138 2753 1250 2781 Patrum
1271 2756 1420 2784 sententias
1441 2757 1564 2792 cpistola:
1588 2760 1739 2794 subjicere;

956 2803 985 2826 ut
1002 2798 1045 2826 hic
1058 2799 1140 2826 etiam
1153 2799 1298 2833 impleatur
1313 2801 1386 2834 quod
1403 2803 1534 2837 scriptum
1548 2810 1588 2830 cst
1605 2813 1611 2830 ε
1631 2804 1662 2832 In
1677 2806 1742 2832 dno—

956 2850 1001 2874 bus
1018 2852 1041 2874 et
1058 2846 1140 2874 tribus
1157 2846 1263 2874 testibus
1285 2847 1364 2874 stabit
1380 2856 1454 2875 omne
1473 2850 1576 2877 reri/um
1591 2852 1622 2878 ³⁹.
