1927 3089
165 143 233 178 1591

160 205 292 242 πληρωθῇ
323 205 464 233 κάνταῦθα
483 214 490 221 ·

157 252 232 281 πεῖν.

231 307 416 345 Cltrysostomi
433 318 465 336 ea:
477 309 699 344 interpretatione
714 310 740 335 in
760 308 872 335 Pelvim.

193 396 230 424 Ut
252 403 315 423 eum
337 398 418 431 regiae
437 395 538 431 eiligies
552 400 579 422 et
598 395 732 430 imagines
748 395 774 421 in
791 395 886 421 urbem
911 393 953 420 af-

157 442 295 474 feruntur,
316 442 424 470 obviam
443 442 597 477 procedunt
625 441 806 476 magistratus
820 445 846 467 et
865 440 957 475 populi

157 497 219 516 cum
254 487 352 516 faustis
373 488 630 520 acclamationibus,
662 495 716 514 non
753 486 860 514 tabulas
880 505 887 517 .
911 490 958 512 aut

156 542 251 562 cereas
267 534 388 570 picturas
405 534 583 567 honorantes,
602 533 648 561 sed
666 533 770 568 regiam
787 531 932 567 imaginem
947 539 954 564 ;

158 580 198 607 sic
231 584 370 613 creatura,
387 587 441 606 non
459 585 596 606 terrenam
629 579 744 613 liguram
762 578 888 609 honorat,
907 578 954 604 sed

156 626 296 655 caelestem
315 625 428 661 eiiigiem
440 631 595 653 veneratur.

192 683 294 719 Synodi
309 683 480 711 Amice/tento
496 684 543 710 sub
566 682 725 710 Tlteodurito
748 683 914 717 patriarcha.

192 763 251 791 Non
267 767 296 791 ut
312 764 428 791 alterum
447 763 545 796 forma,
560 763 607 791 sed
624 767 652 790 ut
677 763 767 797 ipsum
785 771 868 790 unum
896 762 952 790 Do-

156 812 262 838 minum
294 811 320 837 in
351 819 404 838 una
437 810 524 838 forma
549 810 896 845 exsistenlem;qualenus
927 815 955 837 et

743 122 747 127 ’
770 144 800 173 s.
827 141 1022 173 THEODORI
1049 143 1224 174 sworra

525 204 591 232 Ἐπὶ
630 204 685 232 δύο
724 204 774 231 καὶ
803 203 892 238 τριῶν
929 204 1088 238 μαρτύρων
1119 203 1303 238 σταθήσεται
1339 203 1402 232 πᾶν
1446 203 1550 239 ῥῆμα,
1581 205 1729 240 Γραφικῶς
1763 207 1804 232 ει..

1735 143 1804 174 1592

1081 306 1136 335 τοῦ
1151 306 1369 342 Χρυσοστόμου
1382 308 1416 334 ἐκ
1430 307 1487 341 τῆς
1505 307 1665 342 ,ἑρμηνείας
1678 307 1732 335 τοῦ

1321 339 1483 376 Νιπτῆροξ.
1505 339 1514 350 “

1045 392 1129 418 Ὅταν
1142 391 1278 426 βασιλικοὶ
1291 391 1466 426 χαρακτῆρες
1481 390 1528 416 καὶ
1541 390 1648 422 είκόνες
1667 391 1708 422 είς
1724 390 1805 418 πόλιν

1007 437 1202 473 εἰσφέρωνται,
1222 436 1381 464 ὑπαντῶσιν
1399 436 1529 471 ἄρχοντες
1555 435 1604 463 καὶ
1631 435 1714 470 δῆμοι
1743 436 1804 471 μετ’

1007 483 1146 519 εὐφημίας
1159 491 1166 498 ·
1178 483 1209 510 οὺ
1226 482 1320 510 σανίδα
1338 482 1484 517 τιμῶντες,
1500 482 1561 509 οὐδὲ
1574 481 1625 517 τὴν
1651 481 1805 518 κηρόχυτον

1006 530 1127 566 γραφὴν,
1142 529 1211 557 ἀλλὰ
1222 529 1269 556 τὸν
1285 529 1448 564 χαρακτῆρα
1463 527 1510 555 τοῦ
1522 527 1666 563 βασιλέως·
1683 527 1771 560 οὕτως
1785 530 1803 564 ἡ

1006 577 1105 609 κτίσις,
1121 577 1152 603 οὺ
1165 576 1196 603 τὸ
1210 576 1304 611 γήϊνον
1325 576 1418 611 σχῆμα
1433 576 1513 611 τιμᾷ,
1530 575 1599 602 ἀλλὰ
1615 575 1661 602 τδν
1675 575 1804 611 οὐράνιον

1009 624 1172 659 χαρακτῆρα
1183 623 1309 650 αἰδεῖται.
1360 619 1365 623 ’

1009 680 1066 715 Τῆς
1081 681 1117 708 ἐν
1135 680 1301 716 Ἀντιοχείᾳ
1317 679 1453 723 σπινρδου
1467 680 1518 707 ἐπὶ
1540 679 1722 714 Θεοδωρίτου
1745 689 1805 708 πα-

1326 723 1480 750 τριαρκου.

1043 763 1098 798 Οὐχ
1115 763 1153 795 ὡς
1174 763 1268 798 ἕτερον
1285 763 1318 798 τῇ
1340 764 1444 798 μορφῇ,
1463 763 1520 790 ἀλλ’
1535 763 1574 795 ὡς
1590 763 1672 790 αὐτὸν
1684 764 1733 791 ἕνα
1747 764 1806 790 Κύ-

1009 818 1067 844 ριον
1083 810 1113 836 ἐν
1130 810 1180 844 μιᾷ.
1205 811 1296 845 μορφῇ
1311 810 1377 836 ὄντα
1389 818 1396 825 ·
1414 810 1475 836 καθ’
1485 809 1515 836 ὃν
1535 811 1582 836 καὶ
1603 811 1749 846 χαρακτὴρ
1763 808 1805 842 εἷς

157 860 300 887 character
325 866 398 886 unus
422 858 510 886 Patris
541 859 703 886 substantia:
727 863 817 889 natus,
843 862 870 884 et
893 863 955 884 ante

1011 855 1140 890 πεφυκὼς
1157 857 1206 890 τῆς
1222 855 1269 882 τοῦ
1284 856 1392 892 Πατρδς
1407 856 1595 889 ὑποστάσεως,
1608 858 1656 884 καὶ
1669 858 1723 893 πρὸ
1740 867 1805 894 σαρ-

157 912 270 932 carnem
302 905 482 939 incorporeus
499 910 568 937 erat,
589 909 615 932 et
633 905 659 931 in
675 912 756 932 carne
771 912 843 932 unus
858 908 916 937 est;
929 908 956 931 et

158 952 185 978 in
200 951 321 986 imagine
333 951 404 978 idem
415 958 486 977 unus
501 955 552 982 est,
570 958 623 977 non
639 950 744 977 divisus
756 950 783 977 in
804 951 874 978 duos
889 950 954 977 cha-

157 1001 289 1030 racteres,
308 1005 359 1024 nec
377 997 405 1024 in
426 996 495 1024 duas
511 997 617 1024 scissus
630 997 749 1032 glorias;
765 997 812 1024 sed
830 996 856 1023 in
872 1003 954 1022 uuam

157 1043 326 1071 coalescens.
348 1042 379 1069 Et
393 1048 451 1077 post
467 1043 522 1069 alia
537 1051 546 1070 :
563 1042 616 1070 Sed
635 1041 867 1077 quemadmodqu
897 1042 956 1076 ipse

157 1095 230 1115 unus
241 1093 283 1115 est
298 1096 331 1115 ex
348 1087 458 1115 duobus
488 1087 648 1119 contrariis,
664 1091 691 1114 et
708 1088 735 1114 in
751 1095 834 1114 unam
863 1087 955 1114 coale-

162 1135 213 1163 scit
233 1142 379 1170 personam
393 1143 400 1168 ;
417 1135 458 1162 sic
470 1135 552 1162 etiam
566 1134 652 1169 ipsius
667 1134 758 1169 imago
773 1138 801 1161 et
811 1141 864 1160 una
875 1137 957 1161 estet

157 1180 280 1216 ejusdem
308 1181 389 1208 unius
414 1179 641 1215 Christi:neque
669 1180 784 1207 alterum
815 1179 956 1206 characte-

158 1235 214 1254 rem
234 1227 387 1254 secundum
410 1235 520 1254 carnem
548 1226 710 1262 apparuisse
732 1226 811 1254 nobis
827 1225 955 1258 dicimus,

158 1278 186 1300 ct
213 1274 329 1300 alterum
360 1273 388 1300 in
429 1273 548 1307 imagine
573 1272 748 1301 el'formatum
765 1273 955 1300 characterem

156 1320 234 1355 juxta
251 1319 370 1354 speciem
391 1319 488 1346 forma:
502 1319 608 1354 ipsius;
629 1319 676 1346 sed
692 1318 822 1346 eumdum
839 1325 924 1345 unum
947 1325 954 1343 :

158 1366 288 1400 quoniam
303 1373 393 1400 neque
412 1365 557 1392 character
572 1365 663 1393 dictus
680 1370 722 1392 est
736 1369 873 1399 quatenus
894 1370 956 1391 cor-

159 1420 222 1445 pus,
239 1413 285 1438 sed
302 1417 438 1446 quatenus
457 1412 637 1446 incorporeus
652 1420 658 1438 :
674 1417 701 1438 et
720 1411 772 1438 hoc
789 1410 892 1438 clarius
907 1416 956 1444 per

1009 901 1057 931 κὸς
1071 901 1217 937 ἀσώματος
1232 900 1272 934 εἷς
1290 911 1320 929 τε
1339 901 1384 938 ἦν,
1402 904 1450 930 καὶ
1465 904 1495 930 ὲν
1512 903 1597 938 σαρκὶ
1609 901 1650 936 εἷς
1667 904 1736 938 ἐστι,
1756 906 1805 932 καὶ

1009 948 1038 974 ὲν
1063 948 1176 975 εἰκόνιό
1190 948 1270 980 αὐτὸς
1286 945 1327 979 εἷς
1346 949 1475 984 ὑπάρχει·
1493 949 1530 985 μὴ
1545 949 1738 985 διαιρούμενος
1763 951 1805 983 εὶς

1008 995 1055 1022 δύο
1074 996 1252 1031 χαρακτῆρας
1263 1004 1271 1011 ⁸
1293 997 1362 1031 μήτε
1377 996 1405 1023 δὲ
1421 996 1580 1032 σχιζόμενος
1598 998 1638 1029 είς
1651 997 1697 1024 δύο
1713 997 1802 1030 δόξας·

1009 1041 1067 1068 ἀλλ’
1081 1042 1121 1074 είς
1149 1042 1213 1077 μίαν
1241 1042 1436 1077 συναγόμενος.
1453 1043 1507 1071 Καὶ
1529 1044 1708 1078 μεθ’ἓτερα·
1732 1045 1804 1071 Ἀλλ’

1009 1087 1104 1123 ὥσπερ
1119 1088 1199 1120 abab;
1218 1085 1259 1120 εἷς
1273 1088 1349 1115 ἐστιν
1363 1089 1395 1116 ἐκ
1407 1089 1454 1116 δύο
1478 1089 1532 1116 τῶν
1545 1090 1683 1123 ἐναντίων,
1700 1091 1747 1118 καὶ
1763 1092 1805 1124 εἰς

1009 1134 1039 1160 ἓν
1056 1134 1203 1168 συνάγεται
1223 1135 1370 1171 πρόσωπον
1383 1144 1390 1151 ·
1407 1135 1478 1163 οὕτω
1493 1137 1539 1163 καὶ
1551 1137 1634 1164 εἰκὼν
1650 1138 1734 1165 αὑτοῦ
1754 1140 1805 1174 μία

1010 1179 1039 1206 τέ
1053 1179 1122 1212 ἐστι,
1137 1180 1185 1207 καὶ
1201 1180 1248 1207 τοῦ
1266 1181 1349 1207 αὑτοῦ
1361 1180 1420 1213 ἑνὸς
1431 1181 1562 1216 Χριστοῦ·
1581 1182 1628 1209 καὶ
1645 1183 1694 1219 οὐχ
1709 1184 1805 1219 ἕτερον

1010 1226 1173 1261 χαρακτῆρα
1201 1226 1319 1262 ἐροῦμεν
1348 1227 1393 1254 τὸν
1419 1228 1490 1254 κατὰ
1517 1228 1608 1265 σάρκα
1636 1230 1806 1264 ἐπιφανέντα

1009 1272 1087 1306 ἡμῖν,
1105 1272 1152 1298 καὶ
1177 1272 1271 1308 ἕτερον
1296 1273 1342 1299 τὸν
1369 1273 1430 1300 κατ’
1448 1274 1543 1301 εἰκόνα
1567 1275 1805 1310 σχηματιζόμενα

1011 1319 1175 1354 χαρακτῆρα
1190 1320 1219 1345 ὲν
1237 1318 1303 1345 εἴδει
1333 1319 1441 1355 μορφῆς
1457 1320 1540 1347 αὐτοῦ
1557 1329 1564 1336 ·
1579 1320 1649 1348 ἀλλὰ
1661 1321 1706 1348 τὸν
1721 1322 1805 1349 αὐτὸν

1010 1363 1074 1390 ἓνα⁸
1099 1363 1161 1389 ἐπεὶ
1188 1364 1258 1398 μήτε
1283 1363 1351 1390 καθὸ
1367 1363 1448 1399 σῶμα
1473 1365 1487 1391 ὁ
1512 1365 1655 1402 χαρακτὴρ
1682 1367 1804 1402 εἴρηται,

1010 1409 1078 1436 ἀλλὰ
1092 1409 1160 1436 καθὸ
1176 1409 1334 1444 ἀσώματοψ
1349 1411 1397 1437 καὶ
1406 1410 1485 1437 τοῦτο
1499 1411 1600 1445 μᾶλλον
1612 1411 1655 1439 διὰ
1667 1413 1714 1439 τοῦ
1730 1413 1804 1441 θείου

159 1457 283 1484 divinum
300 1457 532 1491 Chrysostomum
543 1456 734 1491 explicabitur,
748 1455 796 1491 qui
813 1455 955 1482 characte-

1011 1455 1204 1491 Χρυσοστόμου
1221 1456 1488 1491 διευκρινηθήσεται,
1501 1457 1549 1483 τὸν
1574 1458 1740 1494 χαρακτῆρα
1757 1459 1805 1486 οὺ-

159 1510 218 1529 rem
228 1502 368 1530 cmlestem
384 1502 461 1535 dicit,
477 1503 576 1537 quippe
591 1503 638 1537 qui
658 1510 674 1529 e
693 1502 774 1533 caelo,
791 1509 845 1529 non
859 1505 954 1536 quate-

161 1557 214 1576 nus
231 1557 342 1586 corpus,
362 1549 409 1577 sed
431 1553 569 1584 quatenus
588 1549 780 1584 incorporeus,
797 1548 955 1584 unigenitus

161 1594 234 1622 Deus
247 1595 417 1623 descendens
434 1596 467 1622 de
480 1595 558 1622 coalis
578 1595 739 1622 incarnatus
758 1598 810 1627 est,
829 1599 856 1621 et
870 1602 954 1628 appa-

159 1641 216 1670 ruit
234 1649 350 1676 corpore
374 1645 469 1670 nostro
488 1641 611 1669 indutus.
636 1640 671 1668 Et
685 1645 744 1675 post
762 1649 848 1675 pauca
861 1649 870 1668 :
883 1639 955 1675 Ergo

159 1688 226 1723 quia
239 1696 286 1723 per
298 1689 458 1716 relationem
470 1689 560 1724 ipsum
577 1689 900 1720 ostenditcbaracterem,
914 1688 954 1722 ip-

161 1742 222 1762 sum
248 1735 390 1763 Christum
415 1736 573 1768 adoramus,
600 1739 628 1762 et
651 1743 705 1762 non
730 1735 872 1763 materiam
896 1740 954 1762 arte

161 1781 305 1816 ﬁguratam
321 1781 347 1808 in
367 1782 496 1817 imagine.

409 1837 511 1873 Synodi
528 1838 647 1865 Nimim.-
666 1837 696 1864 Il
716 1857 723 1863 .

198 1895 287 1930 thui
299 1895 395 1923 adorat
409 1894 568 1930 imaginem,
580 1895 677 1922 adorat
692 1895 718 1921 in
737 1903 767 1921 ea
786 1895 952 1930 hypostasim

160 1942 220 1976 ejus
237 1942 284 1976 qui
303 1942 428 1976 depictus
454 1946 504 1968 est.

301 1997 405 2025 CXCV.
419 2013 454 2019 ——
467 1997 597 2026 Eudaciw
619 1999 826 2026 Candidatissw.

1010 1501 1102 1537 ράνιον
1128 1501 1263 1536 λέγοντος,
1279 1503 1395 1538 ὲπείπερ
1410 1503 1459 1530 καὶ
1481 1504 1511 1537 ἐξ
1537 1505 1665 1540 οὐρανοῦ,
1684 1506 1715 1532 οὐ
1734 1506 1806 1532 καθὸ

1010 1549 1101 1582 σῶμα,
1115 1548 1183 1575 ἀλλὰ
1196 1547 1264 1575 καθὸ
1280 1548 1427 1584 ἀσώματον
1439 1570 1446 1582 ,
1465 1550 1479 1576 ό
1494 1550 1642 1586 μονογενὴς
1654 1550 1721 1583 Θεὸς
1737 1560 1804 1578 κατ-

1008 1594 1094 1621 ελθὼν
1108 1595 1141 1622 ὲκ
1157 1594 1211 1621 τῶν
1226 1595 1350 1630 οὐρανῶν
1363 1596 1519 1631 ὲσαρκώθη,
1528 1597 1574 1623 καὶ
1588 1597 1707 1632 ἐπέφανε
1723 1597 1805 1633 σῶμα

1008 1640 1188 1676 περιθέμενος
1204 1641 1236 1666 τὸ
1247 1650 1250 1652 '
1260 1641 1406 1676 ἡμέτερον.
1421 1642 1477 1669 Καὶ
1488 1643 1553 1677 μετ’
1571 1643 1660 1677 ὀλίγα
1672 1652 1680 1659 ·
1697 1644 1805 1671 Οὐκοῦν

1008 1687 1070 1714 ἐπεὶ
1089 1687 1161 1714 κατὰ
1178 1687 1320 1723 ἀναφορὰν
1336 1687 1419 1714 αὐτὴν
1433 1688 1554 1715 δείκνυσι
1568 1689 1614 1716 τὸν
1629 1691 1803 1726 χαρακτῆρα,

1008 1733 1090 1761 αὑτὸν
1106 1733 1224 1769 Χριστὸν
1242 1734 1460 1769 προσκυνοῦμεν,
1476 1735 1522 1761 καὶ
1543 1735 1574 1762 οὐ
1589 1735 1639 1771 τὴν
1666 1736 1734 1772 ὕλην
1756 1745 1803 1763 τε-

1008 1781 1109 1816 χνικῶς
1124 1781 1364 1817 σχηματιζομένην
1378 1783 1408 1809 ὲν
1422 1783 1454 1817 τῇ
1473 1783 1571 1810 εἰκόνι.

1162 1838 1222 1873 Τῆς
1236 1839 1272 1865 ἐν
1285 1839 1393 1873 Νικαίᾳ
1407 1839 1542 1868 συνόδου
1557 1840 1591 1867 τὸ
1607 1842 1649 1868 θ’.

1044 1897 1100 1924 Καὶ
1115 1897 1129 1922 ὁ
1146 1897 1307 1932 προσκυνῶν
1322 1897 1370 1933 τὴν
1384 1898 1490 1931 εἰκόνα,
1509 1900 1658 1934 προσκυνεῖ
1676 1901 1705 1926 ὲν
1732 1901 1801 1936 αὐτῇ

1007 1943 1054 1970 τοῦ
1073 1944 1278 1979 ἐγγραφομένου
1294 1945 1343 1980 τὴν
1359 1945 1516 1972 ὑπόστασιν.

1048 2001 1119 2034 ΡιιΕ’
1135 2002 1202 2036 (89).
1218 2016 1252 2022 --
1264 2001 1396 2036 Εῠδοκίᾳ
1407 2002 1645 2038 Κανδιδατίσσῃ.
1665 2003 1747 2042 [tl/1:2]

662 2055 764 2086 (Egrum
779 2055 847 2080 vanis
860 2057 996 2082 terroribus
1008 2057 1116 2082 animum
1135 2058 1288 2083 corroborat.

199 2111 350 2138 lndicatum
366 2116 407 2138 est
424 2110 490 2137 mihi
501 2119 516 2138 a
530 2111 613 2138 fratre
631 2111 754 2142 Silvano.
768 2112 954 2140 honoriﬁcen—
971 2116 995 2144 D

162 2158 228 2185 tiam
245 2161 320 2184 tuam
333 2157 358 2183 in
376 2163 497 2184 mmrore
513 2164 584 2188 esse,
603 2162 713 2192 propter
729 2162 830 2185 metum
857 2166 954 2192 quem-

163 2206 226 2232 dam
243 2208 270 2231 et
288 2208 433 2235 terrorem,
457 2203 504 2238 qui
529 2204 647 2231 animam
671 2205 775 2240 absque
795 2206 849 2233 ulla
869 2213 953 2234 causa

164 2250 317 2285 occupavit.
345 2249 422 2283 Quod
451 2250 566 2278 audiens
585 2258 636 2286 ego
661 2252 772 2280 humilis
791 2253 863 2280 baud
895 2254 955 2281 sine

162 2296 246 2323 animi
271 2303 354 2323 sensu
378 2295 438 2328 tuli,
454 2296 501 2323 sed
518 2296 605 2329 dolui,
626 2302 807 2334 precatusque
827 2307 901 2332 sum,
921 2300 954 2327 li-

162 2348 203 2367 rct
219 2340 347 2374 indignus
360 2341 405 2375 qui
433 2349 447 2367 a
465 2340 521 2368 Deo
540 2343 682 2376 ekaudiar,
703 2348 732 2370 ut
747 2351 761 2370 a
779 2349 805 2371 te
824 2345 955 2373 abscedat

162 2387 311 2413 hicmctus.
322 2386 394 2419 Quin
406 2395 480 2413 nunc
489 2388 571 2414 etiam
579 2392 606 2415 et
614 2396 664 2423 ego
671 2393 698 2416 et
706 2390 834 2417 dominus
845 2391 954 2418 archic-

160 2434 299 2467 piscoplls,
309 2438 336 2460 et
351 2432 449 2460 fratres
463 2433 544 2460 simul
560 2440 640 2462 orant
656 2440 686 2462 ut
700 2436 787 2470 pietas
797 2442 842 2464 tua
857 2437 892 2465 ab
903 2439 954 2466 hoc

160 2480 258 2506 morbo
266 2480 448 2506 convalescat.
458 2479 594 2507 Caeterum
602 2482 955 2516 morbusbic,domina,ab-

160 2526 262 2553 surdus
282 2531 324 2553 est
335 2531 361 2553 et
374 2527 435 2560 jure
445 2528 775 2563 contemnendus;neque
796 2529 955 2558 existimare

160 2572 342 2607 dclmsipsum
353 2573 401 2600 tibi
414 2574 564 2608 quidquam
578 2575 641 2602 mali
655 2575 753 2602 aiierre
762 2577 958 2611 possezsiqui-

160 2620 221 2646 dem
238 2619 377 2646 Christum
391 2620 485 2647 induta
500 2629 539 2653 es,
560 2627 588 2648 et
605 2629 715 2649 crucem
729 2622 790 2656 ejus
809 2631 858 2657 pro
874 2623 956 2652 armis

162 2666 246 2693 habes
260 2667 357 2699 :cujus
369 2667 448 2701 signa
461 2673 486 2694 te
497 2668 636 2701 muniens,
651 2677 747 2697 omnes
759 2670 885 2705 protinus
901 2671 956 2697 da:-

161 2713 252 2739 monis
266 2713 407 2740 machinas
420 2714 596 2748 expulsuram
614 2720 639 2742 te
655 2715 745 2748 crede,
758 2716 814 2743 sive
825 2716 955 2749 interdiu,

1049 2115 1185 2151 Ἐδηλώθη
1216 2124 1262 2150 μοι
1286 2115 1338 2142 ὑπὸ
1366 2115 1414 2142 τοῦ
1439 2116 1556 2152 ἀδελφοῦ
1575 2119 1721 2146 Σιλουανοῦ
1736 2121 1802 2156 περὶ

1005 2161 1055 2196 τῆς
1070 2161 1227 2196 τιμιότητός
1243 2170 1301 2191 σου,
1318 2162 1359 2188 ὃτι
1375 2162 1403 2188 ὲν
1419 2162 1492 2200 λύπῃ
1507 2163 1565 2190 ἐστὶ
1591 2165 1636 2192 διὰ
1649 2165 1680 2191 τὸ
1692 2166 1802 2200 ἐγγίνε-

1007 2207 1070 2234 σθαι
1090 2215 1130 2234 σοι
1147 2207 1230 2241 φόϐον
1257 2207 1321 2234 τινὰ
1340 2207 1388 2234 καὶ
1409 2208 1523 2244 πτόησιν
1538 2210 1567 2236 ἐν
1588 2212 1622 2245 τῇ
1639 2211 1710 2247 ψυχῇ
1735 2213 1801 2239 ἄνευ

1005 2253 1079 2285 τινὸς
1092 2253 1191 2285 αίτίας.
1207 2253 1262 2279 Καὶ
1275 2253 1396 2286 ἀκούσας
1408 2254 1459 2281 οὐκ
1471 2254 1585 2288 ἀπαθῶς
1600 2257 1705 2292 ἤνεγκα
1720 2258 1734 2284 ὁ
1752 2267 1802 2285 τα-

1007 2300 1098 2330 πεινός
1113 2308 1119 2314 ·
1145 2299 1212 2326 ἀλλὰ
1227 2299 1275 2326 καὶ
1299 2300 1449 2336 ἐλυπήθην,
1468 2301 1514 2328 καὶ
1538 2302 1676 2338 ηὐξάμην,
1705 2305 1730 2331 εἰ
1753 2305 1801 2332 καὶ

1007 2344 1116 2377 ἀνάξιος
1143 2344 1332 2372 ὑπακούεσθαι
1360 2345 1435 2381 παρὰ
1458 2345 1536 2378 Θεοῦ,
1555 2347 1669 2382 λυθῆναι
1695 2349 1724 2375 τὸ
1741 2349 1802 2382 δέος

1006 2390 1096 2417 ἐκεῖνο
1117 2390 1172 2417 ἀπὸ
1195 2389 1254 2417 σοῦ.
1277 2389 1358 2416 Ἀλλὰ
1374 2390 1421 2416 καὶ
1438 2390 1478 2417 ἔτι
1493 2390 1572 2425 κάγὼ
1593 2392 1641 2418 καὶ
1667 2393 1682 2419 6
1706 2394 1803 2428 κύριος

1006 2438 1020 2463 ὁ
1032 2437 1259 2472 ἁρχιεπίσκοπος.
1277 2437 1324 2463 καὶ
1343 2437 1368 2463 οί
1382 2436 1491 2472 ἀδελφοὶ
1507 2437 1681 2474 συνεύχονται
1697 2443 1800 2476 καταρ-

1007 2483 1153 2519 ῥαῖσθῆναι
1175 2482 1207 2510 τὸ
1222 2483 1308 2514 πάθος
1324 2482 1378 2509 ἀπὸ
1403 2483 1452 2518 τῆς
1468 2483 1611 2516 εὐσεϐείας
1628 2493 1686 2512 σου.
1716 2486 1804 2514 Τοῦτο

1007 2529 1045 2561 δὲ,
1064 2528 1158 2563 κυρία,
1175 2527 1322 2555 ἀλλόκοτόν
1336 2528 1394 2554 ἐστι
1407 2527 1437 2554 τὸ
1452 2528 1548 2561 πάθος,
1561 2529 1609 2556 καὶ
1626 2530 1803 2566 εὐκαταφρό-

1009 2582 1088 2609 νητον
1105 2581 1112 2588 ο
1141 2574 1188 2600 καὶ
1205 2574 1255 2600 οὐκ
1284 2573 1402 2607 ὀφείλεις
1421 2572 1578 2607 λογίζεσθαι
1607 2576 1674 2602 αὐτὸ
1688 2576 1757 2608 ὅλως
1773 2577 1804 2603 ἓν

1008 2628 1063 2647 τινι
1078 2619 1227 2655 δυνάμενόν
1246 2627 1275 2645 σε
1291 2619 1500 2654 παραὸλάπτειν
1512 2629 1519 2635 ·
1538 2620 1606 2647 διότι
1620 2621 1666 2648 τὸν
1683 2622 1705 2648 Χ
1710 2623 1803 2657 ριστὸν

1008 2665 1183 2701 ἑνδεδυμένη.
1201 2665 1305 2692 καὶτὸν
1320 2664 1436 2701 σταυρὸν
1451 2665 1534 2692 αὑτοῦ
1548 2666 1620 2702 ἔχεις
1636 2667 1719 2694 ὅπλον
1734 2677 1742 2684 ο
1758 2670 1802 2704 ἐφ’

1008 2709 1031 2746 ᾧ
1043 2711 1242 2747 σημειουμένη,
1259 2711 1423 2739 ἁποόιώκειν
1436 2713 1564 2749 παραυτὰ
1584 2713 1694 2742 πίστευε
1711 2715 1804 2743 πᾶσαν

926 2827 1042 2857 NUTJ‘I.

195 2884 252 2919 ($9)
266 2885 294 2912 In
313 2885 373 2912 cod.
395 2885 459 2920 μσς.
479 2884 549 2920 ρξηκ
