1927 3089
169 133 240 166 15;)5

762 138 793 168 S.
808 137 1006 168 THEODORI
1034 138 1208 169 STUDIT/E

1739 137 1806 168 1596

169 189 279 221 feceris,
306 189 401 217 subest
430 190 536 225 aliqua,
553 190 647 218 ratio:
672 191 800 227 utrisque
823 192 962 226 videlicet,

1024 200 1166 229 τοιησειας.
1184 194 1240 229 ἔχει
1251 194 1312 220 τινὰ
1324 193 1419 228 λόγον·
1431 193 1597 229 ἀμφοτέρων
1610 192 1742 227 δηλονότι,
1755 194 1807 228 τῆς

169 239 226 261 tum
242 241 274 260 ea
290 240 351 268 quae
362 233 484 267 dimittit,
499 239 557 261 tum
577 242 609 262 ea
626 243 688 269 quae
703 236 810 271 recnpit,
835 237 968 271 adjuvan-

170 279 244 306 tibus
256 285 286 305 se
302 283 410 311 mutuo,
428 283 460 306 ut
472 280 653 314 apostolicum
671 287 836 316 praeceptum
853 282 968 317 implea-

169 330 213 351 tur
229 333 236 351 :
255 325 329 351 Alter
351 325 462 352 alterius
485 334 566 352 onem
592 330 706 361 portate,
733 332 757 354 et
772 327 810 354 sic
827 327 969 362 adimplete

169 374 250 406 legem
264 371 364 398 Christi
380 371 413 398 “.

203 424 293 451 Aliam
321 432 388 452 vero
420 425 624 459 separationem
648 433 704 454 non
722 426 822 462 recipit
852 428 967 454 verbum

169 471 304 497 veritatis.
323 471 417 498 Primo
432 471 555 506 quidem,
570 472 635 506 quia
647 472 832 508 disrumpitur
845 480 967 501 conven-

170 516 208 543 tio
226 516 345 551 Spiritus
372 517 473 549 sancti,
492 525 553 551 quae
579 525 672 545 coram
692 518 748 546 Deo
764 524 791 546 et
808 519 968 548 hominibus

170 562 307 589 celebrata
333 566 376 589 est
402 562 429 589 in
446 563 597 590 monastica
616 563 786 598 professione
803 573 810 592 :
826 573 882 599 quo
901 565 968 599 quid

170 616 232 636 esse
242 613 332 643 potest
347 608 552 643 perniciosius?
565 609 599 636 Et
617 617 681 637 vero
692 611 809 644 quadrat
823 611 868 638 hic
884 611 968 639 etiam

171 654 283 681 verbum
310 653 418 681 Domini
438 663 444 681 :
469 654 541 687 Quos
566 655 634 682 Deus
649 655 799 690 conjunxit,
820 657 896 683 homo
916 664 968 684 non

172 705 273 735 separet
288 700 321 727 ".
338 699 406 727 Nam
423 701 447 728 si
466 701 515 733 ibi,
532 702 640 730 tametsi
673 703 699 730 in
729 703 834 730 carnali
851 703 968 738 conjun-

171 748 272 778 ctione,
285 745 429 774 interdicta
443 751 485 774 est
497 748 645 782 separatio,
660 754 762 783 quanto
772 748 859 783 magis
869 748 897 776 in
911 749 968 784 spi-

172 792 266 819 rituali
284 792 485 827 copulatione?
502 793 555 820 nisi
572 793 641 821 forte
657 794 762 821 ludicra
778 799 842 822 sunt
853 793 944 822 divina
960 803 967 821 :

172 838 218 864 sed
234 838 315 865 absit.
333 837 436 866 Fidelis
453 843 496 866 est
510 840 676 866 sacramenti
688 847 791 872 sermo,
807 843 865 867 tum
885 839 912 866 in
925 847 969 867 re-

1018 248 1048 266 τε
1064 239 1236 275 ὲπιδιδούσης
1252 240 1362 274 καὶτῆς
1379 240 1585 274 ἐπιδεχομένης,
1604 240 1807 274 συναιρομένων

1019 284 1160 320 ἀλλήλαις,
1173 285 1362 320 πληρουμένου
1374 285 1420 311 τοῦ
1438 285 1620 312 ἀποστολικοῦ
1646 285 1809 320 παραγγελ-

1020 339 1106 366 ματος
1120 339 1126 345 ’
1146 330 1299 364 Ἀλλήλων
1315 331 1351 357 τὰ
1365 331 1446 365 ,βάρη
1458 330 1635 363 βαστάζετε.
1652 331 1701 357 καὶ
1714 331 1809 364 οὕτως

1018 377 1257 411 ἀναπληρώσατε
1275 377 1328 403 τὸν
1340 377 1437 411 νόμον
1451 377 1505 403 τοῦ
1523 376 1665 410 Χριστοῦ.

1055 423 1154 450 Ἀλλον
1168 423 1197 450 δὲ
1214 423 1354 458 χωρισμὸν
1374 423 1425 449 οὐκ
1449 422 1606 457 ἐπιδέχεται
1626 424 1640 449 ὁ
1667 421 1746 456 λόγος
1756 422 1810 457 τῆς

1019 467 1157 503 ἀληθείας.
1179 469 1292 503 Πρῶτον
1317 468 1379 504 μὲν,
1394 468 1435 495 ὅτι
1462 469 1478 503 ὴ
1505 467 1641 503 σύμὸασις
1660 467 1707 494 τοῦ
1728 467 1810 501 ἁγίου

1019 514 1177 549 Πνεύματος
1206 514 1388 550 διασπᾶται-η
1416 513 1669 549 καθομολογηθείσα
1691 514 1811 540 ἐνώπιον

1018 560 1088 586 Θεοῦ
1103 561 1150 587 καὶ
1165 560 1318 595 ἀνθρώπων
1335 561 1381 587 ἐπὶ
1396 561 1428 596 τῇ
1449 561 1582 596 μοναχικῇ
1600 559 1757 586 τελειώσει·
1777 556 1811 587 οὗ

1018 608 1045 634 τί
1062 607 1095 634 ἂν
1112 608 1155 644 εἴη
1171 607 1382 644 όλεθριώτερον;
1401 608 1456 634 Καί
1470 616 1503 643 γε
1518 607 1634 644 ἁρμόζει
1669 606 1812 634 κάνταῦθα

1019 655 1033 680 ὁ
1045 653 1124 688 λόγος
1150 654 1196 682 τοῦ
1220 654 1322 690 Κυρίου
1337 662 1344 669 ·
1357 653 1417 686 Οὓς
1438 656 1454 681 ὀ
1471 654 1543 687 Θεὸς
1558 653 1689 686 ἔζευξεν,
1701 653 1813 687 ἀνθρω-

1018 708 1077 732 πος
1090 699 1134 734 μὴ
1149 699 1302 734 χωριζέτω.
1315 701 1346 727 El
1361 701 1415 736 γὰρ
1431 701 1501 733 ἐκεῖ,
1520 700 1609 727 καίτοι
1628 701 1675 726 ἐπὶ
1690 700 1811 734 σαρκικῇ

1019 745 1122 779 ζεύξει,
1145 747 1334 781 ἀπηγόρευται
1348 748 1362 774 ὁ
1382 747 1539 783 χωρισμός·
1556 747 1634 781 πόσῳ
1654 754 1687 780 γε
1710 744 1813 781 μᾶλλον

1019 793 1066 819 ἐπὶ
1081 794 1255 828 πνευματικῇ
1270 793 1422 827 συνσφείᾳ;
1438 794 1463 819 εἰ
1477 794 1513 829 μή
1527 802 1553 820 τι
1564 794 1619 829 ἄρα
1633 792 1762 824 παίζεται
1777 792 1813 818 τὰ

1020 837 1080 864 θεῖα
1093 847 1100 854 ·
1114 838 1171 865 ἀλλ’
1191 838 1283 873 ἄπαγε
1298 839 1304 865 l
1321 839 1416 871 πιστὸς
1433 840 1447 865 ὁ
1473 839 1552 873 λόγος
1575 839 1622 866 τοῦ
1647 838 1812 873 μυστηρίου,

173 884 305 911 missione
316 889 507 919 peccatorum,
528 889 586 912 tum
602 886 629 912 in
643 885 754 913 vinculo
776 886 964 914 indissolubili

1024 884 1062 910 ml
1075 893 1105 910 τε
1121 885 1219 918 ἀφέσει
1233 884 1287 911 τῶν
1298 884 1515 920 ἡμαρτημένων,
1535 885 1582 912 ὲπί
1597 893 1627 912 τε
1642 884 1736 920 δεσμῷ
1746 884 1814 911 ἀλύ-

173 930 391 966 conjunctionis.
408 931 512 959 Deinde
526 932 667 967 quomodo
679 940 733 960 non
750 932 905 960 oll‘endetur
919 940 966 960 so-

174 983 268 1003 rorum
279 977 457 1012 congregatio
477 984 510 1004 ex
524 985 579 1012 qua
601 977 737 1010 avellitur,
754 979 776 1005 si
793 978 873 1012 culpa
888 982 968 1006 vacet

174 1022 221 1049 illa
236 1030 296 1057 qua!
306 1023 475 1058 aprmposita
488 1024 651 1052 dimittitur?
662 1032 694 1052 ac
711 1031 764 1051 non
773 1024 864 1059 potius
879 1025 967 1052 abdu-

175 1073 253 1096 cetur
264 1068 296 1095 ad
309 1068 454 1096 dissidium
465 1069 550 1097 simili
567 1069 659 1097 studio
671 1070 805 1102 abscissa,
815 1077 889 1097 nunc
898 1070 967 1102 haec,

176 1113 351 1148 postmodum
366 1114 462 1147 altera,
486 1120 514 1142 et
538 1123 593 1142 non
609 1115 696 1142 multo
712 1119 774 1150 post
793 1115 845 1142 alia
878 1114 917 1150 (et
928 1116 969 1142 sic

176 1160 314 1196 integrum
333 1161 436 1188 Christi
457 1169 557 1196 corpus
572 1161 718 1196 disperibit
730 1161 894 1196 penitusque
905 1168 968 1188 cor-

177 1207 343 1242 rumpetur),
377 1214 392 1234 a
421 1207 516 1242 primis
538 1207 695 1235 carceribus
716 1207 762 1234 vix
786 1207 918 1242 egressa?
936 1206 970 1233 Et

178 1252 375 1279 maledictionis
391 1256 434 1279 est
450 1253 547 1284 haeres,
560 1257 589 1279 ut
605 1252 706 1279 clamat
717 1257 829 1280 sanctus
840 1251 967 1284 Basilius,

178 1304 240 1331 quae
256 1301 342 1324 totum
359 1297 410 1324 hoc
424 1297 525 1324 malum
544 1302 700 1332 perpetrat:
719 1306 807 1333 neque
819 1298 890 1325 enim
913 1301 971 1325 sta—

178 1341 323 1374 bilitatem,
344 1350 394 1369 nec
417 1342 504 1369 basim
519 1342 639 1374 habebit,
667 1350 756 1378 neque
770 1342 969 1373 monasterium

178 1394 267 1421 tuum,
285 1396 373 1423 neque
391 1389 463 1416 aliud
476 1396 558 1424 porro
570 1389 616 1416 ubi
630 1389 655 1416 id
673 1389 728 1416 liat.
747 1388 838 1422 Quare
853 1389 899 1424 qui
915 1396 969 1416 non

178 1435 275 1467 credit,
291 1443 346 1462 non
361 1436 471 1469 credat;
488 1441 515 1462 ct
529 1436 576 1470 qui
602 1436 696 1470 inique
709 1436 776 1471 agit,
795 1435 885 1470 inique
896 1439 968 1470 agat,

179 1481 251 1508 sicut
265 1481 397 1516 scriptum
412 1480 543 1508 est".Tu
556 1488 621 1508 vero
632 1488 745 1509 servans
761 1488 840 1508 serva
850 1481 970 1508 animam

178 1530 266 1559 tuam,
290 1535 345 1554 non
365 1527 498 1562 abjiciens
529 1528 603 1562 leges
622 1527 682 1561 Dei,
710 1527 758 1555 sed
788 1527 907 1554 innitens
924 1528 971 1554 do-

178 1573 276 1600 ctrinis
298 1579 466 1604 sanctorum,
483 1581 600 1608 quorum
626 1573 732 1608 primus
747 1573 775 1600 in
799 1573 842 1600 his
856 1580 972 1608 magnus

179 1618 298 1646 Basilius
317 1627 324 1645 :
350 1619 458 1646 etiamsi
476 1627 538 1646 cum
564 1620 672 1646 duabus
687 1623 735 1646 aut
751 1619 840 1646 tribus
855 1618 972 1653 virgini-

179 1665 231 1692 bus
251 1665 299 1692 tibi
320 1665 460 1700 conlingat
480 1665 591 1693 vivere!
613 1665 663 1692 Ubi
688 1665 757 1692 enim
781 1669 842 1692 sunt
857 1666 909 1691 duo
933 1663 972 1691 uel

180 1715 232 1737 tres
251 1710 278 1737 in
300 1711 406 1737 nomine
438 1719 506 1744 meo,
533 1710 624 1745 inquit
645 1710 790 1742 Dominus,
811 1710 848 1736 ibi
865 1718 924 1736 sum
944 1710 974 1736 in

180 1758 266 1785 medio
277 1766 368 1784 eorum
385 1757 425 1790 ";
443 1765 496 1784 non
511 1762 602 1785 autem
619 1765 682 1785 cum
705 1757 799 1793 iniqua
814 1757 971 1793 agentibus,

179 1809 208 1830 et
223 1804 245 1830 si
263 1803 354 1831 decies
374 1803 447 1830 mille
458 1804 524 1831 sint.

367 1869 495 1897 CXCV".
515 1885 550 1890 —
565 1869 700 1897 Dorotheo
716 1869 784 1904 ﬁlio.

1019 938 1058 964 τῳ
1075 931 1125 965 τῆς
1143 930 1304 964 συναφείας.
1323 931 1441 958 Ἔπειτα
1457 931 1515 963 πῶς
1533 931 1779 966 οἰκοδομηθήσεται
1794 932 1813 966 ἡ

1019 977 1168 1012 ἀδελφότης
1191 976 1222 1009 ἐξ
1244 974 1279 1014 ἦς
1305 978 1525 1013 ἀπορρήγνυται,
1539 977 1621 1014 εἴπερ
1633 977 1778 1009 ἀνεύθυνος

1019 1024 1036 1059 ἡ
1051 1023 1241 1059 ἀπολελυμένη
1268 1024 1344 1059 παρὰ
1358 1024 1409 1059 τῆς
1433 1024 1645 1059 καθηγουμένης
1662 1032 1670 1057 ;
1686 1024 1733 1050 καὶ
1750 1024 1813 1058 οὐχὶ

1022 1069 1123 1105 μᾶλλον
1146 1069 1336 1105 ὑπαχθήσεται
1352 1070 1392 1102 είς
1414 1070 1557 1097 διάστασιν
1570 1068 1610 1104 τῷ
1629 1069 1717 1104 ὁμοίῳ
1738 1069 1815 1104 ζήλῳ

1020 1114 1186 1150 τεμνομένη,
1202 1113 1250 1141 νῦν
1274 1115 1324 1150 μὲν
1349 1114 1430 1150 αὕτη,
1447 1114 1518 1150 πρὸς
1539 1114 1568 1141 δὲ
1585 1114 1616 1141 τὸ
1632 1114 1696 1149 ἑξῆς
1718 1114 1813 1148 ἑτέρα,

1022 1161 1070 1187 καὶ
1103 1160 1161 1196 μετ’
1179 1161 1209 1187 οὺ
1231 1160 1298 1187 πολὺ
1314 1160 1382 1196 ἀλλη
1411 1161 1469 1196 (καὶ
1480 1160 1552 1187 οὕτω
1577 1160 1607 1186 τδ
1622 1159 1715 1195 ἄρτιον
1732 1159 1815 1194 σῶμα

1021 1207 1070 1233 τοῦ
1086 1207 1206 1242 Χριστοῦ
1221 1207 1363 1242 οἰχήσεται
1378 1206 1425 1233 καὶ
1440 1206 1658 1240 διαφθαρήσεται
1669 1206 1814 1240 πάμπαν),

1022 1253 1054 1280 ὲκ
1085 1253 1136 1288 τῆς
1160 1252 1272 1289 πρώτης
1293 1253 1417 1288 βαλϐῖδος
1446 1253 1662 1288 ἀφορμηθεῖσας
1690 1252 1736 1278 καὶ
1764 1251 1814 1278 τοῦ

1022 1299 1084 1326 οὐαὶ
1102 1299 1282 1335 κληρονόμος,
1296 1300 1334 1331 ὠς
1347 1299 1397 1335 βοᾷ
1409 1300 1423 1325 ὁ
1437 1299 1514 1333 ἅγιος
1531 1299 1670 1330 Βασὶλειος
1684 1317 1692 1330 ,
1706 1299 1722 1334 ή
1734 1297 1817 1324 τοῦτο

1023 1347 1082 1373 ὅλον
1095 1346 1125 1373 τὸ
1142 1346 1226 1372 κακὸν
1239 1344 1463 1381 ἀπεργαζομένη.
1476 1345 1545 1372 Οὓτε
1560 1345 1614 1379 γὰρ
1631 1345 1737 1376 στάσιν,
1751 1343 1816 1370 οὔτε

1024 1392 1103 1428 βάσιν
1132 1391 1198 1424 ἕξει,
1214 1391 1277 1418 οὔτε
1291 1392 1308 1426 ὴ
1326 1392 1360 1426 σὴ
1389 1391 1468 1426 μονὴ,
1483 1389 1545 1416 οὕτε
1575 1390 1669 1425 ἑτέρα,
1684 1390 1701 1425 ἡ
1726 1389 1817 1421 οὕτως

1024 1438 1192 1473 πράττουσα.
1208 1437 1290 1463 Ὥστε
1303 1437 1316 1462 ὁ
1328 1436 1462 1469 ἀπειθῶν,
1474 1436 1622 1462 ἁπειθείτω
1637 1444 1644 1451 ·
1665 1436 1713 1462 καὶ
1722 1437 1737 1462 ὁ
1753 1436 1817 1462 ἀνο-

1025 1484 1084 1519 μῶν
1095 1483 1240 1519 ἀνομείτω,
1253 1483 1327 1511 κατὰ
1340 1483 1371 1510 τὸ
1383 1483 1587 1519 γεγραμμένον.
1599 1483 1635 1509 Σὺ
1649 1483 1678 1509 δὲ
1690 1482 1816 1514 σώζουσα

1026 1529 1096 1561 σῶζε
1113 1530 1162 1564 τὴν
1178 1528 1281 1562 ἑαυτῆς
1298 1528 1399 1564 ψυχὴν,
1415 1529 1453 1564 μὴ
1471 1528 1623 1564 προϊεμένη
1638 1529 1701 1559 τοὺς
1714 1528 1818 1562 νόμους

1023 1577 1070 1603 τοῦ
1098 1576 1166 1603 Θεοῦ
1183 1584 1190 1591 '
1205 1576 1263 1603 ἀλλ’
1276 1575 1462 1612 ὲρηρεισμένη
1493 1577 1523 1602 ὲν
1543 1576 1605 1608 ταῖς
1629 1574 1817 1606 διδασκαλίαις

1023 1623 1078 1649 τῶν
1091 1623 1187 1657 ἁγίων·
1204 1619 1242 1649 ὧν
1254 1621 1362 1658 πρῶτος
1373 1623 1402 1649 ὲν
1416 1621 1522 1653 τούτοις
1534 1622 1548 1648 ὁ
1561 1621 1648 1656 μέγας
1664 1621 1817 1651 Βασίλειοςο

1025 1670 1077 1696 κᾶν
1096 1671 1166 1704 μετά
1192 1669 1265 1696 δυοῖν
1282 1670 1297 1702 ἢ
1323 1668 1409 1704 τριῶν
1433 1668 1577 1703 παρθένων
1595 1667 1703 1704 φθάσῃς
1717 1667 1815 1702 συζῇν·

1025 1716 1122 1742 Ὅπου
1143 1715 1198 1750 γάρ
1212 1717 1271 1741 εἱσι
1287 1714 1342 1741 δύο
1359 1715 1378 1748 ἢ
1392 1714 1471 1748 τρεῖς
1483 1715 1519 1741 ἐν
1542 1713 1582 1746 τῷ
1597 1713 1721 1748 ὀνόματί
1733 1721 1794 1748 μου
1808 1732 1816 1743 .

1023 1762 1106 1795 φησὶν
1118 1761 1131 1786 ό
1151 1759 1264 1794 Κύριος,
1278 1759 1343 1786 ἐκεῖ
1351 1761 1409 1794 ειμι
1422 1759 1457 1786 ὲν
1469 1759 1553 1793 μέσῳ
1572 1757 1673 1786 αὐτῶν
1687 1767 1696 1773 ⁸
1710 1758 1741 1785 οὐ
1762 1758 1819 1794 μὴν

1025 1806 1094 1841 μετά
1113 1805 1355 1841 παρανομούντων,
1370 1805 1423 1832 κᾶν
1440 1805 1531 1841 μυρίοι
1542 1802 1622 1832 ὦσιν.

1116 1871 1185 1905 Ριιῑ
1202 1871 1270 1907 (9|).
1286 1886 1321 1891 —-
1338 1870 1475 1905 Δωροθέῳ
1497 1870 1602 1903 τέκνῳ.
1626 1869 1728 1906 [φυῇ]

397 1939 456 1969 Ejus
465 1939 509 1970 qui
520 1941 578 1964 ante
595 1943 700 1964 mortem
713 1939 856 1971 resipuerit,
868 1939 1129 1966 commemorationem
1140 1941 1166 1965 in
1178 1939 1284 1971 publicis
1296 1939 1413 1971 precibus
1428 1939 1483 1964 ﬁeri
1497 1939 1601 1964 debere.

218 1992 352 2027 Cognovi,
363 1992 461 2020 dilecte
472 1992 522 2025 ﬁli,
540 1993 623 2020 etiam
641 2001 675 2020 ex
683 2001 715 2020 ea
731 2001 793 2029 quae
813 2002 901 2028 nuper
916 2003 931 2021 a
947 1999 974 2022 te

183 2040 285 2075 St't‘ipla
301 2044 343 2067 est
357 2040 484 2075 epistola,
500 2040 581 2067 [idem
597 2048 661 2075 erga
680 2048 730 2068 nos
752 2041 871 2069 humiles
884 2049 916 2069 ac
933 2041 975 2068 di-

1064 1994 1181 2028 Ἐγνων,
1198 1993 1294 2020 τέκνον
1319 1992 1509 2028 ἠγαπημένον,
1523 1993 1570 2018 καὶ
1587 1993 1619 2018 ὲκ
1638 1993 1688 2027 τῆς
1714 1991 1819 2026 ἀρτίως

1026 2039 1181 2074 γραφείσης
1198 2047 1245 2064 σου
1259 2037 1414 2072 ἐπιστολῆς,
1431 2037 1461 2063 τὺ
1473 2037 1541 2072 πρὸς
1554 2038 1629 2072 ἡμᾶς
1643 2036 1708 2068 τοὺς
1721 2045 1818 2064 ταπει-

185 2086 329 2113 lectionem
363 2090 454 2119 tuam;
472 2086 546 2121 quod
559 2086 670 2120 quidem
688 2086 819 2114 indicium
836 2091 880 2114 est
903 2094 970 2114 vera

1028 2085 1089 2116 νοὺς
1100 2084 1197 2110 πιστόν
1213 2092 1243 2110 τε
1259 2084 1304 2110 καὶ
1319 2083 1461 2119 ἀγαπητόν
1473 2092 1521 2110 σου
1536 2092 1543 2099 ο
1559 2084 1630 2119 ὅπερ
1642 2084 1701 2110 ἐστὶ
1715 2083 1818 2119 γνώρι-

184 2130 380 2164 subjectionis;
406 2130 456 2158 etsi
485 2138 534 2158 nos
562 2135 719 2165 peccatores
735 2135 762 2158 et
778 2131 879 2159 nullius
895 2122 970 2166 pretii

1029 2139 1086 2166 σμα
1115 2130 1247 2165 ἀληθινῆς
1275 2130 1416 2165 ὑποταγῆς
1430 2138 1437 2144 ·
1456 2131 1480 2156 εί
1496 2130 1542 2156 καὶ
1557 2131 1640 2165 ἡμεῖς
1658 2130 1819 2165 ἁμαρτωλοὶ

185 2183 292 2203 sumus.
303 2174 331 2202 In
346 2184 400 2211 quo
414 2175 517 2202 utinam
527 2183 686 2210 persewres
697 2175 725 2202 in
742 2180 894 2211 posterum,
906 2177 970 2204 bene

1027 2177 1074 2204 καὶ
1099 2177 1248 2212 οὑδαμινοί.
1273 2173 1367 2210 Ἐφ’ᾦ
1397 2176 1443 2203 καὶ
1469 2175 1669 2212 συντηρηθείης
1693 2175 1762 2212 πρὸς
1786 2177 1820 2203 τὸ

185 2222 297 2256 placens
323 2221 448 2254 Domino,
467 2226 494 2249 et
513 2222 612 2249 virtute
634 2222 773 2250 collucens
792 2222 863 2257 apud
880 2221 970 2250 fratres

1029 2222 1103 2259 ἑξῆς,
1120 2223 1276 2259 εὐαρεστῶν
1291 2223 1396 2258 Κυρίῳ,
1414 2222 1461 2250 καὶ
1485 2222 1648 2258 διαλάμπων
1675 2223 1708 2257 τῇ
1730 2222 1818 2258 ἀρετῇ

187 2273 261 2298 tuos,
285 2268 342 2294 imo
365 2268 447 2295 etiatn
472 2267 546 2302 apud
580 2268 649 2295 alios
668 2268 781 2295 multos.
812 2268 916 2296 Bonum
938 2268 977 2295 si-

186 2314 297 2348 quidem
329 2317 426 2340 natura
456 2321 506 2340 sua
529 2314 661 2341 occultari
686 2322 740 2342 non
757 2314 842 2348 solet;
859 2314 906 2342 sed
920 2318 978 2341 tum

186 2359 269 2387 etiam
282 2367 345 2386 cum
357 2359 442 2386 latere
458 2360 546 2395 magis
559 2360 677 2391 videtur,
692 2360 873 2395 conspicuum
889 2359 979 2387 reddit

187 2407 362 2441 operarium;
399 2407 437 2433 ita
466 2411 496 2433 ut
522 2407 620 2433 civitas
647 2407 695 2434 Dei
722 2407 883 2442 appelletur,
908 2407 980 2435 sicut

187 2452 320 2486 scriptum
336 2457 378 2479 est
393 2453 426 2479 '°.
456 2451 557 2480 Verum
574 2453 625 2480 hoc
641 2454 751 2488 quidem
772 2454 914 2482 hactenus.
939 2453 978 2481 De

187 2506 222 2525 eo
232 2502 324 2525 autem
345 2498 418 2533 quod
430 2498 601 2533 signiﬁcasti,
615 2499 668 2526 hoc
683 2503 733 2531 cst,
753 2499 786 2526 de
803 2499 878 2526 illius
902 2507 978 2526 com-

187 2545 386 2572 memoratione
404 2545 544 2577 l'acienda;
559 2546 639 2573 debes
655 2551 743 2573 tecum
759 2546 817 2581 ipse
831 2546 977 2580 dispicere,

189 2591 274 2626 quod,
286 2591 309 2618 si
320 2592 346 2618 in
359 2596 459 2626 morte,
474 2599 536 2619 cum
552 2596 632 2619 antea
647 2593 768 2619 humano
785 2596 889 2618 terrore
901 2599 977 2618 com-

1027 2269 1056 2296 ὲν
1084 2269 1116 2304 τῇ
1140 2268 1301 2303 ἀδελφότητι
1327 2277 1386 2301 σου,
1397 2268 1427 2294 οὑ
1444 2268 1497 2303 μὴν
1509 2267 1578 2294 ἀλλὰ
1604 2268 1651 2294 καὶ
1673 2267 1701 2293 ὲν
1725 2266 1819 2297 ἄλλοις

1028 2315 1145 2346 πολλοῖς.
1161 2314 1244 2341 Φύσιν
1258 2314 1313 2350 γὰρ
1326 2315 1377 2341 οὐκ
1389 2313 1447 2349 ἔχει
1461 2313 1634 2348 κρύπτεσθαι
1644 2313 1674 2340 τὺ
1688 2313 1791 2347 ἀγαθόν
1809 2321 1817 2328 ·

1028 2360 1096 2387 ἀλλά
1112 2361 1159 2386 καὶ
1176 2360 1276 2395 μᾶλλον
1289 2359 1432 2387 λανθάνειν
1447 2359 1543 2386 δοκοῦν
1556 2380 1562 2391 ,
1580 2358 1691 2395 εὔδηλον
1707 2359 1753 2385 τὸν
1771 2360 1820 2394 ὲρ-

1028 2404 1117 2440 γάτην
1131 2405 1351 2440 ἀποκαθίστησιν
1369 2412 1376 2419 ·
1392 2404 1430 2436 ὡς
1447 2405 1524 2430 πόλιν
1540 2404 1608 2430 Θεοῦ
1623 2403 1817 2439 χρηματίζειν,

1030 2451 1101 2477 κατὰ
1111 2450 1142 2476 τὸ
1152 2451 1356 2486 γεγραμμένον.
1371 2450 1451 2477 Ἀλλά
1461 2450 1541 2476 τοῦτο
1557 2450 1606 2485 μὲν
1618 2450 1664 2476 ἐπὶ
1677 2449 1818 2476 τοσοῦτον.

1030 2497 1098 2532 Περὶ
1120 2497 1148 2523 δὲ
1172 2494 1206 2532 ἦς
1230 2497 1369 2531 ἐσήμανας
1382 2496 1548 2528 ὑποθέσεως,
1568 2495 1653 2530 ἡγουν
1667 2495 1713 2522 τοῦ
1729 2497 1820 2522 ποιεῖν

1033 2543 1144 2578 μνήμην
1155 2542 1202 2569 τοῦ
1218 2542 1315 2575 δεῖνος,
1344 2542 1463 2577 ὀφείλεις
1477 2542 1507 2574 ἐξ
1523 2541 1620 2568 ἑαυτοῦ
1637 2541 1764 2576 συνορᾷν,
1775 2541 1820 2567 ὃτι

1031 2589 1056 2614 εί
1074 2589 1124 2623 μὲν
1140 2589 1169 2615 ὲν
1181 2588 1221 2623 τῷ
1231 2588 1339 2623 θανάτῳ
1355 2587 1546 2623 προκοινωνῶν
1560 2588 1588 2613 ὲν
1604 2588 1637 2622 τῇ
1655 2587 1760 2622 αἱρέσει
1772 2586 1818 2614 διὰ

189 2637 358 2664 municasset
383 2636 492 2669 htcresi,
516 2638 640 2665 substitit
653 2638 800 2670 conlitens,
814 2643 842 2664 ct
859 2637 933 2664 velut
960 2645 970 2664 ta

1030 2635 1112 2670 φόὸον
1125 2635 1295 2670 ἀνθρώπινόν
1306 2636 1364 2661 ἔστι
1381 2634 1561 2670 ἐξαγορεύων,
1575 2634 1621 2660 καὶ
1631 2633 1713 2660 οἱονεὶ
1726 2634 1818 2660 ἐπιτι-

225 2693 249 2711 “
261 2694 350 2722 Galat.
365 2703 403 2728 νι,
415 2695 441 2722 2.
480 2695 502 2712 ⁸⁷
516 2695 612 2724 Matth.
637 2704 696 2728 xix,
713 2696 740 2723 6.
779 2695 801 2712 ⁸⁸
818 2697 903 2731 Apoc.
923 2705 966 2724 xxt

1030 2697 1054 2723 l.
1093 2696 1116 2712 “’
1130 2695 1226 2724 Matth.
1264 2703 1342 2729 xviii,
1358 2695 1402 2722 20.
1442 2696 1464 2711 ⁸⁰
1477 2695 1550 2722 Psal.
1562 2702 1647 2728 vau,
1663 2695 1690 2722 9.

954 2775 1068 2804 NOTAE.

230 2854 287 2889 (9|)
303 2853 331 2882 lu
348 2855 409 2884 cod.
427 2856 492 2892 Reg.
512 2855 544 2884 α’.
