1927 3089
92 157 104 188 Ῑ
110 158 160 189 597

688 164 895 194 EPISTULAR
901 165 955 195 UM
974 165 1047 195 LIB.
1075 165 1116 196 Ιῐ.

1643 160 1709 196 1ἷ98

90 217 216 252 μώμενος
229 217 297 252 πρός
310 226 394 251 τινος,
411 216 462 245 εἶθ’
478 218 564 250 οὓτως
584 219 634 255 τῆς
654 221 795 256 ὁρθοδόξου
821 230 879 248 κοι-

935 222 1059 257 quopiam
1082 221 1242 257 castigatus,
1259 225 1341 256 atque
1366 221 1402 248 ita
1418 221 1577 249 orthodoxa;
1590 227 1715 246 commu-

87 264 197 296 γωνίας,
212 265 258 291 καὶ
282 264 368 301 ταύτῃ
385 266 543 301 συναπέπτη
554 274 561 282 ·
577 267 634 302 ἔχει
655 267 736 302 φύσιν
757 269 787 295 ἐν
807 277 875 304 μνη-

89 309 218 344 μοσύνοις
246 311 390 338 τάττεσθαι
418 313 584 347 ὀρθοδόξωνδ
608 313 655 340 τοῦ
677 312 780 347 ἀγαθοῦ
795 313 874 349 ἡμῶν

87 355 167 388 Θεοῦ,
181 356 226 383 διὰ
238 356 337 392 πολλὴν
353 357 571 393 φιλανθρωπίαν,
588 359 631 385 ἐπ’
646 358 731 393 αὐτῆς
754 358 805 393 τῆς
827 368 874 385 τε-

87 400 215 431 λευταίας
233 400 305 436 ὥρας
327 402 474 436 δεχομένου
495 403 541 430 τὸν
563 403 811 438 μεταμελούμενον,
827 404 875 430 καὶ

87 444 138 472 ὦδε
154 447 239 472 αὑτὸν
250 447 399 482 κρίνοντος.
415 448 497 475 Ὥστε
512 450 535 476 εἰ
550 449 635 481 οὕτως
650 449 769 484 ἐγένετο,
785 450 874 476 ποιεῖ-

88 491 152 517 σθαι
167 491 340 526 λειτουργίας
353 492 423 528 ὑπὲρ
439 493 522 520 αὐτοῦ
535 495 604 529 πρὸς
615 495 682 521 Θεὸν
695 495 726 520 οὐ
737 503 874 530 παραιτη-

87 537 159 562 τὲον.
177 537 208 562 Ei
224 536 252 562 δὲ
266 537 341 563 οὐδὲν
357 538 461 564 τούτων
472 538 595 573 γέγονεν,
612 539 679 566 ἀλλὰ
696 540 831 566 κοινωνῶν
840 537 875 575 ἦν

86 584 121 617 τῇ
140 583 256 618 αἱρέσει,
267 584 314 610 καὶ
331 584 382 610 οὐκ
406 584 508 618 ἔφθασε
527 586 672 620 μετασχεῖν
683 585 731 611 τοῦ
749 585 875 620 σώματος

88 629 137 654 καὶ
164 629 279 662 αἵματος
305 629 351 656 τοῦ
382 630 503 665 Κυρίου·
520 631 658 665 αίρετικὺς
683 631 765 667 γὰρό
792 632 875 667 ἄρτος

88 676 204 707 ἐκεῖνος,
225 676 271 701 καὶ
285 676 315 702 οὺ
332 676 410 711 σῶμα
424 676 541 711 Χριστοῦ
555 677 604 713 (Οὐ
623 677 773 712 τολμητέον
787 678 875 704 είπεῖν

88 719 202 752 σύναξιν
229 720 293 755 περὶ
322 720 404 746 αὑτοῦ
433 722 542 755 ποιεῖν)’
557 721 617 747 οὐδὲ
638 721 692 756 γὰρ
709 722 823 755 παίγνια
841 721 875 748 τὰ

88 764 160 790 θεῖα.
180 765 224 796 Ὠς
234 765 266 791 ἂν
279 765 317 799 μὴ
329 765 432 800 ἀκούσῃ
447 767 461 792 ὁ
477 766 559 792 αἰτῶν
574 766 638 800 περὶ
659 767 708 793 τοῦ
728 767 851 794 τοιούτου
867 774 874 782 ³

87 809 213 849 ζητεῖτε,
226 810 274 836 καὶ
291 812 326 838 οὺ
340 811 518 845 λαμϐάνετε,
533 811 607 838 διότι
621 812 719 845 κακῶς
733 812 875 841 αιτεῐσθε.

91 854 174 880 Ἀλλο
183 863 209 881 τι
219 855 309 889 λέγειν
320 856 370 882 οὐκ
376 855 441 891 ἔχω,
454 857 516 882 ὅσον
523 857 553 883 τὸ
565 858 626 884 κατ’
634 857 685 893 ἐμὲ
695 857 840 892 γινώσκειν
847 859 876 885 τὸ

88 900 201 935 ἀληθές.
216 901 345 936 Οὐδεμία
356 902 411 937 γὰρ
419 904 560 931 κοινωνία
573 905 646 937 φωτὶ
658 905 733 938 πρὸς
746 906 858 938 σκότος
868 913 878 921 θ
894 894 914 921 Β

88 946 151 973 οὕτε
169 949 197 973 ὲν
207 947 246 983 τῷ
263 947 342 982 μέρει
355 948 409 974 τῶν
421 948 568 983 ὀρθοδόξων
582 950 724 982 τετάξεται
738 951 752 977 ὁ
768 951 804 986 μὴ
819 959 878 977 κοι-

90 993 186 1020 νωνῶν
202 995 236 1029 τῇ
260 994 409 1030 ὀρθοδοξίᾳ,
426 994 479 1021 κᾶν
491 996 520 1021 ὲν
536 997 570 1031 τῇ
591 997 693 1033 ἐσχάτῃ
705 996 775 1033 ὥρᾳ.
791 998 878 1024 Ὅπου

90 1037 147 1073 γὰρ
162 1038 274 1074 εὑρεθῇ,
295 1040 353 1066 ἐκεῖ
372 1039 420 1066 καὶ
435 1039 597 1075 κριθήσεται
608 1049 616 1056 ’
634 1042 682 1068 καὶ
696 1038 753 1068 οἷον
773 1042 879 1076 ἐφόδιον

91 1085 190 1120 εἴληφε
207 1086 275 1120 πρὸς
290 1085 339 1120 τὴν
356 1086 465 1113 αἰώνιον
483 1086 567 1122 ζωὴν,
580 1086 669 1122 τούτῳ
698 1087 746 1114 καὶ
768 1097 880 1124 συναρι-

91 1130 276 1166 θμηοήσεται.
289 1132 427 1158 Τὸλοιπδν
438 1132 519 1168 εὖχου
534 1132 605 1168 ὑπὲρ
618 1132 696 1167 ἐμοῦ.
715 1133 882 1165 Ἀσπάζεταί

92 1186 122 1204 σε
138 1178 151 1203 ὁ
170 1177 264 1212 κύριος
278 1179 293 1204 ὁ
319 1178 536 1213 ἀρχιεπίσκοττος
549 1199 556 1211 ,
572 1179 619 1205 κα)⁹
641 1179 665 1205 οἱ
693 1179 803 1212 ἀδελφοί
823 1188 881 1208 σου.

91 1223 162 1254 Τοὺς
177 1223 245 1257 μετὰ
259 1224 305 1250 σοῦ
317 1224 448 1258 ἀδελφοὺς
458 1224 495 1254 ὡς
508 1223 591 1250 τέκνα
604 1233 654 1260 μου
667 1225 863 1260 προσαγορεύω
873 1233 880 1241 '

92 1269 155 1295 ἐπεὶ
181 1269 229 1295 καὶ
250 1269 300 1305 τὴν
330 1270 428 1305 κυρίαν
450 1269 554 1297 Θέκλαν
566 1270 603 1302 ὡς
623 1269 763 1306 θυγατέρα
776 1271 805 1297 ὲν
815 1270 884 1306 Χρι-

92 1323 160 1342 στω.

93 1373 168 1407 Ριιιισ
189 1374 303 1410 (92).——
318 1374 442 1408 Ἀϐολίῳ
468 1375 520 1401 καὶ
539 1374 664 1409 Ἰωάννῃ
687 1374 878 1410 μονάζουσιν.

926 267 1016 294 nionis
1029 267 1164 302 particeps
1179 266 1267 294 factus
1283 271 1335 298 est,
1347 267 1373 293 in
1382 275 1466 302 eaque
1478 266 1637 298 defunctus,
1651 274 1717 292 con-

925 318 1085 341 sentaneum
1102 318 1181 341 estut
1205 313 1232 340 in
1253 311 1467 340 ortbodoxorum
1477 312 1717 340 commemoratio-

926 359 1007 386 nibus
1019 359 1109 386 locum
1126 359 1233 390 habeat,
1246 359 1318 386 bono
1342 358 1396 386 Deo
1409 363 1504 385 nostro
1517 366 1565 393 per
1579 365 1715 385 summam

926 404 1098 432 clementiam
1117 405 1143 432 in
1161 405 1257 432 ultima
1277 405 1321 431 illa
1341 404 1407 430 liora
1425 404 1602 438 pmnitentem
1629 403 1716 430 susci-

926 451 1028 485 piente,
1059 450 1151 485 ibique
1167 458 1230 478 eum
1246 450 1396 485 indicante.
1411 449 1502 482 Quare
1527 449 1550 476 si
1570 449 1607 476 ita
1621 457 1649 476 se
1670 456 1714 476 res

926 496 1031 528 habuit,
1057 503 1110 524 non
1148 497 1330 523 recusandum
1360 500 1402 523 est
1428 495 1574 529 quominus
1601 495 1717 530 publica!

926 549 1020 576 preces
1040 550 1089 577 pro
1108 542 1154 569 illo
1169 543 1234 569 tiant
1258 542 1291 569 ad
1322 541 1418 569 Deum.
1437 540 1485 568 Sin
1505 546 1596 568 autem
1617 541 1715 567 horum

926 587 994 614 nihil
1020 587 1122 614 factum
1141 592 1193 618 est,
1220 587 1267 614 sed
1293 587 1339 621 qui
1363 587 1459 613 haeresi
1484 584 1716 615 communicabat,

927 640 980 659 non
993 638 1055 660 ante
1063 632 1197 666 particeps
1211 631 1261 658 fuit
1277 632 1399 666 corporis
1417 635 1444 658 et
1457 630 1597 665 sanguinis
1610 624 1716 655 Domini

928 678 1091 714 (haereticus
1102 678 1175 705 enim
1191 677 1268 712 panis
1284 677 1329 704 ille
1346 681 1372 704 et
1387 685 1440 704 non
1459 684 1558 711 corpus
1575 675 1676 702 Christi
1696 675 1716 709 ).

928 732 982 752 non
998 725 1155 752 audendum
1171 728 1213 751 est
1224 724 1326 754 dicere.
1342 728 1371 750 ut
1390 731 1440 758 pro
1453 723 1500 749 illo
1522 722 1633 757 synaxis
1660 721 1715 748 fiat.

927 769 1020 805 Neque
1032 770 1105 797 enim
1122 769 1227 797 ludicra
1258 773 1321 796 sunt
1338 768 1441 800 divina,
1457 773 1486 795 ut
1498 775 1551 794 non
1565 767 1657 794 audiat
1671 767 1717 801 qui

928 825 978 852 pro
989 816 1035 844 illo
1050 816 1135 850 petit:
1152 815 1259 846 Petilia.
1275 820 1298 841 et
1312 823 1363 841 non
1378 814 1511 848 accipitis,
1525 821 1554 840 eo
1569 813 1639 848 quod
1649 813 1718 838 male

928 863 1025 898 petatis
1038 863 1072 890 δι.
1087 861 1168 889 Aliud
1179 862 1253 896 quod
1265 861 1355 889 dicam
1370 868 1424 888 non
1437 861 1534 892 habeo,
1550 859 1639 894 quoad
1653 867 1718 893 pos—

930 909 982 937 sim
996 910 1022 936 id
1041 909 1114 943 quod
1127 916 1222 936 verum
1246 913 1287 935 est
1305 914 1479 942 cognoscere.
1497 905 1583 932 Nulla
1597 906 1664 932 enim
1680 910 1717 932 est

929 955 1042 982 societas
1054 954 1108 981 luci
1118 954 1153 981 ad
1169 953 1287 980 tenebras
1299 953 1340 986 ";
1355 960 1444 987 neque
1459 953 1487 979 in
1499 952 1717 979 ortliodoxorum

929 1006 1009 1035 parte
1034 1000 1223 1030 collocabitur.
1241 999 1287 1034 qui
1301 998 1471 1026 orthodoxiaa
1494 997 1534 1024 vel
1566 997 1594 1024 in
1623 996 1718 1023 ultima

931 1045 999 1073 liora
1015 1053 1068 1072 non
1087 1046 1284 1073 communicat.
1305 1044 1358 1072 Ubi
1375 1045 1448 1072 enim
1469 1043 1552 1071 fuerit
1566 1042 1719 1078 deprehen-

933 1100 993 1123 sus.
1009 1092 1045 1119 ibi
1070 1092 1258 1127 iudicabitur;
1277 1097 1303 1118 et
1319 1091 1400 1126 quale
1416 1090 1547 1118 viaticum
1571 1087 1720 1123 sumpserit

932 1138 965 1165 ad
986 1139 1070 1165 vitam
1089 1143 1231 1170 aeternam,
1257 1146 1291 1165 ex
1317 1145 1350 1165 eo
1374 1136 1621 1164 connumerabitur
1649 1134 1716 1168 (95).

931 1183 1008 1216 Quod
1025 1183 1160 1217 reliquum
1182 1187 1234 1215 est,
1255 1190 1305 1210 ora
1321 1190 1370 1217 pro
1383 1189 1436 1210 me.
1462 1181 1568 1208 Salutat
1587 1185 1612 1207 te
1631 1179 1720 1206 domi-

932 1237 984 1256 nus
1015 1229 1250 1264 archiepiscopus,
1277 1233 1305 1255 et
1327 1227 1426 1256 fratres
1451 1227 1501 1254 tui.
1520 1226 1630 1253 Fratres
1662 1224 1710 1259 qui

932 1278 1021 1300 tecum
1041 1278 1114 1306 sunt,
1135 1278 1165 1301 ut
1187 1274 1256 1301 (illos
1283 1273 1372 1301 saluto
1405 1282 1412 1300 :
1435 1277 1492 1300 tllm
1521 1276 1550 1299 et
1580 1271 1719 1298 dominam

932 1319 1061 1347 Thcclam
1076 1324 1106 1346 ut
1117 1320 1199 1346 tiliam
1212 1320 1239 1346 in
1257 1319 1377 1347 Christo.

1028 1377 1165 1405 CXCVIII.
1174 1392 1210 1398 —
1224 1377 1318 1405 Abolio
1331 1382 1356 1405 et
1367 1376 1468 1404 Joanni
1480 1375 1626 1403 monachis.

159 1461 163 1463 ι
797 1430 833 1455 De
847 1433 931 1456 sancta
946 1433 1064 1464 imagine.

129 1482 324 1519 Προσηγορίαν
337 1482 415 1518 ὑμῶν
427 1481 482 1508 τῶν
499 1482 586 1516 ἁγίων
605 1481 790 1517 κομισάμενος
805 1481 881 1517 παρὰ

968 1484 1037 1511 Cum
1060 1484 1233 1512 salutationis
1253 1483 1375 1511 ofﬁcium
1399 1486 1491 1511 vestro
1518 1481 1639 1514 nomine,
1666 1481 1717 1509 viri

98 1530 213 1557 Ἡσαΐου
224 1529 271 1555 τοῦ
285 1527 494 1561 θεοφιλεστάτου
508 1527 658 1553 ἐπισκόπου
675 1527 723 1553 καὶ
735 1535 884 1562 πνευματι-

93 1575 145 1603 κοῦ
178 1574 295 1609 Πατρδς.
311 1574 341 1600 οὺ
358 1573 438 1608 μόνον
458 1572 632 1608 ὲξεδιδάχθην
655 1573 698 1604 τίς
719 1572 736 1607 ἡ
757 1571 820 1599 ὁσία
834 1572 884 1598 καὶ

95 1621 220 1656 πατρική
245 1619 322 1654 ὑμῶν
351 1619 436 1650 δυάς’
463 1618 531 1645 ἀλλὰ
555 1618 610 1652 γὰρ
637 1617 684 1644 καὶ
707 1617 884 1652 προετράπην

94 1668 216 1703 χαράξαι
245 1667 310 1701 ὑμῖν
334 1665 413 1700 τήνδε
425 1664 475 1699 τὴν
488 1663 599 1700 οἰκτρὰν
617 1663 765 1697 συλλαὸήν.
789 1662 885 1697 Ἡμεῖς

94 1717 124 1741 δὲ
139 1713 263 1740 ταπεινοὶ
275 1713 324 1747 μὲν
335 1712 382 1738 καὶ
395 1710 563 1746 ἁμαρτωλοὶ,
576 1710 651 1745 ὅμως
664 1709 803 1744 φιλοῦντες
813 1709 886 1743 ὑμᾶς

96 1760 201 1794 ἀνάψαι
217 1759 256 1789 εἰς
273 1758 399 1791 ἀγάπην,
414 1755 447 1792 ἦς
464 1756 540 1782 οὐδὲν
554 1755 761 1790 προτιμότερον.
780 1754 886 1784 ’Ἄλλως

95 1814 126 1832 τε
142 1805 191 1832 καὶ
203 1803 326 1838 ὑπακοὴν
344 1802 522 1838 πληροῦντες,
536 1800 713 1835 ἐπεδώκαμεν
725 1801 837 1832 ἑαυτοὺς
848 1799 887 1835 τῷ

97 1852 257 1887 γράμματι.
273 1851 328 1876 Καὶ
349 1850 381 1885 δὴ
401 1847 619 1884 εὐχαριστοῦμεν
643 1846 683 1882 τῷ
698 1846 768 1882 Θεῷ,
785 1847 825 1873 ὅτι
838 1847 888 1872 καὶ

99 1899 182 1932 ὑμεῖς
204 1898 234 1923 ὲν
252 1896 292 1930 τῷ
307 1895 413 1930 σεισμῷ
435 1895 484 1929 τῆς
505 1893 727 1928 Εἰκονομαχικῆς
753 1893 888 1928 αἱρέσεως

98 1944 222 1970 ἇσειστοι
250 1941 412 1976 διεμείνατε,
429 1940 500 1974 ἅγιοι
523 1940 655 1974 Πατέρες,
681 1938 717 1973 μὴ
733 1938 843 1969 ἁλόντες
855 1939 888 1973 τῇ

98 1990 163 2017 κατ’
173 1989 259 2024 αὐτὴν
266 1987 431 2022 ψυχοφοόρῳ
439 1986 577 2021 κοινωνίᾳ·
587 1985 655 2012 ἀλλὰ
663 1986 696 2020 τῇ
706 1983 833 2019 φυγῇξτδν
842 1983 889 2010 τοῦ

98 2035 225 2070 διωγμοῦ
238 2034 471 2070 τρισμακάριστον
485 2032 560 2068 [c0d.
580 2032 647 2067 Reg.
658 2030 889 2067 θεομακάριστον]

100 2084 236 2116 στέφανον
253 2080 442 2116 κομισάμενοι,
459 2078 533 2111 ἄξιον
551 2078 635 2110 ὖντως
649 2079 698 2111 τῆς
713 2077 815 2113 ἀρετῆς
825 2098 832 2110 ,
843 2077 891 2103 καὶ⁴

100 2130 255 2165 κατάδηλον
288 2128 343 2155 τῶν
375 2126 615 2163 προδιηνυσμένων
641 2126 707 2160 ὑμῖν
731 2125 889 2160 ὰσκητικῶν

100 2177 228 2210 ἀγώνων.
255 2174 327 2200 Διότι
353 2174 385 2200 ἐκ
406 2173 460 2199 τῶν
485 2172 535 2207 ἥδη
561 2172 723 2206 φθασάντων
753 2170 890 2203 ἀπόδειξιν

101 2223 217 2258 ἐκφέρει
227 2222 282 2252 πᾶς
293 2229 334 2252 τις
343 2221 391 2246 τοῦ
407 2219 540 2254 προτέρου
554 2218 623 2253 βίου,
637 2216 667 2244 εὖ
682 2226 712 2244 τε
725 2218 772 2244 καὶ
785 2217 822 2249 ὡς
832 2218 890 2243 ἑτέ-

103 2278 161 2305 ρως
177 2268 244 2301 ἔχει.
263 2267 295 2293 0i
310 2266 358 2300 τὴν
376 2266 504 2300 ὁσιότητα
519 2264 705 2300 ἀμπεχόμενοι
728 2262 890 2290 ὲνεδύσασῦε

103 2315 155 2342 καὶ
170 2315 221 2349 τὴν
235 2313 382 2349 ὁμολογίαν
393 2311 526 2348 Χριστοῦ,
541 2310 725 2346 ἀμφικαλλεϊς
735 2310 889 2345 γενόμενοι.

109 2358 261 2396 Ὁμολογία
276 2359 331 2394 γὰρ
345 2357 474 2393 Χριστοῦ,
491 2356 624 2392 Πατέρες,
638 2356 655 2390 ἡ
669 2355 720 2390 τῆς
743 2355 824 2389 ἁγίας
840 2356 890 2382 αὐ-

102 2407 153 2435 τοῦ
177 2407 281 2438 εἰκόνος
310 2405 502 2440 ὑπερμάχησις
515 2411 522 2418 ⁸
539 2403 577 2434 ὡς
592 2402 639 2429 καὶ
653 2401 771 2437 ἔμπαλιν
787 2401 892 2428 ἀθετῶν

105 2456 165 2481 ἐστι
181 2453 298 2489 Χριστὸν
314 2453 327 2478 ὁ
344 2451 446 2486 ταύτην
460 2450 657 2485 ἐξαρνούμενος
670 2456 678 2464 ⁴
695 2448 773 2479 διότι,
789 2448 892 2484 φησὶνό

107 2501 198 2536 μέγας
214 2500 363 2530 Βασίλειος,
380 2500 397 2533 ἡ
414 2498 464 2529 τῆς
481 2497 584 2527 εἰκόνος
600 2495 667 2531 τιμὴ
681 2497 727 2522 ἐπὶ
744 2495 774 2522 τὸ
787 2495 894 2531 πρωτό-

106 2555 193 2572 τυπον
205 2545 339 2572 διαϐαίνει
351 2543 425 2580 [cod.
441 2544 508 2578 Reg.
524 2541 687 2577 ἀναὸαἱνει]·
699 2542 746 2568 καὶ
759 2543 788 2568 ἐν
799 2541 895 2568 ἐκατέ-

110 2603 148 2628 ρῳ
155 2592 287 2627 ἑκάτερον
295 2592 342 2618 καὶ
355 2589 493 2625 ὁρώμενόν
504 2589 561 2614 ἐστι
579 2589 628 2614 καὶ
638 2587 877 2623 προσκυνούμενον
886 2596 893 2603 ·

108 2639 162 2667 κᾶν
178 2639 255 2665 Λέων
270 2639 285 2664 ὁ
302 2634 542 2672 θηριώνυμος,καὶ
555 2633 603 2660 τοῦ
621 2634 729 2661 Σατανᾶ
745 2633 896 2669 ὑπηρέτης,

144 2717 168 2734 ιι
179 2715 240 2743 Jac.
255 2723 293 2748 IV,
310 2714 337 2741 5.
376 2714 399 2730 ¹¹
419 2713 440 2741 ll
450 2713 514 2742 Cor.
527 2721 566 2746 vt,
583 2713 628 2741 Μ.

934 1529 1033 1560 sancti,
1051 1529 1144 1563 accepi
1157 1530 1192 1557 ab
1218 1527 1286 1556 lsaia
1303 1529 1433 1564 episcopo
1451 1527 1499 1554 Dei
1519 1527 1721 1560 amantissimo,

935 1582 966 1602 ac
978 1575 1115 1609 spirituali
1136 1579 1221 1609 patre,
1244 1582 1297 1602 non
1312 1575 1394 1601 modo
1409 1572 1538 1604 intellexi,
1554 1579 1636 1607 quam
1658 1581 1723 1599 san-

935 1625 1008 1648 ctum
1021 1629 1069 1656 par
1079 1621 1189 1648 Patrum
1199 1621 1259 1648 sitis
1275 1629 1321 1648 vos
1331 1620 1401 1654 duo;
1417 1620 1464 1647 sed
1473 1624 1498 1647 et
1511 1618 1646 1653 impulsus
1661 1625 1721 1645 sam

935 1668 970 1695 ad
995 1668 1066 1695 hanc
1090 1667 1274 1694 miserabilem
1300 1667 1443 1701 epistolam
1475 1665 1650 1693 exorandam.
1667 1663 1722 1691 Nos

936 1722 1010 1747 vero,
1026 1714 1145 1741 humiles
1168 1714 1232 1740 licet
1244 1720 1276 1740 ac
1290 1717 1457 1747 peccatores.
1475 1719 1523 1738 vos
1539 1715 1629 1738 tamen
1642 1714 1722 1744 opta-

936 1768 998 1788 mus
1012 1760 1045 1787 ad
1075 1760 1236 1786 charitatem
1255 1758 1411 1790 incendere,
1427 1764 1481 1792 qua
1496 1756 1563 1783 nihil
1578 1755 1723 1790 praestabi-

938 1806 990 1834 lius
1004 1811 1056 1833 est.
1067 1805 1175 1840 Alioqui
1198 1811 1223 1832 et
1240 1812 1343 1831 morem
1355 1803 1433 1830 vobis
1448 1807 1582 1838 gerentes,
1601 1802 1723 1828 animum

938 1852 971 1879 ad
983 1851 1157 1878 scribendum
1177 1850 1339 1884 adjecimus.
1353 1848 1386 1875 Et
1399 1856 1464 1875 sane
1482 1847 1582 1883 gratias
1595 1846 1649 1873 Deo
1664 1846 1724 1880 agi-

939 1906 1011 1930 mus,
1032 1898 1105 1932 quod
1122 1901 1149 1925 et.
1181 1905 1228 1924 vos
1245 1897 1271 1923 in
1292 1895 1410 1931 procella
1429 1896 1564 1922 haereseos
1580 1893 1723 1920 lconoma-

940 1945 1008 1972 chiae
1020 1944 1179 1979 perstitistis
1192 1943 1310 1974 immoti,
1326 1941 1423 1969 Patres
1439 1941 1537 1973 sancti,
1554 1940 1668 1966 minime
1685 1939 1725 1966 ir-

939 1992 1013 2019 retiti
1048 1990 1173 2026 pestifera
1206 1990 1278 2017 illitis
1304 1989 1498 2016 communione
1515 1997 1522 2014 :
1539 1987 1585 2015 sed
1616 1989 1725 2020 arrepta

941 2037 1004 2072 fuga
1019 2041 1058 2063 ter
1069 2035 1175 2063 felicem
1190 2035 1389 2070 persecutionis
1400 2041 1528 2061 coronam
1547 2033 1635 2067 adepti
1647 2032 1724 2063 estis,

942 2091 1005 2110 vere
1029 2082 1140 2108 virtutis
1167 2081 1320 2116 przemium,
1336 2088 1368 2107 ac
1378 2078 1559 2106 certaminum
1573 2085 1634 2112 quae
1649 2077 1727 2111 prius

942 2129 968 2156 in
981 2129 1034 2155 vita
1044 2128 1195 2155 monastica
1207 2126 1386 2157 sustinuistis,
1404 2125 1510 2152 illustre
1520 2124 1724 2151 documentum.

944 2173 1035 2208 Quare
1049 2181 1082 2201 ex
1098 2174 1131 2201 iis
1144 2181 1205 2208 qua:
1217 2173 1273 2207 jam
1289 2172 1438 2206 contigere.
1456 2170 1592 2205 specimen
1612 2169 1727 2204 quilibet

944 2219 1043 2254 prioris
1061 2219 1122 2245 vita:
1134 2218 1253 2252 colligat,
1271 2218 1335 2244 dum
1357 2221 1383 2243 et
1400 2216 1502 2250 dispari
1517 2215 1599 2242 modo
1609 2223 1638 2241 se
1647 2214 1726 2249 gerit.

945 2264 1132 2292 Sanctimonia
1142 2263 1205 2291 vita)
1220 2264 1319 2295 ornati,
1336 2262 1438 2290 Christi
1456 2270 1566 2297 quoque
1578 2261 1728 2288 confessio-

944 2319 1006 2339 nem
1024 2311 1161 2343 induistis,
1183 2317 1298 2345 utraque
1315 2310 1371 2344 jam
1390 2310 1468 2336 laude
1484 2308 1635 2343 conspicui.
1655 2308 1728 2333 Con-

945 2358 1027 2385 fessio
1040 2357 1111 2384 enim
1125 2357 1226 2384 Christi
1247 2361 1298 2390 est,
1315 2356 1419 2388 Patres,
1441 2360 1542 2382 Sancta:
1560 2354 1646 2388 ipsius
1660 2354 1730 2379 imo-

946 2403 1016 2438 ginis
1031 2403 1213 2438 propugnatio
1231 2411 1237 2428 τ
1258 2405 1326 2429 utet
1340 2401 1398 2428 vice
1416 2409 1493 2428 versa
1519 2400 1658 2427 Christum
1682 2399 1731 2425 de-

947 2449 1037 2484 spicit,
1046 2449 1173 2483 quisquis
1184 2449 1255 2475 hanc
1272 2452 1351 2483 negat
1370 2457 1376 2474 :
1392 2446 1552 2479 «Quoniam.
1570 2445 1659 2479 inquit
1671 2453 1730 2472 ma-

946 2502 1016 2530 gnus
1031 2494 1158 2525 Basilius,
1174 2493 1301 2528 imaginis
1320 2494 1407 2520 honor
1436 2492 1535 2519 transit
1560 2491 1592 2517 ad
1609 2495 1728 2525 prototy-

946 2550 1010 2577 pum
1029 2550 1037 2569 :
1053 2546 1079 2568 et
1099 2541 1214 2567 alterum
1235 2541 1262 2566 in
1277 2540 1365 2567 altero
1379 2539 1503 2566 Cernitur
1515 2543 1541 2565 et
1557 2538 1703 2568 aduratur;
1719 2546 1728 2561 ι

947 2587 1148 2623 quantumlibet
1179 2586 1242 2615 Leo.
1271 2586 1315 2613 cui
1337 2593 1488 2620 congruum
1507 2593 1520 2611 a
1548 2584 1603 2611 fern
1632 2590 1733 2616 cogno-

950 2642 1023 2667 men,
1040 2633 1148 2661 Satanae
1162 2632 1337 2664 administer,
1355 2630 1541 2663 Constantini,
1556 2630 1603 2665 qui
1629 2629 1732 2664 pridem

855 2756 971 2785 ΝΟΤίΕ.

160 2810 206 2838 9‘2)
219 2808 248 2835 In
264 2808 326 2836 cod.
343 2807 409 2842 Reg.
424 2810 486 2842 ptp’.

221 2844 257 2870 De
273 2844 323 2870 hac
339 2836 483 2878 sapientia,
495 2850 565 2878 quae
581 2846 711 2878 tanquam
729 2848 761 2868 ex
778 2840 920 2874 Scriptura
942 2839 1040 2867 cilatut‘
1052 2847 1066 2866 ιι
1079 2838 1218 2870 l’atribus,
1233 2838 1332 2866 viuiesis
1364 2846 1424 2872 qu.c
1452 2837 1555 2864 notavit
1578 2836 1734 2865 Cotclcrius

148 2812 206 2844 (9‘2)
221 2812 248 2835 In
264 2812 326 2836 cod.
344 2812 409 2842 Heg.
424 2812 486 2842 ριμν.

150 2844 212 2907 (92’?!
221 2844 257 2870 De
273 2844 323 2870 hac
336 2843 483 2893 sententia,
495 2850 565 2892 quae
581 2846 636 2890 tant

151 2882 171 2907 Ι.
215 2887 305 2907 onuttt.
321 2878 394 2906 Ειτί.
414 2877 524 2907 Gmca'.
538 2886 596 2907 pag.
613 2878 636 2904 8.

117 2887 133 2908 ι.
151 2877 171 2913 Ι,
188 2877 305 2907 Monum.
321 2878 394 2906 Eccl.
414 2877 524 2912 σταται,
538 2886 596 2913 pag.
613 2877 674 2904 82f.
