1927 3089
189 131 260 165 1599

783 130 816 161 S.
837 128 1035 161 THEODOPJ
1055 127 1230 160 STUDITIE

1758 126 1832 159 16οἿ

187 187 304 219 exstitit,
333 186 483 221 impietatis
510 185 684 214 aemulatione
705 185 833 214 ferociter
845 187 979 214 adversus

1045 186 1105 222 ’ήλῳ
1118 185 1167 220 τῆς
1181 185 1228 212 τοῦ
1240 184 1324 212 πάλαι
1335 183 1546 211 Κωνσταντίνου
1556 184 1719 217 δυσσεϐείας
1730 186 1831 220 pavet;

186 233 329 262 Christum
345 232 476 264 insaniat.
492 232 625 260 adversus
639 231 784 267 Deiparam
796 253 804 265 ,
819 238 983 260 sanctumve

185 280 353 316 quemlibet:
381 279 462 313 cujus
488 279 619 307 memoria
646 279 728 313 periit
758 287 821 306 cum
854 280 944 307 sonitu
959 280 983 296 "

187 326 370 354 anathematis
388 326 560 360 sempiterni.
594 325 649 354 Vos
665 334 728 354 vero
765 327 871 354 utinam
894 335 985 355 serve-

187 373 267 406 mini,
284 373 413 400 Ecclesiae
436 372 483 400 Dei
500 373 634 401 columna:
650 381 683 401 ac
699 375 887 405 ﬁrmamenta.
901 375 983 402 nobis

189 425 284 447 autem
304 419 465 453 humilibus,
482 420 556 455 apud
577 420 710 454 optimum
723 420 808 447 Deum
823 411 990 448 defensores-

189 473 222 493 ac
247 465 357 501 patroni
375 474 382 492 :
414 470 444 492 ut
467 465 546 492 [idem
572 466 704 493 habentes
719 474 781 500 (μου
798 473 845 501 per
863 466 984 494 charita-

189 515 244 538 tem
259 515 390 546 operatur
403 511 436 543 σι,
450 519 466 539 a
486 511 607 546 maligno
631 519 784 539 servemur.
807 511 985 547 Quandoqui-

189 556 250 584 dem
261 564 327 584 vero
340 557 445 584 litteras
456 557 490 584 ad
502 564 550 584 vos
562 557 699 590 misimus.
711 558 853 586 charitatis
865 557 983 586 oilicium

190 602 353 636 explentes:
367 602 490 630 vicissim
506 608 532 630 et
543 611 558 630 a
574 603 651 630 vobis
667 604 768 638 scripta
784 604 914 631 reddatur
928 604 986 639 epi-

190 648 277 680 stola;
297 653 326 675 ut
340 649 426 683 magis
442 648 559 676 invicem
569 656 763 684 agnoscamus,
781 654 807 677 et
818 655 913 677 mutuo
929 649 986 677 vel-

193 693 233 720 uti
259 693 436 727 perfruamur
451 698 576 729 aspectu.
594 695 764 721 commercio
777 693 944 727 litterarum,
957 695 986 722 in

190 738 302 766 Christo
325 738 388 766 Jesu
419 739 534 766 Domino
546 744 658 766 nostro:
675 738 756 774 cujus
786 740 877 774 imago
894 740 986 767 incor-

195 785 387 819 rupta,mundi
400 787 486 818 salus,
500 785 638 812 idolorum
651 786 738 812 errori
759 786 896 820 opposita.

283 884 400 913 CXCIX.
415 901 448 906 —
466 885 591 914 Michaeli
606 891 631 914 et
651 886 793 921 Theophila
810 887 892 922 impp.

997 867 1020 896 Β

1034 232 1123 267 ἐμάνη
1137 232 1207 258 κατὰ
1223 230 1355 266 Χριστοῦ,
1371 230 1422 266 τῆς
1442 239 1472 257 τε
1484 230 1566 265 ἁγίας
1581 231 1696 266 Μητρδς
1717 231 1804 258 αὐτοῦ
1819 251 1829 264 ,

1034 278 1081 304 καὶ
1106 277 1208 309 παντὸς
1233 277 1313 311 ἁγίου
1328 285 1335 291 ·
1352 272 1382 303 οὗ
1395 277 1425 303 τὸ
1452 277 1625 312 μνημόσυνον
1651 277 1741 304 ὄλοιτο
1762 279 1825 313 μετ’

1034 323 1118 359 ἤχους
1140 322 1311 358 ἀναθέματος
1338 321 1461 349 αἰωνίου.
1484 322 1579 358 Ὑμεῖς
1596 322 1627 349 δὲ
1644 322 1831 358 φυλαχθείητε

1035 370 1068 404 τῇ
1084 368 1132 395 τοῦ
1144 367 1213 395 Θεοῦ
1234 367 1384 403 Ἐκκλησία
1396 368 1488 395 στύλοι
1504 368 1551 396 καὶ
1562 367 1752 404 ἐδραιὼματα,
1761 369 1831 404 ἡμῖν

1035 423 1065 442 τε
1089 416 1145 447 τοῖς
1156 416 1295 446 ταπεινοῖς
1323 414 1392 450 πρὸς
1411 414 1478 442 Θεὸν
1500 416 1546 441 τὸν
1567 414 1670 449 ἀγαθὸν
1688 423 1832 450 προασπι-

1037 461 1099 488 σταί
1112 470 1141 488 τε
1158 461 1205 494 καὶ
1221 461 1430 496 παρακλήτορες
1441 469 1449 477 '
1464 461 1502 493 ὡς
1518 461 1552 489 ἃν
1571 461 1622 498 τὴν
1636 462 1730 488 πίστιν
1752 462 1832 496 ὲνερ-

1036 507 1173 543 γουμένην
1194 508 1228 534 δι’
1238 508 1349 543 ἀγάπης
1376 507 1502 542 ἔχοντες,
1518 507 1675 543 σωθείημεν
1698 507 1753 534 ἀπὸ
1779 506 1831 534 τοῦ

1036 553 1166 589 πονηροῦ.
1198 553 1309 588 Ἐπειδὴ
1327 552 1356 579 δὲ
1385 553 1583 588 ἐπεστείλαμεν
1612 554 1644 580 τὸ
1673 553 1723 588 τῆς
1753 553 1830 588 ἁγά-

1036 607 1092 634 πης
1104 598 1186 634 ἔργον
1203 599 1373 635 πληροῦντες
1382 607 1389 614 ·
1403 599 1452 626 καὶ
1465 597 1673 634 ἀντιδεξοίμεθα
1689 598 1768 633 λόγον
1781 599 1831 633 εγ-

1036 644 1205 680 γράμματον
1215 653 1222 660 '
1238 646 1282 672 ἵνα
1302 645 1402 681 μᾶλλον
1416 645 1464 673 καὶ
1480 645 1662 681 γνωρίσωμεν
1677 645 1813 681 ἀλλήλους
1823 665 1831 677 .

1037 692 1084 718 καὶ
1095 691 1132 724 ὡς
1142 691 1262 726 ὁρῶντες
1275 691 1409 727 ὁρώμενοι
1420 693 1454 728 τῇ
1467 693 1651 728 γραμματικῇ
1664 691 1833 727 προσφωνήα

1037 746 1079 765 σει
1092 737 1285 772 διαμενοῦμεν,
1296 739 1326 765 ἐν
1338 737 1451 774 Χριστῷ
1472 737 1561 774 Ἰησοῦ
1578 737 1617 773 τῷ
1632 738 1727 773 Κυρίῳ
1739 737 1832 774 ἡμῶν·

1037 779 1068 809 οὗ
1081 783 1098 818 ή
1115 781 1251 818 ἄχραντος
1271 783 1355 810 εἰκὼν
1378 783 1502 818 σωτηρία
1521 783 1635 818 κόσμου,
1659 784 1710 819 τῆς
1728 782 1834 810 είδωλι-

1038 830 1092 865 κῆς
1105 830 1210 866 πλάνης
1222 830 1373 862 ἀντίθετος.

1033 887 1103 922 DLH
1123 887 1205 923 (95').
1219 902 1255 908 —
1266 887 1390 922 Μιχαὴλ
1406 888 1456 915 καὶ
1471 888 1608 923 Θεοφίλῳ
1628 886 1831 920 βασιλεῦσιν.

1386 933 1482 970 [ψιιεό]

532 991 569 1016 De
581 991 630 1015 ﬁde
643 991 790 1020 Orthodoxa,
807 992 833 1014 et
843 990 875 1015 de
886 989 981 1015 sanctis
990 991 1150 1022 tmaginibus.
1164 991 1265 1022 (Baron.
1281 997 1321 1016 an.
1334 991 1389 1020 823,
1405 998 1429 1016 η.
1441 991 1472 1016 14
1485 992 1494 1023 )

231 1043 343 1079 Regibus
359 1044 486 1078 piissimis
497 1049 520 1071 ct
539 1045 747 1080 religiosissimis
759 1054 775 1072 a
796 1045 850 1072 Deo
861 1045 987 1081 Augustis

193 1094 218 1116 et
237 1090 452 1124 imperatoribus.
482 1090 604 1126 apulogia
628 1096 653 1118 et
676 1091 802 1118 allocutio
825 1099 917 1119 eorum
942 1091 989 1126 qui

194 1137 237 1164 hic
255 1143 332 1172 utque
346 1137 402 1163 illic
419 1137 535 1172 dispersi
555 1142 628 1164 sunt.

230 1225 408 1260 Perspectum
436 1230 478 1253 est
509 1226 542 1254 iis
568 1225 615 1261 qui
645 1226 752 1254 ratione
776 1227 884 1262 praediti
911 1232 989 1260 sunt,

198 1271 285 1298 Deum
312 1279 404 1306 regem
435 1272 641 1304 universorum,
672 1273 773 1300 terreni
801 1273 907 1308 imperii
931 1281 990 1301 rem

198 1325 356 1352 nomenque
383 1323 526 1354 propterea
546 1324 653 1347 natum
663 1319 791 1347 humana:
805 1321 990 1355 concessisse,

199 1367 230 1389 ut
249 1367 331 1395 terra,
353 1363 507 1392 imitatione
517 1365 591 1396 cteli,
610 1372 706 1400 pacem
724 1369 807 1400 atque
832 1366 991 1401 tranquilli-

199 1413 283 1436 tatem
309 1409 447 1442 obtinens,
474 1411 553 1445 parili
582 1419 645 1438 eum
675 1411 756 1439 laude
781 1418 809 1438 et
832 1412 993 1440 adoratione

201 1463 394 1492 prosequatur.
409 1457 494 1493 Cujus
518 1467 592 1487 nunc
611 1459 732 1487 habenas
749 1459 844 1487 divino
863 1460 992 1487 sortitum

202 1505 333 1541 stillragio
347 1509 470 1533 vestrum
491 1505 591 1535 Christi
607 1507 736 1534 aemulum
762 1506 918 1542 imperium,
933 1507 994 1542 jure

203 1559 254 1578 nos
270 1551 398 1578 minimos
414 1552 569 1585 advocavit,
585 1556 616 1580 ut
632 1560 694 1581 cum
710 1553 743 1580 iis
759 1560 914 1580 sermonem
929 1560 995 1580 con-

202 1596 338 1630 feramus,
356 1598 403 1632 qui
422 1599 495 1626 circa
508 1599 571 1627 ﬁdei
584 1599 739 1626 doctrinam
755 1606 769 1625 a
787 1599 867 1627 nobis
884 1599 994 1627 dissen-

203 1641 275 1668 tiunt
291 1649 298 1668 :
320 1646 350 1668 ut
363 1641 428 1670 hinc
441 1643 570 1670 nimirum
589 1643 765 1678 cognoscatis
785 1647 845 1670 utra
866 1650 931 1678 pars
947 1651 995 1671 ve-

204 1694 266 1713 rum
287 1686 419 1720 proferat,
447 1692 474 1714 et
500 1688 565 1715 huic
590 1688 708 1723 palmam
737 1688 874 1720 tribuatis,
893 1693 924 1716 ut
941 1697 995 1717 non

203 1733 257 1759 sint
275 1733 346 1760 inter
373 1741 423 1761 nos
440 1733 599 1766 schismata,
625 1734 673 1761 sed
702 1733 773 1761 idem
789 1741 884 1761 onmes
900 1733 996 1761 ortho-

203 1778 274 1806 doxe
282 1779 444 1807 sentiamus.
458 1779 486 1806 In
502 1787 556 1814 quo
568 1780 678 1814 quidem
693 1785 812 1808 vestrum
825 1780 997 1808 laudavimus

204 1825 393 1861 perdiscendae
417 1826 479 1853 lidei
501 1826 638 1859 studium;
657 1833 690 1853 ac
713 1826 801 1861 magis
823 1825 904 1853 etiam
920 1826 997 1861 pacis

204 1872 402 1906 componendae
430 1872 577 1900 consilium
595 1873 785 1904 laudavimus;
802 1881 858 1907 quo
874 1873 997 1900 subdito-

207 1927 268 1945 rum
283 1919 395 1946 utilitati
421 1927 454 1947 ac
469 1919 550 1947 saluti
572 1919 728 1946 consulitis.
748 1919 781 1946 Et
795 1919 873 1946 vobis
884 1919 995 1954 quidem

206 1964 272 1992 hinc
283 1965 425 1999 pragmiuin
441 1965 504 1998 erit,
523 1966 549 1992 in
572 1965 696 1993 claritate
713 1966 824 1993 claritas
840 1965 996 1998 inclTabilis.

204 2017 232 2038 et
245 2011 272 2037 in
285 2018 369 2046 regno
381 2019 493 2046 regnum
515 2011 721 2045 sempiternum.
733 2010 846 2044 Verum,
861 2019 878 2038 ο
892 2011 997 2038 domini

206 2056 302 2090 optimi
321 2060 349 2082 et
366 2055 422 2083 Deo
452 2055 647 2087 amantissimi,
667 2063 721 2082 non
745 2060 836 2090 potest
866 2062 995 2090 magnum

205 2100 260 2128 hoc
275 2105 302 2128 et
325 2102 511 2137 exoptandum
540 2101 647 2129 facinus
667 2106 722 2129 tam
743 2100 816 2129 facili
837 2102 947 2136 negotio
970 2106 997 2129 et

207 2147 267 2175 sine
295 2147 388 2174 labore
402 2147 500 2175 conﬁci
527 2155 535 2174 :
564 2148 694 2183 quoniam
719 2155 880 2183 magnarum
904 2155 996 2174 rerum

208 2200 317 2227 semper
329 2199 392 2221 sunt
407 2194 590 2221 diliicultatcs.
606 2193 677 2226 Quid
699 2193 751 2221 hoc
772 2193 824 2221 sibi
840 2192 918 2220 vult?
934 2192 997 2220 Pri-

208 2246 283 2266 mum
313 2239 436 2274 quidem,
467 2240 597 2274 quoniam
624 2239 775 2266 adversarii
800 2238 888 2267 nostri
917 2238 999 2273 longo

209 2288 343 2319 tempore,
360 2289 387 2312 et
400 2293 448 2319 per
476 2285 622 2320 synodicos
648 2289 798 2312 conventus
818 2285 845 2312 in
859 2283 998 2319 opinioni-

208 2329 260 2355 bus
286 2329 344 2356 suis
366 2329 503 2356 obiit-mali
523 2334 602 2362 sunt;
627 2337 678 2357 nos
709 2335 785 2361 vero,
811 2328 998 2364 apostolorum

208 2374 378 2410 Patrumque
391 2375 581 2403 sanctionibus
595 2376 774 2410 prohibemur
787 2382 943 2402 sermonem
963 2374 999 2403 de

210 2421 263 2446 title
277 2428 339 2447 cum
355 2421 388 2447 iis
407 2421 543 2454 conferre,
559 2422 607 2456 qui
625 2422 665 2450 sic
680 2426 744 2450 sunt
757 2429 850 2449 errore
862 2422 998 2456 occupati.

211 2465 312 2494 Deinde
322 2486 330 2499 ,
343 2467 472 2501 quoniam
488 2467 604 2502 hujusce
619 2468 657 2495 rei
671 2467 803 2502 judicium
818 2475 870 2494 non
885 2468 918 2494 ad
931 2468 1000 2495 alios

212 2512 338 2548 pertinet,
356 2520 438 2548 quam
462 2513 494 2539 ad
519 2521 580 2546 cos,
609 2515 656 2548 qui
679 2514 730 2542 soli
746 2514 816 2540 hanc
841 2521 856 2540 a
885 2513 1001 2540 Domino

211 2563 373 2593 potestatem
388 2567 436 2594 per
452 2559 583 2594 Spiritum
611 2564 784 2594 acceperunt.
805 2560 1001 2587 consentienti-

213 2606 265 2632 bus
294 2611 322 2632 et
351 2606 593 2640 comprobantibus
609 2607 691 2633 etiam
708 2606 796 2637 vobis,
818 2606 865 2641 qui
894 2606 927 2633 ad
950 2607 1002 2633 hoc

214 2652 303 2686 ipsum
322 2660 336 2678 a
350 2651 405 2680 Deo
417 2653 552 2687 pnecipue
578 2653 667 2680 vocati
680 2652 758 2680 estis.
776 2651 890 2680 Sincera
907 2656 998 2680 autent

251 2730 274 2746 ”
289 2730 363 2758 l‘sal.
383 2738 422 2763 Ix,
435 2731 461 2763 7,
475 2731 503 2758 8.
541 2731 563 2746 "°
579 2730 669 2759 Galat.
684 2739 710 2765 ν,
727 2732 755 2758 6.

1039 1046 1207 1072 Βασιλεῦσι
1222 1045 1467 1080 θεοφιλεστάτοις
1482 1045 1530 1072 καὶ
1549 1044 1785 1078 εὐσεϐεστάτοις
1799 1044 1833 1071 ἐκ

1076 1090 1151 1116 Θεοῦ
1164 1090 1348 1124 Αὐγούστοις
1359 1091 1407 1116 καὶ
1422 1090 1672 1123 αὐτοκράτορσιν,
1683 1089 1834 1124 ἀπολογία

1073 1136 1123 1162 καὶ
1134 1136 1362 1170 προσφώνησις,
1378 1137 1458 1170 παρὰ
1486 1135 1547 1163 τῶν
1571 1133 1632 1163 ὧδέ
1656 1144 1688 1163 τε
1708 1136 1833 1164 κάκεῖσε

1074 1181 1309 1216 διεσπαρμένων.

1081 1227 1268 1263 Ἐγνωσμένον
1298 1227 1357 1254 ἐστὶ
1384 1229 1442 1260 τοῖς
1462 1228 1542 1262 λόγου
1569 1227 1747 1264 μετέχουσιν,
1764 1228 1835 1254 ὄτιό

1040 1273 1231 1309 παμϐασιλεὺς
1262 1273 1320 1300 τῶν
1336 1274 1466 1301 ἁπάντων
1491 1273 1567 1306 Θεὸς,
1593 1274 1624 1300 τὸ
1639 1275 1689 1309 τῆς
1709 1274 1834 1307 ἐπιγείου

1041 1319 1183 1356 βασιλείας
1199 1319 1295 1354 χρῆμά
1307 1328 1338 1346 τε
1353 1320 1400 1347 καὶ
1420 1319 1506 1356 ὄνομα
1519 1320 1615 1347 τούτου
1629 1320 1710 1356 χάριν
1731 1314 1836 1356 ἐδωρή-

1043 1375 1108 1394 σατο
1126 1367 1160 1402 τῇ
1180 1366 1339 1402 ἀνθρωπεία
1353 1367 1454 1401 φύσει,
1476 1368 1520 1394 ἵνα
1537 1368 1654 1403 μιμήσει
1679 1367 1733 1394 τῶν
1749 1367 1835 1402 οὐρα-

1042 1414 1107 1441 νίων
1131 1414 1179 1441 καὶ
1200 1414 1234 1441 τὰ
1261 1413 1372 1448 ἐπίγεια
1388 1413 1421 1440 τὸ
1436 1414 1574 1449 είρηναῖον
1592 1413 1639 1439 καὶ
1652 1413 1836 1440 ἀστασίαστον

1044 1459 1213 1495 κεκτημένα,
1232 1459 1378 1495 σύμφωνον
1390 1459 1484 1492 ἄγοιεν
1497 1459 1548 1495 τὴν
1572 1460 1613 1491 είς
1629 1458 1713 1486 αὑτὸν
1727 1458 1834 1491 δοξολο-

1044 1505 1108 1540 γίαν
1134 1513 1166 1531 τε
1195 1505 1242 1531 καὶ
1265 1504 1463 1540 προσκύνησιν.
1481 1502 1537 1536 Ἧς
1559 1504 1610 1536 τὰς
1625 1504 1704 1539 ἡνίας
1713 1503 1837 1539 λαχοῦσα

1043 1551 1191 1587 θεοκρίτως
1208 1552 1224 1587 ἡ
1251 1551 1374 1586 ὑμετέρα
1390 1551 1620 1586 Χριστομίμητος
1644 1550 1778 1586 βασιλεία,
1796 1551 1836 1577 εἰ-

1044 1597 1133 1629 κότως
1147 1597 1355 1632 προσκέκληκεν
1373 1598 1449 1632 ἡμᾶς
1461 1597 1525 1629 τοὺς
1540 1597 1701 1632 ἐλαχίστους
1712 1617 1720 1630 ,
1735 1597 1775 1628 είς
1792 1596 1836 1622 λό-

1045 1652 1111 1678 γους
1123 1643 1211 1670 ὲλθεϊν
1233 1644 1303 1678 μετὰ
1315 1643 1370 1670 τῶν
1385 1643 1643 1678 ἀντιδιατιθεμένων
1657 1644 1723 1678 ἡμῖν
1735 1643 1773 1677 τῷ
1786 1642 1838 1676 τῆς

1009 1677 1031 1707 c'
1048 1677 1166 1720 ἀτίστεως
1178 1677 1250 1722 λόγω
1266 1696 1273 1703 ⁶
1292 1689 1329 1720 ὡς
1344 1688 1377 1715 ἂν
1392 1688 1517 1715 ἐντεῦθεν
1527 1677 1606 1723 γνοίη
1618 1677 1734 1723 πότερον
1753 1686 1838 1722 μέρος

1046 1735 1078 1762 τὸ
1093 1734 1194 1769 ἀληθὲς
1211 1733 1370 1768 πρεσϐεύοι,
1388 1734 1435 1761 καὶ
1448 1734 1536 1770 ταύτῃ
1551 1734 1609 1769 δοίη
1624 1734 1658 1762 τὰ
1672 1735 1835 1768 νικητήρια·

1047 1780 1088 1812 είς
1103 1780 1134 1807 τδ
1149 1780 1186 1816 μὴ
1202 1777 1272 1806 εἶναι
1303 1780 1443 1815 σχίσματα
1469 1780 1498 1807 ἐν
1525 1781 1603 1816 ήμὶν,
1618 1780 1686 1807 ἀλλὰ
1713 1779 1744 1806 τὸ
1771 1779 1838 1806 αὑτὸ

1048 1827 1157 1861 φρονεῖν
1177 1825 1326 1861 ὀρθοδόξως
1354 1826 1487 1858 ἅπαντας.
1507 1827 1566 1861 Ἐφ’
1578 1823 1600 1861 ᾧ
1620 1827 1761 1862 ῄνέσαμεν
1787 1826 1838 1860 μὲν

1048 1871 1126 1907 ὑμῶν
1154 1871 1184 1898 τὸ
1199 1871 1349 1907 φιλομαθὲς
1370 1871 1422 1906 τῆς
1436 1871 1565 1904 πίστεως,
1582 1872 1794 1907 ὑπερῃνὲσαμεν
1810 1870 1839 1897 δὲ

1047 1918 1078 1945 τὺ
1092 1917 1264 1953 εἰρηνοθελὲς
1279 1918 1329 1953 τῆς
1345 1918 1535 1953 προαιρέσεως
1551 1927 1558 1934 ·
1578 1918 1608 1944 τὸ
1620 1917 1708 1949 οὕτως
1723 1916 1838 1952 ἐφιεμέ-

1048 1972 1098 1999 νης
1113 1964 1156 1990 ἐπ’
1169 1963 1290 1999 ὠφελείᾳ
1305 1964 1352 1990 καὶ
1370 1964 1494 2000 σωτηρίᾳ
1518 1964 1639 1999 ὑπήκοον
1663 1964 1838 1998 καταστήσα-

1049 2011 1122 2036 σθαι.
1136 2010 1186 2044 Εῖη
1199 2009 1254 2044 γὰρ
1272 2009 1336 2044 ὑμῖν
1347 2009 1474 2036 ἐντεῦθεν
1498 2008 1623 2044 ἀμειψις,
1640 2009 1687 2035 ἐπὶ
1710 2008 1836 2044 λαμπρό-

1048 2063 1110 2090 τητι
1124 2055 1286 2090 λαμπρότης
1301 2054 1432 2090 ἄρῤητος,
1446 2055 1494 2081 καὶ
1512 2055 1558 2081 ἐπὶ
1571 2053 1696 2089 βασιλείᾳ
1713 2053 1840 2089 βασιλεία

1049 2100 1239 2136 ἀτελεύτητος.
1262 2099 1343 2132 Ἀλλ’,
1359 2096 1382 2126 ὦ
1396 2099 1527 2127 δεσπόται
1541 2099 1685 2134 κράτιστοι
1700 2099 1747 2126 καὶ
1763 2099 1841 2133 φιλο-

1049 2146 1192 2177 θεώτατοι,
1206 2146 1256 2181 οὺχ
1269 2143 1325 2172 οἷόν
1341 2145 1372 2172 τὲ
1387 2146 1446 2172 ἐστι
1457 2145 1537 2172 τοῦτο
1546 2145 1576 2171 τὸ
1594 2145 1670 2179 μέγα
1694 2145 1742 2171 καὶ
1756 2144 1841 2171 πολῦ-

1049 2201 1146 2220 ευκτον
1177 2192 1345 2228 κατόρθωμα
1372 2191 1466 2223 ἁπλῶς
1494 2191 1582 2223 οὕτως
1609 2191 1657 2218 καὶ
1689 2191 1841 2226 ἀκαμάτως

1049 2237 1178 2272 γενέσθαι
1192 2245 1200 2268 :
1217 2237 1284 2264 διότι
1296 2237 1350 2264 τῶν
1365 2237 1502 2272 μεγίστων
1523 2237 1695 2272 πραγμάτων
1712 2236 1842 2272 μέγισται

1050 2283 1295 2318 συναναφαίνονται
1307 2284 1354 2310 καὶ
1365 2284 1392 2310 αἱ
1404 2283 1599 2319 τληπαθήσεις.
1608 2283 1641 2309 Τί
1652 2282 1731 2310 τοῦτο
1742 2291 1750 2316 ;
1766 2282 1843 2317 Πρῶ-

1015 2349 1038 2377 D
1050 2339 1097 2357 τον
1111 2330 1171 2365 μὲν,
1182 2330 1212 2356 τὸ
1219 2331 1283 2361 τοὺς
1297 2330 1520 2366 ἐναντιουμένους
1533 2331 1609 2366 ἡμῖν,
1618 2330 1734 2364 χρονίως
1748 2336 1778 2354 τε
1792 2329 1843 2354 καὶ

1053 2376 1200 2407 συνοδικῶς
1216 2376 1408 2410 πεπαγιῶσθαι
1423 2377 1483 2408 ταῖς
1502 2376 1617 2408 οἰκείαις
1641 2374 1731 2408 δόξαις
1744 2382 1750 2389 ·
1765 2375 1843 2409 ἡμᾶς

1051 2421 1079 2448 δὲ
1087 2421 1273 2454 ἁποστολικῶς
1281 2430 1311 2449 τε
1325 2422 1371 2448 καὶ
1384 2422 1529 2458 [ἰατρικῶς
1540 2421 1712 2449 κεκωλύσθαι
1724 2421 1843 2456 συνᾶραι

1055 2468 1125 2505 μετὰ
1139 2469 1193 2495 τῶν
1215 2468 1287 2495 οὓτω
1313 2469 1527 2505 κεκρατημένων
1558 2469 1602 2495 τὸν
1628 2469 1692 2503 περὶ
1720 2468 1844 2499 πίστεως

1054 2513 1142 2548 λόγον.
1177 2514 1303 2546 Ἔπειτα,
1327 2513 1368 2540 ὃτι
1403 2514 1450 2540 καὶ
1478 2514 1495 2549 ὴ
1523 2513 1589 2548 περὶ
1627 2512 1711 2539 αὐτοῦ
1749 2511 1844 2548 κρίσις

1050 2560 1100 2586 οὐκ
1122 2559 1212 2591 ἄλλοις
1242 2560 1349 2593 ἀνήκει,
1375 2559 1391 2595 ἢ
1423 2559 1514 2595 μόνοις
1543 2560 1600 2590 τοῖς
1630 2558 1684 2585 ὑπὸ
1710 2559 1759 2584 τοῦ
1785 2557 1844 2583 Κυ-

1053 2605 1113 2640 ρίου
1137 2606 1187 2640 τὴν
1215 2606 1341 2638 ἐξουσίαν
1367 2605 1412 2632 διὰ
1437 2604 1484 2631 τοῦ
1515 2604 1676 2640 Πιιεὺματος
1700 2603 1843 2638 εἰληφόσι,

1054 2652 1257 2687 συναιρομένων
1283 2660 1314 2679 τε
1354 2651 1400 2678 καὶ
1438 2650 1740 2687 συνεπιςφραγιζόντων
1767 2648 1845 2684 ὑμῶν

954 2788 1019 2816 N01
1026 2789 1068 2817 r15.

254 2852 322 2888 (95')
336 2853 362 2881 in
375 2853 437 2881 cod.
450 2852 516 2886 Reg.
532 2854 583 2878 ca’.
