1927 3089
89 159 157 192 1601

690 165 961 197 EPISTOLARUM
980 166 1054 198 LIB.
1088 167 1129 199 II.

1658 169 1725 201 1609.

93 219 150 246 τῶν
186 219 233 245 ὲπὶ
258 220 346 256 τούτῳ
371 221 426 248 ὑπὸ
449 221 516 248 Θεοῦ
545 224 760 259 προηγουμένως
785 225 882 259 κεκλη-

937 231 964 253 et
986 226 1145 262 incorrupta
1175 225 1420 254 Christianissimaa
1441 226 1583 261 religionis
1623 233 1725 255 nostra!

89 264 190 300 μένων.
210 264 246 290 Τὸ
274 265 302 291 δὲ
329 265 406 300 ὑγιὲς
431 267 479 293 καὶ
499 267 653 303 ἀμώμητον
676 269 725 303 τῆς
742 270 876 305 Χριστια-

86 310 243 346 νικωτάτης
257 310 337 345 ήμῶν
358 311 507 346 θρησκείας
537 313 664 348 φρόνημα
678 314 770 341 ὁποῖόν
791 315 876 347 ἐστιν,

85 356 238 389 ἀναγκαῖον
254 356 394 383 ἐκθέσθαι.

125 401 292 437 Πιστεύομεν
323 402 363 434 εἰς
390 402 439 429 ἕνα
465 402 541 435 Θεὸν,
562 405 608 431 τὸν
623 406 651 432 ἐν
667 406 757 441 Πατρί
773 415 813 438 τε,
831 406 878 433 καὶ

87 446 157 481 Υίῷ.
175 448 222 473 καὶ
253 447 393 482 Πνεύματι
416 448 486 483 ἁγίῳ
511 450 752 485 προσκυνούμενὸν
780 459 810 476 τε
832 451 879 476 καὶ

88 493 320 528 συνδοξαζόμενον
333 502 340 509 ·
356 494 406 529 τὴν
423 494 624 531 πολνΰμνητον,
643 497 814 532 παντουργδν
830 497 876 524 καὶ

87 540 207 575 ἀρχικὴν
221 541 335 575 Τριάδα,
349 542 420 567 κατὰ
430 541 459 566 τὸ
475 541 527 567 ὑπὸ
543 542 598 568 τῶν
611 543 698 576 ἁγίων
712 543 879 578 τριακοσίων

87 585 156 611 δέκα
174 585 222 612 καὶ
239 584 310 611 ὀκτὼ
325 585 453 620 Πατέρων
477 586 629 622 παραδοθὲν
658 587 724 622 ἡμῖν
747 587 880 614 θεόπνευ-

89 639 152 657 στον
182 630 316 666 σύμϐολον
331 640 338 647 ·
354 631 388 658 δι’
403 628 433 658 οὗ
449 633 525 659 πᾶσα
546 633 652 667 αἵρεσις
665 635 877 668 ὲκκέκρουσται,

89 676 137 703 καὶ
151 673 263 712 παρόὗ
289 677 366 703 πᾶσα
388 677 454 711 ἁγία
479 678 589 709 σύνοδος
614 679 751 714 ἢρτηται,
778 678 880 715 οἷάπερ

88 721 143 748 ἀπὸ
167 722 247 758 ῥίζης
273 723 377 755 κλάδοι,
397 724 445 750 καὶ
470 725 562 760 πηγῆς
588 724 716 760 ποταμοί.
737 725 879 752 Ἐντεῦθεν

88 769 175 804 γὰρὴ
199 769 312 804 δευτέρα
341 770 390 806 τὴν
409 771 507 807 κυρίαν
540 771 632 807 φωνὴν
647 771 694 798 τοῦ
720 772 879 807 Πνεύματος

91 814 257 849 ἐτράνωσεν.
273 814 339 842 Εἶτα
356 817 373 852 ή
391 817 472 852 τρίτη
485 817 534 852 τὴν
551 818 631 852 ἁγίαν
647 818 756 853 Μαρίαν
779 818 879 845 Θεοτό-

90 868 151 892 κον,
167 860 206 892 ὡς
221 861 301 888 αὑτὸν
315 862 361 888 τὸν
374 864 506 898 μονογενῆ
523 863 586 890 Υίὸν
611 864 658 890 τοῦ
674 864 741 890 Θεοῦ
757 864 880 898 ἀποκυή-

91 914 189 938 σασαν,
215 907 358 942 ἐκήρυξεν.
374 909 489 936 Ἔπειτα
503 910 519 945 ἡ
532 911 650 946 τετάρτη
669 910 701 936 ἐκ
719 910 766 936 δύο
788 911 834 937 καὶ
852 911 881 936 ἐν
897 906 918 933 Β

90 953 153 979 δυσὶ
169 953 267 987 φύσεσι
280 954 341 980 καθ’
357 954 505 982 ὑπόστασιν
520 956 613 991 ἑνικὴν
626 956 671 982 τὸν
687 956 789 991 Κύριον
802 956 881 992 ήμῶν

97 998 203 1033 Ἰησοῦν
233 1000 351 1034 Χριστὸν
383 1001 573 1036 ἐδογμάτισεν.
591 1000 686 1037 Εἷταή
705 1002 817 1036 πέμπτη
832 1001 881 1036 τὴν

91 1045 146 1080 πρὸ
166 1046 251 1080 αὐτῆς
273 1047 506 1082 ὲπισςοραγίσασα,
533 1047 674 1083 Ὠριγένην
696 1057 726 1074 τε
749 1049 795 1074 καὶ
818 1049 881 1080 τοὺς

92 1091 163 1126 ἀμφ’
179 1092 260 1118 αὐτὸν
284 1093 514 1129 Προῦπαρκτίτας
537 1094 746 1129 ἀνεθεμάτισεν.
764 1093 882 1120 Ἔπειτα

90 1139 107 1173 ἡ
126 1138 193 1174 ἕκτη
209 1139 364 1171 ἀκολούθως
380 1142 439 1172 ταῖς
451 1140 512 1166 δυσὶ
536 1140 654 1174 φύσεσι,
667 1139 714 1167 δύο
742 1139 882 1175 θελήματά

90 1193 122 1211 τε
145 1185 195 1210 καὶ
217 1185 358 1220 ἐνεργείας
376 1186 422 1211 ἐπὶ
447 1186 493 1212 τοῦ
513 1185 572 1217 ἐνὸς
587 1185 705 1220 Χριστοῦ
721 1184 880 1218 ὲξεδίδαξεν.

91 1228 150 1257 Εἶθ’
173 1230 287 1266 ὕστερον
313 1231 330 1266 ἠ
347 1230 460 1267 ιῆδόμη,
480 1231 620 1266 ἑπομένως
642 1233 702 1263 ταῖς
717 1231 770 1266 πρὸ
783 1231 880 1266 αὐτῆς,

91 1277 132 1308 ὡς
158 1277 241 1304 διπλᾶ
267 1277 357 1304 πάντα
372 1278 406 1304 τὰ
422 1277 468 1304 ἐπὶ
495 1277 542 1304 τοῦ
561 1277 620 1309 ἐνὺς
635 1277 754 1312 Χριστοῦ
777 1277 882 1311 φυσικὰ

92 1323 239 1358 ίῐιώματα,
248 1323 294 1350 τὸν
311 1323 394 1350 αὑτίι·
410 1324 619 1359 ἀπερίγραπτον
630 1324 699 1350 κατὰ
710 1324 740 1350 τὸ
754 1324 881 1359 ἀόρατον,

91 1369 141 1396 καὶ
170 1370 356 1404 περιγραπτὸν
381 1369 452 1397 νιιτὰ
483 1370 514 1396 τὸ
536 1369 676 1405 ὁρώμενον
703 1370 854 1404 ἀνεκήρυξε
872 1377 881 1386 ο

90 1415 206 1450 τέτρασι
222 1415 334 1450 τρόποις
349 1417 396 1450 sgf
404 1417 557 1451 ρεισμένως
581 1416 612 1442 τὸ
633 1415 733 1451 ἀληθὲς
754 1415 855 1451 ἔχουσα
872 1423 880 1431 ⁸

91 1461 126 1487 εκ
138 1469 170 1487 τε
196 1461 314 1495 φυσικοῦ
339 1462 484 1497 δόγματος,
499 1464 574 1497 παρά
600 1471 630 1488 τε
656 1461 802 1497 Πατρικῶν
816 1462 884 1497 χρή-

92 1515 174 1539 σεων,
189 1508 222 1534 ἐκ
246 1516 276 1534 τε
295 1509 443 1535 συνοδικων
465 1509 658 1544 ὲκφωνήσεων,
673 1508 720 1535 καὶ
738 1508 814 1544 παρὰ
834 1508 884 1543 ἁρ-

92 1555 175 1589 χαίας
198 1555 388 1589 θεσμοθεσίας.
418 1555 495 1582 Κατὰ
511 1555 560 1590 μὲν
579 1553 625 1582 οὖν
639 1554 755 1589 φυσικὴν
770 1554 884 1581 ἀκολου-

93 1600 165 1633 θίαν,
184 1601 251 1634 φέρε
264 1601 362 1632 εἰπεῖν,
376 1602 390 1628 ὁ
407 1601 603 1636 εὐαγγελιστὴς
625 1601 753 1635 Ἰωάννης
773 1600 883 1627 ὑποδεί-

93 1655 174 1674 κνυσι
183 1646 271 1680 λέγων
283 1654 291 1662 ·
307 1646 360 1674 Καὶ
370 1648 386 1674 ό
396 1647 491 1681 Λόγος
501 1647 580 1681 σὰρξ
593 1647 721 1682 ἐγένετο,
733 1647 783 1674 καὶ
793 1646 886 1681 ἐσκή-

93 1699 196 1718 νωσεν
215 1691 251 1718 ὲν
274 1692 357 1726 ἡμῖν.
376 1693 407 1719 Εἰ
420 1693 508 1719 τοίνυν
533 1694 547 1720 ὁ
562 1693 647 1727 Λόγος
672 1692 741 1728 σὰρξ
763 1693 882 1726 ἐγένετο,

93 1737 176 1772 δῆλον
191 1738 232 1764 ὅτι
248 1738 286 1769 ὡς
303 1739 352 1772 μὲν
370 1739 464 1772 Λόγος,
477 1739 683 1774 ἀπερίγραπτος
693 1739 747 1771 ’ὡς
763 1739 791 1765 δὲ
803 1739 882 1773 σὰρξ,

95 1785 345 1820 περιγραφόμενος.
364 1785 418 1812 Καὶ
434 1785 612 1818 ἐσκήνωσεν
624 1786 660 1812 ἐν
674 1786 747 1820 ἡμῖν
758 1794 765 1801 '
777 1786 840 1812 ἄλλο
855 1785 885 1812 δὲ

93 1831 126 1857 τὸ
143 1831 273 1866 σκηνοῦν,
287 1831 334 1857 καὶ
361 1832 455 1867 ἓτερον
477 1833 494 1867 ἡ
514 1833 620 1867 σκηνή·
636 1832 698 1859 καθ’
713 1833 806 1867 ἕτερον
835 1832 884 1866 μὲν

95 1878 297 1912 περιγράφοιτο
307 1886 314 1892 θ
331 1877 392 1904 καθ’
402 1877 496 1912 ἓτερον
508 1877 536 1904 δὲ
548 1877 725 1914 περιγραφῆς
738 1878 883 1913 ἀνώτερος.

102 1923 183 1950 Ἐπεὶ
200 1923 288 1954 ποίοις
304 1923 429 1958 σημείοις
450 1914 593 1958 ἀνθρωττος
613 1924 751 1957 γεγονέναι
766 1924 885 1958 ἐπιγνω-

97 1969 241 2004 σθὴσεται,
256 1969 280 1994 εί
297 1969 334 2003 μὴ
358 1968 388 1994 τὺ
403 1969 453 2003 τῆς
475 1968 662 2001 ὲξεικονίσεως
696 1968 803 2004 ίδίωμα,
817 1969 885 2004 ὅπερ

96 2016 159 2042 ἐστὶ
186 2015 295 2050 πρῶτον
321 2016 350 2041 ὲν
369 2015 579 2050 μεμορφωμένῳ
603 2013 750 2050 ἀνθρώπῳ,
764 2015 886 2049 φυσικῶς

95 2062 233 2096 κέκτηται
247 2069 254 2076 ·
270 2058 301 2088 οὗ
316 2062 349 2096 τῇ
373 2062 523 2097 ἀναιρέσει,
541 2060 657 2096 φροῦδος
680 2061 694 2087 ὁ
718 2060 861 2096 ἄνθρωπος
877 2069 884 2093 ;

102 2107 186 2134 Ἀλλὰ
203 2107 256 2142 μὴν
268 2107 410 2143 ἄνθρωπος
424 2107 542 2142 ἀληθῶς·
554 2107 652 2134 οὐκοῦν
667 2107 715 2133 καὶ
730 2106 767 2138 ὡς
780 2107 886 2142 ἅνθρω-

95 2162 149 2186 πος
179 2155 427 2190 περιγραφόμενος,
444 2155 458 2180 ὁ
473 2153 511 2184 ὡς
525 2153 590 2185 Θεὸς
613 2152 650 2179 ὢν
667 2153 885 2188 ἀπερίγραπτος.

101 2201 163 2235 Ἐφ’
176 2197 253 2236 ᾧπερ
268 2200 340 2235 λόγῳ
359 2200 471 2235 μεσίτης
486 2199 554 2226 Θεοῦ
574 2199 622 2226 καὶ
632 2198 783 2235 ἀνθρώπων
804 2199 887 2234 ἐχρη-

930 273 1064 300 sentcntia
1080 273 1169 308 qualis
1181 274 1227 306 sit,
1241 280 1354 301 necesse
1369 273 1489 300 arbitror
1502 273 1614 308 exponi.

965 407 1110 435 Credimus
1123 407 1150 435 in
1166 415 1250 434 unum
1272 406 1369 438 Deum,
1389 405 1435 441 qui
1454 406 1481 432 in
1496 405 1586 439 Patre,
1602 412 1628 434 et
1643 407 1724 440 Filio,

929 459 956 481 et
970 453 1074 489 Spiritu
1091 459 1186 481 sancto
1208 453 1338 480 adoratur
1353 457 1380 479 et
1398 451 1620 486 conglorilit-atur
1638 460 1644 478 :
1664 453 1724 479 lau-

930 501 1101 528 datissitnam
1125 500 1248 527 omnium
1270 498 1433 526 eﬂ‘ectricem
1449 503 1476 525 et
1490 498 1639 532 principem
1663 497 1725 524 Tris

931 548 1054 578 nitatem,
1066 547 1144 580 juxta
1160 546 1239 573 nobis
1251 545 1381 572 traditum
1395 552 1410 571 a
1428 544 1558 571 trecentis
1568 544 1720 571 octodecim

930 593 1033 620 sanctis
1056 591 1183 619 Patribus
1202 591 1355 627 symbolum
1381 591 1515 618 divittitus
1535 590 1723 625 inspiratum-:

930 647 979 674 per
992 639 1064 674 qttod
1081 638 1172 666 ontnis
1186 638 1300 665 haeresis
1309 637 1421 672 explosa
1435 641 1486 668 est,
1500 641 1526 663 et
1540 644 1554 663 a
1564 644 1619 671 quo
1633 636 1724 662 omnis

931 688 1025 711 sancta
1042 684 1163 719 synodus
1179 683 1294 717 pendet,
1309 688 1438 717 tanquam
1456 682 1525 709 rami
1541 689 1556 709 a
1575 681 1678 714 radice,
1697 685 1725 708 et

931 737 947 757 a
966 729 1040 757 fonte
1059 729 1144 756 ﬂuvii.
1162 729 1230 756 Hine
1247 729 1319 756 enim
1343 729 1464 756 secunda
1481 728 1621 763 propriam
1636 727 1725 762 Spiri-

932 781 976 804 tus
1002 783 1093 802 vocem
1115 775 1271 802 declaravit.
1290 774 1354 801 Dein
1369 774 1447 801 tertia
1472 778 1595 801 sanctam
1612 773 1724 800 Mariam

933 821 1089 856 Deiparam.
1126 826 1156 848 ut
1184 828 1244 855 quae
1270 820 1359 854 ipsum
1377 820 1547 854 unigenitum
1562 819 1607 846 Dei
1625 818 1724 848 Eilium

933 868 1013 895 enixa
1026 871 1109 898 esset,
1124 865 1318 900 pronuntiavit.
1335 865 1404 892 Tum
1419 870 1515 900 quarta
1532 872 1564 891 ex
1576 864 1684 891 duabus
1698 867 1726 890 et

933 913 960 940 in
980 912 1086 939 duabus
1114 912 1220 938 naturis
1236 910 1402 945 singularem
1425 909 1576 936 secundum
1592 910 1724 944 hyposta-

932 959 984 986 sim
1013 957 1156 985 Dominum
1185 962 1308 983 nostrutn
1334 955 1426 983 Jesum
1441 955 1580 982 Christum
1595 954 1723 982 asseruit.

932 1004 1109 1032 Posttnodum
1124 1003 1229 1038 quinta,
1257 1010 1316 1030 eam
1342 1010 1403 1037 qua:
1430 1004 1608 1036 praecesserat
1635 1000 1726 1028 consi-

933 1059 1029 1087 gnans.
1051 1050 1206 1086 Origenem,
1239 1053 1266 1077 et
1283 1049 1402 1076 asseclas
1423 1048 1509 1083 ipsius
1529 1045 1725 1082 Prohyparcti-

932 1103 974 1126 tas
990 1098 1068 1134 (95")
1083 1097 1256 1124 anathemate
1271 1096 1419 1123 damnavit.
1439 1094 1507 1121 Tum
1520 1098 1607 1126 sexta,
1630 1100 1727 1120 conse-

932 1150 1047 1180 quenter
1061 1144 1093 1171 ad
1123 1144 1190 1170 duas
1204 1147 1328 1174 naturas,
1354 1142 1422 1168 duas
1445 1147 1555 1175 quoque
1571 1139 1726 1166 voluntates

931 1195 958 1219 et
970 1190 1143 1230 operationes
1162 1190 1190 1217 in
1205 1196 1259 1216 uno
1275 1188 1388 1216 Christo
1407 1194 1469 1215 esse
1486 1186 1588 1213 docuit.
1609 1185 1724 1212 Demum

932 1238 1058 1272 septima,
1072 1236 1229 1270 superiores
1243 1243 1371 1269 sequens,
1390 1234 1428 1261 uti
1450 1233 1574 1267 duplices
1583 1239 1680 1259 omnes
1697 1231 1724 1257 iu

932 1290 987 1310 uno
1003 1282 1113 1309 Christo
1130 1281 1269 1309 naturales
1281 1280 1474 1315 proprietates,
1490 1278 1525 1305 ita
1540 1277 1666 1305 eumdem
1683 1275 1726 1302 in-

932 1329 1172 1363 circumscriptum
1199 1327 1278 1362 juxta
1293 1327 1320 1354 id
1342 1325 1415 1361 quod
1430 1333 1485 1352 non
1514 1324 1636 1352 cernitur
1647 1343 1655 1355 ,
1672 1324 1726 1349 cir-

933 1375 1132 1409 cumscriptum
1156 1381 1222 1401 vero
1248 1373 1327 1408 juxta
1353 1372 1380 1399 id
1409 1371 1482 1406 quod
1506 1370 1639 1401 cernitur,
1665 1376 1726 1395 esse

933 1419 1046 1449 sanxit:
1067 1418 1209 1454 quaternis
1232 1417 1321 1445 modis
1346 1416 1488 1443 fundatam
1515 1419 1613 1441 tenens
1631 1413 1726 1440 verita-

934 1470 1005 1494 tem:
1036 1473 1068 1493 ex
1093 1465 1210 1492 naturali
1233 1463 1361 1490 nimirum
1389 1461 1526 1494 doctrina,
1554 1467 1588 1487 ex
1612 1459 1724 1486 Patrum

934 1512 1155 1544 auctoritatibus,
1169 1519 1202 1538 ex
1221 1510 1359 1546 synodicis
1373 1507 1502 1539 decretis,
1520 1512 1546 1533 et
1561 1514 1595 1534 ex
1611 1505 1725 1540 atttiqua

935 1557 1143 1586 consuetudine.
1176 1555 1333 1583 Secuttdum
1361 1553 1515 1581 naturalem
1530 1555 1532 1558 '
1547 1559 1611 1586 ergo
1626 1558 1726 1578 conse-

935 1603 1086 1640 quentiatn,
1098 1601 1174 1630 verbi
1192 1601 1291 1636 gratia,
1305 1599 1474 1634 evangelista
1489 1596 1608 1624 Joannes
1616 1595 1727 1622 demon-

935 1655 1015 1683 strat,
1031 1657 1094 1677 eum
1113 1649 1169 1675 ait:
1187 1648 1221 1674 Et
1240 1647 1354 1675 Verbum
1373 1653 1436 1672 caro
1451 1644 1552 1679 factum
1576 1648 1626 1675 est,
1638 1647 1662 1669 et
1675 1642 1725 1668 Ita-

935 1697 1029 1724 bitavit
1043 1697 1071 1722 in
1093 1695 1210 1723 nobis“.
1235 1693 1340 1720 Etenim
1358 1692 1382 1720 si
1398 1691 1518 1718 Verbum
1537 1698 1601 1717 caro
1622 1689 1725 1715 factum

934 1747 986 1776 est,
1013 1742 1187 1777 perspicuum
1209 1740 1312 1775 utique,
1338 1739 1421 1774 quod,
1449 1742 1479 1764 ut
1497 1736 1626 1767 Verbum,
1641 1734 1726 1762 incir-

935 1788 1132 1822 cumscriptum
1145 1795 1152 1820 ;
1168 1791 1198 1814 ut
1212 1793 1288 1817 caro,
1302 1783 1554 1818 circumscriptum.
1571 1781 1604 1808 Et
1619 1781 1724 1808 habita-

935 1836 972 1862 vit
988 1835 1017 1862 in
1031 1834 1104 1861 nobis
1120 1841 1129 1860 :
1143 1840 1205 1860 cum
1221 1831 1293 1859 aliud
1308 1831 1344 1858 sit
1358 1829 1431 1865 quod
1449 1829 1595 1860 inhabitat,
1608 1832 1635 1854 et
1651 1825 1725 1853 aliud

935 1881 1024 1916 ipsum
1041 1879 1238 1911 habitaculum;
1254 1877 1406 1904 secundum
1421 1875 1534 1902 alterum
1550 1872 1726 1901 circumseri-

935 1927 1034 1960 betur;
1059 1925 1210 1953 secundum
1237 1925 1354 1950 alterunt
1378 1927 1469 1949 autem
1484 1928 1595 1948 omnem
1607 1920 1726 1946 circum-

935 1971 1112 2006 scriptionem
1129 1969 1245 1997 excedit.
1262 1968 1296 1995 Et
1321 1975 1385 1995 vero
1401 1968 1566 2002 quibusnam
1580 1966 1666 2001 signis
1678 1965 1727 1992 ho-

935 2025 982 2044 mo
990 2025 1051 2044 esse
1068 2019 1262 2051 eoguoscetur,
1279 2015 1331 2042 nisi
1348 2013 1559 2041 assimilationis
1573 2012 1728 2046 proprieta-

936 2067 1001 2096 tem,
1010 2070 1071 2098 quze
1080 2064 1108 2089 in
1118 2062 1262 2089 ell'ortnato
1276 2062 1386 2088 homine
1397 2061 1484 2095 prima
1500 2064 1552 2090 est,
1565 2057 1728 2084 naturaliter

936 2109 1058 2136 obtineat
1075 2117 1083 2136 :
1097 2115 1152 2142 qua
1172 2107 1291 2138 sublata,
1308 2113 1394 2133 vanus
1411 2110 1438 2132 et
1453 2105 1545 2131 nullus
1562 2107 1604 2131 est
1624 2102 1729 2131 homo?

936 2154 1019 2189 Atqui
1036 2154 1118 2180 homo
1137 2160 1201 2180 vere
1220 2156 1262 2179 est
1277 2159 1285 2177 :
1299 2158 1376 2185 ergo,
1395 2155 1425 2177 ut
1441 2149 1533 2181 homo,
1552 2148 1728 2176 circumscri-

936 2205 1019 2235 ptus;
1033 2203 1061 2225 et
1078 2203 1108 2226 ut
1129 2197 1212 2230 Deus,
1242 2196 1508 2230 incircumscriptus.
1535 2193 1594 2227 Qua
1617 2194 1727 2229 quidem

97 2246 226 2281 μάτισεν,
241 2245 279 2276 ὼς
305 2245 340 2271 τὰ
364 2244 505 2280 ἀμφότερα
529 2243 602 2278 ἄκρα
620 2244 689 2279 πρὸς
705 2243 800 2270 ἑαυτὸν
829 2251 882 2270 συν·

941 2246 1046 2273 ratione
1064 2244 1197 2271 mediator
1225 2243 1272 2270 Dei
1296 2246 1325 2270 et
1347 2242 1489 2270 hominum
1516 2241 1605 2269 factus
1623 2246 1676 2272 est,
1699 2243 1728 2266 ut

95 2293 205 2325 ἁπτων,
220 2292 267 2318 καὶ
282 2291 426 2326 ἀμφότερα
441 2290 583 2325 ὑπάρχων,
601 2290 649 2316 καὶ
663 2290 696 2316 τὰ
720 2289 775 2317 τῶν
799 2289 888 2325 ἀμφο-

95 2339 196 2373 τέρων,
210 2338 240 2371 ἐξ
262 2334 299 2364 ὢν
321 2336 462 2371 συνετέθη,
490 2336 598 2371 φύσεων
620 2334 753 2370 ἰδιώματα
778 2336 807 2362 ὲν
839 2336 888 2371 μιᾷ

96 2384 249 2411 ὑποστάσει
259 2383 410 2414 ἀνελλιπῶς
422 2382 592 2418 κεκτημένος
601 2390 608 2397 ·
622 2382 654 2409 ἐκ
665 2390 694 2409 τε
707 2382 825 2418 [ἰατρὸς.
839 2383 888 2409 σὺν

96 2432 179 2460 πᾶσι.
196 2429 285 2456 καὶτὸ
295 2429 502 2464 ἀπερίγραπτον
511 2436 518 2443 ·
535 2427 650 2463 ἐπείπερ
660 2428 757 2464 εἴρηκε
772 2427 886 2456 ’Πάντα

96 2477 137 2503 τὰ
149 2476 208 2510 ἐμὰ
234 2474 276 2502 σά
294 2475 371 2511 ἐστι,
389 2475 438 2502 καί
457 2475 493 2502 τὰ
510 2474 551 2501 σὰ
564 2474 621 2509 ἐμά
633 2483 640 2490 ·
658 2474 690 2501 ἐκ
718 2483 748 2501 τε
763 2475 887 2511 Μητρὸς,

99 2530 150 2549 συν
175 2521 261 2554 πᾶσι,
283 2522 330 2548 καὶ
351 2521 384 2547 τὸ
408 2521 598 2556 περιγραπτόν
612 2528 619 2536 ·
643 2521 760 2557 ἐπείπερ
786 2521 890 2556 γέγρα-

98 2578 178 2597 πται.
213 2570 255 2597 Οὐ
283 2570 340 2604 τὰρ
355 2568 454 2601 δήπου
475 2568 611 2603 ἀγγέλων
636 2567 889 2602 ἐπιλαμϐάνεται,

99 2615 184 2644 ἀλλὰ
210 2614 381 2650 σπέρματος
403 2615 526 2649 Ἀϐραὰμ
550 2614 790 2650 ἐπιλαμϐάνεται.
808 2613 891 2641 Ὅθεν

99 2661 201 2697 ὤφειλε
218 2663 289 2688 κατὰ
299 2662 388 2688 πάντα
394 2662 450 2694 τοῖς
458 2661 583 2697 ἀδελφοῖς
595 2661 826 2696 ὁμοιωθῆναι.“Εν
842 2657 889 2687 οὖν

100 2708 163 2736 καθ’
181 2707 316 2744 ἑκατέραν
342 2708 422 2744 φύσιν
455 2707 650 2744 ἀναιρούμενον
674 2707 782 2742 ἰδίωμα,
795 2715 890 2734 συναν-

139 2767 163 2782 ⁸⁸
177 2766 256 2794 Joan.
273 2773 292 2799 ι,
308 2765 352 2793 Η.

940 2291 988 2327 qui
998 2295 1120 2319 extrema
1136 2291 1216 2318 ambo
1231 2291 1257 2317 in
1271 2290 1360 2324 seipse
1374 2288 1526 2323 conjunxit,
1541 2293 1569 2315 et
1582 2292 1729 2321 utrumque

940 2338 1060 2370 exsistit,
1072 2343 1099 2365 et
1110 2336 1263 2372 utriusque,
1285 2343 1340 2371 qua
1355 2339 1471 2367 constat,
1489 2339 1593 2362 naturae
1603 2335 1725 2368 proprie-

940 2389 1011 2412 tates
1023 2385 1051 2411 in
1070 2391 1123 2411 una
1141 2383 1279 2418 hypostasi
1294 2383 1374 2418 plene
1386 2388 1414 2409 et
1427 2383 1488 2410 sine
1501 2382 1607 2409 defectu
1627 2382 1725 2409 habet:

940 2439 974 2459 ex
983 2430 1073 2464 Patre,
1093 2438 1156 2458 cum
1167 2431 1227 2458 aliis
1238 2431 1378 2464 omnibus,
1396 2430 1705 2464 incircumscriptionem
1718 2439 1726 2463 ;

940 2477 1041 2512 quippe
1059 2477 1105 2512 qui
1115 2477 1184 2504 dixit
1203 2485 1210 2504 :
1226 2477 1323 2504 Omnia
1339 2485 1396 2504 mea
1412 2481 1459 2504 tua
1476 2481 1548 2508 sunt,
1565 2482 1590 2503 et
1605 2481 1651 2503 tua
1668 2485 1728 2504 mea

939 2527 1002 2551 sunt
1012 2524 1056 2556 '°;
1072 2527 1099 2551 et
1113 2531 1145 2550 ex
1160 2529 1257 2556 matre,
1279 2531 1341 2550 cum
1355 2523 1468 2558 reliquis
1483 2523 1622 2556 omnibus,
1643 2523 1726 2551 etiam

941 2569 1220 2604 circumscriptionem
1240 2579 1248 2597 :
1272 2570 1336 2605 quia
1348 2571 1479 2603 scripturn
1496 2575 1538 2596 est
1555 2577 1562 2596 :
1579 2569 1639 2596 Non
1654 2571 1727 2596 enim

940 2617 1047 2650 angelos
1071 2616 1251 2652 apprehendit,
1279 2617 1324 2643 sed
1347 2625 1435 2644 semen
1452 2617 1568 2644 Abram!
1582 2617 1727 2652 apprehen-

941 2664 980 2690 dit
992 2664 1024 2691 ⁸⁷.
1046 2663 1124 2692 Unde
1137 2672 1185 2700 per
1199 2665 1290 2692 omnia
1299 2664 1431 2692 fratribus
1441 2664 1588 2692 assimilari
1597 2665 1725 2693 debebat.

941 2707 990 2736 Vel
1006 2709 1086 2738 tunica
1105 2710 1188 2747 igitur
1209 2712 1235 2738 in
1261 2712 1391 2739 alterutra
1408 2716 1507 2740 natura
1535 2711 1687 2747 proprietas
1701 2711 1727 2739 si

399 2765 422 2782 "
435 2764 516 2793 Joan.
533 2773 600 2798 Ivll,
620 2765 663 2792 10.
702 2765 723 2780 "’
738 2763 822 2793 Hebr.
842 2773 872 2798 tt,
895 2765 938 2792 l6.

855 2821 972 2850 ΝΟΤκΕ.

137 2882 219 2918 (93“)
231 2883 390 2910 Animarum
402 2882 621 2918 prerexsistentia:
634 2887 793 2910 assertores.
