1927 3089
211 116 280 148 1003

805 121 835 152 S.
849 121 1046 152 TIIEODORI
1069 123 1242 159 STUDITE

1770 123 1837 154 1601

210 172 331 203 tollatur.
345 179 440 200 omnes
455 173 576 208 ejusdem
599 175 704 203 ordinis
719 176 779 204 alia;
803 178 883 205 simul
900 180 989 206 tollau

1050 181 1137 215 αιρεῖν
1152 181 1274 215 πέφυκεν
1290 180 1319 212 ἐξ
1336 179 1485 214 ἀναγκαίου
1505 179 1592 206 πάντα
1615 177 1649 205 τά
1676 179 1835 213 ὀμόστοιχα.

210 224 254 246 tur
264 226 374 246 necesse
391 224 442 246 est.
465 219 584 247 Sublatis
596 225 686 248 autem
703 223 928 257 proprietatibus,
946 232 999 250 una

210 265 304 298 utique
320 264 454 291 tolluntur
466 270 492 293 et
503 273 597 293 earum
611 271 726 295 naturae.

243 310 332 338 Testis
365 311 462 339 horum
489 321 566 341 sacer
589 320 692 350 martyr
715 315 851 349 Justinus,
878 318 956 353 cujus
971 318 996 345 in

207 357 324 391 quodam
338 357 397 385 loco
409 358 467 386 hate
482 364 547 386 sunt
561 362 639 388 verba
655 369 661 388 :
679 371 688 387 ‹
704 361 775 389 Nihil
786 363 859 390 enim
877 363 903 389 in
918 364 998 391 rebus

209 401 235 428 id
252 403 324 436 quod
348 408 389 430 est
413 410 562 438 permanet,
579 406 601 433 si
615 415 711 439 unum,
735 409 778 434 vel
795 408 882 436 solum
904 417 935 436 ex
953 409 996 440 iis.

208 455 268 482 quae
290 450 448 476 naturaliter
477 451 502 477 ei
524 451 627 484 institit,
648 453 767 480 deliciat.
795 463 804 479 ι
827 455 914 489 Atque
935 456 997 482 hinc

208 500 285 519 cassa
313 498 340 520 et
370 502 438 521 vana
471 503 518 529 per
544 503 641 522 novam
657 497 829 532 hypothcsim
849 498 917 525 tiuut
930 499 995 526 iidei

207 543 306 563 nostris
333 539 470 566 mvsteria.
500 540 690 574 Congruenter
717 547 806 569 autem
826 544 996 578 evangelista:

205 581 352 617 Apostolus
377 585 433 612 haec
459 586 521 612 ait:
546 585 597 618 Qui
613 595 672 613 eum
697 589 830 622 informa
857 589 906 616 Dei
918 595 994 622 esset,

206 638 258 656 non
278 631 399 664 rapinam
431 632 577 659 arbitratus
606 638 644 660 est
665 642 722 660 esse
736 643 762 661 se
778 635 905 670 tequalem
925 636 993 668 Dea;

205 677 250 702 sed
263 678 428 711 semetipsum
442 678 601 710 exinauivit,
613 679 726 713 formam
743 682 810 706 servi
827 682 992 715 accipiens”.

205 721 289 755 igitur
317 723 350 755 si,
369 723 396 749 iu
418 722 504 750 forma
524 723 569 751 Dei
586 732 647 751 cum
673 730 756 758 esset,
783 726 899 753 formam
920 728 992 754 servi

204 769 324 802 accepit,
349 769 410 796 sine
437 771 635 800 contraversia.
668 775 805 805 quatenus
831 773 940 807 quidem
966 774 993 800 in

204 815 290 842 forma
314 815 360 842 Ι)ιεί
376 823 427 847 est,
453 816 570 851 imagine
593 824 646 843 non
665 818 847 852 exprimitur;
869 818 993 852 quando-

202 863 312 897 quidem
328 862 398 889 Deus
411 871 493 897 supra
503 864 775 897 comprehensioucm
794 869 835 891 est
845 870 993 899 :quatenus

203 915 266 935 vero
301 907 413 935 formam
430 909 501 936 servi
517 910 631 944 accepit,
662 910 836 944 exprimitur.
863 911 992 945 quoniam

202 953 522 989 comprehensioni,quae
534 955 617 982 tactui
633 959 659 982 et
672 955 756 982 colori
772 955 875 988 subest,
886 956 993 983 servilis

200 996 287 1026 forma
315 999 470 1033 subjicitur.
499 999 641 1032 Quomodo
665 1000 738 1027 enim
759 1000 786 1026 in
809 1000 990 1028 similitudine

200 1045 342 1072 hominum
355 1045 442 1072 factus
456 1045 592 1078 credetur,
608 1045 660 1073 nisi
674 1045 814 1073 hominum
829 1054 903 1073 more
914 1051 992 1081 aptus

201 1093 238 1120 sit
253 1092 300 1125 qui
326 1100 373 1127 per
400 1092 545 1127 imaginem
566 1092 755 1127 exprimatur?
771 1093 914 1125 Quomodo
931 1101 992 1120 rur-

199 1145 246 1164 sus
271 1141 298 1164 et
329 1137 421 1164 habitu
444 1138 571 1164 inventus
586 1142 614 1164 ut
639 1137 719 1164 homo
733 1137 849 1168 dicetur.
870 1139 924 1166 nisi
938 1139 991 1166 hu-

200 1190 282 1209 mano
297 1182 388 1209 habitu
405 1183 493 1216 pictus
507 1183 651 1210 cernatur?
661 1182 798 1216 Videtis,o
812 1183 989 1220 serenissimi,

199 1235 254 1262 quo
273 1232 361 1262 pacto,
392 1228 438 1262 qui
454 1235 501 1262 per
519 1228 609 1255 omnia
628 1227 759 1255 fratribus
774 1228 921 1255 assimilari
939 1229 989 1256 de-

199 1272 267 1305 huit,
298 1273 460 1307 quibuscum
488 1280 522 1300 ex
546 1281 625 1308 aequo
649 1280 758 1300 carnem
783 1280 815 1301 ac
829 1274 988 1309 sanguinem

199 1318 304 1350 habuit,
320 1326 351 1346 ex
368 1327 446 1354 atquo
466 1320 568 1354 pariter
581 1319 708 1354 exprimi,
727 1319 801 1346 sicut
827 1320 877 1352 illi,
893 1327 989 1347 neces-

199 1365 272 1392 sario
297 1365 404 1392 debeat.
433 1364 482 1392 Sin
498 1366 602 1396 minus.
621 1364 720 1392 similis
746 1364 835 1392 factus
857 1370 988 1399 nonest;

199 1408 386 1443 mentitasque
400 1413 444 1435 est
458 1408 503 1443 qui
513 1408 581 1435 dixit
597 1415 605 1435 :
619 1408 651 1436 Et
666 1413 765 1437 natura
779 1410 924 1436 immutata
937 1414 986 1437 est.

199 1454 234 1481 Et
262 1459 352 1481 tamen
382 1454 453 1482 Deus
483 1454 542 1489 ipse
565 1462 598 1482 ac
629 1453 746 1482 Verbum
779 1455 877 1483 alicubi
895 1455 986 1482 dixit:

201 1499 271 1532 Quid
280 1508 319 1526 me
333 1501 452 1535 queritis
466 1500 624 1535 inter/icere,
634 1500 776 1533 hominem,
792 1501 837 1535 qui
848 1501 985 1528 veritatem
1000 1513 1021 1542 α

199 1545 270 1582 vobis
287 1545 389 1573 locutus
404 1554 473 1579 sum,
495 1555 572 1580 quam
589 1546 680 1573 audivi
694 1554 710 1572 a
727 1546 781 1574 Deo
789 1547 826 1573 "7
839 1547 986 1581 Nunquam

200 1595 302 1623 autent,
326 1591 371 1625 qui
398 1599 452 1618 nou
481 1592 670 1625 exprimatur,
699 1592 837 1619 hominem
866 1593 988 1627 seipsum

200 1633 280 1662 fecit:
305 1642 371 1666 nec,
403 1635 450 1669 qui
477 1635 564 1662 occidi
593 1640 691 1669 queat,
719 1643 772 1662 non
806 1635 877 1663 idem
909 1636 989 1663 etiam

199 1684 295 1706 natura
315 1679 430 1713 exprimi
457 1679 566 1713 possit:
585 1680 701 1706 alterum
723 1680 795 1707 enim
813 1680 931 1707 alterum
948 1681 990 1707 iu-

200 1725 252 1752 l'ert
267 1730 293 1752 et
307 1726 459 1752 conﬁrmat.
474 1725 523 1752 Hic
537 1730 578 1753 est
591 1727 766 1760 morti/italus
779 1727 885 1761 quidem
898 1735 988 1758 carne,

199 1770 346 1804 viviﬁcatus
366 1775 453 1796 autem
464 1770 600 1804 spiritu",
627 1771 700 1798 sicut
717 1771 814 1799 beatus
829 1771 928 1798 Petrus
946 1772 989 1798 di-

199 1815 247 1842 xit.
275 1815 345 1847 Quid
367 1819 458 1842 autem
488 1815 540 1842 hoc
562 1815 636 1842 aliud
653 1819 704 1848 est,
719 1823 801 1850 quam
817 1817 919 1848 dicere,
939 1824 988 1843 ex—

199 1860 280 1894 primi
295 1860 445 1888 secundum
471 1866 594 1891 carnem,
615 1859 661 1894 qui
683 1861 847 1894 exprimitur
866 1860 963 1895 spiritu
978 1861 991 1888 Ἰ

200 1904 249 1932 llic
265 1910 316 1937 est,
330 1905 376 1940 qui
392 1905 462 1932 dixit
479 1913 485 1930 :
514 1905 567 1938 Qui
584 1906 728 1932 rnanducat
744 1913 794 1937 me,
811 1910 836 1933 et
851 1906 906 1940 ipse
923 1907 990 1933 vivet

198 1956 304 1986 propter
335 1951 413 1977 me“.
440 1950 549 1978 Minime
575 1956 666 1978 autem
687 1951 734 1986 qui
763 1951 988 1986 circumscriptus

199 2006 253 2024 non
278 2002 359 2029 esset,
391 1997 550 2025 manducari
570 2005 600 2025 se
616 1997 728 2029 diceret.
749 1997 800 2025 nisi
817 1997 888 2025 forte
902 1998 988 2032 phan-

199 2048 286 2070 tasma
311 2042 457 2078 quodpiam
476 2043 554 2070 foret.
578 2043 656 2076 Quod
672 2043 783 2078 quidem
804 2043 827 2071 si
844 2044 988 2071 admiseri-

200 2096 275 2121 mus,
302 2088 329 2115 in
360 2088 570 2116 Manichaeorum
608 2088 764 2123 opinionem
800 2089 985 2123 prolabemur,

199 2141 327 2168 magnum
345 2133 453 2168 pietatis
467 2134 626 2169 mysterium
639 2135 824 2162 destruentes.

1058 225 1272 260 Ἀναιρουμὲνων
1286 225 1314 251 δὲ
1328 224 1382 251 τῶν
1398 224 1560 259 ἰδιωμάτων,
1574 223 1695 258 δηλονότι
1708 232 1836 250 συναναι-

1051 269 1159 304 ροῦνται
1175 270 1221 296 καὶ
1236 270 1264 296 at
1278 269 1380 296 τούτων
1393 269 1499 302 φύσεις.

1085 315 1139 342 Καὶ
1169 315 1274 350 μάρτυς
1298 315 1345 342 τοῦ
1372 315 1451 349 λόγου
1466 316 1479 342 ό
1504 315 1668 350 ίερόμαρτυς
1692 315 1835 344 ’ῐουστῖνος

1049 357 1101 387 ὧδέ
1121 369 1172 387 που
1185 361 1273 394 λέγων
1289 368 1296 375 ”
1318 370 1327 386 ι
1350 360 1434 387 Οὐδὲν
1452 360 1506 395 γὰρ
1523 360 1646 391 διαμένει
1663 359 1717 385 τῶν
1735 359 1833 390 ὄντων,

1048 406 1118 441 ὅπερ
1131 407 1214 437 ἐστὶν,
1229 406 1288 438 ἑνὸς
1302 406 1350 433 καὶ
1368 406 1450 440 μόνου
1460 406 1514 432 τῶν
1527 407 1683 441 προσόντων
1697 405 1773 440 αὐτῷ
1783 414 1834 439 φυ-

1049 453 1132 483 σικῶς
1146 452 1323 484 ἐλλείποντος.
1343 461 1352 477 ι
1370 452 1526 478 Κάικτεῦθεν
1540 451 1645 487 φροῦδα
1658 451 1692 477 τὰ
1712 450 1763 485 τῆς
1789 450 1834 476 πί-

1047 505 1134 529 στεως
1160 497 1238 531 ἡμῶν
1255 498 1286 522 ὲκ
1301 497 1349 531 τῆς
1363 497 1461 531 καινῆς
1481 497 1636 527 ὑποθέσεως
1651 495 1833 530 καθέστηκεν.

1053 543 1209 578 Ἑπομένως
1220 542 1241 568 δ’
1257 540 1303 568 οὖν
1320 542 1359 577 τῷ
1382 541 1562 576 εὐαγγελιστῇ
1577 542 1624 567 καὶ
1637 542 1651 567 ὁ
1672 542 1833 572 Ἀπόστολος

1045 589 1109 615 τάδε
1131 587 1212 622 φησίν
1229 595 1235 601 ·
1253 588 1304 619 Ὃς
1326 587 1360 613 ἐν
1381 585 1481 620 μορφῇ
1499 586 1573 613 Θεοῦ
1597 585 1757 620 ὑπάρχων,
1775 587 1833 620 οὐχ

1046 633 1202 668 ἁρπαγμὸν
1229 633 1364 667 ’ἡγήσατο
1396 633 1429 659 τὸ
1462 630 1539 659 εἶναι
1567 632 1622 658 ἶσα
1650 632 1728 664 Θεῷ·
1760 632 1831 659 ἀλλ’

1026 687 1027 690 ‘
1045 679 1154 706 ἑαυτὸν
1175 678 1306 705 ἐκένωσε
1325 677 1447 712 μορφὴν
1467 677 1579 703 δούλου
1598 676 1708 703 λαϐὼν.
1731 676 1832 703 Τοίνυν

1045 723 1126 758 εἴπερ
1141 723 1169 748 ὲν
1187 723 1277 757 μορφῇ
1293 721 1360 748 Θεοῦ
1377 722 1509 755 ὑπάρχων
1527 722 1634 756 μορφὴν
1657 721 1749 747 δοὺλου
1768 721 1833 747 ἕλα-

1045 769 1091 795 6εν
1108 778 1114 784 ·
1129 769 1333 804 ἀναντιρῤήτως
1383 768 1433 802 μὲν
1448 769 1476 793 ἐν
1493 768 1583 802 μορφῇ
1610 767 1678 793 θεοῦ
1702 767 1832 802 ὑπάρχει,

1044 814 1295 847 οὐκέξεικονίζεται
1307 823 1315 829 ·
1327 814 1422 847 ὅτιπερ
1439 814 1468 840 τὸ
1485 813 1564 840 Θεῖον
1576 814 1646 848 ὑπὲρ
1664 814 1831 849 κατάληψιν·

1008 846 1030 874 Β
1073 862 1101 888 δὲ
1121 846 1227 896 μορφὴν
1244 860 1336 887 δούλου
1365 846 1472 890 ἔλαὸεν,
1491 846 1694 892 ἐξεικονίζεται,
1708 860 1750 886 ὅτι
1764 846 1833 886 ⁷διεδ

1043 908 1195 943 κατάληψιν
1218 907 1268 941 τῆς
1291 907 1320 933 ἐν
1354 907 1409 941 ἀφῇ
1433 914 1462 932 τε
1497 905 1543 932 καὶ
1563 905 1642 940 χροιᾷ
1670 907 1687 940 ἡ
1719 906 1832 941 δουλικὴ

1045 954 1136 989 μορφὴ
1162 953 1356 988 περιορίζεται.
1376 951 1437 983 Πῶς
1449 951 1504 985 γὰρ
1520 951 1552 978 ἂν
1571 953 1599 978 ὲν
1620 951 1770 986 ὁμοιώματι
1784 953 1833 978 ἁν-

1043 1001 1161 1036 θρώπων
1173 999 1314 1034 γεγονέναι
1332 998 1553 1032 πιστευθήσεται,
1568 998 1592 1023 εί
1608 998 1644 1032 μὴ
1657 998 1758 1032 ὁμοίως
1773 999 1832 1028 τοῖς

1041 1044 1196 1080 ἀνθρώποις
1216 1043 1429 1077 ὲξεικονίζεσθαι
1448 1043 1574 1077 πέφυκες
1591 1042 1650 1073 πῶς
1663 1043 1691 1069 δὲ
1704 1044 1751 1068 καί
1765 1045 1832 1077 σλιή-

1043 1100 1110 1126 ματι
1130 1090 1275 1124 εὑρεθῆναι
1289 1089 1328 1121 ὡς
1350 1089 1493 1124 ἄνθρωπος
1508 1089 1680 1124 λεχθήσεται,
1693 1090 1717 1115 εἰ
1737 1089 1775 1124 μὴ
1791 1089 1831 1123 τῷ

1042 1136 1205 1171 ἀνθρωπίνῳ
1220 1135 1340 1170 σχήματι
1356 1135 1550 1170 γεγραμμένος
1561 1134 1710 1169 ὀφθήσεται
1724 1142 1731 1166 ;
1748 1134 1832 1168 ’0ρᾶ-

1040 1191 1081 1212 τε,
1099 1180 1121 1208 ὧ
1143 1182 1331 1217 γαληνότατοι,
1349 1181 1408 1213 πῶς
1435 1181 1617 1216 ὀφειλομένως
1639 1180 1710 1207 κατὰ
1740 1181 1831 1207 πάντα

1040 1231 1096 1260 τοῖς
1109 1229 1232 1262 ἀδελφοῖς
1242 1228 1428 1262 ὁμοιούμενος,
1441 1225 1481 1259 οἷς
1492 1228 1538 1253 καὶ
1552 1226 1753 1261 παραπλησίως
1765 1235 1831 1262 μετ-

1040 1274 1140 1309 έσχηκε
1166 1273 1266 1308 σαρκὸς
1284 1273 1331 1299 καὶ
1348 1273 1463 1307 αἵματος
1474 1292 1481 1303 ,
1497 1272 1527 1304 ἐξ
1558 1271 1708 1305 ἀναγκαίου
1723 1271 1782 1306 ἕχει
1799 1272 1832 1297 τὸ

1039 1319 1137 1353 ἐπίσης
1147 1319 1253 1350 τούτοις
1266 1317 1478 1350 ὲξεικονίζεσθαι
1490 1326 1496 1332 '
1511 1318 1534 1343 εἰ
1548 1316 1577 1344 δὲ
1590 1317 1637 1352 μὴ,
1656 1317 1705 1351 οὐχ
1720 1317 1830 1351 ὡμοίω-

1038 1370 1095 1394 ται,
1121 1362 1167 1388 καὶ
1191 1362 1347 1395 διέψευσται
1371 1363 1386 1388 ὁ
1410 1361 1621 1396 ἀποφηνάμενος
1636 1369 1643 1377 ·
1661 1362 1714 1388 Καὶ
1733 1362 1750 1396 ὴ
1778 1362 1831 1396 φύ-

1041 1417 1084 1440 σις
1114 1408 1312 1444 παρήλλακται.
1329 1408 1383 1435 Καὶ
1414 1407 1467 1442 μὴν
1482 1408 1563 1439 αὐτὸς
1577 1409 1591 1434 ὀ
1607 1408 1673 1439 Θεὸς
1697 1408 1745 1434 καὶ
1776 1408 1830 1434 Λό-

1039 1463 1086 1488 γος
1099 1450 1150 1481 ὧδέ
1169 1453 1232 1484 πού.
1249 1461 1333 1488 φησι·
1351 1454 1381 1480 T1
1395 1462 1434 1487 με
1446 1452 1556 1487 ζητεῖτε
1570 1453 1759 1485 ἀποκτεῖναι,
1773 1454 1829 1480 ἆν-

1040 1501 1166 1533 θρωπον,
1190 1498 1223 1530 ὃς
1246 1497 1303 1531 τὴν
1325 1497 1469 1530 ἀλήθειαν
1490 1496 1561 1531 ὑμῖν
1586 1496 1759 1529 λελάληκα,
1788 1495 1832 1530 ἢν

1042 1543 1160 1577 ἤκουσα
1171 1542 1250 1576 παρὰ
1264 1542 1317 1568 τοῦ
1330 1542 1404 1570 Θεοῦ
1419 1550 1428 1573 ;
1447 1542 1503 1568 οὐκ
1518 1541 1551 1568 ἂν
1565 1542 1594 1568 δὲ
1611 1543 1625 1568 ὁ
1645 1542 1682 1576 μὴ
1695 1541 1830 1573 ἐξεικονι-

1041 1588 1154 1623 ξάμενος
1181 1588 1325 1624 ἄνθρωπον
1351 1588 1446 1615 ἑαυτὸν
1475 1588 1562 1614 εἴποιέ
1586 1596 1651 1614 ποτε
1667 1596 1676 1604 ·
1694 1588 1748 1614 οὐδ’
1767 1587 1801 1614 ἂν
1814 1589 1830 1614 ὁ

1042 1632 1171 1667 πεφυκὼς
1196 1633 1415 1663 ἀποκτείνεσθαι.
1434 1633 1471 1668 μὴ
1487 1633 1547 1667 οὐχὶ
1572 1632 1702 1666 πεφυκὼς
1721 1632 1763 1667 εἴη
1779 1632 1830 1658 καὶ

1041 1679 1088 1705 τηῦ
1101 1679 1312 1711 ὲξεικονίζεσθαι
1329 1688 1336 1694 ·
1358 1678 1471 1713 θάτερον
1486 1678 1539 1713 γὰρ
1553 1678 1661 1713 θατέρῳ
1679 1679 1830 1710 εἰσαγωγι-

1041 1724 1088 1750 κδν
1117 1724 1163 1750 καὶ
1189 1724 1395 1758 ὁμολογητικόν.
1412 1720 1497 1754 Οὗτός
1522 1724 1597 1749 ἐστιν
1613 1724 1629 1748 ὀ
1645 1723 1830 1755 θανατωθεὶς

1038 1769 1097 1803 μὲν
1125 1770 1224 1802 σαρκὶ.
1242 1767 1430 1802 ζωοποιηθεὶς
1456 1767 1491 1794 δὲ
1519 1768 1666 1801 πνεύματι
1679 1775 1685 1782 ·
1706 1767 1797 1799 καθὼς
1812 1768 1829 1794 ὁ

1042 1815 1176 1850 μακάριος
1203 1814 1307 1849 Πέτρος
1336 1814 1440 1849 λέλεχε.
1455 1813 1487 1839 Τί
1505 1812 1528 1839 δ’
1548 1812 1613 1839 ἄλλο
1628 1811 1684 1839 εἷεν
1700 1812 1791 1844 τοῦτο,
1807 1813 1827 1848 ἢ

1039 1861 1070 1887 τὸ
1085 1860 1178 1894 φάναι,
1195 1859 1406 1892 ὲξεικονίζεσθαι
1425 1859 1575 1894 σαρκικῶς.
1593 1858 1829 1893 ἐξεικονιζὸμενον

1040 1905 1176 1940 πνεύματι
1189 1914 1196 1939 ;
1209 1903 1294 1937 υῦτός
1305 1906 1379 1932 ἐστιν
1389 1906 1403 1932 ὁ
1415 1904 1543 1940 εἰρηκώς·
1558 1904 1611 1931 Kal.
1622 1906 1639 1932 ὀ
1650 1904 1767 1938 τρώγων
1775 1913 1827 1938 με,

1039 1951 1178 1991 κάκεῖνος
1193 1951 1312 1984 Maera].
1328 1951 1365 1978 δι’
1376 1949 1502 1984 ἐμέ.οὑκ
1517 1950 1551 1977 ἂν
1567 1950 1594 1976 δὲ
1609 1951 1622 1976 ὁ
1640 1951 1677 1986 μὴ
1692 1958 1830 1985 περιγρα-

1039 1999 1156 2034 φόμενος
1179 1999 1282 2025 εἴποιεν
1310 1997 1458 2030 ἐσθίεσθαι,
1473 1998 1498 2023 εί
1513 1997 1549 2032 μή
1562 1997 1588 2023 τί
1603 2005 1636 2031 γε
1651 1996 1705 2031 ἄρα
1723 1998 1829 2031 φάντα-

1041 2053 1097 2079 σμα
1126 2043 1296 2079 εῐεν.”υπερ
1324 2045 1348 2070 εί
1374 2043 1600 2078 καταδεεοίμεθα,
1629 2042 1828 2077 ὲμπεσούμεθα

1039 2090 1079 2122 είς
1092 2089 1123 2116 τὸ
1136 2089 1190 2116 τῶν
1204 2089 1363 2123 Μανιχαίων
1377 2089 1514 2124 φρόνημα,
1530 2087 1783 2121 ἀποσκευαζόμενοι
1795 2087 1828 2114 τὸ

1041 2136 1111 2171 μέγα
1131 2136 1180 2171 τῆς
1196 2135 1337 2166 εὐσεϐείας
1356 2136 1515 2170 μυστήριον.

236 2179 280 2206 ille
307 2179 439 2214 siquidem
457 2179 484 2206 in
515 2179 673 2214 aspectabili
698 2184 724 2207 et
749 2170 802 2206 non
823 2179 982 2215 aspectabili

1043 2170 1047 2171 7
1070 2181 1125 2208 Καὶ
1139 2180 1193 2214 γὰρ
1205 2181 1307 2210 ἐκεῖνος
1323 2181 1351 2206 ἐν
1365 2179 1402 2214 τῷ
1416 2180 1505 2215 ὁρατῷ
1516 2179 1563 2206 καὶ
1573 2179 1681 2215 ἀοράτῳ
1696 2179 1743 2205 τὸν
1760 2178 1828 2205 Υἰὸν

198 2225 296 2252 Filium
326 2224 464 2260 propriam
492 2225 674 2253 substantiam
703 2226 730 2252 in
755 2230 848 2253 monte
866 2226 984 2253 manife—

198 2277 286 2299 SIasse
298 2271 373 2303 dicit,
393 2279 445 2298 non
469 2271 537 2299 duas
550 2271 693 2299 habentem
720 2276 842 2304 naturas,
858 2272 904 2299 sed
920 2273 984 2299 uni-

197 2324 268 2344 cam.
284 2316 375 2350 Quare
393 2316 410 2343 ii
423 2318 534 2351 pariter.
561 2317 607 2352 qui
623 2325 676 2344 non
692 2318 879 2345 circumscribi
903 2318 984 2345 Chri-

197 2368 268 2390 stum
283 2363 430 2395 aiiirmant,
445 2367 573 2398 tanquam
589 2368 713 2390 naturam
736 2371 817 2390 unam
833 2364 984 2399 pradican-

198 2411 249 2438 tes.
266 2408 292 2434 in
307 2407 365 2440 eius
382 2407 543 2434 sententiam
556 2407 660 2435 devolvi
675 2409 884 2436 convincuntur.
905 2408 984 2442 Quod

195 2454 271 2481 enim
287 2454 563 2489 incircumscriptum,
582 2455 652 2482 idem
679 2454 985 2490 incorporeum.Neque

196 2507 271 2531 vero,
303 2506 336 2526 eo
363 2500 436 2534 quod
463 2499 709 2532 circumscribitur,
737 2499 839 2526 idcirco
865 2500 892 2526 in
917 2501 985 2528 duas

196 2554 331 2582 personas
345 2547 424 2574 unica
442 2546 543 2574 Christi
563 2553 691 2581 persona.
709 2545 860 2580 utquidam
874 2550 983 2580 putant,

196 2593 337 2620 dividitur.
357 2593 491 2626 Quoniam
513 2600 602 2628 neque
621 2597 718 2618 natura
732 2591 861 2626 imaginis
873 2600 905 2619 ac
919 2600 985 2626 pro-

175 2634 177 2637 ’
193 2638 281 2672 totypi
297 2639 445 2665 secundum
464 2638 628 2672 hypostasim
643 2637 788 2670 dividitur;
810 2638 856 2665 sed
870 2646 904 2665 ex
921 2639 987 2665 sub-

195 2684 303 2711 stantia:
334 2684 438 2711 ratione
476 2684 656 2711 diﬂ'erentiam
692 2684 815 2711 sortitur.
841 2684 885 2710 Ait
909 2685 981 2711 ettim

196 2730 416 2765 sapientissimus
437 2730 583 2766 Dionysius
600 2740 606 2758 :
621 2739 630 2756 ί
649 2729 800 2764 Utrumque
813 2730 839 2757 in
856 2735 973 2765 utroque

232 2830 255 2846 "
271 2828 386 2865 Philipp.
401 2838 431 2863 ιι,
445 2830 469 2857 G.

517 2830 627 2858 5“.lom.
646 2838 695 2863 ru,
712 2830 763 2863 '20;
778 2837 836 2862 vttt,
859 2830 898 2858 ιο.
939 2830 960 2846 ⁶⁰
981 2830 1076 2857 lPelr.
1096 2830 1193 2864 "1,18.

1033 2227 1082 2263 τὴν
1109 2228 1176 2254 ἰδίαν
1195 2227 1289 2253 οὐσίαν
1304 2228 1333 2253 ὲν
1354 2226 1393 2261 τῷ
1416 2227 1475 2261 ὁρει
1500 2226 1728 2261 πεφανερωμένον
1745 2224 1824 2260 [cod.

1034 2274 1101 2309 Reg.
1123 2272 1362 2308 πεφανερωκέναι]
1379 2273 1472 2307 φησὶν,
1488 2272 1518 2298 οὐ
1526 2271 1588 2298 -δύο
1602 2272 1698 2307 ἔχοντα
1712 2271 1824 2304 φύσεις,

1034 2320 1102 2347 ἀλλά
1123 2320 1196 2354 μίαν.
1211 2320 1292 2345 Ὥστε
1311 2320 1359 2345 καὶ
1369 2320 1393 2345 οἱ
1409 2319 1446 2354 μὴ
1471 2318 1690 2353 περιγράφεσθαι
1705 2318 1827 2352 Χριστὸν

1033 2366 1272 2402 διισχυριζόμενοι,
1283 2365 1320 2397 ὼς
1333 2365 1397 2400 μίαν
1409 2365 1488 2399 φύσιν
1499 2364 1705 2400 πρεσϐεύοντες,
1717 2365 1826 2390 ἐκείνου

1034 2413 1074 2449 τῷ
1098 2413 1252 2447 φρονήματι
1275 2411 1474 2446 συνεμπίπτειν
1493 2410 1699 2445 ἀπελέγχονται.
1719 2410 1752 2435 ’0
1768 2409 1827 2444 γὰρ

1034 2457 1250 2491 ἀπερίγραπτον,
1266 2455 1346 2482 τοῦτο
1369 2455 1414 2481 καὶ
1428 2454 1584 2489 ἀσώματον.
1599 2454 1660 2480 Οὐδ’
1679 2451 1712 2479 αὖ
1731 2455 1760 2479 ἐν
1785 2454 1827 2487 τῷ

1033 2501 1267 2537 περιγεγράφθω,
1279 2502 1318 2533 εἰς
1334 2501 1417 2528 δυάδα
1432 2499 1588 2534 προσώπων
1605 2499 1636 2525 τὺ
1651 2499 1679 2525 ἓν
1700 2499 1823 2533 Χριστοῦ

1033 2547 1190 2582 πρόσωπον,
1206 2546 1244 2577 ὡς
1270 2546 1345 2572 δοκεῖ
1366 2553 1432 2577 τισι,
1460 2545 1642 2579 διατέμνεται.
1661 2543 1723 2570 Ὅτι
1752 2543 1825 2578 μηδὲ

1037 2593 1117 2627 φύσις
1136 2592 1241 2623 εἰκόνος
1254 2600 1284 2618 τε
1299 2591 1348 2618 καὶ
1363 2591 1543 2626 πρωτοτύπου
1561 2590 1750 2620 ὑποστατικῶς
1767 2587 1825 2615 οἶδε

1034 2638 1181 2673 τέμνεσθαι
1196 2645 1203 2652 ⁵
1219 2638 1286 2665 ἀλλά
1305 2637 1404 2673 τῷτῆς
1420 2637 1514 2668 οὐσίας
1534 2637 1607 2671 λόγῳ
1620 2637 1669 2672 τὴν
1689 2637 1825 2670 διαφορὰν

1033 2685 1175 2719 κέκτηται.
1191 2685 1260 2718 Φησὶ
1278 2683 1331 2719 γὰρ
1347 2685 1361 2709 ὁ
1373 2683 1510 2717 πάνσοφος
1524 2683 1661 2714 Διονύσιος
1678 2691 1684 2696 ·
1706 2692 1715 2708 t
1741 2682 1825 2708 Ἑκά-

1030 2737 1109 2764 τερον
1123 2729 1151 2755 ἐν
1172 2728 1296 2765 ἑκατέρῳ
1321 2729 1396 2762 παρὰ
1415 2728 1445 2754 τὸ
1457 2728 1506 2763 τῆς
1521 2728 1616 2760 οὐσίας
1639 2727 1782 2762 διάφορον.
1807 2737 1819 2753 ι

1244 2830 1264 2846 ⁸⁸
1283 2830 1363 2858 Joan.
1387 2839 1423 2862 vr,
1445 2831 1491 2858 ‘28.
