1927 3089
107 165 177 196 1605

702 163 971 194 EPISTULARUM
991 163 1066 194 LIB.
1093 163 1136 202 ΙΙ,

1661 159 1729 191 Ῑὶνῡϐ

111 222 188 250 Ἐπεὶ
218 223 264 250 καὶ
287 223 334 250 ἐπὶ
354 222 402 250 τοῦ
418 222 552 254 ζωοποιοῦ
579 222 708 257 σταυροῦ,
723 223 773 249 οὐκ
795 221 827 249 ἄν
851 230 891 253 τις

944 227 1041 256 praeter
1065 220 1226 248 substantia
1250 219 1440 247 differentiam.
1462 228 1472 244 ι
1502 217 1728 252 Quandoquidem

103 269 177 296 εἴποι
191 269 241 304 τὴν
259 269 419 304 σταυροειδῆ
441 269 534 296 εἰκόνα
552 261 617 295 ἄλλο
630 278 656 295 τι
678 277 714 295 πα
721 268 755 304 ρὰ
775 267 805 294 τδ
823 267 892 294 ταύ-

103 323 153 348 της
172 314 363 349 πρωτότυπον,
377 313 393 349 ἢ
409 314 491 348 μόνον
511 314 550 349 τῷ
569 314 676 349 φυσικῷ
701 314 773 349 λόγῳ
799 314 892 348 διαφο-

106 360 242 394 ρουμένην
255 367 262 374 '
279 359 328 386 καὶ
343 359 374 385 τὸ
393 360 571 394 παράδειγμα
589 359 716 393 ἐγγύθεν,
731 359 806 394 καὶὴ
823 359 891 393 ἀλή-

104 405 166 431 θεια
182 405 395 439 ἀναμφίλεκτος.
407 402 492 436 Οὗτος
508 402 553 431 οὖν
570 405 584 430 ὁ
599 405 707 440 πρῶτος
717 405 819 441 τρόπος
838 404 892 431 τῶν

103 449 266 483 εἰρημένων.
280 449 328 480 Τίς
342 450 356 475 ό
366 448 491 484 δεύτερος
504 458 511 481 ;
527 450 561 475 Αἱ
577 449 632 475 τῶν
647 449 732 484 ἁγίων
747 449 845 484 φωναὶ,
859 449 890 475 ού

104 495 316 529 συλλογιστικῶς
333 516 340 527 ,
368 496 437 522 ἀλλὰ
461 495 582 530 γυμνῶς,
610 495 820 528 ἐξεικονίζεσθαι
844 496 891 523 τὸν

102 540 208 575 Κύριον
226 541 304 575 ἡμῶν
324 541 428 576 Ἰησοῦν
441 542 558 576 Χριστὸν
573 541 780 577 διαγορεύουσαι
791 549 799 556 '
818 541 850 573 ἃς
864 543 890 568 εἱ

103 583 197 614 πάσας
222 583 339 610 ἐνταῦθα
355 584 555 620 βουληθείημεν
570 585 697 617 ἐντάξαι,
714 586 890 621 ὲκϐησόμεθα

47 625 50 627 ’
103 627 150 654 τοῦ
168 629 280 664 μετρίου
295 629 346 663 τῆς
362 631 596 666 προσφωνήσεως.
619 631 666 658 Ἐκ
684 631 788 658 πολλῶν
800 632 828 658 δὲ
844 633 891 659 δύο

102 674 120 708 ἢ
135 676 222 709 τρεῖς,
237 675 284 701 καὶ
303 675 407 708 ταύτας
423 676 658 712 προύργιαιτέρας
683 677 890 713 ἀναλεξάμενοι,

102 721 227 748 ὲκτῶνδε
241 722 285 748 καὶ
309 723 358 755 τὰς
378 723 475 755 λοιπὰς
502 725 715 759 πιστωσόμεθα·
737 725 890 760 πληρουμέ-

101 774 149 792 νου
167 767 307 794 κάνταῦθα
317 768 365 794 τοῦ
375 769 568 804 γεγραμμένου
579 778 585 784 ·
596 770 659 796 Ἐπὶ
672 770 821 804 στόματος
835 769 890 797 δύο

100 812 122 846 ἦ
139 812 228 846 τριῶν
239 814 397 848 μαρτύρων
414 815 598 849 σταθήσεται
623 815 685 843 πᾶν
709 816 798 850 ῥῆμα.
811 816 888 851 Φωνὴ

99 858 150 884 τοῦ
176 860 327 894 κορυφαίου
355 861 410 887 τῶν
435 861 592 888 ἀποστόλων
610 862 714 896 Πέτρου
731 863 760 888 ἐν
783 861 889 897 ἱστορίᾳ

941 267 1022 294 etiam
1043 266 1070 293 in
1087 266 1193 293 vivifica
1209 272 1300 295 cruce,
1318 271 1398 291 nemo
1418 263 1609 291 cruciformem
1633 263 1729 297 imagi-

941 320 1003 340 nem
1024 311 1096 339 aliud
1108 311 1142 338 ab
1153 311 1211 346 ejus
1223 315 1367 345 prototypo
1379 316 1440 336 esse
1455 308 1563 339 dixerit,
1577 307 1624 335 sed
1642 313 1725 335 natu-
1758 324 1763 329 -

941 359 991 386 rali
1016 362 1121 385 tantum
1152 357 1256 384 ratione
1281 356 1458 390 discrepare:
1484 359 1511 382 et
1527 355 1680 389 exemplum
1694 355 1727 382 de

941 405 1096 440 propinquo
1111 408 1163 434 est.
1180 407 1207 431 et
1230 402 1331 430 veritas
1345 408 1423 429 extra
1438 401 1663 428 controversiam.
1679 400 1728 428 Hic

941 451 1022 486 igitur
1036 451 1140 485 primus
1152 454 1193 477 est
1206 449 1302 476 modus
1318 456 1351 475 ex
1367 448 1400 476 iis
1416 455 1486 482 quos
1501 447 1631 475 diximus.
1646 446 1728 480 Quis-

941 503 1003 522 nam
1031 498 1073 522 est
1097 495 1255 523 secundus?
1287 494 1451 521 Sanctorum
1475 501 1567 524 voces,
1589 501 1649 528 quae
1671 500 1726 520 non

941 541 1115 578 syllogistice,
1129 541 1175 568 sed
1188 540 1261 567 nude
1270 544 1296 567 et
1307 545 1411 575 aperte,
1426 539 1540 574 exprimi
1552 547 1599 573 per
1612 538 1726 573 efﬁgiem

941 588 1085 615 Dominum
1124 593 1247 614 nostrum
1274 585 1364 613 Jesum
1391 585 1530 612 Christum
1562 585 1727 611 enuntiant:

941 640 1009 667 quas
1029 632 1051 659 si
1071 638 1166 658 omnes
1193 631 1315 666 digerere
1343 629 1387 656 hic
1410 629 1536 660 velimus,
1555 629 1729 662 egrediemur

941 678 1073 705 terminos
1091 677 1236 704 moderata:
1261 674 1444 703 allocutionis.
1465 674 1502 700 Ex
1529 674 1624 701 multis
1639 678 1728 700 autem

939 723 1008 750 duas
1026 728 1125 756 tresve,
1141 727 1168 750 et
1183 722 1216 749 ad
1234 729 1292 749 rem
1318 721 1403 755 magis
1426 726 1502 754 aptas
1516 720 1674 754 seligentes,
1695 727 1729 745 ex

940 768 994 795 illis
1013 767 1090 794 fidem
1108 767 1142 793 de
1173 766 1280 794 caeteris
1300 765 1443 792 faciemus.
1460 764 1498 791 Ita
1528 769 1559 791 ut
1579 764 1622 790 hic
1648 764 1728 790 etiam

940 810 1029 837 locum
1055 810 1151 837 habeat
1171 810 1244 844 quod
1273 810 1403 843 scriptum
1421 813 1480 835 est:
1502 807 1536 834 1η
1558 817 1601 835 ore
1615 809 1730 835 duorum

940 856 978 883 vel
990 856 1072 882 trium
1095 856 1200 882 testium
1224 855 1304 882 stabit
1326 863 1400 881 omne
1415 855 1520 881 verbum
1528 855 1561 881 ⁸³.
1577 854 1635 881 Vox
1650 862 1730 890 cory-

99 903 149 930 τοῦ
179 905 378 941 ἱερομάρτυρος
405 907 580 941 Παγκρατίου
599 907 888 942 ὑπομνηματιζομένη·

942 900 1009 935 ρΙιειεί
1027 901 1214 935 apostolorum
1229 899 1302 927 Petri
1319 899 1346 926 in
1369 899 1484 926 historia
1511 899 1582 926 sacri
1602 901 1731 934 martyris

103 957 114 974 ι
126 949 285 983 Ἑξένεγκον
297 950 347 985 τὴν
361 951 452 978 εἱκόνα
462 951 509 978 τοῦ
522 952 624 988 Κυρίου
633 952 712 987 ἡμῶν
726 952 814 987 Ἰησοῦ
823 953 888 987 Χρι-

102 995 177 1028 στοῦ,
199 996 247 1022 καὶ
262 996 418 1023 ὲντύπωσον
436 998 521 1034 αὐτὴν
544 999 574 1024 ὲν
598 997 637 1033 τῷ
662 998 807 1033 πυργὶσκῳ
819 1007 826 1013 ·
844 998 888 1025 ἵνα

101 1041 196 1067 ἴδωσιν
221 1042 246 1068 οἱ
271 1042 342 1075 λαοὶ,
373 1043 456 1070 ποίαν
488 1043 596 1079 μορφὴν
621 1044 716 1071 ἔλαϐεν
731 1044 822 1076 ὁΥἱὸς
840 1044 888 1070 τοῦ

100 1087 170 1114 Θεοῦ
183 1096 189 1103 ”
205 1087 248 1114 ἵνα
266 1088 366 1120 Ζδόντες
384 1090 430 1116 ἐπὶ
450 1089 543 1116 πλεῖον
562 1089 754 1122 πιστεύσωσιν,
772 1089 889 1124 ὁρῶντες

100 1134 147 1160 τὸν
163 1134 250 1160 τύπον
271 1136 321 1170 τῆς
348 1135 467 1170 μορφῆς,
483 1135 531 1162 καὶ
556 1135 708 1171 ὑπόμνησιν
729 1135 889 1170 λαμϐάνωσι

100 1179 156 1206 τῶν
189 1181 229 1212 εἰς
259 1181 358 1213 αὐτοὺς
391 1182 457 1215 παρ’
488 1181 567 1216 ἡμῶν
594 1181 798 1216 κηρυχθέντων.
818 1190 827 1206 ι
845 1181 890 1213 Ὠς

101 1225 220 1260 φοϐερὸς
237 1226 251 1252 ὁ
265 1226 345 1260 λόγος
359 1224 436 1258 οὗτος
454 1227 461 1253 ἱ
480 1227 631 1261 Μονονουχὶ
645 1228 690 1253 καὶ
701 1227 868 1258 ἐπιϐοῶντος
880 1234 888 1242 ο

107 1269 268 1303 Ἐξένεγκον
294 1269 344 1306 τὴν
366 1271 457 1297 εἱχόνα
472 1270 520 1297 τοῦ
535 1271 568 1306 τῇ
581 1271 664 1305 ἀρετῇ
677 1271 740 1302 τοὺς
758 1271 890 1305 οὐρανοὺς

101 1315 287 1349 κιλύψαντος,
310 1316 357 1342 καὶ
380 1316 535 1343 ὲντύπωσον
557 1316 640 1343 οἱονεὶ
655 1317 684 1342 ἐν
704 1316 742 1352 τῷ
759 1315 890 1352 μετεώρῳ

102 1362 144 1392 εἰς
170 1361 320 1396 μαρτύριον
346 1362 477 1396 ἐμφανές’
504 1362 548 1389 ἵνα
570 1362 661 1389 ἴδωσιν
690 1363 714 1389 οἱ
729 1362 789 1389 λαοὶ
809 1362 891 1389 ποίαν

104 1407 214 1442 μορφὴν
233 1407 328 1433 ἔλαϐεν
343 1409 357 1434 ὁ
374 1407 436 1439 m;
453 1408 500 1434 τοῦ
514 1407 582 1434 Θεοῦ
599 1417 607 1424 ·
628 1408 678 1434 οὐκ
690 1408 818 1442 ἀγγέλου,
831 1408 892 1434 οὐδὲ

102 1452 276 1486 ἀρχαγγέλου
287 1473 294 1484 ι
311 1453 372 1480 οὐδέ
392 1462 465 1485 τινος
480 1453 562 1489 ἄλλης
580 1454 721 1487 δυνάμεως
736 1463 742 1469 ·
761 1454 829 1481 ἀλλὰ
842 1454 891 1489 τὴν

103 1496 167 1524 καθ’
182 1498 256 1532 ἡμᾶς
273 1498 399 1533 δουλικὴν
414 1499 538 1534 μορφήν·
551 1499 595 1525 ἵνα
610 1499 722 1531 ἰδόντες,
736 1500 783 1526 ἐπὶ
797 1499 891 1526 πλεῖον

102 1542 300 1570 πιστεύσωσιν·
311 1544 347 1575 ὡς
358 1544 407 1570 οὐκ
415 1543 554 1579 ἀρκούσης
563 1545 611 1580 τῆς
619 1545 662 1571 διὰ
670 1545 749 1578 λόγου
760 1545 890 1580 ἱστορίας,

103 1589 175 1616 ἀλλᾶ
188 1589 320 1624 δεομένης
332 1590 379 1616 καὶ
391 1591 439 1625 τῆς
453 1590 486 1616 δι’
497 1589 585 1625 ὅψεως
596 1591 738 1626 ἐνεργείας
749 1592 788 1623 είς
803 1591 894 1618 πλείο-

103 1643 140 1661 να
163 1634 298 1661 πίστωσιν
309 1644 318 1651 ·
333 1635 374 1662 ὃτι
393 1636 407 1661 ό
423 1635 486 1667 Υἱὸς
501 1635 549 1661 τοῦ
565 1635 632 1662 Θεοῦ
643 1656 649 1668 ,
663 1636 726 1668 Υἰδς
745 1636 892 1671 ἀνθρώπου

103 1679 202 1712 γέγονε
217 1687 225 1694 ”
246 1679 295 1705 καὶ
310 1679 463 1714 ὑπόμνησιν
481 1679 643 1715 λαμϐάνωσι
666 1680 720 1707 τῶν
735 1681 799 1716 παρ’
815 1680 893 1716 ἡμῶν

102 1725 146 1756 εἰς
162 1724 262 1756 αὐτοὺς
275 1725 467 1760 κηρυχθέντων
477 1733 485 1741 ·
502 1726 596 1760 ὅμοιον
610 1726 658 1753 τοῦ
672 1727 761 1753 εἱπεϊν
781 1734 788 1743 ·
807 1727 895 1754 Τοῦτο

103 1771 171 1806 ὑμῖν
186 1771 358 1805 μνημόσυνον
372 1772 412 1803 εἱς
425 1771 522 1806 γενεὰς
537 1772 650 1806 γενεῶν.

148 1859 339 1894 Ἐπισημαίνει
353 1859 382 1886 δὲ
393 1860 410 1895 ἡ
421 1860 539 1896 ἱστορία,
558 1861 599 1887 ὃτι
616 1860 664 1889 καὶ
675 1862 700 1888 οἱ
718 1861 808 1889 λοιποὶ
823 1862 893 1889 ἀπό-

103 1906 193 1933 στολοι
221 1905 251 1932 τὺ
276 1906 342 1932 αὐτὸ
363 1906 473 1933 ὲποὶουν
498 1906 527 1933 ἐν
541 1916 571 1934 τε
587 1907 682 1934 πόλεσι
701 1908 749 1935 καὶ
762 1907 872 1943 κώμαις
885 1916 892 1924 ·

103 1951 216 1977 ἃπασαν
244 1950 367 1986 ἱστορίαν
395 1950 446 1985 τῆς
471 1951 706 1987 ὲνανθρωπήσεως
725 1951 772 1978 τοῦ
789 1953 893 1987 Κυρίου

102 1998 184 2032 ἡμῶν
205 1996 293 2032 Ἰησοῦ
308 1997 426 2032 Χριστοῦ
438 1997 651 2034 διακοσμοῦντες
659 1998 706 2025 ἀπ’
716 1999 815 2034 ἀρχῆς,
826 2000 871 2026 ὅτε
881 1999 896 2025 ὀ

102 2043 221 2078 ἄγγελος
234 2043 275 2076 τὸ,
286 2044 383 2079 Χαῖρε,
396 2045 515 2079 κέκραγε
526 2046 559 2080 τῇ
571 2044 711 2080 Παρθένῳ,
723 2045 820 2080 μέχρις
832 2046 895 2072 ὅτου

102 2089 153 2116 καὶ
171 2089 323 2124 ἀνελήφθη.
345 2090 404 2122 "A;,
420 2089 498 2125 φησὶ,
515 2091 562 2117 καὶ
574 2089 649 2125 φόϐῳ
659 2089 798 2125 παρῄνουν
811 2091 895 2125 τιμᾶ-

102 2134 177 2161 σθαι.
201 2134 310 2170 Ὁρᾶτε,
327 2131 350 2162 ὦ
367 2135 621 2171 φιλανθρωπότατοι
644 2134 717 2171 [cod.
735 2136 803 2171 Reg.
817 2136 894 2170 φιλο-

101 2179 249 2216 Θεώτατοι]
259 2199 267 2211 ,
281 2181 321 2207 ὅτι
331 2180 398 2216 ὁμοῦ
409 2182 442 2216 τῇ
456 2179 644 2214 ἀναστηλώσει
657 2180 711 2206 τῶν
727 2180 807 2215 ἱερῶν
822 2181 895 2208 εἰκό-

938 946 1085 978 Pancratii,
1109 943 1248 973 memoriae
1284 945 1389 980 prodita
1408 945 1430 960 "
1455 954 1463 972 :
1492 953 1501 970 ι
1529 945 1601 972 Affcr
1637 945 1731 980 imagi-

939 997 1000 1019 nem
1024 989 1133 1016 Domini
1161 990 1246 1016 nostri
1265 988 1330 1016 Jesu
1349 988 1462 1021 Christi,
1477 996 1592 1023 eamque
1610 989 1732 1023 exprime

939 1033 965 1061 in
981 1034 1124 1067 turricula,
1142 1038 1173 1062 ut
1203 1033 1314 1061 videant
1343 1034 1435 1069 populi
1474 1034 1580 1068 qualem
1614 1033 1730 1061 formam

939 1081 1044 1116 accepit
1073 1080 1160 1108 Filius
1195 1080 1252 1112 Dei,
1275 1084 1302 1107 et
1325 1080 1448 1108 videntes
1473 1080 1591 1115 amplius
1605 1081 1729 1113 credant,

939 1125 1053 1160 ﬁguram
1081 1125 1175 1152 formae
1204 1125 1351 1157 intuentes,
1374 1128 1402 1152 et
1427 1125 1607 1152 recordentur
1634 1132 1731 1152 eorum

939 1178 1000 1206 quae
1014 1179 1061 1205 per
1078 1178 1128 1198 nos
1143 1170 1197 1197 illis
1221 1170 1366 1204 praedicata
1387 1175 1461 1196 sunt.
1484 1179 1495 1197 ›
1521 1169 1607 1202 Quam
1636 1170 1732 1197 formi-

939 1217 1028 1244 danda
1046 1217 1102 1243 haec
1114 1215 1219 1242 oratio!
1244 1215 1324 1250 quasi
1347 1219 1452 1242 tantum
1470 1223 1523 1242 non
1543 1215 1729 1243 exclamaret:

940 1257 1042 1291 Profer
1066 1262 1212 1298 imaginem
1242 1262 1309 1296 ejus,
1336 1262 1382 1296 qui
1397 1262 1481 1289 coelos
1502 1261 1603 1289 virtute
1620 1263 1730 1297 operit:

940 1313 967 1335 et
997 1308 1120 1339 ell‘orma,
1153 1312 1282 1342 tanquam
1303 1307 1330 1334 in
1362 1308 1485 1340 sublimi,
1502 1308 1535 1334 ad
1551 1309 1731 1343 conspicuum

942 1354 1125 1382 testimonium
1139 1363 1146 1381 :
1162 1359 1192 1381 ut
1205 1354 1314 1381 videant
1330 1355 1424 1389 populi
1444 1355 1554 1390 qualem
1584 1355 1668 1383 Filius
1685 1354 1732 1382 Dei

941 1399 1056 1426 formam
1073 1399 1230 1434 sumpserit,
1263 1407 1317 1426 non
1340 1400 1439 1435 angeli,
1457 1408 1547 1435 neque
1560 1401 1731 1435 archangeli,

942 1444 1085 1472 alteriusve
1112 1445 1263 1480 cujuspiam
1289 1447 1448 1480 potestatis,
1480 1447 1526 1474 sed
1550 1448 1674 1474 servilem
1689 1455 1732 1475 se-

942 1491 1062 1517 cundum
1075 1498 1126 1518 nos
1139 1490 1255 1517 formam
1270 1501 1275 1517 :
1293 1495 1322 1517 ut
1335 1491 1457 1518 videntes
1470 1492 1587 1526 amplius
1603 1493 1733 1527 credant;

943 1538 1020 1573 quasi
1041 1545 1094 1564 non
1108 1537 1223 1565 suﬂieiat
1245 1537 1390 1564 verborum
1411 1538 1533 1564 narratio
1548 1558 1555 1571 ,
1573 1538 1621 1565 sed
1638 1547 1733 1567 neces—

943 1583 1014 1611 saria
1031 1584 1111 1611 etiam
1124 1583 1159 1610 sit
1178 1583 1211 1610 ad
1225 1583 1374 1618 pleniorem
1392 1583 1544 1610 faciendam
1570 1583 1660 1615 fidem,
1679 1585 1731 1612 sub

943 1629 1040 1656 oculos
1064 1632 1092 1656 et
1116 1633 1256 1663 aspectum
1289 1631 1390 1657 cadens
1408 1628 1502 1656 elﬁcax
1515 1630 1733 1658 demonstratio:

943 1677 1015 1711 quod
1042 1675 1127 1703 Filius
1144 1675 1200 1707 Dei,
1218 1675 1305 1703 Filius
1326 1675 1443 1703 hominis
1462 1675 1550 1704 factus
1568 1676 1604 1704 sit
1621 1685 1628 1704 :
1650 1682 1677 1704 ct
1692 1685 1735 1704 re-

943 1722 1091 1749 cordentur
1107 1729 1202 1748 eorum
1218 1729 1280 1756 qum
1293 1729 1341 1756 per
1355 1715 1486 1756 nos'ipsis
1499 1723 1648 1756 prmdicata
1660 1728 1735 1750 sunt:

943 1766 1022 1801 quasi
1032 1766 1135 1794 diceret
1151 1775 1158 1794 :
1175 1766 1232 1794 Hoc
1247 1767 1325 1794 vobis
1336 1770 1377 1794 est
1393 1773 1602 1794 monumentum
1614 1769 1641 1795 in
1656 1776 1737 1803 geneh

943 1814 1065 1841 rationes
1083 1813 1302 1848 generatiouum.

979 1859 1085 1887 lndicat
1109 1863 1200 1886 autem
1218 1858 1345 1890 historia,
1367 1859 1464 1887 solitos
1480 1859 1551 1887 idem
1574 1859 1666 1888 facere
1681 1867 1737 1888 caa-

945 1909 1018 1932 teros
1034 1904 1173 1939 apostolos
1194 1905 1221 1932 in
1243 1905 1358 1932 urbibus
1373 1910 1400 1932 et
1428 1905 1506 1937 vicis,
1523 1906 1680 1933 universam
1695 1905 1737 1932 lu-

944 1951 1114 1979 carnationis
1141 1950 1251 1978 Domini
1266 1952 1354 1979 nostri
1372 1951 1437 1979 Jesu
1454 1952 1559 1979 Christi
1573 1952 1670 1980 seriem
1688 1953 1737 1980 de-

945 1997 1089 2025 scribenda
1104 1997 1139 2025 ab
1151 1997 1237 2024 initiis
1252 1997 1328 2031 ipsis,
1342 1997 1452 2032 quando
1465 1998 1579 2033 angelus
1596 1998 1735 2033 Virginem

946 2042 1084 2075 salutavit,
1101 2049 1246 2076 quousque
1260 2049 1419 2076 assumptus
1433 2047 1486 2069 est.
1503 2051 1513 2068 ι
1535 2041 1619 2076 Quas,
1635 2042 1736 2077 inquit,

945 2087 1079 2121 imagines
1096 2094 1158 2113 cum
1178 2085 1276 2113 timore
1290 2085 1465 2113 honoraudas
1478 2087 1639 2114 monebant.
1659 2097 1669 2113 ι
1688 2085 1738 2116 V'H

945 2132 1025 2164 detis,
1041 2140 1058 2159 ο
1073 2131 1271 2166 benignissimi,
1283 2139 1336 2159 una
1352 2139 1415 2159 cum
1429 2140 1568 2159 sacrarum
1587 2133 1735 2167 imaginum

946 2177 1092 2210 erectione,
1109 2177 1217 2204 illarum
1239 2177 1320 2204 etiam
1338 2185 1401 2204 cum
1423 2178 1522 2205 timore
1546 2178 1736 2205 adorationeln

99 2234 169 2257 νων,
183 2226 230 2252 καὶ
240 2225 270 2251 τὸ
277 2226 487 2260 προσκυνεῖσθαι
497 2226 582 2257 αὑτὰς
595 2225 680 2261 φόϐῳ,
694 2226 746 2252 ὑπὸ
753 2226 809 2253 τῶν
823 2227 891 2253 ἀπο-

946 2223 981 2251 ab
994 2223 1125 2257 apostolis
1137 2222 1163 2249 in
1178 2222 1293 2250 exordio
1308 2222 1367 2257 ipso
1383 2223 1510 2250 traditam
1524 2223 1629 2252 fuisse?
1646 2224 1738 2251 Hono-

101 2269 209 2296 στόλων
228 2269 277 2296 ἀπ’
292 2269 380 2304 ἀρχῆς
393 2269 595 2304 παραδέδοται;
614 2269 651 2296 Τὸ
669 2269 723 2305 γάρ
743 2278 785 2296 τοι
808 2271 892 2305 τιμᾶ-

100 2315 178 2347 σθαι,
196 2315 340 2351 ἱσόρῤοπον
354 2315 475 2350 δηλονότι
495 2316 542 2342 τοῦ
560 2316 774 2351 προσκυνεῖσθαι
787 2317 892 2351 ὡμολό-

99 2370 198 2397 γηται.
213 2362 292 2396 Φωνὴ
312 2361 471 2388 Ἀθανασίου
489 2363 539 2388 τοῦ
555 2362 707 2390 πολυάθλου
718 2383 726 2395 ,
740 2364 773 2390 ὲκ
791 2363 841 2398 τῆς
863 2364 892 2389 ἐν

99 2407 219 2442 Βηρυτῷ
231 2408 465 2442 προσφωνήσεως·
479 2408 599 2442 «Ἀρατε
608 2409 671 2440 τοὺς
683 2407 893 2444 ὀφθαλμοὺςτῆς

99 2452 224 2484 διανοίας
241 2453 329 2488 ὑμῶν,
345 2453 392 2479 καὶ
407 2453 477 2479 ἴδετε
499 2454 530 2480 τὺ
559 2454 654 2480 καινὸν
669 2453 758 2490 θέαμα
776 2453 866 2481 τοῦτο.
879 2463 890 2479 ι

100 2499 161 2527 Καὶ
185 2499 246 2534 μεθ’
273 2499 376 2535 ἔτερα·
397 2509 406 2525 ι
425 2499 492 2525 Τότε
519 2499 569 2536 τὴν
594 2499 687 2526 εἱκόνα
715 2499 761 2526 τοῦ
789 2498 892 2535 Κυρίου

100 2545 182 2580 ἡμῶν
203 2545 290 2580 Ἰησοῦ
317 2545 437 2580 Χριστοῦ
465 2546 489 2572 οἱ
524 2546 645 2573 Ἰουδαῖοι
674 2545 892 2579 κατενέγκαντες

101 2592 220 2626 ἔφησαν,
250 2592 293 2618 ὅτι
321 2591 421 2624 Καθὼς
443 2593 468 2618 οἱ
496 2592 615 2627 πατέρες
637 2591 715 2627 ἡμῶν
740 2591 892 2618 ἐνέπτυσαν

101 2638 178 2672 αὐτῷ
207 2646 283 2671 ποτε,
302 2637 389 2670 οὕτως
417 2639 463 2664 καὶ
490 2639 570 2673 ἡμεῖς
593 2637 778 2673 ὲμπτύσωμεν
804 2635 889 2672 αὐτῷ.

103 2683 173 2709 Τότε
187 2682 305 2717 ἤρξαντο
321 2684 456 2718 ἐμπτύειν
473 2685 513 2715 εἱς
525 2684 554 2709 τὸ
566 2683 713 2718 πρόσωπον
728 2683 777 2718 τῆς
793 2683 897 2711 εἰκόνος

102 2728 152 2755 τινῦ
181 2729 295 2764 Κυρίου,
307 2730 355 2756 καὶ
378 2729 530 2765 regem“
549 2729 635 2764 αὐτὴν
657 2729 730 2756 κατὰ
755 2728 900 2764 πρόσωπον

107 2773 162 2800 τῶν
179 2774 365 2802 συνελθόντων
376 2774 453 2802 ἐνθεν
469 2774 615 2806 κάκεῖθεν,
629 2775 714 2810 ἤγουν
733 2775 782 2809 τὴν
807 2773 900 2800 εἱκόνα

944 2276 1007 2296 rare
1021 2269 1166 2303 siquidem,
1183 2269 1238 2296 vim
1258 2269 1382 2297 eamdem
1399 2270 1499 2298 habere
1515 2275 1598 2306 atque
1609 2271 1734 2302 adorare,

945 2313 1041 2351 utique
1069 2314 1097 2341 in
1111 2313 1239 2342 confesso
1255 2318 1307 2341 est.
1331 2314 1389 2342 Vox
1405 2316 1509 2343 strenui
1526 2317 1637 2343 athletae
1649 2316 1736 2343 Atha-

945 2360 1014 2386 nasii
1046 2367 1079 2387 ex
1107 2360 1272 2388 allocutione
1287 2360 1314 2388 in
1331 2360 1429 2396 Beryto
1452 2361 1574 2389 habita“
1590 2370 1619 2388 ει
1637 2361 1737 2390 Levate

945 2407 1040 2435 oculos
1057 2407 1210 2435 intellectus
1226 2408 1320 2441 vestri,
1334 2413 1361 2435 et
1372 2409 1472 2435 novum
1485 2409 1538 2436 hoc
1549 2410 1734 2444 spectaculum

945 2452 1180 2487 contemplamini.
1198 2462 1208 2479 ι
1235 2453 1269 2480 Et
1284 2456 1347 2488 post
1368 2453 1422 2480 alia
1438 2462 1445 2480 :
1476 2463 1485 2479 ι
1505 2453 1574 2481 Tum
1589 2455 1736 2490 imaginem

944 2498 1051 2525 Domini
1071 2499 1160 2526 nostri
1172 2497 1237 2526 Iesu
1249 2499 1352 2527 Christi
1378 2500 1547 2535 proferentes
1560 2499 1646 2528 Judaei
1660 2501 1736 2528 dixe-

943 2548 1028 2572 runt:
1055 2543 1292 2577 Quemadmodum
1317 2550 1410 2580 patres
1427 2545 1512 2573 nostri
1537 2545 1683 2573 illuserunt
1709 2546 1734 2573 ei

943 2591 1092 2626 quondam,
1114 2591 1151 2618 ila
1172 2595 1199 2618 et
1215 2599 1266 2618 nos
1289 2591 1436 2620 illudamus
1450 2599 1524 2619 nunc
1535 2592 1571 2619 ei.
1587 2592 1664 2620 Tunc
1676 2600 1735 2620 οων

943 2641 1044 2670 perunt
1061 2644 1196 2671 exspuere
1211 2636 1238 2663 in
1262 2636 1360 2664 faciem
1377 2637 1504 2671 imaginis
1529 2637 1650 2671 Domini,
1662 2639 1736 2666 cola~

940 2681 1058 2716 phisque
1073 2681 1137 2709 hinc
1151 2682 1226 2709 illinc
1239 2682 1374 2709 caedentes
1391 2683 1520 2710 dixerunt
1536 2693 1543 2710 :
1558 2683 1736 2718 Quaecunque

941 2726 1122 2760 designarunt
1139 2730 1234 2760 patres
1249 2726 1335 2753 nostri
1353 2726 1382 2753 in
1402 2726 1490 2760 illum,
1511 2734 1543 2754 ea
1559 2731 1585 2754 et
1599 2735 1649 2754 nos
1665 2735 1736 2762 quo,

942 2779 995 2806 que
1009 2770 1144 2798 faciamus
1164 2771 1191 2798 in
1213 2771 1287 2799 illius
1312 2771 1472 2808 imaginem.
1492 2771 1526 2798 Et.
1539 2772 1652 2799 dicunt:
1668 2773 1735 2799 lllu-

161 2843 183 2858 "
198 2842 278 2870 Deut.
293 2850 352 2875 XII,
371 2843 415 2870 15.
458 2843 481 2859 "
497 2843 574 2877 Apud
588 2842 759 2874 Boilandum,
774 2842 791 2868 3
805 2841 847 2868 die
865 2838 967 2877 mensis
979 2837 1089 2874 Aprilis,
1102 2846 1160 2874 pag-
1183 2838 1246 2866 257.
1285 2839 1308 2855 “
1325 2839 1354 2866 ln
1368 2839 1460 2867 libello
1473 2839 1510 2866 De
1533 2839 1656 2873 passione
1669 2839 1736 2865 ima-

104 2878 174 2913 ginis
187 2876 296 2905 Domini
314 2879 398 2906 nostri
421 2877 486 2906 Jun
516 2874 626 2912 Christi,
646 2885 663 2905 t.
692 2878 723 2911 ll,
759 2886 821 2912 pag.
853 2874 915 2902 6:7.
