1927 3089
206 152 217 182 .1
224 151 276 183 607

204 254 275 281 vicia
302 256 483 280 evomuerunt
511 251 538 278 in
558 251 704 286 imaginem
723 251 843 282 Domini,
871 257 934 285 quae
948 256 998 276 nec

205 300 300 328 eﬂ'erre
314 299 459 334 quisquam
479 301 561 325 ausit.
573 298 684 325 Addunt
702 297 801 325 deinde
815 307 822 325 :
834 296 999 324 Audivimus

205 351 297 380 patres
309 349 429 376 nostros,
444 345 526 379 pedes
540 351 693 378 manusque
709 343 783 370 illius
796 343 879 370 clavis
894 342 997 369 fixisse:

205 392 270 427 quid
289 391 367 418 obest
379 390 526 426 quominus
541 391 610 417 idem
625 394 761 417 tentcmus
769 390 783 416 ?-
791 388 1001 423 Confestimque

206 437 338 473 imaginis
349 436 453 464 Domini
469 437 550 470 pedes
564 444 716 471 manusque
729 435 814 462 clavis
827 435 998 462 furaverunt.

206 483 326 510 Rursum
356 483 454 510 insano
472 490 519 509 ore
548 482 691 509 clamant:
721 481 885 508 A-udivimus
927 480 1000 515 quod

207 534 285 557 aceto
307 533 334 556 et
362 529 424 556 felle
452 529 557 555 imbuta
581 529 696 563 spongia
714 528 790 554 illum
817 531 998 562 potaverunt;

207 574 341 602 faciamus
374 578 401 601 et
426 581 476 600 nos
511 573 646 600 similiter.
685 573 861 608 Acceptaque
887 572 1001 608 spongia

207 624 285 647 aceto
302 620 391 654 plena,
414 619 446 645 ad
462 626 493 645 os
525 619 651 654 imaginis
677 619 881 653 applicuerunt.
895 617 1002 645 Rursus

207 666 303 692 aiunt:
319 664 418 692 Notum
438 665 517 692 nobis
531 669 583 698 est,
598 665 671 700 quod
687 666 821 692 arundine
831 669 916 699 caput
927 664 1002 691 illius

208 712 301 740 Patres
321 712 403 738 nostri
427 716 643 745 percusserunt:
668 711 715 737 fiat
741 711 860 745 idipsum
876 710 960 737 etiam
987 718 1002 736 a

208 758 298 785 nobis.
317 756 430 791 Sumpta
446 757 539 792 itaque
555 757 699 788 arundine,
722 762 805 790 caput
828 755 934 782 Domini
947 763 1001 782 cae-

208 805 272 831 dere
288 809 439 838 creperum.
458 803 578 831 Tandem
592 803 671 830 aiunt
686 813 693 830 :
716 803 827 830 Clarum
854 802 934 830 nobis
950 807 1002 834 est,

209 850 282 884 quod
298 854 324 877 el
340 850 433 877 lancea
452 850 523 877 latus
536 850 595 884 ejus
619 853 804 884 pupugerunt,
831 849 900 875 nihil
920 849 1003 875 omit--

209 901 324 924 tamus:
352 897 485 924 addamus
509 901 535 923 et
565 897 616 923 hoc
642 897 742 931 ipsum.
763 895 859 930 Itaque
877 896 1000 922 lanceam

208 942 318 969 cuidam
341 950 453 969 suorum
482 943 664 977 porrigentes,
696 942 842 976 jusserunt
873 946 903 968 ut
929 940 1003 967 latus

209 987 336 1023 imaginis
352 989 496 1016 dominica:
521 989 712 1023 lransfigeret:
729 996 763 1016 ex
778 995 811 1016 eo
826 992 918 1015 autem
933 994 1001 1014 con-

210 1032 300 1061 festim
322 1034 463 1070 sanguinis
488 1039 515 1062 et
541 1042 621 1069 aqua
646 1035 725 1061 riruli
756 1041 886 1061 emanare
910 1040 1002 1068 σωρο-

210 1084 285 1106 runt.
305 1090 314 1106 ι
333 1079 434 1108 Fidelis
451 1088 553 1112 sermo,
570 1080 807 1115 osapienlissimi,
828 1079 925 1114 partim
941 1079 1004 1113 qui-

209 1126 283 1159 dem,
313 1128 378 1162 quia
403 1128 480 1162 signa
510 1127 659 1154 incredulis
687 1126 799 1158 dantur,
830 1133 883 1152 non
912 1129 1004 1151 autem

210 1173 402 1206 credentibus;
429 1174 527 1208 partim
551 1180 615 1200 vero
633 1177 661 1199 ut
685 1178 711 1199 et
733 1180 783 1200 nos
808 1171 1005 1206 intelligamus,

211 1225 260 1252 per
279 1218 405 1254 imaginis
431 1219 628 1246 contumeliam
657 1219 757 1253 probro
788 1217 857 1245 amci
884 1221 1008 1252 prototy-

211 1271 297 1298 pum;
319 1269 348 1292 ut
378 1269 473 1292 contra
497 1273 546 1300 per
574 1265 705 1300 imaginis
742 1264 876 1291 honorem
902 1263 1006 1290 honore

212 1309 340 1337 adicitur.

802 148 833 177 S.
844 145 1043 177 THEODORI
1067 142 1242 174 STUDIT/E

150 233 154 237 .
204 210 301 236 serunt
321 205 358 240 ei,
372 210 398 233 ct
418 212 468 233 nos
489 204 560 232 idem
576 203 721 232 faciamus.
736 203 796 231 Mox
816 203 921 230 infinita
931 210 997 230 con-

1062 200 1095 227 κοῦ
1109 200 1224 235 Κυρίου,
1243 198 1368 232 λέγοντες
1380 204 1388 211 ·
1405 196 1476 222 Ὅσα
1493 194 1630 230 ἐποίησαν
1646 192 1721 228 αὐτῷ
1744 193 1770 219 οἱ
1790 202 1798 217 τ
1810 201 1844 219 α-

1771 133 1843 165 1608

1049 248 1128 282 τέρες
1149 246 1238 281 ἡμῶν,
1257 245 1347 272 πάντα
1369 243 1528 278 ποιήσωμεν
1557 243 1591 277 τῇ
1618 240 1704 267 εἰκόνι
1731 239 1817 267 αὑτοῦ
1835 247 1844 255 ·

1051 293 1101 320 καὶ
1113 293 1246 326 λέγουσιν,
1256 292 1297 318 ὅτι
1305 289 1469 323 Ἐνέπαιξαν
1480 288 1555 322 αὑτῷ
1567 296 1574 303 ⁸
1589 287 1637 314 καὶ
1647 285 1769 322 ήμεῖςτὸ
1777 285 1847 312 αὐτὸ

1049 337 1413 375 ποιήσωμεν.“Εμπαιγμοῖς
1423 333 1470 362 οὖν
1485 334 1610 368 ἀπείροις
1623 331 1774 363 ἐνέπαιξαν
1788 331 1842 365 τὴν

1050 386 1142 413 εἰκόνα
1159 384 1205 411 τοῦ
1223 384 1340 419 Κυρίου,
1359 382 1430 418 ἅπερ
1446 381 1507 408 οὐδὲ
1518 380 1609 414 λέγειν
1623 380 1691 413 ἡμῖν
1706 377 1846 411 τετόλμη-

1050 441 1107 459 ται.
1121 429 1188 458 Εἷτα
1217 429 1344 464 λέγουσιν
1360 435 1367 443 ·
1389 427 1562 461 Ἦκούσαμεν
1576 427 1617 452 ὅτι
1635 425 1744 459 ἥλωσαν
1760 421 1846 450 αὑτοῦ

1050 479 1101 509 τὰς
1119 478 1215 513 χεῖρας
1230 476 1276 502 καὶ
1288 475 1350 506 τοὺς
1363 474 1447 505 πόδας
1462 481 1470 488 ·
1491 472 1570 498 τοῦτο
1591 471 1639 497 καί¹
1653 471 1737 505 ἡμεῖς
1763 468 1846 501 ποιή-

1053 532 1146 558 σωμεν
1178 523 1253 557 αὐτῷ
1266 530 1273 536 ·
1290 522 1352 548 τότε
1370 521 1420 550 τὰς
1442 520 1536 554 χεῖρας
1551 518 1598 544 καὶ
1610 517 1673 548 τοὺς
1695 516 1780 546 πόδας
1795 514 1848 548 τῆς

1051 570 1098 596 τοῦ
1117 569 1221 604 Κυρίου
1234 567 1336 598 εἰκόνος
1349 565 1452 600 ἔπηξαν
1463 565 1519 595 τοῖς
1534 564 1619 598 ἣλοις.
1637 561 1721 588 Πάλιν
1733 560 1847 593 λέγουσι

1054 614 1207 651 μεμηνότες
1217 621 1224 628 ·
1247 611 1421 646 Ἡκούσαμεν
1432 610 1474 636 ὃτι
1485 608 1547 641 ὄξος
1559 607 1605 634 καὶ
1620 606 1702 645 χολὴν
1713 605 1847 631 ὲπότισαν

1053 659 1133 687 αὐτὸν
1161 658 1232 694 μετὰ
1263 657 1386 691 σπόγγου
1402 663 1410 670 ·
1426 655 1586 689 ποιήσωμεν
1598 651 1673 686 αὐτῷ
1688 651 1737 677 καὶ
1749 650 1847 684 ἡμεῖς.

1053 706 1110 734 Καὶ
1125 706 1269 740 ἐποίησαν,
1287 702 1452 739 προσθέντες
1467 700 1507 735 τῷ
1525 694 1641 733 στόματι
1665 696 1716 731 τῆς
1742 694 1849 725 εἰκόνος

1053 752 1101 779 τοῦ
1119 751 1237 786 Κυρίου,
1254 749 1301 777 τὸν
1319 748 1441 782 σπόγγον
1454 746 1501 773 τοῦ
1515 745 1592 777 ὄξους
1614 740 1846 777 πεπληρωμένον.

1055 799 1139 825 Πάλιν
1151 797 1261 831 λέγουσι
1277 803 1284 811 ”
1298 794 1508 830 Μεμαθήκαμεν
1531 792 1572 818 ὃτι
1595 789 1712 824 καλάμῳ
1730 789 1782 823 τὴν
1802 796 1849 813 κε-

1055 843 1143 878 φαλὴν
1157 841 1239 869 αὐτοῦ
1260 840 1362 875 ἑτυψαν
1377 839 1402 865 οἱ
1420 838 1539 872 πατέρες
1558 835 1637 870 ὴμῶν
1651 843 1657 849 ·
1678 835 1708 860 τὸ
1719 832 1787 860 αὐτὸ
1802 833 1849 859 καὶ

1055 890 1137 924 ἡμεῖς
1160 886 1331 922 ποιήσωμεν.
1350 885 1405 911 Καὶ
1429 884 1558 912 λασόντες
1579 881 1712 915 κάλαμον,
1733 879 1848 905 ἔτυπτον

1042 937 1096 967 'ei;
1110 935 1159 970 τὴν
1175 933 1298 968 κεφαλὴν
1311 931 1358 958 τοῦ
1372 929 1518 957 Δεσπότου.
1529 928 1612 959 Τέλος
1629 927 1758 960 λέγουσιν
1772 933 1780 940 ·
1805 924 1849 955 Ὠς

1057 969 1181 1016 ἀκριϐῶς
1198 979 1383 1015 μανθάνομεν,
1398 978 1437 1003 ὅτι
1453 977 1539 1011 λόγχῃ
1559 975 1609 1010 τὴν
1626 972 1746 1013 πλευράν
1763 969 1849 997 αὑτοῦ

1057 1028 1175 1061 ἑνυξαν·
1203 1026 1286 1062 μηδὲν
1312 1023 1551 1059 παραλείψωμεν·
1583 1019 1653 1047 ἀλλὰ
1681 1016 1851 1053 προσθῶμεν

1057 1072 1210 1102 καὶτοῦτο.
1226 1071 1280 1098 Καὶ
1304 1070 1469 1105 ποιήσαντες
1491 1066 1635 1102 ἐνεχθῆναι
1659 1065 1772 1098 λόγχην,
1799 1063 1850 1088 sa:—

1057 1121 1176 1156 έτρεψὰν
1189 1127 1242 1145 τινι
1262 1116 1352 1144 αὐτῶν
1383 1114 1449 1150 ἆραι
1471 1115 1521 1149 τὴν
1539 1114 1648 1148 λόγχην,
1664 1110 1712 1138 καὶ
1731 1107 1851 1156 κροῦσαι

1057 1153 1134 1194 κατὰγ
1143 1165 1193 1199 τῆς
1207 1163 1327 1198 πλευρᾶς
1339 1162 1390 1196 τῆς
1403 1160 1507 1191 είκόνος
1520 1159 1567 1185 τοῦ
1585 1157 1690 1192 Κυρίου
1700 1164 1708 1172 τ
1723 1155 1772 1182 καὶ
1786 1153 1850 1180 τούς

1057 1220 1104 1238 του
1124 1209 1272 1245 γενομένου
1296 1206 1398 1237 εὐθέως
1412 1204 1561 1232 ἀνέϐλυσεν
1575 1203 1622 1229 ἀπ’
1639 1201 1724 1236 αὐτῆς
1748 1199 1852 1232 πλῆθος

1059 1257 1176 1292 αἵματος
1188 1244 1236 1282 καὶ
1251 1253 1379 1285 ὓδατος.»
1399 1250 1498 1282 Πιστὸς
1513 1251 1527 1276 ὁ
1543 1249 1635 1282 λόγος,
1646 1245 1669 1273 ὦ
1686 1244 1850 1280 σοφώτατον

1060 1304 1091 1330 τὸ
1118 1303 1179 1337 μὲν,
1214 1301 1254 1328 ὅτι
1275 1300 1310 1326 τὰ
1338 1299 1441 1334 σημεῖα
1478 1297 1534 1327 τοῖς
1573 1295 1712 1325 ἀπίστοις,
1732 1292 1764 1318 οὺ
1795 1291 1853 1321 τοῖς

212 1336 371 1382 πιστεύουσι
384 1362 392 1370 ⁸
405 1354 436 1382 τὸ
449 1354 488 1386 δὲ,
504 1354 542 1385 ὡς
553 1353 587 1381 ἂν
603 1355 651 1380 καλ⁸
662 1354 743 1388 ἡμεῖς
773 1353 917 1389 γνοίημεν,
938 1353 979 1379 ὅτι
1008 1352 1042 1386 τῇ
1061 1336 1238 1385 τῆςγείκόνος
1265 1346 1345 1382 ὕῦρει
1368 1344 1533 1380 ἐφύϐρισται
1549 1342 1580 1368 τὸ
1597 1340 1776 1376 πρωτότυπον
1793 1346 1800 1352 ·
1814 1336 1854 1369 ὡς

203 1401 341 1439 ἔμπαλιν,
355 1402 388 1437 τῇ
401 1401 450 1436 τῆς
465 1401 569 1433 εἰκόνος
582 1401 648 1436 τιμῇ
664 1400 876 1435 ἀποτετίμηται.

251 1447 308 1476 Vox
341 1447 433 1474 Basilii
456 1447 549 1481 magni
580 1454 614 1473 ex
647 1446 804 1473 laudatione
830 1446 857 1472 in
878 1444 1004 1472 Barlaam

1093 1439 1172 1475 Φωνὴ
1185 1438 1232 1465 τοῦ
1247 1437 1365 1473 μεγάλου
1378 1435 1520 1462 Βασιλείου
1537 1435 1570 1460 ἐκ
1585 1431 1632 1458 τοῦ
1648 1430 1788 1480 ὲγκωμίιῖυ
1805 1429 1854 1455 τοῦ

213 1494 412 1528 martyrem":
440 1502 450 1519 ι
474 1492 650 1528 Exprimatnr
667 1493 694 1519 in
723 1492 814 1519 tabula
839 1496 866 1519 et
879 1491 1008 1519 certami-

213 1547 279 1567 num
307 1547 407 1574 prieses
433 1543 516 1573 atque
549 1542 645 1565 auctor
674 1538 815 1565 Christus.
847 1536 898 1564 llic
913 1537 1008 1569 etiam,

214 1586 404 1619 srrenissimi,
435 1586 588 1613 certissima
629 1585 670 1612 lex
697 1585 825 1620 imaginis
863 1584 1009 1619 erigenda.

213 1632 308 1668 Neque
329 1632 413 1664 enim,
431 1636 460 1659 ut
488 1631 591 1658 frustra
612 1631 737 1666 garriunt
756 1630 883 1665 quidam,
909 1629 1010 1656 mentis

215 1680 315 1707 tabulae
340 1679 457 1714 imprimi
486 1678 627 1706 Christum
657 1678 739 1713 jussit
754 1678 795 1704 vir
818 1678 939 1704 divinus.
951 1675 1010 1703 Non

215 1726 288 1754 enim
301 1726 437 1760 depictum
452 1725 477 1751 in
492 1725 582 1757 nobis,
598 1724 646 1752 sed
660 1724 858 1751 inhabitantem
871 1723 1011 1750 Christum

216 1780 264 1808 per
284 1772 363 1799 fidem
387 1772 414 1798 in
435 1771 565 1798 cordibus
592 1770 693 1797 nostris
712 1770 858 1802 habemus,
883 1769 954 1796 sicut
967 1776 1014 1795 vo-

217 1819 347 1847 ciferatur
372 1817 562 1853 Apostolus“.
593 1817 704 1848 Deinde,
734 1816 958 1851 conjunctionem
988 1820 1013 1841 et

217 1865 352 1896 inserens,
383 1863 563 1899 prmeedentia
591 1863 686 1897 utique
709 1862 873 1897 designavit,
898 1869 959 1896 qua:
973 1861 1014 1889 sic

219 1911 342 1938 habent:
362 1909 507 1944 Exsurgite
532 1916 614 1940 nunc,
634 1915 651 1934 ο
671 1908 794 1942 prazelari
821 1907 1013 1934 athleticorum

220 1964 359 1992 gestorum
371 1956 489 1991 pictores
507 1963 514 1981 :
529 1954 654 1981 mutilam
668 1953 745 1981 ducis
759 1954 905 1988 imaginem
924 1958 1015 1981 vestro

220 2003 355 2029 illustrate
369 2000 485 2028 artificio
497 2008 504 2033 ;
524 2004 551 2026 et
565 1999 709 2026 obscurius
723 2006 737 2025 a
750 2007 792 2025 me
806 1999 956 2033 depictum,
968 2005 1016 2026 co-

220 2052 349 2076 ronatum
365 2047 506 2078 athletam,
525 2050 622 2072 vestrae
641 2045 783 2072 industria:
800 2044 938 2072 coloribus
953 2051 1016 2071 con-

222 2097 347 2128 spicuum
365 2093 479 2120 reddite.
497 2092 611 2124 Abeant,
638 2091 820 2119 certaminum
836 2099 868 2118 ac
882 2090 997 2117 victoria

222 2148 284 2168 rum
303 2139 454 2174 martyrisa
474 2138 551 2165 vobis
564 2138 653 2172 posita
666 2137 785 2172 imagine
802 2137 890 2164 victus
909 2146 916 2164 :
945 2143 1014 2171 gau-

223 2187 301 2214 deam
319 2186 365 2213 tali
391 2185 471 2212 hodie
497 2192 544 2219 per
565 2188 682 2211 vestram
698 2183 886 2211 dexteritatem
901 2183 1016 2210 victoria

224 2236 379 2268 superatus.
397 2230 510 2258 Videam
532 2238 630 2257 manus
642 2229 724 2264 hujus
743 2229 845 2256 luctam
871 2236 935 2256 cum
954 2229 1017 2263 igne

224 2279 346 2307 exactius
364 2286 380 2305 a
397 2277 474 2304 vobis
489 2277 636 2312 depictam.
655 2275 767 2303 Videam
791 2276 950 2303 alacriorem
970 2283 1020 2310 pu-

225 2325 306 2360 gilem
334 2331 383 2359 per
408 2327 526 2351 vestram
561 2322 699 2357 depictum
723 2322 885 2357 imaginem.
909 2322 1020 2349 l‘lorent

225 2370 365 2397 daemones
390 2369 485 2400 etiam,
512 2368 641 2403 martyris
672 2367 699 2393 in
729 2367 809 2394 nobis
840 2367 957 2401 perculsi
979 2367 1020 2393 vi-

227 2416 347 2444 ctoriis:
380 2414 480 2442 ardens
507 2413 607 2441 iterum
643 2412 696 2440 illis
725 2420 757 2440 ac
790 2412 886 2438 victrix
921 2419 1019 2439 manus

227 2465 392 2489 oslentetur.
413 2469 422 2485 ι

266 2591 328 2619 llzec
343 2591 388 2618 ille
400 2591 611 2626 haudquaquam
626 2592 651 2616 in
664 2589 742 2616 nobis
765 2589 838 2624 pingi
852 2588 971 2616 diceret:
987 2592 1024 2620 et,

231 2638 254 2666 si
268 2638 320 2665 hoc
338 2637 420 2665 etiam
433 2637 554 2669 daretur,
571 2644 624 2663 non
650 2636 725 2670 prius
741 2643 863 2666 servum.
879 2642 911 2662 ac
925 2635 1023 2661 deinde

232 2684 375 2711 dominum
399 2682 473 2718 pingi
499 2682 619 2717 juberet.
648 2681 701 2708 Sed
730 2686 756 2708 et
781 2680 860 2707 initio
875 2688 936 2707 eum
959 2680 1022 2707 ait:

234 2728 377 2764 Exsurgite
400 2736 483 2760 nunc,
501 2736 517 2755 ο
535 2728 658 2763 praeclari
683 2728 874 2755 athleticorum
896 2725 1024 2754 certami-

235 2783 300 2802 num
318 2776 436 2810 pictores
452 2783 459 2801 :
473 2773 622 2808 imaginum
636 2773 730 2808 procul
740 2773 833 2805 dubio,
850 2776 878 2798 et
893 2779 945 2798 non
958 2778 1021 2798 ora—

272 2864 294 2881 “
313 2850 390 2890 Tdm.
407 2863 427 2896 Ι,
445 2863 519 2891 hom.
542 2861 586 2895 18,
605 2869 665 2896 pag.
680 2860 743 2888 515.
775 2861 797 2876 “
814 2859 912 2894 Ephcs.
929 2867 969 2892 Ill,
985 2859 1024 2885 l7.

1059 1488 1099 1516 είς
1113 1474 1305 1519 τὸννμάρτυρα
1323 1482 1467 1517 Βαρλαάμ·
1488 1489 1499 1505 ι
1520 1476 1718 1513 Ἐγγραφέσθω
1744 1474 1783 1510 τῷ
1809 1474 1856 1500 πί-

1059 1541 1121 1559 νακι
1147 1531 1194 1558 καὶ
1207 1531 1221 1557 ὁ
1235 1529 1288 1556 τῶν
1301 1528 1498 1562 παλαισμάτων
1513 1525 1687 1560 ἀγωνοθέτης
1706 1521 1825 1558 Χριστός
1845 1529 1854 1536 ’

1061 1577 1218 1609 Κάνταῦθα,
1237 1573 1260 1602 ὦ
1284 1574 1475 1609 γαληνότατοι,
1492 1571 1615 1606 ἀσφαλὴς
1627 1571 1640 1596 ὁ
1654 1569 1717 1604 ὅρος
1739 1569 1790 1602 τῆς
1814 1567 1856 1592 ει-

1061 1624 1175 1658 κονικῆς
1194 1621 1422 1655 ἀναστηλὼσεως.
1434 1618 1471 1644 Οὐ
1487 1618 1553 1652 γὰρ.
1572 1616 1609 1647 ὥς
1625 1623 1699 1645 τινες
1719 1612 1856 1639 εἰκαιολο-

1061 1671 1152 1706 γοῦσι,
1167 1668 1204 1704 τῷ
1222 1668 1318 1694 πίνακι
1345 1667 1393 1701 τῆς
1418 1665 1506 1699 ψυχῆς
1524 1661 1713 1697 ἐγγεγράφθαι
1736 1658 1857 1694 Χριστὸν

1063 1716 1172 1752 εἴρηται
1199 1714 1238 1749 τῷ
1266 1712 1399 1747 Θεοφόρῳ.
1412 1711 1480 1737 Οὐδὲ
1499 1710 1553 1744 γὰρ
1577 1706 1806 1742 ἐγγεγραμμένον
1827 1705 1858 1729 ὲν

1062 1751 1139 1798 ἡμῖν,
1149 1759 1218 1787 ἀλλὰ
1231 1758 1410 1786 κατοικοῦντα
1418 1757 1465 1782 τὸν
1477 1755 1594 1790 Χριστὸν
1612 1754 1657 1780 διὰ
1671 1753 1720 1787 τῆς
1737 1751 1860 1781 πίστεως

1063 1797 1093 1835 ἓν
1108 1809 1167 1838 ταῖς
1179 1806 1304 1841 καρδίαις
1319 1804 1398 1839 ἡμῶν
1412 1803 1527 1838 ἔχομεν,
1543 1801 1580 1832 ὡς
1594 1802 1607 1827 ὁ
1623 1798 1783 1829 Ἀπόστολος
1795 1797 1859 1832 βοᾷ.

1065 1853 1191 1884 Ἔπειτα,
1207 1852 1247 1878 ὃτι
1262 1851 1310 1877 καὶ
1320 1851 1352 1885 τῇ
1374 1848 1492 1883 ὲπιφορᾷ
1506 1846 1564 1876 τοῦ,
1583 1846 1640 1876 καὶ,
1659 1844 1810 1878 συνδέσμου
1824 1843 1861 1869 τὰ

1064 1898 1259 1934 προηγούμενα
1275 1896 1483 1930 ὑπεσημήνατο,
1502 1892 1582 1920 ἅτινά
1602 1893 1662 1917 ἐστι
1675 1890 1739 1916 τάδε
1752 1897 1759 1903 ·
1781 1889 1863 1914 Ἀνά-

1066 1933 1148 1979 στητέ
1165 1952 1209 1978 μοι
1222 1942 1279 1973 νῦν,
1295 1941 1418 1975 λαμπροὶ
1433 1938 1486 1965 τῶν
1506 1936 1662 1972 ἀθλητικῶν
1677 1933 1864 1968 κατορθωμά-

1065 1999 1119 2017 των
1149 1988 1301 2023 ζωγράφοι,
1318 1987 1370 2020 τὴν
1394 1984 1443 2011 τοῦ
1470 1981 1626 2019 στρατηγοῦ
1658 1979 1864 2007 κολοϐωϐεἰσαν

1067 2036 1161 2063 εἰκόνα
1177 2036 1235 2065 ταῖς
1259 2033 1410 2068 ὑμετέραις
1433 2029 1603 2066 μεγαλύνατε
1620 2027 1730 2062 τέχναις
1743 2035 1750 2041 ·
1767 2027 1863 2060 ἀμαυ-

1068 2082 1179 2116 ρότερον
1207 2079 1273 2114 παρ’
1286 2077 1354 2113 ἐμοῦ
1377 2077 1423 2103 τὸν
1448 2074 1612 2109 στεφανίτην
1635 2072 1787 2108 γραφέντα,
1803 2072 1863 2103 τοῖς

1030 2123 1115 2161 υτῆς
1161 2124 1297 2159 ὑμετέρας
1334 2123 1429 2156 σοφίας
1474 2119 1668 2156 περιλάμψατε
1702 2117 1863 2153 χρώμασιν.

1075 2171 1198 2198 ’Λπέλοω
1210 2172 1244 2206 τῇ
1259 2170 1314 2196 τῶν
1334 2167 1551 2204 ἁριστευμάτων
1567 2166 1614 2192 τοῦ
1634 2165 1773 2200 μάρτυρος
1793 2164 1866 2196 παρ’

1071 2218 1148 2253 ὑμῶν
1170 2216 1347 2250 νενικημένος
1374 2215 1479 2250 γραφῇ.
1494 2213 1591 2247 Χαίρω
1614 2213 1648 2247 τῇ
1673 2210 1788 2246 τοιαύτῃ
1812 2210 1868 2244 τῆς

1073 2264 1210 2299 ὑμετέρας
1228 2263 1319 2297 ἰσχύος
1339 2262 1460 2296 σήμερον
1470 2260 1533 2295 νίκῃ
1548 2258 1716 2294 ἡττώμενος.
1733 2256 1794 2282 ἰδω
1813 2256 1870 2289 τῆς

1072 2309 1164 2346 χειρὸς
1176 2310 1243 2344 πρὸς
1258 2308 1289 2334 τὸ
1301 2307 1356 2342 πῦρ
1369 2306 1564 2342 ἀκριὸἑστερον
1579 2302 1645 2337 παρ’
1659 2300 1737 2336 ὑμῶν
1758 2300 1868 2346 ἐγγρα-

1073 2345 1194 2392 φομένην
1212 2355 1261 2390 τὴν
1276 2353 1376 2388 πάλην.
1395 2352 1456 2378 Ἷδω
1468 2350 1647 2385 φαιδρότερον
1664 2347 1711 2374 ἐπὶ
1724 2346 1774 2381 τῆς
1795 2345 1864 2392 ὑμε-

1073 2391 1156 2437 τέρας
1167 2402 1214 2428 τὸν
1228 2399 1380 2434 παλαιστὴν
1400 2395 1594 2432 γεγραμμένον
1606 2393 1721 2423 εἰκόνος.
1733 2391 1871 2417 Κλαυσά-

1073 2457 1164 2475 τωσαν
1182 2447 1308 2482 δαίμονες
1322 2447 1369 2472 καὶ
1385 2444 1443 2476 νῦν,
1457 2444 1517 2474 ταῖς
1528 2442 1576 2468 τοῦ
1595 2441 1734 2476 μάρτυρος
1749 2440 1778 2464 ὲν
1796 2438 1871 2472 ἡμῖν

1056 2495 1059 2498 ’
1073 2494 1226 2529 ἀριστείαις
1253 2492 1434 2527 πληττόμενοι
1447 2498 1454 2505 ⁸
1472 2488 1629 2524 φλεγομένη
1647 2486 1728 2514 πάλιν
1739 2484 1833 2514 αὐτοῖς
1849 2484 1870 2519 ἡ

1075 2540 1136 2575 χεὶρ
1151 2538 1200 2565 καὶ
1214 2538 1320 2564 νικῶσα
1330 2535 1491 2575 δεικνύσθω.
1511 2543 1520 2559 ι

1110 2572 1204 2611 Ταῦτα
1223 2584 1254 2610 οὺ
1264 2583 1350 2618 δήπου
1367 2572 1554 2615 ἐγγεγράφθαι
1570 2577 1637 2613 φαίη
1659 2577 1688 2603 ἐν
1703 2577 1779 2611 ἡμῖν·
1794 2575 1820 2601 εἰ
1831 2575 1871 2618 ,δὲ

1074 2631 1123 2658 καὶ
1137 2629 1215 2658 τοῦτο
1239 2629 1341 2664 δοθείη.
1361 2628 1411 2654 οὐκ
1436 2626 1470 2653 ἂν
1487 2625 1620 2660 πρότερον
1634 2623 1679 2649 τὸν
1695 2621 1798 2652 δοῦλον,
1814 2617 1872 2646 εἷθ’

1075 2677 1161 2709 οὓτως
1173 2677 1219 2703 τὸν
1236 2675 1371 2710 δεσπότην
1385 2672 1571 2707 παρεγγυᾶτο.
1589 2669 1694 2700 ’Ἄλλως
1718 2676 1748 2693 τε
1766 2667 1815 2692 καὶ
1837 2666 1873 2710 τὺ

1076 2724 1156 2755 εὐθὺς
1180 2723 1210 2750 ὲν
1234 2723 1268 2757 τῇ
1283 2709 1396 2755 ἀπαρχῇ
1416 2720 1517 2753 λέγειν’
1542 2715 1691 2751 Ἀνάστητέ
1709 2723 1753 2749 μοι
1767 2712 1826 2744 νῦν,
1844 2709 1872 2738 ὦ

1078 2768 1201 2804 λαμπροὶ
1224 2767 1278 2794 τῶν
1305 2765 1458 2801 ἀθλητικῶν
1476 2762 1699 2799 κατορθωμάτων
1714 2757 1871 2795 ζωγράφοι·
