1927 3089
103 199 172 232 1609

699 201 968 232 EPISTOLARUM
994 200 1065 230 LIB.
1096 199 1137 230 ll.

1663 199 1730 233 1610

99 255 201 290 δηλαδὴ
214 255 278 286 τοὺς
287 254 490 290 είκονουργοὺς,
503 255 534 281 οὐ
546 256 609 287 τοὺς
625 255 812 290 λογογράφους
824 255 886 291 ἐσή-

940 254 1046 281 tionum
1072 254 1191 281 artiﬁces
1221 253 1346 287 designat
1371 261 1379 283 ι
1398 253 1630 287 quemadmodum
1653 257 1680 280 et
1702 261 1731 280 ιιι

101 309 181 336 μανε’
194 299 284 331 καθὼς
300 301 347 327 καὶ
361 301 391 327 ἐν
407 300 445 335 τῷ
465 301 594 337 ἐγκωμίῳ
609 302 664 328 τῶν
682 302 889 337 τεσσαράκοντα

100 347 368 382 μαρτύρων,όαύτὸς
379 347 444 374 τάδε
460 348 554 382 φησίν·
571 357 581 373 ι
599 348 676 374 Ἐπεὶ
695 348 741 375 καὶ
761 348 889 383 πολέμων

99 393 345 427 ἀνδραγαθήματα,
364 393 412 420 καὶ
424 393 589 429 λογογράφοι
607 394 747 426 πολλάκις,
771 395 818 422 καὶ
835 395 890 427 ζω-

99 440 201 473 γράφοι
216 438 454 474 διασημαίνουσιν,
469 440 494 466 οἰ
513 440 562 475 μὲν
572 440 611 475 τῷ
626 440 697 476 λόγῳ
710 441 887 475 κοσμοῦντες,

99 484 123 508 at
134 483 161 508 δὲ
173 484 230 514 τοῖς
245 483 351 515 πίναξιν
364 484 591 519 ὲγχαράττοντες.
610 494 620 510 ι
647 486 722 512 Ἐπεὶ
735 486 801 520 γοῦν
816 487 864 514 καὶ
875 488 889 514 ὀ

98 527 225 563 δεύτερος
241 528 341 561 τρόπος
363 529 449 564 πέρας
468 529 574 564 εἴληφε,
595 530 638 561 τίς
656 530 670 556 ὁ
685 530 791 566 τρίτος;
811 532 889 567 Φωνὴ

100 572 153 598 τῶν
174 573 244 608 μετὰ
269 572 318 608 τὴν
344 573 427 608 ἕκτην
458 575 692 610 συνεδρευσὰντων
710 577 840 612 Πατέρων
861 578 889 604 ἐν

99 619 395 647 Κωνσταντινουπόλει.
417 621 467 646 Ἔν
491 629 547 647 τισι
573 621 627 647 τῶν
656 622 762 649 σεηιῦν
778 623 889 650 εἰκόνων

98 665 220 697 γραφαῖς
237 664 323 698 ἀμνὸς
337 664 462 700 δακτύλῳ
478 666 524 692 τοῦ
539 666 698 702 Προδρόμου
714 667 890 702 δεικνύμενος

98 709 310 744 ἑγχαράττεται,
325 709 354 741 ὃς
370 711 410 742 εἰς
425 710 508 737 τύπον
520 711 683 747 παρελήφθη
701 713 752 747 τῆς
767 714 888 749 χάριτος·

97 754 144 779 τὸν
168 754 296 789 ἀληθινὸν
319 757 386 790 ἡμῖν
400 756 444 782 διὰ
467 757 549 791 νόμου
576 758 789 793 προῡποφαίνων
805 759 890 794 ἀμνὸν

96 799 216 834 Χριστὸν
239 800 284 826 τὸν
299 800 365 828 Θεὸν
385 802 474 836 ἡμῶν.
495 803 565 834 Τοὺς
578 802 625 830 οὖν
639 804 772 836 παλαιοὺς
787 805 891 837 τύπους

96 845 146 871 καὶ
175 845 225 877 τὰς
251 846 341 878 σκιὰς,
369 847 407 879 ὡς
429 849 478 882 τῆς
496 849 627 884 ἀληθείας
650 850 772 885 σύμϐολά
789 860 820 878 τε
842 852 890 878 καὶ

97 889 330 924 προχαράγματα,
344 892 376 927 τῇ
396 892 545 929 Ἐκκλησία
571 894 804 929 παραδεδομένους
828 905 890 923 κατ-

96 934 295 969 ασπαζόμενοι,
311 935 361 972 τὴν
388 937 470 972 χάριν
491 939 669 974 προτιμῶμεν
689 940 736 967 καὶ
756 940 806 976 τὴν
820 941 888 977 άλή-
905 933 926 960 Β

97 977 186 1011 θειαν,
202 979 240 1011 ὡς
255 981 391 1017 πλήρωμα
407 982 491 1019 νόμου
506 984 608 1017 ταύτην
623 985 830 1021 ὑποδεξάμενοι.
845 987 890 1019 Ὠς

95 1025 129 1051 ἂν
145 1023 193 1052 οὖν
215 1027 246 1052 τὸ
265 1027 368 1054 τέλειον
385 1029 436 1055 κάν
457 1031 517 1062 ταῖς
535 1033 776 1067 χρωματουργίαις
789 1034 818 1059 ὲν
829 1035 889 1066 ταῖς

96 1071 228 1099 ἁπάντων
249 1073 343 1107 ὄψεσιν
364 1074 569 1111 ὑπογράφηται·
584 1077 629 1105 τὸν
645 1077 691 1105 τοῦ
706 1079 828 1114 αἴροντος
838 1080 888 1114 τὴν

96 1117 236 1151 ἁμαρτίαν
246 1119 293 1145 τοῦ
311 1120 413 1154 κόσμου
433 1121 521 1156 ἀμνοῦ
535 1123 653 1158 Χριστοῦ
668 1124 715 1150 τοῦ
730 1124 798 1151 Θεοῦ
809 1125 888 1161 ἡμῶν

95 1162 168 1189 κατὰ
184 1163 231 1189 τὸν
246 1164 419 1199 ἀνθρώπινον
437 1167 611 1202 χαρακτῆρα,
625 1169 673 1195 καὶ
691 1170 721 1196 ἐν
737 1171 797 1202 ταῖς
816 1171 888 1198 είκό-

95 1215 139 1233 σιν
161 1209 218 1235 ἀπὸ
232 1209 280 1235 τοῦ
296 1210 343 1236 νῦν
368 1211 430 1238 ἀντὶ
445 1211 493 1238 τοῦ
510 1212 625 1240 παλαιοῦ
647 1214 745 1250 ἀμνοῦ,
769 1216 889 1252 ἀναστη-

92 1253 207 1280 λοῦσθαι
227 1254 369 1290 ὁρίζομεν·
396 1257 430 1283 δι’
456 1258 539 1285 αὑτοῦ
563 1259 594 1286 τὸ
619 1260 670 1295 τῆς
694 1260 887 1294 ταπεινώσεως

93 1299 163 1333 ὕψος
177 1299 224 1326 τοῦ
239 1300 306 1328 Θεοῦ
323 1302 409 1336 Λόγου
437 1303 642 1338 κατανοοῦντες,
658 1307 706 1333 καὶ
733 1307 802 1341 πρὸς
816 1308 887 1343 μνή-

95 1355 152 1380 μην
168 1346 220 1380 τῆς
237 1347 266 1373 ὲν
284 1348 367 1382 σαρκὶ
389 1348 539 1384 πολιτείας,
553 1350 602 1377 τοῦ
618 1360 648 1377 τε
668 1352 770 1385 πάθους
791 1354 885 1387 αὑτοῦ,

93 1392 142 1419 καὶ
158 1392 207 1419 τοῦ
224 1394 361 1429 σωτηρίου
374 1395 489 1422 θανάτου
503 1398 763 1433 χειραγωγούμενοι,
778 1400 887 1436 καὶτῆς

92 1437 221 1465 ἐντεῦθεν
237 1439 383 1475 γινομένης
404 1441 441 1475 τῷ
464 1442 561 1478 κόσμῳ
580 1443 806 1479 ἀπολυτρώσεως.
828 1446 887 1472 Ἐν-

91 1483 182 1510 ταῦθα
205 1484 273 1519 ὁμοῦ
292 1486 325 1521 τῇ
350 1486 470 1521 Χριστοῦ
491 1488 587 1520 εἰκόνι,
612 1490 658 1516 καὶ
680 1490 734 1516 τῶν
757 1491 887 1519 ἁπάντων

93 1529 184 1563 ἁγίων
200 1530 314 1557 είκόνων
332 1531 410 1565 λόγος
423 1533 563 1568 πρόσεστι.
580 1535 691 1570 Πρῶτον
707 1536 767 1571 μὲν,
782 1537 834 1571 ὅτι,
848 1538 886 1570 ὡς

91 1574 146 1609 ἠδη
164 1574 437 1610 προεξεικονισμένου
464 1580 510 1606 καὶ
535 1579 675 1612 λείποντος
692 1582 740 1609 τοῦ
759 1583 805 1610 καὶ
826 1583 887 1610 ἀντὶ

91 1619 142 1647 τοῦ
159 1621 278 1647 παλαιοῦ
302 1622 401 1657 ἀμνοῦ,
417 1624 500 1651 αὑτὸν
516 1626 732 1662 ἀναστηλοῦσθαι
754 1629 771 1664 ὴ
795 1629 887 1664 διαγό-

93 1675 199 1701 ρευσις.
214 1667 330 1695 Ἔπειτα
343 1669 384 1696 ὅτι
394 1670 424 1696 ού
441 1671 521 1706 μόνον
532 1672 659 1709 ἁσπαστὴ
673 1674 690 1709 ή
701 1674 780 1701 τοῦδε
792 1675 886 1709 εἰκὼν,

92 1713 167 1741 κατὰ
184 1714 218 1740 τὰ
235 1715 265 1740 ἐν
287 1715 362 1751 νόμῳ
389 1715 514 1751 σύμϐολα
542 1726 572 1744 τε
599 1719 647 1745 καὶ
663 1720 887 1756 προχαράγμοιτα

92 1759 223 1786 ἁσπαστὰ
241 1760 402 1796 κεκλῆσθαιο
420 1762 488 1790 ἀλλὰ
506 1764 553 1791 καὶ
567 1767 743 1802 προσκυνητὴ
755 1767 840 1794 αὐτοῦ
857 1776 887 1795 τε

92 1803 141 1829 καὶ
152 1804 254 1836 παντὸς
271 1805 425 1833 οὑτινοσοῦν
442 1808 534 1841 ἁγίου.

128 1848 216 1883 Δῆλον
231 1849 284 1885 γὰρ
300 1851 340 1877 ὅτι
355 1851 385 1878 τό
398 1853 507 1885 σεπτὸν,
526 1854 573 1881 καὶ
586 1857 774 1892 προσκυνητὸν
797 1856 830 1884 ἄν
845 1866 888 1889 τις

91 1893 299 1928 ὁμολογήσειεν.
322 1895 383 1922 Ἔτι
400 1905 429 1923 τε
444 1897 484 1924 ὃτι
502 1899 576 1925 πᾶσα
591 1900 608 1935 ἠ
633 1900 714 1928 εἰκὼν
733 1901 887 1937 ὁμωνύμως

89 1939 131 1973 τῷ
157 1939 244 1974 αὐτῆς
269 1942 438 1978 πρωτοτύπῳ
463 1943 613 1979 κέκληται,
639 1946 683 1973 διὰ
712 1947 759 1974 τοῦ
786 1949 885 1976 εἰπεῖν’

93 1993 102 2009 ι
131 1984 231 2019 Ἀμνὸς
247 1986 371 2023 δακτύλῳ
383 1988 430 2015 τοῦ
445 1989 603 2026 Προδρόμου
614 1991 787 2028 δεικνύμενος
804 1994 887 2030 ἐγχα-

89 2031 235 2076 ρ-άτῑεται.
263 2042 273 2058 ι
297 2033 341 2065 Ὠς
365 2036 412 2061 καὶ
434 2036 448 2062 ὀ
477 2036 622 2069 Νυσσαεὺς
649 2034 718 2070 θεῖος
735 2040 886 2076 Γρηγόριος

89 2072 145 2102 ὧδέ
160 2076 211 2104 πού
229 2085 307 2113 φησν
326 2089 336 2103 ι
355 2080 503 2114 Πρόκειται
516 2082 530 2108 ό
548 2082 641 2110 Ἰσαὰκ
656 2083 694 2118 τῷ
707 2072 804 2119 Πατρλ,
820 2072 884 2121 ἰταρί

88 2122 168 2157 αὐτῷ
196 2123 235 2159 τῷ
264 2124 460 2162 θυσιαστηρίῳ.
482 2136 492 2153 t
511 2128 588 2164 Φωνὴ
612 2130 666 2155 τῶν
685 2131 715 2156 ὲν
736 2131 885 2168 Ἀντιοχείᾳ

89 2168 333 2204 συνεδρευσάντων
351 2171 489 2208 Πατὲρων·
509 2183 518 2199 ι
533 2174 589 2209 Οὺχ
602 2174 640 2206 ὼς
656 2176 750 2212 ἕτερον
769 2179 801 2213 τῇ
819 2186 885 2214 μορ-

88 2214 140 2247 φῇ,
164 2213 224 2239 ἀλλ’
239 2214 277 2246 ὡς
301 2216 382 2242 αὑτὸν
405 2217 453 2243 ἕνα
469 2217 571 2254 Κύριον
585 2220 614 2246 ἐν
631 2221 679 2255 μιᾷ
698 2223 790 2258 μορφῇ
808 2213 883 2249 ὅντα·

87 2258 157 2309 καθ’
176 2259 208 2309 ὃν
231 2262 278 2286 καὶ
291 2263 437 2299 χαρακτὴρ
452 2262 492 2296 εἷς
510 2265 640 2300 πεφυκὼς
652 2267 701 2302 νῆς
712 2268 758 2296 τοῦ
776 2269 884 2305 [ἰατρὸς
899 2281 922 2309 D

86 2306 282 2340 ὑποστάσεως,
306 2309 353 2335 καὶ
372 2309 425 2344 πρὸ
441 2311 543 2346 σαρκὸς
560 2312 716 2348 ἀσώματος,
735 2312 776 2346 εἷς
791 2324 820 2342 τε
837 2313 882 2352 ἦν,

86 2353 138 2378 καὶ
168 2353 198 2378 ἐν
229 2355 312 2389 σαρκὶ
338 2352 378 2387 εἷς
404 2356 472 2387 ἐστι,
502 2358 550 2385 καὶ
565 2359 593 2385 ἐν
619 2359 730 2387 είκόνιὸ
745 2361 826 2394 αὐτὸς
843 2361 884 2394 εἷς

87 2399 222 2433 ὑπάρχει,
236 2400 274 2435 μὴ
290 2399 479 2437 διαιρούμενος
492 2404 531 2435 είς
546 2404 593 2431 δύο
608 2407 796 2442 χαρακτῆρας·
814 2409 883 2443 μήτε

85 2445 115 2471 δὲ
139 2445 302 2480 σχιζόμενος
319 2448 359 2478 εἰς
381 2448 428 2475 δύο
443 2450 633 2486 χαρακτῆρας·
654 2453 724 2487 μήτε
745 2454 774 2480 δὲ
791 2454 882 2487 σχιζό-

90 2500 174 2526 μενος
195 2492 237 2524 είς
261 2492 307 2520 δύο
331 2494 420 2527 δόξας·
436 2496 495 2522 ἀλλ’
513 2498 554 2528 εἰς
571 2497 636 2532 μίαν
655 2499 848 2535 συναγόμενος.
869 2511 878 2527 ι

88 2538 145 2565 Καὶ
160 2537 222 2572 μεθ’
239 2538 333 2574 ἕτερα.
356 2550 366 2567 ι
389 2540 459 2568 Ἀλλ’
478 2541 573 2578 ὥσπερ
594 2543 675 2575 αὐτὸς
697 2542 738 2576 εἷς
760 2547 834 2573 ἐστιν
849 2548 882 2573 ἐκ

87 2583 136 2610 δύο
149 2584 207 2611 τῶν
223 2585 364 2619 ἐναντίων,
383 2588 431 2614 καὶ
452 2589 493 2620 είς
511 2588 539 2617 ἓν
552 2591 699 2623 συνάγεται
715 2592 863 2626 πρόσωπον
873 2602 881 2610 ο

85 2630 162 2658 οὕτω
179 2632 228 2658 καὶ
249 2632 266 2667 ἡ
283 2632 366 2659 είκὼν
380 2634 462 2660 αὐτοῦ
478 2635 568 2669 μίατέ
588 2636 657 2668 ἐστι,
675 2637 723 2663 καὶ
738 2637 785 2664 τοῦ
800 2638 882 2666 αὐτοῦ

85 2678 148 2709 ὲνλς
169 2678 303 2713 Χριστοῦ.
328 2680 383 2707 Καὶ
404 2681 452 2715 οὐχ
475 2681 569 2717 ἓτερον
588 2684 750 2718 χαρακτῆρα
765 2684 883 2719 ἐροῦμεν

86 2724 135 2749 τὸν
155 2724 228 2750 κατὰ
255 2725 344 2760 σάρκα
360 2727 528 2762 ἐπιφανέντα
552 2729 628 2764 ἡμῖν,
652 2730 698 2756 καὶ
724 2730 817 2765 ἕτερον
836 2731 883 2758 τὸν

87 2771 151 2796 κατ’
162 2770 258 2797 είκόνα
276 2772 512 2807 σχηματιζόμενον
523 2775 686 2810 χαρακτῆρα
696 2777 724 2802 ὲν
736 2776 801 2802 εῖδει
813 2786 880 2812 μορ-

83 2815 143 2851 φῆς
154 2815 252 2843 αὐτοῦ’
264 2816 333 2843 ἀλλὰ
343 2818 389 2845 τὸν
403 2819 483 2846 αὑτὸν
497 2820 554 2851 ἕνα,
569 2821 630 2847 ἐπεὶ
640 2822 709 2856 μήτε
723 2823 792 2849 καθὸ
802 2823 882 2858 σῶμα

125 2885 146 2900 ⁸⁷
170 2884 313 2925 ¹βλλιίιιδίι.
332 2886 384 2920 ι.1,
401 2887 475 2915 hom.
491 2888 537 2921 20,
567 2897 628 2925 pag.
645 2890 706 2919 5'26.

86 2927 152 2957 pag.
168 2921 235 2948 908.

259 2967 393 2999 Pnnot.
414 2969 470 3000 Gn.
494 2969 600 3002 XCIX.

762 2891 784 2907 "
798 2891 903 2920 Concil.
925 2890 1090 2927 Quinisext..
1110 2893 1170 2914 can.
1186 2885 1232 2914 82.

940 299 1123 334 quadraginta
1135 303 1286 334 martyrum
1309 299 1446 331 encomio,
1462 306 1523 326 cum
1539 299 1596 325 haec
1610 298 1678 326 dicit
1688 299 1730 325 ’δι

943 354 953 371 ι
965 343 1031 372 Nam
1042 345 1185 379 magniﬁca
1199 344 1226 371 in
1243 344 1321 371 bellis
1334 349 1421 379 gesta,
1432 348 1459 370 et
1473 347 1594 370 oratores
1606 350 1731 378 stepenu~

940 397 1027 421 mero,
1043 394 1070 416 et
1086 390 1202 423 pictores
1218 388 1399 423 pulcherrime
1422 388 1602 420 demonstrat,
1618 388 1646 415 hi
1670 396 1732 415 ora-

941 436 1031 468 tione,
1058 435 1096 462 illi
1115 435 1214 462 tabulis
1234 434 1422 462 describentes
1442 438 1521 468 atque
1546 438 1685 461 ornantes.
1719 443 1728 459 ι

939 481 1074 514 Quoniam
1090 481 1171 515 igitur
1185 484 1321 508 secundus
1343 487 1452 515 quoque
1475 480 1572 507 modus
1589 480 1623 506 ad
1649 480 1730 507 linem

940 528 1088 562 perductus
1111 531 1162 559 est,
1188 527 1251 561 quis
1271 529 1313 553 est
1333 524 1455 553 tertius?
1472 524 1528 552 Vox
1547 525 1669 558 Patrum,
1684 526 1731 559 qui

940 578 1001 608 post
1028 579 1133 600 sextam
1165 573 1298 607 synodum
1329 571 1565 606 Constantinopoli
1596 579 1731 598 conveney

940 624 1004 647 runt
1015 620 1056 646 “:
1072 619 1099 646 In
1113 619 1276 654 quihusdam
1288 617 1466 645 colendarum
1482 617 1632 652 imaginum
1642 618 1731 652 pictn.

941 667 979 693 ris
1005 673 1092 700 agnus
1112 664 1285 699 exprimitur,
1306 671 1388 698 quem
1404 662 1561 690 Praecursor
1577 663 1662 698 digito
1682 662 1731 690 de-

941 715 1084 742 monstrat,
1096 710 1143 745 qui
1157 711 1184 737 in
1199 715 1292 745 typum
1302 713 1461 743 assumptus
1471 713 1514 736 est
1525 709 1628 744 gratiae.
1638 707 1731 736 Refert

940 758 1012 784 enim
1029 757 1109 784 nobis
1124 764 1216 784 verum
1231 756 1306 783 illum
1319 763 1429 791 agnum,
1441 763 1521 790 quem
1537 755 1579 782 lex
1595 755 1732 790 signiﬁca-

941 803 996 836 bat,
1026 809 1122 837 nempe
1135 802 1274 829 Christum
1292 801 1378 829 Deum
1408 805 1546 829 nostrum.
1571 801 1626 829 Has
1650 802 1733 837 igitur

940 855 1045 876 veteres
1063 849 1164 882 ﬁguras
1181 852 1265 882 atque
1288 848 1411 879 umbras,
1429 852 1459 875 ut
1476 848 1598 876 veritatis
1616 853 1694 876 notas
1705 853 1732 875 et

941 895 1017 929 signa
1046 893 1174 921 Ecclesia:
1197 893 1296 920 tradita
1317 893 1540 927 complectentes,
1564 894 1680 928 gratiam
1705 898 1732 921 et

940 941 1078 967 veritatem
1089 938 1384 973 anteponimus,quam
1397 943 1426 966 ut
1441 938 1639 974 plenitudinem
1663 939 1731 974 legis

939 983 1106 1017 accepimus.
1135 981 1228 1017 Itaque
1255 988 1284 1010 ut
1305 983 1331 1009 id
1359 983 1431 1017 quod
1461 983 1610 1018 perlectum
1634 989 1686 1016 est,
1703 984 1729 1013 in

939 1029 1054 1064 picturis
1068 1029 1149 1056 etiam
1163 1029 1286 1056 onmium
1303 1030 1390 1058 oculis
1408 1030 1587 1065 subjiciamus
1603 1050 1611 1063 ,
1627 1039 1729 1065 agnum

938 1076 1029 1107 illum,
1051 1075 1099 1110 qui
1118 1075 1214 1103 mundi
1229 1081 1369 1110 peccatum
1391 1077 1471 1108 tollit,
1485 1076 1625 1104 Christum
1643 1076 1729 1104 Deum

940 1125 1079 1151 nostrum,
1095 1120 1157 1147 loco
1172 1121 1273 1148 veteris
1285 1120 1358 1155 agni,
1374 1120 1493 1148 humana
1510 1121 1626 1155 posthac
1641 1121 1729 1148 forma

938 1165 1148 1200 exprimendum
1187 1165 1359 1193 decrevimus
1384 1174 1391 1192 :

937 1210 1090 1244 cogitemus
1108 1209 1156 1237 Dei
1170 1209 1251 1237 Verbi
1266 1210 1466 1241 celsitudinem,
1481 1211 1548 1238 etin
1569 1212 1729 1238 memoriam

938 1257 1156 1285 conversationis
1186 1256 1247 1291 ejus
1270 1256 1298 1284 in
1325 1264 1418 1289 carne,
1442 1262 1470 1284 et
1489 1257 1675 1289 cruciatuum,
1699 1265 1731 1284 ac

937 1301 1084 1330 salutifera:
1097 1302 1190 1329 mortis
1201 1301 1269 1336 ejus,
1279 1310 1311 1329 ex
1318 1309 1374 1338 quo
1382 1303 1482 1330 mundo
1494 1303 1644 1338 redemptio
1654 1309 1732 1338 parta

937 1352 989 1380 est,
1003 1348 1178 1376 reducamur.
1194 1347 1252 1376 Hoc
1266 1349 1328 1376 loco
1346 1349 1428 1376 simul
1448 1357 1510 1377 cum
1533 1349 1635 1377 Christi
1661 1350 1732 1377 ima-

938 1394 1000 1428 gine
1019 1393 1053 1420 de
1069 1394 1192 1420 omnium
1207 1393 1293 1421 etiam
1308 1399 1466 1423 sanctorum
1485 1395 1652 1430 imaginibus
1668 1404 1728 1423 ser-

938 1447 983 1466 mo
997 1443 1051 1467 est.
1079 1439 1203 1467 Primum
1233 1441 1356 1476 quidem,
1385 1442 1470 1475 quod,
1498 1446 1628 1476 tanquam
1651 1446 1730 1470 antea

939 1485 1109 1520 pingeretur,
1129 1491 1156 1512 et
1169 1486 1226 1521 jam
1250 1485 1397 1518 desineret,
1415 1487 1513 1515 veteris
1527 1488 1589 1522 agni
1603 1488 1664 1517 loco
1680 1495 1731 1515 ex.

938 1531 1019 1566 primi
1037 1540 1101 1560 eum
1117 1532 1226 1567 jubent.
1246 1531 1356 1566 Deinde,
1372 1533 1445 1568 quod
1459 1541 1513 1562 non
1527 1535 1615 1561 solum
1631 1535 1731 1570 amplc‘

939 1578 1037 1606 ctenda
1057 1578 1093 1606 sit
1113 1578 1173 1613 ejus
1194 1579 1295 1613 imago,
1321 1578 1356 1605 ad
1378 1587 1441 1606 eum
1464 1579 1575 1607 modum
1591 1588 1646 1615 quo
1661 1580 1730 1615 legis

939 1629 1009 1652 noue
1035 1629 1062 1652 et
1081 1624 1157 1660 signa
1184 1625 1371 1659 amplectenda
1394 1626 1545 1658 dicuntur,
1571 1626 1618 1654 sed
1646 1627 1729 1654 etiam

939 1671 1092 1702 adoranda,
1123 1675 1180 1698 tum
1213 1671 1309 1706 ipsius,
1336 1676 1393 1701 tum
1424 1672 1641 1708 uniuscujusque
1665 1680 1730 1702 Bau-

938 1720 1056 1744 ctorutu.

974 1847 1148 1875 Manifestum
1163 1848 1235 1876 enim
1253 1854 1295 1876 est
1313 1857 1508 1878 concessurum
1530 1853 1665 1886 quemvis,
1681 1861 1727 1880 ve-

938 1893 1090 1919 nerandum
1112 1893 1185 1927 quod
1210 1893 1329 1926 dicatur,
1356 1895 1427 1922 idem
1454 1896 1507 1923 dici
1535 1897 1727 1929 adorandum;

938 1938 1056 1974 itemque
1071 1939 1142 1973 quod
1162 1940 1252 1967 omnis
1276 1940 1366 1975 imago
1397 1941 1560 1976 homonyme
1578 1950 1639 1969 cnm
1663 1951 1728 1978 pro-

937 1988 1030 2019 totypo
1043 1992 1094 2011 suo
1112 1990 1283 2019 nuncupetur
1299 1994 1307 2018 ;
1327 1993 1389 2013 cum
1404 1986 1504 2013 dicitur
1520 1996 1526 2014 :
1546 1996 1555 2013 ι
1573 1987 1667 2023 Agnus
1682 1997 1727 2016 ex-

935 2029 1075 2064 primitur,
1103 2038 1184 2065 quem
1208 2030 1366 2058 Prrecursor
1389 2033 1473 2066 digito
1496 2033 1688 2062 demonstrat.
1715 2044 1725 2061 ι

935 2076 1078 2110 Quomodo
1088 2081 1114 2104 et
1128 2077 1236 2105 divinus
1251 2077 1399 2112 Gregorius
1414 2077 1553 2114 Nyssenus
1565 2081 1682 2115 quodam
1698 2081 1725 2109 in

936 2123 996 2150 loco
1007 2125 1043 2150 ait
1053 2124 1074 2140 ⁶⁰
1086 2133 1093 2150 :
1107 2133 1115 2149 ι
1126 2123 1285 2152 Procnmbit
1295 2125 1369 2152 Isaac
1387 2133 1478 2152 coram
1490 2132 1565 2161 patre
1574 2127 1607 2155 ad
1616 2136 1703 2155 aram.
1715 2139 1724 2154 ι

937 2168 993 2196 Vox
1020 2168 1142 2202 Patrum,
1167 2170 1214 2204 qui
1232 2170 1384 2198 Antiochia:
1410 2177 1619 2200 convenerunt:
1638 2183 1647 2200 ι
1668 2173 1727 2202 Non

936 2221 1066 2251 tanquam
1081 2218 1197 2244 alterum
1212 2216 1311 2249 forma,
1327 2218 1374 2244 sed
1387 2221 1517 2253 tanquam
1533 2227 1616 2247 unum
1638 2220 1726 2256 ipsum

938 2263 1081 2290 Dominum
1108 2263 1136 2290 in
1157 2271 1209 2290 una
1234 2264 1320 2290 forma
1332 2265 1507 2292 exsistentem
1523 2274 1529 2293 :
1546 2267 1684 2301 quomodo
1701 2272 1727 2294 et

937 2310 1080 2337 character
1092 2316 1163 2337 unus
1180 2310 1316 2336 exsistens
1335 2311 1520 2339 subsistentia;
1530 2311 1629 2344 Patris,
1646 2318 1727 2347 atque

937 2361 1000 2382 ante
1024 2354 1240 2382 lncarnationem
1264 2356 1454 2391 incorporeus,
1476 2365 1548 2385 unus
1563 2361 1622 2385 erat
1639 2364 1686 2385 :et
1698 2359 1725 2385 in

937 2409 1018 2429 carne
1037 2409 1109 2429 unus
1137 2406 1189 2433 est,
1205 2406 1232 2429 et
1253 2402 1280 2428 in
1299 2402 1417 2438 imagine
1439 2404 1509 2430 idem
1521 2407 1593 2431 unus
1607 2404 1724 2438 exsistit,

937 2456 990 2475 non
1011 2447 1116 2475 divisus
1144 2448 1170 2474 in
1189 2449 1259 2475 duos
1280 2448 1463 2481 characteres,
1490 2457 1578 2484 neque
1590 2450 1724 2477 dissectus

935 2495 963 2521 in
987 2494 1088 2529 glorias
1103 2493 1172 2521 duas
1184 2514 1191 2526 ,
1210 2494 1257 2521 sed
1282 2493 1309 2521 in
1330 2502 1411 2522 unam
1427 2494 1569 2522 collectus.
1591 2504 1600 2521 ι
1617 2493 1650 2521 Ει
1663 2499 1725 2529 post

936 2541 988 2568 alia
1001 2548 1008 2566 :
1026 2549 1035 2565 ι
1050 2539 1102 2567 Sed
1117 2539 1348 2574 quemadmodum
1364 2540 1422 2575 ipse
1435 2548 1505 2568 unus
1513 2545 1598 2568 estex
1615 2540 1723 2568 duobus

936 2587 1092 2619 contrariis,
1115 2590 1143 2613 et
1161 2586 1188 2613 in
1202 2593 1283 2613 unam
1306 2586 1435 2614 coalescit
1452 2594 1598 2621 personam
1613 2595 1621 2620 ς
1638 2588 1678 2614 sic
1696 2591 1724 2614 ct

937 2634 1026 2667 imago
1049 2632 1109 2666 ejus
1125 2636 1153 2659 et
1177 2639 1231 2659 una
1248 2636 1300 2662 est,
1324 2636 1351 2658 et
1364 2631 1484 2666 ejusdem
1512 2631 1593 2658 unius
1609 2631 1720 2658 Christi.

935 2678 1030 2713 Neque
1057 2679 1172 2706 alterum
1197 2678 1384 2705 characterem
1409 2677 1533 2704 dicamus
1547 2684 1610 2704 eum
1622 2675 1724 2711 quise-

935 2727 1054 2753 cundum
1080 2732 1190 2752 carnem
1220 2723 1300 2751 nobis
1324 2723 1462 2758 apparuit,
1490 2723 1605 2750 alterum
1630 2727 1721 2748 autem

935 2774 1121 2801 characterem
1145 2770 1193 2804 qui
1216 2769 1366 2798 secundum
1391 2769 1537 2804 imaginem
1560 2769 1723 2803 exprimitur

936 2820 963 2847 in
981 2819 1067 2854 ﬁgura
1084 2816 1170 2845 forma
1191 2816 1276 2849 illius,
1303 2817 1350 2844 sed
1367 2823 1449 2843 unum
1470 2820 1498 2842 et
1524 2815 1650 2842 eumdem
1665 2822 1672 2841 ι
1685 2814 1724 2843 εί»

1289 2886 1311 2902 ι’
1328 2886 1403 2913 Orat.
1425 2885 1451 2912 in
1471 2884 1621 2916 Abraham,
1650 2888 1669 2913 ι.
1691 2891 1720 2920 ιι,

1491 2964 1529 3000 51

1423 1171 1452 1193 ut
1476 1174 1523 1200 per
1549 1166 1729 1194 humilitatem
1777 1172 1780 1176 ‘
