1927 3089
234 165 298 198 1611

831 164 861 195 s.
876 161 1074 193 resonant
1086 147 1260 192 swst

1799 163 1857 197 λιιι

232 222 342 258 quidem
353 226 440 256 neque
448 219 555 247 ratione
566 218 691 254 corporis
702 219 747 247 ille
756 218 902 247 character
912 217 1024 248 dicitur.

1077 217 1091 243 ό
1117 217 1261 252 χαρακτὴρ
1287 217 1406 252 ιῐρηται,
1435 217 1504 245 ἀλλὰ
1531 217 1599 246 καθὸ
1627 218 1784 254 ἀσώματον.
1810 221 1857 250 Καὶ

234 267 282 296 sed
309 272 337 293 ιιι
353 270 396 294 est
411 266 601 300 incorporeus.
625 265 684 292 lloc
700 273 765 292 vero
793 265 880 299 magis
894 272 943 299 per
955 263 1026 290 divi-

233 321 299 340 num
316 312 540 347 Chrysostomttm
553 310 749 342 declarabitur,
772 310 818 345 qui
836 310 1024 336 characterem

233 358 374 386 ccelestem
399 361 488 388 vocat,
517 356 648 392 quoniam
669 363 702 383 ex
725 356 807 388 caelo,
823 363 876 382 nou
891 360 1026 388 quatenus

233 411 342 438 corpus,
368 403 415 430 sed
441 406 579 437 quatenus
603 402 713 437 coporis
737 409 844 437 expers,
869 400 1026 436 unigenitus

233 449 306 476 Deus
319 449 488 476 descendens
503 449 537 475 de
551 448 630 476 caelis
647 449 808 475 incarnatus
831 452 882 479 est,
896 451 923 474 et
940 453 1025 480 appa-

233 497 289 523 ruit
305 503 418 530 corpore
434 499 528 522 nostro
541 495 663 521 indutus.
680 504 688 519 ι
705 493 737 521 Et
752 498 813 529 post
829 500 914 528 pauca
930 501 960 519 τι
973 491 1027 527 Igi-

233 547 288 574 tur,
305 543 432 577 queuiam
454 541 605 569 secundum
632 540 791 567 relationem
814 539 932 566 ostendit
948 538 1025 565 illum

232 587 359 614 eumdem
375 587 560 613 characterem
580 595 587 613 :
604 586 693 620 ipsum
706 586 843 612 Christum
866 585 1024 616 adoramus,

232 639 256 661 et
273 642 326 660 non
343 634 486 660 materiam
500 632 650 659 artiliciose
666 631 810 666 figuratam
828 631 854 658 in
871 631 999 666 imagine.
1012 639 1022 656 ι

232 679 272 707 En
288 680 406 714 apertior
422 679 573 714 dogmatica
590 677 740 704 declat-alio
758 686 765 704 :
782 677 899 712 primum
912 677 1023 711 quidem

233 732 315 751 uuam
333 732 394 752 esse
410 724 524 751 formam
542 724 569 750 in
586 724 731 753 ambobus.
750 723 860 750 Clu-isto
884 723 989 749 scilicet
999 727 1026 750 et

233 770 373 805 imagine:
398 769 507 801 deinde,
529 770 715 797 characterem
735 769 824 804 ipsum
841 769 1025 796 Subsistentite

233 816 332 848 Patris,
356 817 383 842 iu
403 815 531 848 imagine,
563 816 649 850 ﬁgura
675 815 770 842 forma:
785 815 881 850 ipsius,
901 815 1023 850 conspici

232 862 313 889 simul
329 867 355 888 et
369 863 476 888 adorari
493 862 578 897 gloria
597 862 724 890 indivisa.
740 860 872 896 Reliquus
886 866 928 889 est
943 869 1024 896 quar-

233 913 278 935 tus
300 909 407 940 modus,
430 908 549 942 antiqnm
562 908 771 935 consuetudinis
786 913 812 935 et
829 908 960 935 instituti.
976 908 1023 934 At-

232 953 296 980 tolle
316 953 343 979 in
366 953 459 979 orbem
486 953 582 980 ocuIOs
603 958 674 985 tuos,
702 951 744 978 vir
768 951 977 983 humanissime,
996 955 1024 978 et

231 999 292 1026 vide
306 1003 405 1026 terram
423 998 591 1031 universam,
603 1005 636 1025 ex
652 997 710 1032 ipsa
725 997 873 1032 apostolica
890 996 1024 1032 praedica-

230 1045 316 1078 tione,
336 1045 439 1079 ubique
454 1045 586 1080 gentium,
606 1044 632 1071 in
655 1043 743 1071 sacris
759 1043 878 1078 templis,
896 1043 1024 1077 vasisque

229 1090 342 1123 divinis,
366 1095 394 1118 et
418 1090 523 1118 sanctis
547 1090 680 1122 donariis,
702 1097 860 1122 expressum
883 1088 1022 1116 Christum

230 1140 394 1172 gestantem,
422 1141 450 1164 et
475 1135 556 1164 lactis
581 1136 649 1170 ipsis
676 1143 772 1163 vocem
795 1136 920 1163 edentem
949 1135 1023 1170 quod

230 1184 358 1211 Christus
376 1184 499 1219 regnavit
513 1191 596 1218 super
617 1190 665 1210 eos
679 1182 727 1218 qui
743 1182 769 1210 in
783 1186 855 1210 terra
864 1187 939 1214 sunt,
952 1182 1023 1208 sicut

230 1230 331 1257 cecinit
355 1229 440 1256 David
453 1237 463 1256 :
483 1228 599 1271 Pastum.
616 1237 632 1256 a
651 1236 702 1259 me,
724 1233 749 1256 et
769 1229 838 1255 dabo
862 1228 910 1254 tibi
933 1233 1023 1262 gentes

230 1276 410 1303 Itareditatem
431 1280 514 1308 tuam,
538 1280 563 1302 el
587 1275 776 1310 possenioaem
804 1280 876 1302 tuam
896 1275 1022 1301 terminos

231 1323 341 1350 terra"
352 1327 408 1350 :et:
419 1322 490 1355 Quia
504 1322 570 1349 nihil
585 1328 624 1349 ut
639 1321 739 1348 idolum
751 1321 779 1348 in
789 1323 887 1348 mundo
901 1321 934 1350 “.
946 1321 1022 1356 juxta

231 1369 332 1396 dictum
350 1369 493 1403 Apostoli:
518 1373 546 1395 et
564 1367 636 1403 quod
655 1367 746 1394 omnia
767 1367 845 1394 beato
863 1367 965 1394 lumine
979 1374 1021 1394 re-

230 1416 302 1451 pleta
318 1415 385 1447 sint.
397 1416 520 1441 veniente
531 1421 564 1441 eo
573 1415 620 1449 qui
633 1414 702 1441 dixit
718 1422 725 1440 :
742 1412 850 1448 Eyolua;
860 1414 886 1440 in
896 1413 1022 1439 mundum

231 1461 288 1488 veni
300 1461 334 1488 ".
349 1460 445 1493 Qualia
456 1461 528 1487 enim
541 1464 606 1488 sunt
622 1467 683 1494 quae
700 1458 872 1487 cernuntur?
888 1458 937 1487 Hic
960 1459 1023 1494 qui-

231 1507 292 1534 dem
306 1507 334 1534 iu
356 1507 485 1542 spelunca
505 1511 596 1538 natus,
612 1510 640 1533 et
656 1506 690 1532 ab
703 1505 808 1541 angelis
829 1505 997 1541 gloriﬁcatus
1012 1512 1021 1532 :

232 1554 277 1582 hic
292 1561 356 1581 vero
369 1554 396 1580 in
408 1553 481 1580 ulnis
495 1560 510 1580 a
527 1557 613 1579 matre
630 1557 763 1587 gestatus,
781 1556 809 1580 et
823 1559 838 1578 a
856 1552 942 1586 magis
958 1552 1022 1579 ado-

231 1605 317 1626 ratus.
349 1599 451 1626 Deinde
479 1606 556 1634 puer,
582 1598 692 1633 quando
721 1597 748 1624 in
775 1597 864 1624 medio
885 1597 1027 1624 doctorum

231 1645 330 1673 Sedens
354 1646 429 1673 visus
453 1650 506 1673 est.
523 1644 593 1672 Tum
614 1644 767 1679 baptizatus
788 1651 803 1670 ιι
829 1642 1002 1670 l’razcnrsore
1021 1652 1029 1670 :

231 1697 290 1718 tum
315 1692 447 1718 miracula
469 1699 531 1719 cum
558 1690 692 1725 apostolis
713 1689 818 1733 faciens
836 1698 842 1717 :
867 1689 895 1717 in
916 1697 1026 1718 crucem

232 1738 393 1770 ascendens,
410 1739 564 1773 exspirans,
577 1738 709 1773 sepultus,
731 1745 887 1772 resurgens,
902 1737 928 1764 in
943 1736 1028 1765 caelos

231 1791 382 1814 revertens.
406 1785 433 1812 In
451 1786 508 1812 haec
534 1785 618 1820 igitur
643 1785 735 1812 omnia
755 1793 804 1820 per
817 1784 963 1820 imaginem
983 1784 1027 1811 in-

230 1833 312 1864 lenti,
333 1834 405 1859 sicut
429 1837 493 1858 tunc
519 1839 567 1865 per
587 1831 738 1858 eontuitum
762 1831 852 1865 ipsum
871 1830 987 1864 apostoli
1009 1850 1018 1862 ,

230 1879 292 1914 jure
312 1883 339 1906 et
355 1886 405 1905 nos
426 1877 577 1904 dixerimus
594 1885 601 1904 :
622 1875 875 1910 i’idinzuLgloriam
888 1876 956 1910 ejus,
969 1875 1027 1910 glo-

230 1924 302 1951 riam
315 1924 391 1958 quasi
405 1922 539 1957 Unigeniti
553 1931 569 1948 α
583 1921 675 1954 Patre,
696 1921 800 1956 plenum
816 1921 910 1956 gratia:
923 1926 947 1948 et
960 1921 1027 1948 veri-

231 1973 294 1999 tatis
307 1971 341 1997 ⁷³.
358 1969 420 1996 Haec
440 1969 522 2004 igitur
541 1974 582 1996 est
607 1968 641 1996 ab
662 1976 720 1995 aevo
747 1968 908 1995 annuntiata
932 1968 998 1996 lides
1017 1977 1024 1995 :

230 2018 303 2047 hanc
318 2018 448 2052 amplexa.-
458 2021 521 2043 suut
536 2014 634 2050 synodi
650 2019 751 2042 sancte
767 2023 774 2043 :
792 2019 819 2041 et
836 2015 899 2042 huic
925 2014 1026 2042 ευστα-

1076 262 1156 288 τοῦτο
1170 262 1270 297 μᾶλλον
1284 261 1329 289 διὰ
1343 262 1390 290 τοῦ
1408 262 1483 290 θείου
1499 263 1697 300 Χρυσοστόμου
1711 265 1858 303 διευκρινη-

1078 308 1201 343 θὴσεται,
1217 308 1263 334 τὸν
1277 309 1441 344 χαρακτῆρα
1453 309 1581 344 οὐράνιον
1595 310 1733 344 λέγοντος,
1751 312 1858 349 ἐπείπερ

1077 353 1124 380 καὶ
1140 353 1170 386 ἐξ
1192 354 1319 388 ούρανοῦ,
1343 354 1374 380 οὐ
1409 355 1478 381 καθὸ
1509 355 1599 391 σῶμα,
1615 356 1684 383 ἀλλὰ
1708 357 1775 384 καθὸ
1796 358 1858 385 ἀσώ-

1079 408 1163 435 ματον
1178 401 1193 426 ό
1210 400 1357 435 μονογενὴς
1381 401 1447 432 Θεὸς
1472 402 1613 429 κατελθὼν
1627 403 1659 429 ἐκ
1677 403 1732 430 τῶν
1746 405 1859 440 οὐρανῶν

1076 445 1234 480 ὲσαρκώθη,
1249 447 1295 473 καὶ
1305 446 1425 481 ὲπέφανε
1441 447 1521 482 σῶμα
1536 449 1716 484 περιθέμενος
1727 449 1757 476 τὺ
1769 451 1860 485 ἡμέτε-

1079 499 1135 526 ρον.
1160 500 1170 517 ι
1191 492 1247 518 Καὶ
1265 493 1331 527 μετ’,
1339 492 1428 527 ὀλιγα·
1448 503 1457 519 ι
1478 494 1584 521 Οὐκοῦν
1597 495 1659 522 ἐπεὶ
1675 495 1746 522 κατὰ
1760 497 1860 532 ἀναφο-

1077 539 1128 574 ρὰν
1144 538 1226 565 αὐτὸν
1242 538 1362 566 δείκνυσι
1388 540 1434 566 τὸν
1463 541 1628 576 χαρακτῆρα
1653 542 1734 568 αὑτὸν
1753 543 1860 578 Χριστὸν

1076 584 1294 620 προσκυνοῦμεν,
1315 585 1362 612 καὶ
1380 585 1410 612 οὐ
1429 586 1478 621 τὴν
1503 586 1570 622 ὓλην
1586 588 1718 622 τεχνικῶς
1734 597 1861 624 σχηματι-

1077 631 1194 666 ζομένην
1203 633 1232 658 ἐν
1245 633 1277 667 τῇ
1289 631 1383 659 εἰκόνι.
1401 640 1411 657 ι
1427 632 1511 668 Δεῦρο
1522 633 1674 668 τρανοτέρα
1685 634 1702 668 ἡ
1711 633 1859 669 δογματικὴ

1075 676 1250 712 διασάφησις”
1279 678 1387 714 πρῶτον
1418 679 1478 713 μὲν,
1494 679 1535 705 ὅτι
1562 679 1610 713 μία
1630 678 1721 714 μορφὴ
1747 680 1791 706 ἐπ’
1815 681 1862 715 άμ-

1076 724 1146 756 φοῖν,
1167 722 1215 749 τοῦ
1229 731 1259 750 τε
1274 723 1394 759 Χριστοῦ
1410 724 1458 750 καὶ
1476 725 1526 759 τῆς
1548 725 1650 757 εἰκόνος
1661 733 1668 741 ο
1682 725 1787 758 ἔπειτα,
1800 727 1837 754 ὅτι
1849 728 1862 754 6

1075 769 1157 801 αὐτὸς
1176 770 1191 796 ό
1206 770 1349 805 χαρακτὴρ
1378 770 1426 805 τῆς
1442 770 1490 797 τοῦ
1514 771 1619 807 Πατρδς
1639 771 1823 805 ὑποστάσεως,
1837 772 1862 798 ὲν

1075 815 1159 842 εικόνι
1177 815 1216 851 τῷ
1232 815 1297 842 εῖδει
1321 816 1371 851 τῆς
1396 816 1504 852 μορφῆς
1520 816 1615 850 αὑτοῦ,
1634 818 1827 852 ἐκφαινόμενός
1835 818 1862 845 τέ

1075 860 1150 886 ἐστιν
1166 859 1234 894 ὁμοῦ
1256 860 1306 887 καὶ
1323 860 1562 896 προσκυνούμενος
1575 861 1698 897 ἀσχίστῳ
1719 861 1794 898 δόξῃ.
1809 862 1863 888 Λει-

1075 905 1194 940 πόμενό;
1208 906 1282 933 ἑστιν
1292 907 1306 932 ὀ
1321 907 1450 943 τέταρτος
1459 907 1560 942 τρόπος
1573 907 1623 942 τῆς
1636 908 1753 943 ἀρχαίας
1768 907 1864 943 θεσμο-

1075 951 1170 984 θεσίας
1189 951 1265 988 [cor].
1291 953 1361 988 Reg.
1385 952 1569 989 νομοθεσίας].
1587 950 1673 989 ’Δρον
1700 953 1794 989 κύκλῳ
1807 955 1864 985 τοὺς

1072 998 1231 1033 ὀφθαλμούς
1251 1007 1309 1031 σου,
1324 996 1347 1025 ὧ
1367 999 1620 1035 φιλανθρωπότατε,
1635 1000 1682 1026 καὶ
1700 1000 1737 1026 ῖδε
1751 1001 1801 1035 τὴν
1822 1000 1863 1026 ὑπ’

1073 1044 1202 1080 οὐρανὸν,
1230 1044 1260 1077 ἐξ
1291 1044 1374 1072 αὑτοῦ
1403 1044 1452 1072 τοῦ
1471 1045 1653 1072 ἁποστολικοῦ
1678 1045 1863 1081 κηρύγματος,

1073 1090 1214 1125 πανταχοῦ
1233 1091 1286 1126 γῆς
1309 1099 1339 1118 τε
1368 1091 1416 1118 καὶ
1439 1091 1588 1126 θαλάσσης,
1613 1092 1647 1119 δι’
1677 1092 1759 1128 ιερῶν
1789 1094 1864 1126 ναῶν,

1073 1137 1156 1164 θείων
1167 1145 1197 1164 τε
1212 1137 1330 1170 σκευῶν,
1345 1138 1392 1164 καὶ
1412 1137 1521 1164 σεπτῶν
1535 1138 1730 1173 ἀναθημάτων.
1741 1139 1789 1166 τὸν
1803 1139 1865 1174 Χρι-

1073 1183 1137 1210 στὸν
1167 1182 1386 1218 ὲξεικονισμένον
1405 1184 1563 1219 φέρουσαν,
1586 1185 1635 1211 καὶ
1661 1186 1756 1217 αὐτοῖς
1780 1186 1866 1221 εργοις

1072 1228 1166 1265 φωνὴν
1187 1229 1326 1264 ἀφιεῖσαν,
1343 1229 1384 1256 ’ότι
1411 1229 1529 1265 Χριστὸς
1554 1229 1732 1265 βεδασίλευκε
1757 1231 1811 1258 τῶν
1824 1230 1866 1258 ἰπὶ

1072 1276 1135 1310 γῆς,
1146 1277 1217 1303 κατὰ
1224 1276 1254 1302 τδ
1264 1276 1393 1312 ᾀδόμενον
1415 1276 1578 1309 Δαϐιτικῶς·
1586 1277 1714 1311 Διτησαι
1723 1278 1792 1313 παρ’
1800 1278 1867 1313 ἐμοῦ

1073 1321 1124 1347 καὶ
1142 1321 1228 1348 δώσω
1248 1330 1298 1349 σοι
1310 1322 1383 1357 ἔθνη
1403 1323 1463 1357 τὴν
1483 1324 1690 1358 κληρονομίαν
1722 1332 1799 1357 σου,
1822 1324 1866 1351 καὶ

1073 1367 1130 1402 τὴν
1141 1368 1330 1404 κατάσχεσιν
1345 1377 1404 1396 σου
1415 1370 1453 1397 τὰ
1466 1370 1582 1405 πέρατα
1592 1371 1721 1405 τῆς-γῆς’
1735 1371 1795 1405 καὶ,
1811 1371 1867 1398 Ὅτι

1073 1414 1167 1442 οὐδὲν
1181 1415 1311 1443 εἴδωλον
1323 1416 1359 1443 ἐν
1376 1417 1490 1450 κόσμῳ·
1506 1417 1577 1444 κατὰ
1594 1418 1625 1444 τὸ
1644 1417 1697 1444 ὑπὸ
1720 1417 1769 1445 τοῦ
1792 1419 1868 1445 Ἀπο-

1075 1461 1170 1487 στόλου
1187 1462 1344 1497 είρημένον.
1361 1462 1416 1489 Καὶ
1429 1463 1470 1490 δτι
1493 1463 1582 1491 πάντα
1596 1464 1688 1490 ὀλϐίου
1713 1464 1803 1499 φωτὸς
1827 1473 1869 1490 πι-

1077 1506 1232 1543 πλήρωται,
1254 1507 1415 1543 ἐληλυθότος
1432 1508 1479 1536 τοῦ
1497 1510 1632 1542 εἰπόντος·
1655 1510 1728 1546 Ἐγὼ
1745 1509 1810 1546 φῶς
1830 1511 1868 1542 sic

1078 1554 1134 1581 τὸν
1163 1555 1282 1590 κόσμον
1303 1554 1447 1588 ἐλήλυθα.
1464 1553 1515 1583 Οἴα
1536 1558 1590 1592 γὰρ
1612 1557 1646 1584 τὰ
1662 1554 1868 1593 ὀρώμεναςῶδε

1081 1599 1131 1635 μὲν
1154 1600 1184 1626 ὲν
1209 1599 1336 1635 σπηλαίῳ
1350 1601 1520 1635 τικτόμενος,
1534 1601 1581 1628 καὶ
1594 1601 1640 1627 ὑπ’
1655 1601 1782 1635 ἀγγέλων
1797 1600 1868 1634 δοξα-

1080 1645 1203 1680 ζόμενος·
1219 1645 1300 1681 δεῦρο
1324 1645 1353 1672 δὲ
1378 1646 1422 1673 ἐπ’
1436 1646 1543 1673 ὠλενῶν
1563 1647 1616 1673 ὑπὸ
1629 1646 1680 1682 τῆς
1692 1648 1805 1682 Μητρὸς
1827 1646 1872 1681 βαο

1080 1690 1257 1726 σταζόμενος,
1275 1691 1324 1718 καὶ
1348 1691 1401 1718 ὑπὸ
1428 1693 1525 1727 μάγων
1540 1692 1791 1728 προσκυνούμενος.
1810 1690 1871 1719 Εἶτα

1079 1738 1109 1764 ἐν
1123 1738 1288 1774 μειρακίοις,
1301 1738 1420 1775 ὁπηνίκα
1434 1739 1517 1775 μέσος
1530 1739 1584 1766 τῶν
1597 1739 1770 1767 διδασκάλων
1783 1736 1870 1768 ὦπται

1078 1783 1245 1819 καθήμενος.
1278 1785 1397 1812 Ἔπειτα
1426 1785 1625 1821 βαπτιζόμενος
1655 1785 1708 1812 ὑπὸ
1733 1785 1783 1813 τοῦ
1804 1786 1870 1821 Προ-

1080 1828 1193 1864 δρόμου·
1211 1827 1271 1857 εἶτα
1290 1831 1510 1866 θαυματουργῶν
1524 1831 1572 1858 σὺν
1586 1831 1757 1863 ἀποστόλοις
1770 1832 1818 1858 ἐπὶ
1831 1833 1874 1857 τὶν

1082 1875 1199 1910 σταυρὸν
1217 1875 1313 1909 ἀνιὼν,
1336 1876 1500 1910 ἀποπνέων,
1522 1876 1702 1913 θατπόμενος,
1724 1878 1875 1913 ἀνισταμε-

1080 1928 1136 1953 νος,
1161 1921 1202 1952 είς
1225 1921 1360 1957 οὐρανοὺς
1375 1921 1568 1957 ἀνερχόμενος.
1587 1922 1699 1955 Τούτοις
1722 1921 1772 1950 οὖν
1794 1923 1874 1949 πᾶσιν

1079 1966 1221 1998 εἰκονικῶς
1238 1966 1448 1999 ὲνατενίζοντες,
1465 1968 1503 1999 ὼς
1525 1967 1677 2002 τηνικαῦτα
1701 1969 1874 1998 αὑτοπτικῶς

1079 2013 1105 2039 οί
1119 2013 1273 2046 ἀπόστολοι,
1290 2012 1415 2047 εῐποιμεν
1430 2011 1463 2039 ἂν
1478 2013 1590 2046 είκότως
1605 2014 1652 2040 καὶ
1665 2015 1757 2049 ἡμεῖς·
1776 2015 1874 2041 Ὲθεα-

230 2068 328 2098 gantnr
342 2070 438 2089 omnes
455 2061 556 2096 ubique
570 2060 692 2087 locorum
709 2059 848 2092 Ecclesiae,
870 2060 896 2086 in
911 2059 1023 2087 Oriente

1078 2058 1193 2093 σάμεθα
1207 2059 1265 2092 τὴν
1277 2058 1371 2091 δόξαν
1383 2060 1489 2092 αὑτοῦ,
1507 2060 1602 2092 δόξαν
1623 2060 1663 2093 ὡς
1685 2060 1876 2096 Μονοτενοῦς

229 2115 254 2137 et
277 2108 468 2141 Occidente",
482 2108 508 2134 in
534 2107 758 2142 Septentrioneet
775 2106 867 2132 mari:
890 2114 972 2141 quam
997 2111 1024 2134 et

1078 2105 1159 2139 παρὰ
1185 2106 1319 2140 Πατρὸς,
1342 2105 1462 2140 πλήρης
1487 2106 1609 2141 χάριτος
1639 2107 1689 2134 καὶ
1716 2108 1873 2142 ἀληθείας.

230 2164 280 2182 nos
297 2155 401 2182 minimi
419 2154 626 2188 amplectentes,
643 2160 766 2184 oramus,
781 2152 896 2187 iureque
919 2144 1024 2188 Suppli-

1077 2152 1152 2187 Δῦτη
1176 2150 1223 2179 οὖν
1244 2153 1319 2179 ἐστιν
1341 2153 1358 2188 ή
1375 2152 1405 2185 ἐξ
1425 2153 1523 2185 αἰῶνος
1552 2154 1743 2190 κηρυττομένη
1772 2157 1871 2186 πίστις’

229 2209 324 2228 t‘atllus
334 2208 382 2235 pro
395 2205 494 2231 vestro,
506 2200 578 2234 quod
587 2197 659 2226 Deus
669 2199 781 2225 charum
792 2197 882 2231 habet,
895 2197 1021 2233 imperio.

1077 2198 1181 2234 ταύτην
1195 2199 1356 2233 ἠσπάσαντο
1369 2200 1398 2226 αι
1409 2199 1485 2232 ἆγιαι
1504 2199 1618 2231 σύνοδοι,
1632 2201 1679 2226 καὶ
1693 2201 1784 2238 ταύτῃ
1809 2201 1877 2238 σύμ-

231 2252 318 2283 ψηφοι
358 2247 523 2281 τυγχάνουσι
551 2246 638 2272 πᾶσαι
676 2246 704 2272 at
729 2245 868 2280 πανταχοῦ
893 2246 965 2272 κατὰ
979 2246 1062 2273 τόπον
1088 2245 1264 2280 Ἐκκλησίαι,
1283 2245 1313 2272 ἐν
1338 2254 1369 2272 τε
1395 2246 1524 2281 Ἀνατολῇ
1551 2247 1597 2273 καὶ
1621 2245 1720 2279 Δύσει,
1739 2247 1876 2283 Βορᾒι

230 2296 274 2321 καὶ
290 2294 412 2329 θαλάσσῃ
423 2301 430 2308 ’
447 2293 480 2328 ἢν
501 2292 548 2319 καὶ
563 2293 645 2328 ἡμεῖς
661 2293 687 2318 οι
707 2291 844 2328 ἐλάχιστοι
874 2292 1073 2328 ἀσπαζόμενοι,
1088 2292 1224 2329 εὐχόμεθα
1239 2293 1287 2320 καὶ
1311 2293 1522 2329 ὑπερευχόμεθα
1540 2292 1722 2329 ὀφειλομένως
1749 2295 1802 2330 τῆς
1823 2294 1877 2321 θω-

231 2338 321 2374 θιλοῦς
352 2338 430 2374 ὑμῶν
463 2337 614 2373 βασιλείας.

455 2397 510 2425 CC.
522 2411 557 2416 —
576 2395 658 2423 Petro
681 2395 792 2424 Nicer.

1251 2397 1278 2424 Σ¹
1290 2396 1358 2432 (94).
1371 2412 1407 2418 —-
1421 2396 1523 2432 Πέτρῳ
1533 2398 1671 2432 Νικαίας.
1684 2396 1773 2436 [ωγ’.]

797 2454 836 2480 De
847 2458 929 2480 morte
944 2454 1113 2487 metropolite
1129 2454 1296 2486 Synadorum.

263 2502 432 2537 Audiveruiit
444 2514 557 2542 prorsus
569 2513 655 2535 sacra
674 2513 755 2534 aures
771 2511 824 2533 tua:
845 2506 873 2533 id
889 2507 962 2542 quod
975 2515 1021 2535 ac-
1037 2510 1059 2538 D

227 2556 294 2583 cidit
318 2555 396 2582 beato
418 2559 445 2582 et
460 2553 602 2581 communi
625 2552 701 2581 Patri
722 2557 819 2580 nostro
840 2554 1020 2589 metropolilz

228 2602 426 2638 Synadurum;
452 2600 610 2636 planxitque
633 2603 728 2628 sancta
747 2600 838 2626 anima
867 2603 914 2627 tua
945 2600 1018 2628 illius

227 2642 320 2681 caus'a,
340 2652 420 2682 prout
443 2654 491 2681 par
507 2645 584 2673 fuit:
609 2645 726 2673 necdum
751 2645 876 2672 videlicet
901 2646 1018 2680 gemitus

226 2693 354 2725 cessavit,
373 2699 425 2719 nec
436 2692 547 2720 sedatus
557 2695 600 2720 est
612 2691 702 2723 dolor,
717 2690 762 2726 qui
774 2696 904 2726 tanquam
915 2699 949 2719 ex
963 2691 1019 2719 dis-

227 2739 350 2768 sectioue
363 2738 482 2774 quadam
495 2743 576 2766 natus
593 2742 646 2765 est.
673 2736 774 2764 Verum
789 2737 842 2764 huc
860 2737 935 2770 ades,
963 2742 990 2765 et
1003 2746 1019 2764 ιι

228 2785 319 2816 nobis,
341 2783 384 2811 vir
404 2783 647 2816 desideratissime,
671 2782 774 2810 clarius
796 2782 912 2810 ediscc:
938 2788 968 2811 ut
992 2788 1019 2811 et

1111 2508 1231 2535 Ἤκουσε
1248 2507 1357 2539 πάντως
1372 2508 1388 2542 ἠ
1403 2507 1464 2542 ἱερά
1481 2515 1528 2534 σου
1539 2507 1608 2543 ἀκοὴ
1623 2508 1655 2534 τὸ
1669 2509 1733 2544 περὶ
1751 2508 1801 2535 τὸν
1828 2517 1881 2544 μα-

1073 2554 1170 2589 κάριον
1200 2554 1248 2581 καὶ
1263 2553 1352 2581 κοινὸν
1370 2554 1478 2588 Πατέρα
1489 2554 1569 2589 ἡμῶν
1592 2555 1801 2590 μητροπολίτην
1815 2556 1880 2582 Συν-

1074 2600 1146 2628 άδων
1166 2599 1263 2632 πάθος·
1284 2599 1332 2626 καὶ
1348 2599 1473 2635 ὼδύρατό
1490 2608 1536 2627 σου
1552 2601 1569 2635 ἡ
1584 2601 1650 2635 ἁγία
1661 2601 1734 2637 ψυχὴ
1746 2602 1793 2628 ἐπ’
1807 2601 1881 2635 αὐτῷ

1072 2647 1107 2674 τὰ
1118 2646 1221 2673 εἰκόταο
1238 2646 1299 2672 ἐπεὶ
1314 2645 1362 2672 καὶ
1389 2645 1431 2672 ἑτι
1446 2645 1493 2672 τοῦ
1512 2645 1668 2682 στεναγμοῦ
1683 2647 1733 2673 οὐκ
1749 2647 1880 2674 ἀποπαύ-

1073 2699 1135 2718 σοι·
1150 2692 1211 2719 οὐδὲ
1234 2692 1284 2726 τῆς
1312 2691 1394 2717 οίονεὶ
1416 2692 1448 2718 ἐκ
1470 2691 1521 2727 τῆς
1542 2692 1701 2727 διχοτομίας
1723 2693 1880 2728 γενομένης

1074 2738 1220 2773 ἀλγηδόνος
1236 2737 1410 2772 ἀπολήξειιν.
1433 2737 1515 2765 Ἀλλὰ
1525 2738 1616 2772 δεῦρο.
1631 2739 1678 2765 καὶ
1702 2739 1771 2774 ¹παρ’
1789 2738 1880 2774 ἡμῶν.

1071 2780 1096 2811 ὦ
1110 2783 1258 2819 τριπόθητε
1274 2803 1282 2816 ,
1309 2782 1448 2817 διδάχθητι
1475 2783 1684 2820 ἐναργέστερον·
1713 2783 1754 2816 ὥς
1776 2783 1813 2812 ἂν
1832 2785 1879 2812 καὶ

262 2839 287 2856 "
302 2837 376 2867 Psal.
389 2845 420 2870 ιι,
431 2837 458 2865 8.
497 2837 538 2864 “l
556 2837 620 2865 Cor.
636 2843 695 2869 vui,
709 2835 737 2864 4.
775 2836 800 2853 "
817 2835 898 2864 Joan.
917 2843 966 2871 ιιι,
980 2838 1024 2864 66.

1078 2839 1088 2853 ³
1100 2837 1180 2866 Jnan.
1198 2845 1216 2872 ι,
1236 2837 1279 2866 Η.
1319 2838 1341 2854 ’⁸
1354 2837 1426 2866 l'sal.
1440 2845 1494 2873 ενι,
1508 2838 1535 2867 5.

992 2885 1109 2913 NOTAE.

267 2943 325 2979 (96)
340 2943 370 2971 In
385 2943 449 2972 eod.
464 2943 531 2979 Reg.
547 2942 597 2979 «μ’.
