  <div class='ocr_page' id='page_1' title='image "/cluster/home/n/w/nwhite01/storage/ocr_20150623/99/njp.32101010943858/878.png"; bbox 0 0 1927 3089; ppageno 0'>
   <div class='ocr_carea' id='block_1_1' title="bbox 102 187 170 220">
    <p class='ocr_par' dir='ltr' id='par_1_1' title="bbox 102 187 170 220">
     <span class='ocr_line' id='line_1_1' title="bbox 102 187 170 220; baseline 0.015 -1"><span class='ocrx_word' id='word_1_1' title='bbox 102 187 170 220; x_wconf 78' lang='lat'><strong>1613</strong></span> 
     </span>
    </p>
   </div>
   <div class='ocr_carea' id='block_1_2' title="bbox 690 187 1128 219">
    <p class='ocr_par' dir='ltr' id='par_1_2' title="bbox 690 187 1128 219">
     <span class='ocr_line' id='line_1_2' title="bbox 690 187 1128 219; baseline -0.005 0"><span class='ocrx_word' id='word_1_2' title='bbox 690 188 960 219; x_wconf 75' lang='lat' dir='ltr'><strong>EPISTOLARUM</strong></span> <span class='ocrx_word' id='word_1_3' title='bbox 979 188 1054 219; x_wconf 88' lang='lat' dir='ltr'><strong>LIB.</strong></span> <span class='ocrx_word' id='word_1_4' title='bbox 1088 187 1128 218; x_wconf 84' lang='lat' dir='ltr'><strong>II.</strong></span> 
     </span>
    </p>
   </div>
   <div class='ocr_carea' id='block_1_3' title="bbox 1655 184 1722 219">
    <p class='ocr_par' dir='ltr' id='par_1_3' title="bbox 1655 184 1722 219">
     <span class='ocr_line' id='line_1_3' title="bbox 1655 184 1722 219; baseline 0.045 -3"><span class='ocrx_word' id='word_1_5' title='bbox 1655 184 1722 219; x_wconf 71' lang='lat' dir='ltr'><strong>16M</strong></span> 
     </span>
    </p>
   </div>
   <div class='ocr_carea' id='block_1_4' title="bbox 97 239 889 279">
    <p class='ocr_par' dir='ltr' id='par_1_4' title="bbox 97 242 885 279">
     <span class='ocr_line' id='line_1_4' title="bbox 97 242 885 279; baseline -0.003 -8"><span class='ocrx_word' id='word_1_6' title='bbox 97 246 178 279; x_wconf 68' lang='grc' dir='ltr'>ἡμεῖς</span> <span class='ocrx_word' id='word_1_7' title='bbox 189 243 221 271; x_wconf 83' lang='grc' dir='ltr'><strong>τδ</strong></span> <span class='ocrx_word' id='word_1_8' title='bbox 232 243 406 278; x_wconf 74' lang='grc' dir='ltr'>ὀφειλόμενον</span> <span class='ocrx_word' id='word_1_9' title='bbox 419 242 498 279; x_wconf 79' lang='grc' dir='ltr'>χρέος</span> <span class='ocrx_word' id='word_1_10' title='bbox 512 243 640 278; x_wconf 76' lang='grc' dir='ltr'>τίσωμεν·</span> <span class='ocrx_word' id='word_1_11' title='bbox 657 243 705 270; x_wconf 74' lang='grc' dir='ltr'>καὶ</span> <span class='ocrx_word' id='word_1_12' title='bbox 724 243 805 274; x_wconf 75' lang='grc' dir='ltr'>αὐτὸς</span> <span class='ocrx_word' id='word_1_13' title='bbox 815 244 885 269; x_wconf 77' lang='grc' dir='ltr'>ἱστο-</span> 
     </span>
    </p>
   </div>
   <div class='ocr_carea' id='block_1_5' title="bbox 941 239 1723 279">
    <p class='ocr_par' dir='ltr' id='par_1_5' title="bbox 941 239 1723 275">
     <span class='ocr_line' id='line_1_5' title="bbox 941 239 1723 275; baseline -0.003 -5"><span class='ocrx_word' id='word_1_14' title='bbox 941 250 985 270; x_wconf 81' lang='lat' dir='ltr'><strong>nos</strong></span> <span class='ocrx_word' id='word_1_15' title='bbox 1003 250 1103 270; x_wconf 86' lang='lat' dir='ltr'><strong>munus</strong></span> <span class='ocrx_word' id='word_1_16' title='bbox 1118 240 1239 269; x_wconf 85' lang='lat' dir='ltr'><strong>debitum</strong></span> <span class='ocrx_word' id='word_1_17' title='bbox 1255 239 1406 272; x_wconf 74' lang='lat' dir='ltr'><strong>solvamus.</strong></span> <span class='ocrx_word' id='word_1_18' title='bbox 1420 245 1449 269; x_wconf 85' lang='lat' dir='ltr'><strong>et</strong></span> <span class='ocrx_word' id='word_1_19' title='bbox 1467 245 1495 268; x_wconf 87' lang='lat' dir='ltr'><strong>tu</strong></span> <span class='ocrx_word' id='word_1_20' title='bbox 1519 247 1563 268; x_wconf 84' lang='lat' dir='ltr'><strong>res</strong></span> <span class='ocrx_word' id='word_1_21' title='bbox 1577 239 1639 275; x_wconf 75' lang='lat' dir='ltr'><strong>ej&#39;us</strong></span> <span class='ocrx_word' id='word_1_22' title='bbox 1662 249 1723 268; x_wconf 81' lang='lat' dir='ltr'><strong>cer-</strong></span> 
     </span>
    </p>
   </div>
   <div class='ocr_carea' id='block_1_6' title="bbox 103 288 887 326">
    <p class='ocr_par' dir='ltr' id='par_1_6' title="bbox 103 288 887 326">
     <span class='ocr_line' id='line_1_6' title="bbox 103 288 887 326; baseline -0.001 -10"><span class='ocrx_word' id='word_1_23' title='bbox 103 291 251 326; x_wconf 87' lang='grc' dir='ltr'>ρικώτερον</span> <span class='ocrx_word' id='word_1_24' title='bbox 273 289 401 323; x_wconf 65' lang='grc' dir='ltr'>ἐπιγνοὺς</span> <span class='ocrx_word' id='word_1_25' title='bbox 421 289 455 316; x_wconf 84' lang='grc' dir='ltr'>τὰ</span> <span class='ocrx_word' id='word_1_26' title='bbox 479 289 541 316; x_wconf 86' lang='grc' dir='ltr'>κατ’</span> <span class='ocrx_word' id='word_1_27' title='bbox 555 289 644 321; x_wconf 80' lang='grc' dir='ltr'>αὑτὸν,</span> <span class='ocrx_word' id='word_1_28' title='bbox 665 288 806 324; x_wconf 73' lang='grc' dir='ltr'><strong>ῥᾳστώνην</strong></span> <span class='ocrx_word' id='word_1_29' title='bbox 825 289 887 315; x_wconf 80' lang='grc' dir='ltr'>τινὰ</span> 
     </span>
    </p>
   </div>
   <div class='ocr_carea' id='block_1_7' title="bbox 97 333 887 369">
    <p class='ocr_par' dir='ltr' id='par_1_7' title="bbox 97 333 887 369">
     <span class='ocr_line' id='line_1_7' title="bbox 97 333 887 369; baseline -0.001 -8"><span class='ocrx_word' id='word_1_30' title='bbox 97 334 189 366; x_wconf 71' lang='grc' dir='ltr'>λάϐοις</span> <span class='ocrx_word' id='word_1_31' title='bbox 203 335 235 361; x_wconf 81' lang='grc' dir='ltr'>ἐκ</span> <span class='ocrx_word' id='word_1_32' title='bbox 249 335 298 368; x_wconf 83' lang='grc' dir='ltr'>τῆς</span> <span class='ocrx_word' id='word_1_33' title='bbox 313 334 468 369; x_wconf 78' lang='grc' dir='ltr'>ὲξηγορίας,</span> <span class='ocrx_word' id='word_1_34' title='bbox 486 334 528 365; x_wconf 84' lang='grc' dir='ltr'>Ὢ,</span> <span class='ocrx_word' id='word_1_35' title='bbox 544 333 582 361; x_wconf 69' lang='grc' dir='ltr'><strong>ὼε</strong></span> <span class='ocrx_word' id='word_1_36' title='bbox 599 334 657 365; x_wconf 85' lang='grc' dir='ltr'><strong>πῶς</strong></span> <span class='ocrx_word' id='word_1_37' title='bbox 669 334 800 368; x_wconf 77' lang='grc' dir='ltr'><strong>ἀδακρυτὶ</strong></span> <span class='ocrx_word' id='word_1_38' title='bbox 811 333 887 368; x_wconf 78' lang='grc' dir='ltr'>ἐνέγ-</span> 
     </span>
    </p>
   </div>
   <div class='ocr_carea' id='block_1_8' title="bbox 98 378 887 416">
    <p class='ocr_par' dir='ltr' id='par_1_8' title="bbox 98 378 887 416">
     <span class='ocr_line' id='line_1_8' title="bbox 98 378 887 416; baseline -0.003 -8"><span class='ocrx_word' id='word_1_39' title='bbox 98 390 192 416; x_wconf 77' lang='grc' dir='ltr'>κοιμεν</span> <span class='ocrx_word' id='word_1_40' title='bbox 218 381 250 407; x_wconf 78' lang='grc' dir='ltr'>τὸ</span> <span class='ocrx_word' id='word_1_41' title='bbox 274 380 415 416; x_wconf 74' lang='grc' dir='ltr'>όδυρτικὸν</span> <span class='ocrx_word' id='word_1_42' title='bbox 445 380 612 416; x_wconf 85' lang='grc' dir='ltr'>ἀπάγγελμα</span> <span class='ocrx_word' id='word_1_43' title='bbox 631 388 639 413; x_wconf 83' lang='grc'>;</span> <span class='ocrx_word' id='word_1_44' title='bbox 660 380 789 414; x_wconf 81' lang='grc' dir='ltr'><strong>ὑγιαίνων</strong></span> <span class='ocrx_word' id='word_1_45' title='bbox 812 378 847 416; x_wconf 81' lang='grc' dir='ltr'>ἦν</span> <span class='ocrx_word' id='word_1_46' title='bbox 872 381 887 407; x_wconf 84' lang='lat'><strong>6</strong></span> 
     </span>
    </p>
   </div>
   <div class='ocr_carea' id='block_1_9' title="bbox 97 425 885 462">
    <p class='ocr_par' dir='ltr' id='par_1_9' title="bbox 97 425 885 462">
     <span class='ocr_line' id='line_1_9' title="bbox 97 425 885 462; baseline 0 -9"><span class='ocrx_word' id='word_1_47' title='bbox 97 427 202 462; x_wconf 81' lang='grc' dir='ltr'>Πατὴρ,</span> <span class='ocrx_word' id='word_1_48' title='bbox 219 428 254 453; x_wconf 85' lang='grc' dir='ltr'><strong>τά</strong></span> <span class='ocrx_word' id='word_1_49' title='bbox 272 427 374 461; x_wconf 82' lang='grc' dir='ltr'>συνήθη</span> <span class='ocrx_word' id='word_1_50' title='bbox 390 426 508 461; x_wconf 78' lang='grc' dir='ltr'>ἐνεργῶν</span> <span class='ocrx_word' id='word_1_51' title='bbox 530 428 579 460; x_wconf 88' lang='grc' dir='ltr'>τῆς</span> <span class='ocrx_word' id='word_1_52' title='bbox 602 426 785 462; x_wconf 77' lang='grc' dir='ltr'><strong>ἀνυποκρίτου</strong></span> <span class='ocrx_word' id='word_1_53' title='bbox 803 425 885 453; x_wconf 85' lang='grc' dir='ltr'>αὐτοῦ</span> 
     </span>
    </p>
   </div>
   <div class='ocr_carea' id='block_1_10' title="bbox 97 471 887 507">
    <p class='ocr_par' dir='ltr' id='par_1_10' title="bbox 97 471 887 507">
     <span class='ocr_line' id='line_1_10' title="bbox 97 471 887 507; baseline -0.001 -8"><span class='ocrx_word' id='word_1_54' title='bbox 97 473 220 507; x_wconf 66' lang='grc' dir='ltr'>ἀγάπης,</span> <span class='ocrx_word' id='word_1_55' title='bbox 234 473 283 499; x_wconf 79' lang='grc' dir='ltr'>καὶ</span> <span class='ocrx_word' id='word_1_56' title='bbox 298 472 367 507; x_wconf 76' lang='grc' dir='ltr'>πρὸς</span> <span class='ocrx_word' id='word_1_57' title='bbox 377 472 440 503; x_wconf 76' lang='grc' dir='ltr'>τοὺς</span> <span class='ocrx_word' id='word_1_58' title='bbox 453 471 584 506; x_wconf 69' lang='grc' dir='ltr'>ἀδελφοὺς</span> <span class='ocrx_word' id='word_1_59' title='bbox 597 472 645 498; x_wconf 74' lang='grc' dir='ltr'>καὶ</span> <span class='ocrx_word' id='word_1_60' title='bbox 656 472 780 506; x_wconf 86' lang='grc' dir='ltr'>Πατέρας</span> <span class='ocrx_word' id='word_1_61' title='bbox 793 472 887 505; x_wconf 81' lang='grc' dir='ltr'>δεξιώ-</span> 
     </span>
    </p>
   </div>
   <div class='ocr_carea' id='block_1_11' title="bbox 98 517 887 553">
    <p class='ocr_par' dir='ltr' id='par_1_11' title="bbox 98 517 887 553">
     <span class='ocr_line' id='line_1_11' title="bbox 98 517 887 553; baseline -0.001 -8"><span class='ocrx_word' id='word_1_62' title='bbox 98 527 177 550; x_wconf 80' lang='grc' dir='ltr'>σεως,</span> <span class='ocrx_word' id='word_1_63' title='bbox 196 517 245 550; x_wconf 81' lang='grc' dir='ltr'>Τίς</span> <span class='ocrx_word' id='word_1_64' title='bbox 266 518 319 553; x_wconf 83' lang='grc' dir='ltr'><strong>γὰρ</strong></span> <span class='ocrx_word' id='word_1_65' title='bbox 335 517 349 544; x_wconf 87' lang='lat'><strong>6</strong></span> <span class='ocrx_word' id='word_1_66' title='bbox 368 518 448 544; x_wconf 93' lang='grc' dir='ltr'>πλέον</span> <span class='ocrx_word' id='word_1_67' title='bbox 466 517 571 544; x_wconf 72' lang='grc' dir='ltr'>ἐκείνου</span> <span class='ocrx_word' id='word_1_68' title='bbox 589 517 741 552; x_wconf 81' lang='grc' dir='ltr'>φιλοξενίαν</span> <span class='ocrx_word' id='word_1_69' title='bbox 766 518 887 549; x_wconf 64' lang='grc' dir='ltr'>ἀσπαζός</span> 
     </span>
    </p>
   </div>
   <div class='ocr_carea' id='block_1_12' title="bbox 98 563 886 598">
    <p class='ocr_par' dir='ltr' id='par_1_12' title="bbox 98 563 886 598">
     <span class='ocr_line' id='line_1_12' title="bbox 98 563 886 598; baseline 0.001 -9"><span class='ocrx_word' id='word_1_70' title='bbox 98 572 189 598; x_wconf 81' lang='grc' dir='ltr'>μενος,</span> <span class='ocrx_word' id='word_1_71' title='bbox 204 564 250 590; x_wconf 80' lang='grc' dir='ltr'>καὶ</span> <span class='ocrx_word' id='word_1_72' title='bbox 260 563 418 598; x_wconf 79' lang='grc' dir='ltr'><strong>θεραπεύων</strong></span> <span class='ocrx_word' id='word_1_73' title='bbox 432 563 609 598; x_wconf 73' lang='grc' dir='ltr'>ψιλουμένους</span> <span class='ocrx_word' id='word_1_74' title='bbox 622 572 629 595; x_wconf 81' lang='grc' dir='ltr'><strong>ς</strong></span> <span class='ocrx_word' id='word_1_75' title='bbox 648 563 678 589; x_wconf 84' lang='grc' dir='ltr'>ὃν</span> <span class='ocrx_word' id='word_1_76' title='bbox 694 563 755 598; x_wconf 70' lang='grc' dir='ltr'><strong>οὐχὶ</strong></span> <span class='ocrx_word' id='word_1_77' title='bbox 769 564 785 598; x_wconf 85' lang='grc' dir='ltr'>ἡ</span> <span class='ocrx_word' id='word_1_78' title='bbox 801 564 886 590; x_wconf 77' lang='grc' dir='ltr'>ἐπάλ-</span> 
     </span>
    </p>
   </div>
   <div class='ocr_carea' id='block_1_13' title="bbox 96 608 887 643">
    <p class='ocr_par' dir='ltr' id='par_1_13' title="bbox 96 608 887 643">
     <span class='ocr_line' id='line_1_13' title="bbox 96 608 887 643; baseline -0.003 -7"><span class='ocrx_word' id='word_1_79' title='bbox 96 610 177 643; x_wconf 84' lang='grc' dir='ltr'>ληλος</span> <span class='ocrx_word' id='word_1_80' title='bbox 195 609 250 636; x_wconf 82' lang='grc' dir='ltr'>τῶν</span> <span class='ocrx_word' id='word_1_81' title='bbox 264 609 463 642; x_wconf 72' lang='grc' dir='ltr'>ἐπιφοιτώντων</span> <span class='ocrx_word' id='word_1_82' title='bbox 476 609 614 643; x_wconf 79' lang='grc' dir='ltr'>παρουσία</span> <span class='ocrx_word' id='word_1_83' title='bbox 628 609 675 635; x_wconf 69' lang='grc' dir='ltr'>καὶ</span> <span class='ocrx_word' id='word_1_84' title='bbox 690 608 807 643; x_wconf 73' lang='grc' dir='ltr'>ἐπιμονὴ</span> <span class='ocrx_word' id='word_1_85' title='bbox 824 608 887 635; x_wconf 78' lang='grc' dir='ltr'>ἐδά-</span> 
     </span>
    </p>
   </div>
   <div class='ocr_carea' id='block_1_14' title="bbox 97 653 886 689">
    <p class='ocr_par' dir='ltr' id='par_1_14' title="bbox 97 653 886 689">
     <span class='ocr_line' id='line_1_14' title="bbox 97 653 886 689; baseline -0.001 -9"><span class='ocrx_word' id='word_1_86' title='bbox 97 654 196 689; x_wconf 74' lang='grc' dir='ltr'>μαζεν·</span> <span class='ocrx_word' id='word_1_87' title='bbox 220 654 283 681; x_wconf 84' lang='grc' dir='ltr'>ὅσον</span> <span class='ocrx_word' id='word_1_88' title='bbox 300 654 364 688; x_wconf 76' lang='grc' dir='ltr'>ἡνία</span> <span class='ocrx_word' id='word_1_89' title='bbox 379 653 480 688; x_wconf 79' lang='grc' dir='ltr'>μᾶλλον</span> <span class='ocrx_word' id='word_1_90' title='bbox 498 654 514 688; x_wconf 84' lang='grc' dir='ltr'>ἡ</span> <span class='ocrx_word' id='word_1_91' title='bbox 530 653 627 684; x_wconf 81' lang='grc' dir='ltr'>σπάνις</span> <span class='ocrx_word' id='word_1_92' title='bbox 647 653 764 684; x_wconf 82' lang='grc' dir='ltr'>τούτων,</span> <span class='ocrx_word' id='word_1_93' title='bbox 776 653 823 680; x_wconf 72' lang='grc' dir='ltr'>καὶ</span> <span class='ocrx_word' id='word_1_94' title='bbox 837 662 886 680; x_wconf 78' lang='grc' dir='ltr'>τα-</span> 
     </span>
    </p>
   </div>
   <div class='ocr_carea' id='block_1_15' title="bbox 96 697 888 734">
    <p class='ocr_par' dir='ltr' id='par_1_15' title="bbox 96 697 888 734">
     <span class='ocr_line' id='line_1_15' title="bbox 96 697 888 734; baseline 0.001 -9"><span class='ocrx_word' id='word_1_95' title='bbox 96 700 159 734; x_wconf 79' lang='grc' dir='ltr'>χεῖα</span> <span class='ocrx_word' id='word_1_96' title='bbox 186 698 338 726; x_wconf 85' lang='grc' dir='ltr'>παλινοδία.</span> <span class='ocrx_word' id='word_1_97' title='bbox 354 698 410 726; x_wconf 81' lang='grc' dir='ltr'><strong>Καὶ</strong></span> <span class='ocrx_word' id='word_1_98' title='bbox 424 699 451 725; x_wconf 88' lang='grc' dir='ltr'><strong>τί</strong></span> <span class='ocrx_word' id='word_1_99' title='bbox 465 699 505 725; x_wconf 86' lang='grc' dir='ltr'><strong>δεῖ</strong></span> <span class='ocrx_word' id='word_1_100' title='bbox 528 699 596 734; x_wconf 78' lang='grc' dir='ltr'>πρὸς</span> <span class='ocrx_word' id='word_1_101' title='bbox 620 698 649 725; x_wconf 79' lang='grc' dir='ltr'>σὲ</span> <span class='ocrx_word' id='word_1_102' title='bbox 678 699 724 725; x_wconf 79' lang='grc' dir='ltr'>τὸν</span> <span class='ocrx_word' id='word_1_103' title='bbox 742 697 784 729; x_wconf 82' lang='grc' dir='ltr'><strong>εὖι</strong></span> <span class='ocrx_word' id='word_1_104' title='bbox 798 699 888 726; x_wconf 78' lang='grc' dir='ltr'><strong>εἰδότα</strong></span> 
     </span>
    </p>
   </div>
   <div class='ocr_carea' id='block_1_16' title="bbox 96 741 886 779">
    <p class='ocr_par' dir='ltr' id='par_1_16' title="bbox 96 741 886 779">
     <span class='ocr_line' id='line_1_16' title="bbox 96 741 886 779; baseline -0.003 -7"><span class='ocrx_word' id='word_1_105' title='bbox 96 744 337 778; x_wconf 72' lang='grc' dir='ltr'>ὖποδειγματίξειν</span> <span class='ocrx_word' id='word_1_106' title='bbox 355 745 386 770; x_wconf 83' lang='grc' dir='ltr'>τὸ</span> <span class='ocrx_word' id='word_1_107' title='bbox 398 744 562 779; x_wconf 88' lang='grc' dir='ltr'>λεγόμενον;</span> <span class='ocrx_word' id='word_1_108' title='bbox 575 742 629 771; x_wconf 88' lang='grc' dir='ltr'>Ἦν</span> <span class='ocrx_word' id='word_1_109' title='bbox 646 741 702 776; x_wconf 83' lang='grc' dir='ltr'>οὖν,</span> <span class='ocrx_word' id='word_1_110' title='bbox 715 744 753 775; x_wconf 87' lang='grc' dir='ltr'>ὠς</span> <span class='ocrx_word' id='word_1_111' title='bbox 768 744 886 779; x_wconf 76' lang='grc' dir='ltr'>εἴρηται,</span> 
     </span>
    </p>
   </div>
   <div class='ocr_carea' id='block_1_17' title="bbox 97 789 888 826">
    <p class='ocr_par' dir='ltr' id='par_1_17' title="bbox 97 789 888 826">
     <span class='ocr_line' id='line_1_17' title="bbox 97 789 888 826; baseline -0.001 -9"><span class='ocrx_word' id='word_1_112' title='bbox 97 792 128 817; x_wconf 81' lang='grc' dir='ltr'>ἑν</span> <span class='ocrx_word' id='word_1_113' title='bbox 142 791 259 822; x_wconf 88' lang='grc' dir='ltr'>τούτοις.</span> <span class='ocrx_word' id='word_1_114' title='bbox 281 789 358 816; x_wconf 75' lang='grc' dir='ltr'>Ἐπεὶ</span> <span class='ocrx_word' id='word_1_115' title='bbox 383 790 411 816; x_wconf 82' lang='grc' dir='ltr'>δὲ</span> <span class='ocrx_word' id='word_1_116' title='bbox 437 790 529 825; x_wconf 83' lang='grc' dir='ltr'>παρῆν</span> <span class='ocrx_word' id='word_1_117' title='bbox 547 791 564 825; x_wconf 86' lang='grc' dir='ltr'><strong>ή</strong></span> <span class='ocrx_word' id='word_1_118' title='bbox 580 790 672 826; x_wconf 82' lang='grc' dir='ltr'>ἡμέρα</span> <span class='ocrx_word' id='word_1_119' title='bbox 691 791 740 825; x_wconf 85' lang='grc' dir='ltr'>τῆς</span> <span class='ocrx_word' id='word_1_120' title='bbox 756 791 826 825; x_wconf 81' lang='grc' dir='ltr'>μετὰ</span> <span class='ocrx_word' id='word_1_121' title='bbox 838 790 888 825; x_wconf 82' lang='grc' dir='ltr'>τὴν</span> 
     </span>
    </p>
   </div>
   <div class='ocr_carea' id='block_1_18' title="bbox 97 835 888 871">
    <p class='ocr_par' dir='ltr' id='par_1_18' title="bbox 97 835 888 871">
     <span class='ocr_line' id='line_1_18' title="bbox 97 835 888 871; baseline 0.001 -9"><span class='ocrx_word' id='word_1_122' title='bbox 97 835 288 871; x_wconf 78' lang='grc' dir='ltr'>Πεντηκοστὴν</span> <span class='ocrx_word' id='word_1_123' title='bbox 314 835 442 871; x_wconf 77' lang='grc' dir='ltr'>δευτέρας</span> <span class='ocrx_word' id='word_1_124' title='bbox 455 835 627 870; x_wconf 70' lang='grc' dir='ltr'>ἑορτάσιμος,</span> <span class='ocrx_word' id='word_1_125' title='bbox 640 836 758 868; x_wconf 68' lang='grc' dir='ltr'>ἀναστὰς</span> <span class='ocrx_word' id='word_1_126' title='bbox 773 836 827 864; x_wconf 79' lang='grc' dir='ltr'><strong>ἀπὸ</strong></span> <span class='ocrx_word' id='word_1_127' title='bbox 838 837 888 871; x_wconf 84' lang='grc' dir='ltr'>τῆς</span> 
     </span>
    </p>
   </div>
   <div class='ocr_carea' id='block_1_19' title="bbox 98 881 887 916">
    <p class='ocr_par' dir='ltr' id='par_1_19' title="bbox 98 881 887 916">
     <span class='ocr_line' id='line_1_19' title="bbox 98 881 887 916; baseline 0.001 -8"><span class='ocrx_word' id='word_1_128' title='bbox 98 881 259 912; x_wconf 70' lang='grc' dir='ltr'>ἑστιάσεως,</span> <span class='ocrx_word' id='word_1_129' title='bbox 275 881 380 916; x_wconf 74' lang='grc' dir='ltr'>ἐλήφθη</span> <span class='ocrx_word' id='word_1_130' title='bbox 406 881 497 912; x_wconf 88' lang='grc' dir='ltr'>πόνοις</span> <span class='ocrx_word' id='word_1_131' title='bbox 513 881 680 916; x_wconf 69' lang='grc' dir='ltr'>καωρῤοίας</span> <span class='ocrx_word' id='word_1_132' title='bbox 701 882 755 908; x_wconf 77' lang='grc' dir='ltr'>ἀπὸ</span> <span class='ocrx_word' id='word_1_133' title='bbox 771 882 821 916; x_wconf 83' lang='grc' dir='ltr'>τῆς</span> <span class='ocrx_word' id='word_1_134' title='bbox 840 891 887 909; x_wconf 76' lang='grc' dir='ltr'>κε-</span> 
     </span>
    </p>
   </div>
   <div class='ocr_carea' id='block_1_20' title="bbox 98 927 886 963">
    <p class='ocr_par' dir='ltr' id='par_1_20' title="bbox 98 927 886 963">
     <span class='ocr_line' id='line_1_20' title="bbox 98 927 886 963; baseline 0.003 -9"><span class='ocrx_word' id='word_1_135' title='bbox 98 928 188 963; x_wconf 83' lang='grc' dir='ltr'>φαλῆς</span> <span class='ocrx_word' id='word_1_136' title='bbox 201 927 352 962; x_wconf 80' lang='grc' dir='ltr'>γενομένης</span> <span class='ocrx_word' id='word_1_137' title='bbox 365 928 411 954; x_wconf 72' lang='grc' dir='ltr'><strong>ἐπὶ</strong></span> <span class='ocrx_word' id='word_1_138' title='bbox 424 927 470 954; x_wconf 73' lang='grc' dir='ltr'>τὸν</span> <span class='ocrx_word' id='word_1_139' title='bbox 488 927 634 954; x_wconf 84' lang='grc' dir='ltr'>σπόνδυλον</span> <span class='ocrx_word' id='word_1_140' title='bbox 649 928 695 954; x_wconf 79' lang='grc' dir='ltr'>καὶ</span> <span class='ocrx_word' id='word_1_141' title='bbox 711 929 774 961; x_wconf 81' lang='grc' dir='ltr'>τοὺς</span> <span class='ocrx_word' id='word_1_142' title='bbox 786 929 886 960; x_wconf 89' lang='grc' dir='ltr'>τόπους</span> 
     </span>
    </p>
   </div>
   <div class='ocr_carea' id='block_1_21' title="bbox 97 969 887 1009">
    <p class='ocr_par' dir='ltr' id='par_1_21' title="bbox 97 969 887 1009">
     <span class='ocr_line' id='line_1_21' title="bbox 97 969 887 1009; baseline 0.004 -10"><span class='ocrx_word' id='word_1_143' title='bbox 97 974 153 1000; x_wconf 72' lang='grc' dir='ltr'><strong>τῶν</strong></span> <span class='ocrx_word' id='word_1_144' title='bbox 167 973 358 1009; x_wconf 82' lang='grc' dir='ltr'>μεταφρένων.</span> <span class='ocrx_word' id='word_1_145' title='bbox 377 973 435 1007; x_wconf 78' lang='grc' dir='ltr'><strong>Ἐφ’</strong></span> <span class='ocrx_word' id='word_1_146' title='bbox 447 969 469 1008; x_wconf 80' lang='grc' dir='ltr'>ᾧ</span> <span class='ocrx_word' id='word_1_147' title='bbox 486 973 641 1008; x_wconf 75' lang='grc' dir='ltr'><strong>κινηθέντες</strong></span> <span class='ocrx_word' id='word_1_148' title='bbox 654 973 680 1000; x_wconf 86' lang='grc' dir='ltr'>οἱ</span> <span class='ocrx_word' id='word_1_149' title='bbox 693 975 827 1007; x_wconf 75' lang='grc' dir='ltr'>ταπεινοὶ,</span> <span class='ocrx_word' id='word_1_150' title='bbox 840 974 887 1002; x_wconf 61' lang='lat' dir='ltr'><strong>ei)-</strong></span> 
     </span>
    </p>
   </div>
   <div class='ocr_carea' id='block_1_22' title="bbox 101 1018 888 1055">
    <p class='ocr_par' dir='ltr' id='par_1_22' title="bbox 101 1018 888 1055">
     <span class='ocr_line' id='line_1_22' title="bbox 101 1018 888 1055; baseline 0.003 -10"><span class='ocrx_word' id='word_1_151' title='bbox 101 1028 185 1055; x_wconf 82' lang='grc' dir='ltr'>ρομεν</span> <span class='ocrx_word' id='word_1_152' title='bbox 202 1019 282 1046; x_wconf 82' lang='grc' dir='ltr'>αὐτὸν</span> <span class='ocrx_word' id='word_1_153' title='bbox 299 1019 437 1054; x_wconf 85' lang='grc' dir='ltr'>κάμνοντα</span> <span class='ocrx_word' id='word_1_154' title='bbox 449 1018 488 1055; x_wconf 81' lang='grc' dir='ltr'>τῷ</span> <span class='ocrx_word' id='word_1_155' title='bbox 502 1019 569 1051; x_wconf 67' lang='grc' dir='ltr'>ὅντι,</span> <span class='ocrx_word' id='word_1_156' title='bbox 582 1019 630 1045; x_wconf 81' lang='grc' dir='ltr'>καὶ</span> <span class='ocrx_word' id='word_1_157' title='bbox 644 1019 826 1054; x_wconf 83' lang='grc' dir='ltr'>διασαφοῦντα</span> <span class='ocrx_word' id='word_1_158' title='bbox 837 1021 888 1053; x_wconf 84' lang='grc' dir='ltr'><strong>τὰς</strong></span> 
     </span>
    </p>
   </div>
   <div class='ocr_carea' id='block_1_23' title="bbox 98 1061 888 1100">
    <p class='ocr_par' dir='ltr' id='par_1_23' title="bbox 98 1061 888 1100">
     <span class='ocr_line' id='line_1_23' title="bbox 98 1061 888 1100; baseline 0 -10"><span class='ocrx_word' id='word_1_159' title='bbox 98 1065 189 1096; x_wconf 69' lang='grc' dir='ltr'>αἰτίας</span> <span class='ocrx_word' id='word_1_160' title='bbox 204 1065 254 1099; x_wconf 84' lang='grc' dir='ltr'>τῆς</span> <span class='ocrx_word' id='word_1_161' title='bbox 268 1063 465 1099; x_wconf 78' lang='grc' dir='ltr'>συμπτώσεως.</span> <span class='ocrx_word' id='word_1_162' title='bbox 487 1061 554 1090; x_wconf 82' lang='grc' dir='ltr'>Εἶτα</span> <span class='ocrx_word' id='word_1_163' title='bbox 567 1064 660 1099; x_wconf 75' lang='grc' dir='ltr'>ἐπειδὴ</span> <span class='ocrx_word' id='word_1_164' title='bbox 676 1064 888 1100; x_wconf 77' lang='grc' dir='ltr'>ὑπεστρέψαμεν</span> 
     </span>
    </p>
   </div>
   <div class='ocr_carea' id='block_1_24' title="bbox 97 1109 888 1148">
    <p class='ocr_par' dir='ltr' id='par_1_24' title="bbox 97 1109 888 1148">
     <span class='ocr_line' id='line_1_24' title="bbox 97 1109 888 1148; baseline 0.001 -10"><span class='ocrx_word' id='word_1_165' title='bbox 97 1112 179 1139; x_wconf 73' lang='grc' dir='ltr'>οἴκοι·</span> <span class='ocrx_word' id='word_1_166' title='bbox 200 1109 276 1143; x_wconf 78' lang='grc' dir='ltr'>αὖθις</span> <span class='ocrx_word' id='word_1_167' title='bbox 291 1113 323 1147; x_wconf 86' lang='grc' dir='ltr'><strong>τῇ</strong></span> <span class='ocrx_word' id='word_1_168' title='bbox 341 1111 404 1146; x_wconf 78' lang='grc' dir='ltr'>ἑξῆς</span> <span class='ocrx_word' id='word_1_169' title='bbox 431 1111 660 1146; x_wconf 84' lang='grc' dir='ltr'>παραγενόμενοι,</span> <span class='ocrx_word' id='word_1_170' title='bbox 676 1110 794 1148; x_wconf 78' lang='grc' dir='ltr'>εὕρομεν</span> <span class='ocrx_word' id='word_1_171' title='bbox 806 1113 888 1139; x_wconf 73' lang='grc' dir='ltr'>αὑτὸν</span> 
     </span>
    </p>
   </div>
   <div class='ocr_carea' id='block_1_25' title="bbox 98 1155 889 1190">
    <p class='ocr_par' dir='ltr' id='par_1_25' title="bbox 98 1155 889 1190">
     <span class='ocr_line' id='line_1_25' title="bbox 98 1155 889 1190; baseline 0.001 -7"><span class='ocrx_word' id='word_1_172' title='bbox 98 1157 142 1183; x_wconf 77' lang='grc' dir='ltr'>ἔτι</span> <span class='ocrx_word' id='word_1_173' title='bbox 157 1156 318 1190; x_wconf 77' lang='grc' dir='ltr'>βαλλόμενον</span> <span class='ocrx_word' id='word_1_174' title='bbox 337 1155 529 1190; x_wconf 82' lang='grc' dir='ltr'>σφοδροτέραις</span> <span class='ocrx_word' id='word_1_175' title='bbox 545 1156 685 1190; x_wconf 77' lang='grc' dir='ltr'>ἀλγηδόσι,</span> <span class='ocrx_word' id='word_1_176' title='bbox 702 1157 750 1183; x_wconf 88' lang='grc' dir='ltr'>καὶ</span> <span class='ocrx_word' id='word_1_177' title='bbox 780 1157 889 1184; x_wconf 83' lang='grc' dir='ltr'>διακαεῖ</span> 
     </span>
    </p>
   </div>
   <div class='ocr_carea' id='block_1_26' title="bbox 98 1201 888 1238">
    <p class='ocr_par' dir='ltr' id='par_1_26' title="bbox 98 1201 888 1238">
     <span class='ocr_line' id='line_1_26' title="bbox 98 1201 888 1238; baseline -0.001 -8"><span class='ocrx_word' id='word_1_178' title='bbox 98 1202 222 1238; x_wconf 67' lang='grc' dir='ltr'>πυρετῷ*</span> <span class='ocrx_word' id='word_1_179' title='bbox 238 1202 314 1237; x_wconf 85' lang='grc' dir='ltr'>μόλις</span> <span class='ocrx_word' id='word_1_180' title='bbox 335 1201 480 1236; x_wconf 82' lang='grc' dir='ltr'>δυνηθέντα</span> <span class='ocrx_word' id='word_1_181' title='bbox 500 1203 567 1237; x_wconf 79' lang='grc' dir='ltr'>ἡμῖν</span> <span class='ocrx_word' id='word_1_182' title='bbox 589 1202 679 1238; x_wconf 74' lang='grc' dir='ltr'>ἡρέμα</span> <span class='ocrx_word' id='word_1_183' title='bbox 699 1203 888 1238; x_wconf 82' lang='grc' dir='ltr'>προσφθέγξα-</span> 
     </span>
    </p>
   </div>
   <div class='ocr_carea' id='block_1_27' title="bbox 99 1247 888 1283">
    <p class='ocr_par' dir='ltr' id='par_1_27' title="bbox 99 1247 888 1283">
     <span class='ocr_line' id='line_1_27' title="bbox 99 1247 888 1283; baseline 0 -8"><span class='ocrx_word' id='word_1_184' title='bbox 99 1248 175 1275; x_wconf 73' lang='grc' dir='ltr'>σθειι·</span> <span class='ocrx_word' id='word_1_185' title='bbox 193 1248 242 1274; x_wconf 77' lang='grc' dir='ltr'>καὶ</span> <span class='ocrx_word' id='word_1_186' title='bbox 254 1248 303 1281; x_wconf 88' lang='grc' dir='ltr'>τὴν</span> <span class='ocrx_word' id='word_1_187' title='bbox 319 1247 473 1281; x_wconf 82' lang='grc' dir='ltr'>ἀπόγνωσιν</span> <span class='ocrx_word' id='word_1_188' title='bbox 495 1247 543 1274; x_wconf 82' lang='grc' dir='ltr'>τοῦ</span> <span class='ocrx_word' id='word_1_189' title='bbox 560 1248 610 1283; x_wconf 77' lang='grc' dir='ltr'>ζῇν</span> <span class='ocrx_word' id='word_1_190' title='bbox 629 1247 657 1274; x_wconf 79' lang='grc' dir='ltr'>ὲν</span> <span class='ocrx_word' id='word_1_191' title='bbox 673 1248 756 1283; x_wconf 78' lang='grc' dir='ltr'>σαρκὶ</span> <span class='ocrx_word' id='word_1_192' title='bbox 771 1248 888 1275; x_wconf 80' lang='grc' dir='ltr'>αίνιττόο</span> 
     </span>
    </p>
   </div>
   <div class='ocr_carea' id='block_1_28' title="bbox 98 1293 889 1330">
    <p class='ocr_par' dir='ltr' id='par_1_28' title="bbox 98 1293 889 1330">
     <span class='ocr_line' id='line_1_28' title="bbox 98 1293 889 1330; baseline 0 -9"><span class='ocrx_word' id='word_1_193' title='bbox 98 1302 195 1330; x_wconf 86' lang='grc' dir='ltr'>μενον.</span> <span class='ocrx_word' id='word_1_194' title='bbox 210 1293 244 1320; x_wconf 88' lang='grc' dir='ltr'>Τί</span> <span class='ocrx_word' id='word_1_195' title='bbox 265 1293 296 1320; x_wconf 75' lang='grc' dir='ltr'>τὸ</span> <span class='ocrx_word' id='word_1_196' title='bbox 307 1293 388 1329; x_wconf 77' lang='grc' dir='ltr'>έξῆς;</span> <span class='ocrx_word' id='word_1_197' title='bbox 409 1295 442 1329; x_wconf 76' lang='grc' dir='ltr'><strong>τῇ</strong></span> <span class='ocrx_word' id='word_1_198' title='bbox 465 1293 544 1329; x_wconf 80' lang='grc' dir='ltr'>τρίτῃ</span> <span class='ocrx_word' id='word_1_199' title='bbox 557 1293 648 1329; x_wconf 78' lang='grc' dir='ltr'>ἡμέρα</span> <span class='ocrx_word' id='word_1_200' title='bbox 665 1295 712 1321; x_wconf 81' lang='grc' dir='ltr'>καὶ</span> <span class='ocrx_word' id='word_1_201' title='bbox 725 1294 824 1330; x_wconf 79' lang='grc' dir='ltr'>δεσμὸς</span> <span class='ocrx_word' id='word_1_202' title='bbox 840 1295 889 1330; x_wconf 83' lang='grc' dir='ltr'>τῆς</span> 
     </span>
    </p>
   </div>
   <div class='ocr_carea' id='block_1_29' title="bbox 98 1339 889 1376">
    <p class='ocr_par' dir='ltr' id='par_1_29' title="bbox 98 1339 889 1376">
     <span class='ocr_line' id='line_1_29' title="bbox 98 1339 889 1376; baseline 0.003 -11"><span class='ocrx_word' id='word_1_203' title='bbox 98 1340 227 1375; x_wconf 80' lang='grc' dir='ltr'>γλώττης</span> <span class='ocrx_word' id='word_1_204' title='bbox 248 1339 375 1374; x_wconf 79' lang='grc' dir='ltr'>πάμπαν,</span> <span class='ocrx_word' id='word_1_205' title='bbox 393 1340 442 1366; x_wconf 77' lang='grc' dir='ltr'>καὶ</span> <span class='ocrx_word' id='word_1_206' title='bbox 457 1340 487 1366; x_wconf 83' lang='grc' dir='ltr'>οὐ</span> <span class='ocrx_word' id='word_1_207' title='bbox 506 1339 604 1375; x_wconf 81' lang='grc' dir='ltr'>μετόὐ</span> <span class='ocrx_word' id='word_1_208' title='bbox 618 1339 685 1367; x_wconf 84' lang='grc' dir='ltr'>πολὺ</span> <span class='ocrx_word' id='word_1_209' title='bbox 702 1341 716 1367; x_wconf 87' lang='grc' dir='ltr'><strong>ό</strong></span> <span class='ocrx_word' id='word_1_210' title='bbox 727 1340 824 1376; x_wconf 70' lang='grc' dir='ltr'>πικρὸς</span> <span class='ocrx_word' id='word_1_211' title='bbox 839 1341 889 1368; x_wconf 84' lang='grc' dir='ltr'>θά-</span> 
     </span>
    </p>
   </div>
   <div class='ocr_carea' id='block_1_30' title="bbox 97 1385 889 1422">
    <p class='ocr_par' dir='ltr' id='par_1_30' title="bbox 97 1385 889 1422">
     <span class='ocr_line' id='line_1_30' title="bbox 97 1385 889 1422; baseline 0 -8"><span class='ocrx_word' id='word_1_212' title='bbox 97 1393 192 1418; x_wconf 77' lang='grc' dir='ltr'>νατος.</span> <span class='ocrx_word' id='word_1_213' title='bbox 213 1385 284 1412; x_wconf 78' lang='grc' dir='ltr'>Ἀλλ’</span> <span class='ocrx_word' id='word_1_214' title='bbox 302 1386 368 1421; x_wconf 75' lang='grc' dir='ltr'>ἡμῖν</span> <span class='ocrx_word' id='word_1_215' title='bbox 384 1385 444 1421; x_wconf 79' lang='grc' dir='ltr'>μὲν,</span> <span class='ocrx_word' id='word_1_216' title='bbox 461 1385 505 1412; x_wconf 82' lang='grc' dir='ltr'><strong>διὰ</strong></span> <span class='ocrx_word' id='word_1_217' title='bbox 525 1387 574 1421; x_wconf 75' lang='grc' dir='ltr'>τὴν</span> <span class='ocrx_word' id='word_1_218' title='bbox 591 1386 719 1422; x_wconf 79' lang='grc' dir='ltr'>στέρησιν</span> <span class='ocrx_word' id='word_1_219' title='bbox 739 1387 786 1413; x_wconf 82' lang='grc' dir='ltr'>τοῦ</span> <span class='ocrx_word' id='word_1_220' title='bbox 811 1387 889 1421; x_wconf 82' lang='grc' dir='ltr'>ἁγίου</span> 
     </span>
    </p>
   </div>
   <div class='ocr_carea' id='block_1_31' title="bbox 99 1428 889 1465">
    <p class='ocr_par' dir='ltr' id='par_1_31' title="bbox 99 1428 889 1465">
     <span class='ocr_line' id='line_1_31' title="bbox 99 1428 889 1465; baseline 0.001 -8"><span class='ocrx_word' id='word_1_221' title='bbox 99 1430 218 1465; x_wconf 66' lang='grc' dir='ltr'>ἀνδρὸς,</span> <span class='ocrx_word' id='word_1_222' title='bbox 236 1429 267 1456; x_wconf 76' lang='grc' dir='ltr'>τὸ</span> <span class='ocrx_word' id='word_1_223' title='bbox 285 1428 382 1464; x_wconf 82' lang='grc' dir='ltr'>πικρὸν</span> <span class='ocrx_word' id='word_1_224' title='bbox 402 1429 522 1464; x_wconf 72' lang='grc' dir='ltr'>εἰρήσθω</span> <span class='ocrx_word' id='word_1_225' title='bbox 536 1438 543 1445; x_wconf 90' lang='grc'>·</span> <span class='ocrx_word' id='word_1_226' title='bbox 570 1429 667 1464; x_wconf 75' lang='grc' dir='ltr'>ἐκείνῳ</span> <span class='ocrx_word' id='word_1_227' title='bbox 693 1430 722 1457; x_wconf 72' lang='grc' dir='ltr'>δὶ</span> <span class='ocrx_word' id='word_1_228' title='bbox 744 1431 792 1458; x_wconf 79' lang='grc' dir='ltr'>καὶ</span> <span class='ocrx_word' id='word_1_229' title='bbox 818 1432 889 1458; x_wconf 79' lang='grc' dir='ltr'>πάνυ</span> 
     </span>
    </p>
   </div>
   <div class='ocr_carea' id='block_1_32' title="bbox 97 1473 889 1511">
    <p class='ocr_par' dir='ltr' id='par_1_32' title="bbox 97 1473 889 1511">
     <span class='ocr_line' id='line_1_32' title="bbox 97 1473 889 1511; baseline 0.006 -12"><span class='ocrx_word' id='word_1_230' title='bbox 97 1474 201 1509; x_wconf 81' lang='grc' dir='ltr'>γλυκὺ,</span> <span class='ocrx_word' id='word_1_231' title='bbox 221 1473 266 1500; x_wconf 81' lang='grc' dir='ltr'>διὰ</span> <span class='ocrx_word' id='word_1_232' title='bbox 282 1473 314 1500; x_wconf 78' lang='grc' dir='ltr'><strong>τὺ</strong></span> <span class='ocrx_word' id='word_1_233' title='bbox 325 1473 458 1501; x_wconf 79' lang='grc' dir='ltr'>ἀναλῦσαι</span> <span class='ocrx_word' id='word_1_234' title='bbox 472 1475 519 1501; x_wconf 73' lang='grc' dir='ltr'>καὶ</span> <span class='ocrx_word' id='word_1_235' title='bbox 534 1475 582 1502; x_wconf 81' lang='grc' dir='ltr'><strong>σὺν</strong></span> <span class='ocrx_word' id='word_1_236' title='bbox 594 1475 705 1511; x_wconf 81' lang='grc' dir='ltr'>Χριστῷ</span> <span class='ocrx_word' id='word_1_237' title='bbox 718 1474 798 1503; x_wconf 79' lang='grc' dir='ltr'>εἶναι·</span> <span class='ocrx_word' id='word_1_238' title='bbox 811 1474 841 1505; x_wconf 74' lang='grc' dir='ltr'>οὗ</span> <span class='ocrx_word' id='word_1_239' title='bbox 862 1478 889 1504; x_wconf 84' lang='grc' dir='ltr'><strong>τί</strong></span> 
     </span>
    </p>
   </div>
   <div class='ocr_carea' id='block_1_33' title="bbox 99 1518 891 1558">
    <p class='ocr_par' dir='ltr' id='par_1_33' title="bbox 99 1518 891 1558">
     <span class='ocr_line' id='line_1_33' title="bbox 99 1518 891 1558; baseline 0.005 -12"><span class='ocrx_word' id='word_1_240' title='bbox 99 1518 136 1546; x_wconf 73' lang='grc' dir='ltr'>ἂν</span> <span class='ocrx_word' id='word_1_241' title='bbox 151 1518 193 1553; x_wconf 76' lang='grc' dir='ltr'>ειη</span> <span class='ocrx_word' id='word_1_242' title='bbox 215 1519 441 1554; x_wconf 83' lang='grc' dir='ltr'>μακαριώτερον;</span> <span class='ocrx_word' id='word_1_243' title='bbox 459 1519 566 1546; x_wconf 83' lang='grc' dir='ltr'>Ἔκειτυ</span> <span class='ocrx_word' id='word_1_244' title='bbox 577 1518 624 1547; x_wconf 86' lang='grc' dir='ltr'><strong>οὗν</strong></span> <span class='ocrx_word' id='word_1_245' title='bbox 633 1521 647 1548; x_wconf 97' lang='lat'><strong>6</strong></span> <span class='ocrx_word' id='word_1_246' title='bbox 661 1522 816 1557; x_wconf 82' lang='grc' dir='ltr'>μακαρίτης</span> <span class='ocrx_word' id='word_1_247' title='bbox 830 1522 891 1558; x_wconf 81' lang='grc' dir='ltr'>(κα-</span> 
     </span>
    </p>
   </div>
   <div class='ocr_carea' id='block_1_34' title="bbox 97 1564 925 1613">
    <p class='ocr_par' dir='ltr' id='par_1_34' title="bbox 97 1564 925 1613">
     <span class='ocr_line' id='line_1_34' title="bbox 97 1564 925 1613; baseline 0.006 -22"><span class='ocrx_word' id='word_1_248' title='bbox 97 1564 149 1592; x_wconf 77' lang='grc' dir='ltr'><strong>λὸν</strong></span> <span class='ocrx_word' id='word_1_249' title='bbox 162 1564 217 1600; x_wconf 85' lang='grc' dir='ltr'><strong>γὰρ</strong></span> <span class='ocrx_word' id='word_1_250' title='bbox 241 1565 288 1591; x_wconf 70' lang='grc' dir='ltr'>καὶ</span> <span class='ocrx_word' id='word_1_251' title='bbox 303 1564 381 1592; x_wconf 82' lang='grc' dir='ltr'>τοῦτο</span> <span class='ocrx_word' id='word_1_252' title='bbox 395 1565 562 1601; x_wconf 76' lang='grc' dir='ltr'>ὑπογράψαι.</span> <span class='ocrx_word' id='word_1_253' title='bbox 576 1565 676 1613; x_wconf 74' lang='grc' dir='ltr'>ὥσπερ</span> <span class='ocrx_word' id='word_1_254' title='bbox 690 1576 716 1594; x_wconf 82' lang='grc' dir='ltr'><strong>τι</strong></span> <span class='ocrx_word' id='word_1_255' title='bbox 731 1567 807 1600; x_wconf 82' lang='grc' dir='ltr'>ξένον</span> <span class='ocrx_word' id='word_1_256' title='bbox 824 1569 887 1596; x_wconf 84' lang='grc' dir='ltr'>θέα·</span> <span class='ocrx_word' id='word_1_257' title='bbox 903 1585 925 1613; x_wconf 72' lang='lat' dir='ltr'><strong><em>C</em></strong></span> 
     </span>
    </p>
   </div>
   <div class='ocr_carea' id='block_1_35' title="bbox 101 1610 890 1649">
    <p class='ocr_par' dir='ltr' id='par_1_35' title="bbox 101 1610 890 1649">
     <span class='ocr_line' id='line_1_35' title="bbox 101 1610 890 1649; baseline 0.006 -13"><span class='ocrx_word' id='word_1_258' title='bbox 101 1610 166 1645; x_wconf 84' lang='grc' dir='ltr'>μα),</span> <span class='ocrx_word' id='word_1_259' title='bbox 179 1610 317 1645; x_wconf 78' lang='grc' dir='ltr'>αίδέσιμος</span> <span class='ocrx_word' id='word_1_260' title='bbox 329 1612 363 1646; x_wconf 79' lang='grc' dir='ltr'><strong>τῇ</strong></span> <span class='ocrx_word' id='word_1_261' title='bbox 374 1611 447 1646; x_wconf 73' lang='grc' dir='ltr'>ὄψει,</span> <span class='ocrx_word' id='word_1_262' title='bbox 456 1611 628 1647; x_wconf 82' lang='grc' dir='ltr'>ἀγγελοειδὴς</span> <span class='ocrx_word' id='word_1_263' title='bbox 644 1612 683 1648; x_wconf 87' lang='grc' dir='ltr'>τῷ</span> <span class='ocrx_word' id='word_1_264' title='bbox 698 1614 827 1649; x_wconf 85' lang='grc' dir='ltr'>σχήματι·</span> <span class='ocrx_word' id='word_1_265' title='bbox 839 1616 890 1649; x_wconf 78' lang='grc' dir='ltr'>τῆς</span> 
     </span>
    </p>
   </div>
   <div class='ocr_carea' id='block_1_36' title="bbox 100 1655 889 1694">
    <p class='ocr_par' dir='ltr' id='par_1_36' title="bbox 100 1655 889 1694">
     <span class='ocr_line' id='line_1_36' title="bbox 100 1655 889 1694; baseline 0.006 -13"><span class='ocrx_word' id='word_1_266' title='bbox 100 1655 296 1691; x_wconf 74' lang='grc' dir='ltr'>ὲνδημησάσης</span> <span class='ocrx_word' id='word_1_267' title='bbox 334 1656 402 1690; x_wconf 78' lang='grc' dir='ltr'>πρὸς</span> <span class='ocrx_word' id='word_1_268' title='bbox 429 1656 530 1692; x_wconf 79' lang='grc' dir='ltr'>Κύριον</span> <span class='ocrx_word' id='word_1_269' title='bbox 563 1657 653 1693; x_wconf 83' lang='grc' dir='ltr'>ψυχῆς</span> <span class='ocrx_word' id='word_1_270' title='bbox 684 1658 778 1694; x_wconf 85' lang='grc' dir='ltr'>ὥσπερ</span> <span class='ocrx_word' id='word_1_271' title='bbox 813 1660 889 1692; x_wconf 82' lang='grc' dir='ltr'>τινὰς</span> 
     </span>
    </p>
   </div>
   <div class='ocr_carea' id='block_1_37' title="bbox 99 1701 890 1740">
    <p class='ocr_par' dir='ltr' id='par_1_37' title="bbox 99 1701 890 1740">
     <span class='ocr_line' id='line_1_37' title="bbox 99 1701 890 1740; baseline 0.005 -13"><span class='ocrx_word' id='word_1_272' title='bbox 99 1701 243 1736; x_wconf 69' lang='grc' dir='ltr'>ἡλιοειδείς</span> <span class='ocrx_word' id='word_1_273' title='bbox 257 1701 432 1737; x_wconf 76' lang='grc' dir='ltr'>χαρακτῆρας</span> <span class='ocrx_word' id='word_1_274' title='bbox 443 1703 685 1739; x_wconf 77' lang='grc' dir='ltr'>ἐναπομαξαμένης</span> <span class='ocrx_word' id='word_1_275' title='bbox 698 1703 736 1739; x_wconf 84' lang='grc' dir='ltr'>τῷ</span> <span class='ocrx_word' id='word_1_276' title='bbox 753 1704 819 1740; x_wconf 79' lang='grc' dir='ltr'>ἱερῷ</span> <span class='ocrx_word' id='word_1_277' title='bbox 837 1704 890 1731; x_wconf 87' lang='grc' dir='ltr'><strong>σώ-</strong></span> 
     </span>
    </p>
   </div>
   <div class='ocr_carea' id='block_1_38' title="bbox 103 1745 888 1786">
    <p class='ocr_par' dir='ltr' id='par_1_38' title="bbox 103 1745 888 1786">
     <span class='ocr_line' id='line_1_38' title="bbox 103 1745 888 1786; baseline 0.006 -13"><span class='ocrx_word' id='word_1_278' title='bbox 103 1756 183 1783; x_wconf 82' lang='grc' dir='ltr'>ματι,</span> <span class='ocrx_word' id='word_1_279' title='bbox 203 1747 261 1782; x_wconf 81' lang='grc' dir='ltr'>μεθ’</span> <span class='ocrx_word' id='word_1_280' title='bbox 278 1745 308 1775; x_wconf 71' lang='grc' dir='ltr'>οὗ</span> <span class='ocrx_word' id='word_1_281' title='bbox 321 1748 368 1774; x_wconf 79' lang='grc' dir='ltr'>καὶ</span> <span class='ocrx_word' id='word_1_282' title='bbox 382 1749 425 1783; x_wconf 71' lang='grc' dir='ltr'><strong>ἐφ’</strong></span> <span class='ocrx_word' id='word_1_283' title='bbox 436 1745 458 1782; x_wconf 81' lang='grc' dir='ltr'>ᾧ</span> <span class='ocrx_word' id='word_1_284' title='bbox 474 1749 635 1784; x_wconf 82' lang='grc' dir='ltr'>λελάτρευκε</span> <span class='ocrx_word' id='word_1_285' title='bbox 647 1751 680 1786; x_wconf 84' lang='grc' dir='ltr'><strong>τῇ</strong></span> <span class='ocrx_word' id='word_1_286' title='bbox 698 1750 764 1786; x_wconf 78' lang='grc' dir='ltr'>ἀγίᾳ</span> <span class='ocrx_word' id='word_1_287' title='bbox 784 1751 888 1786; x_wconf 83' lang='grc' dir='ltr'>Τριάδι.</span> 
     </span>
    </p>
   </div>
   <div class='ocr_carea' id='block_1_39' title="bbox 106 1793 890 1833">
    <p class='ocr_par' dir='ltr' id='par_1_39' title="bbox 106 1793 890 1833">
     <span class='ocr_line' id='line_1_39' title="bbox 106 1793 890 1833; baseline 0.006 -14"><span class='ocrx_word' id='word_1_288' title='bbox 106 1793 258 1829; x_wconf 73' lang='grc' dir='ltr'>’Ποροίσθη</span> <span class='ocrx_word' id='word_1_289' title='bbox 271 1793 588 1829; x_wconf 74' lang='grc' dir='ltr'>ὲξαπίνηςὸμιλος,ιόμοῦ</span> <span class='ocrx_word' id='word_1_290' title='bbox 602 1796 650 1830; x_wconf 79' lang='grc' dir='ltr'>μὲν</span> <span class='ocrx_word' id='word_1_291' title='bbox 666 1796 890 1833; x_wconf 80' lang='grc' dir='ltr'>μοναστῶν,ὁμοῦ</span> 
     </span>
    </p>
   </div>
   <div class='ocr_carea' id='block_1_40' title="bbox 101 1839 891 1877">
    <p class='ocr_par' dir='ltr' id='par_1_40' title="bbox 101 1839 891 1877">
     <span class='ocr_line' id='line_1_40' title="bbox 101 1839 891 1877; baseline 0.004 -11"><span class='ocrx_word' id='word_1_292' title='bbox 101 1839 132 1866; x_wconf 79' lang='grc' dir='ltr'>δὲ</span> <span class='ocrx_word' id='word_1_293' title='bbox 147 1840 196 1865; x_wconf 77' lang='grc' dir='ltr'>καὶ</span> <span class='ocrx_word' id='word_1_294' title='bbox 210 1839 341 1874; x_wconf 83' lang='grc' dir='ltr'>μιγάδων,</span> <span class='ocrx_word' id='word_1_295' title='bbox 359 1839 442 1870; x_wconf 81' lang='grc' dir='ltr'>πολὺς</span> <span class='ocrx_word' id='word_1_296' title='bbox 459 1840 499 1866; x_wconf 82' lang='grc' dir='ltr'>ὅτι</span> <span class='ocrx_word' id='word_1_297' title='bbox 516 1840 644 1874; x_wconf 79' lang='grc' dir='ltr'>μάλιστα·</span> <span class='ocrx_word' id='word_1_298' title='bbox 659 1841 835 1877; x_wconf 78' lang='grc' dir='ltr'>περιεκέχυτο</span> <span class='ocrx_word' id='word_1_299' title='bbox 851 1843 891 1875; x_wconf 82' lang='grc' dir='ltr'><strong>είς</strong></span> 
     </span>
    </p>
   </div>
   <div class='ocr_carea' id='block_1_41' title="bbox 101 1885 890 1924">
    <p class='ocr_par' dir='ltr' id='par_1_41' title="bbox 101 1885 890 1924">
     <span class='ocr_line' id='line_1_41' title="bbox 101 1885 890 1924; baseline 0.008 -14"><span class='ocrx_word' id='word_1_300' title='bbox 101 1885 172 1911; x_wconf 76' lang='grc' dir='ltr'>αὐτὸ</span> <span class='ocrx_word' id='word_1_301' title='bbox 189 1885 226 1916; x_wconf 65' lang='grc' dir='ltr'>ὼς</span> <span class='ocrx_word' id='word_1_302' title='bbox 253 1885 325 1919; x_wconf 76' lang='grc' dir='ltr'>ἱερὸν</span> <span class='ocrx_word' id='word_1_303' title='bbox 351 1885 492 1921; x_wconf 76' lang='grc' dir='ltr'>κειμήλιον</span> <span class='ocrx_word' id='word_1_304' title='bbox 508 1886 680 1920; x_wconf 73' lang='grc' dir='ltr'>ἀποϐλέπων,</span> <span class='ocrx_word' id='word_1_305' title='bbox 700 1887 716 1922; x_wconf 83' lang='grc' dir='ltr'><strong>ἥ</strong></span> <span class='ocrx_word' id='word_1_306' title='bbox 734 1888 834 1924; x_wconf 78' lang='grc' dir='ltr'>μᾶλλον</span> <span class='ocrx_word' id='word_1_307' title='bbox 850 1889 890 1916; x_wconf 74' lang='grc' dir='ltr'><strong>οξ-</strong></span> 
     </span>
    </p>
   </div>
   <div class='ocr_carea' id='block_1_42' title="bbox 101 1931 892 1970">
    <p class='ocr_par' dir='ltr' id='par_1_42' title="bbox 101 1931 892 1970">
     <span class='ocr_line' id='line_1_42' title="bbox 101 1931 892 1970; baseline 0.008 -14"><span class='ocrx_word' id='word_1_308' title='bbox 101 1931 244 1965; x_wconf 76' lang='grc' dir='ltr'>κειότερον</span> <span class='ocrx_word' id='word_1_309' title='bbox 263 1932 365 1963; x_wconf 82' lang='grc' dir='ltr'>εἰπεῖν,</span> <span class='ocrx_word' id='word_1_310' title='bbox 391 1931 428 1963; x_wconf 87' lang='grc' dir='ltr'>ὠς</span> <span class='ocrx_word' id='word_1_311' title='bbox 452 1932 573 1966; x_wconf 73' lang='grc' dir='ltr'>ἔμπνουν</span> <span class='ocrx_word' id='word_1_312' title='bbox 599 1934 646 1960; x_wconf 73' lang='grc' dir='ltr'>καὶ</span> <span class='ocrx_word' id='word_1_313' title='bbox 663 1934 761 1968; x_wconf 87' lang='grc' dir='ltr'>φωνεῖν</span> <span class='ocrx_word' id='word_1_314' title='bbox 775 1934 892 1970; x_wconf 82' lang='grc' dir='ltr'>δυνάμε-</span> 
     </span>
    </p>
   </div>
   <div class='ocr_carea' id='block_1_43' title="bbox 100 1977 890 2016">
    <p class='ocr_par' dir='ltr' id='par_1_43' title="bbox 100 1977 890 2016">
     <span class='ocr_line' id='line_1_43' title="bbox 100 1977 890 2016; baseline 0.008 -14"><span class='ocrx_word' id='word_1_315' title='bbox 100 1986 161 2005; x_wconf 83' lang='grc' dir='ltr'>νον.</span> <span class='ocrx_word' id='word_1_316' title='bbox 181 1977 286 2012; x_wconf 83' lang='grc' dir='ltr'>Ἐχεῖτο</span> <span class='ocrx_word' id='word_1_317' title='bbox 308 1977 413 2012; x_wconf 85' lang='grc' dir='ltr'>δάκρυα</span> <span class='ocrx_word' id='word_1_318' title='bbox 435 1978 489 2004; x_wconf 82' lang='grc' dir='ltr'><strong>τῶν</strong></span> <span class='ocrx_word' id='word_1_319' title='bbox 518 1978 567 2012; x_wconf 87' lang='grc' dir='ltr'>μὲν</span> <span class='ocrx_word' id='word_1_320' title='bbox 587 1979 739 2015; x_wconf 69' lang='grc' dir='ltr'>αἰδημόνων</span> <span class='ocrx_word' id='word_1_321' title='bbox 762 1980 890 2016; x_wconf 68' lang='grc' dir='ltr'>ἀψοφητὶ,</span> 
     </span>
    </p>
   </div>
   <div class='ocr_carea' id='block_1_44' title="bbox 100 2023 892 2061">
    <p class='ocr_par' dir='ltr' id='par_1_44' title="bbox 100 2023 892 2061">
     <span class='ocr_line' id='line_1_44' title="bbox 100 2023 892 2061; baseline 0.005 -11"><span class='ocrx_word' id='word_1_322' title='bbox 100 2023 160 2050; x_wconf 73' lang='grc' dir='ltr'><strong>τῶν</strong></span> <span class='ocrx_word' id='word_1_323' title='bbox 184 2023 214 2050; x_wconf 83' lang='grc' dir='ltr'>δὲ</span> <span class='ocrx_word' id='word_1_324' title='bbox 238 2023 413 2058; x_wconf 83' lang='grc' dir='ltr'>θεραπευτῶν</span> <span class='ocrx_word' id='word_1_325' title='bbox 436 2024 647 2061; x_wconf 74' lang='grc' dir='ltr'>έκραγέστερον.</span> <span class='ocrx_word' id='word_1_326' title='bbox 677 2025 770 2059; x_wconf 76' lang='grc' dir='ltr'>Οὕτως</span> <span class='ocrx_word' id='word_1_327' title='bbox 783 2025 829 2054; x_wconf 86' lang='grc' dir='ltr'>οὖν</span> <span class='ocrx_word' id='word_1_328' title='bbox 844 2028 892 2054; x_wconf 76' lang='grc' dir='ltr'><strong>σὺν</strong></span> 
     </span>
    </p>
   </div>
   <div class='ocr_carea' id='block_1_45' title="bbox 99 2069 893 2109">
    <p class='ocr_par' dir='ltr' id='par_1_45' title="bbox 99 2069 893 2109">
     <span class='ocr_line' id='line_1_45' title="bbox 99 2069 893 2109; baseline 0.006 -14"><span class='ocrx_word' id='word_1_329' title='bbox 99 2069 277 2104; x_wconf 74' lang='grc' dir='ltr'>ψαλμῳδέαις</span> <span class='ocrx_word' id='word_1_330' title='bbox 288 2071 347 2100; x_wconf 81' lang='grc' dir='ltr'>ταῖς</span> <span class='ocrx_word' id='word_1_331' title='bbox 358 2069 544 2105; x_wconf 83' lang='grc' dir='ltr'>καθηκούσαις</span> <span class='ocrx_word' id='word_1_332' title='bbox 558 2071 604 2097; x_wconf 74' lang='grc' dir='ltr'>καὶ</span> <span class='ocrx_word' id='word_1_333' title='bbox 615 2071 789 2107; x_wconf 84' lang='grc' dir='ltr'>ἐπικλήσεσιν</span> <span class='ocrx_word' id='word_1_334' title='bbox 800 2074 893 2109; x_wconf 83' lang='grc' dir='ltr'>ίεραρ-</span> 
     </span>
    </p>
   </div>
   <div class='ocr_carea' id='block_1_46' title="bbox 99 2114 893 2150">
    <p class='ocr_par' dir='ltr' id='par_1_46' title="bbox 99 2114 893 2150">
     <span class='ocr_line' id='line_1_46' title="bbox 99 2114 893 2150; baseline 0.006 -11"><span class='ocrx_word' id='word_1_335' title='bbox 99 2116 200 2150; x_wconf 73' lang='grc' dir='ltr'>χικαῖς</span> <span class='ocrx_word' id='word_1_336' title='bbox 219 2114 353 2149; x_wconf 86' lang='grc' dir='ltr'>παρεδόθη</span> <span class='ocrx_word' id='word_1_337' title='bbox 372 2115 411 2149; x_wconf 87' lang='grc' dir='ltr'>τῷ</span> <span class='ocrx_word' id='word_1_338' title='bbox 432 2114 521 2150; x_wconf 80' lang='grc' dir='ltr'>τάφῳ,</span> <span class='ocrx_word' id='word_1_339' title='bbox 541 2115 603 2142; x_wconf 83' lang='grc' dir='ltr'>καθ’</span> <span class='ocrx_word' id='word_1_340' title='bbox 620 2115 650 2142; x_wconf 79' lang='grc' dir='ltr'>ὃν</span> <span class='ocrx_word' id='word_1_341' title='bbox 671 2117 753 2143; x_wconf 77' lang='grc' dir='ltr'>τόπον</span> <span class='ocrx_word' id='word_1_342' title='bbox 772 2116 863 2144; x_wconf 86' lang='grc' dir='ltr'>είώθει</span> <span class='ocrx_word' id='word_1_343' title='bbox 878 2118 893 2144; x_wconf 82' lang='lat'><strong>6</strong></span> 
     </span>
    </p>
   </div>
   <div class='ocr_carea' id='block_1_47' title="bbox 103 2160 893 2198">
    <p class='ocr_par' dir='ltr' id='par_1_47' title="bbox 103 2160 893 2198">
     <span class='ocr_line' id='line_1_47' title="bbox 103 2160 893 2198; baseline 0.004 -12"><span class='ocrx_word' id='word_1_344' title='bbox 103 2160 244 2195; x_wconf 80' lang='grc' dir='ltr'>μακάριος</span> <span class='ocrx_word' id='word_1_345' title='bbox 267 2160 434 2196; x_wconf 84' lang='grc' dir='ltr'>λειτουργεῖν</span> <span class='ocrx_word' id='word_1_346' title='bbox 464 2161 570 2196; x_wconf 74' lang='grc' dir='ltr'>Κυρίῳο</span> <span class='ocrx_word' id='word_1_347' title='bbox 601 2162 681 2195; x_wconf 86' lang='grc' dir='ltr'>καίγε</span> <span class='ocrx_word' id='word_1_348' title='bbox 709 2162 860 2198; x_wconf 84' lang='grc' dir='ltr'>προσετέθη</span> <span class='ocrx_word' id='word_1_349' title='bbox 879 2164 893 2189; x_wconf 87' lang='lat'><strong>6</strong></span> 
     </span>
    </p>
   </div>
   <div class='ocr_carea' id='block_1_48' title="bbox 102 2206 891 2243">
    <p class='ocr_par' dir='ltr' id='par_1_48' title="bbox 102 2206 891 2243">
     <span class='ocr_line' id='line_1_48' title="bbox 102 2206 891 2243; baseline 0.003 -10"><span class='ocrx_word' id='word_1_350' title='bbox 102 2206 205 2240; x_wconf 78' lang='grc' dir='ltr'>Πατὴρ</span> <span class='ocrx_word' id='word_1_351' title='bbox 213 2207 268 2237; x_wconf 80' lang='grc' dir='ltr'>τοῖς</span> <span class='ocrx_word' id='word_1_352' title='bbox 279 2206 427 2241; x_wconf 81' lang='grc' dir='ltr'>Πατράσιν,</span> <span class='ocrx_word' id='word_1_353' title='bbox 438 2207 452 2232; x_wconf 92' lang='lat'><strong>6</strong></span> <span class='ocrx_word' id='word_1_354' title='bbox 461 2207 628 2242; x_wconf 72' lang='grc' dir='ltr'>ὁμολογητῂς</span> <span class='ocrx_word' id='word_1_355' title='bbox 636 2208 692 2239; x_wconf 85' lang='grc' dir='ltr'>τοῖς</span> <span class='ocrx_word' id='word_1_356' title='bbox 702 2208 891 2243; x_wconf 82' lang='grc' dir='ltr'>ὀμολογηταῖς,</span> 
     </span>
    </p>
   </div>
   <div class='ocr_carea' id='block_1_49' title="bbox 936 288 1724 323">
    <p class='ocr_par' dir='ltr' id='par_1_49' title="bbox 936 288 1724 323">
     <span class='ocr_line' id='line_1_49' title="bbox 936 288 1724 323; baseline -0.003 -7"><span class='ocrx_word' id='word_1_357' title='bbox 936 289 1006 317; x_wconf 86' lang='lat' dir='ltr'><strong>tiore</strong></span> <span class='ocrx_word' id='word_1_358' title='bbox 1034 288 1146 316; x_wconf 81' lang='lat' dir='ltr'><strong>historia</strong></span> <span class='ocrx_word' id='word_1_359' title='bbox 1175 295 1353 323; x_wconf 75' lang='lat' dir='ltr'><strong>cognoscens,</strong></span> <span class='ocrx_word' id='word_1_360' title='bbox 1387 288 1504 322; x_wconf 75' lang='lat' dir='ltr'><strong>quietem</strong></span> <span class='ocrx_word' id='word_1_361' title='bbox 1541 288 1662 322; x_wconf 85' lang='lat' dir='ltr'><strong>aliquam</strong></span> <span class='ocrx_word' id='word_1_362' title='bbox 1689 296 1724 315; x_wconf 80' lang='lat' dir='ltr'><strong>ex</strong></span> 
     </span>
    </p>
   </div>
   <div class='ocr_carea' id='block_1_50' title="bbox 936 332 1723 369">
    <p class='ocr_par' dir='ltr' id='par_1_50' title="bbox 936 332 1723 369">
     <span class='ocr_line' id='line_1_50' title="bbox 936 332 1723 369; baseline -0.003 -7"><span class='ocrx_word' id='word_1_363' title='bbox 936 335 1094 363; x_wconf 79' lang='lat' dir='ltr'><strong>narratione</strong></span> <span class='ocrx_word' id='word_1_364' title='bbox 1118 334 1246 369; x_wconf 85' lang='lat' dir='ltr'><strong>accipias.</strong></span> <span class='ocrx_word' id='word_1_365' title='bbox 1272 332 1306 366; x_wconf 93' lang='grc' dir='ltr'><strong>Ο,</strong></span> <span class='ocrx_word' id='word_1_366' title='bbox 1330 341 1359 365; x_wconf 89' lang='grc' dir='ltr'><strong>ο,</strong></span> <span class='ocrx_word' id='word_1_367' title='bbox 1383 341 1438 368; x_wconf 94' lang='lat' dir='ltr'><strong>quo</strong></span> <span class='ocrx_word' id='word_1_368' title='bbox 1463 339 1542 368; x_wconf 88' lang='lat' dir='ltr'><strong>pacto</strong></span> <span class='ocrx_word' id='word_1_369' title='bbox 1569 334 1723 361; x_wconf 92' lang='lat' dir='ltr'><strong>luctuosam</strong></span> 
     </span>
    </p>
   </div>
   <div class='ocr_carea' id='block_1_51' title="bbox 936 378 1725 414">
    <p class='ocr_par' dir='ltr' id='par_1_51' title="bbox 936 378 1725 414">
     <span class='ocr_line' id='line_1_51' title="bbox 936 378 1725 414; baseline -0.004 -6"><span class='ocrx_word' id='word_1_370' title='bbox 936 380 1228 409; x_wconf 77' lang='lat' dir='ltr'><strong>commemorationem</strong></span> <span class='ocrx_word' id='word_1_371' title='bbox 1248 379 1309 407; x_wconf 85' lang='lat' dir='ltr'><strong>sine</strong></span> <span class='ocrx_word' id='word_1_372' title='bbox 1336 379 1464 414; x_wconf 86' lang='lat' dir='ltr'><strong>lacrymis</strong></span> <span class='ocrx_word' id='word_1_373' title='bbox 1488 378 1597 406; x_wconf 85' lang='lat' dir='ltr'><strong>feram?</strong></span> <span class='ocrx_word' id='word_1_374' title='bbox 1618 380 1725 406; x_wconf 89' lang='lat' dir='ltr'><strong>Incolu-</strong></span> 
     </span>
    </p>
   </div>
   <div class='ocr_carea' id='block_1_52' title="bbox 937 424 1726 457">
    <p class='ocr_par' dir='ltr' id='par_1_52' title="bbox 937 424 1726 457">
     <span class='ocr_line' id='line_1_52' title="bbox 937 424 1726 457; baseline -0.004 -3"><span class='ocrx_word' id='word_1_375' title='bbox 937 427 990 454; x_wconf 86' lang='lat' dir='ltr'><strong>mis</strong></span> <span class='ocrx_word' id='word_1_376' title='bbox 1015 431 1072 454; x_wconf 79' lang='lat' dir='ltr'><strong>erat</strong></span> <span class='ocrx_word' id='word_1_377' title='bbox 1098 426 1188 457; x_wconf 82' lang='lat' dir='ltr'><strong>Pater.</strong></span> <span class='ocrx_word' id='word_1_378' title='bbox 1211 425 1298 453; x_wconf 88' lang='lat' dir='ltr'><strong>solitis</strong></span> <span class='ocrx_word' id='word_1_379' title='bbox 1324 424 1436 452; x_wconf 87' lang='lat' dir='ltr'><strong>minime</strong></span> <span class='ocrx_word' id='word_1_380' title='bbox 1461 424 1558 451; x_wconf 78' lang='lat' dir='ltr'><strong>fueaue</strong></span> <span class='ocrx_word' id='word_1_381' title='bbox 1581 425 1726 451; x_wconf 84' lang='lat' dir='ltr'><strong>charitatis</strong></span> 
     </span>
    </p>
   </div>
   <div class='ocr_carea' id='block_1_53' title="bbox 937 469 1726 506">
    <p class='ocr_par' dir='ltr' id='par_1_53' title="bbox 937 469 1726 506">
     <span class='ocr_line' id='line_1_53' title="bbox 937 469 1726 506; baseline -0.003 -7"><span class='ocrx_word' id='word_1_382' title='bbox 937 479 994 500; x_wconf 60' lang='lat' dir='ltr'><strong>suae</strong></span> <span class='ocrx_word' id='word_1_383' title='bbox 1021 471 1148 506; x_wconf 82' lang='lat' dir='ltr'><strong>operibus</strong></span> <span class='ocrx_word' id='word_1_384' title='bbox 1174 471 1307 502; x_wconf 87' lang='lat' dir='ltr'><strong>intentus,</strong></span> <span class='ocrx_word' id='word_1_385' title='bbox 1334 469 1519 503; x_wconf 85' lang='lat' dir='ltr'><strong>fratribusque</strong></span> <span class='ocrx_word' id='word_1_386' title='bbox 1544 477 1576 497; x_wconf 87' lang='lat' dir='ltr'><strong>ac</strong></span> <span class='ocrx_word' id='word_1_387' title='bbox 1600 469 1726 497; x_wconf 85' lang='lat' dir='ltr'><strong>Patribns</strong></span> 
     </span>
    </p>
   </div>
   <div class='ocr_carea' id='block_1_54' title="bbox 937 515 1726 551">
    <p class='ocr_par' dir='ltr' id='par_1_54' title="bbox 937 515 1726 551">
     <span class='ocr_line' id='line_1_54' title="bbox 937 515 1726 551; baseline -0.003 -8"><span class='ocrx_word' id='word_1_388' title='bbox 937 517 1056 551; x_wconf 85' lang='lat' dir='ltr'><strong>hospitio</strong></span> <span class='ocrx_word' id='word_1_389' title='bbox 1074 516 1246 550; x_wconf 86' lang='lat' dir='ltr'><strong>recipiendis.</strong></span> <span class='ocrx_word' id='word_1_390' title='bbox 1262 515 1329 548; x_wconf 84' lang='lat' dir='ltr'><strong>Quis</strong></span> <span class='ocrx_word' id='word_1_391' title='bbox 1343 515 1415 542; x_wconf 90' lang='lat' dir='ltr'><strong>enim</strong></span> <span class='ocrx_word' id='word_1_392' title='bbox 1427 515 1649 550; x_wconf 87' lang='lat' dir='ltr'><strong>&#39;hospitalitatem</strong></span> <span class='ocrx_word' id='word_1_393' title='bbox 1665 515 1726 550; x_wconf 86' lang='lat' dir='ltr'><strong>plus</strong></span> 
     </span>
    </p>
   </div>
   <div class='ocr_carea' id='block_1_55' title="bbox 937 561 1726 596">
    <p class='ocr_par' dir='ltr' id='par_1_55' title="bbox 937 561 1726 596">
     <span class='ocr_line' id='line_1_55' title="bbox 937 561 1726 596; baseline -0.003 -7"><span class='ocrx_word' id='word_1_394' title='bbox 937 563 984 590; x_wconf 89' lang='lat' dir='ltr'><strong>illo</strong></span> <span class='ocrx_word' id='word_1_395' title='bbox 999 562 1147 594; x_wconf 82' lang='lat' dir='ltr'><strong>adamavit,</strong></span> <span class='ocrx_word' id='word_1_396' title='bbox 1166 566 1213 589; x_wconf 89' lang='lat' dir='ltr'><strong>aut</strong></span> <span class='ocrx_word' id='word_1_397' title='bbox 1231 561 1318 589; x_wconf 83' lang='lat' dir='ltr'><strong>amice</strong></span> <span class='ocrx_word' id='word_1_398' title='bbox 1343 561 1464 596; x_wconf 80' lang='lat' dir='ltr'><strong>exceptis</strong></span> <span class='ocrx_word' id='word_1_399' title='bbox 1486 561 1651 588; x_wconf 88' lang='lat' dir='ltr'><strong>ministravit</strong></span> <span class='ocrx_word' id='word_1_400' title='bbox 1671 562 1726 587; x_wconf 91' lang='lat' dir='ltr'><strong>im-</strong></span> 
     </span>
    </p>
   </div>
   <div class='ocr_carea' id='block_1_56' title="bbox 937 606 1726 643">
    <p class='ocr_par' dir='ltr' id='par_1_56' title="bbox 937 606 1726 643">
     <span class='ocr_line' id='line_1_56' title="bbox 937 606 1726 643; baseline -0.004 -8"><span class='ocrx_word' id='word_1_401' title='bbox 937 608 1073 643; x_wconf 85' lang='lat' dir='ltr'><strong>pensius?</strong></span> <span class='ocrx_word' id='word_1_402' title='bbox 1089 615 1170 642; x_wconf 86' lang='lat' dir='ltr'><strong>quem</strong></span> <span class='ocrx_word' id='word_1_403' title='bbox 1187 615 1237 636; x_wconf 80' lang='lat' dir='ltr'><strong>nec</strong></span> <span class='ocrx_word' id='word_1_404' title='bbox 1251 607 1380 634; x_wconf 86' lang='lat' dir='ltr'><strong>continua</strong></span> <span class='ocrx_word' id='word_1_405' title='bbox 1396 607 1512 634; x_wconf 81' lang='lat' dir='ltr'><strong>aliorum</strong></span> <span class='ocrx_word' id='word_1_406' title='bbox 1532 614 1566 633; x_wconf 80' lang='lat' dir='ltr'><strong>ex</strong></span> <span class='ocrx_word' id='word_1_407' title='bbox 1589 606 1651 633; x_wconf 84' lang='lat' dir='ltr'><strong>aliis</strong></span> <span class='ocrx_word' id='word_1_408' title='bbox 1676 606 1726 633; x_wconf 87' lang='lat' dir='ltr'><strong>ad-</strong></span> 
     </span>
    </p>
   </div>
   <div class='ocr_carea' id='block_1_57' title="bbox 937 651 1726 688">
    <p class='ocr_par' dir='ltr' id='par_1_57' title="bbox 937 651 1726 688">
     <span class='ocr_line' id='line_1_57' title="bbox 937 651 1726 688; baseline -0.003 -8"><span class='ocrx_word' id='word_1_409' title='bbox 937 654 1104 680; x_wconf 79' lang='lat' dir='ltr'><strong>ventantium</strong></span> <span class='ocrx_word' id='word_1_410' title='bbox 1120 652 1284 688; x_wconf 81' lang='lat' dir='ltr'><strong>frequentia,</strong></span> <span class='ocrx_word' id='word_1_411' title='bbox 1313 659 1363 680; x_wconf 87' lang='lat' dir='ltr'><strong>nec</strong></span> <span class='ocrx_word' id='word_1_412' title='bbox 1377 651 1532 679; x_wconf 85' lang='lat' dir='ltr'><strong>diuturnior</strong></span> <span class='ocrx_word' id='word_1_413' title='bbox 1555 659 1632 679; x_wconf 85' lang='lat' dir='ltr'><strong>mora</strong></span> <span class='ocrx_word' id='word_1_414' title='bbox 1649 651 1726 678; x_wconf 85' lang='lat' dir='ltr'><strong>fran-</strong></span> 
     </span>
    </p>
   </div>
   <div class='ocr_carea' id='block_1_58' title="bbox 937 697 1727 733">
    <p class='ocr_par' dir='ltr' id='par_1_58' title="bbox 937 697 1727 733">
     <span class='ocr_line' id='line_1_58' title="bbox 937 697 1727 733; baseline 0 -8"><span class='ocrx_word' id='word_1_415' title='bbox 937 698 1016 733; x_wconf 79' lang='lat' dir='ltr'><strong>gebat</strong></span> <span class='ocrx_word' id='word_1_416' title='bbox 1034 707 1041 725; x_wconf 92' lang='lat'>:</span> <span class='ocrx_word' id='word_1_417' title='bbox 1063 702 1196 733; x_wconf 83' lang='lat' dir='ltr'><strong>quantum</strong></span> <span class='ocrx_word' id='word_1_418' title='bbox 1216 698 1331 733; x_wconf 80' lang='lat' dir='ltr'><strong>angebat</strong></span> <span class='ocrx_word' id='word_1_419' title='bbox 1350 697 1441 733; x_wconf 85' lang='lat' dir='ltr'><strong>potius</strong></span> <span class='ocrx_word' id='word_1_420' title='bbox 1457 697 1554 725; x_wconf 84' lang='lat' dir='ltr'><strong>horum</strong></span> <span class='ocrx_word' id='word_1_421' title='bbox 1570 697 1681 730; x_wconf 86' lang='lat' dir='ltr'><strong>raritas,</strong></span> <span class='ocrx_word' id='word_1_422' title='bbox 1699 702 1727 725; x_wconf 89' lang='lat' dir='ltr'><strong>et</strong></span> 
     </span>
    </p>
   </div>
   <div class='ocr_carea' id='block_1_59' title="bbox 937 743 1727 778">
    <p class='ocr_par' dir='ltr' id='par_1_59' title="bbox 937 743 1727 778">
     <span class='ocr_line' id='line_1_59' title="bbox 937 743 1727 778; baseline -0.001 -7"><span class='ocrx_word' id='word_1_423' title='bbox 937 745 990 771; x_wconf 87' lang='lat' dir='ltr'><strong>cita</strong></span> <span class='ocrx_word' id='word_1_424' title='bbox 1006 743 1146 778; x_wconf 82' lang='lat' dir='ltr'><strong>profectio.</strong></span> <span class='ocrx_word' id='word_1_425' title='bbox 1163 743 1196 771; x_wconf 87' lang='lat' dir='ltr'><strong>Et</strong></span> <span class='ocrx_word' id='word_1_426' title='bbox 1210 744 1275 778; x_wconf 89' lang='lat' dir='ltr'><strong>quid</strong></span> <span class='ocrx_word' id='word_1_427' title='bbox 1290 751 1359 778; x_wconf 88' lang='lat' dir='ltr'><strong>opus</strong></span> <span class='ocrx_word' id='word_1_428' title='bbox 1371 748 1413 771; x_wconf 86' lang='lat' dir='ltr'><strong>est</strong></span> <span class='ocrx_word' id='word_1_429' title='bbox 1440 744 1497 771; x_wconf 65' lang='lat' dir='ltr'><strong>haec</strong></span> <span class='ocrx_word' id='word_1_430' title='bbox 1513 744 1571 776; x_wconf 90' lang='lat' dir='ltr'><strong>tibi,</strong></span> <span class='ocrx_word' id='word_1_431' title='bbox 1586 743 1630 771; x_wconf 88' lang='lat' dir='ltr'><strong>cui</strong></span> <span class='ocrx_word' id='word_1_432' title='bbox 1643 743 1727 778; x_wconf 80' lang='lat' dir='ltr'><strong>probe</strong></span> 
     </span>
    </p>
   </div>
   <div class='ocr_carea' id='block_1_60' title="bbox 938 788 1725 824">
    <p class='ocr_par' dir='ltr' id='par_1_60' title="bbox 938 788 1725 824">
     <span class='ocr_line' id='line_1_60' title="bbox 938 788 1725 824; baseline 0 -8"><span class='ocrx_word' id='word_1_433' title='bbox 938 795 1001 816; x_wconf 89' lang='lat' dir='ltr'><strong>nota</strong></span> <span class='ocrx_word' id='word_1_434' title='bbox 1013 794 1086 820; x_wconf 86' lang='lat' dir='ltr'><strong>sunt,</strong></span> <span class='ocrx_word' id='word_1_435' title='bbox 1100 788 1232 824; x_wconf 80' lang='lat' dir='ltr'><strong>exemplis</strong></span> <span class='ocrx_word' id='word_1_436' title='bbox 1249 790 1410 817; x_wconf 79' lang='lat' dir='ltr'><strong>continuare</strong></span> <span class='ocrx_word' id='word_1_437' title='bbox 1425 790 1437 816; x_wconf 70' lang='grc' dir='ltr'>τ</span> <span class='ocrx_word' id='word_1_438' title='bbox 1457 789 1486 816; x_wconf 85' lang='lat' dir='ltr'><strong>Io</strong></span> <span class='ocrx_word' id='word_1_439' title='bbox 1503 789 1545 816; x_wconf 88' lang='lat' dir='ltr'><strong>his</strong></span> <span class='ocrx_word' id='word_1_440' title='bbox 1562 789 1645 824; x_wconf 78' lang='lat' dir='ltr'><strong>igitur</strong></span> <span class='ocrx_word' id='word_1_441' title='bbox 1656 794 1725 821; x_wconf 86' lang='lat' dir='ltr'><strong>erat.</strong></span> 
     </span>
    </p>
   </div>
   <div class='ocr_carea' id='block_1_61' title="bbox 938 833 1726 870">
    <p class='ocr_par' dir='ltr' id='par_1_61' title="bbox 938 833 1726 870">
     <span class='ocr_line' id='line_1_61' title="bbox 938 833 1726 870; baseline 0.001 -9"><span class='ocrx_word' id='word_1_442' title='bbox 938 839 968 861; x_wconf 90' lang='lat' dir='ltr'><strong>ut</strong></span> <span class='ocrx_word' id='word_1_443' title='bbox 982 834 1084 861; x_wconf 88' lang='lat' dir='ltr'><strong>dictum</strong></span> <span class='ocrx_word' id='word_1_444' title='bbox 1100 839 1152 862; x_wconf 88' lang='lat' dir='ltr'><strong>est.</strong></span> <span class='ocrx_word' id='word_1_445' title='bbox 1168 834 1236 862; x_wconf 83' lang='lat' dir='ltr'><strong>Cum</strong></span> <span class='ocrx_word' id='word_1_446' title='bbox 1258 839 1348 862; x_wconf 88' lang='lat' dir='ltr'><strong>autem</strong></span> <span class='ocrx_word' id='word_1_447' title='bbox 1364 833 1433 870; x_wconf 76' lang='lat' dir='ltr'><strong>festa</strong></span> <span class='ocrx_word' id='word_1_448' title='bbox 1452 835 1511 862; x_wconf 81' lang='lat' dir='ltr'><strong>dies</strong></span> <span class='ocrx_word' id='word_1_449' title='bbox 1533 840 1660 869; x_wconf 76' lang='lat' dir='ltr'><strong>ageretur</strong></span> <span class='ocrx_word' id='word_1_450' title='bbox 1681 842 1726 862; x_wconf 88' lang='lat' dir='ltr'><strong>se-</strong></span> 
     </span>
    </p>
   </div>
   <div class='ocr_carea' id='block_1_62' title="bbox 939 880 1728 916">
    <p class='ocr_par' dir='ltr' id='par_1_62' title="bbox 939 880 1728 916">
     <span class='ocr_line' id='line_1_62' title="bbox 939 880 1728 916; baseline -0.001 -8"><span class='ocrx_word' id='word_1_451' title='bbox 939 881 1027 908; x_wconf 90' lang='lat' dir='ltr'><strong>cunda</strong></span> <span class='ocrx_word' id='word_1_452' title='bbox 1043 880 1226 912; x_wconf 85' lang='lat' dir='ltr'><strong>Pentecostes.</strong></span> <span class='ocrx_word' id='word_1_453' title='bbox 1251 881 1467 916; x_wconf 81' lang='lat' dir='ltr'><strong>surrexissetque</strong></span> <span class='ocrx_word' id='word_1_454' title='bbox 1482 889 1497 908; x_wconf 85' lang='lat' dir='ltr'><strong>a</strong></span> <span class='ocrx_word' id='word_1_455' title='bbox 1517 881 1650 911; x_wconf 77' lang='lat' dir='ltr'><strong>convivio.</strong></span> <span class='ocrx_word' id='word_1_456' title='bbox 1666 889 1728 907; x_wconf 86' lang='lat' dir='ltr'><strong>cor-</strong></span> 
     </span>
    </p>
   </div>
   <div class='ocr_carea' id='block_1_63' title="bbox 938 925 1727 960">
    <p class='ocr_par' dir='ltr' id='par_1_63' title="bbox 938 925 1727 960">
     <span class='ocr_line' id='line_1_63' title="bbox 938 925 1727 960; baseline 0 -8"><span class='ocrx_word' id='word_1_457' title='bbox 938 929 1031 960; x_wconf 85' lang='lat' dir='ltr'><strong>reptus</strong></span> <span class='ocrx_word' id='word_1_458' title='bbox 1039 930 1081 952; x_wconf 88' lang='lat' dir='ltr'><strong>est</strong></span> <span class='ocrx_word' id='word_1_459' title='bbox 1091 926 1227 958; x_wconf 85' lang='lat' dir='ltr'><strong>catarrho,</strong></span> <span class='ocrx_word' id='word_1_460' title='bbox 1239 933 1252 952; x_wconf 92' lang='lat' dir='ltr'><strong>a</strong></span> <span class='ocrx_word' id='word_1_461' title='bbox 1260 925 1348 960; x_wconf 84' lang='lat' dir='ltr'><strong>capite</strong></span> <span class='ocrx_word' id='word_1_462' title='bbox 1356 926 1383 952; x_wconf 89' lang='lat' dir='ltr'><strong>in</strong></span> <span class='ocrx_word' id='word_1_463' title='bbox 1396 926 1534 953; x_wconf 87' lang='lat' dir='ltr'><strong>vertebras</strong></span> <span class='ocrx_word' id='word_1_464' title='bbox 1544 930 1571 953; x_wconf 87' lang='lat' dir='ltr'><strong>et</strong></span> <span class='ocrx_word' id='word_1_465' title='bbox 1581 926 1633 953; x_wconf 83' lang='lat' dir='ltr'><strong>alia</strong></span> <span class='ocrx_word' id='word_1_466' title='bbox 1644 926 1727 953; x_wconf 83' lang='lat' dir='ltr'><strong>dorso</strong></span> 
     </span>
    </p>
   </div>
   <div class='ocr_carea' id='block_1_64' title="bbox 937 962 1726 1003">
    <p class='ocr_par' dir='ltr' id='par_1_64' title="bbox 937 962 1726 1003">
     <span class='ocr_line' id='line_1_64' title="bbox 937 962 1726 1003; baseline 0.001 -6"><span class='ocrx_word' id='word_1_467' title='bbox 937 970 1026 998; x_wconf 81' lang='lat' dir='ltr'><strong>vicina</strong></span> <span class='ocrx_word' id='word_1_468' title='bbox 1037 969 1184 997; x_wconf 84' lang='lat' dir='ltr'><strong>deﬂuente.</strong></span> <span class='ocrx_word' id='word_1_469' title='bbox 1200 969 1260 1003; x_wconf 86' lang='lat' dir='ltr'><strong>Quo</strong></span> <span class='ocrx_word' id='word_1_470' title='bbox 1272 962 1341 998; x_wconf 81' lang='lat' dir='ltr'><strong>casu</strong></span> <span class='ocrx_word' id='word_1_471' title='bbox 1361 970 1441 998; x_wconf 81' lang='lat' dir='ltr'><strong>exciti</strong></span> <span class='ocrx_word' id='word_1_472' title='bbox 1464 978 1514 998; x_wconf 84' lang='lat' dir='ltr'><strong>nos</strong></span> <span class='ocrx_word' id='word_1_473' title='bbox 1536 971 1664 1003; x_wconf 83' lang='lat' dir='ltr'><strong>humiles,</strong></span> <span class='ocrx_word' id='word_1_474' title='bbox 1683 971 1726 998; x_wconf 89' lang='lat' dir='ltr'><strong>of-</strong></span> 
     </span>
    </p>
   </div>
   <div class='ocr_carea' id='block_1_65' title="bbox 937 1017 1727 1052">
    <p class='ocr_par' dir='ltr' id='par_1_65' title="bbox 937 1017 1727 1052">
     <span class='ocr_line' id='line_1_65' title="bbox 937 1017 1727 1052; baseline 0 -8"><span class='ocrx_word' id='word_1_475' title='bbox 937 1017 1073 1045; x_wconf 88' lang='lat' dir='ltr'><strong>fendimus</strong></span> <span class='ocrx_word' id='word_1_476' title='bbox 1085 1018 1174 1052; x_wconf 88' lang='lat' dir='ltr'><strong>ipsum</strong></span> <span class='ocrx_word' id='word_1_477' title='bbox 1196 1025 1292 1045; x_wconf 85' lang='lat' dir='ltr'><strong>revera</strong></span> <span class='ocrx_word' id='word_1_478' title='bbox 1317 1017 1502 1052; x_wconf 70' lang='lat' dir='ltr'><strong>languentem,</strong></span> <span class='ocrx_word' id='word_1_479' title='bbox 1525 1023 1552 1045; x_wconf 88' lang='lat' dir='ltr'><strong>et</strong></span> <span class='ocrx_word' id='word_1_480' title='bbox 1570 1018 1630 1052; x_wconf 88' lang='lat' dir='ltr'><strong>ejus</strong></span> <span class='ocrx_word' id='word_1_481' title='bbox 1654 1017 1727 1052; x_wconf 90' lang='lat' dir='ltr'><strong>quod</strong></span> 
     </span>
    </p>
   </div>
   <div class='ocr_carea' id='block_1_66' title="bbox 938 1063 1727 1098">
    <p class='ocr_par' dir='ltr' id='par_1_66' title="bbox 938 1063 1727 1098">
     <span class='ocr_line' id='line_1_66' title="bbox 938 1063 1727 1098; baseline 0 -8"><span class='ocrx_word' id='word_1_482' title='bbox 938 1063 1084 1095; x_wconf 84' lang='lat' dir='ltr'><strong>acciderat,</strong></span> <span class='ocrx_word' id='word_1_483' title='bbox 1099 1071 1196 1091; x_wconf 79' lang='lat' dir='ltr'><strong>causas</strong></span> <span class='ocrx_word' id='word_1_484' title='bbox 1208 1063 1399 1098; x_wconf 78' lang='lat' dir='ltr'><strong>explicantem.</strong></span> <span class='ocrx_word' id='word_1_485' title='bbox 1414 1063 1513 1091; x_wconf 86' lang='lat' dir='ltr'><strong>Deinde</strong></span> <span class='ocrx_word' id='word_1_486' title='bbox 1530 1072 1592 1091; x_wconf 90' lang='lat' dir='ltr'><strong>cum</strong></span> <span class='ocrx_word' id='word_1_487' title='bbox 1610 1064 1727 1098; x_wconf 83' lang='lat' dir='ltr'><strong>regressi</strong></span> 
     </span>
    </p>
   </div>
   <div class='ocr_carea' id='block_1_67' title="bbox 937 1109 1727 1144">
    <p class='ocr_par' dir='ltr' id='par_1_67' title="bbox 937 1109 1727 1144">
     <span class='ocr_line' id='line_1_67' title="bbox 937 1109 1727 1144; baseline 0.001 -8"><span class='ocrx_word' id='word_1_488' title='bbox 937 1109 1049 1136; x_wconf 90' lang='lat' dir='ltr'><strong>domum</strong></span> <span class='ocrx_word' id='word_1_489' title='bbox 1077 1117 1211 1142; x_wconf 75' lang='lat' dir='ltr'><strong>essemus,</strong></span> <span class='ocrx_word' id='word_1_490' title='bbox 1236 1109 1333 1137; x_wconf 81' lang='lat' dir='ltr'><strong>iterum</strong></span> <span class='ocrx_word' id='word_1_491' title='bbox 1349 1109 1393 1137; x_wconf 90' lang='lat' dir='ltr'><strong>die</strong></span> <span class='ocrx_word' id='word_1_492' title='bbox 1409 1110 1532 1144; x_wconf 85' lang='lat' dir='ltr'><strong>sequenti</strong></span> <span class='ocrx_word' id='word_1_493' title='bbox 1555 1110 1727 1144; x_wconf 83' lang='lat' dir='ltr'><strong>accedentes,</strong></span> 
     </span>
    </p>
   </div>
   <div class='ocr_carea' id='block_1_68' title="bbox 938 1154 1729 1183">
    <p class='ocr_par' dir='ltr' id='par_1_68' title="bbox 938 1154 1729 1183">
     <span class='ocr_line' id='line_1_68' title="bbox 938 1154 1729 1183; baseline 0.001 -2"><span class='ocrx_word' id='word_1_494' title='bbox 938 1155 1091 1182; x_wconf 85' lang='lat' dir='ltr'><strong>invenimus</strong></span> <span class='ocrx_word' id='word_1_495' title='bbox 1108 1154 1182 1182; x_wconf 91' lang='lat' dir='ltr'><strong>illum</strong></span> <span class='ocrx_word' id='word_1_496' title='bbox 1199 1155 1350 1182; x_wconf 85' lang='lat' dir='ltr'><strong>acrioribus</strong></span> <span class='ocrx_word' id='word_1_497' title='bbox 1361 1155 1450 1183; x_wconf 88' lang='lat' dir='ltr'><strong>adhuc</strong></span> <span class='ocrx_word' id='word_1_498' title='bbox 1465 1155 1606 1182; x_wconf 84' lang='lat' dir='ltr'><strong>doloribus</strong></span> <span class='ocrx_word' id='word_1_499' title='bbox 1628 1155 1729 1182; x_wconf 86' lang='lat' dir='ltr'><strong>arden-</strong></span> 
     </span>
    </p>
   </div>
   <div class='ocr_carea' id='block_1_69' title="bbox 939 1201 1727 1237">
    <p class='ocr_par' dir='ltr' id='par_1_69' title="bbox 939 1201 1727 1237">
     <span class='ocr_line' id='line_1_69' title="bbox 939 1201 1727 1237; baseline 0.001 -9"><span class='ocrx_word' id='word_1_500' title='bbox 939 1201 1012 1235; x_wconf 84' lang='lat' dir='ltr'><strong>tique</strong></span> <span class='ocrx_word' id='word_1_501' title='bbox 1040 1201 1107 1229; x_wconf 89' lang='lat' dir='ltr'><strong>febri</strong></span> <span class='ocrx_word' id='word_1_502' title='bbox 1125 1201 1314 1229; x_wconf 86' lang='lat' dir='ltr'><strong>laborantem:</strong></span> <span class='ocrx_word' id='word_1_503' title='bbox 1335 1202 1372 1229; x_wconf 87' lang='lat' dir='ltr'><strong>ita</strong></span> <span class='ocrx_word' id='word_1_504' title='bbox 1395 1207 1506 1237; x_wconf 67' lang='lat' dir='ltr'><strong>utaegre</strong></span> <span class='ocrx_word' id='word_1_505' title='bbox 1518 1210 1567 1230; x_wconf 90' lang='lat' dir='ltr'><strong>nos</strong></span> <span class='ocrx_word' id='word_1_506' title='bbox 1588 1202 1640 1229; x_wconf 85' lang='lat' dir='ltr'><strong>leni</strong></span> <span class='ocrx_word' id='word_1_507' title='bbox 1661 1210 1727 1229; x_wconf 87' lang='lat' dir='ltr'><strong>voce</strong></span> 
     </span>
    </p>
   </div>
   <div class='ocr_carea' id='block_1_70' title="bbox 938 1245 1728 1281">
    <p class='ocr_par' dir='ltr' id='par_1_70' title="bbox 938 1245 1728 1281">
     <span class='ocr_line' id='line_1_70' title="bbox 938 1245 1728 1281; baseline 0.001 -9"><span class='ocrx_word' id='word_1_508' title='bbox 938 1245 1039 1280; x_wconf 78' lang='lat' dir='ltr'><strong>alloqui</strong></span> <span class='ocrx_word' id='word_1_509' title='bbox 1061 1252 1161 1280; x_wconf 85' lang='lat' dir='ltr'><strong>posset,</strong></span> <span class='ocrx_word' id='word_1_510' title='bbox 1179 1253 1212 1274; x_wconf 90' lang='lat' dir='ltr'><strong>ac</strong></span> <span class='ocrx_word' id='word_1_511' title='bbox 1235 1246 1269 1274; x_wconf 91' lang='lat' dir='ltr'><strong>de</strong></span> <span class='ocrx_word' id='word_1_512' title='bbox 1285 1246 1339 1273; x_wconf 91' lang='lat' dir='ltr'><strong>vita</strong></span> <span class='ocrx_word' id='word_1_513' title='bbox 1351 1246 1379 1273; x_wconf 88' lang='lat' dir='ltr'><strong>in</strong></span> <span class='ocrx_word' id='word_1_514' title='bbox 1391 1254 1472 1274; x_wconf 87' lang='lat' dir='ltr'><strong>carne</strong></span> <span class='ocrx_word' id='word_1_515' title='bbox 1485 1247 1629 1281; x_wconf 84' lang='lat' dir='ltr'><strong>desperare</strong></span> <span class='ocrx_word' id='word_1_516' title='bbox 1641 1254 1671 1274; x_wconf 87' lang='lat' dir='ltr'><strong>se</strong></span> <span class='ocrx_word' id='word_1_517' title='bbox 1685 1247 1728 1274; x_wconf 93' lang='lat' dir='ltr'><strong>in-</strong></span> 
     </span>
    </p>
   </div>
   <div class='ocr_carea' id='block_1_71' title="bbox 940 1290 1727 1328">
    <p class='ocr_par' dir='ltr' id='par_1_71' title="bbox 940 1290 1727 1328">
     <span class='ocr_line' id='line_1_71' title="bbox 940 1290 1727 1328; baseline 0.004 -11"><span class='ocrx_word' id='word_1_518' title='bbox 940 1295 1045 1318; x_wconf 86' lang='lat' dir='ltr'><strong>nueret.</strong></span> <span class='ocrx_word' id='word_1_519' title='bbox 1063 1290 1133 1324; x_wconf 88' lang='lat' dir='ltr'><strong>Quid</strong></span> <span class='ocrx_word' id='word_1_520' title='bbox 1148 1295 1240 1326; x_wconf 86' lang='lat' dir='ltr'><strong>postea</strong></span> <span class='ocrx_word' id='word_1_521' title='bbox 1257 1291 1268 1318; x_wconf 81' lang='lat'><strong>&#39;.’</strong></span> <span class='ocrx_word' id='word_1_522' title='bbox 1283 1292 1328 1319; x_wconf 89' lang='lat' dir='ltr'><strong>die</strong></span> <span class='ocrx_word' id='word_1_523' title='bbox 1347 1293 1427 1320; x_wconf 90' lang='lat' dir='ltr'><strong>tertio</strong></span> <span class='ocrx_word' id='word_1_524' title='bbox 1441 1297 1467 1320; x_wconf 89' lang='lat' dir='ltr'><strong>et</strong></span> <span class='ocrx_word' id='word_1_525' title='bbox 1483 1293 1575 1328; x_wconf 83' lang='lat' dir='ltr'><strong>lingua</strong></span> <span class='ocrx_word' id='word_1_526' title='bbox 1598 1294 1727 1328; x_wconf 84' lang='lat' dir='ltr'><strong>impedita</strong></span> 
     </span>
    </p>
   </div>
   <div class='ocr_carea' id='block_1_72' title="bbox 940 1338 1763 1374">
    <p class='ocr_par' dir='ltr' id='par_1_72' title="bbox 940 1338 1763 1374">
     <span class='ocr_line' id='line_1_72' title="bbox 940 1338 1763 1374; baseline 0.006 -11"><span class='ocrx_word' id='word_1_527' title='bbox 940 1344 1064 1372; x_wconf 82' lang='lat' dir='ltr'><strong>prorsus,</strong></span> <span class='ocrx_word' id='word_1_528' title='bbox 1079 1345 1129 1365; x_wconf 90' lang='lat' dir='ltr'><strong>nec</strong></span> <span class='ocrx_word' id='word_1_529' title='bbox 1146 1338 1230 1365; x_wconf 87' lang='lat' dir='ltr'><strong>multo</strong></span> <span class='ocrx_word' id='word_1_530' title='bbox 1242 1342 1304 1374; x_wconf 85' lang='lat' dir='ltr'><strong>post</strong></span> <span class='ocrx_word' id='word_1_531' title='bbox 1317 1339 1416 1367; x_wconf 87' lang='lat' dir='ltr'><strong>acerba</strong></span> <span class='ocrx_word' id='word_1_532' title='bbox 1429 1347 1514 1367; x_wconf 88' lang='lat' dir='ltr'><strong>mors.</strong></span> <span class='ocrx_word' id='word_1_533' title='bbox 1530 1339 1581 1367; x_wconf 81' lang='lat' dir='ltr'><strong>Sed</strong></span> <span class='ocrx_word' id='word_1_534' title='bbox 1593 1341 1637 1368; x_wconf 84' lang='lat' dir='ltr'><strong>illa</strong></span> <span class='ocrx_word' id='word_1_535' title='bbox 1649 1341 1728 1368; x_wconf 86' lang='lat' dir='ltr'><strong>nobis</strong></span> <span class='ocrx_word' id='word_1_536' title='bbox 1761 1359 1763 1362; x_wconf 88' lang='lat'>-</span> 
     </span>
    </p>
   </div>
   <div class='ocr_carea' id='block_1_73' title="bbox 940 1381 1728 1419">
    <p class='ocr_par' dir='ltr' id='par_1_73' title="bbox 940 1381 1728 1419">
     <span class='ocr_line' id='line_1_73' title="bbox 940 1381 1728 1419; baseline 0.008 -11"><span class='ocrx_word' id='word_1_537' title='bbox 940 1381 1061 1416; x_wconf 83' lang='lat' dir='ltr'><strong>quidem,</strong></span> <span class='ocrx_word' id='word_1_538' title='bbox 1084 1382 1132 1417; x_wconf 89' lang='lat' dir='ltr'><strong>qui</strong></span> <span class='ocrx_word' id='word_1_539' title='bbox 1156 1388 1254 1410; x_wconf 86' lang='lat' dir='ltr'><strong>saneto</strong></span> <span class='ocrx_word' id='word_1_540' title='bbox 1277 1383 1336 1411; x_wconf 88' lang='lat' dir='ltr'><strong>viro</strong></span> <span class='ocrx_word' id='word_1_541' title='bbox 1365 1385 1464 1419; x_wconf 79' lang='lat' dir='ltr'><strong>privati</strong></span> <span class='ocrx_word' id='word_1_542' title='bbox 1493 1393 1599 1418; x_wconf 90' lang='lat' dir='ltr'><strong>sumus,</strong></span> <span class='ocrx_word' id='word_1_543' title='bbox 1629 1387 1728 1414; x_wconf 83' lang='lat' dir='ltr'><strong>acerba</strong></span> 
     </span>
    </p>
   </div>
   <div class='ocr_carea' id='block_1_74' title="bbox 939 1426 1726 1465">
    <p class='ocr_par' dir='ltr' id='par_1_74' title="bbox 939 1426 1726 1465">
     <span class='ocr_line' id='line_1_74' title="bbox 939 1426 1726 1465; baseline 0.006 -11"><span class='ocrx_word' id='word_1_544' title='bbox 939 1426 1046 1454; x_wconf 86' lang='lat' dir='ltr'><strong>dicatur</strong></span> <span class='ocrx_word' id='word_1_545' title='bbox 1060 1436 1069 1461; x_wconf 83' lang='lat'><strong>;</strong></span> <span class='ocrx_word' id='word_1_546' title='bbox 1098 1427 1135 1455; x_wconf 87' lang='lat' dir='ltr'><strong>illi</strong></span> <span class='ocrx_word' id='word_1_547' title='bbox 1160 1436 1225 1456; x_wconf 84' lang='lat' dir='ltr'><strong>vero</strong></span> <span class='ocrx_word' id='word_1_548' title='bbox 1239 1433 1266 1456; x_wconf 89' lang='lat' dir='ltr'><strong>et</strong></span> <span class='ocrx_word' id='word_1_549' title='bbox 1281 1430 1358 1457; x_wconf 81' lang='lat' dir='ltr'><strong>valde</strong></span> <span class='ocrx_word' id='word_1_550' title='bbox 1368 1430 1466 1463; x_wconf 87' lang='lat' dir='ltr'><strong>dulcis,</strong></span> <span class='ocrx_word' id='word_1_551' title='bbox 1480 1436 1508 1458; x_wconf 91' lang='lat' dir='ltr'><strong>ut</strong></span> <span class='ocrx_word' id='word_1_552' title='bbox 1522 1431 1726 1465; x_wconf 84' lang='lat' dir='ltr'><strong>dissolveretur,</strong></span> 
     </span>
    </p>
   </div>
   <div class='ocr_carea' id='block_1_75' title="bbox 940 1474 1728 1512">
    <p class='ocr_par' dir='ltr' id='par_1_75' title="bbox 940 1474 1728 1512">
     <span class='ocr_line' id='line_1_75' title="bbox 940 1474 1728 1512; baseline 0.008 -13"><span class='ocrx_word' id='word_1_553' title='bbox 940 1477 966 1499; x_wconf 89' lang='lat' dir='ltr'><strong>et</strong></span> <span class='ocrx_word' id='word_1_554' title='bbox 982 1477 1055 1500; x_wconf 85' lang='lat' dir='ltr'><strong>esset</strong></span> <span class='ocrx_word' id='word_1_555' title='bbox 1065 1481 1125 1501; x_wconf 91' lang='lat' dir='ltr'><strong>eum</strong></span> <span class='ocrx_word' id='word_1_556' title='bbox 1141 1474 1252 1503; x_wconf 85' lang='lat' dir='ltr'><strong>Christo</strong></span> <span class='ocrx_word' id='word_1_557' title='bbox 1264 1483 1274 1508; x_wconf 86' lang='lat'><strong><em>;</em></strong></span> <span class='ocrx_word' id='word_1_558' title='bbox 1285 1483 1340 1510; x_wconf 89' lang='lat' dir='ltr'><strong>quo</strong></span> <span class='ocrx_word' id='word_1_559' title='bbox 1353 1477 1418 1511; x_wconf 89' lang='lat' dir='ltr'><strong>quid</strong></span> <span class='ocrx_word' id='word_1_560' title='bbox 1435 1484 1495 1504; x_wconf 85' lang='lat' dir='ltr'><strong>esse</strong></span> <span class='ocrx_word' id='word_1_561' title='bbox 1507 1483 1589 1512; x_wconf 89' lang='lat' dir='ltr'><strong>queat</strong></span> <span class='ocrx_word' id='word_1_562' title='bbox 1601 1478 1728 1506; x_wconf 77' lang='lat' dir='ltr'><strong>beatius?</strong></span> 
     </span>
    </p>
   </div>
   <div class='ocr_carea' id='block_1_76' title="bbox 940 1517 1727 1557">
    <p class='ocr_par' dir='ltr' id='par_1_76' title="bbox 940 1517 1727 1557">
     <span class='ocr_line' id='line_1_76' title="bbox 940 1517 1727 1557; baseline 0.01 -12"><span class='ocrx_word' id='word_1_563' title='bbox 940 1517 1124 1556; x_wconf 71' lang='lat' dir='ltr'><strong>Jacebatergo</strong></span> <span class='ocrx_word' id='word_1_564' title='bbox 1137 1521 1178 1548; x_wconf 92' lang='lat' dir='ltr'><strong>vir</strong></span> <span class='ocrx_word' id='word_1_565' title='bbox 1192 1522 1288 1550; x_wconf 84' lang='lat' dir='ltr'><strong>beatus</strong></span> <span class='ocrx_word' id='word_1_566' title='bbox 1300 1523 1308 1557; x_wconf 94' lang='lat'><strong>(</strong></span> <span class='ocrx_word' id='word_1_567' title='bbox 1323 1522 1423 1550; x_wconf 91' lang='lat' dir='ltr'><strong>bonum</strong></span> <span class='ocrx_word' id='word_1_568' title='bbox 1436 1523 1508 1552; x_wconf 92' lang='lat' dir='ltr'><strong>enim</strong></span> <span class='ocrx_word' id='word_1_569' title='bbox 1522 1529 1564 1551; x_wconf 90' lang='lat' dir='ltr'><strong>est</strong></span> <span class='ocrx_word' id='word_1_570' title='bbox 1576 1524 1627 1552; x_wconf 91' lang='lat' dir='ltr'><strong>hoc</strong></span> <span class='ocrx_word' id='word_1_571' title='bbox 1644 1525 1727 1553; x_wconf 87' lang='lat' dir='ltr'><strong>etiam</strong></span> 
     </span>
    </p>
   </div>
   <div class='ocr_carea' id='block_1_77' title="bbox 940 1565 1728 1606">
    <p class='ocr_par' dir='ltr' id='par_1_77' title="bbox 940 1565 1728 1606">
     <span class='ocr_line' id='line_1_77' title="bbox 940 1565 1728 1606; baseline 0.009 -14"><span class='ocrx_word' id='word_1_572' title='bbox 940 1565 1092 1601; x_wconf 75' lang='lat' dir='ltr'><strong>designare,</strong></span> <span class='ocrx_word' id='word_1_573' title='bbox 1109 1571 1237 1603; x_wconf 87' lang='lat' dir='ltr'><strong>tanquam</strong></span> <span class='ocrx_word' id='word_1_574' title='bbox 1261 1569 1420 1597; x_wconf 85' lang='lat' dir='ltr'><strong>inusitatum</strong></span> <span class='ocrx_word' id='word_1_575' title='bbox 1435 1571 1570 1604; x_wconf 86' lang='lat' dir='ltr'><strong>quoddam</strong></span> <span class='ocrx_word' id='word_1_576' title='bbox 1584 1576 1728 1606; x_wconf 84' lang='lat' dir='ltr'><strong>spectacu-</strong></span> 
     </span>
    </p>
   </div>
   <div class='ocr_carea' id='block_1_78' title="bbox 943 1612 1726 1652">
    <p class='ocr_par' dir='ltr' id='par_1_78' title="bbox 943 1612 1726 1652">
     <span class='ocr_line' id='line_1_78' title="bbox 943 1612 1726 1652; baseline 0.008 -14"><span class='ocrx_word' id='word_1_577' title='bbox 943 1612 1024 1648; x_wconf 85' lang='lat' dir='ltr'><strong>lum),</strong></span> <span class='ocrx_word' id='word_1_578' title='bbox 1034 1614 1207 1642; x_wconf 77' lang='lat' dir='ltr'><strong>venerandus</strong></span> <span class='ocrx_word' id='word_1_579' title='bbox 1219 1621 1342 1650; x_wconf 73' lang='lat' dir='ltr'><strong>aspectu,</strong></span> <span class='ocrx_word' id='word_1_580' title='bbox 1357 1616 1444 1651; x_wconf 70' lang='lat' dir='ltr'><strong>angeli</strong></span> <span class='ocrx_word' id='word_1_581' title='bbox 1458 1617 1578 1644; x_wconf 88' lang='lat' dir='ltr'><strong>referens</strong></span> <span class='ocrx_word' id='word_1_582' title='bbox 1590 1618 1706 1652; x_wconf 85' lang='lat' dir='ltr'><strong>speciem</strong></span> <span class='ocrx_word' id='word_1_583' title='bbox 1717 1638 1726 1651; x_wconf 87' lang='lat'><strong>,</strong></span> 
     </span>
    </p>
   </div>
   <div class='ocr_carea' id='block_1_79' title="bbox 943 1657 1727 1695">
    <p class='ocr_par' dir='ltr' id='par_1_79' title="bbox 943 1657 1727 1695">
     <span class='ocr_line' id='line_1_79' title="bbox 943 1657 1727 1695; baseline 0.009 -12"><span class='ocrx_word' id='word_1_584' title='bbox 943 1664 1005 1684; x_wconf 90' lang='lat' dir='ltr'><strong>cum</strong></span> <span class='ocrx_word' id='word_1_585' title='bbox 1019 1657 1051 1684; x_wconf 86' lang='lat' dir='ltr'><strong>ad</strong></span> <span class='ocrx_word' id='word_1_586' title='bbox 1070 1657 1213 1686; x_wconf 86' lang='lat' dir='ltr'><strong>Dominum</strong></span> <span class='ocrx_word' id='word_1_587' title='bbox 1234 1660 1410 1695; x_wconf 80' lang='lat' dir='ltr'><strong>proﬁciscens</strong></span> <span class='ocrx_word' id='word_1_588' title='bbox 1424 1661 1527 1694; x_wconf 87' lang='lat' dir='ltr'><strong>anima,</strong></span> <span class='ocrx_word' id='word_1_589' title='bbox 1551 1662 1617 1690; x_wconf 85' lang='lat' dir='ltr'><strong>solis</strong></span> <span class='ocrx_word' id='word_1_590' title='bbox 1629 1662 1727 1695; x_wconf 86' lang='lat' dir='ltr'><strong>instar,</strong></span> 
     </span>
    </p>
   </div>
   <div class='ocr_carea' id='block_1_80' title="bbox 943 1703 1728 1741">
    <p class='ocr_par' dir='ltr' id='par_1_80' title="bbox 943 1703 1728 1741">
     <span class='ocr_line' id='line_1_80' title="bbox 943 1703 1728 1741; baseline 0.006 -11"><span class='ocrx_word' id='word_1_591' title='bbox 943 1703 1081 1731; x_wconf 80' lang='lat' dir='ltr'><strong>radiantes</strong></span> <span class='ocrx_word' id='word_1_592' title='bbox 1112 1710 1190 1733; x_wconf 91' lang='lat' dir='ltr'><strong>notas</strong></span> <span class='ocrx_word' id='word_1_593' title='bbox 1221 1706 1352 1740; x_wconf 85' lang='lat' dir='ltr'><strong>quasdam</strong></span> <span class='ocrx_word' id='word_1_594' title='bbox 1384 1706 1571 1741; x_wconf 85' lang='lat' dir='ltr'><strong>impressisset</strong></span> <span class='ocrx_word' id='word_1_595' title='bbox 1594 1708 1621 1735; x_wconf 92' lang='lat' dir='ltr'><strong>in</strong></span> <span class='ocrx_word' id='word_1_596' title='bbox 1649 1715 1728 1736; x_wconf 88' lang='lat' dir='ltr'><strong>sacro</strong></span> 
     </span>
    </p>
   </div>
   <div class='ocr_carea' id='block_1_81' title="bbox 944 1753 1727 1787">
    <p class='ocr_par' dir='ltr' id='par_1_81' title="bbox 944 1753 1727 1787">
     <span class='ocr_line' id='line_1_81' title="bbox 944 1753 1727 1787; baseline 0.006 -11"><span class='ocrx_word' id='word_1_597' title='bbox 944 1757 1067 1784; x_wconf 84' lang='lat' dir='ltr'><strong>corpore,</strong></span> <span class='ocrx_word' id='word_1_598' title='bbox 1084 1758 1146 1778; x_wconf 88' lang='lat' dir='ltr'><strong>cum</strong></span> <span class='ocrx_word' id='word_1_599' title='bbox 1159 1759 1213 1786; x_wconf 90' lang='lat' dir='ltr'><strong>quo</strong></span> <span class='ocrx_word' id='word_1_600' title='bbox 1226 1756 1253 1779; x_wconf 90' lang='lat' dir='ltr'><strong>et</strong></span> <span class='ocrx_word' id='word_1_601' title='bbox 1269 1753 1295 1779; x_wconf 92' lang='lat' dir='ltr'><strong>in</strong></span> <span class='ocrx_word' id='word_1_602' title='bbox 1312 1760 1369 1787; x_wconf 81' lang='lat' dir='ltr'><strong>quo</strong></span> <span class='ocrx_word' id='word_1_603' title='bbox 1386 1759 1508 1780; x_wconf 81' lang='lat' dir='ltr'><strong>sanctam</strong></span> <span class='ocrx_word' id='word_1_604' title='bbox 1527 1754 1650 1781; x_wconf 88' lang='lat' dir='ltr'><strong>coluerat</strong></span> <span class='ocrx_word' id='word_1_605' title='bbox 1666 1754 1727 1782; x_wconf 77' lang='lat' dir='ltr'><strong>Tri—</strong></span> 
     </span>
    </p>
   </div>
   <div class='ocr_carea' id='block_1_82' title="bbox 944 1795 1727 1827">
    <p class='ocr_par' dir='ltr' id='par_1_82' title="bbox 944 1795 1727 1827">
     <span class='ocr_line' id='line_1_82' title="bbox 944 1795 1727 1827; baseline 0.008 -6"><span class='ocrx_word' id='word_1_606' title='bbox 944 1795 1067 1823; x_wconf 87' lang='lat' dir='ltr'><strong>nitatem.</strong></span> <span class='ocrx_word' id='word_1_607' title='bbox 1099 1795 1217 1824; x_wconf 80' lang='lat' dir='ltr'><strong>Coactus</strong></span> <span class='ocrx_word' id='word_1_608' title='bbox 1242 1802 1285 1824; x_wconf 87' lang='lat' dir='ltr'><strong>est</strong></span> <span class='ocrx_word' id='word_1_609' title='bbox 1313 1798 1386 1825; x_wconf 88' lang='lat' dir='ltr'><strong>illico</strong></span> <span class='ocrx_word' id='word_1_610' title='bbox 1410 1803 1498 1826; x_wconf 62' lang='lat' dir='ltr'><strong>cactus</strong></span> <span class='ocrx_word' id='word_1_611' title='bbox 1530 1800 1727 1827; x_wconf 83' lang='lat' dir='ltr'><strong>monachorum</strong></span> 
     </span>
    </p>
   </div>
   <div class='ocr_carea' id='block_1_83' title="bbox 944 1841 1728 1877">
    <p class='ocr_par' dir='ltr' id='par_1_83' title="bbox 944 1841 1728 1877">
     <span class='ocr_line' id='line_1_83' title="bbox 944 1841 1728 1877; baseline 0.006 -10"><span class='ocrx_word' id='word_1_612' title='bbox 944 1841 1171 1876; x_wconf 60' lang='lat' dir='ltr'><strong>saeculariumque</strong></span> <span class='ocrx_word' id='word_1_613' title='bbox 1186 1850 1267 1877; x_wconf 87' lang='lat' dir='ltr'><strong>quam</strong></span> <span class='ocrx_word' id='word_1_614' title='bbox 1280 1844 1416 1871; x_wconf 80' lang='lat' dir='ltr'><strong>maximus</strong></span> <span class='ocrx_word' id='word_1_615' title='bbox 1432 1853 1440 1877; x_wconf 86' lang='lat'>;</span> <span class='ocrx_word' id='word_1_616' title='bbox 1458 1844 1640 1873; x_wconf 82' lang='lat' dir='ltr'><strong>circumfusus</strong></span> <span class='ocrx_word' id='word_1_617' title='bbox 1653 1846 1728 1872; x_wconf 93' lang='lat' dir='ltr'><strong>illum</strong></span> 
     </span>
    </p>
   </div>
   <div class='ocr_carea' id='block_1_84' title="bbox 947 1887 1729 1926">
    <p class='ocr_par' dir='ltr' id='par_1_84' title="bbox 947 1887 1729 1926">
     <span class='ocr_line' id='line_1_84' title="bbox 947 1887 1729 1926; baseline 0.009 -15"><span class='ocrx_word' id='word_1_618' title='bbox 947 1889 1073 1919; x_wconf 85' lang='lat' dir='ltr'><strong>tanquam</strong></span> <span class='ocrx_word' id='word_1_619' title='bbox 1091 1893 1199 1913; x_wconf 90' lang='lat' dir='ltr'><strong>sacrum</strong></span> <span class='ocrx_word' id='word_1_620' title='bbox 1218 1887 1316 1921; x_wconf 80' lang='lat' dir='ltr'><strong>pignus</strong></span> <span class='ocrx_word' id='word_1_621' title='bbox 1331 1888 1486 1916; x_wconf 87' lang='lat' dir='ltr'><strong>intuebatur</strong></span> <span class='ocrx_word' id='word_1_622' title='bbox 1503 1898 1510 1922; x_wconf 85' lang='lat'><strong><em>;</em></strong></span> <span class='ocrx_word' id='word_1_623' title='bbox 1531 1889 1583 1921; x_wconf 86' lang='lat' dir='ltr'><strong>vel,</strong></span> <span class='ocrx_word' id='word_1_624' title='bbox 1600 1895 1630 1917; x_wconf 91' lang='lat' dir='ltr'><strong>ut</strong></span> <span class='ocrx_word' id='word_1_625' title='bbox 1643 1891 1729 1926; x_wconf 76' lang='lat' dir='ltr'><strong>magis</strong></span> 
     </span>
    </p>
   </div>
   <div class='ocr_carea' id='block_1_85' title="bbox 944 1931 1730 1972">
    <p class='ocr_par' dir='ltr' id='par_1_85' title="bbox 944 1931 1730 1972">
     <span class='ocr_line' id='line_1_85' title="bbox 944 1931 1730 1972; baseline 0.01 -16"><span class='ocrx_word' id='word_1_626' title='bbox 944 1931 1053 1965; x_wconf 79' lang='lat' dir='ltr'><strong>proprie</strong></span> <span class='ocrx_word' id='word_1_627' title='bbox 1079 1931 1179 1965; x_wconf 88' lang='lat' dir='ltr'><strong>dicam,</strong></span> <span class='ocrx_word' id='word_1_628' title='bbox 1202 1937 1330 1968; x_wconf 87' lang='lat' dir='ltr'><strong>tanquam</strong></span> <span class='ocrx_word' id='word_1_629' title='bbox 1354 1934 1512 1968; x_wconf 80' lang='lat' dir='ltr'><strong>spirantem,</strong></span> <span class='ocrx_word' id='word_1_630' title='bbox 1538 1940 1566 1962; x_wconf 88' lang='lat' dir='ltr'><strong>et</strong></span> <span class='ocrx_word' id='word_1_631' title='bbox 1589 1936 1636 1971; x_wconf 90' lang='lat' dir='ltr'><strong>qui</strong></span> <span class='ocrx_word' id='word_1_632' title='bbox 1655 1937 1730 1972; x_wconf 91' lang='lat' dir='ltr'><strong>loqui</strong></span> 
     </span>
    </p>
   </div>
   <div class='ocr_carea' id='block_1_86' title="bbox 945 1976 1730 2018">
    <p class='ocr_par' dir='ltr' id='par_1_86' title="bbox 945 1976 1730 2018">
     <span class='ocr_line' id='line_1_86' title="bbox 945 1976 1730 2018; baseline 0.01 -15"><span class='ocrx_word' id='word_1_633' title='bbox 945 1981 1046 2012; x_wconf 86' lang='lat' dir='ltr'><strong>posset.</strong></span> <span class='ocrx_word' id='word_1_634' title='bbox 1064 1976 1260 2006; x_wconf 82' lang='lat' dir='ltr'><strong>Fundebantur</strong></span> <span class='ocrx_word' id='word_1_635' title='bbox 1271 1979 1396 2015; x_wconf 68' lang='lat' dir='ltr'><strong>lacrymze</strong></span> <span class='ocrx_word' id='word_1_636' title='bbox 1412 1982 1446 2008; x_wconf 89' lang='lat' dir='ltr'><strong>ab</strong></span> <span class='ocrx_word' id='word_1_637' title='bbox 1462 1982 1602 2010; x_wconf 86' lang='lat' dir='ltr'><strong>honoratis</strong></span> <span class='ocrx_word' id='word_1_638' title='bbox 1619 1984 1730 2018; x_wconf 86' lang='lat' dir='ltr'><strong>quidem</strong></span> 
     </span>
    </p>
   </div>
   <div class='ocr_carea' id='block_1_87' title="bbox 945 2022 1729 2062">
    <p class='ocr_par' dir='ltr' id='par_1_87' title="bbox 945 2022 1729 2062">
     <span class='ocr_line' id='line_1_87' title="bbox 945 2022 1729 2062; baseline 0.01 -14"><span class='ocrx_word' id='word_1_639' title='bbox 945 2022 1010 2049; x_wconf 85' lang='lat' dir='ltr'><strong>viris</strong></span> <span class='ocrx_word' id='word_1_640' title='bbox 1023 2023 1081 2050; x_wconf 86' lang='lat' dir='ltr'><strong>sine</strong></span> <span class='ocrx_word' id='word_1_641' title='bbox 1096 2024 1210 2058; x_wconf 86' lang='lat' dir='ltr'><strong>strepitu</strong></span> <span class='ocrx_word' id='word_1_642' title='bbox 1222 2044 1230 2057; x_wconf 87' lang='lat'><strong>,</strong></span> <span class='ocrx_word' id='word_1_643' title='bbox 1252 2031 1267 2051; x_wconf 92' lang='lat' dir='ltr'><strong>a</strong></span> <span class='ocrx_word' id='word_1_644' title='bbox 1290 2025 1376 2052; x_wconf 66' lang='lat' dir='ltr'><strong>servis</strong></span> <span class='ocrx_word' id='word_1_645' title='bbox 1393 2032 1482 2053; x_wconf 85' lang='lat' dir='ltr'><strong>autem</strong></span> <span class='ocrx_word' id='word_1_646' title='bbox 1502 2028 1594 2054; x_wconf 87' lang='lat' dir='ltr'><strong>sonitu</strong></span> <span class='ocrx_word' id='word_1_647' title='bbox 1616 2029 1729 2062; x_wconf 88' lang='lat' dir='ltr'><strong>majore.</strong></span> 
     </span>
    </p>
   </div>
   <div class='ocr_carea' id='block_1_88' title="bbox 947 2068 1731 2106">
    <p class='ocr_par' dir='ltr' id='par_1_88' title="bbox 947 2068 1731 2106">
     <span class='ocr_line' id='line_1_88' title="bbox 947 2068 1731 2106; baseline 0.008 -11"><span class='ocrx_word' id='word_1_648' title='bbox 947 2068 992 2096; x_wconf 85' lang='lat' dir='ltr'><strong>Sic</strong></span> <span class='ocrx_word' id='word_1_649' title='bbox 1010 2076 1074 2103; x_wconf 78' lang='lat' dir='ltr'><strong>ergo</strong></span> <span class='ocrx_word' id='word_1_650' title='bbox 1098 2076 1161 2096; x_wconf 92' lang='lat' dir='ltr'><strong>cum</strong></span> <span class='ocrx_word' id='word_1_651' title='bbox 1184 2070 1344 2104; x_wconf 87' lang='lat' dir='ltr'><strong>psalmodiis</strong></span> <span class='ocrx_word' id='word_1_652' title='bbox 1361 2072 1574 2106; x_wconf 78' lang='lat' dir='ltr'><strong>congruentibus</strong></span> <span class='ocrx_word' id='word_1_653' title='bbox 1587 2077 1615 2100; x_wconf 86' lang='lat' dir='ltr'><strong>et</strong></span> <span class='ocrx_word' id='word_1_654' title='bbox 1634 2073 1731 2101; x_wconf 77' lang='lat' dir='ltr'><strong>faustis</strong></span> 
     </span>
    </p>
   </div>
   <div class='ocr_carea' id='block_1_89' title="bbox 945 2116 1732 2152">
    <p class='ocr_par' dir='ltr' id='par_1_89' title="bbox 945 2116 1732 2152">
     <span class='ocr_line' id='line_1_89' title="bbox 945 2116 1732 2152; baseline 0.008 -11"><span class='ocrx_word' id='word_1_655' title='bbox 945 2116 1134 2150; x_wconf 84' lang='lat' dir='ltr'><strong>episcoporum</strong></span> <span class='ocrx_word' id='word_1_656' title='bbox 1158 2116 1395 2150; x_wconf 85' lang='lat' dir='ltr'><strong>apprecationibus</strong></span> <span class='ocrx_word' id='word_1_657' title='bbox 1417 2118 1563 2152; x_wconf 65' lang='lat' dir='ltr'><strong>sepulturae</strong></span> <span class='ocrx_word' id='word_1_658' title='bbox 1586 2120 1732 2148; x_wconf 84' lang='lat' dir='ltr'><strong>mandatus</strong></span> 
     </span>
    </p>
   </div>
   <div class='ocr_carea' id='block_1_90' title="bbox 945 2162 1732 2195">
    <p class='ocr_par' dir='ltr' id='par_1_90' title="bbox 945 2162 1732 2195">
     <span class='ocr_line' id='line_1_90' title="bbox 945 2162 1732 2195; baseline 0.008 -7"><span class='ocrx_word' id='word_1_659' title='bbox 945 2166 1033 2189; x_wconf 86' lang='lat' dir='ltr'><strong>esteo</strong></span> <span class='ocrx_word' id='word_1_660' title='bbox 1049 2162 1076 2189; x_wconf 93' lang='lat' dir='ltr'><strong>in</strong></span> <span class='ocrx_word' id='word_1_661' title='bbox 1092 2162 1163 2194; x_wconf 89' lang='lat' dir='ltr'><strong>loco,</strong></span> <span class='ocrx_word' id='word_1_662' title='bbox 1179 2162 1225 2189; x_wconf 89' lang='lat' dir='ltr'><strong>ubi</strong></span> <span class='ocrx_word' id='word_1_663' title='bbox 1239 2163 1279 2189; x_wconf 91' lang='lat' dir='ltr'><strong>vir</strong></span> <span class='ocrx_word' id='word_1_664' title='bbox 1294 2163 1390 2190; x_wconf 87' lang='lat' dir='ltr'><strong>beatus</strong></span> <span class='ocrx_word' id='word_1_665' title='bbox 1411 2172 1489 2192; x_wconf 79' lang='lat' dir='ltr'><strong>sacra</strong></span> <span class='ocrx_word' id='word_1_666' title='bbox 1506 2165 1621 2193; x_wconf 89' lang='lat' dir='ltr'><strong>Domino</strong></span> <span class='ocrx_word' id='word_1_667' title='bbox 1642 2166 1732 2195; x_wconf 81' lang='lat' dir='ltr'><strong>facere</strong></span> 
     </span>
    </p>
   </div>
   <div class='ocr_carea' id='block_1_91' title="bbox 946 2208 1732 2245">
    <p class='ocr_par' dir='ltr' id='par_1_91' title="bbox 946 2208 1732 2245">
     <span class='ocr_line' id='line_1_91' title="bbox 946 2208 1732 2245; baseline 0.006 -11"><span class='ocrx_word' id='word_1_668' title='bbox 946 2213 1125 2235; x_wconf 82' lang='lat' dir='ltr'><strong>consueverat</strong></span> <span class='ocrx_word' id='word_1_669' title='bbox 1137 2217 1144 2235; x_wconf 87' lang='lat'>:</span> <span class='ocrx_word' id='word_1_670' title='bbox 1160 2208 1354 2244; x_wconf 89' lang='lat' dir='ltr'><strong>appositosque</strong></span> <span class='ocrx_word' id='word_1_671' title='bbox 1367 2215 1409 2237; x_wconf 90' lang='lat' dir='ltr'><strong>est</strong></span> <span class='ocrx_word' id='word_1_672' title='bbox 1419 2211 1499 2238; x_wconf 71' lang='lat' dir='ltr'><strong>Pavor</strong></span> <span class='ocrx_word' id='word_1_673' title='bbox 1516 2211 1651 2245; x_wconf 90' lang='lat' dir='ltr'><strong>Patribus,</strong></span> <span class='ocrx_word' id='word_1_674' title='bbox 1664 2221 1732 2239; x_wconf 87' lang='lat' dir='ltr'><strong>con-</strong></span> 
     </span>
    </p>
   </div>
   <div class='ocr_carea' id='block_1_92' title="bbox 99 2251 889 2292">
    <p class='ocr_par' dir='ltr' id='par_1_92' title="bbox 99 2251 889 2289">
     <span class='ocr_line' id='line_1_92' title="bbox 99 2251 889 2289; baseline 0.004 -11"><span class='ocrx_word' id='word_1_675' title='bbox 99 2253 118 2278; x_wconf 82' lang='grc' dir='ltr'>ὀ</span> <span class='ocrx_word' id='word_1_676' title='bbox 132 2251 295 2282; x_wconf 77' lang='grc' dir='ltr'>διδασκαλος</span> <span class='ocrx_word' id='word_1_677' title='bbox 311 2252 366 2283; x_wconf 83' lang='grc' dir='ltr'>τοῖς</span> <span class='ocrx_word' id='word_1_678' title='bbox 382 2252 561 2284; x_wconf 85' lang='grc' dir='ltr'>διδασκάλοις,</span> <span class='ocrx_word' id='word_1_679' title='bbox 575 2254 589 2280; x_wconf 90' lang='lat'><strong>6</strong></span> <span class='ocrx_word' id='word_1_680' title='bbox 603 2253 746 2289; x_wconf 84' lang='grc' dir='ltr'>ὑποφήτης</span> <span class='ocrx_word' id='word_1_681' title='bbox 759 2255 816 2286; x_wconf 85' lang='grc' dir='ltr'>τοῖς</span> <span class='ocrx_word' id='word_1_682' title='bbox 829 2255 889 2281; x_wconf 83' lang='grc' dir='ltr'>ὑπο-</span> 
     </span>
    </p>
   </div>
   <div class='ocr_carea' id='block_1_93' title="bbox 941 2251 1731 2292">
    <p class='ocr_par' dir='ltr' id='par_1_93' title="bbox 946 2253 1731 2292">
     <span class='ocr_line' id='line_1_93' title="bbox 946 2253 1731 2292; baseline 0.005 -11"><span class='ocrx_word' id='word_1_683' title='bbox 946 2255 1032 2281; x_wconf 86' lang='lat' dir='ltr'><strong>fcssor</strong></span> <span class='ocrx_word' id='word_1_684' title='bbox 1048 2253 1262 2287; x_wconf 86' lang='lat' dir='ltr'><strong>confessoribus,</strong></span> <span class='ocrx_word' id='word_1_685' title='bbox 1284 2256 1414 2291; x_wconf 73' lang='lat' dir='ltr'><strong>magister</strong></span> <span class='ocrx_word' id='word_1_686' title='bbox 1429 2257 1577 2292; x_wconf 82' lang='lat' dir='ltr'><strong>magistris,</strong></span> <span class='ocrx_word' id='word_1_687' title='bbox 1598 2258 1731 2292; x_wconf 83' lang='lat' dir='ltr'><strong>interpres</strong></span> 
     </span>
    </p>
   </div>
   <div class='ocr_carea' id='block_1_94' title="bbox 101 2297 895 2336">
    <p class='ocr_par' dir='ltr' id='par_1_94' title="bbox 101 2297 895 2336">
     <span class='ocr_line' id='line_1_94' title="bbox 101 2297 895 2336; baseline 0.006 -14"><span class='ocrx_word' id='word_1_688' title='bbox 101 2299 220 2332; x_wconf 69' lang='grc' dir='ltr'>φήταις·</span> <span class='ocrx_word' id='word_1_689' title='bbox 247 2297 432 2333; x_wconf 80' lang='grc' dir='ltr'>προσθείημεν</span> <span class='ocrx_word' id='word_1_690' title='bbox 448 2298 472 2324; x_wconf 80' lang='grc' dir='ltr'>δ’</span> <span class='ocrx_word' id='word_1_691' title='bbox 488 2298 521 2325; x_wconf 82' lang='grc' dir='ltr'>ἂν</span> <span class='ocrx_word' id='word_1_692' title='bbox 540 2299 587 2325; x_wconf 77' lang='grc' dir='ltr'>καὶ</span> <span class='ocrx_word' id='word_1_693' title='bbox 602 2299 699 2326; x_wconf 85' lang='grc' dir='ltr'>ταῦτα·</span> <span class='ocrx_word' id='word_1_694' title='bbox 720 2300 734 2326; x_wconf 86' lang='lat'><strong>6</strong></span> <span class='ocrx_word' id='word_1_695' title='bbox 759 2300 895 2336; x_wconf 71' lang='grc' dir='ltr'>ἐγκρατὴς</span> 
     </span>
    </p>
   </div>
   <div class='ocr_carea' id='block_1_95' title="bbox 100 2344 896 2380">
    <p class='ocr_par' dir='ltr' id='par_1_95' title="bbox 100 2344 896 2380">
     <span class='ocr_line' id='line_1_95' title="bbox 100 2344 896 2380; baseline 0.005 -11"><span class='ocrx_word' id='word_1_696' title='bbox 100 2345 166 2375; x_wconf 78' lang='grc' dir='ltr'>τοῖς</span> <span class='ocrx_word' id='word_1_697' title='bbox 184 2344 359 2378; x_wconf 80' lang='grc' dir='ltr'>ὲγκρατέσιν,</span> <span class='ocrx_word' id='word_1_698' title='bbox 376 2345 390 2371; x_wconf 88' lang='lat'><strong>6</strong></span> <span class='ocrx_word' id='word_1_699' title='bbox 402 2344 480 2378; x_wconf 77' lang='grc' dir='ltr'>ἁγνὸς</span> <span class='ocrx_word' id='word_1_700' title='bbox 491 2345 548 2376; x_wconf 87' lang='grc' dir='ltr'>τοῖς</span> <span class='ocrx_word' id='word_1_701' title='bbox 562 2345 711 2380; x_wconf 80' lang='grc' dir='ltr'>φιλάγνοις,</span> <span class='ocrx_word' id='word_1_702' title='bbox 728 2346 742 2372; x_wconf 87' lang='grc' dir='ltr'><strong>ό</strong></span> <span class='ocrx_word' id='word_1_703' title='bbox 759 2346 896 2380; x_wconf 81' lang='grc' dir='ltr'>φιλόξενος</span> 
     </span>
    </p>
   </div>
   <div class='ocr_carea' id='block_1_96' title="bbox 99 2388 895 2427">
    <p class='ocr_par' dir='ltr' id='par_1_96' title="bbox 99 2388 895 2427">
     <span class='ocr_line' id='line_1_96' title="bbox 99 2388 895 2427; baseline 0.006 -13"><span class='ocrx_word' id='word_1_704' title='bbox 99 2391 165 2420; x_wconf 74' lang='grc' dir='ltr'>τοῖς</span> <span class='ocrx_word' id='word_1_705' title='bbox 189 2388 356 2423; x_wconf 79' lang='grc' dir='ltr'>φιλοξένοις,</span> <span class='ocrx_word' id='word_1_706' title='bbox 381 2389 396 2416; x_wconf 88' lang='lat'><strong>6</strong></span> <span class='ocrx_word' id='word_1_707' title='bbox 423 2390 533 2424; x_wconf 84' lang='grc' dir='ltr'>μέτριος</span> <span class='ocrx_word' id='word_1_708' title='bbox 561 2391 617 2420; x_wconf 79' lang='grc' dir='ltr'>τοῖς</span> <span class='ocrx_word' id='word_1_709' title='bbox 643 2392 851 2427; x_wconf 73' lang='grc' dir='ltr'>μετριόφροσιψ</span> <span class='ocrx_word' id='word_1_710' title='bbox 881 2393 895 2419; x_wconf 90' lang='lat'><strong>6</strong></span> 
     </span>
    </p>
   </div>
   <div class='ocr_carea' id='block_1_97' title="bbox 101 2433 895 2470">
    <p class='ocr_par' dir='ltr' id='par_1_97' title="bbox 101 2433 895 2470">
     <span class='ocr_line' id='line_1_97' title="bbox 101 2433 895 2470; baseline 0.005 -9"><span class='ocrx_word' id='word_1_711' title='bbox 101 2436 200 2462; x_wconf 73' lang='grc' dir='ltr'>πάντα</span> <span class='ocrx_word' id='word_1_712' title='bbox 218 2436 273 2466; x_wconf 79' lang='grc' dir='ltr'>τοῖς</span> <span class='ocrx_word' id='word_1_713' title='bbox 292 2436 375 2462; x_wconf 81' lang='grc' dir='ltr'>πᾶσιν</span> <span class='ocrx_word' id='word_1_714' title='bbox 391 2433 420 2462; x_wconf 84' lang='grc' dir='ltr'>εὖ</span> <span class='ocrx_word' id='word_1_715' title='bbox 436 2435 565 2470; x_wconf 81' lang='grc' dir='ltr'>γεγονὼς,</span> <span class='ocrx_word' id='word_1_716' title='bbox 578 2437 639 2464; x_wconf 87' lang='grc' dir='ltr'>καθ’</span> <span class='ocrx_word' id='word_1_717' title='bbox 650 2438 711 2464; x_wconf 84' lang='grc' dir='ltr'>ὅσον</span> <span class='ocrx_word' id='word_1_718' title='bbox 725 2435 780 2465; x_wconf 82' lang='grc' dir='ltr'>οἷόν</span> <span class='ocrx_word' id='word_1_719' title='bbox 795 2446 835 2470; x_wconf 85' lang='grc' dir='ltr'><strong>τε,</strong></span> <span class='ocrx_word' id='word_1_720' title='bbox 852 2439 895 2465; x_wconf 83' lang='grc' dir='ltr'>ἵνα</span> 
     </span>
    </p>
   </div>
   <div class='ocr_carea' id='block_1_98' title="bbox 99 2481 895 2520">
    <p class='ocr_par' dir='ltr' id='par_1_98' title="bbox 99 2481 895 2520">
     <span class='ocr_line' id='line_1_98' title="bbox 99 2481 895 2520; baseline 0.004 -12"><span class='ocrx_word' id='word_1_721' title='bbox 99 2483 172 2513; x_wconf 71' lang='grc' dir='ltr'>τοὺς</span> <span class='ocrx_word' id='word_1_722' title='bbox 187 2481 307 2513; x_wconf 80' lang='grc' dir='ltr'>πάντας,</span> <span class='ocrx_word' id='word_1_723' title='bbox 322 2481 339 2516; x_wconf 84' lang='grc' dir='ltr'>ἢ</span> <span class='ocrx_word' id='word_1_724' title='bbox 364 2481 426 2513; x_wconf 84' lang='grc' dir='ltr'>τοὺς</span> <span class='ocrx_word' id='word_1_725' title='bbox 451 2482 577 2514; x_wconf 82' lang='grc' dir='ltr'>πλείονας</span> <span class='ocrx_word' id='word_1_726' title='bbox 602 2484 731 2520; x_wconf 81' lang='grc' dir='ltr'>κερδήσῃ·</span> <span class='ocrx_word' id='word_1_727' title='bbox 750 2484 895 2512; x_wconf 88' lang='grc' dir='ltr'>ἀποστολι-</span> 
     </span>
    </p>
   </div>
   <div class='ocr_carea' id='block_1_99' title="bbox 100 2525 895 2564">
    <p class='ocr_par' dir='ltr' id='par_1_99' title="bbox 100 2525 895 2564">
     <span class='ocr_line' id='line_1_99' title="bbox 100 2525 895 2564; baseline 0.004 -11"><span class='ocrx_word' id='word_1_728' title='bbox 100 2527 167 2557; x_wconf 48' lang='lat' dir='ltr'><strong>tot;</strong></span> <span class='ocrx_word' id='word_1_729' title='bbox 187 2525 400 2561; x_wconf 81' lang='grc' dir='ltr'>κατορθώμασιν</span> <span class='ocrx_word' id='word_1_730' title='bbox 415 2526 628 2563; x_wconf 80' lang='grc' dir='ltr'>ἐπερειδόμενος.</span> <span class='ocrx_word' id='word_1_731' title='bbox 655 2528 710 2554; x_wconf 78' lang='grc' dir='ltr'>Καὶ</span> <span class='ocrx_word' id='word_1_732' title='bbox 738 2528 785 2555; x_wconf 87' lang='grc' dir='ltr'>νῦν</span> <span class='ocrx_word' id='word_1_733' title='bbox 813 2530 895 2564; x_wconf 82' lang='grc' dir='ltr'>ἡμεῖς</span> 
     </span>
    </p>
   </div>
   <div class='ocr_carea' id='block_1_100' title="bbox 105 2572 894 2610">
    <p class='ocr_par' dir='ltr' id='par_1_100' title="bbox 105 2572 894 2610">
     <span class='ocr_line' id='line_1_100' title="bbox 105 2572 894 2610; baseline 0.006 -13"><span class='ocrx_word' id='word_1_734' title='bbox 105 2573 159 2607; x_wconf 76' lang='grc' dir='ltr'>μὲν</span> <span class='ocrx_word' id='word_1_735' title='bbox 177 2572 203 2598; x_wconf 88' lang='grc' dir='ltr'>οἱ</span> <span class='ocrx_word' id='word_1_736' title='bbox 234 2573 358 2598; x_wconf 81' lang='grc' dir='ltr'>ταπεινοὶ</span> <span class='ocrx_word' id='word_1_737' title='bbox 383 2573 538 2608; x_wconf 80' lang='grc' dir='ltr'>ὀρφανικῶς</span> <span class='ocrx_word' id='word_1_738' title='bbox 557 2574 753 2610; x_wconf 78' lang='grc' dir='ltr'>ἀποδυρόμενοι</span> <span class='ocrx_word' id='word_1_739' title='bbox 787 2575 832 2602; x_wconf 76' lang='grc' dir='ltr'><strong>τὸν</strong></span> <span class='ocrx_word' id='word_1_740' title='bbox 856 2576 894 2608; x_wconf 86' lang='grc' dir='ltr'><strong>ὡς</strong></span> 
     </span>
    </p>
   </div>
   <div class='ocr_carea' id='block_1_101' title="bbox 102 2618 894 2657">
    <p class='ocr_par' dir='ltr' id='par_1_101' title="bbox 102 2618 894 2657">
     <span class='ocr_line' id='line_1_101' title="bbox 102 2618 894 2657; baseline 0.005 -12"><span class='ocrx_word' id='word_1_741' title='bbox 102 2618 221 2651; x_wconf 80' lang='grc' dir='ltr'>ἀληθῶς</span> <span class='ocrx_word' id='word_1_742' title='bbox 237 2618 285 2644; x_wconf 73' lang='grc' dir='ltr'>καὶ</span> <span class='ocrx_word' id='word_1_743' title='bbox 299 2618 466 2654; x_wconf 84' lang='grc' dir='ltr'>φιλοπάτορα</span> <span class='ocrx_word' id='word_1_744' title='bbox 482 2620 529 2646; x_wconf 75' lang='grc' dir='ltr'><strong>καὶ</strong></span> <span class='ocrx_word' id='word_1_745' title='bbox 545 2620 704 2655; x_wconf 81' lang='grc' dir='ltr'>φιλάδελφον</span> <span class='ocrx_word' id='word_1_746' title='bbox 716 2630 723 2636; x_wconf 88' lang='grc'>·</span> <span class='ocrx_word' id='word_1_747' title='bbox 749 2622 766 2657; x_wconf 82' lang='grc' dir='ltr'><strong>ή</strong></span> <span class='ocrx_word' id='word_1_748' title='bbox 788 2621 815 2648; x_wconf 82' lang='grc' dir='ltr'>δὲ</span> <span class='ocrx_word' id='word_1_749' title='bbox 833 2623 894 2649; x_wconf 76' lang='grc' dir='ltr'>κατ’</span> 
     </span>
    </p>
   </div>
   <div class='ocr_carea' id='block_1_102' title="bbox 103 2662 895 2702">
    <p class='ocr_par' dir='ltr' id='par_1_102' title="bbox 103 2662 895 2702">
     <span class='ocr_line' id='line_1_102' title="bbox 103 2662 895 2702; baseline 0 -13"><span class='ocrx_word' id='word_1_750' title='bbox 103 2663 192 2690; x_wconf 69' lang='grc' dir='ltr'>αὑτὸν</span> <span class='ocrx_word' id='word_1_751' title='bbox 217 2663 377 2699; x_wconf 81' lang='grc' dir='ltr'>Ἐκκλησία,</span> <span class='ocrx_word' id='word_1_752' title='bbox 393 2662 442 2691; x_wconf 81' lang='grc' dir='ltr'>εῐτ¹</span> <span class='ocrx_word' id='word_1_753' title='bbox 459 2663 505 2692; x_wconf 78' lang='grc' dir='ltr'>οὖν</span> <span class='ocrx_word' id='word_1_754' title='bbox 518 2666 548 2692; x_wconf 82' lang='grc' dir='ltr'><strong>τὺ</strong></span> <span class='ocrx_word' id='word_1_755' title='bbox 562 2667 660 2702; x_wconf 73' lang='grc' dir='ltr'>μικρὸν</span> <span class='ocrx_word' id='word_1_756' title='bbox 677 2666 810 2702; x_wconf 83' lang='grc' dir='ltr'>ποίμνιον,</span> <span class='ocrx_word' id='word_1_757' title='bbox 825 2667 895 2702; x_wconf 72' lang='grc' dir='ltr'>ὴπο-</span> 
     </span>
    </p>
   </div>
   <div class='ocr_carea' id='block_1_103' title="bbox 104 2708 895 2749">
    <p class='ocr_par' dir='ltr' id='par_1_103' title="bbox 104 2708 895 2749">
     <span class='ocr_line' id='line_1_103' title="bbox 104 2708 895 2749; baseline 0.009 -16"><span class='ocrx_word' id='word_1_758' title='bbox 104 2709 230 2744; x_wconf 73' lang='grc' dir='ltr'>ρημένον</span> <span class='ocrx_word' id='word_1_759' title='bbox 259 2708 330 2741; x_wconf 85' lang='grc' dir='ltr'>λίαν,</span> <span class='ocrx_word' id='word_1_760' title='bbox 348 2709 395 2736; x_wconf 82' lang='grc' dir='ltr'>καὶ</span> <span class='ocrx_word' id='word_1_761' title='bbox 409 2709 631 2746; x_wconf 81' lang='grc' dir='ltr'>ἀνακαλούμενον</span> <span class='ocrx_word' id='word_1_762' title='bbox 649 2712 696 2739; x_wconf 75' lang='grc' dir='ltr'>τὸν</span> <span class='ocrx_word' id='word_1_763' title='bbox 715 2713 832 2749; x_wconf 83' lang='grc' dir='ltr'>ποιμένα</span> <span class='ocrx_word' id='word_1_764' title='bbox 847 2713 895 2740; x_wconf 79' lang='grc' dir='ltr'>καὶ</span> 
     </span>
    </p>
   </div>
   <div class='ocr_carea' id='block_1_104' title="bbox 102 2752 565 2790">
    <p class='ocr_par' dir='ltr' id='par_1_104' title="bbox 102 2752 565 2790">
     <span class='ocr_line' id='line_1_104' title="bbox 102 2752 565 2790; baseline 0.004 -8"><span class='ocrx_word' id='word_1_765' title='bbox 102 2753 231 2790; x_wconf 76' lang='grc' dir='ltr'>Πατέρα,</span> <span class='ocrx_word' id='word_1_766' title='bbox 248 2752 293 2781; x_wconf 75' lang='grc' dir='ltr'><strong>οἷα</strong></span> <span class='ocrx_word' id='word_1_767' title='bbox 306 2755 380 2787; x_wconf 84' lang='grc' dir='ltr'>είκὸς</span> <span class='ocrx_word' id='word_1_768' title='bbox 394 2757 565 2789; x_wconf 82' lang='grc' dir='ltr'>νεοττοὺς....</span> 
     </span>
    </p>
   </div>
   <div class='ocr_carea' id='block_1_105' title="bbox 141 2842 473 2877">
    <p class='ocr_par' dir='ltr' id='par_1_105' title="bbox 141 2842 473 2877">
     <span class='ocr_line' id='line_1_105' title="bbox 141 2842 473 2877; baseline 0.009 -8"><span class='ocrx_word' id='word_1_769' title='bbox 141 2842 166 2859; x_wconf 81' lang='grc'><strong>⁷³</strong></span> <span class='ocrx_word' id='word_1_770' title='bbox 181 2843 192 2870; x_wconf 98' lang='lat'>|</span> <span class='ocrx_word' id='word_1_771' title='bbox 214 2842 280 2873; x_wconf 85' lang='lat' dir='ltr'><strong>Cor.</strong></span> <span class='ocrx_word' id='word_1_772' title='bbox 296 2851 334 2877; x_wconf 77' lang='lat' dir='ltr'><strong>Ix,</strong></span> <span class='ocrx_word' id='word_1_773' title='bbox 346 2843 378 2871; x_wconf 83' lang='lat' dir='ltr'><strong>l9</strong></span> <span class='ocrx_word' id='word_1_774' title='bbox 393 2844 473 2872; x_wconf 69' lang='lat' dir='ltr'><strong>e122.</strong></span> 
     </span>
    </p>
   </div>
   <div class='ocr_carea' id='block_1_106' title="bbox 944 2300 1730 2334">
    <p class='ocr_par' dir='ltr' id='par_1_106' title="bbox 944 2300 1730 2334">
     <span class='ocr_line' id='line_1_106' title="bbox 944 2300 1730 2334; baseline 0.006 -8"><span class='ocrx_word' id='word_1_775' title='bbox 944 2300 1162 2334; x_wconf 85' lang='lat' dir='ltr'><strong>interpretibus:</strong></span> <span class='ocrx_word' id='word_1_776' title='bbox 1184 2300 1333 2328; x_wconf 85' lang='lat' dir='ltr'><strong>addiderim</strong></span> <span class='ocrx_word' id='word_1_777' title='bbox 1355 2309 1419 2329; x_wconf 90' lang='lat' dir='ltr'><strong>vero</strong></span> <span class='ocrx_word' id='word_1_778' title='bbox 1440 2309 1467 2330; x_wconf 89' lang='lat' dir='ltr'><strong>et</strong></span> <span class='ocrx_word' id='word_1_779' title='bbox 1489 2303 1564 2330; x_wconf 87' lang='lat' dir='ltr'><strong>ista:</strong></span> <span class='ocrx_word' id='word_1_780' title='bbox 1587 2305 1730 2331; x_wconf 83' lang='lat' dir='ltr'><strong>continens</strong></span> 
     </span>
    </p>
   </div>
   <div class='ocr_carea' id='block_1_107' title="bbox 944 2345 1731 2381">
    <p class='ocr_par' dir='ltr' id='par_1_107' title="bbox 944 2345 1731 2381">
     <span class='ocr_line' id='line_1_107' title="bbox 944 2345 1731 2381; baseline 0.006 -10"><span class='ocrx_word' id='word_1_781' title='bbox 944 2345 1157 2377; x_wconf 86' lang='lat' dir='ltr'><strong>continentibus,</strong></span> <span class='ocrx_word' id='word_1_782' title='bbox 1185 2351 1277 2373; x_wconf 82' lang='lat' dir='ltr'><strong>castus</strong></span> <span class='ocrx_word' id='word_1_783' title='bbox 1303 2348 1472 2375; x_wconf 53' lang='lat' dir='ltr'><strong>castimoniae</strong></span> <span class='ocrx_word' id='word_1_784' title='bbox 1493 2349 1660 2381; x_wconf 86' lang='lat' dir='ltr'><strong>amantibus,</strong></span> <span class='ocrx_word' id='word_1_785' title='bbox 1681 2349 1731 2376; x_wconf 87' lang='lat' dir='ltr'><strong>ho-</strong></span> 
     </span>
    </p>
   </div>
   <div class='ocr_carea' id='block_1_108' title="bbox 943 2391 1732 2426">
    <p class='ocr_par' dir='ltr' id='par_1_108' title="bbox 943 2391 1732 2426">
     <span class='ocr_line' id='line_1_108' title="bbox 943 2391 1732 2426; baseline 0.006 -9"><span class='ocrx_word' id='word_1_786' title='bbox 943 2391 1048 2426; x_wconf 81' lang='lat' dir='ltr'><strong>spitalis</strong></span> <span class='ocrx_word' id='word_1_787' title='bbox 1063 2392 1274 2426; x_wconf 81' lang='lat' dir='ltr'><strong>hospitalitatem</strong></span> <span class='ocrx_word' id='word_1_788' title='bbox 1290 2393 1452 2426; x_wconf 89' lang='lat' dir='ltr'><strong>colentibus,</strong></span> <span class='ocrx_word' id='word_1_789' title='bbox 1467 2394 1606 2422; x_wconf 89' lang='lat' dir='ltr'><strong>modestus</strong></span> <span class='ocrx_word' id='word_1_790' title='bbox 1625 2395 1732 2422; x_wconf 91' lang='lat' dir='ltr'><strong>modice</strong></span> 
     </span>
    </p>
   </div>
   <div class='ocr_carea' id='block_1_109' title="bbox 945 2436 1731 2472">
    <p class='ocr_par' dir='ltr' id='par_1_109' title="bbox 945 2436 1731 2472">
     <span class='ocr_line' id='line_1_109' title="bbox 945 2436 1731 2472; baseline 0.005 -9"><span class='ocrx_word' id='word_1_791' title='bbox 945 2436 978 2463; x_wconf 92' lang='lat' dir='ltr'><strong>de</strong></span> <span class='ocrx_word' id='word_1_792' title='bbox 987 2443 1016 2463; x_wconf 89' lang='lat' dir='ltr'><strong>se</strong></span> <span class='ocrx_word' id='word_1_793' title='bbox 1025 2437 1220 2464; x_wconf 86' lang='lat' dir='ltr'><strong>sentientibus:</strong></span> <span class='ocrx_word' id='word_1_794' title='bbox 1230 2437 1275 2472; x_wconf 90' lang='lat' dir='ltr'><strong>qui</strong></span> <span class='ocrx_word' id='word_1_795' title='bbox 1288 2439 1379 2465; x_wconf 86' lang='lat' dir='ltr'><strong>omnia</strong></span> <span class='ocrx_word' id='word_1_796' title='bbox 1393 2439 1521 2466; x_wconf 86' lang='lat' dir='ltr'><strong>omnibus</strong></span> <span class='ocrx_word' id='word_1_797' title='bbox 1530 2440 1552 2456; x_wconf 83' lang='grc'><strong>⁷⁸</strong></span> <span class='ocrx_word' id='word_1_798' title='bbox 1565 2439 1614 2466; x_wconf 90' lang='lat' dir='ltr'><strong>rite</strong></span> <span class='ocrx_word' id='word_1_799' title='bbox 1630 2439 1731 2472; x_wconf 84' lang='lat' dir='ltr'><strong>fuerat,</strong></span> 
     </span>
    </p>
   </div>
   <div class='ocr_carea' id='block_1_110' title="bbox 945 2482 1730 2521">
    <p class='ocr_par' dir='ltr' id='par_1_110' title="bbox 945 2482 1730 2521">
     <span class='ocr_line' id='line_1_110' title="bbox 945 2482 1730 2521; baseline 0.006 -12"><span class='ocrx_word' id='word_1_800' title='bbox 945 2483 1034 2518; x_wconf 91' lang='lat' dir='ltr'><strong>quoad</strong></span> <span class='ocrx_word' id='word_1_801' title='bbox 1050 2482 1091 2510; x_wconf 84' lang='lat' dir='ltr'><strong>fas</strong></span> <span class='ocrx_word' id='word_1_802' title='bbox 1107 2482 1166 2516; x_wconf 87' lang='lat' dir='ltr'><strong>fuit,</strong></span> <span class='ocrx_word' id='word_1_803' title='bbox 1177 2487 1205 2511; x_wconf 92' lang='lat' dir='ltr'><strong>ut</strong></span> <span class='ocrx_word' id='word_1_804' title='bbox 1216 2491 1311 2512; x_wconf 87' lang='lat' dir='ltr'><strong>omnes</strong></span> <span class='ocrx_word' id='word_1_805' title='bbox 1325 2490 1372 2512; x_wconf 86' lang='lat' dir='ltr'><strong>aut</strong></span> <span class='ocrx_word' id='word_1_806' title='bbox 1382 2485 1730 2521; x_wconf 80' lang='lat' dir='ltr'><strong>complureslucrifaceret.</strong></span> 
     </span>
    </p>
   </div>
   <div class='ocr_carea' id='block_1_111' title="bbox 946 2527 1730 2566">
    <p class='ocr_par' dir='ltr' id='par_1_111' title="bbox 946 2527 1730 2566">
     <span class='ocr_line' id='line_1_111' title="bbox 946 2527 1730 2566; baseline 0.006 -12"><span class='ocrx_word' id='word_1_807' title='bbox 946 2527 1102 2562; x_wconf 84' lang='lat' dir='ltr'><strong>apostolicis</strong></span> <span class='ocrx_word' id='word_1_808' title='bbox 1121 2532 1195 2559; x_wconf 88' lang='lat' dir='ltr'><strong>recte</strong></span> <span class='ocrx_word' id='word_1_809' title='bbox 1222 2528 1301 2556; x_wconf 85' lang='lat' dir='ltr'><strong>factis</strong></span> <span class='ocrx_word' id='word_1_810' title='bbox 1331 2530 1475 2558; x_wconf 80' lang='lat' dir='ltr'><strong>subnixus.</strong></span> <span class='ocrx_word' id='word_1_811' title='bbox 1503 2531 1536 2557; x_wconf 86' lang='lat' dir='ltr'><strong>Et</strong></span> <span class='ocrx_word' id='word_1_812' title='bbox 1552 2539 1601 2558; x_wconf 89' lang='lat' dir='ltr'><strong>nos</strong></span> <span class='ocrx_word' id='word_1_813' title='bbox 1621 2531 1730 2566; x_wconf 83' lang='lat' dir='ltr'><strong>quidem</strong></span> 
     </span>
    </p>
   </div>
   <div class='ocr_carea' id='block_1_112' title="bbox 947 2573 1731 2612">
    <p class='ocr_par' dir='ltr' id='par_1_112' title="bbox 947 2573 1731 2612">
     <span class='ocr_line' id='line_1_112' title="bbox 947 2573 1731 2612; baseline 0.005 -11"><span class='ocrx_word' id='word_1_814' title='bbox 947 2573 1062 2601; x_wconf 86' lang='lat' dir='ltr'><strong>humiles</strong></span> <span class='ocrx_word' id='word_1_815' title='bbox 1089 2581 1161 2601; x_wconf 91' lang='lat' dir='ltr'><strong>nunc</strong></span> <span class='ocrx_word' id='word_1_816' title='bbox 1185 2575 1370 2609; x_wconf 92' lang='lat' dir='ltr'><strong>orphauorum</strong></span> <span class='ocrx_word' id='word_1_817' title='bbox 1398 2583 1473 2603; x_wconf 89' lang='lat' dir='ltr'><strong>more</strong></span> <span class='ocrx_word' id='word_1_818' title='bbox 1499 2576 1623 2612; x_wconf 78' lang='lat' dir='ltr'><strong>lugemus</strong></span> <span class='ocrx_word' id='word_1_819' title='bbox 1656 2577 1731 2605; x_wconf 88' lang='lat' dir='ltr'><strong>illum</strong></span> 
     </span>
    </p>
   </div>
   <div class='ocr_carea' id='block_1_113' title="bbox 946 2619 1734 2658">
    <p class='ocr_par' dir='ltr' id='par_1_113' title="bbox 946 2619 1734 2658">
     <span class='ocr_line' id='line_1_113' title="bbox 946 2619 1734 2658; baseline 0.006 -12"><span class='ocrx_word' id='word_1_820' title='bbox 946 2627 1008 2647; x_wconf 89' lang='lat' dir='ltr'><strong>vere</strong></span> <span class='ocrx_word' id='word_1_821' title='bbox 1024 2619 1134 2647; x_wconf 85' lang='lat' dir='ltr'><strong>Patrum</strong></span> <span class='ocrx_word' id='word_1_822' title='bbox 1156 2620 1325 2657; x_wconf 79' lang='lat' dir='ltr'><strong>fratrumque</strong></span> <span class='ocrx_word' id='word_1_823' title='bbox 1337 2627 1484 2649; x_wconf 87' lang='lat' dir='ltr'><strong>amatorem</strong></span> <span class='ocrx_word' id='word_1_824' title='bbox 1505 2631 1512 2649; x_wconf 83' lang='lat'><strong>:</strong></span> <span class='ocrx_word' id='word_1_825' title='bbox 1529 2623 1590 2658; x_wconf 84' lang='lat' dir='ltr'><strong>ejus</strong></span> <span class='ocrx_word' id='word_1_826' title='bbox 1606 2631 1668 2651; x_wconf 84' lang='lat' dir='ltr'><strong>vero</strong></span> <span class='ocrx_word' id='word_1_827' title='bbox 1683 2623 1734 2651; x_wconf 89' lang='lat' dir='ltr'><strong>Ec-</strong></span> 
     </span>
    </p>
   </div>
   <div class='ocr_carea' id='block_1_114' title="bbox 944 2665 1732 2702">
    <p class='ocr_par' dir='ltr' id='par_1_114' title="bbox 944 2665 1732 2702">
     <span class='ocr_line' id='line_1_114' title="bbox 944 2665 1732 2702; baseline 0.004 -9"><span class='ocrx_word' id='word_1_828' title='bbox 944 2665 1038 2697; x_wconf 82' lang='lat' dir='ltr'><strong>clesia,</strong></span> <span class='ocrx_word' id='word_1_829' title='bbox 1063 2673 1110 2693; x_wconf 89' lang='lat' dir='ltr'><strong>seu</strong></span> <span class='ocrx_word' id='word_1_830' title='bbox 1135 2667 1252 2701; x_wconf 88' lang='lat' dir='ltr'><strong>pusillus</strong></span> <span class='ocrx_word' id='word_1_831' title='bbox 1268 2675 1344 2702; x_wconf 75' lang='lat' dir='ltr'><strong>grex,</strong></span> <span class='ocrx_word' id='word_1_832' title='bbox 1360 2676 1415 2702; x_wconf 88' lang='lat' dir='ltr'><strong>quo</strong></span> <span class='ocrx_word' id='word_1_833' title='bbox 1431 2676 1461 2696; x_wconf 88' lang='lat' dir='ltr'><strong>se</strong></span> <span class='ocrx_word' id='word_1_834' title='bbox 1485 2673 1572 2696; x_wconf 75' lang='lat' dir='ltr'><strong>vertat</strong></span> <span class='ocrx_word' id='word_1_835' title='bbox 1595 2670 1732 2701; x_wconf 80' lang='lat' dir='ltr'><strong>nesciens,</strong></span> 
     </span>
    </p>
   </div>
   <div class='ocr_carea' id='block_1_115' title="bbox 945 2716 1731 2751">
    <p class='ocr_par' dir='ltr' id='par_1_115' title="bbox 945 2716 1731 2751">
     <span class='ocr_line' id='line_1_115' title="bbox 945 2716 1731 2751; baseline 0.006 -14"><span class='ocrx_word' id='word_1_836' title='bbox 945 2716 1138 2747; x_wconf 64' lang='lat' dir='ltr'><strong>pastoremque</strong></span> <span class='ocrx_word' id='word_1_837' title='bbox 1151 2717 1178 2740; x_wconf 83' lang='lat' dir='ltr'><strong>et</strong></span> <span class='ocrx_word' id='word_1_838' title='bbox 1196 2717 1300 2748; x_wconf 83' lang='lat' dir='ltr'><strong>patrem</strong></span> <span class='ocrx_word' id='word_1_839' title='bbox 1327 2722 1484 2750; x_wconf 79' lang='lat' dir='ltr'><strong>reposcens,</strong></span> <span class='ocrx_word' id='word_1_840' title='bbox 1501 2716 1731 2751; x_wconf 84' lang='lat' dir='ltr'><strong>quemadmodum</strong></span> 
     </span>
    </p>
   </div>
   <div class='ocr_carea' id='block_1_116' title="bbox 946 2757 1387 2793">
    <p class='ocr_par' dir='ltr' id='par_1_116' title="bbox 946 2757 1387 2793">
     <span class='ocr_line' id='line_1_116' title="bbox 946 2757 1387 2793; baseline 0.009 -9"><span class='ocrx_word' id='word_1_841' title='bbox 946 2757 1036 2793; x_wconf 73' lang='lat' dir='ltr'><strong>pullos</strong></span> <span class='ocrx_word' id='word_1_842' title='bbox 1047 2758 1195 2787; x_wconf 81' lang='lat' dir='ltr'><strong>verisimile</strong></span> <span class='ocrx_word' id='word_1_843' title='bbox 1209 2764 1262 2788; x_wconf 82' lang='lat' dir='ltr'><strong>est.</strong></span> <span class='ocrx_word' id='word_1_844' title='bbox 1278 2779 1285 2787; x_wconf 91' lang='lat'><strong>.</strong></span> <span class='ocrx_word' id='word_1_845' title='bbox 1303 2779 1311 2787; x_wconf 90' lang='lat'><strong>.</strong></span> <span class='ocrx_word' id='word_1_846' title='bbox 1327 2778 1336 2788; x_wconf 91' lang='lat'><strong>.</strong></span> <span class='ocrx_word' id='word_1_847' title='bbox 1353 2780 1360 2787; x_wconf 93' lang='lat'><strong>.</strong></span> <span class='ocrx_word' id='word_1_848' title='bbox 1377 2779 1387 2788; x_wconf 92' lang='lat'><strong>.</strong></span> 
     </span>
    </p>
   </div>
  </div>
