1927 3089
210 157 280 190 1015

381 214 448 243 CCI.
461 230 496 236 -—
511 215 649 243 Philotimo
668 215 823 249 pouessori.

811 156 845 188 5.
864 156 1063 187 THEODORI
1077 157 1253 188 STUDITM

1779 159 1840 190 2616

1230 215 1279 242 ΣΔ¹
1287 215 1391 250 (95).-—
1399 215 1529 248 Φιλοθιὲῳ
1538 215 1668 250 κτήτορι.

208 272 393 303 Presbyterum,
410 272 455 303 qui
475 273 586 304 eligamus
605 273 778 301 curonaverat,
798 269 1006 327 ἓἓῖἒῖὴὲεὲἒὲ

1060 276 1065 293 ι
1086 269 1182 294 debere
1196 277 1202 294 :
1216 269 1281 295 sicut
1296 272 1346 302 jam
1361 271 1393 296 de
1412 271 1500 296 eodem
1514 272 1664 303 presbytero
1680 272 1711 297 ad
1728 275 1840 299 eumdem

1060 304 1102 325 rat
1112 300 1218 332 epistola
1231 301 1286 326 191.

244 376 251 383 .
267 377 275 384 .
292 376 299 383 .
315 375 322 383 .
339 376 345 382 .
367 355 447 390 cujus
476 354 536 382 laus
551 359 594 382 est
607 362 656 389 per
670 359 758 382 totam
776 354 975 385 Macedoniam,
990 361 1005 381 a
1019 353 1045 383 Α

207 402 351 431 monachis
365 402 472 437 piisque
484 401 572 434 laicis,
591 402 616 428 in
631 409 678 429 ore
699 401 862 429 habentibus
873 401 1001 428 decorem

208 453 235 476 et
251 448 380 476 virtutem
408 447 516 483 pietatis
541 453 604 475 tum.
624 448 672 475 Det
694 447 741 475 tibi
766 447 856 474 adhuc
868 447 1002 475 Dominus

209 495 278 522 bene
306 502 395 529 agere,
412 495 438 521 in
465 495 543 522 bouis
570 494 700 529 operibus
718 494 862 526 ditescere,
894 493 1001 520 facilem

209 550 271 569 esse
299 542 332 568 ad
351 541 520 575 erogandum
545 545 572 568 et
585 541 867 573 ,‘eommunicandum,
897 540 947 567 tibi
975 540 1002 566 in

211 587 334 615 futurum
351 587 545 626 thesaurizare
562 587 767 614 fundamentum
786 587 899 618 bonum.
918 591 948 613 ut
963 586 1003 613 vi-

211 641 265 664 tam
283 640 412 663 aeternam
437 643 619 669 consequare.
635 635 657 663 0
672 634 814 662 Philothee
828 635 939 669 optime,
956 634 1004 661 dc-

212 681 328 716 positum
347 681 408 708 fidei
426 681 570 716 diligenter
587 682 707 713 custodi,
724 681 824 708 divinis
848 679 1003 707 actionibus

211 734 319 760 semper
333 727 482 762 refulgens.
497 727 535 754 Ac
551 727 584 754 de
600 727 642 754 his
652 727 762 761 quidem
774 726 853 753 satis.
866 725 1002 758 Quoniam

214 778 305 800 autem
333 773 366 800 de
381 773 541 809 presbytero
559 774 657 800 iterum
673 780 764 801 sermo
776 777 829 805 est,
849 772 1004 807 postulante

213 819 419 847 honorificentia
435 824 494 850 tua.
507 825 537 847 ut
553 820 667 847 liberum
684 819 708 846 ei
722 820 757 846 sit
769 819 856 846 sacris
872 818 979 853 operari
995 826 1002 845 :

213 869 286 893 recte
298 865 323 892 id
336 865 457 899 quidem,
472 865 495 892 si
511 865 660 893 humanum
677 870 749 893 esset
765 866 837 900 quod
853 865 1002 900 quaeritur:

214 919 331 946 namque
348 911 380 937 ad
400 911 605 946 obsequendum
623 911 669 938 tibi
687 911 713 938 in
739 911 866 938 omnibus
889 910 1004 938 festina-

212 964 317 988 remus,
331 957 467 984 inservire
482 957 624 991 cupientes
653 956 713 989 tibi,
730 957 776 992 qui
790 956 900 984 assidue
925 955 1004 983 nobis

213 1002 394 1030 nbsecundas.
411 1001 463 1029 Sed
482 1003 546 1037 quia
561 995 594 1030 de
607 1002 663 1029 fleo
685 1002 784 1038 agitur,
799 1003 886 1037 deque
900 1002 1003 1029 divino-

213 1055 275 1075 rum
309 1056 444 1075 canonunt
480 1048 580 1075 decreti
605 1049 853 1083 przevaricatione,
883 1048 1003 1085 igqoscc,

214 1095 299 1122 frater
319 1095 492 1128 charissime,
516 1102 571 1121 non
595 1102 746 1129 possumus
769 1099 864 1122 contra
881 1094 965 1122 Deum
979 1099 1006 1121 et

215 1148 310 1168 sacros
338 1148 457 1169 canones
481 1140 554 1168 ferre
580 1141 715 1175 judicium
733 1160 741 1172 ,
763 1141 916 1176 praesertim
942 1148 1005 1168 cum

216 1187 242 1214 in
260 1186 368 1221 negotio
377 1186 456 1220 plane
473 1186 623 1220 consimili,
637 1186 825 1221 superioribus
838 1186 1005 1221 temporibus

216 1237 300 1259 lotam
326 1231 409 1258 vitam
431 1236 556 1258 nostram
581 1232 755 1266 posuerimus
779 1239 787 1264 ;
817 1231 843 1258 in
873 1231 1005 1258 adeundis

215 1277 355 1312 periculis,
383 1281 410 1303 et
432 1276 546 1308 exsiliis,
575 1281 602 1303 et
631 1277 778 1307 mortibus,
807 1277 899 1312 potius
922 1284 1005 1311 quam

216 1323 435 1350 consentit-emus
464 1322 602 1355 iniquitati
631 1327 659 1350 et
689 1323 830 1350 violationi
866 1322 1006 1357 Evangelii

215 1370 327 1398 Christi.
347 1369 440 1404 Neque
455 1377 520 1404 ergo
535 1369 722 1397 adulterorum
735 1367 900 1403 copulatora
916 1369 1005 1400 nobis,

217 1424 304 1452 neque
318 1416 459 1451 copulator
471 1416 654 1452 digamorum,
674 1413 832 1442 facultatem
851 1415 946 1442 habuit
965 1423 1008 1443 sa-

217 1462 366 1489 crificandi.
393 1462 499 1489 Etenim
520 1462 541 1489 si
563 1470 615 1489 non
638 1461 741 1496 patitur
765 1468 843 1488 sacer
859 1468 959 1494 canon,
978 1466 1007 1489 ut

217 1509 361 1544 presbyter
376 1508 537 1535 convivetur
548 1507 576 1534 in
592 1506 693 1542 digami
709 1506 822 1542 nuptiis,
840 1506 927 1534 multo
940 1515 1008 1535 sane

218 1554 305 1589 magis
319 1553 445 1589 prohibet
456 1561 491 1581 ne
507 1553 584 1581 illum
599 1558 723 1581 coronet.

253 1638 332 1672 Quod
347 1639 370 1666 si
381 1627 427 1666 alii
443 1639 521 1667 aliter
542 1639 679 1674 judicent,
694 1639 812 1667 viderint
827 1640 891 1675 quid
915 1645 1005 1675 agant.

1132 375 1150 381 ..
1161 352 1192 382 οὗ
1203 356 1217 382 ὁ
1232 355 1342 387 ἔπαινος
1356 355 1401 382 διὰ
1413 356 1503 390 πάσης
1515 356 1565 391 τῆς
1575 356 1757 389 Μακεδονίας,
1769 358 1840 393 παρά

1053 409 1084 428 τε
1109 401 1281 436 μοναζόντων
1308 401 1356 428 καὶ
1374 401 1477 428 λαῖκῶν
1500 401 1632 435 εὐσεϐῶν,
1648 402 1695 429 ἐπὶ
1719 403 1840 439 γλώσσης

1053 447 1192 482 φερόντων
1218 447 1269 482 τὴν
1291 447 1424 483 καλλονὴν
1448 447 1494 474 καὶ
1513 448 1614 484 ἀρετὴν
1629 448 1679 484 τῆς
1705 449 1840 482 εὐσεϐείας

1054 501 1114 520 σου.
1136 492 1207 519 Ἀλλ’
1229 493 1269 519 ἔτι
1292 493 1348 528 δῴη
1377 501 1419 520 σοι
1438 493 1541 529 Κύριος
1558 493 1748 528 ἀγαθοεργεῖν,
1765 494 1841 521 πλου-

1052 539 1111 564 τεῖν
1138 537 1167 564 ἐν
1187 537 1279 573 ἔργοις
1305 538 1409 571 καλοῖς,
1427 538 1608 573 εύμετάδατον
1622 536 1705 570 εἶναι,
1720 547 1841 566 κοινωνι-

1053 583 1113 615 κὸν,
1133 584 1391 620 ἁποθησαυρίζοντα
1415 584 1503 619 ἑαυτῷ
1517 584 1643 620 θεμέλιον
1667 586 1749 613 καλὸν
1763 588 1803 618 είς
1814 587 1841 613 τὸ

1055 629 1162 666 μέλλον·
1175 630 1214 663 ὡς
1223 631 1257 657 ἂν
1267 631 1398 667 ἐπιτεύξῃ
1412 631 1464 665 τῆς
1475 632 1585 659 αἰωνίου
1599 631 1683 667 ζωῆς.
1693 630 1728 659 Ὦ
1740 633 1843 667 φιλόθεε

1054 676 1197 711 κράτιστε,
1213 676 1263 712 τὴν
1279 676 1516 712 παρακαταθήκην
1529 677 1580 712 τῆς
1593 677 1710 710 πίστεως
1723 679 1843 714 ἀκριϐῶς

1055 721 1129 758 [cod.
1161 722 1230 758 Reg.
1258 722 1398 759 ἀσφαλῶς]
1426 723 1543 758 κάτεχε,
1561 724 1605 750 ἀεὶ
1619 724 1843 760 λαμπρυνόμενος

1053 771 1113 801 ταῖς
1126 770 1267 805 θεουργοῖς
1285 770 1412 805 πράξεσι.
1428 770 1483 798 Καὶ
1507 771 1572 806 περὶ
1587 771 1692 799 τούτων
1711 772 1759 807 μὲν
1774 772 1843 804 ἃλις.

1060 816 1170 851 Ἐπειδὴ
1189 815 1217 842 δὲ
1232 816 1278 842 καὶ
1293 815 1370 848 αὖθις
1385 816 1507 851 περὶτοῦ
1525 817 1711 854 πρεσϐυτέρου
1727 819 1742 844 ὁ
1756 818 1842 852 λόγος,

1053 861 1214 896 ὲξαιτούσης
1227 862 1277 896 τῆς
1289 854 1447 898 τιμιότητός
1473 871 1520 889 σου
1531 863 1580 898 τὴν
1591 863 1667 889 λύσιν
1678 864 1724 890 τοῦ
1741 864 1844 900 ἱερουρ-

1053 908 1113 942 γεῖν
1126 907 1219 934 αὐτόν·
1245 909 1269 934 εί
1291 908 1340 943 μὲν
1365 908 1536 944 ἀνθρώπινον
1551 907 1587 945 ἦν
1612 909 1643 936 τὺ
1667 909 1843 945 ζητούμενον,

1054 952 1084 980 εὖ
1099 954 1133 981 ἂν
1149 952 1233 990 εἷχενυ
1251 953 1409 990 ἐχωροῦμεν
1436 954 1490 991 γὰρ
1514 955 1584 991 πρὸς
1610 957 1701 983 πᾶσάν
1725 965 1771 983 σου
1794 957 1846 983 ὺπ-

1019 1024 1042 1052 B
1055 1000 1141 1036 ακοὴν
1152 1021 1159 1033 ,
1176 1000 1317 1035 φιλοῦντες
1332 1009 1362 1027 σε
1377 1000 1540 1037 θεραπεύειν
1551 1002 1598 1029 τὸν
1606 1002 1751 1030 πολλοστὸν
1763 1003 1845 1040 θερα-

1056 1047 1158 1082 πευτὴν
1173 1047 1261 1083 ἡμῶν.
1283 1047 1361 1074 Ἐπεὶ
1375 1047 1404 1075 δὲ
1426 1048 1491 1084 περὶ
1508 1047 1554 1075 τοῦ
1577 1048 1644 1076 Θεοῦ
1662 1050 1692 1076 τὸ
1721 1050 1846 1086 κινούμε-

1056 1102 1112 1120 νονο
1129 1094 1176 1120 καὶ
1191 1094 1241 1129 τῆς
1265 1094 1319 1121 τῶν
1336 1093 1416 1121 θείων
1430 1094 1552 1122 κανόνων
1571 1095 1712 1130 ὁροθεσίας
1723 1097 1740 1132 ἡ
1753 1097 1846 1132 παρὰ·

1057 1139 1147 1171 ϐασις
1165 1139 1314 1175 σύγγνωθι,
1334 1139 1433 1174 ἀδελφὲ
1448 1140 1571 1175 φίλτατε’
1587 1141 1636 1176 οὐχ
1649 1139 1701 1168 οἷοί
1715 1142 1746 1169 τέ
1763 1144 1847 1177 ἐσμεν

1056 1185 1126 1211 κατὰ
1151 1193 1181 1211 τε
1203 1184 1271 1211 Θεοῦ
1300 1186 1348 1212 καὶ
1369 1186 1451 1220 lapth
1476 1186 1598 1213 κανόνων
1613 1188 1725 1214 ἁποῖσαι
1739 1188 1845 1223 κρίσιν·

1058 1230 1175 1265 μάλιστα
1187 1230 1228 1257 ὅτι
1251 1232 1280 1258 ὲν
1294 1230 1369 1266 αὐτῷ
1382 1232 1470 1266 τούτῳ
1490 1231 1529 1267 τῷ
1545 1233 1691 1268 παρομοίῳ
1707 1233 1848 1269 κεφαλαίῳ

1056 1276 1086 1302 ὲν
1106 1277 1163 1307 τοῖς
1186 1276 1354 1311 προλαϐοῦσι
1374 1277 1481 1312 χρόνοις
1496 1279 1589 1305 πᾶσαν
1612 1279 1662 1314 τὴν
1679 1278 1752 1315 ζωὴν
1767 1279 1847 1315 ὴμῶν

1056 1321 1186 1356 ἐθέμεθα·
1206 1322 1333 1358 χωρῆσαι
1348 1323 1418 1358 πρὸς
1437 1323 1576 1356 κινδύνους
1590 1326 1649 1358 ,καὶ
1666 1325 1786 1361 ἑξορίας,
1801 1325 1848 1353 καὶ

1057 1367 1201 1400 θανάτους,
1217 1368 1291 1404 ἤπερ
1307 1368 1454 1396 συνθέσθαι
1468 1370 1501 1405 τῇ
1513 1370 1625 1406 ἀνομίᾳ,
1641 1371 1690 1397 καὶ
1706 1371 1785 1398 λύσει
1802 1370 1848 1398 τοῦ

1056 1414 1226 1449 Εὐαγγελίου
1256 1414 1304 1441 τοῦ
1333 1415 1466 1450 Χριστοῦ.
1494 1415 1564 1443 Οὔτε
1584 1415 1631 1443 οὖν
1650 1417 1848 1453 μοιχοζείένης

1057 1460 1124 1495 παρ’
1135 1461 1224 1496 ἡμῶν,
1239 1460 1302 1488 οὕτε
1316 1461 1546 1497 διγαμοζεύκτης,
1555 1462 1665 1489 λέλυται
1675 1463 1726 1498 τῆς
1743 1463 1850 1499 ἱερουρ-

1057 1507 1130 1541 γίας.
1152 1506 1184 1534 Εί
1207 1507 1262 1543 γὰρ
1276 1508 1290 1534 ό
1310 1507 1382 1543 ίερὸς
1397 1507 1488 1535 κανὼν
1502 1508 1553 1535 οὐκ
1567 1508 1696 1544 ἀνέχεται
1717 1510 1757 1541 εὶς
1776 1509 1849 1543 διγα-

1060 1553 1174 1585 ·ιοῦντος
1198 1554 1287 1589 γάμον
1305 1554 1466 1589 ἑστιαθῆναι
1483 1555 1528 1581 τὸν
1547 1555 1741 1591 πρεσϐύτερον·
1758 1555 1851 1590 πολλῷ

1059 1607 1090 1634 γε
1107 1600 1207 1635 μᾶλλον
1223 1600 1352 1636 ἀπείργει
1366 1600 1461 1627 τοῦτον
1478 1600 1524 1628 τοῦ
1540 1601 1725 1635 στεφανῶσαι.

1095 1646 1127 1674 Εἰ
1155 1646 1184 1673 δὲ
1205 1646 1282 1674 ἄλλοι
1309 1647 1399 1679 ἄλλως
1428 1648 1581 1683 κρίνουσιν,
1598 1648 1710 1683 δψονται
1740 1649 1785 1683 ἐφ’
1811 1646 1850 1681 οἷς

219 1685 275 1712 Na:
288 1685 377 1717 enim,
396 1685 492 1720 inquit,
512 1685 592 1712 talem
612 1686 826 1713 consuetudinem
844 1695 895 1712 non
928 1687 1007 1714 Imbe-

1060 1693 1237 1728 πράττουσιν.
1260 1693 1361 1728 Ἡμεῖς
1376 1695 1442 1729 γὰρ,
1466 1695 1544 1729 φησι,
1559 1694 1607 1721 καί
1622 1696 1652 1721 al
1674 1695 1852 1728 Ἐκκλησιαι

217 1739 286 1763 mus,
307 1739 390 1766 neque
406 1731 527 1758 Ecclesia
544 1731 592 1758 Dei
615 1732 638 1747 ⁷⁶
658 1750 665 1758 .
680 1731 780 1764 Ouare,
794 1739 856 1759 cum
872 1732 1006 1766 judicium

217 1777 310 1804 videas
336 1785 398 1805 cum
414 1777 535 1812 periculo
547 1777 736 1812 coniunctum,
752 1777 806 1804 noli
835 1778 890 1804 vim
918 1777 1008 1807 facere

217 1822 366 1850 humilitati
381 1828 492 1850 nostrae.
509 1822 576 1849 Nam
591 1822 613 1850 si
644 1830 693 1856 pro
706 1823 828 1850 veritatis
849 1823 1009 1851 defensione

218 1866 251 1892 ad
266 1866 387 1900 pericula
403 1865 525 1900 quotidie
537 1865 715 1900 accingimur,
736 1873 791 1900 quo
805 1871 884 1901 pacto
911 1873 1008 1895 contra

219 1912 360 1938 veritatem
373 1911 498 1938 dissimili
509 1911 625 1938 consilio
638 1911 775 1939 irruemus
788 1912 799 1938 ’ί
816 1911 874 1938 Non
889 1917 931 1940 est
943 1920 1009 1940 con-

219 1961 395 1989 sentaneum,
415 1955 539 1987 Domine,
559 1960 656 1990 pneter
672 1964 704 1983 ea
718 1963 778 1991 qua:
794 1957 926 1984 divinitus
939 1957 1010 1992 judi-

219 2008 280 2030 cata
306 2008 381 2035 sunt,
400 2002 490 2030 facere
515 2003 666 2037 quidquam
686 2008 734 2030 aut
757 2003 842 2039 loqui.
867 2003 1010 2032 Credimus

219 2052 310 2075 autem
323 2052 366 2081 te,
381 2048 427 2082 qui
448 2055 530 2075 unam
553 2048 655 2082 quaeris
688 2049 808 2076 divinam
839 2049 1005 2077 voluntatem

219 2098 246 2120 et
258 2094 371 2121 salutem
390 2094 489 2121 anima).
517 2098 580 2126 tuae,
601 2102 780 2122 assensurum
800 2094 843 2123 his
867 2103 927 2130 quae
943 2095 1011 2124 dixi-

220 2147 293 2170 mus,
305 2144 502 2175 oraturumque
526 2145 557 2167 ut
570 2140 669 2168 divinae
684 2141 736 2176 legi
755 2141 862 2170 ﬁrmius
876 2142 1009 2170 inhwrea—

221 2192 292 2216 mus,
314 2192 363 2212 nec
379 2185 528 2220 quidquam
558 2186 738 2214 admittamus
766 2194 823 2221 quo
849 2187 1009 2215 mandatum

222 2231 269 2259 Dei
287 2231 330 2259 vel
344 2239 433 2258 canon
449 2231 577 2259 violetur.

432 2295 510 2324 CCII.
529 2312 565 2318 —
581 2295 678 2325 Marica
693 2296 855 2325 Suathariae.

1058 1737 1112 1764 τοῦ
1132 1738 1207 1765 Θεοῦ
1223 1739 1367 1773 τοιαύτην
1381 1739 1546 1773 συνήθειαν
1560 1741 1616 1768 οὐκ
1630 1741 1748 1775 ἔχομεν.
1770 1742 1852 1768 Ὥστε

1058 1784 1135 1815 εἰδὼς
1163 1784 1194 1810 τὸ
1218 1785 1390 1812 ἐπικίνδυνον
1414 1787 1512 1821 κρῖμα,
1542 1787 1580 1823 μὴ
1599 1787 1775 1823 παραϐιάξου
1803 1787 1852 1823 τὴν

1059 1830 1225 1857 ταπείνωσιν
1239 1831 1328 1866 ὴμῶν.
1345 1832 1377 1858 El
1394 1831 1448 1868 γὰρ
1464 1832 1535 1868 ὑπὲρ
1553 1833 1601 1860 τοῦ
1616 1833 1696 1867 λόγου
1718 1833 1767 1868 τῆς
1784 1834 1852 1870 ἀλη-

1060 1876 1136 1907 θείας
1154 1876 1216 1903 καθ*
1231 1877 1350 1913 ἑκάστην
1375 1878 1482 1914 ἡμέραν
1506 1880 1546 1910 εὶς
1570 1879 1710 1912 κινδύνους
1729 1889 1854 1916 παρατε-

1059 1921 1195 1957 τάγμεθα,
1208 1922 1267 1955 πῶς
1282 1923 1352 1950 κατὰ
1365 1925 1415 1960 τῆς
1426 1924 1557 1957 ἀληθείας
1571 1926 1758 1961 ἑτεροτρόπως
1775 1935 1855 1961 κινη-

1060 1967 1217 2004 θησόμεθα;
1243 1969 1294 1996 οὐκ
1315 1969 1372 2005 ἔχει
1405 1970 1503 2005 φύσιν,
1521 1968 1543 1998 ὦ
1572 1971 1699 2004 δέσποτα,
1723 1973 1802 2008 παρὰ
1821 1972 1854 1998 τὰ

1061 2008 1180 2047 θειωδῶς
1198 2015 1352 2050 κεκριμένα
1367 2017 1422 2047 τοῖς
1439 2016 1545 2048 κανόσι,
1563 2016 1662 2051 δρᾶσαί
1676 2025 1703 2043 τι
1718 2017 1734 2051 ἣ
1751 2017 1853 2045 εἰπεῖν.

1061 2060 1234 2097 Πιστεύομεν
1257 2061 1287 2088 δὲ
1310 2061 1352 2088 ὅτι
1366 2062 1413 2088 καὶ
1437 2063 1520 2094 αὐτὸς
1537 2062 1566 2089 ἓν
1581 2062 1670 2098 ζητῶν
1688 2062 1718 2089 τὸ
1734 2063 1854 2099 θέλημα.

1061 2108 1110 2135 καὶ
1123 2107 1155 2134 τὺ
1168 2107 1343 2144 σωτηριῶδες
1354 2108 1406 2143 τῆς
1421 2108 1510 2144 ψυχῆς
1524 2117 1582 2141 σου,
1596 2109 1773 2144 συμφήσειας
1789 2110 1856 2144 ἡμῖν

1061 2154 1108 2180 ἐπὶ
1127 2155 1185 2185 τοῖς
1199 2153 1374 2189 λελεγμένοις
1386 2156 1395 2170 "
1409 2154 1456 2181 καὶ
1471 2153 1608 2191 προσεύξῃ
1623 2154 1724 2191 μᾶλλον
1738 2155 1856 2191 ἐπερεί-

1060 2199 1153 2227 δεσθαι
1168 2201 1242 2235 ἡμᾶς
1265 2200 1303 2235 τῷ
1332 2199 1397 2234 θείῳ
1419 2200 1503 2236 νόμῳ,
1525 2201 1573 2228 καὶ
1592 2201 1629 2236 μὴ
1654 2201 1803 2236 προΐεσθαι
1826 2201 1857 2229 τδ

1060 2244 1165 2272 οἱονοῦν
1183 2245 1230 2272 ἐπὶ
1247 2245 1404 2281 παραϐάσει
1421 2246 1533 2282 ἐντολῆς
1555 2246 1624 2273 Θεοῦ
1642 2247 1690 2273 καὶ
1717 2248 1835 2278 κανόνος
1847 2267 1854 2275 .

1184 2312 1233 2338 ΣΒ¹
1246 2312 1354 2348 (96).-
1369 2313 1465 2348 Μαρίᾳ
1480 2313 1641 2348 σπαθαρίᾳ.
1653 2313 1744 2350 [ωιδι]

710 2367 886 2393 Pmnilenliam
896 2368 983 2396 indicit
993 2372 1024 2396 ob
1037 2373 1154 2398 violatum
1169 2372 1286 2398 Ecclesia:
1297 2372 1401 2403 asylum.

257 2419 386 2455 Agnoscit
413 2420 621 2448 honoriﬁcentia
648 2425 706 2455 tua,
734 2420 884 2450 Ecclesiam
912 2425 1008 2452 salutis
1027 2429 1047 2456 Ι)

220 2473 281 2494 esse
297 2466 503 2502 perfugium,ad
523 2475 639 2503 eamque
651 2473 780 2504 tanquam
803 2470 829 2496 in
842 2478 941 2498 manus
951 2472 1007 2503 Dei.

221 2511 365 2547 profugum
379 2521 525 2540 accurrere
535 2522 608 2546 eum,
621 2522 702 2549 quem
716 2516 897 2543 circumstant
923 2524 1012 2551 angu-

222 2558 290 2584 stias.
309 2557 402 2593 Neque
416 2560 499 2594 igitur
516 2561 542 2587 in
569 2559 660 2588 Veteri
679 2560 857 2589 Testamento
886 2562 928 2590 fas
953 2568 1013 2591 erat

221 2611 315 2652 eorum
328 2605 374 2639 qui
393 2606 425 2632 ad
446 2606 543 2641 refugii
560 2606 698 2634 civitatem
711 2613 866 2640 evaserant,
890 2609 1013 2644 abripere

222 2657 388 2684 quemquam
401 2659 408 2683 ;
422 2655 449 2677 et
475 2652 560 2679 multo
582 2653 668 2687 magis
689 2653 716 2679 in
750 2652 825 2681 Novo
838 2653 1014 2682 Testamento

224 2694 298 2723 nefas
309 2700 353 2723 est
364 2697 507 2724 extrahere
519 2698 552 2724 ab
574 2698 688 2725 ecclesia
714 2699 759 2733 qui
778 2706 810 2727 eo
829 2699 1014 2737 confugerint.

257 2784 280 2799 "
309 2784 398 2812 lCor.
413 2794 462 2818 xu.
491 2786 535 2812 16.

1103 2427 1136 2454 'H
1148 2427 1274 2462 τιμιότης
1291 2435 1338 2453 σου
1356 2425 1486 2462 γνωρίζει
1499 2426 1541 2453 ὅτι
1563 2426 1581 2462 ἡ
1599 2425 1749 2461 Ἐκκλησία
1768 2435 1861 2461 φυγα-

1062 2473 1202 2508 δευτήριόν
1218 2474 1276 2499 ἐστι
1293 2473 1430 2508 σωτηρίας
1443 2481 1449 2488 ·
1465 2473 1513 2499 καὶ
1521 2473 1616 2508 ὥσπερ
1628 2473 1667 2504 είς
1678 2473 1775 2508 χεῖρας
1787 2472 1859 2499 Θεοῦ

1060 2519 1075 2545 ὁ
1093 2518 1218 2554 πρόσφυξ
1230 2518 1375 2553 ἀποτρέχει
1399 2518 1610 2554 περιστατηθεὶς
1635 2519 1688 2545 ὑπὸ
1712 2519 1858 2553 ἀναγκῶν.

1062 2564 1130 2591 Οὔτε
1145 2563 1193 2592 οὖν
1208 2566 1237 2591 ὲν
1244 2566 1277 2600 τῇ
1295 2564 1403 2600 Παλαιᾷ
1416 2564 1540 2601 Διαθήκῃ
1554 2564 1613 2597 ἐξὸν
1632 2563 1666 2600 ἦν
1683 2565 1737 2591 τῶν
1748 2567 1793 2596 είς
1809 2565 1860 2600 τὴν

1063 2610 1140 2636 πόλιν
1160 2610 1214 2636 τῶν
1239 2610 1466 2646 φυγαδευτηρίων
1499 2610 1736 2645 ὰποσεσωσμένων
1764 2611 1862 2646 ἀφαρ-

1063 2654 1159 2686 πάζειν
1174 2654 1235 2681 τινά
1246 2662 1252 2670 ·
1264 2655 1295 2682 οὐ
1310 2655 1402 2690 πολλῷ
1430 2655 1530 2690 μᾶλλον
1546 2656 1575 2682 ὲν
1602 2655 1635 2691 τῇ
1660 2655 1718 2690 Νέᾳ
1742 2655 1861 2691 θεμιτὸν

1062 2701 1191 2736 ἀποσπᾷν
1208 2702 1257 2735 τῆς
1272 2701 1423 2737 ἐκκλησίας
1443 2701 1507 2734 τοὺς
1527 2701 1764 2736 καταφεύγοντας.
1779 2701 1859 2729 Καθ-

979 2831 1094 2860 NOTAE.

258 2872 316 2911 (95)
333 2874 362 2902 ln
378 2875 439 2903 cod.
459 2876 524 2911 Reg.
544 2876 591 2903 σε’.

1053 2878 1108 2914 (96)
1129 2878 1157 2905 In
1173 2878 1235 2905 cod.
1247 2878 1314 2914 Reg.
1331 2883 1385 2911 σς”.
