1927 3089
213 173 282 216 mis

812 174 842 205 3.
859 172 1055 203 THEODORI
1069 173 1244 204 STUDlT/E

1773 171 1842 207 1620

212 239 272 258 nent
284 230 459 262 exhaustum,
477 233 504 258 et
518 236 614 266 carnes
629 228 786 262 dilaniatis,
812 233 840 255 et
863 233 1014 264 martyres,

1066 229 1171 264 lpécat'
1188 228 1256 255 ἀλλὰ
1271 228 1319 256 καὶ
1334 228 1439 263 αἵματα
1461 227 1648 264 ικενώθησαν,
1672 228 1720 256 καὶ
1740 229 1843 263 σάρκες

212 280 428 304 consummatos.
472 275 559 309 Quam
592 275 678 302 tnulta
720 274 840 310 porroin
869 274 1002 302 custodiis

212 323 423 357 carceribusque
448 321 548 348 inﬂicta
567 321 622 348 sint
645 321 756 352 acerba,
784 320 848 355 quid
864 327 933 355 opus
963 324 1004 347 est

211 369 325 396 dicere?
358 369 551 404 rclegaliones,
566 369 736 400 abactiones,
760 371 856 402 raptus
867 386 875 399 ,
893 366 1004 394 vincula

211 415 311 445 ferrea.
329 416 409 443 famis
429 416 577 447 cruciatus,
592 414 764 447 solitudines,
791 419 889 442 caetera
900 414 1003 446 omnia,

211 471 273 496 qua:
288 462 398 496 longum
412 461 447 487 sit
460 468 583 491 narrare.
613 460 642 487 Si
659 468 724 496 ergo
748 460 807 487 hac
823 460 860 487 ita
873 464 947 492 sunt,
969 467 1004 486 an

211 508 399 542 presbyterum
413 507 488 533 illum
505 511 611 541 oportet
627 508 684 542 pari
698 507 855 534 conditione
875 506 938 533 hinc
960 506 1006 533 ab‘

213 555 266 585 ire,
280 553 532 581 immarcescibilem
551 554 643 587 gloria:
652 561 780 581 coronam
799 552 1006 588 percepturum?

215 601 236 628 Ii
247 601 393 631 contrario,
412 607 473 626 cum
490 600 517 626 in
541 599 733 627 communione
762 599 806 625 ille
822 599 1006 632 deprehensus

215 647 251 674 sit
266 651 346 680 atque
360 645 560 679 subscriptione
575 649 669 671 contra
680 645 831 675 Christum,
851 642 1006 678 Deiparam,

215 697 243 719 et
255 697 365 719 sanctos
379 699 475 718 omnes
488 695 629 724 concepta
641 698 647 722 ;
663 690 704 717 sic
718 691 792 717 enim
805 698 834 717 se
850 697 893 717 res
913 689 1005 722 habet,

214 738 250 765 ob
265 738 439 773 propriarum
455 737 606 772 imaginum
626 736 784 763 relationem
798 735 831 762 ad
852 739 1004 770 prototypa:

214 793 270 819 quo
299 789 380 819 pacto
393 791 445 811 non
465 791 594 818 magnum
609 783 685 809 ducit
696 782 769 817 quod
786 782 869 814 vivat,
885 782 926 808 vel
935 781 1006 816 quod

216 830 327 858 sceleris
348 829 457 856 veniam
473 828 610 863 impetret,
635 835 748 862 prorsus
760 827 884 854 devitans
909 827 950 853 vel
965 831 1008 853 at-

217 877 321 911 tingere
341 883 372 902 ea
386 882 447 909 qua!
461 881 509 909 per
535 873 732 907 indulgentiam
756 872 829 899 dicta
855 875 940 903 sunt;
959 878 1007 898 ne-

1053 274 1269 310 κατεξάνθησαν,
1284 274 1333 302 ml.
1361 274 1502 310 μάρτυρες
1523 275 1757 311 ἀπετελέσθησαν.
1771 276 1843 302 Ὅσα

1053 319 1082 346 δὲ
1096 319 1130 346 τὰ
1149 320 1179 346 ὲν
1201 320 1338 354 φυλακαῖς
1360 319 1409 346 καὶ
1436 320 1558 356 εἱρκταῖς
1580 320 1733 352 κακωτικὰ,
1750 320 1777 346 τί
1803 320 1845 347 δεῖ

1054 366 1103 392 καὶ
1114 365 1221 400 uvam;
1237 366 1287 398 τὰς
1313 366 1431 401 ὲξορίας,
1447 367 1496 398 τὰς
1513 366 1673 400 ἐπαγωγὰς,
1689 366 1738 397 τὰς
1753 366 1845 401 ἁρπα-

1053 410 1117 445 γὰς,
1132 411 1183 444 τὰς
1197 410 1368 446 σιδηρώσεις,
1382 411 1432 443 τὰς
1447 411 1674 446 λιμαγχονήσεις,
1701 411 1751 442 τὰς
1779 419 1845 446 μον-

1055 456 1136 488 ώσεις
1145 476 1154 489 ,
1167 457 1203 484 τὰ
1216 456 1283 484 ἄλλα
1297 457 1397 489 πάντα,
1411 453 1448 483 ὧν
1462 457 1492 483 οὐ
1510 457 1611 492 μικρᾶς
1635 457 1709 483 ἐστιν
1723 456 1846 491 ἱστορίας

1055 501 1148 538 Εργον.
1166 503 1197 529 Εἰ
1211 502 1301 529 τοίνυν
1312 503 1398 529 ταῦτα
1409 501 1506 534 οὕτως,
1522 502 1571 529 καλ⁴
1585 502 1642 528 δεῖν
1655 502 1701 529 τὸν
1725 502 1848 537 πρεσῦύ-

1055 555 1135 583 τερον
1149 548 1285 580 ἰσοπαθῶς
1298 547 1455 580 διεξελθεῖν,
1471 547 1654 581 κομιούμενον
1666 547 1712 574 τὸν
1724 547 1848 582 ἀμαράνο

1055 601 1128 620 τινον
1141 594 1190 628 τῆς
1206 593 1287 629 δόξης
1304 594 1453 628 στέφανον;
1479 593 1646 625 τούναντίον,
1665 592 1758 628 ἐπειδὴ
1774 593 1849 619 ἑαλω

1055 641 1090 675 τῇ
1103 639 1231 675 κοινωνίᾳ
1245 640 1293 666 καὶ
1306 641 1338 676 τῇ
1353 640 1499 675 ὑπογραφῇ
1511 640 1544 675 τῇ
1559 640 1629 665 κατὰ
1651 639 1780 676 Χριστοῦ.
1799 639 1848 674 τῆς

1056 692 1087 711 τε
1103 685 1207 720 μητρὸς
1222 685 1304 712 αὑτοῦ
1320 686 1368 712 καὶ
1382 686 1492 712 πάντων
1506 687 1560 712 τῶν
1577 685 1663 719 ἁγίων
1675 693 1683 700 ·
1698 685 1778 711 τοῦτο
1792 686 1849 720 γὰρ

1057 729 1102 757 διὰ
1126 730 1180 756 τῶν
1195 731 1304 758 οἰκείων
1327 731 1440 758 είκόνων
1465 732 1482 767 ἡ
1503 731 1550 758 ἐπὶ
1578 730 1633 757 τῶν
1659 729 1850 766 πρωτοτύπων

1057 776 1182 812 ἀναφορὰ
1194 784 1200 790 ·
1216 777 1274 808 πῶς
1287 777 1317 803 οὑ
1337 777 1525 813 μέγαὴγεῖται
1538 778 1585 803 καὶ
1598 777 1628 803 τὸ
1643 776 1713 808 ὅλως
1725 776 1787 812 ζῇν,
1802 777 1850 802 καὶ

1057 822 1088 849 τὸ
1102 822 1170 853 ὅλως
1190 823 1420 859 συγκεχωρῆσθαι
1438 823 1512 859 αὐτῷ
1528 823 1559 849 τὺ
1575 823 1708 858 ἀνὸμημα
1720 831 1728 838 ·
1739 822 1850 856 φεύγων

1059 866 1229 901 ἐφάπτεσθαι
1243 868 1290 894 καὶ
1304 867 1359 894 τῶν
1378 867 1588 903 προειρημένων
1603 866 1676 893 κατὰ
1692 865 1850 900 φιλανθρω-

216 923 282 950 dunt
293 927 319 948 ut
330 921 413 948 licere
425 921 476 948 sibi
486 919 549 947 velit
563 919 637 946 omni
650 926 682 945 ex
696 922 772 952 parte
783 918 867 945 sacris
879 916 1008 952 operari?

1066 912 1123 938 πίαν
1136 921 1144 928 ·
1158 912 1196 948 μὴ
1209 913 1252 940 ὃτι
1265 921 1298 947 γε
1319 913 1367 940 καὶ
1393 913 1423 946 ἐξ
1449 913 1596 948 ὁλοκλήρου
1620 912 1749 939 λελύσθαι
1767 912 1853 938 αὐτὸν

217 967 288 1003 Ergo
308 969 378 994 vaiia
394 970 458 994 sunt
473 965 577 996 omnia.
591 969 619 992 et
631 964 734 992 frustra
762 963 905 999 martyria,
920 967 947 990 et
965 963 1009 990 in-

217 1021 326 1041 cassum
341 1012 474 1040 atltleticaa
488 1011 677 1039 contentiones
694 1010 761 1038 :scd
774 1011 866 1038 absit!
886 1009 918 1036 Et
936 1017 1009 1036 mar-

219 1065 273 1094 tyr,
293 1064 398 1095 martyr
415 1059 493 1087 estin
507 1059 558 1086 hac
572 1057 747 1085 confessione
760 1065 767 1090 ;
785 1061 813 1084 et
827 1056 875 1091 qui
889 1057 1009 1091 negavit,

1055 958 1228 993 ἱερουργεῖν;
1256 957 1362 985 Οὐκοῦν
1386 958 1459 985 ἕωλα
1482 959 1516 985 τὰ
1542 959 1644 990 πάντα,
1666 959 1714 984 καὶ
1732 958 1794 992 είκῆ
1815 957 1852 983 τὰ

1058 1004 1208 1040 μαρτύρια,
1229 1006 1276 1031 καὶ
1292 1005 1381 1040 μάτην
1395 1005 1423 1031 αι
1445 1004 1588 1039 άθλητικαὶ
1610 1005 1751 1036 ἐνστάσεις
1763 1012 1770 1019 ·
1781 1003 1853 1031 ἀλλὰ

1058 1050 1095 1086 μὴ
1126 1051 1242 1085 γένοιτο.
1269 1051 1326 1078 Καὶ
1347 1052 1362 1078 ὁ
1390 1051 1507 1087 μάρτυς,
1537 1051 1644 1087 μάρτυς
1676 1052 1706 1077 ὲν
1731 1051 1795 1085 τῇδε
1816 1051 1852 1085 τῇ

217 1107 313 1141 lapsus
323 1111 365 1134 est
377 1106 404 1133 in
422 1105 474 1133 hac
493 1104 658 1138 negatione:
686 1106 714 1130 et
734 1109 822 1137 uSque
838 1102 872 1129 ad
895 1106 1009 1129 mortem

1066 1096 1202 1133 ιμολογίᾳ·
1217 1097 1262 1124 καὶ
1281 1098 1297 1124 ό
1317 1098 1472 1133 ὴρνημὲνος
1486 1116 1494 1130 ,
1518 1098 1658 1129 εκπτωτος
1683 1098 1712 1124 εν
1730 1096 1796 1132 τῇδε
1818 1097 1853 1131 τῇ

219 1153 283 1180 tlere
299 1159 411 1179 necesse
425 1156 477 1182 est.
495 1150 620 1185 quisquis
641 1149 735 1184 lapsus
747 1148 840 1181 fuerit,
860 1148 884 1176 si
900 1154 943 1175 me
959 1155 1010 1174 an-

1066 1143 1222 1179 ιξαρνήσει·
1238 1144 1286 1170 καὶ
1304 1143 1360 1170 δεῖν
1393 1144 1577 1179 προσκλαίειν
1614 1143 1696 1179 μέχρι
1735 1143 1856 1170 Θανάτου

220 1198 277 1225 dint
292 1201 365 1224 recta
381 1196 580 1224 consulentem.

274 1293 363 1323 CCIV.
390 1309 427 1315 ——
447 1293 599 1322 Theodosia:
627 1293 753 1328 Auguste
779 1297 805 1320 et
832 1291 956 1324 Basilio,

487 1340 543 1375 ﬁlio
556 1339 613 1374 ejus
627 1339 675 1374 (⁸).

1059 1191 1149 1218 πάντα
1172 1191 1217 1218 τὸν
1236 1191 1336 1219 ἁλόντα
1349 1199 1357 1208 ·
1372 1191 1430 1227 εῐγε
1451 1191 1513 1227 ἐμοὶ
1535 1191 1657 1218 πείθοιτο
1686 1190 1761 1226 καλῷ
1783 1199 1855 1226 συμ-

1060 1236 1160 1272 δούλῳ.

1063 1293 1120 1322 ΣΔ·.
1149 1294 1249 1331 (98)-
1265 1295 1411 1329 Θεοδοσίᾳ
1442 1295 1602 1331 Αὐτούστῃ
1633 1294 1682 1322 καί
1704 1295 1858 1330 Βασιλσίῳ

1309 1341 1364 1374 υιῷ
1375 1341 1481 1377 αὐτῆς.
1501 1341 1595 1379 [ωιζ’.]

612 1395 648 1420 De
663 1395 818 1421 immaculata
827 1401 927 1427 prorsus
939 1395 1038 1421 Demini
1057 1395 1174 1428 imagine.
1191 1397 1291 1430 (Bacon.
1308 1405 1347 1423 an.
1359 1399 1414 1430 επ,
1427 1406 1451 1423 n.
1463 1399 1513 1431 25.)

261 1451 328 1480 Cum
343 1458 376 1478 ex
387 1449 472 1478 variis
497 1449 549 1477 ﬁde
564 1449 665 1485 dignis,
694 1449 884 1485 imprimisque
901 1459 934 1478 ex
962 1451 1011 1479 Dei

226 1496 416 1523 amantissimo
431 1495 510 1528 Isaia,
524 1495 664 1530 episcopo,
689 1500 716 1522 et
728 1502 761 1522 ex
778 1496 1010 1523 reverendissirno

226 1541 332 1569 Iledicii
354 1541 485 1572 antistite,
505 1540 608 1568 sanctis
638 1539 765 1568 Patribns
785 1542 896 1573 nostris,
912 1541 946 1568 de
966 1549 1012 1568 re-

226 1595 287 1615 rum
308 1591 461 1614 vestrarum
484 1590 555 1614 statu
576 1586 787 1621 accepissemus.
804 1587 876 1622 quod
893 1585 938 1614 Dei
962 1594 1012 1614 no-

227 1633 276 1660 stri
294 1632 387 1668 optimi
402 1636 480 1663 nutu,
500 1631 534 1658 ad
553 1631 662 1666 pietatis
681 1635 816 1666 rectaeque
841 1631 902 1659 ﬂdei
928 1631 1012 1659 ratio-

226 1686 289 1705 nem
305 1683 332 1705 et
345 1678 457 1705 modum
474 1677 599 1705 conversi
617 1676 725 1705 fueritis
736 1697 744 1709 ,
756 1677 872 1712 pristino
893 1678 953 1705 vale
973 1678 1016 1705 di-

228 1730 320 1753 centes
333 1725 431 1757 errori,
449 1730 479 1751 ut
494 1724 568 1759 quia
584 1723 640 1750 Deo
655 1731 709 1750 non
732 1724 769 1751 sit
791 1728 881 1756 ortus,
905 1725 952 1752 sed
982 1725 1017 1752 ab

228 1771 341 1798 adversa
354 1775 447 1806 parte:
462 1778 524 1797 cnm
539 1769 634 1805 religio
648 1775 693 1797 tua
707 1777 740 1798 ex
781 1770 824 1805 pia
843 1771 879 1798 sit
907 1771 1016 1804 radice,

230 1817 322 1852 (talem
335 1817 471 1851 siquidem
493 1816 577 1844 fuisse
605 1816 744 1844 fatendum
769 1823 811 1845 est
831 1817 918 1843 virum
941 1817 1016 1844 illum

232 1863 288 1891 Deo
301 1863 441 1892 dilectum.
456 1862 586 1896 omnique
598 1862 731 1897 probitate
742 1862 943 1898 conspicuum),
963 1862 1019 1897 cgi-

230 1917 293 1936 mus
304 1909 404 1943 gratias
419 1909 484 1940 Deo,
501 1908 547 1943 qui
565 1916 619 1934 non
637 1908 762 1943 permisit
783 1915 833 1935 nos
852 1908 877 1934 in
908 1907 1018 1935 lueresis

232 1955 349 1990 caligine
368 1954 540 1989 permanere,
571 1954 618 1981 sed
642 1958 748 1981 mentes
765 1959 871 1982 vestras
889 1953 959 1981 felici
976 1955 1019 1980 lu-

232 2000 305 2027 mine
320 2000 452 2035 implevit,
470 2004 500 2026 ut
527 2000 731 2034 cognosceretis
758 1999 851 2027 Iesum
879 2000 1019 2027 Christum

235 2047 331 2073 Filium
360 2047 406 2073 Dei
421 2046 447 2073 in
462 2046 548 2073 forma
565 2050 658 2073 nostra
678 2053 724 2080 per
737 2046 933 2073 misericordia:
963 2053 1019 2074 suae

234 2093 336 2120 viscera
352 2096 458 2124 natum,
475 2095 505 2118 ut
519 2092 677 2126 figmentum
692 2099 772 2118 suum
792 2091 826 2118 ab
842 2091 950 2118 interitu
976 2099 1021 2119 re-

234 2139 360 2172 dimeret,
373 2146 449 2166 more
467 2144 563 2167 nostro
572 2137 683 2173 depingi
699 2143 782 2172 atque
798 2137 886 2172 el'lingi
903 2145 954 2165 :ne
967 2146 1021 2173 qua

233 2181 271 2211 ini
287 2185 356 2212 r-lcsit
370 2184 552 2212 humanarum
574 2184 771 2218 proprietatum
789 2191 795 2209 :
820 2190 881 2210 cum
913 2187 1023 2209 maneat

234 2231 306 2259 idem
340 2230 612 2266 incircumscriptus:
647 2234 784 2265 quatenus
809 2229 902 2261 Deus;
930 2228 1022 2263 utqui

234 2283 361 2313 paternas
377 2285 486 2312 quoque
523 2284 619 2304 omnes
646 2277 826 2313 proprietates
844 2276 896 2303 sub
927 2276 1021 2303 eadem

1108 1452 1158 1479 Ἐκ
1179 1452 1317 1488 διαφόρων
1331 1454 1498 1487 ἀξιοπίστων
1522 1453 1677 1490 προσώπων
1687 1473 1695 1485 .
1708 1454 1790 1488 καίγε
1802 1455 1857 1491 πρὸ

1063 1497 1119 1524 τῶν
1139 1497 1227 1525 ἄλλων
1250 1499 1328 1534 παρά
1351 1508 1381 1526 τε
1406 1499 1452 1526 τοῦ
1474 1500 1683 1534 θεοφιλεστάτου
1703 1501 1857 1528 ἐπισκόπου

1070 1542 1193 1577 Ἡσαΐου,
1213 1545 1261 1571 καὶ
1270 1545 1317 1572 τοῦ
1337 1545 1503 1581 τιμιωτάτου
1512 1546 1721 1581 καθηγουμένου
1736 1546 1784 1573 τοῦ
1798 1547 1859 1581 Mn-

1064 1588 1162 1623 δικίου,
1178 1590 1260 1617 όσίων
1274 1591 1402 1627 Πατέρων
1419 1591 1499 1628 ἡμῶν
1521 1592 1726 1627 ὲκδιδαχθέντες
1739 1593 1775 1619 τά
1794 1592 1859 1619 καθ’

1065 1635 1150 1670 ὑμᾶς,
1165 1636 1206 1662 ὅτι
1219 1636 1329 1673 εὐδοκία
1342 1637 1390 1664 τοῦ
1405 1638 1580 1673 ὑπεραγάθου
1595 1637 1661 1665 Θεοῦ
1675 1637 1754 1673 ἡμῶν
1769 1646 1861 1673 μεμε-

1067 1682 1295 1718 τεστοιχειὼθητε
1311 1684 1352 1715 εἰς
1363 1682 1409 1709 τὸν
1425 1683 1473 1718 τῆς
1485 1682 1630 1714 εὐσεϐείας
1639 1683 1687 1710 καὶ
1699 1681 1861 1717 ὸρθοδοξίας

1067 1730 1168 1765 τρόπον
1187 1729 1235 1756 καὶ
1254 1729 1333 1763 λόγον
1345 1737 1353 1746 ⁸
1369 1729 1475 1765 χαίρειν
1487 1729 1642 1765 φράσαντες
1654 1731 1687 1764 τῇ
1707 1729 1792 1756 πάλαι
1808 1738 1861 1757 κα-

1067 1774 1175 1810 κοδοξίᾳ
1185 1795 1192 1807 ,
1211 1774 1248 1807 ὠς
1264 1775 1313 1802 οὐκ
1333 1776 1460 1812 ὴργμένῃ
1479 1774 1582 1808 θεόθεν,
1592 1774 1650 1802 ἀλλ’
1667 1775 1700 1801 ὲκ
1715 1774 1764 1809 τῆς
1779 1776 1862 1802 ὲνανυ

1067 1820 1128 1851 cia;
1146 1821 1266 1856 μερίδος.
1283 1821 1361 1848 Καθδ
1385 1821 1433 1848 καὶ
1460 1821 1588 1857 ὥρμηται
1610 1821 1743 1855 πατρόθεν
1769 1821 1799 1854 ἐξ
1816 1822 1862 1848 εὑ-

1069 1864 1166 1895 σεὸοῦς
1180 1864 1287 1901 ῥίζηςὴ
1306 1865 1340 1900 σὴ
1363 1865 1516 1892 θεοσέϐεια.
1541 1865 1738 1901 ὀμολογητέον
1752 1865 1807 1901 γὰρ
1821 1867 1863 1893 ὃτι

1068 1909 1190 1942 τοιοῦτος
1204 1911 1218 1937 ό
1236 1909 1306 1946 ἀνὴρ
1331 1911 1435 1941 ἐκεῖνος
1448 1918 1455 1925 ·
1470 1910 1530 1946 Θεῷ
1551 1918 1582 1937 τε
1606 1911 1791 1946 πεφιλημένος
1815 1912 1864 1938 καὶ

1070 1956 1144 1992 πάσῃ
1151 1955 1339 1991 καλοκαγαθίᾳ
1349 1956 1587 1992 κατηγλαῖσμένος
1597 1965 1604 1972 ·
1617 1957 1808 1992 ηὑχαριστήσα
1813 1966 1865 1993 μιν

1069 2001 1109 2037 τῷ
1124 2002 1229 2037 Κυρίῳ,
1241 2002 1271 2034 ὅς
1283 2003 1332 2028 οὐκ
1347 2003 1439 2029 εἴασεν
1450 2003 1522 2037 ὑμᾶς
1535 2003 1565 2029 ὲν
1579 2002 1618 2038 τῷ
1637 2003 1713 2038 ζόφῳ
1723 2003 1774 2037 τῆς
1785 2003 1865 2039 alpi-

1071 2056 1140 2079 σεως
1153 2048 1289 2084 διαμεῖναι
1301 2056 1308 2062 ·
1324 2049 1382 2075 ἀλλ’
1394 2048 1497 2084 ἔπλησε
1509 2049 1559 2081 τὰς
1574 2048 1663 2084 ψυχὰς
1682 2049 1758 2084 ὑμῶν
1769 2049 1864 2076 ὀλϐίου

1072 2094 1161 2128 φωτὸς
1174 2095 1214 2126 εἰς
1230 2094 1261 2121 τὺ
1274 2095 1436 2129 ἐπιγνῶναι,
1454 2095 1496 2121 ὅτι
1517 2095 1619 2131 Ἰησοῦς
1643 2096 1761 2131 Χριστὸς
1772 2097 1786 2122 ό
1800 2096 1866 2128 Υἱὸς

1071 2139 1119 2166 τοῦ
1131 2140 1198 2167 Θεοῦ
1218 2141 1247 2166 ὲν
1264 2140 1302 2176 τῷ
1318 2140 1379 2167 καθ’
1391 2141 1464 2176 ἡμᾶς
1480 2141 1545 2168 εἴδει
1563 2140 1684 2175 γεγονὼς
1696 2141 1741 2168 διὰ
1758 2141 1867 2176 σπλάγ-

1072 2194 1124 2222 χνα
1138 2186 1299 2222 οἰκτιρμῶν,
1313 2187 1354 2219 είς
1369 2187 1400 2213 τὸ
1413 2186 1610 2214 ἀνασώσασθαι
1623 2187 1654 2213 τὸ
1665 2186 1764 2214 ἑαυτοῦ
1779 2188 1867 2214 ἐκπε-

1073 2232 1182 2264 πτωκὺς
1196 2234 1237 2266 εἰς
1249 2232 1352 2268 φθορὰν
1376 2233 1490 2269 πλάσμα
1501 2253 1509 2265 ,
1538 2233 1639 2269 ὁμοίως
1654 2234 1719 2269 ἡμῖν
1735 2233 1869 2266 ἐξεικονί-

1075 2277 1152 2312 (erat
1163 2286 1171 2293 ”
1186 2278 1223 2310 ὡς
1240 2278 1272 2306 ἂν
1286 2279 1369 2314 μηδὲν
1383 2278 1501 2306 λείποιεν
1514 2279 1589 2314 αὐτῷ
1611 2279 1666 2307 τῶν
1686 2279 1867 2314 ἀνθρωπίνων

234 2332 349 2359 persona
366 2323 485 2350 retinet:
503 2330 535 2350 ex
550 2330 606 2358 quo
620 2323 754 2350 mediator
769 2323 814 2350 Dei
832 2327 858 2350 et
882 2322 1014 2349 Itotninun

1076 2325 1246 2361 ίδιωμάτων·
1262 2325 1352 2359 μένων
1367 2326 1405 2357 ὼς
1429 2325 1495 2357 Θεὸς
1518 2326 1623 2357 ὀαύτὸς
1638 2327 1848 2361 ἀπερίγραπτος
1859 2334 1866 2342 ·

235 2370 372 2405 apparuit,
393 2369 554 2404 medioipsa
578 2373 699 2396 extrema
725 2368 904 2404 participans,
934 2372 1014 2402 ctpe1

1075 2370 1112 2402 ὡς
1126 2371 1175 2397 καὶ
1186 2371 1222 2397 τὰ
1235 2371 1351 2407 πατρῷα
1369 2370 1504 2406 ἰδιώματα
1527 2370 1636 2397 ἅπαντα
1654 2371 1700 2405 ὑφ’
1721 2372 1762 2398 ἑνὶ
1782 2380 1869 2406 προσ-

235 2415 355 2449 seipsum
370 2414 468 2441 divina:
483 2422 532 2441 nos
546 2419 650 2441 natura;
663 2414 811 2448 participes
821 2413 949 2441 elﬁciens.
964 2412 1024 2440 Sic-

236 2466 267 2488 ut
287 2461 360 2488 enim
385 2461 444 2488 ﬁeri
461 2461 558 2495 nequit
572 2465 611 2493 ut,
629 2459 701 2487 Deus
722 2460 780 2494 ipse
805 2467 866 2487 cunt
883 2459 918 2487 sit
936 2457 1025 2485 Patri-

237 2515 290 2542 que
304 2508 428 2542 atqualis,
443 2514 497 2534 nou
513 2512 703 2534 extraomnem
717 2507 753 2534 sit
764 2506 1027 2541 incircumscriptio-

239 2561 300 2581 nent
316 2554 450 2588 (inﬁnitus
470 2553 604 2588 siquidem
629 2557 672 2581 est
686 2553 758 2580 Deus
777 2557 810 2586 ret
822 2552 985 2579 interminus
999 2557 1027 2579 et

237 2599 550 2635 incomprehensibilis),
567 2599 608 2627 sic
618 2600 698 2627 etiam
719 2600 776 2627 ﬁeri
791 2607 844 2626 non
858 2603 958 2634 potest,
975 2602 1005 2626 ut
1017 2618 1026 2631 ,

239 2653 302 2672 cum
315 2653 378 2672 vere
392 2645 474 2672 horno
485 2645 521 2673 sit
536 2646 593 2681 ipse
606 2667 613 2679 ,
630 2651 657 2673 et
670 2646 747 2673 nobis
766 2646 863 2673 similis
881 2646 969 2672 factus
980 2652 1027 2679 per

241 2693 343 2725 omnia,
357 2693 427 2719 intra
446 2693 727 2728 circumscriptionem
740 2699 795 2719 non
809 2696 928 2719 maneat.
945 2691 1028 2719 Com-

239 2738 423 2773 prebensibile
437 2738 539 2774 quippe
553 2744 595 2766 est
617 2738 677 2771 ejus
692 2745 803 2773 corpus,
821 2742 951 2772 tactuque
971 2737 1028 2772 pul-

237 2784 337 2819 pabilc,
369 2789 397 2811 et
427 2783 518 2811 colore
549 2784 665 2812 visibile.
683 2783 761 2817 Quod
788 2791 841 2811 non
867 2784 1029 2811 conﬁtentes

1075 2416 1144 2452 ὡπῳ
1166 2417 1351 2453 κεκτημένος·
1369 2417 1436 2445 καθὸ
1457 2417 1504 2444 καὶ
1527 2417 1642 2452 μεσίτης
1664 2416 1731 2444 Θεοῦ
1755 2417 1804 2444 καὶ
1819 2418 1868 2445 άν-

1077 2461 1196 2498 θρώπων
1207 2463 1322 2498 πέφηνε,
1336 2463 1370 2498 τῇ
1383 2463 1513 2498 μεσότητι
1527 2465 1585 2495 τοῖς
1595 2463 1692 2498 άκροις
1707 2464 1848 2490 κοινωνῶν
1859 2471 1866 2479 ·

1076 2507 1125 2534 καὶ
1138 2507 1172 2534 δι’
1185 2507 1282 2534 ἑαυτοῦ
1300 2509 1444 2540 κοινωνοὺς
1468 2509 1543 2544 ἡμᾶς
1564 2508 1638 2539 θείας
1660 2508 1769 2543 φύσεως
1781 2510 1869 2544 ἁπερ-

1077 2553 1246 2589 γασάμενος.
1267 2553 1310 2585 Ὠς
1327 2554 1381 2590 γὰρ
1398 2555 1448 2581 οὐκ
1463 2555 1602 2590 ἐνδέχεται
1616 2554 1682 2581 Θεδν
1693 2554 1776 2581 αὑτὸν
1791 2555 1867 2587 ὄντα,

1077 2599 1126 2629 καὶ
1146 2600 1202 2626 ἴσον
1216 2599 1254 2636 τῷ
1266 2599 1364 2635 Πατρὶ,
1383 2600 1421 2636 μὴ
1437 2600 1497 2635 οὐχὶ
1508 2600 1561 2632 ἔξω
1583 2601 1758 2637 περιγραφῆς
1775 2599 1847 2628 εἶναι
1859 2608 1867 2615 ·

1078 2645 1191 2680 ἄπειρον
1203 2645 1258 2680 γὰρ
1272 2645 1302 2671 τὸ
1320 2645 1391 2672 θεῖον
1404 2647 1451 2672 καὶ
1465 2647 1590 2682 ἀόριστον
1603 2647 1649 2676 καὶ
1662 2647 1850 2682 ἀπερίληπτον
1859 2653 1867 2660 ·

1077 2689 1123 2716 τὸν
1134 2689 1216 2717 αὑτὸν
1228 2690 1260 2721 δὴ
1275 2690 1375 2726 τρόπον
1401 2692 1594 2728 ἀνεγχώρητόν
1622 2695 1697 2719 ἑστιν
1723 2693 1870 2728 ἄνθρωπον

1079 2735 1161 2762 αὑτὸν
1173 2735 1282 2771 ἀληθῶς
1297 2736 1372 2770 ὄντα,
1394 2738 1441 2764 καὶ
1456 2738 1547 2773 ὅμοιον
1558 2740 1627 2774 ἡμῖν
1638 2738 1710 2767 κατὰ
1722 2739 1813 2768 πάντα
1824 2746 1869 2772 γε-

1084 2781 1194 2816 γονότα,
1212 2782 1251 2817 μὴ
1266 2782 1327 2818 οὐχὶ
1337 2785 1511 2820 περιγραφῆς
1522 2783 1589 2812 εῐσω
1604 2785 1697 2821 μένειν
1709 2792 1718 2801 ο
1733 2790 1869 2821 inp-19e-

996 2846 1112 2876 NOTAE.

275 2898 309 2933 (°)
324 2897 477 2933 Dogmatica

1102 2894 1158 2930 (98)
1174 2894 1202 2922 ln
1219 2894 1281 2923 cod.
1299 2893 1364 2931 Reg.
1381 2895 1430 2928 σε’.
