1927 3089
91 202 158 229 τι-ιδν
173 198 250 236 [cotL
275 196 344 232 Reg.
368 189 607 229 περιληπτὸν]γὰρ
627 187 712 216 αὑτοῦ

92 248 148 283 ἁφῇ
161 245 211 272 καὶ
224 243 305 279 χροιᾷ
317 239 530 277 ψηλαφώμενον.
547 236 637 270 Ὀπερ

92 303 137 326 τες
153 293 179 320 οι
201 288 396 325 Εικονομᾶχοι,
422 283 631 321 ἀρνησίχριστοι

92 325 236 375 εστήκασι,
250 336 297 363 τδν
304 333 462 369 ὲνσώματον
473 329 618 364 ἀσώματον
628 325 864 360 ὑπολαμδὰνοντες
872 330 880 339 ·

92 387 140 414 καὶ
151 368 205 412 ⁵τὸν
223 368 281 419 μεθ’
301 368 382 417 ἡμῶν
394 376 528 413 γεγονότα
542 374 594 406 ἔξω
607 374 657 409 τῆς
671 372 732 399 καθ’
745 370 818 406 ἡμᾶς
834 368 884 403 φύ-

93 441 163 463 σεως
189 417 410 465 δογματίζοντες.
433 422 575 451 Ἐντεῦθεν
593 418 708 454 ἐδυνήθη
728 419 742 445 ὁ
760 417 882 452 κόσμος·

92 462 200 513 ἠρνήθη
215 462 332 510 Χριστὸς
351 471 396 498 διὰ
406 470 457 505 τῆς
475 466 578 501 σεπτῆς
589 464 670 492 αὐτοῦ
684 465 788 494 εἰκόνος
799 470 806 477 ·
826 462 844 497 ἦ
855 469 885 487 τε

93 507 302 553 Simeonem-uad.
317 519 371 550 πᾶς
389 525 432 548 τις
444 515 499 541 τῶν
511 513 608 547 ἁγίων.
622 511 662 546 Τῇ
678 510 732 545 γὰρ
742 507 884 544 παραδοχῇ

93 570 145 604 τῆς
162 568 266 598 εἰκόνος
290 563 491 599 παραδέδεκται
513 560 527 586 ὁ
550 556 748 591 είκονιζόμενος
761 562 768 570 ·
783 554 821 585 ὡς
840 553 888 580 καὶ

96 600 216 651 ἔμπαλιν
241 613 274 648 τῇ
310 610 439 645 ἁθετήσει
464 606 606 642 ἢθέτηται.
638 601 779 629 Ἐντεῦθεν
807 600 889 633 διωγ‹

98 645 148 697 μδς
172 645 432 695 ἀωβρασσῆμενος,
456 654 504 680 καὶ⁸
534 649 709 685 πατριάρχης
743 645 889 676 θεσπέσιος

97 688 375 742 έκσκορακιζόμενος,
391 699 474 735 ίερεῖς
488 706 518 724 τε
534 697 582 724 καὶ
599 696 734 730 ἱεράρχαι,
754 688 890 727 μονασταί

97 763 127 781 τε
143 735 193 780 καί
210 735 322 786 μιγάδες
337 746 508 777 ὲνθεώτατοι,
527 744 551 770 οί
575 743 624 778 μὲν
645 739 828 776 ἐξοριζόμενοι
843 735 891 763 καὶ

98 782 313 833 φυλακιίξόμενοι
326 802 334 809 ·
355 793 443 827 ἕτεροι
456 790 485 816 δὲ
500 786 723 825 μαστιγούμενοι,
750 784 798 810 καὶ
812 782 892 817 λιμο-

99 841 295 876 κτονοὺμενοι·
312 838 377 865 ἔνιοι
388 837 416 863 δὲ
438 836 486 862 καὶ
509 832 732 866 ἀποκτενόμενοι.
750 827 892 856 Ἐντεῦθεν

655 280 791 316 ἀριδήλως
811 277 881 304 καθ-

100 890 129 915 ‘ev
137 861 441 921 δρεσῗφυγαδευόμενοι
461 879 509 907 καὶ
525 861 667 913 σπηλαίοις
676 875 724 902 καὶ
736 875 796 905 ταῖς
812 873 894 903 ὀπαῖς
909 861 933 891 Β
948 869 1133 902 clamoreque,

101 918 237 967 τῆς-γῆς,
260 930 284 956 οἱ
295 928 380 964 μηδὲν
393 926 447 954 τῶν
459 925 523 961 τῇδε
536 922 730 959 προκρίνοντες
741 919 822 947 Θεοῦ.
837 918 899 945 Ἐν-

685 125 958 160 EPISTULARUM
985 123 1059 155 LIB.
1083 123 1127 153 II.

735 187 767 214 τὸ
786 186 880 220 σῶμα,
898 188 919 217 Α
932 180 1125 213 lcouomacbi,
1140 177 1243 207 Christi
1263 181 1406 213 negatores
1414 174 1558 204 manifeste
1574 174 1639 202 facti
1663 175 1727 201 ςιιιιι

655 235 705 269 οὐχ
715 231 879 268 ὁμολογοῦν-

957 233 1105 264 trporatum
1137 227 1330 261 incorporeum
1349 223 1523 256 arbitrantes,
1540 228 1660 257 eumque
1679 221 1727 256 qui

1656 115 1725 147 usae

930 276 1080 309 nobiscum;
1091 278 1173 301 natus
1200 275 1252 304 est,
1274 274 1378 298 naturae
1396 274 1497 297 nostra:
1519 271 1659 303 expertem
1682 267 1730 293 de-

931 323 1085 347 cernentes.
1104 316 1173 344 Hinc
1188 322 1340 343 concussus
1354 318 1396 341 est
1408 313 1525 340 mundus
1542 321 1549 339 :
1563 315 1679 346 negatus
1688 312 1730 338 est

933 373 981 400 per
995 363 1177 392 venerandam
1205 361 1351 396 imaginem
1365 367 1443 387 suam
1467 358 1604 390 Christus.
1625 362 1651 386 et
1666 356 1728 383 Dei-

934 419 1010 447 para,
1034 415 1061 436 et
1075 409 1163 436 sancti
1177 415 1284 434 omnes.
1299 407 1352 433 Per
1365 405 1492 440 imaginis
1506 404 1578 431 enim
1592 403 1727 437 receptio-

935 463 997 483 nem
1016 453 1148 488 recipitur
1162 453 1185 479 is
1203 451 1284 486 cujus
1297 454 1340 477 est
1361 449 1450 483 imago
1468 448 1560 475 :sicut
1572 451 1666 489 contra
1686 453 1733 480 per

936 501 1113 537 rejectionem
1128 498 1261 533 rejicitur.
1285 496 1356 523 Hinc
1380 494 1486 523 ebulliit
1501 482 1654 528 persecutio
1671 512 1678 524 ,
1701 495 1729 518 et
1767 482 1773 488 ’

937 548 1049 575 divinus
1068 544 1224 581 patriarcha
1255 542 1391 577 relegatus
1408 545 1462 572 est,
1478 538 1635 567 sacerdotes
1652 542 1734 572 atque

937 593 1070 630 episcopi,
1104 590 1233 618 monachi
1261 593 1289 617 et
1314 588 1460 616 saeculares
1480 584 1661 616 sanctissimi,
1687 583 1734 610 alii

938 639 1036 667 exsilio
1052 641 1079 665 et
1094 636 1252 664 carceribus
1279 633 1392 665 addicti,
1412 631 1458 659 alii
1473 630 1635 658 verberibus
1650 627 1736 655 fame-

943 693 998 720 que
1013 682 1127 711 cruciati
1144 691 1151 709 :
1166 680 1292 708 nonnulli
1308 679 1390 706 etiam
1410 677 1510 705 enecti.
1534 675 1604 702 llinc
1614 679 1738 701 extorres

941 732 969 758 iu
985 729 1137 761 montibus,
1163 727 1190 754 in
1218 726 1357 762 speluncis
1375 729 1402 751 et
1423 722 1549 751 cavernis
1571 726 1651 748 terrae
1664 739 1672 751 ,
1689 719 1737 754 qui

943 777 999 805 Deo
1011 775 1127 803 mortale
1146 772 1215 800 nihil
1231 770 1421 807 praetulerunt.
1437 768 1508 795 Hinc
1522 767 1614 795 diruta
1625 765 1737 799 templa.

943 828 972 851 et
984 825 1078 850 sancta
1090 819 1243 856 profanata,
1257 821 1285 844 et
1313 815 1405 843 divina
1422 814 1536 842 donaria
1555 813 1610 847 igni
1623 811 1738 839 tradita.

1153 869 1184 893 ut
1197 863 1292 900 paucis
1311 862 1402 890 dicam
1413 881 1421 894 ,
1437 865 1466 889 et
1482 860 1636 895 direptione
1661 858 1740 892 plcna

950 922 1057 944 omnia.

100 950 283 1007 tege;v";aol
295 950 577 1008 ε’κατασκαπτόὶιιενοι,
602 950 652 997 καὶ
674 950 740 1004 ἅγια
780 963 981 1002 βεδηλουμένα,
1014 962 1064 989 καὶ
1094 960 1156 988 θεῖα
1185 958 1351 995 ἀναθήματα
1376 956 1444 992 πυρὶ
1465 953 1679 990 παραδιδόμενα,
1694 950 1742 978 καὶ

139 1058 261 1099 Τοιαῦτα
273 1070 308 1096 τὰ
322 1069 371 1104 τῆς
394 1066 522 1097 ἀσεϐείας
536 1064 727 1100 ἑγχειρήματα
737 1069 744 1077 ·
760 1060 798 1091 ὡς
811 1058 844 1086 ἂν
860 1058 893 1084 ὲκ

102 1119 152 1147 τοῦ
166 1116 274 1153 καρποῦ
287 1115 319 1142 τὸ
329 1114 438 1150 δένδρον
448 1110 628 1147 γινώσκηται.
648 1107 758 1143 Ἐπειδὴ
769 1107 798 1133 δὲ
810 1105 824 1132 ὕ
829 1105 894 1140 μᾶς,

105 1167 144 1197 ὡς
159 1151 333 1198 προείρηται,
349 1161 366 1196 ἡ
381 1159 443 1186 θεία
456 1158 536 1193 χάρις
552 1154 719 1191 ήγκαλίσατο
729 1153 773 1179 διὰ
781 1151 832 1187 τῆς
846 1159 897 1178 και

105 1196 156 1247 λης
169 1196 317 1245 ὁμολογίας
331 1204 365 1242 ἧς
378 1204 572 1241 ὡμολογήσατε
584 1203 641 1232 τοῖς
653 1199 793 1235 Πατράσιν
804 1205 812 1212 ·
826 1196 898 1232 ὑπὲρ

160 1243 208 1283 καὶ
229 1254 326 1290 μέχρις
348 1251 464 1287 αἵματος
493 1246 679 1286 προθυμεῖσθε
706 1243 899 1273 ἀντικαθίστα-

109 1290 175 1330 σθαι
186 1310 193 1317 ·
211 1301 259 1328 καὶ
272 1299 352 1335 ἡμεῖς
365 1298 390 1324 οἱ
405 1296 529 1324 ταπεινοὶ
552 1294 641 1329 ταύτῃ
660 1291 693 1328 δὴ
712 1292 746 1327 τῇ
765 1290 900 1325 ὁμολογη-

109 1350 175 1384 τικῇ
190 1345 363 1382 πεποιθήσει,
381 1343 411 1370 σέ
426 1351 456 1370 τε
467 1342 518 1377 τὴν
529 1339 628 1377 κυρίαν
642 1338 798 1369 δέσποιναν,
810 1335 856 1362 τόν
871 1343 900 1361 τε

111 1381 210 1430 κύριον
246 1392 293 1419 καὶ
318 1389 464 1425 δεσπότην,
492 1387 541 1414 σὺν
567 1386 625 1416 τοῖς
648 1383 752 1415 λοιποῖς
777 1381 901 1408 εὖκλεέσι

110 1425 222 1472 κλάδοις
237 1437 287 1465 καὶ⁸
306 1433 512 1470 είσδεδέγμεθα,
540 1432 588 1459 καὶ
618 1428 840 1464 συνεισκρίνομεν
863 1425 903 1460 τῷ

114 1487 194 1523 μέρει
205 1485 255 1519 τῆς
269 1481 425 1519 ὀρθοδοξιας
437 1487 444 1494 ’
460 1478 561 1515 μᾶλλον
579 1477 609 1504 δὲ
633 1477 666 1512 τῇ
687 1474 734 1502 τοῦ
753 1473 821 1500 Θεοῦ
840 1473 903 1499 Ἐκ-

113 1518 216 1567 κλησίᾳ
227 1518 238 1546 ί
250 1529 421 1563 καὶήκοντας
433 1525 506 1561 ὑμᾶς
515 1523 583 1559 πρὸς
589 1522 638 1558 τὴν
650 1521 814 1548 ταπείνωσιν
825 1518 905 1553 ἡμῶν

114 1575 334 1613 προσκυνοῦμεν,
352 1572 400 1599 καὶ
430 1568 671 1605 συγκοινωνοῦμεν
696 1566 778 1602 ὑμῖν·
794 1564 906 1599 εὐχαρι-

115 1610 218 1659 στήρια
233 1621 272 1656 τῷ
289 1619 384 1654 ἁγαθῷ
395 1617 456 1653 Θεῷ
475 1615 684 1650 ἀναπέμποντες
709 1611 750 1644 τῷ
772 1610 907 1638 ποιοῦντι

112 1655 234 1704 μεγαλα
243 1655 292 1693 καὶ
300 1664 527 1698 ἀνεξιχνίαστα,
538 1658 582 1688 ὧν
595 1660 651 1687 οὐκ
670 1659 756 1685 ἐστιν
765 1655 887 1691 ἀριθμός
898 1662 906 1670 ·

102 1026 231 1062 κραυγῆς
245 1024 279 1051 τὰ
293 1024 383 1050 πάντα
393 1022 442 1048 καὶ
451 1018 600 1054 λεηλασίας
613 1017 718 1052 πλήρη,
731 1015 769 1047 ὡς
785 1015 814 1040 ἐν
832 1012 958 1047 συντόμῳ
971 1010 1071 1037 εἰπεῖν.

983 1054 1064 1082 Tales
1072 1057 1152 1080 erant
1170 1049 1320 1086 impietatis
1335 1053 1468 1077 conatus:
1496 1049 1526 1073 ut
1541 1053 1574 1072 ex
1590 1044 1681 1071 fructu
1695 1050 1743 1070 ar-

949 1102 999 1130 bor
1011 1103 1201 1135 cognoscatur.
1214 1096 1362 1130 Postquam
1379 1097 1471 1121 autem
1502 1091 1594 1119 divina
1613 1097 1662 1116 vos
1679 1097 1742 1124 gra-

949 1149 997 1180 tia,
1017 1147 1088 1175 sicut
1099 1145 1155 1173 dixi
1167 1164 1175 1177 ,
1192 1143 1315 1178 amplexa
1326 1145 1368 1169 est
1382 1147 1428 1175 per
1442 1138 1579 1174 egregiam
1593 1134 1744 1163 confessio-

950 1202 1024 1227 nem,
1039 1200 1121 1229 quam
1137 1190 1266 1218 Patribus
1286 1187 1403 1224 professi
1420 1185 1487 1214 estis
1508 1194 1515 1212 :
1531 1190 1581 1219 pro
1590 1190 1643 1217 qua
1656 1188 1745 1216 usque

951 1241 986 1269 ad
999 1239 1162 1275 sanguinem
1184 1237 1328 1264 decertare
1347 1232 1436 1269 parati
1459 1230 1527 1259 estis
1544 1236 1616 1257 :nos
1637 1233 1745 1263 quoque

953 1270 1072 1314 humiles
1084 1285 1163 1312 istius
1177 1283 1308 1310 nimirum
1327 1275 1510 1307 confessionis
1543 1272 1642 1301 fiducia
1663 1270 1745 1303 freti,

954 1336 980 1360 te
992 1331 1133 1359 dominam
1150 1334 1179 1357 et
1193 1328 1354 1363 magistram
1366 1344 1374 1355 ,
1394 1322 1475 1351 simul
1503 1321 1586 1349 etiam
1606 1318 1747 1346 dominum

954 1382 981 1406 et
992 1377 1162 1412 magistrum,
1179 1381 1240 1402 cum
1259 1370 1366 1400 caeteris
1380 1368 1489 1406 inclytis
1508 1365 1594 1394 ramis
1613 1369 1640 1392 et
1652 1369 1749 1390 susce-

955 1408 1051 1460 pimus
1064 1442 1071 1454 ,
1092 1426 1119 1449 et
1144 1419 1305 1448 orthodoxa:
1329 1416 1391 1444 tldei
1418 1414 1556 1450 partibus,
1577 1418 1625 1439 seu
1659 1408 1749 1445 potius

956 1468 1085 1497 Ecclesiae
1098 1466 1145 1494 Dei
1162 1470 1356 1494 accensemus,
1374 1460 1569 1492 venientesque
1590 1455 1623 1484 ad
1640 1455 1750 1483 humili-

958 1521 1040 1544 tatem
1052 1518 1173 1541 nostram
1183 1518 1233 1538 vos
1242 1515 1415 1540 veneramur,
1426 1511 1454 1534 et
1473 1504 1614 1532 vobiscum
1628 1509 1752 1529 commu-

959 1563 1095 1593 nicamus,
1104 1559 1207 1595 gratias
1217 1560 1329 1592 agentes
1343 1553 1397 1581 Deo
1409 1551 1513 1588 optimo
1529 1550 1574 1586 qui
1584 1550 1646 1584 fecit
1656 1555 1752 1583 magna

959 1614 984 1637 et
999 1606 1186 1636 inscrutabilia
1201 1604 1298 1638 absque
1315 1608 1423 1629 numero
1442 1599 1464 1615 ’⁸
1479 1607 1487 1633 ς
1510 1598 1557 1633 qui
1575 1605 1607 1624 cx
1633 1595 1754 1623 tenebris

961 1656 994 1683 ad
1004 1656 1090 1682 lucem
1108 1651 1228 1682 deducit,
1239 1658 1272 1678 ex
1287 1649 1331 1676 via
1346 1646 1451 1676 erroris
1466 1645 1498 1672 ad
1506 1643 1616 1680 pietatis
1628 1641 1753 1670 semitam

116 1681 572 1704 "ETwuﬂﬂbulﬁgv‘Iouv-w,wy
595 1681 651 1687 νυ..
670 1681 744 1685 --.η
767 1681 848 1691 -τητ
875 1681 883 1688 _

116 1713 158 1748 τῷ
172 1713 205 1738 ἐκ
218 1710 332 1740 σκότους
344 1708 384 1739 εἰς
401 1706 458 1742 φῶς
473 1706 580 1740 ἄγοντι,
596 1704 645 1731 καὶ
667 1701 698 1735 ἐξ
722 1701 784 1728 ὁδοῦ
807 1699 904 1735 πλάνης

965 1700 1093 1729 transfert
1110 1706 1173 1726 eum
1193 1703 1315 1726 omnem,
1328 1693 1376 1729 qui
1400 1701 1434 1719 ex
1446 1691 1539 1720 animo
1554 1688 1654 1717 salvari
1667 1687 1743 1721 cupit
1771 1681 1773 1684 ’

1080 1746 1086 1748 Α
1213 1743 1238 1748 ..
1313 1741 1320 1748 .
1376 1739 1384 1748 .
1440 1746 1449 1748 _
1470 1737 1580 1748 ..μην
1618 1734 1755 1748 mum“

118 1746 158 1791 εἰς
172 1757 266 1794 τρίὸον
282 1754 424 1784 εὑσεὸείας
439 1752 620 1788 μεταφέροντι
633 1749 724 1776 πάντα
737 1748 782 1775 τὸν
796 1746 826 1779 ἐξ
842 1746 909 1781 ἁλη-

118 1791 197 1840 eum;
211 1802 325 1839 καρδίας
351 1799 497 1835 ἐφιέμενον
515 1796 669 1832 ςσώζεσοαι.
685 1795 777 1822 Ταῦτα
800 1793 850 1828 μὲν
864 1791 911 1819 οὓ-

118 1838 185 1883 τωςξ
208 1847 318 1882 Ἐπειδὴ
332 1847 360 1873 δὲ
384 1844 505 1878 ἀπεδόθη
527 1844 592 1878 ὑμῖν
616 1842 692 1878 παρὰ
715 1839 764 1867 τοῦ
790 1838 910 1875 μεγάλου

121 1896 256 1933 βασιλέως
271 1895 288 1930 ἠ
301 1894 382 1929 νῆσος
397 1891 448 1926 τῆς
475 1889 611 1917 Χαλκίτου
639 1889 680 1920 είς
701 1888 912 1922 κατοικητήριον

123 1930 243 1975 διαίτης,
257 1940 287 1966 οὒ
306 1938 410 1974 μικρῶς
425 1936 570 1971 ἐλύπησεν,
586 1935 635 1970 οὐχ
646 1935 720 1969 ἡμᾶς
737 1933 825 1968 μόνον,
844 1930 913 1958 ἀλλὰ

122 1988 172 2015 καὶ
187 1986 301 2017 πολλοὺς
324 1985 378 2011 τῶν
397 1983 540 2017 Πατέρων,
566 1981 607 2008 ὃτι
625 1979 776 2014 ἀδελφότης
795 1977 843 2014 ὅλη
864 1977 913 2004 σὺν

122 2032 326 2068 καθηγουμένῳ
340 2030 389 2065 τῆς
407 2028 492 2055 πάλαι
508 2026 613 2058 οἰκείας
632 2027 715 2061 μονῆς
729 2023 831 2058 ὲξεὼθη
841 2032 848 2039 ·
865 2022 914 2049 καὶ

123 2079 172 2105 vim
203 2075 256 2104 ὦδε
281 2075 395 2103 κάκεῖσε
419 2072 621 2108 περιφέρεταιο
638 2069 686 2097 καὶ
713 2069 754 2096 ὃτι
784 2067 914 2102 ὤφθημεν

123 2125 283 2158 ἀνοίγοντες
323 2121 450 2155 γλώσσας
475 2119 523 2146 έπὶ
551 2117 701 2154 προτέραις
735 2115 914 2150 δυσφημίαις.

124 2171 224 2205 Ὅμως
254 2167 348 2202 ἐπειδὴ
375 2164 585 2200 ὰπελογήσασθε
605 2163 649 2190 διὰ
661 2161 709 2189 τοῦ
730 2159 916 2194 πνευματικοῦ

122 2218 142 2252 ἡ
147 2215 207 2252 μῶν
229 2214 287 2241 υἱοῦ
298 2213 467 2248 Κλήμεντος,
481 2211 529 2237 τοῦ
541 2208 739 2237 εὐλαὸεστάτου
752 2206 916 2242 ἡγουμένου,

125 2251 215 2293 οῦτως
232 2260 280 2287 καὶ
308 2259 393 2290 οὕτως
411 2257 530 2293 ὑπάρξαι
544 2255 594 2291 τὴν
617 2254 746 2282 ὑπόθεσιν
763 2254 796 2279 ἐκ
815 2251 919 2287 βασιλι-

124 2308 178 2343 κῆς
195 2304 508 2339 ὲξουσίας,ὰπελύθημεν
518 2302 567 2337 τῆς
581 2301 680 2335 λύπης.
699 2299 785 2326 Τοῦτο
792 2299 820 2325 δὲ
828 2305 920 2333 παρα-

124 2352 277 2387 καλοῦμεν,
307 2352 370 2378 ὄσον
397 2350 535 2385 ἐνδέχεται
556 2345 736 2374 ὲκῦιάσασθαι
753 2345 826 2380 ὑμᾶς
838 2343 920 2379 θερα-

128 2399 232 2426 πεῦσαι
244 2398 275 2424 τὺ
296 2397 379 2430 ἄλγος
394 2395 449 2423 τῶν
469 2395 614 2427 ἐξιόντων·
626 2390 723 2428 ἐπειδὴ
745 2391 903 2426 γέγραπται
914 2398 921 2406 ·

127 2447 178 2482 Μὴ
194 2445 247 2481 δῷς
259 2444 397 2480 ἀνθρώπῳ
413 2442 499 2470 τόπον
513 2439 688 2476 καταρᾶσθαι
705 2447 748 2465 σε.
760 2437 816 2464 Καί
828 2445 835 2452 ·
858 2437 925 2464 Ἵνα

128 2493 171 2523 τί,
183 2492 278 2528 φησιν,
290 2491 309 2526 ή
327 2489 483 2524 ἐλευθερία
496 2497 557 2524 μου
584 2487 717 2521 κρίνεται
740 2485 799 2512 ὑπὸ
828 2482 927 2517 ἄλλης

129 2537 341 2571 συνειδήσεως
350 2544 360 2568 ;

165 2584 227 2612 ΣΕ’.
247 2598 282 2604 -
296 2582 416 2617 Κωσσίςι
429 2580 486 2618 (99)
508 2578 763 2612 κανδιδαστισσῃ.
779 2575 883 2612 [ωκα’.]

962 1750 1051 1782 Atque
1080 1746 1136 1773 haec
1174 1743 1286 1779 quidem
1313 1741 1341 1768 in
1376 1739 1451 1766 hunc
1470 1737 1594 1764 modum.
1618 1734 1755 1762 Caeterum

963 1780 1108 1829 postquam
1122 1790 1246 1818 Cltalcita
1265 1787 1356 1815 insula
1371 1785 1450 1813 vobis
1486 1783 1627 1817 designata
1661 1780 1713 1807 fuit
1739 1786 1755 1806 ι

965 1826 1066 1874 magno
1081 1837 1247 1871 imperatore
1276 1833 1309 1860 ad
1325 1830 1494 1858 domicilium
1507 1826 1693 1856 habitationis,
1708 1831 1757 1860 per

964 1886 1035 1914 duos
1049 1890 1147 1916 annos,
1168 1889 1222 1909 non
1239 1878 1414 1908 mediocriter
1439 1875 1588 1903 doluimus.
1605 1879 1693 1907 neque
1712 1878 1758 1898 so-

965 1933 1022 1960 lttm
1038 1938 1099 1964 nos,
1111 1929 1159 1958 sed
1175 1927 1252 1955 multi
1263 1926 1344 1954 etiam
1361 1931 1394 1951 ex
1402 1921 1542 1953 Patribus,
1556 1919 1628 1954 quod
1646 1917 1758 1945 univcr-

967 1985 1015 2006 sus
1048 1976 1165 2003 fratrum
1184 1977 1272 2001 metus
1289 1978 1352 1999 cum
1370 1968 1504 1999 antistite,
1516 1972 1607 1993 vetere
1629 1972 1680 1992 suo
1698 1970 1760 1989 mu-

967 2022 1088 2052 nasterio
1104 2021 1206 2056 eiectus
1220 2018 1266 2050 sit,
1280 2021 1308 2044 et
1320 2021 1394 2043 nunc
1419 2014 1474 2041 huc
1504 2011 1625 2046 illucque
1643 2009 1760 2036 circum-

968 2074 1075 2105 agatur,
1089 2065 1197 2102 etquod
1210 2063 1262 2092 νίςὶ
1276 2063 1363 2090 simus
1374 2061 1480 2094 linguas
1495 2057 1602 2093 aperire
1617 2055 1651 2082 ad
1668 2053 1762 2089 pristi-

970 2123 1005 2143 na
1023 2113 1156 2142 convicia.
1167 2111 1375 2139 Verumtamen,
1390 2105 1519 2141 quoniam
1533 2110 1580 2138 per
1591 2103 1762 2129 Clementem

970 2159 1139 2197 spiritualem
1157 2157 1241 2184 lilium
1260 2158 1396 2184 nostrum,
1412 2149 1673 2178 reverendissimum
1692 2153 1764 2181 prte-

970 2193 1103 2243 positum,
1120 2201 1312 2238 respondistis,
1325 2200 1361 2226 ita
1374 2203 1455 2232 atque
1471 2196 1508 2223 ita
1525 2193 1703 2222 c0nstitutam
1730 2199 1763 2218 ex

972 2239 1047 2288 regia
1061 2250 1223 2279 auctoritate
1242 2254 1300 2274 rem
1317 2245 1414 2277 fuisse,
1431 2242 1570 2271 tristitiam
1598 2239 1763 2274 depulimus.

973 2299 1032 2326 Hoc
1052 2304 1117 2326 vero
1140 2296 1320 2324 obtestamur,
1351 2296 1393 2323 ut,
1410 2293 1544 2324 quantum
1568 2285 1671 2314 conuiti
1688 2283 1766 2311 vobis

974 2347 1049 2377 licet,
1065 2341 1262 2379 egredientium
1290 2338 1413 2365 dolorem
1437 2333 1583 2369 mitigatis;
1600 2332 1664 2366 quia
1697 2329 1767 2358 scri-

978 2397 1054 2428 ptum
1074 2377 1117 2418 est
1140 2398 1147 2416 :
1169 2387 1209 2415 Ne
1233 2387 1282 2413 des
1306 2383 1411 2412 homini
1438 2381 1541 2411 locum,
1570 2383 1600 2405 ut
1624 2377 1770 2404 maledicat

974 2420 1056 2466 iibi"
1072 2456 1081 2464 .
1099 2434 1152 2462 Et:
1172 2431 1284 2467 thuid,
1299 2430 1349 2464 ait,
1375 2428 1484 2455 libertas
1502 2432 1559 2451 mea
1571 2422 1710 2459 judicatur
1735 2420 1768 2448 ab

977 2484 1066 2512 aliena
1081 2480 1242 2510 conscientia
1251 2478 1275 2494 “
1285 2477 1297 2505 ?

1152 2570 1268 2600 εον...
1279 2567 1381 2596 Cassia
1393 2563 1593 2592 candidetisw.

165 2602 227 2612 ,μ’
247 2602 282 2604 —_
296 2602 416 2617 “WV'Y'
441 2602 472 2610 vv
508 2602 763 2612 .'—""—""‘II'
780 2602 808 2612 L"
826 2602 841 2603 ⁷⁷
862 2602 883 2612 ⁷]

133 2632 319 2663 lutet-rogatum
334 2635 363 2654 se
380 2629 410 2654 ab
425 2602 465 2659 ea,
475 2602 654 2660 [superioribus
671 2623 764 2650 litteris
773 2621 979 2678 respont‘litssedid
996 2619 1063 2652 quod
1073 2625 1160 2644 verum
1176 2620 1204 2642 et
1219 2621 1319 2648 equum
1338 2610 1444 2645 putavit.
1465 2615 1514 2634 ιιθο
1531 2613 1605 2640 1⁵0⁸⁵⁸
1618 2613 1633 2631 ι
1648 2602 1774 2630 “manu”

887 2660 939 2678 tsce
958 2659 1012 2678 ere.

887 2659 1002 2678 tsceuere
1006 2671 1012 2678 .

169 2702 276 2739 Χρονία
292 2701 452 2738 ήδπιστολὴ
469 2700 521 2736 τῆς
542 2696 699 2735 τιμιότητός
713 2703 772 2729 σου,
794 2694 844 2722 καὶ
856 2693 928 2730 αῦτη

167 2760 194 2778 ’⁸
205 2759 258 2788 Job
276 2767 304 2793 ν,
327 2759 356 2788 9.
392 2759 415 2776 ⁷⁸
430 2757 511 2786 Prov.
531 2765 597 2790 tu,
622 2756 665 2784 l0.
703 2754 752 2782 ὀι
773 2752 838 2782 Cor.
852 2760 880 2785 κ,
892 2751 938 2780 εο.

1017 2692 1125 2721 Prolin
1144 2689 1261 2727 epistola
1293 2683 1513 2715 honorificentia
1529 2687 1594 2714 tuae,
1622 2677 1776 2712 eademque

900 2805 1013 2836 NOTE.

180 2852 238 2889 ('99)
256 2852 286 2880 In
303 2851 362 2881 trod.
377 2850 444 2887 Reg.
459 2853 510 2886 ιη’.
