1927 3089
189 110 257 147 1623

786 112 816 142 S.
828 109 1025 141 THEODOHI
1045 109 1220 141 STUDITt‘E

1747 112 1814 144 1624

185 169 412 206 expostulatoria;
426 173 453 198 et
461 177 536 198 nunc
547 168 676 197 humilius
683 175 712 196 se
722 167 891 203 deprimens,
904 173 972 193 nunt

1029 165 1179 201 ὲγκλητικὴ
1193 175 1200 181 ι
1218 166 1266 192 καὶ
1296 165 1333 201 πῆ
1367 165 1417 201 μὲν
1437 164 1712 202 ὕποταπεινουμένη·
1729 167 1767 203 πῆ
1788 168 1816 194 δὲ

185 216 331 250 insurgens
345 216 476 244 advursus
505 217 661 243 tenuitatem
677 219 800 241 nostrain
815 223 822 246 ;
847 219 974 247 tanquam

186 268 287 288 temere
298 267 324 288 et
339 261 544 289 inconsiderate
559 266 654 289 contra
668 265 693 287 te
705 260 857 287 calumnias
877 259 977 286 admit-

184 313 291 340 tamus;
303 309 387 335 sedet
406 316 486 336 voces
508 316 569 342 qua;
583 308 643 335 sine
656 307 761 342 judicio
772 306 950 341 proferuntur
967 315 973 332 :

184 354 264 389 idque
292 354 319 382 in
346 355 428 382 rebus
461 354 572 381 maximi
593 354 734 381 momenti.
749 352 804 381 Nos
817 360 881 380 vero
912 360 974 379 cum

184 400 252 427 tales
266 401 414 427 amandare
432 400 569 427 soleamus
593 404 650 426 tum
667 399 733 426 illud
756 399 952 427 denuntiamus
966 417 974 428 ,

182 453 244 480 qua:
259 446 340 479 vulgo
361 445 517 480 jactantur,
544 445 585 473 sic
607 452 658 472 nos
685 445 780 472 audire
800 452 850 472 ceu
871 444 976 472 ludicra

183 491 306 525 quaedam
317 499 324 523 ;
335 491 376 518 sit:
392 497 443 517 nos
456 490 539 524 loqui,
555 497 609 517 non
623 494 653 517 ut
661 489 818 517 hominibus
826 489 973 524 placentes,

183 536 230 563 sed
247 535 302 562 Deo
316 536 363 571 qui
383 536 480 570 probat
493 535 574 563 corda
594 539 709 563 nostra:
737 535 846 563 tametsi
871 534 974 568 alioqui

182 587 339 618 peccatores
358 590 465 614 sumus_
486 581 555 609 Nam
582 582 606 610 si
631 581 742 609 Balaam
766 589 854 615 augur
876 580 974 608 adduci

183 637 236 656 non
250 629 348 664 potuit,
364 634 393 655 nt
407 633 503 664 praeter
520 628 567 656 Dei
596 629 765 656 voluntatem
792 627 874 654 Balae
904 627 974 654 allo-

184 675 330 711 phylorum
343 675 400 710 regi
415 675 593 709 responderet
611 683 619 707 ;
637 674 684 709 qui
696 674 754 702 fieri
781 677 865 709 queat
878 678 907 700 ut
923 679 974 700 nos

182 728 209 748 ιιι
222 721 368 749 sacerdotii
383 721 471 756 gradu
485 721 640 753 constituti,
671 721 860 756 rationemque
886 721 913 748 in
928 720 974 748 die

179 766 275 803 indicii
288 775 383 795 eorum
396 768 556 803 interrogati
583 768 806 802 responderimus
819 766 950 794 reddituri
964 787 972 800 ,

181 814 284 849 aliquid
307 819 487 849 prteterquam
497 815 574 842 decet
590 813 785 850 proferamus?

219 903 264 932 Sic
279 904 363 939 igitur
376 903 410 931 ad
426 903 592 938 interrogata
608 903 811 938 respondimus.
841 909 895 929 non
920 901 973 937 ipsi

182 958 230 986 per
249 958 299 978 nos
312 954 342 977 ut
356 950 408 978 hoc
420 950 462 978 vel
474 950 538 977 illud
550 950 626 977 fieret
642 949 817 984 imperantes,
830 948 901 976 sicut
915 948 973 982 ipsa

182 998 273 1025 dicere
286 1005 340 1024 non
356 997 496 1024 dubitasti.
511 996 581 1029 Quid
603 996 676 1023 enim
697 995 810 1024 vis?.an
827 999 856 1021 ut
871 993 973 1028 cuique

182 1043 290 1078 placet,
312 1048 497 1071 mercatorum
529 1049 621 1075 more,
647 1050 698 1069 nos
722 1041 908 1076 respondere?
929 1041 970 1066 An

181 1089 273 1124 potius
285 1089 430 1117 veritatem
454 1092 484 1116 ut
505 1096 534 1116 se
554 1089 634 1116 liabet
658 1087 796 1123 proﬁteri?
821 1087 862 1114 Ne
890 1086 973 1121 igitur

181 1135 333 1169 plectamur
350 1142 401 1162 nos
417 1134 535 1162 humiles
555 1133 755 1168 intempestive,
783 1137 812 1160 ut
835 1140 850 1160 a
874 1134 970 1168 teipsa,

182 1185 230 1208 aut
246 1188 262 1208 ιι
276 1180 387 1208 domina
402 1187 508 1212 sorore,
531 1184 580 1207 aut
602 1180 636 1206 ab
651 1179 716 1212 alio,
737 1179 781 1207 cui
796 1179 973 1213 proscindere

182 1234 214 1254 ac
232 1226 377 1253 traducere
391 1233 441 1253 nos
461 1225 551 1253 liceat.
568 1225 645 1252 Scito
658 1231 749 1252 autem
769 1232 820 1253 nos
837 1233 902 1260 erga
931 1225 973 1252 di-

182 1281 266 1307 gnum
281 1277 382 1299 reterna
397 1272 528 1299 memoria
543 1271 698 1306 Strati-gum
713 1271 803 1298 alieno
813 1271 905 1299 animo
918 1279 972 1299 non

182 1326 256 1352 esse,
283 1319 348 1353 quin
370 1323 397 1345 et
418 1318 495 1345 valde
517 1318 668 1350 benevolo;
697 1317 926 1352 quemadmodum
946 1321 973 1344 et

181 1370 246 1398 erga
267 1363 354 1398 ipsius
367 1370 477 1398 quoque
490 1363 645 1399 conjugem.
658 1362 786 1390 Doletnus
805 1370 871 1390 sane
885 1370 917 1390 ac
932 1363 973 1389 vi-

183 1409 275 1436 cissim
296 1408 359 1443 jure
382 1408 599 1443 cxpostulamus,
628 1407 703 1442 quod
727 1415 776 1434 vos
806 1412 834 1435 et
857 1408 971 1434 scientia

183 1459 354 1489 praestantes,
370 1458 397 1481 et
412 1454 570 1488 religionem
586 1454 729 1487 amplexae,
745 1461 799 1480 non
820 1460 883 1480 vera
903 1453 970 1480 cha-

184 1500 263 1528 Iitate
279 1500 355 1527 illurn
372 1500 397 1527 in
412 1500 466 1527 [ine
480 1504 632 1534 prosecuta:
645 1499 715 1527 sitis.
732 1498 884 1533 Oportebat
897 1499 970 1527 enim

183 1552 245 1574 ante
256 1547 348 1574 omnia
367 1547 392 1574 ei
410 1554 492 1581 super
502 1545 610 1578 omnia,
635 1545 662 1573 id
693 1545 765 1580 quod
789 1545 849 1579 ejus
873 1546 972 1573 animae

183 1594 283 1621 salutis
294 1598 364 1625 erat,
381 1598 410 1620 ut
423 1597 657 1620 sacramentorum
670 1592 807 1627 particeps
820 1591 896 1619 fleret
905 1600 972 1619 con—

184 1640 306 1673 tendere,
322 1644 419 1667 caatera
430 1639 522 1666 omnia
533 1643 563 1666 ut
573 1643 695 1666 stercora
709 1638 879 1670 existimare.
891 1639 972 1666 modo

184 1685 210 1712 in
227 1686 380 1713 orthodoxa
398 1685 594 1713 communione
619 1683 806 1718 inveniretur;
822 1684 886 1719 quia
902 1684 972 1710 scri‘

183 1738 258 1768 ptum
276 1738 318 1760 est
332 1741 339 1759 ι
351 1731 401 1759 Ubi
417 1737 441 1759 lc
459 1733 592 1764 invenero,
610 1731 647 1758 ibi
674 1736 698 1758 te
717 1730 844 1765 judicabo
855 1730 890 1757 ⁸¹.
915 1729 972 1757 Nos

183 1779 292 1814 quidem
313 1778 357 1806 ltic
370 1778 504 1806 sentimus
515 1782 544 1805 et
568 1777 695 1805 dicimus.
713 1776 792 1809 Quod
812 1775 835 1804 si
855 1775 900 1803 alii
922 1775 973 1802 ali-

184 1831 234 1858 ter,
250 1824 367 1859 propriae
385 1823 438 1858 ipsi
449 1823 524 1850 vocis
538 1827 603 1850 sunt
619 1822 723 1850 domini
737 1830 744 1848 :
759 1826 786 1849 et
807 1830 857 1849 nos
877 1822 972 1856 utique

185 1870 328 1897 sileamus.
346 1869 472 1904 Cognovit
489 1867 619 1894 Dominus
637 1867 682 1903 qui
696 1866 842 1901 auntejur,‘
854 1871 878 1894 et
894 1867 976 1893 disce-

182 1917 229 1942 dat
254 1915 286 1942 ab
307 1916 446 1950 iniquitate
476 1914 561 1940 omnis
585 1914 630 1948 qui
660 1913 779 1939 nominat
806 1921 901 1939 nomen
919 1911 974 1938 Da-

182 1961 249 1989 mini
264 1962 299 1994 δ’,
315 1961 387 1988 sicut
403 1959 534 1994 SCI‘ipllllll
547 1964 599 1985 est.

367 2014 457 2043 CCVI.
474 2016 509 2034 ὲ
524 2014 648 2049 Hypacoe
663 2013 784 2042 moniali.

1031 213 1284 248 κατεξανισταμένη
1293 212 1344 248 τῆς
1365 213 1543 248 οὐθενότητος
1555 213 1634 249 ἡμῶν
1646 222 1653 229 '
1665 213 1704 245 ὡς
1724 214 1816 245 ἁπλῶς

1029 258 1075 284 καὶ
1095 257 1282 291 ἀνεξετάστως
1299 259 1487 294 προσιεμένων
1502 261 1552 291 τὰς
1570 259 1639 287 κατά
1653 259 1699 286 σοῦ
1725 260 1818 287 διαϐο-

1028 302 1077 334 λάς
1088 311 1095 319 ι
1117 304 1146 330 οὐ
1164 304 1217 339 μὴν
1233 305 1301 331 ἀλλὰ
1314 306 1362 332 καὶ
1376 306 1497 341 ἀκρίτως
1516 306 1688 341 ἐκφερόντων
1712 308 1814 342 φωνὰς,

1028 349 1076 375 καὶ
1092 350 1194 382 ταύτας
1213 352 1242 377 ὲν
1261 353 1318 382 τοῖς
1341 352 1459 387 μάλιστα
1478 353 1648 386 ἀναγκαίοις.
1670 352 1766 388 Ἡμεῖς
1788 353 1816 380 δὲ

1026 395 1085 426 τοῖς
1099 395 1233 428 τοιούτοις
1258 397 1467 429 κατεοισοέντες
1488 398 1595 434 χαίρειν
1610 398 1711 432 λέγειν,
1731 400 1817 426 ἐκεῖνο

1026 441 1172 476 δηλοῦμεν,
1187 442 1229 469 ὅτι
1254 442 1341 475 οὕτως
1363 444 1500 479 ἀκούομεν
1523 444 1558 470 τὰ
1580 444 1768 480 θρυλιλοὺμενα
1779 445 1817 477 ὡς

1027 487 1137 520 παιδίας
1154 488 1248 520 τινάς⁴
1262 489 1309 516 καὶ
1320 489 1407 521 οὕτως
1426 489 1562 525 λαλοῦμεν
1580 490 1628 525 οὑχ
1650 490 1688 522 ὡς
1709 491 1818 526 ἀνθρώι

1027 541 1089 565 ποις
1105 533 1279 569 ἀρέσκοντες,
1296 535 1366 562 ἀλλά
1379 535 1418 571 τῷ
1431 535 1490 571 Θεῷ
1505 536 1544 571 τῷ
1568 535 1741 570 δοκιμάζοντι
1766 537 1818 568 ’τὰς

1026 580 1140 614 καρδίας
1154 581 1171 615 ή
1176 580 1234 615 μῶν
1243 589 1250 596 ·
1264 582 1288 607 εἰ
1302 581 1350 608 καὶ
1362 581 1451 613 ἄλλως
1462 582 1622 618 ἁμαρτωλοὶ
1632 591 1677 617 τιη
1685 583 1815 618 χάνομεν.

1027 626 1057 652 Εἰ
1071 627 1124 662 γὰρ
1141 627 1257 662 Βαλαὰμ
1272 628 1286 655 ὁ
1298 628 1481 662 οὶωνοσκὸπος
1491 629 1521 656 οὺ
1545 629 1622 665 παρά
1643 629 1673 656 τὸ
1690 629 1818 665 βούλημα

1026 670 1073 713 τοῦ
1091 671 1158 698 Θεοῦ
1171 671 1303 708 ἠνέσχετο
1330 673 1513 709 ἀποκριθῆναι
1535 673 1575 709 τῷ
1591 674 1685 701 Βαλὰκ
1710 669 1818 709 βασιλεῖ

1025 715 1080 743 τῶν
1091 713 1251 752 ἀλλοφύλων
1264 726 1272 734 ·
1289 719 1348 750 πῶς
1359 719 1440 754 ἡμεῖς
1453 720 1478 745 οἱ
1491 721 1520 747 ὲν
1541 720 1638 755 βαθμῷ
1665 720 1817 755 ἱερωσύνης

1026 761 1160 796 κείμενοι,
1185 763 1233 789 καὶ
1258 762 1336 798 λόγον
1369 765 1516 799 ὑφέξοντες
1539 767 1568 792 ἐν
1593 766 1686 802 ἡμέρᾳ
1697 766 1817 802 κρίσεως

1026 807 1085 834 ἀνθ’
1099 804 1139 834 ὧν
1155 809 1332 845 ἐρωτώμενοι
1354 811 1579 847 ἀποκρινούμεθα
1595 812 1708 840 δυνατὸν
1723 822 1816 848 παρα-

1023 855 1220 889 τετραμμένως
1236 856 1406 891 φθέγγεσθαι
1419 857 1467 884 τοῦ
1479 858 1584 890 δέοντος
1595 867 1604 893 ;

1060 899 1153 931 Οὕτως
1166 898 1214 927 οὗν
1241 902 1434 939 ἀπεκρίθημεν
1462 905 1520 936 τοῖς
1541 905 1729 940 ἐρωτήσασινο
1764 906 1816 933 οὐκ

1024 946 1101 972 αὐτοὶ
1127 946 1173 980 ἀφ’
1191 947 1299 975 ἑαυτῶν
1315 949 1524 984 ἐπιτετροφότες
1541 950 1621 977 τοῦτο
1640 952 1750 978 κάκεῖνο
1765 960 1814 986 γε-

1024 988 1128 1023 νέσθαι,
1144 991 1181 1024 ὡς
1206 992 1276 1027 αὑτὴ
1302 994 1445 1030 προήχθης
1459 995 1556 1022 εἰπεῖν.
1569 995 1637 1031 ιΚαὶ
1655 997 1681 1023 τί
1703 995 1813 1031 βούλει;

1024 1038 1093 1073 πρὸς
1107 1038 1138 1065 τὸ
1148 1039 1266 1073 ἀρέσκον
1277 1040 1387 1076 ἑκάστῳ
1404 1041 1563 1077 ὲμπορικῶς
1577 1043 1651 1078 ἡμᾶς
1665 1043 1816 1078 ἀποκρίνε-

1025 1083 1100 1117 σοαι;
1116 1084 1132 1120 ἢ
1148 1084 1365 1120 όρθοτομοῦντας
1386 1087 1433 1114 τὸν
1447 1088 1524 1123 λόγον
1541 1089 1590 1124 τῆς
1604 1089 1750 1123 ἀληθείας;
1767 1090 1817 1127 Μὴ

1023 1130 1113 1157 τοίνυν
1126 1131 1196 1166 μήτε
1212 1132 1282 1168 αὐτὴ
1297 1133 1418 1168 πλήττου
1438 1134 1479 1165 εὶς
1492 1135 1565 1170 ἡμᾶς
1585 1135 1649 1166 τοὺς
1667 1137 1815 1168 ταπεινοὺς

1023 1176 1155 1212 ἀκαίρως,
1171 1178 1239 1212 μήτε
1255 1178 1271 1213 ἡ
1290 1179 1399 1215 κυρίαὴ
1415 1179 1527 1216 ἀδελφὴ,
1544 1180 1610 1216 μήτ’
1622 1180 1701 1212 ἄλλος
1717 1182 1731 1208 ὁ
1744 1190 1815 1216 ups—

1023 1222 1184 1257 αιρούμενος
1205 1223 1343 1251 σκώπτειν
1353 1226 1399 1252 καὶ
1414 1226 1554 1262 διασύρειν
1566 1227 1650 1262 ἡμᾶς.
1677 1227 1758 1254 Ἀλλὰ
1775 1228 1817 1261 Ti-

1023 1277 1111 1295 νωσκε
1126 1269 1167 1296 ὅτι
1180 1270 1226 1296 καὶ
1244 1270 1288 1296 τὸν
1301 1270 1467 1307 ἀείμνηστον
1475 1272 1631 1308 Στρατηγὸν
1646 1273 1696 1299 οὐκ
1710 1273 1816 1308 ἐχθρω-

1022 1315 1074 1346 δῶς
1093 1314 1201 1350 ἔχομεν,
1220 1316 1288 1344 ἀλλὰ
1305 1318 1352 1344 καὶ
1377 1318 1450 1353 μάλα
1479 1319 1637 1351 ἀσπασίως·
1656 1319 1749 1355 ὥσπερ
1766 1319 1817 1346 καὶ

1022 1359 1072 1395 τὴν
1090 1360 1214 1396 ὁμόζυγα
1238 1363 1334 1391 αὑτοῦ.
1360 1364 1527 1400 Λυπούμεθα
1552 1364 1581 1391 δὲ
1596 1366 1642 1392 καὶ
1657 1367 1816 1400 ἀνατεγκα-

1022 1405 1121 1441 λοῦμεν
1129 1407 1243 1440 εἰκότως
1252 1416 1259 1423 ⁸
1273 1409 1314 1435 ὅτι
1327 1409 1406 1444 ὑμεῖς
1418 1411 1445 1436 αἱ
1455 1411 1501 1438 καὶ
1511 1411 1611 1446 γνώσει
1622 1412 1813 1447 διαφέρουσαι,

1022 1453 1069 1479 καὶ
1088 1453 1229 1486 εὐλαὸείας
1255 1454 1479 1491 ἀντιποιούμεναι
1505 1456 1556 1484 οὐκ
1581 1457 1694 1493 ἀληθινῇ
1718 1458 1816 1494 ἀγάπῃ

985 1515 1006 1544 c
1023 1499 1124 1534 ἦχθητε
1142 1500 1171 1526 ἐν
1186 1500 1259 1527 τέλει
1273 1501 1342 1536 πρὸς
1356 1502 1447 1530 αὐτόν.
1481 1501 1558 1529 Ἐπεὶ
1570 1503 1624 1529 ἔδει
1637 1503 1690 1537 πρὸ
1705 1504 1818 1530 πάντων

1024 1545 1071 1571 καὶ
1082 1545 1153 1581 ὑπὲρ
1162 1546 1262 1579 πάντα,
1276 1547 1305 1574 τὸ
1321 1548 1491 1584 σωτηριῶδες
1508 1548 1557 1584 τῆς
1567 1548 1656 1584 ψυχῆς
1670 1549 1763 1582 αὐτοῦ,
1775 1550 1817 1581 εἰς

1023 1589 1055 1616 τὸ
1079 1592 1226 1626 μετασχεῖν
1253 1592 1308 1618 τῶν
1330 1592 1519 1628 ἀγιασμάτων,
1544 1594 1752 1628 ἀγωνίσασθαι·
1782 1595 1818 1621 τά

1024 1636 1092 1663 ἄλλα
1109 1637 1200 1664 πάντα
1217 1637 1340 1665 σκύϐαλα
1357 1639 1525 1674 ἡγούμεναι·
1542 1639 1607 1666 ὥστ’
1620 1639 1653 1667 ἂν
1665 1641 1764 1676 εὑρεθῇ
1786 1642 1818 1668 ὲν

1025 1683 1058 1717 τῇ
1073 1682 1207 1718 ὀρθοδὸξψ
1218 1684 1348 1719 κοινωνίᾳ
1357 1692 1364 1699 ·
1375 1684 1470 1721 ἐπειδὴ
1486 1685 1651 1720 γέγραπται·
1670 1687 1766 1714 Ὅπου
1777 1686 1820 1713 ἆν-

1023 1728 1099 1762 εῦρω
1113 1736 1159 1762 σε,
1177 1729 1286 1756 ἐκεῖσε
1302 1730 1405 1764 κρινῶ.
1429 1731 1523 1767 Ἡμεῖς
1535 1732 1586 1766 μὲν
1600 1731 1687 1764 οὕτως
1701 1733 1820 1767 φρονοῦ-

1026 1784 1076 1810 μεν
1091 1775 1138 1802 καὶ
1152 1775 1278 1811 λέγομεν.
1293 1777 1324 1803 Ei
1343 1777 1372 1804 δὲ
1396 1777 1495 1810 ἄλλως,
1511 1779 1590 1805 αὐτοὶ
1604 1778 1695 1814 κύριοι
1705 1779 1754 1813 τῆς
1775 1780 1819 1806 oi-

1024 1821 1101 1852 κείας
1114 1821 1207 1856 φωνῆς
1217 1829 1223 1836 ⁸
1239 1822 1287 1848 καὶ
1297 1823 1379 1858 ἡμεῖς
1398 1831 1430 1856 γε
1442 1823 1600 1858 σιωπῶμεν.
1622 1822 1690 1850 Οἵδε
1707 1825 1819 1858 Κύριος

1024 1866 1096 1900 τοὺς
1113 1867 1203 1900 ὄντας
1217 1868 1310 1895 αὑτοῦ
1323 1876 1330 1884 ·
1356 1868 1406 1896 καὶ
1434 1868 1594 1902 ἀποστήτω
1616 1869 1675 1896 ἀπὸ
1696 1869 1818 1902 ἀδικίας

1024 1913 1084 1946 πᾶς
1099 1915 1116 1940 ό
1128 1913 1278 1948 ὀνομάζων
1301 1914 1334 1941 τὸ
1355 1914 1450 1949 ὄνομα
1469 1915 1579 1948 Κυρίου
1592 1923 1599 1929 ·
1626 1914 1818 1951 καθὰγέγρα-

1024 1968 1100 1986 πται.

1106 2017 1163 2050 Σςν
1173 2017 1222 2052 (ι),
1238 2030 1272 2036 -
1288 2016 1418 2051 Ὑπακοῇ
1433 2016 1615 2052 μοναζούσῃ.
1631 2016 1732 2053 [unm]

714 2070 809 2096 Rursus
824 2078 880 2096 eam
899 2072 932 2097 do
952 2072 1036 2098 fratris
1050 2073 1119 2098 obitu
1133 2075 1283 2099 consolatur.

216 2128 270 2161 Qui
290 2128 472 2154 monasticam
486 2126 569 2153 vitam
590 2130 654 2153 sunt
666 2126 796 2161 amplexi,
811 2134 845 2154 ac
868 2127 972 2154 mundo

1059 2128 1090 2154 0E
1105 2128 1150 2154 τὸν
1167 2129 1273 2164 μονήρη
1290 2127 1348 2163 βίον
1363 2129 1577 2164 ἐπανῃρημένοι,
1597 2130 1644 2156 καὶ
1662 2130 1701 2165 τῷ
1717 2131 1816 2166 κόσμῳ

183 2175 297 2210 proinde
315 2173 426 2206 mortui,
450 2174 525 2200 velut
547 2173 705 2200 carnalibus
729 2172 870 2200 aﬁ‘ectibus
899 2173 971 2200 casi-

183 2222 289 2255 busque
304 2219 461 2254 superiores
474 2219 529 2254 jam
548 2219 620 2251 facti,
642 2219 669 2246 in
691 2219 906 2254 propinquorum
925 2227 972 2246 ca-

183 2266 351 2294 lamitatibus
362 2273 423 2301 qua:
442 2265 580 2297 accidunt,
596 2264 684 2299 frangi
699 2265 793 2292 animo
807 2272 861 2292 non
871 2265 970 2297 solent,

182 2322 233 2342 nec
250 2315 277 2341 in
296 2313 407 2340 illorum
425 2312 569 2340 funeribus
593 2312 696 2339 dolere.
715 2311 768 2339 Sed
784 2313 914 2347 quoniam
930 2313 972 2340 in-

181 2361 308 2388 venimus
326 2360 399 2394 ipsos
417 2366 527 2394 quoque
541 2362 651 2385 sanctos
664 2358 691 2385 in
702 2357 970 2392 consanguineorum

182 2406 276 2433 dolore
303 2408 457 2432 commotos
483 2403 579 2437 fuisse,
599 2404 774 2438 calentcsque
793 2403 927 2438 lacrymas
943 2403 970 2430 in

183 2460 278 2479 eorum
309 2458 423 2479 excessu
455 2450 576 2483 fudisse;
602 2457 655 2477 non
683 2449 804 2476 alienum
832 2449 969 2480 ducimus,

184 2499 254 2526 idem
273 2499 362 2533 ipsum
389 2497 468 2524 nobis
485 2496 643 2531 contigisse,
658 2503 691 2522 ac
713 2495 861 2530 prmsertim
877 2494 972 2522 fratris

183 2552 285 2576 causa,
317 2544 465 2579 fratrisque
494 2542 639 2578 prudentia
669 2547 696 2569 et
728 2541 973 2576 circumspectione

184 2591 413 2627 praestantissimi,
441 2596 468 2617 et
495 2590 541 2624 qui
575 2589 649 2617 velut
683 2588 768 2624 patris
789 2588 850 2616 loco
873 2592 973 2615 nostra:

184 2647 248 2674 erga
277 2646 326 2666 vos
345 2637 539 2666 sollicitudinis
561 2637 636 2664 vices
674 2635 837 2663 sustincbat.
875 2634 973 2662 Gravis

185 2692 298 2719 prorsus
316 2684 411 2716 dolor,
430 2690 509 2710 soror
528 2683 555 2709 in
574 2681 690 2709 Domino
703 2701 711 2714 ,
736 2681 814 2715 cujus
831 2681 906 2717 plaga
925 2687 973 2708 cor

220 2743 243 2758 ’δι
263 2742 327 2770 Vide
343 2749 425 2775 supra
438 2740 493 2768 col.
517 2738 593 2768 1598.
607 2740 629 2756 ⁸¹
645 2739 666 2767 ιι
680 2739 752 2766 Tim.
766 2747 796 2772 ll,
817 2739 859 2767 l9.

1024 2171 1148 2199 ἐντεῦθεν
1163 2174 1378 2209 ὲσταυρωμένοι,
1394 2174 1431 2206 ὡς
1446 2175 1495 2210 ήδη
1526 2174 1658 2211 ἀνώτεροι
1670 2177 1816 2211 γενόμενοι

1022 2218 1077 2245 τῶν
1090 2219 1227 2253 σαρκικῶν
1240 2220 1360 2255 σχέσεων
1383 2221 1429 2247 καὶ
1444 2220 1616 2256 συμσάσεων,
1629 2221 1660 2247 οὐ
1672 2222 1814 2256 πεφύκασι

1024 2264 1256 2299 κατακάμπεσθαι
1274 2267 1302 2292 ὲν
1323 2267 1384 2298 ταῖς
1399 2267 1582 2301 συμῆατικαίς
1603 2267 1657 2294 τῶν
1673 2269 1814 2302 συγγενῶν

1024 2311 1230 2346 περιστάσεσιν,
1249 2313 1312 2340 οὐδὲ
1325 2313 1470 2340 λυπεῖσθαι
1499 2314 1528 2340 ἐν
1544 2315 1605 2346 ut;
1622 2315 1725 2342 τούτων
1743 2316 1815 2342 ἀπο-

1022 2356 1166 2384 διώσεσιν.
1188 2358 1258 2384 Ἀλλ’
1275 2359 1368 2394 ἐπειδὴ
1384 2359 1549 2394 εὑρίσκομεν
1561 2381 1568 2392 ,
1584 2363 1631 2387 καὶ
1659 2361 1703 2388 ἐπ’
1720 2362 1814 2389 αὐτῶν

1020 2402 1076 2429 τῶν
1087 2403 1173 2437 ἁγίων
1184 2403 1342 2438 κεκάμφθαι
1355 2405 1383 2431 ὲν
1396 2405 1433 2439 τῷ
1443 2404 1497 2430 τῶν
1509 2406 1650 2439 συναίμων
1664 2406 1755 2436 πάθει,
1765 2408 1815 2434 καὶ

1022 2448 1140 2484 δάκρυον
1155 2448 1319 2482 ἀποστάζειν
1334 2449 1434 2485 θερμὸν
1447 2451 1476 2477 ὲν
1489 2452 1550 2483 ταῖς
1565 2451 1668 2478 τούτων
1685 2452 1816 2480 ἀποῦιώ-

1025 2503 1118 2521 σεσιν·
1131 2495 1161 2522 οὒ
1182 2495 1258 2528 ξένον
1280 2504 1307 2522 τι
1327 2496 1455 2531 κρίνομεν
1469 2497 1517 2524 καὶ
1536 2498 1615 2532 ἡμεῖς
1631 2498 1666 2524 τὰ
1679 2498 1750 2524 αὐτὰ
1764 2507 1815 2525 πε-

1024 2540 1162 2574 πονθέναι,
1175 2542 1222 2568 καὶ
1237 2541 1356 2577 μάλιστα
1369 2543 1415 2568 ἐπὶ
1432 2542 1548 2578 ἀδελφῷ,
1562 2544 1609 2570 καὶ
1626 2543 1733 2578 ἀδελφῴ
1743 2545 1817 2571 κατά

1024 2596 1054 2613 τε
1070 2587 1201 2623 φρόνησιν
1216 2587 1264 2615 καὶ
1275 2589 1454 2624 περιφάνειαν
1470 2589 1624 2625 καλλίστῳ,
1645 2590 1692 2616 καὶ
1709 2587 1766 2616 οἷον
1786 2591 1816 2617 ἐν

1024 2631 1100 2665 τάξει
1118 2633 1222 2668 πατρὸς
1238 2634 1363 2669 ἐπέχοντι
1388 2635 1437 2669 τῆς
1456 2634 1517 2661 καθ’
1530 2634 1601 2669 oud:
1613 2635 1753 2670 φροντίδος
1768 2635 1816 2662 τδν

1025 2678 1112 2712 λόγον.
1129 2679 1220 2706 Δεινὺν
1235 2679 1320 2712 ὅντως
1349 2680 1379 2707 τὸ
1397 2680 1493 2715 πάθος,
1511 2680 1611 2717 ἀδελφὴ
1639 2682 1669 2708 ὲν
1700 2680 1814 2716 Κυρίῳ,

946 2783 1061 2812 NOTAE.

220 2835 259 2870 (Ι)
277 2834 306 2862 ln
319 2834 381 2862 cod.
394 2834 462 2869 Reg.
475 2832 523 2860 σθ’.
