1927 3089
99 171 160 205 1625

686 165 956 198 EPISTULARUM
984 165 1056 197 LIB.
1083 168 1094 197 Ι
1100 166 1124 197 1.

1651 165 1720 199 16Ξῦ

97 227 138 253 καὶ
151 225 240 262 ἧψατο
267 224 346 260 ὑμῶν
363 223 426 259 τῆς’
443 222 558 257 καρδίας
584 223 601 258 ἠ
632 221 726 258 πληγὴ
749 222 879 257 καθάπερ

939 227 1062 256 vestrum,
1082 221 1162 257 quasi
1182 220 1273 256 gladio
1293 221 1417 254 feriente,
1432 221 1559 257 perculit.
1580 221 1651 255 Quid
1668 224 1721 250 hoc

97 272 142 299 ὑπὸ
164 269 304 307 μαχαίρας
329 269 495 304 τεμνούσης.
515 268 547 294 Τί
562 267 659 300 emito;
693 266 879 294 ὲκκαλυπτέον

96 319 144 352 γὰρ
166 316 196 342 τὺ
218 315 375 351 πρόσωπον.
399 313 428 339 '0
452 313 546 348 κύριος
560 313 575 339 ὁ
592 313 716 346 ἁδελφὸς,
733 312 771 344 ὡς
801 311 878 345 φασὶ,

95 362 263 397 κεκοίμηται.
281 361 378 396 ᾭχετο
393 359 462 394 ἀνὴρ
482 358 593 392 ἀγαθὸς,
616 358 733 393 ἐσϐέσθη
748 359 762 384 ὸ
783 356 880 392 ὀφθαλ-

96 409 139 443 μὸς
154 407 200 434 τοῦ
221 406 328 441 γένους,
342 405 451 440 ἁπέπτη
471 404 502 431 τδ
517 404 691 440 παραμύθιον
718 403 796 438 ὑμῶν
807 411 814 418 ·
831 403 880 439 ὀρ-

95 455 166 490 φανοὶ
185 454 234 489 μὲν
246 453 270 480 οἱ
285 452 380 484 παῖδες
399 451 446 483 οὓς
463 451 578 487 ἧνεγκεν
595 457 602 464 “
635 450 741 486 ὀρφανὴ
767 450 797 476 δὲ
831 450 880 476 καὶ

94 501 156 536 αὐτὴ
168 501 216 527 σὺν
232 501 291 531 ταῖς
300 499 439 534 ἀδελφαῖς,
454 498 505 524 οὐκ
522 499 622 533 ἔχουσα
637 497 689 524 ποῦ
700 497 812 534 ὲρείσῃς
829 496 880 531 τὴν

95 548 167 583 χεῖρα
181 546 360 578 ὀκλάζουσαν,
375 545 392 580 ἢ
409 543 462 571 ποῦ
482 544 645 579 ἀποϐλέῲοις
661 542 881 579 περιστατουμέ-

96 601 136 626 νη.
159 591 228 618 Ἀλλ’
248 591 291 617 ἵνα
303 591 330 617 τί
344 590 391 616 ἐπὶ
404 590 497 616 πλεῖον
522 589 757 624 ὲλεεινολογοῦμεν
771 588 803 615 τὺ
825 588 880 614 πάι

95 637 136 668 θος
146 646 154 670 ;
166 636 234 671 πρὸς
246 635 358 670 θεοφιλῆ
373 635 439 670 ἡμῖν
452 634 563 668 ὁλόγος,
584 633 652 670 πρὸς
668 633 792 670 συνετὴν,
813 633 882 667 πρὸς

94 682 235 718 ἐχέφρονα,
250 681 318 716 πρὸς
332 679 509 714 πολύπειρον,
526 679 594 715 πρὸς
615 678 741 714 ἔμπλεων
769 678 803 713 τῇ
821 677 882 712 θεία

93 729 199 763 γνώσει,
214 726 368 762 δυναμένην
383 726 430 753 καὶ
452 725 550 757 ἄλλους
564 725 746 760 σωφρονίζειν
765 724 803 759 τῷ
819 723 881 750 καθ’

93 774 188 808 ἑαυτῆς
201 772 390 807 ὑποδείγματι.
411 771 529 798 ’Ἑκὸαλε
542 772 574 798 ὲκ
589 772 637 798 τοῦ
654 771 758 806 ἀγαθοῦ
777 771 881 806 θησαυ-

94 820 138 856 ροῦ
157 820 206 854 τῆς
229 818 344 853 καρδίας
373 827 421 845 σου
437 818 484 844 τὸν
499 818 686 852 ¹πνευματικὸν
701 817 826 850 πλοῦτον,
848 817 883 844 τὰ

94 867 223 902 φάρμακα
237 865 287 900 τῆς
313 864 501 900 παραμυθίας,
515 864 673 899 ἐπαρκοῦσα
690 865 776 899 σαυτῇ
789 872 819 889 τε
835 863 883 890 καὶ

92 897 302 946 ταέςὰδελφαξς.
320 897 414 946 Ἴσμεν
430 911 485 947 γὰρ
508 912 550 938 ὅτι
572 897 709 938 κάκείνων
737 897 826 946 ﬁdium
851 910 881 943 ἐξ
898 897 919 926 Β

94 960 148 986 {sou
164 959 181 993 ή
196 958 268 993 λύπη
280 967 286 972 -
300 957 362 984 ἐπεὶ
377 958 426 984 καὶ
440 959 489 992 τῆς
504 957 603 992 κυρίας
623 955 779 992 ἡγουμένης
790 964 798 972 ·
814 955 883 983 ἀλλὰ

93 1005 144 1039 γὰρ
160 1004 208 1030 καὶ
220 1003 281 1030 ὅλου
295 1003 341 1029 τοῦ
353 1002 460 1036 γένους,
477 1002 627 1038 προσθείην
643 1003 665 1028 δ’
685 1002 718 1029 ἂν
735 1001 785 1028 καὶ
798 1001 882 1037 αὐτῆς

93 1050 140 1084 τῆς
164 1049 328 1083 συγκλήτου.
353 1048 400 1080 Τίς
412 1048 456 1074 ἐπ’
478 1048 553 1083 αὐτῷ
569 1047 607 1083 μὴ
620 1047 806 1079 ὲπιστενάξειε
819 1056 827 1081 ;
840 1056 883 1079 τις

93 1097 121 1123 δὲ
135 1096 172 1131 μὴ
187 1095 340 1129 καταγάγοι
364 1094 486 1130 δάκρυα;
499 1091 586 1130 οὗπερ
599 1095 646 1121 καὶ
664 1094 742 1130 ἡμῶν
765 1093 819 1121 τῶν
834 1103 882 1121 τα-

94 1142 192 1168 πεινῶν
206 1140 307 1176 καιπερ
320 1140 391 1166 οὕτω
403 1139 636 1174 φιλοσοφούντων,
648 1139 738 1174 ἥψατο
764 1140 781 1175 ὴ
798 1139 881 1176 λύπη.

99 1188 166 1215 Ἀλλ’
191 1187 285 1222 ἐπειδὴ
300 1186 494 1221 ἁπεϐλέψαμεν
519 1187 561 1212 ὅτι
576 1186 663 1226 οὐδεὶς
689 1186 728 1218 είς
751 1185 883 1221 γέννησιν

94 1235 178 1262 ἐλθὼν
192 1235 228 1270 μὴ
239 1234 298 1269 ούχὶ
311 1235 357 1260 καὶ
370 1234 535 1269 ἐκδημήσειε
544 1234 598 1260 τῶν
608 1234 714 1261 ἐνθένδε
725 1242 731 1249 ·
748 1234 883 1261 καὶτοῦτο

95 1282 147 1308 ἀπὸ
164 1281 211 1308 τοῦ
229 1280 401 1316 προπάτορος
421 1279 500 1315 ἡμῶν
523 1279 606 1315 Ἀδὰμ
624 1281 706 1316 μέχρι
722 1280 768 1307 τοῦ
783 1280 864 1316 δεῦρο
875 1289 883 1296 ·

95 1323 169 1353 οὐδὲν
182 1325 256 1357 ξένον
269 1325 433 1361 ἡγησάμεθα
447 1325 493 1351 ἐπὶ
518 1325 557 1360 τῷ
586 1333 618 1351 συ
623 1326 772 1361 μὸεὸηκότι
783 1334 790 1342 ·
811 1326 886 1358 ξένον

94 1372 116 1400 δ’
128 1372 161 1400 ἂν
179 1370 245 1404 εἷεν,
260 1372 339 1406 ειπερ
351 1373 367 1406 ὴ
392 1371 564 1402 θεοσύνθετὸς
590 1380 635 1398 σου
655 1372 754 1407 καρδία
779 1373 887 1407 ἐνέγκοι

95 1419 275 1454 εὐχαρίστως,
290 1417 465 1449 ὺποτύπωσις
482 1418 617 1453 γενομένη
628 1419 677 1444 σὺν
684 1419 716 1454 τῇ
729 1418 812 1454 κυρίᾳ.
820 1418 886 1444 καθ-

95 1464 249 1500 ηγουμένῃ,
267 1465 326 1495 ταῖς
357 1471 388 1490 τε
411 1463 550 1498 ἀδελςραῖς,
576 1464 624 1490 καὶ
637 1465 712 1500 πάσῃ
737 1465 769 1500 τῇ
787 1472 887 1498 συγγε-

95 1511 166 1537 νεία.

129 1555 231 1583 Διάθου
249 1554 321 1581 κατὰ
335 1554 366 1581 τὸ
377 1554 472 1586 εἰωθός
488 1562 529 1580 σοι
563 1554 689 1589 εὐψυχῶς
708 1555 808 1586 πάντα,
833 1562 885 1590 με·

96 1600 269 1637 γαλοϐούλως
284 1599 344 1627 καθ’
370 1600 432 1626 ὅσον
470 1600 607 1635 ἐνδέχεται
635 1601 819 1637 ἐπικουροῦσα
841 1601 888 1628 καὶ

96 1647 145 1680 τὴν
160 1646 251 1672 οἰκίαν
270 1644 317 1671 τοῦ
331 1643 458 1679 ἀδελφοῦ,
474 1646 513 1676 εἰς
527 1644 558 1671 τὸ
570 1646 608 1680 μὴ
625 1646 732 1681 ἐρήμην
749 1646 888 1681 καταδρα-

97 1693 160 1728 μεῖν
191 1691 255 1722 τοὺς
274 1691 481 1726 ἐφεδρεύοντας,
511 1691 539 1717 έν
556 1692 615 1723 ταῖς
641 1691 819 1727 περιστάσεσι
835 1691 890 1718 τῶν

97 1738 269 1774 ἀνθρώπων.
280 1738 427 1773 Φρύντισον
438 1734 484 1763 οὖν
502 1736 563 1763 ὅσον
573 1737 695 1770 δυνατὸν,
711 1738 756 1764 καὶ
772 1738 823 1773 τῆς
850 1746 891 1763 τι-

97 1784 164 1819 μίας
180 1784 271 1818 ψυχῆς
283 1783 330 1810 τοῦ
343 1782 447 1816 ἀγαθοῦ
461 1783 555 1818 ἀνδρὸς
564 1783 668 1810 ἐκείνου
679 1791 686 1798 ”
702 1784 742 1810 ὅτι
760 1784 807 1810 καὶ
822 1783 891 1819 μετὰ

97 1831 216 1857 θάνατον
231 1829 392 1865 βοηθοῦνται
406 1829 482 1864 παρὰ
496 1829 551 1855 τῶν
577 1829 687 1862 ζώντων
704 1830 729 1855 oi
740 1829 890 1865 ἐκδεδημη-

97 1877 189 1908 κότες.
203 1876 259 1902 Καὶ
274 1875 367 1907 ἁπλῶς
385 1876 419 1902 τὰ
434 1875 522 1902 πάντα
535 1877 564 1902 ὲν
592 1876 677 1902 πᾶσιν
691 1875 803 1911 σῐδαμέν
817 1884 846 1902 σε
861 1873 890 1902 εὖ

95 1921 279 1955 διατίθεσθαι,
300 1921 347 1949 καὶ
375 1923 538 1957 στρατηγεῖν
570 1922 616 1948 τὸν
632 1922 762 1957 λογισμὸν
779 1922 890 1957 μᾶλλον,

97 1970 114 2004 ῆ
131 1967 412 2004 στρατηγεῖσθαιὺπὺ
431 1967 479 2002 τῆς
495 1967 614 2002 ἀθυμίας
626 1967 892 2002 καὶμοχθηρίας.Είς

95 2015 166 2040 αὐτὸ
180 2014 235 2048 γὰρ
251 2012 330 2039 τοῦτο
339 2012 440 2038 καὶτὸν
452 2010 734 2046 ὰδελφδνἈθανάσιον
750 2010 890 2037 ἀπεστάλ-

95 2068 188 2095 καμεν
204 2079 212 2091 ,
228 2058 432 2088 ἐπιδεικνύντες
443 2057 474 2084 τὸ
495 2056 648 2092 περιπαθὲς
661 2055 740 2091 ἡμῶν
763 2055 831 2091 πρὸς
846 2055 891 2081 τὸν

94 2103 196 2137 ἄνδρα,
226 2104 273 2129 καὶ
292 2103 359 2138 πρὸς
375 2103 425 2137 τὴν
441 2102 578 2137 ὑμετέραν
601 2101 747 2135 τιμιότητα
768 2101 891 2134 ἐπικαμ-

94 2149 212 2175 πτικόν·
239 2149 269 2174 ὃν
298 2148 434 2183 εὐχόμεθα
461 2148 553 2182 τάχιον
582 2146 768 2180 ἀποδέξασθαι
789 2146 892 2180 ἀγαθὸν

93 2193 216 2229 ἄγγελον
223 2194 273 2229 τῆς
287 2194 449 2229 εὐχαρίστου
474 2192 551 2228 ὑμῶν
563 2192 704 2227 ὑπομονῆς
718 2190 890 2226 γιγνόμενον.

188 2276 236 2302 ΣΖ¹
249 2274 300 2312 ('2).
314 2290 349 2296 ——
368 2273 513 2306 Ὀλϐιανῷ
524 2274 678 2307 πατρικίῳ.
697 2271 795 2308 Ῐωκδ’.]

932 269 994 296 est?
1022 269 1168 303 retegenda
1179 268 1253 295 enim
1274 272 1316 294 est
1334 275 1461 302 persona.
1476 267 1611 295 Dominus
1626 267 1719 299 frater,

931 319 961 342 ut
974 315 1060 346 aiunt,
1076 315 1254 342 obdormivit.
1268 314 1342 341 Abiit
1355 315 1396 340 vir
1407 314 1666 345 honus,exstincius
1680 318 1723 342 est.

931 362 1028 389 oculus
1046 361 1166 394 familiae,
1199 361 1318 388 avolavit
1343 361 1494 387 consolatio
1509 366 1601 388 vestra
1619 370 1625 388 :
1645 365 1721 396 patre

932 408 1019 435 orbati
1041 411 1105 435 sunt
1135 407 1181 434 lilii
1204 414 1274 442 quos
1293 406 1387 442 genuit
1403 415 1409 433 :
1425 407 1521 433 orbata
1549 411 1577 434 et
1608 412 1636 434 tu
1663 407 1721 440 ipsa

932 463 994 482 cum
1007 455 1162 487 sororibus,
1181 462 1236 481 non
1257 453 1361 481 habens
1380 453 1426 480 tthi
1450 460 1561 480 manum
1577 452 1642 486 ligas
1651 453 1724 479 titu-

933 502 1055 534 bantem,
1079 509 1129 528 nec
1157 508 1212 535 quo
1231 500 1359 536 periculis
1382 499 1504 532 obsessa,
1530 499 1671 533 respicias.
1688 499 1722 525 Λι

932 554 1065 581 quorsum
1093 553 1242 574 aerumnam
1270 545 1394 580 pluribus
1408 544 1605 579 deploramus?
1620 544 1659 571 Ad
1677 544 1722 571 Del

933 597 1069 620 amantem
1089 592 1266 620 nobissermo
1278 595 1330 623 est.
1346 591 1378 619 ad
1395 590 1645 625 intelligentem.ad
1659 598 1724 625 pru-

932 640 1051 672 dentem,
1069 639 1101 666 ad
1113 638 1199 666 multa
1208 642 1359 673 expertam,
1376 637 1409 664 ad
1421 637 1511 664 divina
1531 636 1645 664 scientia
1667 637 1724 670 ple-

932 693 1007 719 nam,
1028 693 1088 720 qua:
1103 689 1130 712 et
1146 685 1215 712 alios
1231 684 1317 719 possit
1335 691 1386 711 suo
1398 683 1483 718 ipsius
1493 683 1619 717 exemplo
1632 690 1725 709 erm-n-

933 732 1010 759 dare.
1025 731 1161 766 Exprome
1174 731 1208 759 de
1220 731 1293 758 bono
1310 731 1438 758 thesauro
1467 730 1558 758 cordis
1579 730 1616 756 tui
1642 729 1725 764 spiri-

934 779 1020 806 tuales
1035 778 1164 806 divitias:
1179 777 1376 805 consolationis
1395 776 1526 808 remedia,
1552 780 1579 802 et
1597 775 1643 803 tihi
1660 775 1723 810 ipsi,

933 828 960 851 et
986 824 1128 851 sororibus
1153 822 1309 857 suppedita.
1332 821 1441 848 Scimus
1458 821 1531 848 enim
1550 820 1598 848 has
1617 827 1726 855 quoque

935 871 993 906 pari
1010 871 1125 898 alTectas
1138 878 1199 897 esse
1217 869 1328 896 tristitia
1356 877 1364 896 :
1380 867 1610 902 quemadmodum
1633 872 1660 892 et
1675 867 1725 892 do-

935 918 1008 945 mina
1019 916 1174 953 praeposita,
1193 916 1258 951 quin
1271 920 1298 943 et
1311 920 1366 942 tota
1381 914 1494 946 familia,
1508 914 1658 941 addiderim
1676 921 1726 940 au-

935 969 1000 994 tem,
1027 968 1054 990 et
1073 967 1186 990 senatus
1210 962 1276 997 ipse.
1293 961 1360 994 Quis
1381 961 1454 988 illius
1480 967 1563 987 causa
1580 967 1634 987 non
1651 960 1728 994 inge-

935 1009 1054 1038 miscat?
1067 1010 1130 1045 quis
1144 1009 1282 1045 lacrymas
1299 1015 1353 1034 non
1369 1007 1476 1035 fundat?
1492 1007 1604 1042 quando
1624 1010 1651 1033 et
1677 1013 1728 1033 nos

934 1055 1063 1086 humiles,
1077 1055 1124 1089 qui
1145 1054 1185 1082 sic
1210 1053 1448 1089 philosophantur,
1472 1052 1558 1087 tetigit
1575 1056 1665 1079 tamen
1681 1051 1728 1078 do-

934 1099 987 1128 lor.
999 1097 1102 1126 Verum
1120 1104 1266 1134 postquam
1289 1098 1479 1133 perspeximus
1494 1096 1631 1123 nemiuem
1650 1095 1728 1122 nasci

935 1146 982 1181 qui
1012 1146 1077 1173 hinc
1099 1145 1190 1172 itidem
1224 1152 1279 1172 non
1302 1148 1391 1176 exeat,
1408 1143 1490 1178 idque
1506 1151 1520 1169 a
1538 1143 1626 1177 prium
1641 1149 1728 1175 usque

935 1196 1047 1227 parente
1059 1191 1145 1218 Adam
1163 1191 1196 1217 ad
1213 1195 1336 1218 nostram
1354 1190 1425 1216 hanc
1440 1192 1546 1216 :etatem
1563 1197 1570 1221 ;
1587 1188 1655 1214 nihil
1668 1188 1727 1214 sin-

936 1237 1030 1273 gulare
1047 1237 1171 1263 arbitrati
1192 1244 1288 1264 sumus
1311 1235 1338 1262 in
1356 1243 1389 1262 co
1405 1235 1477 1269 quod
1506 1234 1617 1266 accidit,
1634 1233 1724 1268 singu-

936 1283 993 1310 lare
1003 1282 1093 1317 potius
1106 1281 1198 1314 fuerit,
1207 1282 1230 1309 si
1239 1281 1347 1316 sapiens
1358 1288 1406 1308 cor
1420 1285 1495 1308 tuum
1506 1288 1568 1308 cum
1578 1280 1727 1315 gratiarqu

936 1329 1043 1356 actione
1059 1329 1111 1356 hoc
1126 1327 1212 1360 ferat;
1230 1328 1268 1354 ita
1296 1331 1325 1355 ut
1351 1326 1476 1361 exemplo
1499 1326 1549 1357 sis,
1568 1325 1681 1360 perinde
1696 1324 1734 1352 ac'

937 1374 1048 1401 domina
1079 1374 1223 1408 prteposita
1241 1377 1299 1399 tum
1325 1371 1483 1403 sororibus,
1514 1376 1572 1397 tum
1600 1377 1727 1398 sororum

937 1420 1044 1453 liberis,
1057 1424 1292 1455 cognatorumque
1309 1419 1446 1446 universa:
1461 1416 1583 1445 familiae.

976 1553 1108 1588 Dispone,
1137 1557 1167 1580 ut
1191 1552 1316 1585 solebas,
1341 1552 1489 1587 tranquillo
1515 1551 1608 1578 animo
1625 1550 1728 1581 omnia,

941 1608 1040 1635 magno
1070 1600 1160 1635 quoad
1184 1598 1241 1626 ﬁeri
1278 1604 1366 1635 potest
1392 1599 1520 1631 consilio,
1551 1598 1643 1626 fratris
1660 1606 1729 1633 quo-

941 1653 994 1680 que
1022 1645 1133 1672 domum
1164 1644 1309 1679 adjuvans.
1337 1652 1371 1671 ne
1396 1652 1447 1678 ope
1474 1644 1603 1672 destituta
1630 1644 1656 1670 in
1682 1651 1730 1671 eos

941 1692 1073 1723 incurrat,
1086 1691 1132 1726 qui
1153 1691 1267 1718 insidias
1283 1696 1393 1718 struunt
1407 1691 1432 1718 in
1450 1691 1574 1719 adversis
1587 1691 1729 1718 hominum

942 1738 1034 1765 rebus.
1065 1737 1166 1764 Curam
1192 1738 1295 1772 igitur,
1316 1738 1405 1772 quoad
1426 1742 1512 1772 potes,
1540 1737 1607 1764 habe
1632 1737 1731 1764 animae

941 1785 1005 1812 boni
1037 1785 1110 1812 illius
1126 1785 1176 1812 viri
1205 1793 1212 1811 :
1234 1784 1363 1818 quoniam
1385 1785 1465 1811 etiam
1495 1789 1556 1819 post
1575 1789 1690 1810 mortem
1715 1791 1731 1810 a

941 1831 1098 1858 viventibus
1118 1831 1282 1864 adjuvantur
1294 1830 1339 1865 qui
1351 1830 1405 1857 vita
1418 1829 1503 1857 functi
1518 1835 1592 1857 sunt.
1609 1829 1731 1864 Denique

942 1878 1034 1905 omnia
1052 1877 1079 1904 in
1096 1878 1224 1904 omnibus
1244 1877 1370 1904 novimus
1387 1881 1412 1904 te
1432 1877 1684 1911 rectedisponcre,
1699 1883 1732 1903 ac

942 1924 1032 1959 potius
1044 1924 1178 1950 rationem
1203 1923 1279 1958 sequi
1304 1923 1412 1954 ducem,
1429 1930 1511 1957 quam
1525 1930 1539 1949 a
1562 1930 1680 1950 nioerore
1703 1926 1731 1949 et

943 1969 1069 1996 molestia
1083 1969 1151 2004 regi.
1168 1967 1224 1996 Hac
1252 1968 1324 1996 enim
1351 1968 1384 1995 de
1402 1976 1484 1996 causa
1513 1968 1624 1995 fratrem
1649 1969 1730 1995 etiam

942 2015 1124 2042 Athanasium
1145 2015 1282 2047 misimus,
1299 2014 1421 2042 dolorem
1447 2019 1570 2042 nostrqu
1600 2020 1731 2042 testantes

941 2066 1005 2094 erga
1021 2058 1190 2091 defunctum,
1206 2062 1233 2085 et
1254 2058 1379 2085 allectum
1397 2066 1461 2093 erga
1480 2059 1660 2085 reverentiam
1687 2066 1732 2085 ve-

943 2111 1027 2134 stram
1048 2115 1054 2131 :
1072 2113 1152 2140 quem
1187 2109 1313 2140 optamus
1341 2104 1417 2132 brevi
1450 2105 1590 2138 reducem,
1616 2105 1734 2132 bunum-

942 2159 995 2188 que
1007 2156 1090 2187 grata:
1101 2152 1240 2187 patientia:
1255 2156 1353 2179 vestrae
1366 2151 1492 2179 nuntium
1510 2152 1644 2187 recipere.

1135 2268 1238 2298 CCVII.
1250 2284 1284 2290 —
1302 2269 1416 2297 Olbiano
1431 2271 1555 2305 patricia.

437 2352 471 2377 L‘t
483 2352 508 2376 in
525 2352 669 2382 magistratu
682 2348 723 2380 pie
739 2356 768 2373 ac
780 2351 875 2377 sancte,
889 2350 916 2373 et
927 2346 964 2372 uti
981 2346 1147 2374 Christianum
1162 2346 1245 2376 decet,
1267 2352 1296 2371 se
1312 2348 1383 2378 gerat

134 2426 276 2462 Γεώργιος
290 2426 304 2452 ὁ
318 2424 444 2460 θεοφιλὴς
458 2423 529 2459 ἀνὴρ
541 2423 589 2450 καὶ
615 2422 755 2459 περίόοξος
766 2423 890 2457 νοτάριος

95 2473 290 2510 προσηγορίαν
305 2472 371 2507 ἡμῖν
386 2469 541 2506 κεκομικὼς
556 2469 631 2505 παρὰ
646 2469 695 2504 τῆς
708 2471 890 2503 πανευφήμου

94 2521 149 2548 καὶ
161 2519 307 2554 διαὸοήτου
324 2517 402 2552 ὑμῶν
417 2516 569 2552 ὑπεροχῆς,
592 2515 716 2551 ἅπῄτησε
745 2514 791 2541 τὸν
808 2515 892 2541 ἀντα-

95 2566 233 2601 σπασμὺν
262 2565 458 2600 ἐγγράμματον
473 2563 547 2598 ἡμᾶς
567 2561 742 2597 ποιήσασθαι,
759 2561 797 2592 ὡς
814 2559 894 2587 τοῦτο

94 2612 271 2646 κελευούσης
303 2611 354 2646 τῆς
385 2609 584 2645 μακαριότητος
616 2607 702 2640 ὑμῶν.
737 2607 832 2641 Ἡμεῖς
863 2605 893 2632 δὲ

95 2659 220 2689 ἑαυτοὺς
232 2655 394 2686 πεπεικότες
408 2654 531 2681 ὑπείκειν
555 2655 586 2680 ὲν
600 2655 657 2684 τοῖς
671 2652 788 2686 φιλικοῖς
805 2651 893 2684 καθή-

95 2713 195 2738 κουσι,
229 2703 402 2738 χαράττομεν
424 2700 505 2735 τήνδε
528 2700 577 2735 τὴν
596 2698 759 2733 ἐπιστολήν·
783 2696 909 2733 πρῶτον,

98 2752 156 2788 μὲν
174 2748 427 2786 προσαγορεύοντες
452 2747 487 2774 τὰ
513 2747 606 2774 εἰκότα
630 2747 655 2773 οἱ
676 2744 804 2777 εὐτελεῖς,
825 2742 892 2771 αὐτὸ

980 2419 1113 2456 Georgius
1131 2420 1173 2447 vir
1188 2420 1332 2455 religiosus
1348 2419 1522 2455 insignisque
1533 2421 1659 2448 notarius
1670 2430 1731 2449 cum

946 2467 1139 2494 salutationem
1164 2466 1242 2493 nobis
1273 2466 1410 2494 attulisset
1425 2467 1460 2494 ab
1474 2467 1549 2494 omni
1570 2468 1650 2495 laude
1664 2476 1729 2502 pter»

946 2512 1064 2541 dicanda
1079 2519 1106 2539 et
1132 2511 1310 2539 celeberrima
1339 2512 1500 2540 celsitudine
1515 2519 1620 2546 vestra,
1641 2519 1734 2548 postu-

947 2558 1013 2586 lavit
1030 2562 1059 2585 ut
1073 2563 1194 2585 mutuam
1205 2557 1398 2584 salutationem
1407 2557 1517 2592 scriptis
1532 2558 1628 2585 litteris
1640 2559 1722 2585 redde

946 2613 1051 2636 remus,
1077 2609 1206 2638 tanquam
1233 2603 1260 2630 id
1284 2602 1423 2630 beatitudo
1452 2607 1541 2630 vestra
1562 2603 1743 2638 praeciperet."

946 2649 1002 2676 Nos
1014 2657 1079 2676 vero
1098 2656 1159 2675 cum
1184 2648 1305 2675 animum
1331 2647 1519 2675 induxerimus
1552 2649 1579 2675 in
1606 2649 1734 2677 amicitia:

946 2695 1042 2723 ciliciis
1063 2694 1270 2729 obtempe'rare.
1290 2694 1361 2721 hanc
1389 2695 1531 2729 epistolam
1561 2702 1731 2723 cxaramus:

946 2741 1065 2777 primum
1095 2741 1203 2777 quidem
1234 2740 1394 2774 salutantes,
1420 2745 1451 2768 ut
1471 2748 1486 2768 a
1511 2741 1590 2769 nobis
1606 2741 1733 2769 tenuibus

865 2819 978 2850 NOTAE.

136 2887 179 2923 (2)
200 2887 227 2914 In
241 2886 303 2915 cod.
319 2884 384 2921 Reg.
405 2888 445 2912 σι’.
