1927 3089
182 165 250 198 162⁸1

180 225 238 251 lleri
257 227 306 257 par
319 225 372 252 est,
389 223 473 254 atque
490 217 542 245 hoc
556 216 645 258 ipsum
665 214 848 250 approbantes
869 219 901 238 ac
916 217 964 237 su-
978 210 1002 239 Δ

180 267 412 304 perapprobantes
423 285 431 297 ,
447 263 519 300 quod
533 270 625 290 vocem
640 266 760 289 nostram
771 258 866 286 audire
880 257 964 292 cupit,

180 316 228 351 qui
242 313 339 341 miselli
354 319 450 340 sumus
464 315 492 338 et
507 313 674 344 peccatores.
698 306 804 334 Etenim
820 305 872 332 hoc
885 311 966 338 argu-

182 350 303 389 mentum
319 364 362 388 est
372 358 483 394 pietatis
502 364 555 384 non
570 355 693 390 vulgare,
720 352 792 388 quod
807 350 968 379 celsitudine

181 407 308 436 sublimis
331 406 364 433 ad
389 403 534 432 humilium
556 409 648 429 vocem
666 399 825 429 inﬂectitur,
848 405 879 423 ac
900 402 968 430 pne-

183 453 275 481 sertim
298 453 494 485 hoctempore,
508 447 618 483 quando
638 446 761 482 plerique
790 443 872 472 etiam
890 441 968 469 valde

183 500 285 526 aulicos
308 497 432 524 homines
467 498 639 524 aversantur,
663 499 697 519 ne
720 490 810 518 dicam
829 488 969 516 obscurio-

183 554 227 574 res
250 554 256 572 :
283 544 380 573 deinde
413 540 700 570 Commonefacientes,
725 542 755 565 ut
769 545 832 564 cum
846 535 970 563 modera-

185 594 257 620 tione
275 591 389 626 praesitis
402 594 429 616 et
446 588 569 617 subditos
590 587 680 613 divine
692 585 803 620 regalis.

218 637 285 664 Nam
305 636 326 663 si
347 635 436 662 omnis
463 633 632 669 principatus
649 636 676 659 et
690 636 810 666 potestas
827 637 841 657 a
856 629 912 656 Deo
928 632 972 656 est

183 684 320 715 ordinata,
338 682 409 709 sicut
431 680 553 715 loquitur
585 678 731 714 Apostolus
742 677 777 709 ⁸³,
795 676 970 711 perspicuum

183 735 226 758 est
247 737 322 762 eum,
345 729 391 763 qui
412 727 595 762 principatum
619 730 646 752 et
669 728 830 760 potestatem
846 722 970 754 obtinet,

185 777 231 804 Dei
251 783 327 802 more
356 774 485 809 populum
521 772 572 799 sibi
597 771 774 798 commissum
807 775 900 802 regere
925 768 973 795 de-

185 823 249 850 bere
264 831 274 850 :
289 827 345 849 tum
367 827 397 848 ut
419 820 575 854 incorrupta
594 818 649 846 sint
674 818 759 851 ipsius
774 815 879 851 judicia
894 815 922 842 in
939 815 973 842 iis

185 879 246 906 quae
270 871 297 898 in
319 868 542 903 disceptationem
559 871 586 894 et
607 865 822 894 controversiam
838 863 972 891 veniunt:
989 883 1010 911 Β

185 923 242 945 tum
272 923 302 944 ut
329 916 446 950 benigno
471 919 622 950 pacatoque
648 912 724 939 vultu
757 916 851 939 cernat
870 911 975 938 adeun-

186 969 239 995 tes,
260 962 406 996 facilisque
420 961 511 988 aditus
526 960 652 988 fiduciam
666 959 713 986 det
728 957 874 993 eloquendi
901 956 974 991 quod

187 1017 257 1044 opus
284 1013 335 1036 est.
356 1007 499 1034 Mendicus
522 1007 613 1037 enim,
643 1009 673 1032 ut
698 1005 792 1035 aiunt,
818 1011 872 1030 non
890 1002 975 1031 susti-

187 1059 233 1081 net
250 1053 349 1081 minas.
369 1053 471 1080 Dehinc
500 1051 534 1078 ad
558 1051 675 1078 mendici
702 1054 730 1077 ct
752 1048 851 1083 abjecti
868 1055 912 1075 res
926 1048 975 1075 de-

187 1100 329 1130 scendere,
342 1104 369 1125 et
381 1098 515 1133 castigare
532 1097 642 1132 quidem
659 1095 705 1123 ubi
726 1102 838 1123 necesse
857 1098 910 1127 est,
927 1101 976 1121 ca-

189 1145 290 1181 stigare
310 1149 400 1172 autem
418 1151 471 1171 non
487 1151 533 1178 per
546 1143 626 1174 iram,
642 1141 689 1169 sed
700 1141 793 1169 studio
808 1140 977 1168 emendatio-

189 1191 242 1222 nis,
258 1192 360 1225 absque
378 1189 583 1225 perturbatione
592 1189 692 1222 animi;
711 1196 799 1223 neque
817 1195 865 1222 per
878 1186 976 1214 verbe-

190 1244 249 1264 rum
266 1236 447 1271 frequentiam
461 1244 467 1262 :
479 1235 551 1270 quod
573 1235 647 1262 enim
664 1235 768 1262 immite
782 1238 834 1266 cst,
853 1233 908 1261 Deo
921 1240 977 1261 non

185 1283 279 1318 placet
293 1292 300 1310 :
316 1283 362 1310 sed
377 1282 511 1317 judicium
528 1281 667 1314 adhibeat,
683 1277 816 1316 quantum
841 1281 909 1308 satis
924 1284 977 1313 est,

191 1334 220 1356 ut
235 1329 307 1364 quod
323 1334 399 1356 extra
415 1328 589 1363 disciplinam
618 1333 661 1355 est
686 1332 806 1360 revocet,
827 1326 979 1354 correctio-

191 1383 310 1410 nemque
321 1374 429 1407 elﬁciat,
444 1375 516 1402 sicut
535 1374 591 1402 tilio
604 1378 691 1409 pater,
711 1378 740 1401 et
764 1374 837 1402 sicut
856 1373 980 1401 medicus

190 1427 303 1455 aegroto.
320 1420 359 1448 Ac
375 1421 472 1448 beatus
491 1419 537 1447 ille
555 1420 601 1456 qui
617 1419 652 1447 ad
665 1420 740 1447 hunc
757 1419 869 1447 modum
884 1418 924 1446 vel
942 1418 982 1446 ci-

193 1468 238 1495 vili
255 1473 353 1502 przeest
366 1467 483 1503 imperio
499 1467 540 1494 vel
557 1465 682 1494 militari.
695 1465 763 1493 Nam
775 1470 803 1493 et
814 1465 920 1500 Moyses
935 1464 982 1492 Dei

193 1514 313 1542 famulus
336 1514 466 1549 populum
487 1520 594 1548 regens.
611 1517 638 1540 et
647 1510 728 1540 Jesus
753 1511 825 1538 ﬁlius
839 1509 914 1538 Nave
934 1517 983 1537 co-

193 1561 254 1596 pias
265 1560 378 1592 ducens,
397 1559 530 1594 multique
546 1566 599 1586 non
617 1559 706 1586 solum
735 1565 842 1592 regum,
870 1555 918 1584 sed
939 1555 983 1591 ju-
996 1557 1021 1588 C

193 1608 284 1635 dicum
308 1610 336 1634 et
359 1606 524 1642 principum,
546 1605 593 1640 qui
615 1605 657 1632 vel
672 1609 735 1632 ante
755 1604 852 1639 legem,
868 1603 911 1630 vel
931 1603 984 1631 sub

195 1654 265 1689 lege,
282 1653 324 1680 vel
335 1657 396 1688 post
418 1652 533 1687 gratiam
552 1651 736 1686 imperarunt.
758 1651 919 1686 primasque
941 1655 984 1677 te-

195 1703 324 1728 nuerunt.
351 1699 465 1727 Domino
489 1698 628 1733 plaCuere,
651 1697 724 1734 quod
739 1705 801 1725 cum
819 1697 918 1732 pietate
931 1696 983 1724 ad-

196 1747 395 1774 ministrarent.
410 1745 467 1773 Hoe
484 1745 567 1780 igitur
578 1745 704 1780 exemplo
719 1748 755 1776 te.
765 1744 984 1772 laudatissimum

196 1798 224 1821 et
243 1793 508 1821 desideratisslmum
533 1791 676 1819 dominum
698 1795 836 1824 nostrum,
870 1798 986 1826 praeesse

197 1841 344 1876 cupimus,
376 1843 403 1866 et
429 1846 559 1871 oramus,
586 1843 670 1872 atque
691 1837 762 1865 inter
795 1837 846 1865 hos
874 1842 986 1864 sanctos

197 1892 225 1915 et
252 1886 434 1914 admiratione
456 1885 554 1920 dignos
573 1885 647 1912 viros
675 1884 822 1912 recenseri.
843 1883 898 1911 Nec
922 1890 987 1910 vero

200 1932 416 1961 admonitionem
432 1937 555 1959 nostram
569 1930 610 1958 sic
628 1930 748 1965 accipias
765 1930 844 1965 quasi
862 1930 897 1957 ab
911 1937 989 1957 arro-

200 1979 293 2015 gantia
311 1978 472 2014 profectam,
491 1977 538 2004 sed
549 1977 641 2012 potius
653 1981 783 2011 tanquam
803 1985 818 2004 a
832 1977 987 2011 eharitate;

201 2027 329 2062 quoniam
339 2032 464 2052 amamus
475 2029 510 2057 te,
521 2024 568 2059 qui
579 2024 664 2051 Deum
671 2031 759 2055 antas.
770 2028 798 2051 et
806 2023 933 2051 amicitiae
945 2031 990 2050 ar-

202 2076 361 2107 gumentum
383 2076 438 2104 est,
456 2070 532 2097 utilia
546 2070 570 2098 ei
592 2070 639 2106 qui
663 2075 782 2102 aluatur,
800 2069 873 2105 loqui
890 2077 897 2095 :
915 2069 990 2104 quod

202 2119 383 2146 ostenderunt
394 2117 513 2145 humiles
530 2118 626 2144 litterae
645 2121 756 2145 nostrae.
771 2115 885 2143 Tribuat
900 2120 990 2143 autem

203 2165 283 2192 nobis
293 2164 383 2191 bonus
399 2163 471 2191 Deus
490 2168 596 2195 noster,
611 2167 641 2190 ut
655 2170 749 2191 coram
766 2162 792 2190 in
821 2161 990 2197 colloquium

204 2211 313 2238 tandem
345 2211 493 2245 aliquando
516 2210 671 2242 veniamus,
689 2213 716 2236 et
745 2208 825 2236 bonis
842 2215 903 2243 quae
919 2209 947 2236 in
967 2213 992 2235 te

204 2263 268 2286 sunt
285 2256 459 2292 perfruantur
477 2265 483 2283 :
502 2260 532 2283 ut
554 2263 614 2289 quae
639 2255 711 2283 fama
727 2260 754 2283 et
767 2255 862 2283 audito
877 2262 931 2282 non
947 2263 995 2282 ex-

206 2305 281 2332 hibet
301 2311 395 2331 coram
422 2304 479 2331 haec
507 2304 616 2330 oculata
640 2302 760 2338 cognitio
788 2302 995 2334 demonstrans,

206 2351 360 2387 paratiores
392 2358 443 2379 nos
463 2350 559 2378 reddat
581 2350 795 2385 capacioresque
814 2348 848 2376 ad
866 2348 996 2376 Iamicam

207 2397 432 2431 coniunctionem
447 2405 454 2423 :
470 2395 581 2430 quando
601 2395 712 2430 quidem
731 2403 747 2422 ιι
758 2394 831 2421 bono
851 2394 997 2421 tabellario

207 2443 365 2475 didicimus,
379 2444 507 2478 pietatem
518 2447 592 2470 tuam
610 2449 665 2469 non
682 2441 776 2476 paucis
799 2442 916 2477 egregiis
932 2440 1000 2468 faci-

209 2490 324 2517 noribus
339 2490 509 2526 insignitam,
525 2497 608 2526 quam
625 2489 730 2517 utinam
747 2488 878 2516 Dominus
894 2493 923 2515 ut
948 2495 998 2523 pu-

209 2537 303 2572 pillam
319 2537 402 2569 oculiI
419 2537 518 2564 noxias
530 2543 626 2564 omnes
637 2535 753 2571 injurias
765 2538 940 2569 superantem
954 2541 999 2561 cu-

211 2584 322 2617 stodiat,
330 2588 476 2619 servetque
485 2583 518 2611 ad
527 2583 614 2619 ipsius
624 2590 740 2618 regnum
750 2583 822 2617 quod
830 2581 858 2608 in
864 2581 941 2609 caelis
947 2585 1000 2611 est.

396 2631 554 2660 CCVlll.—-
568 2631 684 2658 Antonio
696 2629 826 2664 episcopo.
876 2649 885 2658 .

775 156 807 187 S.
821 151 1021 186 THEODORI
1037 149 1213 182 STUDITE

1737 134 1804 167 1628

1015 207 1095 235 τοῦτο
1105 203 1302 240 ἀποδεχόμενοι
1316 201 1365 229 καὶ
1379 197 1660 236 ὕπεραποδεχόμενοι,
1676 194 1717 222 δτι
1743 194 1804 240 γλιέ

1015 261 1093 288 χεται
1108 251 1158 287 τῆς
1179 239 1270 285 φωνῆς
1282 247 1361 284 ἡμῶν
1382 245 1498 274 ἀκοῦσαι
1524 242 1640 278 οἰκτρῶν
1655 240 1739 268 ὅντων
1759 239 1806 266 καὶ

1016 285 1198 336 ἀμαρτωλῶν.
1210 297 1264 324 Καὶ
1276 295 1329 332 γὰρ
1350 292 1494 324 εὐσεϐείας
1506 291 1606 326 δεῖγμα
1630 287 1719 336 τοῦτο.
1730 287 1760 312 οὐ
1775 285 1806 312 τδ

1016 331 1106 380 τυχόν,
1118 344 1159 370 ὅτι
1182 343 1196 369 ό
1210 339 1311 376 ὑψηλὸς
1327 340 1360 374 τῇ
1385 337 1508 372 ὑπεροχῇ
1533 335 1603 370 πρὸς
1618 334 1669 369 τὴν
1685 331 1740 380 τιῖλν
1754 340 1807 357 τα-

1018 389 1118 417 πεινῶν
1129 388 1220 424 φωνὴν
1232 385 1448 421 ὲπικάμπτεται,
1458 383 1505 409 και
1520 381 1638 417 μάλιστα
1647 380 1676 405 ἒν
1686 377 1724 413 τῷ
1735 386 1807 412 παρ-

1017 437 1073 464 όντι
1088 423 1188 470 καιρῷ,
1200 423 1286 461 νὸπότε
1300 429 1492 465 ἀποτροπάδην
1526 428 1550 454 οί
1562 425 1666 456 πολλοὶ,
1682 423 1729 450 καὶ
1743 424 1807 453 τοὺς

1018 482 1088 516 ἄγαν
1105 469 1199 516 φίλους
1226 480 1330 514 ἔχουσι,
1355 476 1394 512 μὴ
1419 475 1493 509 ὅτιγε
1516 473 1564 499 καὶ
1581 471 1645 502 τοὺς
1659 469 1810 504 ἀφανεστέ-

1021 514 1085 565 ρους
1095 536 1101 544 ·
1112 514 1216 553 ’ἔπειτα
1228 523 1487 559 ὑπομιμνήσκοντες
1503 519 1563 555 μεθ’
1584 516 1736 551 ὑποστολῆς
1760 514 1811 550 ἀρ-

1019 582 1088 610 χειν,
1105 572 1154 598 καὶ
1170 570 1274 597 διέπειν
1283 568 1314 595 τὺ
1321 568 1440 601 ὑπήκοον
1450 562 1620 598 θεοπρεπῶς,

1056 618 1087 645 Et
1099 617 1153 653 γὰρ
1167 617 1242 643 πᾶσα
1259 613 1331 650 ἀρχὴ
1347 612 1396 640 καὶ
1409 609 1521 644 ἐξουσία
1533 608 1587 635 ἀπὺ
1600 606 1668 634 Θεοῦ
1690 606 1748 632 ἐστι
1765 612 1812 631 τε-

1020 650 1157 699 ταγμένη,
1172 660 1359 691 ἀποστολικῶς
1376 658 1474 688 εἰπεῖν,
1491 654 1612 691 δηλονότι
1626 654 1641 680 ὸ
1657 653 1750 688 ἄρχων
1764 650 1813 678 καῖ

1021 710 1036 737 ὁ
1058 709 1223 743 ἐξουσιάζων
1245 705 1375 737 θεοτελῶς
1393 703 1497 740 ὀφείλει
1526 701 1661 736 διεξάγειν
1686 700 1732 726 τὸν
1759 698 1813 725 ὑπὸ

1022 757 1101 793 χεῖρα
1114 755 1191 782 λαόψ
1202 753 1282 781 τοῦτο
1296 752 1345 788 μὲν
1361 752 1390 778 ὲν
1407 750 1567 780 ἀδεκάστοις
1584 747 1699 782 κρίμασι
1714 745 1769 772 τῶν
1781 745 1812 770 ὲν

1022 791 1083 835 ταῖς
1096 800 1276 832 διαδικασίαις
1303 795 1570 834 ἀμφισϐητουμένων
1582 803 1589 810 ·
1606 792 1686 820 τοῦτο
1708 792 1737 819 δὲ
1765 791 1816 817 καὶ

1023 848 1164 884 ὲνευμενεϊ
1181 847 1228 874 καὶ
1243 844 1373 881 είρηνικῷ
1388 842 1528 880 προσώπῳ
1556 839 1722 868 ὀπτάνεσθαι
1748 838 1814 868 τοὺς

1025 883 1197 929 προσιόντας,
1214 892 1262 919 καὶ
1277 891 1375 918 διδόναι
1390 891 1423 925 τῇ
1435 887 1589 923 εὐπροσίτῳ
1597 885 1734 921 παραδοχῇ
1746 883 1816 918 θάρ-

1026 949 1072 972 σος
1082 938 1249 975 φθέγγεσθαι
1259 937 1289 964 τὸ
1301 936 1515 972 παριστάμενον.
1524 931 1634 968 Πτωχὸς
1643 931 1708 966 γὰρ,
1720 929 1819 965 φησιν,

1025 986 1075 1022 οὐχ
1097 985 1243 1020 ὑφίσταται
1269 983 1396 1017 ἀπειλήν.
1413 978 1481 1007 Εῐτα
1503 979 1552 1006 και
1581 979 1646 1014 περὶ
1663 977 1694 1004 τδ
1707 975 1819 1010 πτωχὸν

1028 1021 1111 1068 μέρος
1124 1029 1172 1057 καὶ
1185 1027 1420 1063 τεταπεινωμένον
1442 1023 1676 1060 ὲπικάμπτεσθαι,
1692 1021 1739 1048 καὶ
1752 1029 1818 1047 παλι-

1026 1067 1116 1106 δεύειν
1135 1077 1185 1113 μὲν
1208 1076 1327 1112 ὁπηνίκα
1352 1076 1369 1110 ἡ
1384 1073 1464 1109 χρεία
1491 1071 1659 1105 ἀναγκάζει·
1678 1067 1819 1095 παιδεύειν

1027 1124 1056 1151 δὲ
1071 1124 1109 1160 μὴ
1120 1124 1150 1150 ὲν
1161 1122 1251 1158 θυμῷ,
1268 1120 1335 1148 ἀλλὰ
1351 1119 1446 1155 σκοπῷ
1470 1116 1640 1153 διορθώσεως
1655 1114 1821 1149 ἀταράχως·

1030 1159 1108 1206 μηδὲγ
1123 1170 1152 1196 ὲν
1178 1167 1290 1199 πολλαῖς
1321 1165 1446 1202 μάστιξι·
1474 1163 1504 1190 τὺ
1519 1163 1574 1198 γὰρ
1597 1161 1701 1197 ἀπηνὲς
1722 1159 1822 1194 ἄφιλον

1028 1216 1106 1252 Θεῷ·
1126 1215 1185 1243 ἀλλ’
1213 1212 1432 1248 ἔγκεκριμὲνως,
1450 1211 1497 1237 καὶ
1519 1209 1581 1236 ὅσον
1602 1208 1633 1235 τὸ
1658 1207 1824 1235 ἀπαίδευτον

1028 1249 1196 1292 ἀναστεῖλαι,
1208 1260 1255 1287 καὶ
1265 1259 1295 1286 τὺ
1304 1256 1478 1294 διορθωτικδν
1508 1253 1743 1290 περιποιήσασθαι
1756 1261 1762 1269 ·
1776 1249 1824 1279 οἷα

1031 1307 1121 1344 πατὴρ
1135 1306 1228 1338 παιδὶ,
1247 1305 1296 1332 καὶ
1314 1304 1352 1336 ὡς
1368 1302 1460 1338 ἰατρὸς
1483 1301 1524 1337 τῷ
1539 1301 1682 1335 κάμνοντι.
1700 1299 1755 1326 Καὶ
1770 1306 1826 1333 μα-

1031 1343 1128 1389 κάριος
1139 1354 1153 1380 ὸ
1168 1352 1256 1383 οὓτως
1269 1349 1443 1386 δημαγωγῶν
1458 1348 1505 1375 atat
1521 1345 1693 1382 στρατηγῶν.
1711 1343 1825 1379 Ἐπειδὴ

1032 1401 1080 1428 καὶ
1092 1400 1196 1434 Μωσῆς
1209 1399 1224 1425 ό
1235 1397 1364 1432 θεράπων
1374 1394 1423 1422 τοῦ
1434 1393 1502 1421 Θεοῦ
1514 1392 1638 1428 ἀρχικὸς,
1653 1390 1701 1418 καὶ
1718 1389 1827 1426 Ἰησοῦς

1032 1447 1047 1473 6
1061 1445 1108 1473 τοῦ
1121 1444 1202 1479 Ναυῆ
1218 1441 1381 1478 στρατηγὸς,
1399 1439 1446 1467 καὶ
1457 1437 1573 1469 πολλοὺς
1587 1437 1646 1464 ἔστι
1657 1435 1752 1470 φάναι,
1765 1435 1827 1462 ὅσοι

1032 1492 1064 1519 οὐ
1081 1491 1161 1527 μόνον
1175 1490 1205 1517 ὲν
1239 1487 1406 1525 βασιλεῦσιν,
1426 1485 1496 1513 ἀλλά
1522 1484 1570 1511 καὶ
1589 1483 1697 1519 κριταῖς
1712 1481 1761 1508 καὶ
1772 1480 1828 1517 ἀρ-

1034 1525 1121 1574 χουσι;
1141 1536 1190 1563 καὶ
1211 1535 1266 1572 πρὸ
1295 1533 1390 1568 νόμου,
1404 1531 1453 1558 καὶ
1473 1531 1503 1557 ἐν
1520 1530 1607 1565 νόμῳ,
1627 1527 1672 1554 καὶ
1690 1526 1760 1562 μετὰ
1774 1525 1829 1562 τὴν

1037 1572 1118 1620 χάριν
1134 1581 1313 1618 ἀρχαϊζοντες
1326 1578 1374 1605 καὶ
1385 1574 1623 1613 πρωταρχοῦντες,
1638 1572 1829 1608 εὓηρέστησαν

1036 1617 1184 1665 τῷγιὶυρίῳ
1196 1628 1246 1654 σὺν
1274 1624 1401 1660 εὐσεϐείᾳ
1427 1621 1670 1665 ἀναστρεφόμενοι.
1686 1618 1780 1655 Ταύτῃ
1794 1617 1830 1654 δὴ

1038 1662 1084 1701 οῦν
1106 1662 1153 1699 καὶ
1171 1662 1202 1698 οὶ
1219 1671 1266 1697 τὸν
1286 1668 1467 1704 πανεύιρημον
1493 1667 1540 1693 καὶ
1565 1664 1731 1699 ὲπιπόθητον
1747 1662 1832 1698 ἡμῶν

1039 1718 1179 1753 Δεσπότην
1195 1716 1326 1751 φιλοῦμεν
1338 1715 1387 1742 καὶ
1409 1713 1539 1749 αἰτοῦμεν
1555 1711 1675 1738 διέπεινο
1694 1710 1741 1737 καὶ
1764 1708 1832 1735 τού-

1038 1773 1094 1795 τοις
1108 1763 1140 1798 δὴ
1154 1752 1210 1793 τοῖς
1224 1759 1408 1795 σεσωσμένοις
1418 1758 1464 1785 καὶ
1479 1756 1657 1791 ἀξιαγάστοις
1671 1752 1833 1788 ἐναρίθμιον

1038 1809 1175 1844 γενέσθαι.
1191 1807 1247 1835 Καὶ
1263 1807 1300 1842 μή
1327 1814 1368 1833 τοι
1381 1805 1444 1840 δέξῃ
1458 1804 1509 1839 τὴν
1529 1798 1771 1837 ὑπόμησινὴμῶν
1792 1798 1834 1829 ὡς

1039 1854 1234 1889 αὑθαδιασμδν,
1258 1852 1317 1880 ἀλλ’
1339 1851 1378 1883 ὡς
1394 1848 1566 1885 ἀγαπητικὸν
1584 1847 1699 1883 τρόπον·
1735 1844 1835 1879 ἐπειδὴ

1041 1901 1172 1938 φιλοῦμέν
1186 1908 1215 1926 σε
1235 1897 1363 1934 φιλοῦντα
1379 1896 1427 1923 τδν
1451 1895 1529 1927 Θεδν,
1546 1893 1593 1920 καὶ
1614 1892 1692 1927 φίλου
1716 1891 1851 1924 δεῖγμα,-

1040 1936 1075 1975 τὰ
1090 1945 1220 1981 ὲπωφελῆ
1232 1942 1399 1980 φθέγγεσθαι
1408 1941 1448 1977 τῷ
1457 1939 1627 1976 φιλουμένῳ·
1648 1938 1717 1972 ὅπερ
1730 1936 1836 1970 δέδειχε

1040 1995 1071 2021 τὸ
1082 1993 1190 2024 εὐτελὲς
1203 1991 1282 2028 ἡμῶν
1296 1991 1425 2026 γράμμα.
1453 1987 1591 2020 Ἀξιώσειε
1606 1985 1635 2012 δὲ
1650 1984 1725 2019 ἡμᾶς
1736 1983 1750 2008 ὸ
1765 1982 1839 2028 ἀγα-

1045 2040 1090 2073 θὺς
1107 2040 1174 2072 Θεὸς
1185 2040 1201 2075 ἡ
1207 2027 1264 2074 μῶν
1283 2037 1330 2064 καὶ¹
1345 2037 1386 2067 είς
1404 2035 1453 2070 τὴν
1475 2034 1536 2061 κατ’
1551 2030 1709 2066 ὀφθαλμοὺς
1721 2027 1836 2064 ὁμιλίαν

1043 2087 1093 2123 ὀψέ
1110 2095 1176 2113 ποτε
1188 2084 1286 2117 ἐλθεῖν,
1302 2083 1349 2109 καὶ
1363 2079 1517 2109 ἀπολαῦσαι
1540 2078 1594 2104 τῶν
1611 2078 1640 2104 ὲν
1665 2075 1708 2102 σοι
1722 2074 1817 2101 καλῶν
1829 2081 1838 2089 ·

1045 2118 1089 2159 ἵνα
1115 2132 1166 2158 ὅσα
1183 2131 1197 2158 ό
1212 2129 1290 2164 λόγος
1314 2127 1364 2163 τῆς
1387 2125 1472 2160 ἀκοῆς
1491 2124 1521 2150 οὐ
1540 2122 1702 2157 παρίστησι,
1717 2118 1807 2146 ταῦτα
1821 2118 1839 2152 ἠ

1046 2179 1196 2213 αὖτοπτικὴ
1224 2176 1330 2211 ἱστορία
1355 2173 1520 2205 ὑποδείξασα
1537 2168 1748 2204 ἑνεργεστέρους
1763 2166 1843 2201 ἡμᾶς

1010 2231 1034 2260 υ
1046 2211 1229 2259 καταστήσειε
1250 2221 1301 2256 τῆς
1316 2218 1428 2255 φιλικῆς
1458 2215 1635 2251 ἀνακράσεως
1648 2221 1656 2228 ·
1685 2211 1842 2246 ἐπειδήπερ

1049 2256 1259 2303 ὲξεδιδάχθημεν
1285 2266 1360 2301 παρὰ
1379 2263 1425 2291 τοῦ
1440 2260 1560 2298 χρηστοῦ
1586 2256 1843 2303 γραμματηφόροι),

1049 2316 1100 2343 οὐκ
1129 2302 1230 2349 ὀλίγων
1254 2310 1478 2348 κατορθωμάτων
1504 2303 1760 2342 κεχαρακτηρίσθαι
1790 2302 1845 2349 τῂν

1051 2361 1193 2389 εὐσέϐειαν
1210 2359 1304 2395 ὑμῶν·
1329 2358 1364 2393 ἢν
1391 2357 1440 2384 καὶ
1458 2353 1616 2382 διασώσειεν
1635 2352 1649 2377 ὁ
1671 2349 1772 2385 Κύριος
1805 2347 1846 2379 ὡς

1051 2407 1136 2443 κόρην
1161 2403 1313 2441 ὀφθαλμοῦ,
1341 2400 1530 2438 ὑπερθέουσαν
1565 2399 1656 2433 πάσης
1689 2395 1847 2443 plantiscf};

1052 2439 1197 2488 ἐπηρείας,
1213 2449 1263 2477 και
1281 2448 1395 2476 σώσειεν
1418 2447 1459 2480 είς
1470 2445 1521 2482 τὴν
1537 2442 1679 2481 βασιλείαν
1697 2440 1782 2469 αὑτοῦ
1795 2439 1856 2487 τὴνπ

1051 2484 1117 2527 ἕπου
1122 2499 1222 2535 ράνιον.
1852 2484 1853 2487 “

1150 2623 1202 2652 EH’
1215 2623 1266 2659 (5).
1276 2618 1466 2650 —'Arwrl¢p
1477 2615 1644 2647 ἐπισκόπφ.
1655 2609 1744 2656 [utfo

213 2691 330 2720 Studium
349 2691 407 2723 ejus
425 2695 485 2721 erga
500 2686 593 2715 Christi
609 2687 765 2713 confessores
782 2685 984 2718 pradicatztum
1003 2682 1170 2741 mgq-opolita
1192 2678 1357 2710 Synadornm,
1373 2677 1401 2701 et
1417 2672 1581 2706 quorumdam
1607 2670 1713 2696 aliorum
1740 2668 1851 2692 mortem

967 2723 1019 2741 nun
1041 2723 1054 2740 8
1068 2733 1076 2740 ο
1326 2724 1328 2729 ν

967 2723 1076 2741 minuat.
1326 2724 1328 2729 ν

249 2764 362 2794 Deeenti
383 2762 595 2799 compellatione
606 2768 682 2790 nunc
695 2767 744 2790 usa
760 2765 802 2789 est
812 2764 923 2797 paterna
939 2766 1004 2787 san-

251 2822 275 2840 ³³
290 2822 398 2850 Coloss.
415 2828 436 2854 I,
451 2819 496 2847 ιο.

1096 2754 1256 2791 Πρέπουσαν
1264 2748 1459 2788 προσφώνησιν
1473 2748 1491 2783 ἡ
1502 2744 1625 2782 πατρική
1644 2751 1691 2771 σου
1707 2739 1848 2777 afuean

977 2847 1092 2878 NOTE.

252 2907 292 2943 (3)
307 2906 336 2935 In
351 2905 413 2935 cod.
434 2904 501 2941 Reg.
517 2905 580 2932 ata'.
