  <div class='ocr_page' id='page_1' title='image "/cluster/home/n/w/nwhite01/storage/ocr_20150623/99/njp.32101010943858/886.png"; bbox 0 0 1927 3089; ppageno 0'>
   <div class='ocr_carea' id='block_1_1' title="bbox 140 189 209 224">
    <p class='ocr_par' dir='ltr' id='par_1_1' title="bbox 140 189 209 224">
     <span class='ocr_line' id='line_1_1' title="bbox 140 189 209 224; baseline 0.029 -2"><span class='ocrx_word' id='word_1_1' title='bbox 140 189 209 224; x_wconf 77' lang='grc'><strong>1629</strong></span> 
     </span>
    </p>
   </div>
   <div class='ocr_carea' id='block_1_2' title="bbox 732 192 1167 225">
    <p class='ocr_par' dir='ltr' id='par_1_2' title="bbox 732 192 1167 225">
     <span class='ocr_line' id='line_1_2' title="bbox 732 192 1167 225; baseline -0.002 0"><span class='ocrx_word' id='word_1_2' title='bbox 732 192 1000 225; x_wconf 79' lang='lat' dir='ltr'><strong>EPISTOLABUM</strong></span> <span class='ocrx_word' id='word_1_3' title='bbox 1019 192 1093 225; x_wconf 78' lang='lat' dir='ltr'><strong>LIB.</strong></span> <span class='ocrx_word' id='word_1_4' title='bbox 1126 192 1167 224; x_wconf 85' lang='grc' dir='ltr'><strong>ΙΙ.</strong></span> 
     </span>
    </p>
   </div>
   <div class='ocr_carea' id='block_1_3' title="bbox 1691 187 1760 220">
    <p class='ocr_par' dir='ltr' id='par_1_3' title="bbox 1691 187 1760 220">
     <span class='ocr_line' id='line_1_3' title="bbox 1691 187 1760 220; baseline 0 0"><span class='ocrx_word' id='word_1_5' title='bbox 1691 187 1760 220; x_wconf 55' lang='grc' dir='ltr'><strong>ιθ»</strong></span> 
     </span>
    </p>
   </div>
   <div class='ocr_carea' id='block_1_4' title="bbox 136 243 922 284">
    <p class='ocr_par' dir='ltr' id='par_1_4' title="bbox 136 246 922 284">
     <span class='ocr_line' id='line_1_4' title="bbox 136 246 922 284; baseline 0.003 -11"><span class='ocrx_word' id='word_1_6' title='bbox 136 246 286 281; x_wconf 75' lang='grc' dir='ltr'>πεποίηται</span> <span class='ocrx_word' id='word_1_7' title='bbox 301 246 336 275; x_wconf 78' lang='grc' dir='ltr'>τὰ</span> <span class='ocrx_word' id='word_1_8' title='bbox 350 246 407 280; x_wconf 88' lang='grc' dir='ltr'>νῦν,</span> <span class='ocrx_word' id='word_1_9' title='bbox 423 247 473 274; x_wconf 78' lang='grc' dir='ltr'>οὐκ</span> <span class='ocrx_word' id='word_1_10' title='bbox 488 247 530 283; x_wconf 64' lang='grc' dir='ltr'><strong>ἐφ’</strong></span> <span class='ocrx_word' id='word_1_11' title='bbox 545 248 611 284; x_wconf 76' lang='grc' dir='ltr'>ἡμῖν</span> <span class='ocrx_word' id='word_1_12' title='bbox 623 249 678 281; x_wconf 85' lang='grc' dir='ltr'>τοῖς</span> <span class='ocrx_word' id='word_1_13' title='bbox 692 250 841 282; x_wconf 79' lang='grc' dir='ltr'>ταπεινοῖς,</span> <span class='ocrx_word' id='word_1_14' title='bbox 854 249 922 277; x_wconf 74' lang='grc' dir='ltr'>ᾶπα-</span> 
     </span>
    </p>
   </div>
   <div class='ocr_carea' id='block_1_5' title="bbox 973 243 1760 284">
    <p class='ocr_par' dir='ltr' id='par_1_5' title="bbox 975 243 1760 282">
     <span class='ocr_line' id='line_1_5' title="bbox 975 243 1760 282; baseline -0.008 -6"><span class='ocrx_word' id='word_1_15' title='bbox 975 249 1054 276; x_wconf 77' lang='lat' dir='ltr'><strong>etitas</strong></span> <span class='ocrx_word' id='word_1_16' title='bbox 1069 255 1113 277; x_wconf 86' lang='lat' dir='ltr'><strong>tua</strong></span> <span class='ocrx_word' id='word_1_17' title='bbox 1142 256 1198 276; x_wconf 91' lang='lat' dir='ltr'><strong>non</strong></span> <span class='ocrx_word' id='word_1_18' title='bbox 1225 251 1337 282; x_wconf 78' lang='lat' dir='ltr'><strong>propter</strong></span> <span class='ocrx_word' id='word_1_19' title='bbox 1355 253 1406 273; x_wconf 89' lang='lat' dir='ltr'><strong>nos</strong></span> <span class='ocrx_word' id='word_1_20' title='bbox 1421 243 1551 277; x_wconf 79' lang='lat' dir='ltr'><strong>humiles,</strong></span> <span class='ocrx_word' id='word_1_21' title='bbox 1571 243 1659 277; x_wconf 84' lang='lat' dir='ltr'><strong>absit;</strong></span> <span class='ocrx_word' id='word_1_22' title='bbox 1679 244 1760 271; x_wconf 82' lang='lat' dir='ltr'><strong>novi-</strong></span> 
     </span>
    </p>
   </div>
   <div class='ocr_carea' id='block_1_6' title="bbox 134 292 924 329">
    <p class='ocr_par' dir='ltr' id='par_1_6' title="bbox 134 292 924 329">
     <span class='ocr_line' id='line_1_6' title="bbox 134 292 924 329; baseline 0.004 -10"><span class='ocrx_word' id='word_1_23' title='bbox 134 301 166 326; x_wconf 83' lang='grc' dir='ltr'>γι</span> <span class='ocrx_word' id='word_1_24' title='bbox 177 301 184 308; x_wconf 90' lang='grc'>·</span> <span class='ocrx_word' id='word_1_25' title='bbox 205 292 336 329; x_wconf 79' lang='grc' dir='ltr'>σύνισμεν</span> <span class='ocrx_word' id='word_1_26' title='bbox 346 294 401 329; x_wconf 84' lang='grc' dir='ltr'><strong>γὰρ</strong></span> <span class='ocrx_word' id='word_1_27' title='bbox 415 294 529 326; x_wconf 76' lang='grc' dir='ltr'>ἑαυτοὺς</span> <span class='ocrx_word' id='word_1_28' title='bbox 542 292 594 321; x_wconf 75' lang='grc' dir='ltr'>οἷοί</span> <span class='ocrx_word' id='word_1_29' title='bbox 605 295 688 329; x_wconf 79' lang='grc' dir='ltr'>ἐσμεν</span> <span class='ocrx_word' id='word_1_30' title='bbox 707 295 745 327; x_wconf 77' lang='grc' dir='ltr'>ὡς</span> <span class='ocrx_word' id='word_1_31' title='bbox 761 295 924 326; x_wconf 79' lang='grc' dir='ltr'><strong>ἀποδέοντες</strong></span> 
     </span>
    </p>
   </div>
   <div class='ocr_carea' id='block_1_7' title="bbox 135 335 924 375">
    <p class='ocr_par' dir='ltr' id='par_1_7' title="bbox 135 335 924 375">
     <span class='ocr_line' id='line_1_7' title="bbox 135 335 924 375; baseline 0.006 -13"><span class='ocrx_word' id='word_1_32' title='bbox 135 335 183 363; x_wconf 77' lang='grc' dir='ltr'><strong>καὶ</strong></span> <span class='ocrx_word' id='word_1_33' title='bbox 195 335 250 362; x_wconf 79' lang='grc' dir='ltr'><strong>τῶν</strong></span> <span class='ocrx_word' id='word_1_34' title='bbox 265 337 294 363; x_wconf 71' lang='grc' dir='ltr'>ὲν</span> <span class='ocrx_word' id='word_1_35' title='bbox 311 337 349 371; x_wconf 86' lang='grc' dir='ltr'>τῷ</span> <span class='ocrx_word' id='word_1_36' title='bbox 364 337 471 374; x_wconf 74' lang='grc' dir='ltr'>ἐσχάτῳ</span> <span class='ocrx_word' id='word_1_37' title='bbox 484 337 580 374; x_wconf 83' lang='grc' dir='ltr'>βαθμῷ</span> <span class='ocrx_word' id='word_1_38' title='bbox 599 339 844 375; x_wconf 81' lang='grc' dir='ltr'>ἀπονενεμημένων</span> <span class='ocrx_word' id='word_1_39' title='bbox 853 341 924 367; x_wconf 81' lang='grc' dir='ltr'>κατὰ</span> 
     </span>
    </p>
   </div>
   <div class='ocr_carea' id='block_1_8' title="bbox 134 383 924 420">
    <p class='ocr_par' dir='ltr' id='par_1_8' title="bbox 134 383 924 420">
     <span class='ocr_line' id='line_1_8' title="bbox 134 383 924 420; baseline 0.008 -11"><span class='ocrx_word' id='word_1_40' title='bbox 134 383 181 410; x_wconf 75' lang='grc' dir='ltr'><strong>τὸν</strong></span> <span class='ocrx_word' id='word_1_41' title='bbox 195 384 245 418; x_wconf 86' lang='grc' dir='ltr'>τῆς</span> <span class='ocrx_word' id='word_1_42' title='bbox 261 385 363 420; x_wconf 79' lang='grc' dir='ltr'>ἀρετῆς</span> <span class='ocrx_word' id='word_1_43' title='bbox 377 385 470 420; x_wconf 84' lang='grc' dir='ltr'>λόγον·</span> <span class='ocrx_word' id='word_1_44' title='bbox 487 387 555 413; x_wconf 79' lang='grc' dir='ltr'>ἀλλὰ</span> <span class='ocrx_word' id='word_1_45' title='bbox 568 388 624 419; x_wconf 80' lang='grc' dir='ltr'>τοῖς</span> <span class='ocrx_word' id='word_1_46' title='bbox 639 389 706 414; x_wconf 84' lang='grc' dir='ltr'>πᾶσι</span> <span class='ocrx_word' id='word_1_47' title='bbox 721 387 804 420; x_wconf 84' lang='grc' dir='ltr'>θείοις</span> <span class='ocrx_word' id='word_1_48' title='bbox 817 397 845 414; x_wconf 76' lang='grc' dir='ltr'><strong>τε</strong></span> <span class='ocrx_word' id='word_1_49' title='bbox 865 388 924 414; x_wconf 73' lang='grc' dir='ltr'><strong>Πα-</strong></span> 
     </span>
    </p>
   </div>
   <div class='ocr_carea' id='block_1_9' title="bbox 134 429 923 468">
    <p class='ocr_par' dir='ltr' id='par_1_9' title="bbox 134 429 923 468">
     <span class='ocr_line' id='line_1_9' title="bbox 134 429 923 468; baseline 0.008 -13"><span class='ocrx_word' id='word_1_50' title='bbox 134 429 215 464; x_wconf 80' lang='grc' dir='ltr'>τράσι</span> <span class='ocrx_word' id='word_1_51' title='bbox 231 430 277 456; x_wconf 76' lang='grc' dir='ltr'><strong>καὶ</strong></span> <span class='ocrx_word' id='word_1_52' title='bbox 304 430 483 466; x_wconf 83' lang='grc' dir='ltr'>ὀμολογηταῖς</span> <span class='ocrx_word' id='word_1_53' title='bbox 499 431 595 468; x_wconf 84' lang='grc' dir='ltr'>ὥσπερ</span> <span class='ocrx_word' id='word_1_54' title='bbox 622 441 664 465; x_wconf 81' lang='grc' dir='ltr'><strong>τις</strong></span> <span class='ocrx_word' id='word_1_55' title='bbox 679 434 794 468; x_wconf 73' lang='grc' dir='ltr'>ἅγγελος</span> <span class='ocrx_word' id='word_1_56' title='bbox 821 434 923 468; x_wconf 77' lang='grc' dir='ltr'>ἀγαθὸς</span> 
     </span>
    </p>
   </div>
   <div class='ocr_carea' id='block_1_10' title="bbox 134 475 923 513">
    <p class='ocr_par' dir='ltr' id='par_1_10' title="bbox 134 475 923 513">
     <span class='ocr_line' id='line_1_10' title="bbox 134 475 923 513; baseline 0.006 -12"><span class='ocrx_word' id='word_1_57' title='bbox 134 475 311 510; x_wconf 67' lang='grc' dir='ltr'><strong>ἀναγγέλλων</strong></span> <span class='ocrx_word' id='word_1_58' title='bbox 328 477 361 503; x_wconf 70' lang='grc' dir='ltr'>τὰ</span> <span class='ocrx_word' id='word_1_59' title='bbox 379 479 630 513; x_wconf 80' lang='grc' dir='ltr'>προσαγορευτικὰ,</span> <span class='ocrx_word' id='word_1_60' title='bbox 658 481 706 507; x_wconf 81' lang='grc' dir='ltr'>καὶ</span> <span class='ocrx_word' id='word_1_61' title='bbox 725 480 843 507; x_wconf 81' lang='grc' dir='ltr'><strong>συνδέων</strong></span> <span class='ocrx_word' id='word_1_62' title='bbox 859 480 923 512; x_wconf 76' lang='grc' dir='ltr'>τοὺς</span> 
     </span>
    </p>
   </div>
   <div class='ocr_carea' id='block_1_11' title="bbox 134 522 922 563">
    <p class='ocr_par' dir='ltr' id='par_1_11' title="bbox 134 522 922 563">
     <span class='ocr_line' id='line_1_11' title="bbox 134 522 922 563; baseline 0.006 -16"><span class='ocrx_word' id='word_1_63' title='bbox 134 522 258 553; x_wconf 68' lang='grc' dir='ltr'>ἅπαντας</span> <span class='ocrx_word' id='word_1_64' title='bbox 281 523 356 558; x_wconf 77' lang='grc' dir='ltr'>ἡμᾶς</span> <span class='ocrx_word' id='word_1_65' title='bbox 371 523 410 558; x_wconf 84' lang='grc' dir='ltr'>τῷ</span> <span class='ocrx_word' id='word_1_66' title='bbox 425 524 590 561; x_wconf 79' lang='grc' dir='ltr'>ἁγαπητικῷ</span> <span class='ocrx_word' id='word_1_67' title='bbox 617 525 710 563; x_wconf 83' lang='grc' dir='ltr'>τρόπῳ</span> <span class='ocrx_word' id='word_1_68' title='bbox 724 535 757 561; x_wconf 81' lang='grc' dir='ltr'><strong>γε</strong></span> <span class='ocrx_word' id='word_1_69' title='bbox 785 525 816 562; x_wconf 75' lang='grc' dir='ltr'><strong>[ί.</strong></span> <span class='ocrx_word' id='word_1_70' title='bbox 834 526 922 561; x_wconf 82' lang='grc' dir='ltr'>Καιγε</span> 
     </span>
    </p>
   </div>
   <div class='ocr_carea' id='block_1_12' title="bbox 133 568 923 606">
    <p class='ocr_par' dir='ltr' id='par_1_12' title="bbox 133 568 923 606">
     <span class='ocr_line' id='line_1_12' title="bbox 133 568 923 606; baseline 0.005 -11"><span class='ocrx_word' id='word_1_71' title='bbox 133 568 235 605; x_wconf 84' lang='grc' dir='ltr'>τοῦτο.]</span> <span class='ocrx_word' id='word_1_72' title='bbox 247 568 332 595; x_wconf 84' lang='grc' dir='ltr'>Τοῦτο</span> <span class='ocrx_word' id='word_1_73' title='bbox 361 569 465 597; x_wconf 77' lang='grc' dir='ltr'>δίκαιον</span> <span class='ocrx_word' id='word_1_74' title='bbox 487 572 535 598; x_wconf 77' lang='grc' dir='ltr'><strong>καὶ</strong></span> <span class='ocrx_word' id='word_1_75' title='bbox 557 572 706 606; x_wconf 78' lang='grc' dir='ltr'>προσῆκον,</span> <span class='ocrx_word' id='word_1_76' title='bbox 735 573 798 604; x_wconf 84' lang='grc' dir='ltr'>τοὺς</span> <span class='ocrx_word' id='word_1_77' title='bbox 825 572 923 605; x_wconf 79' lang='grc' dir='ltr'>ἄλλους</span> 
     </span>
    </p>
   </div>
   <div class='ocr_carea' id='block_1_13' title="bbox 134 615 923 652">
    <p class='ocr_par' dir='ltr' id='par_1_13' title="bbox 134 615 923 652">
     <span class='ocr_line' id='line_1_13' title="bbox 134 615 923 652; baseline 0.008 -12"><span class='ocrx_word' id='word_1_78' title='bbox 134 615 239 650; x_wconf 78' lang='grc' dir='ltr'>ἀλλαχῆ</span> <span class='ocrx_word' id='word_1_79' title='bbox 267 615 482 652; x_wconf 70' lang='grc' dir='ltr'><strong>διεσπαρμένους</strong></span> <span class='ocrx_word' id='word_1_80' title='bbox 499 617 543 644; x_wconf 82' lang='grc' dir='ltr'><strong>διὰ</strong></span> <span class='ocrx_word' id='word_1_81' title='bbox 565 617 611 644; x_wconf 83' lang='grc' dir='ltr'>τὸν</span> <span class='ocrx_word' id='word_1_82' title='bbox 635 618 713 652; x_wconf 83' lang='grc' dir='ltr'>λόγον</span> <span class='ocrx_word' id='word_1_83' title='bbox 728 618 775 645; x_wconf 76' lang='grc' dir='ltr'><strong>τοῦ</strong></span> <span class='ocrx_word' id='word_1_84' title='bbox 793 618 861 645; x_wconf 81' lang='grc' dir='ltr'>Θεοῦ</span> <span class='ocrx_word' id='word_1_85' title='bbox 875 619 923 646; x_wconf 74' lang='grc' dir='ltr'><strong>καὶ</strong></span> 
     </span>
    </p>
   </div>
   <div class='ocr_carea' id='block_1_14' title="bbox 132 660 922 702">
    <p class='ocr_par' dir='ltr' id='par_1_14' title="bbox 132 660 922 702">
     <span class='ocr_line' id='line_1_14' title="bbox 132 660 922 702; baseline 0.01 -17"><span class='ocrx_word' id='word_1_86' title='bbox 132 660 182 696; x_wconf 84' lang='grc' dir='ltr'>τὴν</span> <span class='ocrx_word' id='word_1_87' title='bbox 191 662 345 696; x_wconf 83' lang='grc' dir='ltr'>μαρτυρίαν</span> <span class='ocrx_word' id='word_1_88' title='bbox 373 663 420 689; x_wconf 79' lang='grc' dir='ltr'><strong>τοῦ</strong></span> <span class='ocrx_word' id='word_1_89' title='bbox 449 664 611 698; x_wconf 83' lang='grc' dir='ltr'><strong>μονογενοῦς</strong></span> <span class='ocrx_word' id='word_1_90' title='bbox 632 665 713 692; x_wconf 82' lang='grc' dir='ltr'>αὑτοῦ</span> <span class='ocrx_word' id='word_1_91' title='bbox 735 666 800 693; x_wconf 87' lang='grc' dir='ltr'>Υἱοῦ</span> <span class='ocrx_word' id='word_1_92' title='bbox 816 666 922 702; x_wconf 81' lang='grc' dir='ltr'>Κυρίου</span> 
     </span>
    </p>
   </div>
   <div class='ocr_carea' id='block_1_15' title="bbox 133 705 922 747">
    <p class='ocr_par' dir='ltr' id='par_1_15' title="bbox 133 705 922 747">
     <span class='ocr_line' id='line_1_15' title="bbox 133 705 922 747; baseline 0.011 -16"><span class='ocrx_word' id='word_1_93' title='bbox 133 705 213 740; x_wconf 81' lang='grc' dir='ltr'>ἡμῶν</span> <span class='ocrx_word' id='word_1_94' title='bbox 236 705 322 741; x_wconf 85' lang='grc' dir='ltr'>Ἰησοῦ</span> <span class='ocrx_word' id='word_1_95' title='bbox 357 707 487 743; x_wconf 83' lang='grc' dir='ltr'>Χριστοῦ,</span> <span class='ocrx_word' id='word_1_96' title='bbox 519 709 688 744; x_wconf 85' lang='grc' dir='ltr'>φθέγγεσθαι</span> <span class='ocrx_word' id='word_1_97' title='bbox 716 711 842 747; x_wconf 81' lang='grc' dir='ltr'>ἀλλήλοις</span> <span class='ocrx_word' id='word_1_98' title='bbox 866 714 922 745; x_wconf 83' lang='grc' dir='ltr'>τοῖς</span> 
     </span>
    </p>
   </div>
   <div class='ocr_carea' id='block_1_16' title="bbox 133 752 922 791">
    <p class='ocr_par' dir='ltr' id='par_1_16' title="bbox 133 752 922 791">
     <span class='ocr_line' id='line_1_16' title="bbox 133 752 922 791; baseline 0.01 -14"><span class='ocrx_word' id='word_1_99' title='bbox 133 752 280 786; x_wconf 78' lang='grc' dir='ltr'>γράμμασι</span> <span class='ocrx_word' id='word_1_100' title='bbox 292 754 338 779; x_wconf 78' lang='grc' dir='ltr'><strong>καὶ</strong></span> <span class='ocrx_word' id='word_1_101' title='bbox 357 754 540 781; x_wconf 81' lang='grc' dir='ltr'><strong>συνάπτεσθαι</strong></span> <span class='ocrx_word' id='word_1_102' title='bbox 564 757 756 791; x_wconf 79' lang='grc' dir='ltr'><strong>πνευματικῶς</strong></span> <span class='ocrx_word' id='word_1_103' title='bbox 774 759 830 789; x_wconf 80' lang='grc' dir='ltr'>τοῖς</span> <span class='ocrx_word' id='word_1_104' title='bbox 857 758 922 784; x_wconf 82' lang='grc' dir='ltr'>ὑπο-</span> 
     </span>
    </p>
   </div>
   <div class='ocr_carea' id='block_1_17' title="bbox 135 797 922 838">
    <p class='ocr_par' dir='ltr' id='par_1_17' title="bbox 135 797 922 838">
     <span class='ocr_line' id='line_1_17' title="bbox 135 797 922 838; baseline 0.011 -16"><span class='ocrx_word' id='word_1_105' title='bbox 135 797 274 836; x_wconf 72' lang='grc' dir='ltr'>μνήμασι·</span> <span class='ocrx_word' id='word_1_106' title='bbox 291 798 339 828; x_wconf 81' lang='grc' dir='ltr'>καὶ</span> <span class='ocrx_word' id='word_1_107' title='bbox 373 799 506 834; x_wconf 79' lang='grc' dir='ltr'>μηδαμῶς</span> <span class='ocrx_word' id='word_1_108' title='bbox 531 802 563 837; x_wconf 86' lang='grc' dir='ltr'>τῇ</span> <span class='ocrx_word' id='word_1_109' title='bbox 582 802 689 838; x_wconf 68' lang='grc' dir='ltr'>ἀφωνία</span> <span class='ocrx_word' id='word_1_110' title='bbox 707 802 746 834; x_wconf 80' lang='grc' dir='ltr'>ὡς</span> <span class='ocrx_word' id='word_1_111' title='bbox 769 803 922 836; x_wconf 83' lang='grc' dir='ltr'><strong>τεθνεῶτας</strong></span> 
     </span>
    </p>
   </div>
   <div class='ocr_carea' id='block_1_18' title="bbox 133 842 923 886">
    <p class='ocr_par' dir='ltr' id='par_1_18' title="bbox 133 842 923 886">
     <span class='ocr_line' id='line_1_18' title="bbox 133 842 923 886; baseline 0.014 -18"><span class='ocrx_word' id='word_1_112' title='bbox 133 842 299 876; x_wconf 81' lang='grc' dir='ltr'>λελογίσθαι.</span> <span class='ocrx_word' id='word_1_113' title='bbox 313 845 398 871; x_wconf 87' lang='grc' dir='ltr'>Τοῦτο</span> <span class='ocrx_word' id='word_1_114' title='bbox 417 845 470 881; x_wconf 82' lang='grc' dir='ltr'><strong>γὰρ</strong></span> <span class='ocrx_word' id='word_1_115' title='bbox 485 845 563 882; x_wconf 84' lang='grc' dir='ltr'>ίσμεν</span> <span class='ocrx_word' id='word_1_116' title='bbox 576 848 622 874; x_wconf 75' lang='grc' dir='ltr'>καὶ</span> <span class='ocrx_word' id='word_1_117' title='bbox 647 849 692 876; x_wconf 78' lang='grc' dir='ltr'>τὸν</span> <span class='ocrx_word' id='word_1_118' title='bbox 705 850 841 886; x_wconf 83' lang='grc' dir='ltr'>μακάριον</span> <span class='ocrx_word' id='word_1_119' title='bbox 855 851 923 878; x_wconf 78' lang='grc' dir='ltr'>ἁπό-</span> 
     </span>
    </p>
   </div>
   <div class='ocr_carea' id='block_1_19' title="bbox 134 889 920 933">
    <p class='ocr_par' dir='ltr' id='par_1_19' title="bbox 134 889 920 933">
     <span class='ocr_line' id='line_1_19' title="bbox 134 889 920 933; baseline 0.013 -19"><span class='ocrx_word' id='word_1_120' title='bbox 134 889 226 916; x_wconf 86' lang='grc' dir='ltr'>στολον</span> <span class='ocrx_word' id='word_1_121' title='bbox 242 889 347 917; x_wconf 80' lang='grc' dir='ltr'>Παῦλον</span> <span class='ocrx_word' id='word_1_122' title='bbox 364 891 412 918; x_wconf 81' lang='grc' dir='ltr'><strong>σὺν</strong></span> <span class='ocrx_word' id='word_1_123' title='bbox 427 893 482 923; x_wconf 80' lang='grc' dir='ltr'>τοῖς</span> <span class='ocrx_word' id='word_1_124' title='bbox 498 893 647 928; x_wconf 83' lang='grc' dir='ltr'>ὀμοταγόσι</span> <span class='ocrx_word' id='word_1_125' title='bbox 677 895 828 928; x_wconf 75' lang='grc' dir='ltr'>θεοστόλοις</span> <span class='ocrx_word' id='word_1_126' title='bbox 840 890 920 933; x_wconf 72' lang='grc' dir='ltr'>ἀλλή-</span> 
     </span>
    </p>
   </div>
   <div class='ocr_carea' id='block_1_20' title="bbox 131 934 920 984">
    <p class='ocr_par' dir='ltr' id='par_1_20' title="bbox 131 934 920 984">
     <span class='ocr_line' id='line_1_20' title="bbox 131 934 920 984; baseline 0.011 -23"><span class='ocrx_word' id='word_1_127' title='bbox 131 934 195 966; x_wconf 85' lang='grc' dir='ltr'>λους</span> <span class='ocrx_word' id='word_1_128' title='bbox 212 936 349 984; x_wconf 68' lang='grc' dir='ltr'>μακρόθεν</span> <span class='ocrx_word' id='word_1_129' title='bbox 366 938 539 984; x_wconf 56' lang='grc' dir='ltr'>φωνοῦντας,</span> <span class='ocrx_word' id='word_1_130' title='bbox 559 939 607 966; x_wconf 78' lang='grc' dir='ltr'><strong>καὶ</strong></span> <span class='ocrx_word' id='word_1_131' title='bbox 635 941 675 972; x_wconf 80' lang='grc' dir='ltr'><strong>είς</strong></span> <span class='ocrx_word' id='word_1_132' title='bbox 691 941 787 968; x_wconf 80' lang='grc' dir='ltr'>ταυτὸν</span> <span class='ocrx_word' id='word_1_133' title='bbox 805 943 920 978; x_wconf 81' lang='grc' dir='ltr'>ἐρχομέ-</span> 
     </span>
    </p>
   </div>
   <div class='ocr_carea' id='block_1_21' title="bbox 131 980 922 1022">
    <p class='ocr_par' dir='ltr' id='par_1_21' title="bbox 131 980 922 1022">
     <span class='ocr_line' id='line_1_21' title="bbox 131 980 922 1022; baseline 0.008 -13"><span class='ocrx_word' id='word_1_134' title='bbox 131 980 250 1022; x_wconf 17' lang='grc' dir='ltr'>νουςντῷ</span> <span class='ocrx_word' id='word_1_135' title='bbox 262 980 422 1016; x_wconf 77' lang='grc' dir='ltr'>συναπτικῷ</span> <span class='ocrx_word' id='word_1_136' title='bbox 434 981 515 1017; x_wconf 81' lang='grc' dir='ltr'>λόγῳ.</span> <span class='ocrx_word' id='word_1_137' title='bbox 531 983 578 1010; x_wconf 79' lang='grc' dir='ltr'><strong>καὶ</strong></span> <span class='ocrx_word' id='word_1_138' title='bbox 592 983 623 1009; x_wconf 83' lang='grc' dir='ltr'>τὸ</span> <span class='ocrx_word' id='word_1_139' title='bbox 639 985 800 1020; x_wconf 84' lang='grc' dir='ltr'>εὐαγγέλιον</span> <span class='ocrx_word' id='word_1_140' title='bbox 812 987 862 1022; x_wconf 80' lang='grc' dir='ltr'>τῆς</span> <span class='ocrx_word' id='word_1_141' title='bbox 876 987 922 1022; x_wconf 83' lang='grc' dir='ltr'><strong>βα-</strong></span> 
     </span>
    </p>
   </div>
   <div class='ocr_carea' id='block_1_22' title="bbox 133 1021 923 1067">
    <p class='ocr_par' dir='ltr' id='par_1_22' title="bbox 133 1021 923 1067">
     <span class='ocr_line' id='line_1_22' title="bbox 133 1021 923 1067; baseline 0.016 -20"><span class='ocrx_word' id='word_1_142' title='bbox 133 1021 236 1055; x_wconf 82' lang='grc' dir='ltr'>σιλείας</span> <span class='ocrx_word' id='word_1_143' title='bbox 248 1023 315 1049; x_wconf 81' lang='grc' dir='ltr'>Θεοῦ</span> <span class='ocrx_word' id='word_1_144' title='bbox 331 1025 566 1059; x_wconf 75' lang='grc' dir='ltr'>καταγγέλλοντας</span> <span class='ocrx_word' id='word_1_145' title='bbox 580 1029 662 1055; x_wconf 81' lang='grc' dir='ltr'>παντὶ</span> <span class='ocrx_word' id='word_1_146' title='bbox 676 1030 714 1065; x_wconf 84' lang='grc' dir='ltr'>τῷ</span> <span class='ocrx_word' id='word_1_147' title='bbox 726 1031 822 1067; x_wconf 83' lang='grc' dir='ltr'>κόσμῳ</span> <span class='ocrx_word' id='word_1_148' title='bbox 833 1021 844 1047; x_wconf 19' lang='grc' dir='ltr'><em>’ν</em></span> <span class='ocrx_word' id='word_1_149' title='bbox 860 1021 889 1059; x_wconf 79' lang='grc' dir='ltr'>ἐν</span> <span class='ocrx_word' id='word_1_150' title='bbox 900 1030 923 1067; x_wconf 83' lang='grc' dir='ltr'>ᾧ</span> 
     </span>
    </p>
   </div>
   <div class='ocr_carea' id='block_1_23' title="bbox 131 1068 922 1112">
    <p class='ocr_par' dir='ltr' id='par_1_23' title="bbox 131 1068 922 1112">
     <span class='ocr_line' id='line_1_23' title="bbox 131 1068 922 1112; baseline 0.015 -19"><span class='ocrx_word' id='word_1_151' title='bbox 131 1068 180 1093; x_wconf 80' lang='grc' dir='ltr'><strong>καὶ</strong></span> <span class='ocrx_word' id='word_1_152' title='bbox 194 1069 304 1103; x_wconf 76' lang='grc' dir='ltr'>ήμᾶςτδ</span> <span class='ocrx_word' id='word_1_153' title='bbox 317 1071 429 1106; x_wconf 83' lang='grc' dir='ltr'><strong>Πνεῦμα</strong></span> <span class='ocrx_word' id='word_1_154' title='bbox 437 1072 467 1098; x_wconf 73' lang='grc' dir='ltr'>τὸ</span> <span class='ocrx_word' id='word_1_155' title='bbox 480 1072 567 1106; x_wconf 75' lang='grc' dir='ltr'>ἅγιον,</span> <span class='ocrx_word' id='word_1_156' title='bbox 580 1075 604 1101; x_wconf 86' lang='grc' dir='ltr'><strong>εί</strong></span> <span class='ocrx_word' id='word_1_157' title='bbox 617 1075 664 1102; x_wconf 80' lang='grc' dir='ltr'>καὶ</span> <span class='ocrx_word' id='word_1_158' title='bbox 675 1075 811 1112; x_wconf 80' lang='grc' dir='ltr'>τολμηρὸν</span> <span class='ocrx_word' id='word_1_159' title='bbox 823 1078 922 1111; x_wconf 83' lang='grc' dir='ltr'>είπεϊν,</span> 
     </span>
    </p>
   </div>
   <div class='ocr_carea' id='block_1_24' title="bbox 132 1112 924 1157">
    <p class='ocr_par' dir='ltr' id='par_1_24' title="bbox 132 1112 924 1157">
     <span class='ocr_line' id='line_1_24' title="bbox 132 1112 924 1157; baseline 0.018 -20"><span class='ocrx_word' id='word_1_160' title='bbox 132 1112 246 1147; x_wconf 76' lang='grc' dir='ltr'>θέμενον</span> <span class='ocrx_word' id='word_1_161' title='bbox 262 1117 422 1152; x_wconf 74' lang='grc' dir='ltr'>παρεγγυᾷ·</span> <span class='ocrx_word' id='word_1_162' title='bbox 442 1117 534 1145; x_wconf 74' lang='grc' dir='ltr'>Λὰλει</span> <span class='ocrx_word' id='word_1_163' title='bbox 551 1118 616 1154; x_wconf 79' lang='grc' dir='ltr'>γὰρ,</span> <span class='ocrx_word' id='word_1_164' title='bbox 630 1120 710 1155; x_wconf 80' lang='grc' dir='ltr'>φησὶ,</span> <span class='ocrx_word' id='word_1_165' title='bbox 727 1122 775 1148; x_wconf 81' lang='grc' dir='ltr'><strong>καὶ</strong></span> <span class='ocrx_word' id='word_1_166' title='bbox 792 1122 836 1157; x_wconf 79' lang='grc' dir='ltr'>μὴ</span> <span class='ocrx_word' id='word_1_167' title='bbox 854 1131 924 1150; x_wconf 80' lang='grc' dir='ltr'>σιω-</span> 
     </span>
    </p>
   </div>
   <div class='ocr_carea' id='block_1_25' title="bbox 131 1159 923 1198">
    <p class='ocr_par' dir='ltr' id='par_1_25' title="bbox 131 1159 923 1198">
     <span class='ocr_line' id='line_1_25' title="bbox 131 1159 923 1198; baseline 0.016 -14"><span class='ocrx_word' id='word_1_168' title='bbox 131 1159 249 1193; x_wconf 76' lang='grc' dir='ltr'>πήσῃς,</span> <span class='ocrx_word' id='word_1_169' title='bbox 266 1160 310 1186; x_wconf 75' lang='grc' dir='ltr'><strong>ὅτι</strong></span> <span class='ocrx_word' id='word_1_170' title='bbox 321 1161 397 1194; x_wconf 72' lang='grc' dir='ltr'><strong>λαός</strong></span> <span class='ocrx_word' id='word_1_171' title='bbox 410 1171 461 1196; x_wconf 82' lang='grc' dir='ltr'><strong>μοι</strong></span> <span class='ocrx_word' id='word_1_172' title='bbox 484 1165 581 1198; x_wconf 78' lang='grc' dir='ltr'>πολύς</span> <span class='ocrx_word' id='word_1_173' title='bbox 594 1166 681 1193; x_wconf 81' lang='grc' dir='ltr'>ἐστιν</span> <span class='ocrx_word' id='word_1_174' title='bbox 694 1167 834 1196; x_wconf 80' lang='grc' dir='ltr'>ἐνταῦθα.</span> <span class='ocrx_word' id='word_1_175' title='bbox 869 1170 923 1197; x_wconf 80' lang='grc' dir='ltr'><strong>Καὶ</strong></span> 
     </span>
    </p>
   </div>
   <div class='ocr_carea' id='block_1_26' title="bbox 132 1204 922 1249">
    <p class='ocr_par' dir='ltr' id='par_1_26' title="bbox 132 1204 922 1249">
     <span class='ocr_line' id='line_1_26' title="bbox 132 1204 922 1249; baseline 0.016 -20"><span class='ocrx_word' id='word_1_176' title='bbox 132 1204 252 1239; x_wconf 76' lang='grc' dir='ltr'>ἀλλαχοῦ</span> <span class='ocrx_word' id='word_1_177' title='bbox 264 1213 272 1220; x_wconf 88' lang='grc'><strong>·</strong></span> <span class='ocrx_word' id='word_1_178' title='bbox 284 1205 353 1234; x_wconf 78' lang='grc' dir='ltr'><strong>Ἐὰν</strong></span> <span class='ocrx_word' id='word_1_179' title='bbox 365 1208 595 1243; x_wconf 78' lang='grc' dir='ltr'>ὑποστείληται,</span> <span class='ocrx_word' id='word_1_180' title='bbox 609 1212 665 1238; x_wconf 80' lang='grc' dir='ltr'><strong>οὐκ</strong></span> <span class='ocrx_word' id='word_1_181' title='bbox 675 1213 795 1240; x_wconf 73' lang='grc' dir='ltr'><strong>εὐδοκεῖ</strong></span> <span class='ocrx_word' id='word_1_182' title='bbox 804 1214 823 1248; x_wconf 79' lang='grc' dir='ltr'><em>ὴ</em></span> <span class='ocrx_word' id='word_1_183' title='bbox 836 1214 922 1249; x_wconf 69' lang='grc' dir='ltr'><strong>ψυχή</strong></span> 
     </span>
    </p>
   </div>
   <div class='ocr_carea' id='block_1_27' title="bbox 128 1250 924 1294">
    <p class='ocr_par' dir='ltr' id='par_1_27' title="bbox 128 1250 924 1294">
     <span class='ocr_line' id='line_1_27' title="bbox 128 1250 924 1294; baseline 0.015 -19"><span class='ocrx_word' id='word_1_184' title='bbox 128 1257 190 1284; x_wconf 80' lang='grc' dir='ltr'><strong>μου</strong></span> <span class='ocrx_word' id='word_1_185' title='bbox 202 1250 237 1276; x_wconf 83' lang='grc' dir='ltr'><strong>ἐν</strong></span> <span class='ocrx_word' id='word_1_186' title='bbox 251 1251 342 1284; x_wconf 81' lang='grc' dir='ltr'>αὐτῷ.</span> <span class='ocrx_word' id='word_1_187' title='bbox 358 1252 440 1279; x_wconf 80' lang='grc' dir='ltr'>Ὥστε</span> <span class='ocrx_word' id='word_1_188' title='bbox 456 1254 572 1290; x_wconf 75' lang='grc' dir='ltr'>φοὸερδν</span> <span class='ocrx_word' id='word_1_189' title='bbox 586 1257 674 1291; x_wconf 84' lang='grc' dir='ltr'>κρῖμα</span> <span class='ocrx_word' id='word_1_190' title='bbox 685 1258 734 1293; x_wconf 84' lang='grc' dir='ltr'>τῆς</span> <span class='ocrx_word' id='word_1_191' title='bbox 749 1259 864 1294; x_wconf 82' lang='grc' dir='ltr'>σιωπῆς,</span> <span class='ocrx_word' id='word_1_192' title='bbox 877 1260 924 1288; x_wconf 82' lang='grc' dir='ltr'>καὶ</span> 
     </span>
    </p>
   </div>
   <div class='ocr_carea' id='block_1_28' title="bbox 130 1295 924 1341">
    <p class='ocr_par' dir='ltr' id='par_1_28' title="bbox 130 1295 924 1341">
     <span class='ocr_line' id='line_1_28' title="bbox 130 1295 924 1341; baseline 0.016 -20"><span class='ocrx_word' id='word_1_193' title='bbox 130 1295 259 1341; x_wconf 50' lang='lat' dir='ltr'><strong>fuitat-1</strong></span> <span class='ocrx_word' id='word_1_194' title='bbox 276 1297 339 1333; x_wconf 79' lang='grc' dir='ltr'>τῇδε</span> <span class='ocrx_word' id='word_1_195' title='bbox 356 1300 389 1334; x_wconf 84' lang='grc' dir='ltr'><strong>τῇ</strong></span> <span class='ocrx_word' id='word_1_196' title='bbox 408 1299 565 1336; x_wconf 75' lang='grc' dir='ltr'>ὲθελοκάκῳ</span> <span class='ocrx_word' id='word_1_197' title='bbox 585 1303 724 1337; x_wconf 72' lang='grc' dir='ltr'>κωφεύσει</span> <span class='ocrx_word' id='word_1_198' title='bbox 749 1304 804 1331; x_wconf 86' lang='grc' dir='ltr'>τῶν</span> <span class='ocrx_word' id='word_1_199' title='bbox 820 1306 924 1341; x_wconf 81' lang='grc' dir='ltr'>αἱρετι-</span> 
     </span>
    </p>
   </div>
   <div class='ocr_carea' id='block_1_29' title="bbox 132 1340 923 1387">
    <p class='ocr_par' dir='ltr' id='par_1_29' title="bbox 132 1340 923 1387">
     <span class='ocr_line' id='line_1_29' title="bbox 132 1340 923 1387; baseline 0.015 -20"><span class='ocrx_word' id='word_1_200' title='bbox 132 1340 245 1372; x_wconf 80' lang='grc' dir='ltr'>ζὸντων,</span> <span class='ocrx_word' id='word_1_201' title='bbox 269 1343 359 1380; x_wconf 74' lang='grc' dir='ltr'>ὀπερ</span> <span class='ocrx_word' id='word_1_202' title='bbox 389 1345 405 1379; x_wconf 83' lang='grc' dir='ltr'><strong>ἠ</strong></span> <span class='ocrx_word' id='word_1_203' title='bbox 434 1345 573 1382; x_wconf 79' lang='grc' dir='ltr'>ἁγιωσύνη</span> <span class='ocrx_word' id='word_1_204' title='bbox 603 1356 649 1375; x_wconf 87' lang='grc' dir='ltr'><strong>σου</strong></span> <span class='ocrx_word' id='word_1_205' title='bbox 681 1349 754 1377; x_wconf 78' lang='grc' dir='ltr'>καθὰ</span> <span class='ocrx_word' id='word_1_206' title='bbox 782 1340 923 1387; x_wconf 75' lang='grc' dir='ltr'>γέγραφεν</span> 
     </span>
    </p>
   </div>
   <div class='ocr_carea' id='block_1_30' title="bbox 132 1388 924 1432">
    <p class='ocr_par' dir='ltr' id='par_1_30' title="bbox 132 1388 924 1432">
     <span class='ocr_line' id='line_1_30' title="bbox 132 1388 924 1432; baseline 0.016 -19"><span class='ocrx_word' id='word_1_207' title='bbox 132 1388 283 1423; x_wconf 79' lang='grc' dir='ltr'>ἐνεργοῦσα</span> <span class='ocrx_word' id='word_1_208' title='bbox 308 1389 467 1427; x_wconf 77' lang='grc' dir='ltr'>θεοπρεπῶς</span> <span class='ocrx_word' id='word_1_209' title='bbox 492 1392 607 1425; x_wconf 83' lang='grc' dir='ltr'>πολλοὺς</span> <span class='ocrx_word' id='word_1_210' title='bbox 622 1397 793 1431; x_wconf 79' lang='grc' dir='ltr'>πειρασμοὺς</span> <span class='ocrx_word' id='word_1_211' title='bbox 808 1398 924 1432; x_wconf 76' lang='grc' dir='ltr'>ὑφίστα-</span> 
     </span>
    </p>
   </div>
   <div class='ocr_carea' id='block_1_31' title="bbox 132 1433 925 1476">
    <p class='ocr_par' dir='ltr' id='par_1_31' title="bbox 132 1433 925 1476">
     <span class='ocr_line' id='line_1_31' title="bbox 132 1433 925 1476; baseline 0.015 -17"><span class='ocrx_word' id='word_1_212' title='bbox 132 1433 196 1460; x_wconf 79' lang='grc' dir='ltr'>σθαι</span> <span class='ocrx_word' id='word_1_213' title='bbox 209 1434 277 1469; x_wconf 82' lang='grc' dir='ltr'>φαίη</span> <span class='ocrx_word' id='word_1_214' title='bbox 294 1436 369 1471; x_wconf 75' lang='grc' dir='ltr'>παρὰ</span> <span class='ocrx_word' id='word_1_215' title='bbox 382 1437 435 1463; x_wconf 81' lang='grc' dir='ltr'><strong>τῶν</strong></span> <span class='ocrx_word' id='word_1_216' title='bbox 448 1438 498 1464; x_wconf 83' lang='grc' dir='ltr'>οὐκ</span> <span class='ocrx_word' id='word_1_217' title='bbox 519 1438 665 1466; x_wconf 69' lang='grc' dir='ltr'>ἐθελόντων</span> <span class='ocrx_word' id='word_1_218' title='bbox 685 1441 764 1476; x_wconf 86' lang='grc' dir='ltr'>λόγον</span> <span class='ocrx_word' id='word_1_219' title='bbox 781 1443 855 1470; x_wconf 76' lang='grc' dir='ltr'>ὅσιον</span> <span class='ocrx_word' id='word_1_220' title='bbox 882 1444 925 1470; x_wconf 78' lang='grc' dir='ltr'><strong>ἑν‹</strong></span> 
     </span>
    </p>
   </div>
   <div class='ocr_carea' id='block_1_32' title="bbox 132 1480 923 1524">
    <p class='ocr_par' dir='ltr' id='par_1_32' title="bbox 132 1480 923 1524">
     <span class='ocr_line' id='line_1_32' title="bbox 132 1480 923 1524; baseline 0.014 -19"><span class='ocrx_word' id='word_1_221' title='bbox 132 1480 268 1515; x_wconf 77' lang='grc' dir='ltr'>ηχεῐσθαιο</span> <span class='ocrx_word' id='word_1_222' title='bbox 289 1481 348 1508; x_wconf 82' lang='grc' dir='ltr'>ἀλλ’</span> <span class='ocrx_word' id='word_1_223' title='bbox 372 1483 536 1518; x_wconf 79' lang='grc' dir='ltr'>ὴρνημένων</span> <span class='ocrx_word' id='word_1_224' title='bbox 554 1485 603 1521; x_wconf 86' lang='grc' dir='ltr'>τὴν</span> <span class='ocrx_word' id='word_1_225' title='bbox 616 1486 784 1523; x_wconf 87' lang='grc' dir='ltr'>θεόγραπτον</span> <span class='ocrx_word' id='word_1_226' title='bbox 804 1489 923 1524; x_wconf 84' lang='grc' dir='ltr'>Χριστοῦ</span> 
     </span>
    </p>
   </div>
   <div class='ocr_carea' id='block_1_33' title="bbox 131 1526 924 1569">
    <p class='ocr_par' dir='ltr' id='par_1_33' title="bbox 131 1526 924 1569">
     <span class='ocr_line' id='line_1_33' title="bbox 131 1526 924 1569; baseline 0.013 -17"><span class='ocrx_word' id='word_1_227' title='bbox 131 1526 234 1558; x_wconf 68' lang='grc' dir='ltr'>εἰκόνα,</span> <span class='ocrx_word' id='word_1_228' title='bbox 254 1528 303 1562; x_wconf 80' lang='grc' dir='ltr'>τῆς</span> <span class='ocrx_word' id='word_1_229' title='bbox 316 1528 460 1564; x_wconf 79' lang='grc' dir='ltr'>Θεοτόκου,</span> <span class='ocrx_word' id='word_1_230' title='bbox 473 1530 518 1557; x_wconf 76' lang='grc' dir='ltr'><strong>καὶ</strong></span> <span class='ocrx_word' id='word_1_231' title='bbox 540 1531 694 1560; x_wconf 83' lang='grc' dir='ltr'>οὑτινοσοῦν</span> <span class='ocrx_word' id='word_1_232' title='bbox 717 1533 771 1560; x_wconf 73' lang='grc' dir='ltr'>τῶν</span> <span class='ocrx_word' id='word_1_233' title='bbox 790 1533 924 1569; x_wconf 78' lang='grc' dir='ltr'>θεραπόν-</span> 
     </span>
    </p>
   </div>
   <div class='ocr_carea' id='block_1_34' title="bbox 974 291 1760 330">
    <p class='ocr_par' dir='ltr' id='par_1_34' title="bbox 974 291 1760 330">
     <span class='ocr_line' id='line_1_34' title="bbox 974 291 1760 330; baseline -0.005 -8"><span class='ocrx_word' id='word_1_234' title='bbox 974 302 1036 322; x_wconf 87' lang='lat' dir='ltr'><strong>mus</strong></span> <span class='ocrx_word' id='word_1_235' title='bbox 1049 295 1122 322; x_wconf 91' lang='lat' dir='ltr'><strong>enim</strong></span> <span class='ocrx_word' id='word_1_236' title='bbox 1141 295 1191 330; x_wconf 88' lang='lat' dir='ltr'><strong>ipsi</strong></span> <span class='ocrx_word' id='word_1_237' title='bbox 1206 294 1299 329; x_wconf 81' lang='lat' dir='ltr'><strong>quales</strong></span> <span class='ocrx_word' id='word_1_238' title='bbox 1320 293 1527 327; x_wconf 84' lang='lat' dir='ltr'><strong>simus,-utpote</strong></span> <span class='ocrx_word' id='word_1_239' title='bbox 1555 291 1712 319; x_wconf 80' lang='lat' dir='ltr'><strong>miseriores</strong></span> <span class='ocrx_word' id='word_1_240' title='bbox 1725 292 1760 318; x_wconf 93' lang='lat' dir='ltr'><strong>iis</strong></span> 
     </span>
    </p>
   </div>
   <div class='ocr_carea' id='block_1_35' title="bbox 973 337 1759 376">
    <p class='ocr_par' dir='ltr' id='par_1_35' title="bbox 973 337 1759 376">
     <span class='ocr_line' id='line_1_35' title="bbox 973 337 1759 376; baseline -0.006 -7"><span class='ocrx_word' id='word_1_241' title='bbox 973 341 1019 376; x_wconf 87' lang='lat' dir='ltr'><strong>qui</strong></span> <span class='ocrx_word' id='word_1_242' title='bbox 1038 346 1205 376; x_wconf 79' lang='lat' dir='ltr'><strong>postremum</strong></span> <span class='ocrx_word' id='word_1_243' title='bbox 1225 340 1334 367; x_wconf 79' lang='lat' dir='ltr'><strong>virtutis</strong></span> <span class='ocrx_word' id='word_1_244' title='bbox 1359 338 1474 374; x_wconf 77' lang='lat' dir='ltr'><strong>gradum</strong></span> <span class='ocrx_word' id='word_1_245' title='bbox 1492 338 1584 366; x_wconf 76' lang='lat' dir='ltr'><strong>sortiti</strong></span> <span class='ocrx_word' id='word_1_246' title='bbox 1610 343 1695 371; x_wconf 86' lang='lat' dir='ltr'><strong>sunt;</strong></span> <span class='ocrx_word' id='word_1_247' title='bbox 1712 337 1759 365; x_wconf 86' lang='lat' dir='ltr'><strong>sed</strong></span> 
     </span>
    </p>
   </div>
   <div class='ocr_carea' id='block_1_36' title="bbox 973 383 1762 421">
    <p class='ocr_par' dir='ltr' id='par_1_36' title="bbox 973 383 1762 421">
     <span class='ocr_line' id='line_1_36' title="bbox 973 383 1762 421; baseline -0.005 -7"><span class='ocrx_word' id='word_1_248' title='bbox 973 392 1085 421; x_wconf 76' lang='lat' dir='ltr'><strong>propter</strong></span> <span class='ocrx_word' id='word_1_249' title='bbox 1100 394 1194 413; x_wconf 89' lang='lat' dir='ltr'><strong>omnes</strong></span> <span class='ocrx_word' id='word_1_250' title='bbox 1208 385 1317 412; x_wconf 88' lang='lat' dir='ltr'><strong>divinos</strong></span> <span class='ocrx_word' id='word_1_251' title='bbox 1334 389 1424 420; x_wconf 85' lang='lat' dir='ltr'><strong>patres</strong></span> <span class='ocrx_word' id='word_1_252' title='bbox 1445 389 1472 411; x_wconf 90' lang='lat' dir='ltr'><strong>et</strong></span> <span class='ocrx_word' id='word_1_253' title='bbox 1489 385 1673 415; x_wconf 78' lang='lat' dir='ltr'><strong>confessores,</strong></span> <span class='ocrx_word' id='word_1_254' title='bbox 1688 383 1762 410; x_wconf 82' lang='lat' dir='ltr'><strong>velut</strong></span> 
     </span>
    </p>
   </div>
   <div class='ocr_carea' id='block_1_37' title="bbox 973 430 1761 467">
    <p class='ocr_par' dir='ltr' id='par_1_37' title="bbox 973 430 1761 467">
     <span class='ocr_line' id='line_1_37' title="bbox 973 430 1761 467; baseline -0.004 -7"><span class='ocrx_word' id='word_1_255' title='bbox 973 432 1062 460; x_wconf 87' lang='lat' dir='ltr'><strong>bonus</strong></span> <span class='ocrx_word' id='word_1_256' title='bbox 1081 432 1190 467; x_wconf 89' lang='lat' dir='ltr'><strong>quidam</strong></span> <span class='ocrx_word' id='word_1_257' title='bbox 1217 431 1331 458; x_wconf 90' lang='lat' dir='ltr'><strong>nuntius</strong></span> <span class='ocrx_word' id='word_1_258' title='bbox 1359 430 1479 466; x_wconf 85' lang='lat' dir='ltr'><strong>alloquia</strong></span> <span class='ocrx_word' id='word_1_259' title='bbox 1506 430 1631 458; x_wconf 85' lang='lat' dir='ltr'><strong>deferens</strong></span> <span class='ocrx_word' id='word_1_260' title='bbox 1657 438 1761 464; x_wconf 71' lang='lat' dir='ltr'><strong>nmque</strong></span> 
     </span>
    </p>
   </div>
   <div class='ocr_carea' id='block_1_38' title="bbox 974 477 1762 511">
    <p class='ocr_par' dir='ltr' id='par_1_38' title="bbox 974 477 1762 511">
     <span class='ocr_line' id='line_1_38' title="bbox 974 477 1762 511; baseline -0.005 -5"><span class='ocrx_word' id='word_1_261' title='bbox 974 486 1069 506; x_wconf 90' lang='lat' dir='ltr'><strong>omnes</strong></span> <span class='ocrx_word' id='word_1_262' title='bbox 1086 478 1228 505; x_wconf 88' lang='lat' dir='ltr'><strong>charitatis</strong></span> <span class='ocrx_word' id='word_1_263' title='bbox 1248 477 1346 505; x_wconf 74' lang='lat' dir='ltr'><strong>affectu</strong></span> <span class='ocrx_word' id='word_1_264' title='bbox 1369 477 1537 504; x_wconf 87' lang='lat' dir='ltr'><strong>devinciens.</strong></span> <span class='ocrx_word' id='word_1_265' title='bbox 1556 477 1612 503; x_wconf 84' lang='lat' dir='ltr'><strong>Hoc</strong></span> <span class='ocrx_word' id='word_1_266' title='bbox 1629 482 1702 503; x_wconf 87' lang='lat' dir='ltr'><strong>certe</strong></span> <span class='ocrx_word' id='word_1_267' title='bbox 1716 477 1762 511; x_wconf 86' lang='lat' dir='ltr'><strong>ju-</strong></span> 
     </span>
    </p>
   </div>
   <div class='ocr_carea' id='block_1_39' title="bbox 973 522 1761 557">
    <p class='ocr_par' dir='ltr' id='par_1_39' title="bbox 973 522 1761 557">
     <span class='ocr_line' id='line_1_39' title="bbox 973 522 1761 557; baseline -0.005 -4"><span class='ocrx_word' id='word_1_268' title='bbox 973 530 1045 553; x_wconf 89' lang='lat' dir='ltr'><strong>stum</strong></span> <span class='ocrx_word' id='word_1_269' title='bbox 1060 530 1087 552; x_wconf 89' lang='lat' dir='ltr'><strong>et</strong></span> <span class='ocrx_word' id='word_1_270' title='bbox 1101 524 1278 555; x_wconf 84' lang='lat' dir='ltr'><strong>conveniens,</strong></span> <span class='ocrx_word' id='word_1_271' title='bbox 1293 531 1341 550; x_wconf 88' lang='lat' dir='ltr'><strong>eos</strong></span> <span class='ocrx_word' id='word_1_272' title='bbox 1357 523 1402 557; x_wconf 91' lang='lat' dir='ltr'><strong>qui</strong></span> <span class='ocrx_word' id='word_1_273' title='bbox 1418 522 1471 549; x_wconf 87' lang='lat' dir='ltr'><strong>alio</strong></span> <span class='ocrx_word' id='word_1_274' title='bbox 1483 522 1598 556; x_wconf 85' lang='lat' dir='ltr'><strong>dispersi</strong></span> <span class='ocrx_word' id='word_1_275' title='bbox 1611 527 1674 549; x_wconf 92' lang='lat' dir='ltr'><strong>sunt</strong></span> <span class='ocrx_word' id='word_1_276' title='bbox 1697 529 1761 554; x_wconf 68' lang='lat' dir='ltr'><strong>pro-</strong></span> 
     </span>
    </p>
   </div>
   <div class='ocr_carea' id='block_1_40' title="bbox 973 569 1762 609">
    <p class='ocr_par' dir='ltr' id='par_1_40' title="bbox 973 569 1762 609">
     <span class='ocr_line' id='line_1_40' title="bbox 973 569 1762 609; baseline -0.005 -8"><span class='ocrx_word' id='word_1_277' title='bbox 973 577 1034 609; x_wconf 88' lang='lat' dir='ltr'><strong>pter</strong></span> <span class='ocrx_word' id='word_1_278' title='bbox 1056 573 1168 600; x_wconf 85' lang='lat' dir='ltr'><strong>verbum</strong></span> <span class='ocrx_word' id='word_1_279' title='bbox 1183 571 1242 603; x_wconf 90' lang='lat' dir='ltr'><strong>Dei,</strong></span> <span class='ocrx_word' id='word_1_280' title='bbox 1258 575 1286 599; x_wconf 86' lang='lat' dir='ltr'><strong>et</strong></span> <span class='ocrx_word' id='word_1_281' title='bbox 1313 570 1534 598; x_wconf 79' lang='lat' dir='ltr'><strong>testiﬁcationem</strong></span> <span class='ocrx_word' id='word_1_282' title='bbox 1552 570 1683 604; x_wconf 74' lang='lat' dir='ltr'><strong>unigeniti</strong></span> <span class='ocrx_word' id='word_1_283' title='bbox 1702 569 1762 604; x_wconf 88' lang='lat' dir='ltr'><strong>ejus</strong></span> 
     </span>
    </p>
   </div>
   <div class='ocr_carea' id='block_1_41' title="bbox 974 615 1762 650">
    <p class='ocr_par' dir='ltr' id='par_1_41' title="bbox 974 615 1762 650">
     <span class='ocr_line' id='line_1_41' title="bbox 974 615 1762 650; baseline -0.006 -3"><span class='ocrx_word' id='word_1_284' title='bbox 974 619 1036 647; x_wconf 81' lang='lat' dir='ltr'><strong>Filii</strong></span> <span class='ocrx_word' id='word_1_285' title='bbox 1056 618 1164 645; x_wconf 87' lang='lat' dir='ltr'><strong>Domini</strong></span> <span class='ocrx_word' id='word_1_286' title='bbox 1187 617 1274 644; x_wconf 90' lang='lat' dir='ltr'><strong>nostri</strong></span> <span class='ocrx_word' id='word_1_287' title='bbox 1297 616 1362 644; x_wconf 83' lang='lat' dir='ltr'><strong>Jesu</strong></span> <span class='ocrx_word' id='word_1_288' title='bbox 1387 616 1507 649; x_wconf 76' lang='lat' dir='ltr'><strong>Christi,</strong></span> <span class='ocrx_word' id='word_1_289' title='bbox 1526 615 1645 650; x_wconf 76' lang='lat' dir='ltr'><strong>colloqui</strong></span> <span class='ocrx_word' id='word_1_290' title='bbox 1667 621 1762 642; x_wconf 88' lang='lat' dir='ltr'><strong>mutuo</strong></span> 
     </span>
    </p>
   </div>
   <div class='ocr_carea' id='block_1_42' title="bbox 973 661 1761 701">
    <p class='ocr_par' dir='ltr' id='par_1_42' title="bbox 973 661 1761 701">
     <span class='ocr_line' id='line_1_42' title="bbox 973 661 1761 701; baseline -0.008 -8"><span class='ocrx_word' id='word_1_291' title='bbox 973 673 1021 701; x_wconf 89' lang='lat' dir='ltr'><strong>per</strong></span> <span class='ocrx_word' id='word_1_292' title='bbox 1037 665 1152 696; x_wconf 84' lang='lat' dir='ltr'><strong>litteras,</strong></span> <span class='ocrx_word' id='word_1_293' title='bbox 1168 669 1194 691; x_wconf 90' lang='lat' dir='ltr'><strong>et</strong></span> <span class='ocrx_word' id='word_1_294' title='bbox 1204 663 1379 698; x_wconf 84' lang='lat' dir='ltr'><strong>spiritualiter</strong></span> <span class='ocrx_word' id='word_1_295' title='bbox 1394 671 1442 697; x_wconf 88' lang='lat' dir='ltr'><strong>per</strong></span> <span class='ocrx_word' id='word_1_296' title='bbox 1464 661 1693 689; x_wconf 69' lang='lat' dir='ltr'><strong>commonitioues</strong></span> <span class='ocrx_word' id='word_1_297' title='bbox 1704 661 1761 688; x_wconf 87' lang='lat' dir='ltr'><strong>col-</strong></span> 
     </span>
    </p>
   </div>
   <div class='ocr_carea' id='block_1_43' title="bbox 973 707 1763 745">
    <p class='ocr_par' dir='ltr' id='par_1_43' title="bbox 973 707 1763 745">
     <span class='ocr_line' id='line_1_43' title="bbox 973 707 1763 745; baseline -0.006 -8"><span class='ocrx_word' id='word_1_298' title='bbox 973 710 1069 745; x_wconf 82' lang='lat' dir='ltr'><strong>ligari;</strong></span> <span class='ocrx_word' id='word_1_299' title='bbox 1084 717 1133 737; x_wconf 87' lang='lat' dir='ltr'><strong>nec</strong></span> <span class='ocrx_word' id='word_1_300' title='bbox 1148 709 1284 736; x_wconf 83' lang='lat' dir='ltr'><strong>ullatenus</strong></span> <span class='ocrx_word' id='word_1_301' title='bbox 1310 715 1358 742; x_wconf 85' lang='lat' dir='ltr'><strong>per</strong></span> <span class='ocrx_word' id='word_1_302' title='bbox 1376 707 1514 734; x_wconf 85' lang='lat' dir='ltr'><strong>silentiqu</strong></span> <span class='ocrx_word' id='word_1_303' title='bbox 1534 712 1663 741; x_wconf 79' lang='lat' dir='ltr'><strong>tanquam</strong></span> <span class='ocrx_word' id='word_1_304' title='bbox 1687 714 1763 732; x_wconf 88' lang='lat' dir='ltr'><strong>mor-</strong></span> 
     </span>
    </p>
   </div>
   <div class='ocr_carea' id='block_1_44' title="bbox 974 752 1763 790">
    <p class='ocr_par' dir='ltr' id='par_1_44' title="bbox 974 752 1763 790">
     <span class='ocr_line' id='line_1_44' title="bbox 974 752 1763 790; baseline -0.005 -7"><span class='ocrx_word' id='word_1_305' title='bbox 974 762 1036 784; x_wconf 86' lang='lat' dir='ltr'><strong>tuos</strong></span> <span class='ocrx_word' id='word_1_306' title='bbox 1050 755 1180 790; x_wconf 84' lang='lat' dir='ltr'><strong>reputari.</strong></span> <span class='ocrx_word' id='word_1_307' title='bbox 1190 755 1235 782; x_wconf 87' lang='lat' dir='ltr'><strong>Sic</strong></span> <span class='ocrx_word' id='word_1_308' title='bbox 1249 754 1322 782; x_wconf 92' lang='lat' dir='ltr'><strong>enim</strong></span> <span class='ocrx_word' id='word_1_309' title='bbox 1332 754 1435 781; x_wconf 89' lang='lat' dir='ltr'><strong>scimus</strong></span> <span class='ocrx_word' id='word_1_310' title='bbox 1451 754 1560 780; x_wconf 92' lang='lat' dir='ltr'><strong>beatum</strong></span> <span class='ocrx_word' id='word_1_311' title='bbox 1572 752 1686 779; x_wconf 85' lang='lat' dir='ltr'><strong>Paulum</strong></span> <span class='ocrx_word' id='word_1_312' title='bbox 1696 760 1763 786; x_wconf 76' lang='lat' dir='ltr'><strong>apo-</strong></span> 
     </span>
    </p>
   </div>
   <div class='ocr_carea' id='block_1_45' title="bbox 973 798 1761 832">
    <p class='ocr_par' dir='ltr' id='par_1_45' title="bbox 973 798 1761 832">
     <span class='ocr_line' id='line_1_45' title="bbox 973 798 1761 832; baseline -0.009 -2"><span class='ocrx_word' id='word_1_313' title='bbox 973 803 1075 830; x_wconf 86' lang='lat' dir='ltr'><strong>stolum</strong></span> <span class='ocrx_word' id='word_1_314' title='bbox 1090 808 1154 828; x_wconf 88' lang='lat' dir='ltr'><strong>cutn</strong></span> <span class='ocrx_word' id='word_1_315' title='bbox 1169 800 1252 828; x_wconf 88' lang='lat' dir='ltr'><strong>sociis</strong></span> <span class='ocrx_word' id='word_1_316' title='bbox 1273 799 1382 826; x_wconf 86' lang='lat' dir='ltr'><strong>eminus</strong></span> <span class='ocrx_word' id='word_1_317' title='bbox 1408 799 1477 826; x_wconf 87' lang='lat' dir='ltr'><strong>inter</strong></span> <span class='ocrx_word' id='word_1_318' title='bbox 1498 806 1528 825; x_wconf 88' lang='lat' dir='ltr'><strong>se</strong></span> <span class='ocrx_word' id='word_1_319' title='bbox 1550 798 1655 824; x_wconf 89' lang='lat' dir='ltr'><strong>locutos</strong></span> <span class='ocrx_word' id='word_1_320' title='bbox 1671 802 1696 824; x_wconf 89' lang='lat' dir='ltr'><strong>et</strong></span> <span class='ocrx_word' id='word_1_321' title='bbox 1714 805 1761 832; x_wconf 87' lang='lat' dir='ltr'><strong>per</strong></span> 
     </span>
    </p>
   </div>
   <div class='ocr_carea' id='block_1_46' title="bbox 973 843 1764 880">
    <p class='ocr_par' dir='ltr' id='par_1_46' title="bbox 973 843 1764 880">
     <span class='ocr_line' id='line_1_46' title="bbox 973 843 1764 880; baseline -0.008 -4"><span class='ocrx_word' id='word_1_322' title='bbox 973 848 1170 876; x_wconf 89' lang='lat' dir='ltr'><strong>commercium</strong></span> <span class='ocrx_word' id='word_1_323' title='bbox 1188 847 1325 874; x_wconf 88' lang='lat' dir='ltr'><strong>sermonis</strong></span> <span class='ocrx_word' id='word_1_324' title='bbox 1340 854 1393 872; x_wconf 88' lang='lat' dir='ltr'><strong>una</strong></span> <span class='ocrx_word' id='word_1_325' title='bbox 1417 845 1617 880; x_wconf 83' lang='lat' dir='ltr'><strong>conspirantes,</strong></span> <span class='ocrx_word' id='word_1_326' title='bbox 1641 843 1764 880; x_wconf 77' lang='lat' dir='ltr'><strong>Evange-</strong></span> 
     </span>
    </p>
   </div>
   <div class='ocr_carea' id='block_1_47' title="bbox 973 891 1764 930">
    <p class='ocr_par' dir='ltr' id='par_1_47' title="bbox 973 891 1764 930">
     <span class='ocr_line' id='line_1_47' title="bbox 973 891 1764 930; baseline -0.008 -8"><span class='ocrx_word' id='word_1_327' title='bbox 973 895 1039 922; x_wconf 90' lang='lat' dir='ltr'><strong>lium</strong></span> <span class='ocrx_word' id='word_1_328' title='bbox 1050 895 1126 930; x_wconf 75' lang='lat' dir='ltr'><strong>regni</strong></span> <span class='ocrx_word' id='word_1_329' title='bbox 1141 893 1186 921; x_wconf 89' lang='lat' dir='ltr'><strong>Dei</strong></span> <span class='ocrx_word' id='word_1_330' title='bbox 1196 892 1376 921; x_wconf 88' lang='lat' dir='ltr'><strong>annuntiasse</strong></span> <span class='ocrx_word' id='word_1_331' title='bbox 1387 891 1514 918; x_wconf 87' lang='lat' dir='ltr'><strong>universo</strong></span> <span class='ocrx_word' id='word_1_332' title='bbox 1530 891 1632 917; x_wconf 86' lang='lat' dir='ltr'><strong>mundo</strong></span> <span class='ocrx_word' id='word_1_333' title='bbox 1645 900 1652 917; x_wconf 71' lang='grc' dir='ltr'><strong>ι</strong></span> <span class='ocrx_word' id='word_1_334' title='bbox 1670 891 1696 917; x_wconf 86' lang='lat' dir='ltr'><strong>in</strong></span> <span class='ocrx_word' id='word_1_335' title='bbox 1709 898 1764 925; x_wconf 89' lang='lat' dir='ltr'><strong>quo</strong></span> 
     </span>
    </p>
   </div>
   <div class='ocr_carea' id='block_1_48' title="bbox 936 928 1762 974">
    <p class='ocr_par' dir='ltr' id='par_1_48' title="bbox 936 928 1762 974">
     <span class='ocr_line' id='line_1_48' title="bbox 936 928 1762 974; baseline -0.01 -5"><span class='ocrx_word' id='word_1_336' title='bbox 936 928 958 957; x_wconf 71' lang='grc' dir='ltr'><strong>Β</strong></span> <span class='ocrx_word' id='word_1_337' title='bbox 972 949 1021 969; x_wconf 88' lang='lat' dir='ltr'><strong>uos</strong></span> <span class='ocrx_word' id='word_1_338' title='bbox 1036 928 1118 968; x_wconf 60' lang='lat' dir='ltr'><strong>etiam</strong></span> <span class='ocrx_word' id='word_1_339' title='bbox 1131 939 1251 974; x_wconf 74' lang='lat' dir='ltr'><strong>Spiritus</strong></span> <span class='ocrx_word' id='word_1_340' title='bbox 1262 941 1385 969; x_wconf 87' lang='lat' dir='ltr'><strong>sanctus,</strong></span> <span class='ocrx_word' id='word_1_341' title='bbox 1395 937 1446 964; x_wconf 84' lang='lat' dir='ltr'><strong>etsi</strong></span> <span class='ocrx_word' id='word_1_342' title='bbox 1458 936 1591 963; x_wconf 86' lang='lat' dir='ltr'><strong>audacius</strong></span> <span class='ocrx_word' id='word_1_343' title='bbox 1602 940 1644 963; x_wconf 88' lang='lat' dir='ltr'><strong>est</strong></span> <span class='ocrx_word' id='word_1_344' title='bbox 1661 935 1762 968; x_wconf 83' lang='lat' dir='ltr'><strong>dicere,</strong></span> 
     </span>
    </p>
   </div>
   <div class='ocr_carea' id='block_1_49' title="bbox 971 981 1761 1018">
    <p class='ocr_par' dir='ltr' id='par_1_49' title="bbox 971 981 1761 1018">
     <span class='ocr_line' id='line_1_49' title="bbox 971 981 1761 1018; baseline -0.01 -3"><span class='ocrx_word' id='word_1_345' title='bbox 971 988 1153 1018; x_wconf 86' lang='lat' dir='ltr'><strong>constituens,</strong></span> <span class='ocrx_word' id='word_1_346' title='bbox 1173 987 1283 1013; x_wconf 79' lang='lat' dir='ltr'><strong>mandat</strong></span> <span class='ocrx_word' id='word_1_347' title='bbox 1300 993 1308 1012; x_wconf 86' lang='lat'><strong>:</strong></span> <span class='ocrx_word' id='word_1_348' title='bbox 1328 983 1456 1018; x_wconf 83' lang='lat' dir='ltr'><strong>Loquere,</strong></span> <span class='ocrx_word' id='word_1_349' title='bbox 1469 983 1600 1018; x_wconf 82' lang='lat' dir='ltr'><strong>iuquit.cl</strong></span> <span class='ocrx_word' id='word_1_350' title='bbox 1619 990 1651 1009; x_wconf 83' lang='lat' dir='ltr'><strong>ne</strong></span> <span class='ocrx_word' id='word_1_351' title='bbox 1670 981 1761 1013; x_wconf 67' lang='lat' dir='ltr'><strong>sileas,</strong></span> 
     </span>
    </p>
   </div>
   <div class='ocr_carea' id='block_1_50' title="bbox 971 1027 1763 1070">
    <p class='ocr_par' dir='ltr' id='par_1_50' title="bbox 971 1027 1763 1070">
     <span class='ocr_line' id='line_1_50' title="bbox 971 1027 1763 1070; baseline -0.009 -9"><span class='ocrx_word' id='word_1_352' title='bbox 971 1034 1034 1070; x_wconf 80' lang='lat' dir='ltr'><strong>quia</strong></span> <span class='ocrx_word' id='word_1_353' title='bbox 1042 1033 1153 1068; x_wconf 72' lang='lat' dir='ltr'><strong>populus</strong></span> <span class='ocrx_word' id='word_1_354' title='bbox 1161 1040 1232 1059; x_wconf 77' lang='lat' dir='ltr'><strong>metu</strong></span> <span class='ocrx_word' id='word_1_355' title='bbox 1239 1030 1338 1058; x_wconf 75' lang='lat' dir='ltr'><strong>multus</strong></span> <span class='ocrx_word' id='word_1_356' title='bbox 1347 1036 1384 1058; x_wconf 71' lang='lat' dir='ltr'><strong>est</strong></span> <span class='ocrx_word' id='word_1_357' title='bbox 1395 1030 1437 1057; x_wconf 82' lang='lat' dir='ltr'><strong>Iu&#39;c</strong></span> <span class='ocrx_word' id='word_1_358' title='bbox 1446 1029 1481 1057; x_wconf 76' lang='lat'><strong>&quot;.</strong></span> <span class='ocrx_word' id='word_1_359' title='bbox 1490 1028 1592 1055; x_wconf 86' lang='lat' dir='ltr'><strong>Etalibi</strong></span> <span class='ocrx_word' id='word_1_360' title='bbox 1602 1037 1608 1053; x_wconf 90' lang='lat'><strong>:</strong></span> <span class='ocrx_word' id='word_1_361' title='bbox 1617 1027 1647 1055; x_wconf 83' lang='lat' dir='ltr'><strong>Si</strong></span> <span class='ocrx_word' id='word_1_362' title='bbox 1657 1027 1763 1054; x_wconf 68' lang='lat' dir='ltr'><strong>subtra-</strong></span> 
     </span>
    </p>
   </div>
   <div class='ocr_carea' id='block_1_51' title="bbox 971 1074 1762 1113">
    <p class='ocr_par' dir='ltr' id='par_1_51' title="bbox 971 1074 1762 1113">
     <span class='ocr_line' id='line_1_51' title="bbox 971 1074 1762 1113; baseline -0.01 -6"><span class='ocrx_word' id='word_1_363' title='bbox 971 1081 1082 1111; x_wconf 71' lang='lat' dir='ltr'><strong>:erilse,</strong></span> <span class='ocrx_word' id='word_1_364' title='bbox 1093 1087 1144 1106; x_wconf 83' lang='lat' dir='ltr'><strong>non</strong></span> <span class='ocrx_word' id='word_1_365' title='bbox 1155 1078 1268 1113; x_wconf 78' lang='lat' dir='ltr'><strong>placebit</strong></span> <span class='ocrx_word' id='word_1_366' title='bbox 1277 1077 1328 1104; x_wconf 67' lang='lat' dir='ltr'><strong>sibi</strong></span> <span class='ocrx_word' id='word_1_367' title='bbox 1338 1077 1429 1104; x_wconf 82' lang='lat' dir='ltr'><strong>anima</strong></span> <span class='ocrx_word' id='word_1_368' title='bbox 1440 1084 1497 1102; x_wconf 81' lang='lat' dir='ltr'><strong>mea</strong></span> <span class='ocrx_word' id='word_1_369' title='bbox 1507 1074 1588 1101; x_wconf 76' lang='lat' dir='ltr'><strong>inille</strong></span> <span class='ocrx_word' id='word_1_370' title='bbox 1596 1074 1619 1090; x_wconf 80' lang='grc'><strong>³⁸</strong></span> <span class='ocrx_word' id='word_1_371' title='bbox 1644 1075 1762 1107; x_wconf 76' lang='lat' dir='ltr'><strong>Quocir-</strong></span> 
     </span>
    </p>
   </div>
   <div class='ocr_carea' id='block_1_52' title="bbox 972 1121 1762 1160">
    <p class='ocr_par' dir='ltr' id='par_1_52' title="bbox 972 1121 1762 1160">
     <span class='ocr_line' id='line_1_52' title="bbox 972 1121 1762 1160; baseline -0.013 -4"><span class='ocrx_word' id='word_1_372' title='bbox 972 1135 1004 1156; x_wconf 82' lang='lat' dir='ltr'><strong>ca</strong></span> <span class='ocrx_word' id='word_1_373' title='bbox 1015 1126 1189 1156; x_wconf 80' lang='lat' dir='ltr'><strong>formidabile</strong></span> <span class='ocrx_word' id='word_1_374' title='bbox 1197 1125 1378 1160; x_wconf 75' lang='lat' dir='ltr'><strong>estjudicium</strong></span> <span class='ocrx_word' id='word_1_375' title='bbox 1388 1123 1499 1154; x_wconf 82' lang='lat' dir='ltr'><strong>silentii,</strong></span> <span class='ocrx_word' id='word_1_376' title='bbox 1516 1123 1543 1148; x_wconf 91' lang='lat' dir='ltr'><strong>in</strong></span> <span class='ocrx_word' id='word_1_377' title='bbox 1555 1122 1605 1149; x_wconf 89' lang='lat' dir='ltr'><strong>hac</strong></span> <span class='ocrx_word' id='word_1_378' title='bbox 1614 1121 1762 1156; x_wconf 72' lang='lat' dir='ltr'><strong>praesertim</strong></span> 
     </span>
    </p>
   </div>
   <div class='ocr_carea' id='block_1_53' title="bbox 972 1168 1761 1209">
    <p class='ocr_par' dir='ltr' id='par_1_53' title="bbox 972 1168 1761 1209">
     <span class='ocr_line' id='line_1_53' title="bbox 972 1168 1761 1209; baseline -0.01 -8"><span class='ocrx_word' id='word_1_379' title='bbox 972 1175 1088 1209; x_wconf 76' lang='lat' dir='ltr'><strong>maligna</strong></span> <span class='ocrx_word' id='word_1_380' title='bbox 1101 1172 1240 1201; x_wconf 86' lang='lat' dir='ltr'><strong>surdidate</strong></span> <span class='ocrx_word' id='word_1_381' title='bbox 1254 1168 1561 1202; x_wconf 58' lang='lat' dir='ltr'><strong>haeretizantiuuuQuod</strong></span> <span class='ocrx_word' id='word_1_382' title='bbox 1577 1168 1687 1202; x_wconf 83' lang='lat' dir='ltr'><strong>quidem</strong></span> <span class='ocrx_word' id='word_1_383' title='bbox 1698 1175 1761 1194; x_wconf 83' lang='lat' dir='ltr'><strong>sau-</strong></span> 
     </span>
    </p>
   </div>
   <div class='ocr_carea' id='block_1_54' title="bbox 972 1212 1763 1254">
    <p class='ocr_par' dir='ltr' id='par_1_54' title="bbox 972 1212 1763 1254">
     <span class='ocr_line' id='line_1_54' title="bbox 972 1212 1763 1254; baseline -0.014 -5"><span class='ocrx_word' id='word_1_384' title='bbox 972 1222 1051 1250; x_wconf 89' lang='lat' dir='ltr'><strong>ctitas</strong></span> <span class='ocrx_word' id='word_1_385' title='bbox 1067 1224 1124 1252; x_wconf 89' lang='lat' dir='ltr'><strong>tua,</strong></span> <span class='ocrx_word' id='word_1_386' title='bbox 1140 1217 1372 1254; x_wconf 88' lang='lat' dir='ltr'><strong>quemadmodum</strong></span> <span class='ocrx_word' id='word_1_387' title='bbox 1391 1215 1512 1249; x_wconf 81' lang='lat' dir='ltr'><strong>scripsit,</strong></span> <span class='ocrx_word' id='word_1_388' title='bbox 1544 1213 1639 1241; x_wconf 85' lang='lat' dir='ltr'><strong>sedulo</strong></span> <span class='ocrx_word' id='word_1_389' title='bbox 1653 1212 1763 1247; x_wconf 87' lang='lat' dir='ltr'><strong>riteque</strong></span> 
     </span>
    </p>
   </div>
   <div class='ocr_carea' id='block_1_55' title="bbox 973 1258 1761 1300">
    <p class='ocr_par' dir='ltr' id='par_1_55' title="bbox 973 1258 1761 1300">
     <span class='ocr_line' id='line_1_55' title="bbox 973 1258 1761 1300; baseline -0.014 -5"><span class='ocrx_word' id='word_1_390' title='bbox 973 1268 1039 1295; x_wconf 89' lang='lat' dir='ltr'><strong>dum</strong></span> <span class='ocrx_word' id='word_1_391' title='bbox 1051 1265 1221 1300; x_wconf 76' lang='lat' dir='ltr'><strong>exsequitur,</strong></span> <span class='ocrx_word' id='word_1_392' title='bbox 1242 1263 1382 1290; x_wconf 83' lang='lat' dir='ltr'><strong>molestias</strong></span> <span class='ocrx_word' id='word_1_393' title='bbox 1395 1261 1526 1297; x_wconf 90' lang='lat' dir='ltr'><strong>plurimas</strong></span> <span class='ocrx_word' id='word_1_394' title='bbox 1541 1260 1617 1287; x_wconf 88' lang='lat' dir='ltr'><strong>abiis</strong></span> <span class='ocrx_word' id='word_1_395' title='bbox 1632 1258 1761 1289; x_wconf 85' lang='lat' dir='ltr'><strong>sustinet,</strong></span> 
     </span>
    </p>
   </div>
   <div class='ocr_carea' id='block_1_56' title="bbox 973 1305 1763 1349">
    <p class='ocr_par' dir='ltr' id='par_1_56' title="bbox 973 1305 1763 1349">
     <span class='ocr_line' id='line_1_56' title="bbox 973 1305 1763 1349; baseline -0.013 -8"><span class='ocrx_word' id='word_1_396' title='bbox 973 1314 1019 1349; x_wconf 88' lang='lat' dir='ltr'><strong>qui</strong></span> <span class='ocrx_word' id='word_1_397' title='bbox 1027 1319 1139 1341; x_wconf 87' lang='lat' dir='ltr'><strong>sacrum</strong></span> <span class='ocrx_word' id='word_1_398' title='bbox 1154 1311 1266 1338; x_wconf 82' lang='lat' dir='ltr'><strong>verbum</strong></span> <span class='ocrx_word' id='word_1_399' title='bbox 1284 1309 1380 1336; x_wconf 80' lang='lat' dir='ltr'><strong>audire</strong></span> <span class='ocrx_word' id='word_1_400' title='bbox 1398 1307 1512 1339; x_wconf 88' lang='lat' dir='ltr'><strong>nolunt;</strong></span> <span class='ocrx_word' id='word_1_401' title='bbox 1527 1306 1574 1334; x_wconf 83' lang='lat' dir='ltr'><strong>sed</strong></span> <span class='ocrx_word' id='word_1_402' title='bbox 1600 1313 1614 1333; x_wconf 88' lang='lat' dir='ltr'><strong>a</strong></span> <span class='ocrx_word' id='word_1_403' title='bbox 1638 1305 1694 1332; x_wconf 84' lang='lat' dir='ltr'><strong>Deo</strong></span> <span class='ocrx_word' id='word_1_404' title='bbox 1723 1305 1763 1339; x_wconf 90' lang='lat' dir='ltr'><strong>pi-</strong></span> 
     </span>
    </p>
   </div>
   <div class='ocr_carea' id='block_1_57' title="bbox 974 1350 1765 1391">
    <p class='ocr_par' dir='ltr' id='par_1_57' title="bbox 974 1350 1765 1391">
     <span class='ocr_line' id='line_1_57' title="bbox 974 1350 1765 1391; baseline -0.015 -3"><span class='ocrx_word' id='word_1_405' title='bbox 974 1364 1045 1388; x_wconf 87' lang='lat' dir='ltr'><strong>ctam</strong></span> <span class='ocrx_word' id='word_1_406' title='bbox 1058 1358 1173 1389; x_wconf 81' lang='lat' dir='ltr'><strong>Christi,</strong></span> <span class='ocrx_word' id='word_1_407' title='bbox 1195 1356 1330 1391; x_wconf 68' lang='lat' dir='ltr'><strong>Deiparae,</strong></span> <span class='ocrx_word' id='word_1_408' title='bbox 1346 1353 1387 1381; x_wconf 85' lang='lat' dir='ltr'><strong>vel</strong></span> <span class='ocrx_word' id='word_1_409' title='bbox 1399 1353 1525 1389; x_wconf 82' lang='lat' dir='ltr'><strong>cujusvis</strong></span> <span class='ocrx_word' id='word_1_410' title='bbox 1536 1359 1678 1380; x_wconf 85' lang='lat' dir='ltr'><strong>servorum</strong></span> <span class='ocrx_word' id='word_1_411' title='bbox 1704 1350 1765 1385; x_wconf 82' lang='lat' dir='ltr'><strong>ejus</strong></span> 
     </span>
    </p>
   </div>
   <div class='ocr_carea' id='block_1_58' title="bbox 975 1396 1763 1441">
    <p class='ocr_par' dir='ltr' id='par_1_58' title="bbox 975 1396 1763 1441">
     <span class='ocr_line' id='line_1_58' title="bbox 975 1396 1763 1441; baseline -0.014 -8"><span class='ocrx_word' id='word_1_412' title='bbox 975 1405 1124 1441; x_wconf 76' lang='lat' dir='ltr'><strong>imaginem</strong></span> <span class='ocrx_word' id='word_1_413' title='bbox 1148 1403 1286 1438; x_wconf 82' lang='lat' dir='ltr'><strong>rejiciunt.</strong></span> <span class='ocrx_word' id='word_1_414' title='bbox 1300 1400 1386 1434; x_wconf 70' lang='lat' dir='ltr'><strong>Perge</strong></span> <span class='ocrx_word' id='word_1_415' title='bbox 1401 1404 1504 1431; x_wconf 87' lang='lat' dir='ltr'><strong>autem,</strong></span> <span class='ocrx_word' id='word_1_416' title='bbox 1516 1396 1763 1427; x_wconf 62' lang='lat' dir='ltr'><strong>desiderantissime,</strong></span> 
     </span>
    </p>
   </div>
   <div class='ocr_carea' id='block_1_59' title="bbox 973 1443 1764 1487">
    <p class='ocr_par' dir='ltr' id='par_1_59' title="bbox 973 1443 1764 1487">
     <span class='ocr_line' id='line_1_59' title="bbox 973 1443 1764 1487; baseline -0.013 -9"><span class='ocrx_word' id='word_1_417' title='bbox 973 1451 1021 1487; x_wconf 87' lang='lat' dir='ltr'><strong>qui</strong></span> <span class='ocrx_word' id='word_1_418' title='bbox 1037 1457 1116 1485; x_wconf 70' lang='lat' dir='ltr'><strong>super</strong></span> <span class='ocrx_word' id='word_1_419' title='bbox 1142 1447 1333 1476; x_wconf 82' lang='lat' dir='ltr'><strong>candelabrum</strong></span> <span class='ocrx_word' id='word_1_420' title='bbox 1355 1444 1448 1476; x_wconf 87' lang='lat' dir='ltr'><strong>Verbi,</strong></span> <span class='ocrx_word' id='word_1_421' title='bbox 1469 1443 1632 1478; x_wconf 78' lang='lat' dir='ltr'><strong>Evangeliea</strong></span> <span class='ocrx_word' id='word_1_422' title='bbox 1649 1449 1714 1470; x_wconf 88' lang='lat' dir='ltr'><strong>voce</strong></span> <span class='ocrx_word' id='word_1_423' title='bbox 1733 1449 1764 1469; x_wconf 87' lang='lat' dir='ltr'><strong>es</strong></span> 
     </span>
    </p>
   </div>
   <div class='ocr_carea' id='block_1_60' title="bbox 974 1488 1764 1533">
    <p class='ocr_par' dir='ltr' id='par_1_60' title="bbox 974 1488 1764 1533">
     <span class='ocr_line' id='line_1_60' title="bbox 974 1488 1764 1533; baseline -0.014 -8"><span class='ocrx_word' id='word_1_424' title='bbox 974 1496 1091 1533; x_wconf 83' lang='lat' dir='ltr'><strong>positus,</strong></span> <span class='ocrx_word' id='word_1_425' title='bbox 1119 1495 1209 1522; x_wconf 70' lang='lat' dir='ltr'><strong>lucens</strong></span> <span class='ocrx_word' id='word_1_426' title='bbox 1233 1494 1262 1520; x_wconf 80' lang='lat' dir='ltr'><strong>in</strong></span> <span class='ocrx_word' id='word_1_427' title='bbox 1285 1491 1406 1520; x_wconf 71' lang='lat' dir='ltr'><strong>omnibus</strong></span> <span class='ocrx_word' id='word_1_428' title='bbox 1423 1490 1469 1526; x_wconf 83' lang='lat' dir='ltr'><strong>qui</strong></span> <span class='ocrx_word' id='word_1_429' title='bbox 1486 1491 1512 1517; x_wconf 78' lang='lat' dir='ltr'><strong>in</strong></span> <span class='ocrx_word' id='word_1_430' title='bbox 1525 1490 1601 1516; x_wconf 81' lang='lat' dir='ltr'><strong>domo</strong></span> <span class='ocrx_word' id='word_1_431' title='bbox 1616 1488 1714 1520; x_wconf 74' lang='lat' dir='ltr'><strong>sunt,&quot;</strong></span> <span class='ocrx_word' id='word_1_432' title='bbox 1734 1492 1764 1515; x_wconf 91' lang='lat' dir='ltr'><strong>ut</strong></span> 
     </span>
    </p>
   </div>
   <div class='ocr_carea' id='block_1_61' title="bbox 974 1535 1764 1578">
    <p class='ocr_par' dir='ltr' id='par_1_61' title="bbox 974 1535 1764 1578">
     <span class='ocr_line' id='line_1_61' title="bbox 974 1535 1764 1578; baseline -0.014 -8"><span class='ocrx_word' id='word_1_433' title='bbox 974 1543 1022 1578; x_wconf 90' lang='lat' dir='ltr'><strong>qui</strong></span> <span class='ocrx_word' id='word_1_434' title='bbox 1036 1541 1132 1570; x_wconf 83' lang='lat' dir='ltr'><strong>oculos</strong></span> <span class='ocrx_word' id='word_1_435' title='bbox 1158 1540 1282 1575; x_wconf 88' lang='lat' dir='ltr'><strong>aperiunt</strong></span> <span class='ocrx_word' id='word_1_436' title='bbox 1308 1539 1400 1565; x_wconf 91' lang='lat' dir='ltr'><strong>lumen</strong></span> <span class='ocrx_word' id='word_1_437' title='bbox 1427 1536 1566 1571; x_wconf 79' lang='lat' dir='ltr'><strong>excipiant</strong></span> <span class='ocrx_word' id='word_1_438' title='bbox 1595 1543 1602 1568; x_wconf 89' lang='lat'>;</span> <span class='ocrx_word' id='word_1_439' title='bbox 1630 1535 1676 1570; x_wconf 86' lang='lat' dir='ltr'><strong>qui</strong></span> <span class='ocrx_word' id='word_1_440' title='bbox 1698 1540 1764 1560; x_wconf 92' lang='lat' dir='ltr'><strong>vero</strong></span> 
     </span>
    </p>
   </div>
   <div class='ocr_carea' id='block_1_62' title="bbox 131 1573 922 1630">
    <p class='ocr_par' dir='ltr' id='par_1_62' title="bbox 131 1573 922 1630">
     <span class='ocr_line' id='line_1_62' title="bbox 131 1573 922 1630; baseline 0.015 -33"><span class='ocrx_word' id='word_1_441' title='bbox 131 1580 187 1623; x_wconf 49' lang='grc' dir='ltr'>τιον</span> <span class='ocrx_word' id='word_1_442' title='bbox 193 1573 291 1630; x_wconf 50' lang='grc' dir='ltr'>αὑτοῦ.</span> <span class='ocrx_word' id='word_1_443' title='bbox 306 1575 406 1630; x_wconf 45' lang='grc' dir='ltr'>Μιένοις</span> <span class='ocrx_word' id='word_1_444' title='bbox 417 1574 475 1609; x_wconf 84' lang='grc' dir='ltr'>οὗν,</span> <span class='ocrx_word' id='word_1_445' title='bbox 490 1578 650 1614; x_wconf 82' lang='grc' dir='ltr'>τριπόθητε,</span> <span class='ocrx_word' id='word_1_446' title='bbox 665 1579 714 1606; x_wconf 74' lang='grc' dir='ltr'><strong>ἐπὶ</strong></span> <span class='ocrx_word' id='word_1_447' title='bbox 724 1579 780 1615; x_wconf 78' lang='grc' dir='ltr'>τῆς</span> <span class='ocrx_word' id='word_1_448' title='bbox 791 1582 922 1616; x_wconf 69' lang='grc' dir='ltr'>λυχνίας</span> 
     </span>
    </p>
   </div>
   <div class='ocr_carea' id='block_1_63' title="bbox 973 1573 1763 1630">
    <p class='ocr_par' dir='ltr' id='par_1_63' title="bbox 975 1573 1763 1618">
     <span class='ocr_line' id='line_1_63' title="bbox 975 1573 1763 1618; baseline -0.015 -1"><span class='ocrx_word' id='word_1_449' title='bbox 975 1573 1073 1618; x_wconf 67' lang='lat' dir='ltr'><strong>sensus</strong></span> <span class='ocrx_word' id='word_1_450' title='bbox 1099 1573 1258 1618; x_wconf 76' lang='lat' dir='ltr'><strong>occludunt,</strong></span> <span class='ocrx_word' id='word_1_451' title='bbox 1281 1583 1410 1612; x_wconf 66' lang='lat' dir='ltr'><strong>caecitatis</strong></span> <span class='ocrx_word' id='word_1_452' title='bbox 1421 1590 1476 1610; x_wconf 67' lang='lat' dir='ltr'><strong>sua:</strong></span> <span class='ocrx_word' id='word_1_453' title='bbox 1502 1579 1763 1615; x_wconf 77' lang='lat' dir='ltr'><strong>fructuscotligant;</strong></span> 
     </span>
    </p>
   </div>
   <div class='ocr_carea' id='block_1_64' title="bbox 131 1617 923 1662">
    <p class='ocr_par' dir='ltr' id='par_1_64' title="bbox 131 1617 923 1662">
     <span class='ocr_line' id='line_1_64' title="bbox 131 1617 923 1662; baseline 0.015 -19"><span class='ocrx_word' id='word_1_454' title='bbox 131 1617 180 1644; x_wconf 81' lang='grc' dir='ltr'><strong>τοῦ</strong></span> <span class='ocrx_word' id='word_1_455' title='bbox 193 1618 273 1653; x_wconf 79' lang='grc' dir='ltr'>λόγου</span> <span class='ocrx_word' id='word_1_456' title='bbox 295 1620 421 1655; x_wconf 80' lang='grc' dir='ltr'>κείμενος</span> <span class='ocrx_word' id='word_1_457' title='bbox 448 1623 619 1659; x_wconf 76' lang='grc' dir='ltr'>εὐαγγελικῷ</span> <span class='ocrx_word' id='word_1_458' title='bbox 643 1627 846 1662; x_wconf 85' lang='grc' dir='ltr'>προστάγματι,</span> <span class='ocrx_word' id='word_1_459' title='bbox 873 1627 923 1654; x_wconf 77' lang='grc' dir='ltr'>καί</span> 
     </span>
    </p>
   </div>
   <div class='ocr_carea' id='block_1_65' title="bbox 131 1663 923 1705">
    <p class='ocr_par' dir='ltr' id='par_1_65' title="bbox 131 1663 923 1705">
     <span class='ocr_line' id='line_1_65' title="bbox 131 1663 923 1705; baseline 0.011 -15"><span class='ocrx_word' id='word_1_460' title='bbox 131 1663 261 1698; x_wconf 76' lang='grc' dir='ltr'>λάμπων</span> <span class='ocrx_word' id='word_1_461' title='bbox 276 1665 351 1693; x_wconf 78' lang='grc' dir='ltr'>πᾶσι</span> <span class='ocrx_word' id='word_1_462' title='bbox 365 1667 427 1700; x_wconf 80' lang='grc' dir='ltr'>τοῖς</span> <span class='ocrx_word' id='word_1_463' title='bbox 443 1668 479 1694; x_wconf 75' lang='grc' dir='ltr'><strong>ἐν</strong></span> <span class='ocrx_word' id='word_1_464' title='bbox 495 1667 532 1702; x_wconf 79' lang='grc' dir='ltr'>τῇ</span> <span class='ocrx_word' id='word_1_465' title='bbox 545 1670 642 1703; x_wconf 69' lang='grc' dir='ltr'>οίκίᾳυ</span> <span class='ocrx_word' id='word_1_466' title='bbox 668 1670 706 1702; x_wconf 85' lang='grc' dir='ltr'>ὼς</span> <span class='ocrx_word' id='word_1_467' title='bbox 721 1670 754 1698; x_wconf 83' lang='grc' dir='ltr'>ἂν</span> <span class='ocrx_word' id='word_1_468' title='bbox 772 1672 923 1705; x_wconf 82' lang='grc' dir='ltr'>ἁπλοῦντες</span> 
     </span>
    </p>
   </div>
   <div class='ocr_carea' id='block_1_66' title="bbox 131 1709 922 1752">
    <p class='ocr_par' dir='ltr' id='par_1_66' title="bbox 131 1709 922 1752">
     <span class='ocr_line' id='line_1_66' title="bbox 131 1709 922 1752; baseline 0.015 -18"><span class='ocrx_word' id='word_1_469' title='bbox 131 1710 182 1741; x_wconf 78' lang='grc' dir='ltr'><strong>τὰς</strong></span> <span class='ocrx_word' id='word_1_470' title='bbox 198 1709 285 1744; x_wconf 74' lang='grc' dir='ltr'>θψεις,</span> <span class='ocrx_word' id='word_1_471' title='bbox 299 1711 329 1738; x_wconf 83' lang='grc' dir='ltr'><strong>τὺ</strong></span> <span class='ocrx_word' id='word_1_472' title='bbox 344 1712 402 1747; x_wconf 80' lang='grc' dir='ltr'>φῶς</span> <span class='ocrx_word' id='word_1_473' title='bbox 424 1714 603 1750; x_wconf 70' lang='grc' dir='ltr'>είσδέχοιντοσ</span> <span class='ocrx_word' id='word_1_474' title='bbox 628 1716 654 1742; x_wconf 76' lang='lat' dir='ltr'><strong>oi</strong></span> <span class='ocrx_word' id='word_1_475' title='bbox 684 1716 715 1744; x_wconf 72' lang='grc' dir='ltr'>δὲ</span> <span class='ocrx_word' id='word_1_476' title='bbox 733 1717 849 1752; x_wconf 77' lang='grc' dir='ltr'>μύοντες</span> <span class='ocrx_word' id='word_1_477' title='bbox 871 1719 922 1752; x_wconf 80' lang='grc' dir='ltr'><strong>τὰς</strong></span> 
     </span>
    </p>
   </div>
   <div class='ocr_carea' id='block_1_67' title="bbox 132 1756 923 1801">
    <p class='ocr_par' dir='ltr' id='par_1_67' title="bbox 132 1756 923 1801">
     <span class='ocr_line' id='line_1_67' title="bbox 132 1756 923 1801; baseline 0.015 -20"><span class='ocrx_word' id='word_1_478' title='bbox 132 1756 285 1791; x_wconf 81' lang='grc' dir='ltr'>αίσθήσεις,</span> <span class='ocrx_word' id='word_1_479' title='bbox 308 1759 358 1793; x_wconf 83' lang='grc' dir='ltr'>τῆς</span> <span class='ocrx_word' id='word_1_480' title='bbox 374 1759 478 1791; x_wconf 77' lang='grc' dir='ltr'>οἰκείας</span> <span class='ocrx_word' id='word_1_481' title='bbox 504 1760 637 1797; x_wconf 72' lang='grc' dir='ltr'>ἀϐλεψίας</span> <span class='ocrx_word' id='word_1_482' title='bbox 660 1762 707 1790; x_wconf 78' lang='grc' dir='ltr'>τὸν</span> <span class='ocrx_word' id='word_1_483' title='bbox 735 1764 843 1799; x_wconf 76' lang='grc' dir='ltr'>καρπὸν</span> <span class='ocrx_word' id='word_1_484' title='bbox 864 1765 923 1801; x_wconf 76' lang='grc' dir='ltr'>δρέ-</span> 
     </span>
    </p>
   </div>
   <div class='ocr_carea' id='block_1_68' title="bbox 132 1801 923 1844">
    <p class='ocr_par' dir='ltr' id='par_1_68' title="bbox 132 1801 923 1844">
     <span class='ocr_line' id='line_1_68' title="bbox 132 1801 923 1844; baseline 0.015 -17"><span class='ocrx_word' id='word_1_485' title='bbox 132 1801 248 1836; x_wconf 74' lang='grc' dir='ltr'>ψωνται.</span> <span class='ocrx_word' id='word_1_486' title='bbox 263 1804 350 1839; x_wconf 83' lang='grc' dir='ltr'>Καιγε</span> <span class='ocrx_word' id='word_1_487' title='bbox 365 1805 459 1838; x_wconf 82' lang='grc' dir='ltr'>εὔξαιο</span> <span class='ocrx_word' id='word_1_488' title='bbox 474 1807 553 1834; x_wconf 84' lang='grc' dir='ltr'>τοῦτο</span> <span class='ocrx_word' id='word_1_489' title='bbox 567 1808 614 1835; x_wconf 79' lang='grc' dir='ltr'><strong>καὶ</strong></span> <span class='ocrx_word' id='word_1_490' title='bbox 625 1809 698 1844; x_wconf 78' lang='grc' dir='ltr'>ἡμᾶς</span> <span class='ocrx_word' id='word_1_491' title='bbox 716 1811 923 1843; x_wconf 74' lang='grc' dir='ltr'>ποιεῖσθαι,καὶ</span> 
     </span>
    </p>
   </div>
   <div class='ocr_carea' id='block_1_69' title="bbox 134 1848 920 1891">
    <p class='ocr_par' dir='ltr' id='par_1_69' title="bbox 134 1848 920 1891">
     <span class='ocr_line' id='line_1_69' title="bbox 134 1848 920 1891; baseline 0.015 -18"><span class='ocrx_word' id='word_1_492' title='bbox 134 1848 263 1884; x_wconf 81' lang='grc' dir='ltr'>ἁνένοχον</span> <span class='ocrx_word' id='word_1_493' title='bbox 286 1850 316 1876; x_wconf 82' lang='grc' dir='ltr'>τὸ</span> <span class='ocrx_word' id='word_1_494' title='bbox 336 1851 386 1886; x_wconf 81' lang='grc' dir='ltr'>τῆς</span> <span class='ocrx_word' id='word_1_495' title='bbox 413 1853 581 1887; x_wconf 81' lang='grc' dir='ltr'>προστασίας</span> <span class='ocrx_word' id='word_1_496' title='bbox 602 1854 688 1889; x_wconf 79' lang='grc' dir='ltr'>δῶρον</span> <span class='ocrx_word' id='word_1_497' title='bbox 703 1857 920 1891; x_wconf 82' lang='grc' dir='ltr'>ἀπενέγκασθαι.</span> 
     </span>
    </p>
   </div>
   <div class='ocr_carea' id='block_1_70' title="bbox 134 1894 923 1939">
    <p class='ocr_par' dir='ltr' id='par_1_70' title="bbox 134 1894 923 1939">
     <span class='ocr_line' id='line_1_70' title="bbox 134 1894 923 1939; baseline 0.014 -19"><span class='ocrx_word' id='word_1_498' title='bbox 134 1894 285 1922; x_wconf 79' lang='grc' dir='ltr'>Γινώσκειν</span> <span class='ocrx_word' id='word_1_499' title='bbox 303 1896 332 1923; x_wconf 74' lang='grc' dir='ltr'>δὲ</span> <span class='ocrx_word' id='word_1_500' title='bbox 354 1906 383 1923; x_wconf 89' lang='grc' dir='ltr'><strong>σε</strong></span> <span class='ocrx_word' id='word_1_501' title='bbox 400 1897 561 1934; x_wconf 78' lang='grc' dir='ltr'>βουλόμεθα,</span> <span class='ocrx_word' id='word_1_502' title='bbox 575 1900 615 1926; x_wconf 75' lang='grc' dir='ltr'>ὅτι</span> <span class='ocrx_word' id='word_1_503' title='bbox 632 1898 672 1933; x_wconf 78' lang='grc' dir='ltr'>εἷς</span> <span class='ocrx_word' id='word_1_504' title='bbox 682 1901 737 1928; x_wconf 83' lang='grc' dir='ltr'>τῶν</span> <span class='ocrx_word' id='word_1_505' title='bbox 751 1902 923 1939; x_wconf 79' lang='grc' dir='ltr'>λαμπτήρων</span> 
     </span>
    </p>
   </div>
   <div class='ocr_carea' id='block_1_71' title="bbox 133 1941 922 1987">
    <p class='ocr_par' dir='ltr' id='par_1_71' title="bbox 133 1941 922 1987">
     <span class='ocr_line' id='line_1_71' title="bbox 133 1941 922 1987; baseline 0.015 -21"><span class='ocrx_word' id='word_1_506' title='bbox 133 1941 244 1977; x_wconf 76' lang='grc' dir='ltr'>ἀπέπτη</span> <span class='ocrx_word' id='word_1_507' title='bbox 261 1942 329 1977; x_wconf 85' lang='grc' dir='ltr'>πρὸς</span> <span class='ocrx_word' id='word_1_508' title='bbox 339 1943 455 1979; x_wconf 84' lang='grc' dir='ltr'>Κύριον·</span> <span class='ocrx_word' id='word_1_509' title='bbox 475 1942 553 1977; x_wconf 77' lang='grc' dir='ltr'>οὗτος</span> <span class='ocrx_word' id='word_1_510' title='bbox 565 1946 597 1982; x_wconf 85' lang='grc' dir='ltr'>δὴ</span> <span class='ocrx_word' id='word_1_511' title='bbox 608 1947 622 1973; x_wconf 84' lang='grc' dir='ltr'>ὁ</span> <span class='ocrx_word' id='word_1_512' title='bbox 637 1947 789 1981; x_wconf 84' lang='grc' dir='ltr'>ἀγιώτατος</span> <span class='ocrx_word' id='word_1_513' title='bbox 812 1950 922 1987; x_wconf 84' lang='grc' dir='ltr'>Μητρο-</span> 
     </span>
    </p>
   </div>
   <div class='ocr_carea' id='block_1_72' title="bbox 134 1987 922 2030">
    <p class='ocr_par' dir='ltr' id='par_1_72' title="bbox 134 1987 922 2030">
     <span class='ocr_line' id='line_1_72' title="bbox 134 1987 922 2030; baseline 0.014 -18"><span class='ocrx_word' id='word_1_514' title='bbox 134 1987 248 2022; x_wconf 82' lang='grc' dir='ltr'>πολὶτης</span> <span class='ocrx_word' id='word_1_515' title='bbox 278 1989 420 2016; x_wconf 83' lang='grc' dir='ltr'>Συνὰδων·</span> <span class='ocrx_word' id='word_1_516' title='bbox 452 1991 514 2018; x_wconf 64' lang='grc' dir='ltr'>ἐπεὶ</span> <span class='ocrx_word' id='word_1_517' title='bbox 540 1993 734 2030; x_wconf 77' lang='grc' dir='ltr'>καὶπρότερον</span> <span class='ocrx_word' id='word_1_518' title='bbox 763 1996 788 2022; x_wconf 78' lang='grc' dir='ltr'><strong>οἱ</strong></span> <span class='ocrx_word' id='word_1_519' title='bbox 820 1996 922 2023; x_wconf 76' lang='grc' dir='ltr'>κλεινοὶ</span> 
     </span>
    </p>
   </div>
   <div class='ocr_carea' id='block_1_73' title="bbox 133 2032 922 2071">
    <p class='ocr_par' dir='ltr' id='par_1_73' title="bbox 133 2032 922 2071">
     <span class='ocr_line' id='line_1_73' title="bbox 133 2032 922 2071; baseline 0.014 -13"><span class='ocrx_word' id='word_1_520' title='bbox 133 2032 246 2067; x_wconf 80' lang='grc' dir='ltr'>ἀδελφοὶ</span> <span class='ocrx_word' id='word_1_521' title='bbox 272 2034 320 2061; x_wconf 82' lang='grc' dir='ltr'><strong>καὶ</strong></span> <span class='ocrx_word' id='word_1_522' title='bbox 338 2036 470 2071; x_wconf 86' lang='grc' dir='ltr'>Πατέρες,</span> <span class='ocrx_word' id='word_1_523' title='bbox 490 2038 648 2071; x_wconf 81' lang='grc' dir='ltr'>Ἀθανάσιος</span> <span class='ocrx_word' id='word_1_524' title='bbox 668 2040 682 2066; x_wconf 83' lang='grc' dir='ltr'>ὀ</span> <span class='ocrx_word' id='word_1_525' title='bbox 709 2040 757 2067; x_wconf 86' lang='grc' dir='ltr'><strong>τοῦ</strong></span> <span class='ocrx_word' id='word_1_526' title='bbox 781 2042 922 2069; x_wconf 85' lang='grc' dir='ltr'>Παυλοπε-</span> 
     </span>
    </p>
   </div>
   <div class='ocr_carea' id='block_1_74' title="bbox 132 2078 922 2120">
    <p class='ocr_par' dir='ltr' id='par_1_74' title="bbox 132 2078 922 2120">
     <span class='ocr_line' id='line_1_74' title="bbox 132 2078 922 2120; baseline 0.015 -17"><span class='ocrx_word' id='word_1_527' title='bbox 132 2078 211 2113; x_wconf 75' lang='grc' dir='ltr'>τρίου</span> <span class='ocrx_word' id='word_1_528' title='bbox 226 2078 402 2114; x_wconf 81' lang='grc' dir='ltr'>καθηγεμὼν,</span> <span class='ocrx_word' id='word_1_529' title='bbox 413 2082 460 2108; x_wconf 78' lang='grc' dir='ltr'><strong>καὶ</strong></span> <span class='ocrx_word' id='word_1_530' title='bbox 472 2082 597 2119; x_wconf 84' lang='grc' dir='ltr'>Ἰωάννης</span> <span class='ocrx_word' id='word_1_531' title='bbox 613 2086 626 2111; x_wconf 87' lang='grc' dir='ltr'>ὁ</span> <span class='ocrx_word' id='word_1_532' title='bbox 640 2085 690 2120; x_wconf 83' lang='grc' dir='ltr'>τῆς</span> <span class='ocrx_word' id='word_1_533' title='bbox 704 2086 841 2114; x_wconf 84' lang='grc' dir='ltr'>Χαλκίτου</span> <span class='ocrx_word' id='word_1_534' title='bbox 856 2088 922 2115; x_wconf 84' lang='grc' dir='ltr'>καθ-</span> 
     </span>
    </p>
   </div>
   <div class='ocr_carea' id='block_1_75' title="bbox 134 2124 922 2168">
    <p class='ocr_par' dir='ltr' id='par_1_75' title="bbox 134 2124 922 2168">
     <span class='ocr_line' id='line_1_75' title="bbox 134 2124 922 2168; baseline 0.015 -20"><span class='ocrx_word' id='word_1_535' title='bbox 134 2124 251 2159; x_wconf 80' lang='grc' dir='ltr'>ηγητής.</span> <span class='ocrx_word' id='word_1_536' title='bbox 262 2125 316 2151; x_wconf 83' lang='grc' dir='ltr'><strong>Καὶ</strong></span> <span class='ocrx_word' id='word_1_537' title='bbox 327 2126 352 2152; x_wconf 85' lang='grc' dir='ltr'>οἱ</span> <span class='ocrx_word' id='word_1_538' title='bbox 364 2127 498 2162; x_wconf 78' lang='grc' dir='ltr'>αίρετικοὶ</span> <span class='ocrx_word' id='word_1_539' title='bbox 509 2129 559 2164; x_wconf 79' lang='grc' dir='ltr'>μὲν</span> <span class='ocrx_word' id='word_1_540' title='bbox 582 2129 708 2157; x_wconf 79' lang='grc' dir='ltr'>δοκοῦσιν</span> <span class='ocrx_word' id='word_1_541' title='bbox 722 2131 922 2168; x_wconf 80' lang='grc' dir='ltr'>ὑποτέμνεσθαι</span> 
     </span>
    </p>
   </div>
   <div class='ocr_carea' id='block_1_76' title="bbox 132 2169 920 2212">
    <p class='ocr_par' dir='ltr' id='par_1_76' title="bbox 132 2169 920 2212">
     <span class='ocr_line' id='line_1_76' title="bbox 132 2169 920 2212; baseline 0.015 -18"><span class='ocrx_word' id='word_1_542' title='bbox 132 2169 163 2195; x_wconf 74' lang='grc' dir='ltr'><strong>τὸ</strong></span> <span class='ocrx_word' id='word_1_543' title='bbox 173 2169 370 2206; x_wconf 83' lang='grc' dir='ltr'>ὀμολογητικὸν</span> <span class='ocrx_word' id='word_1_544' title='bbox 381 2173 518 2209; x_wconf 86' lang='grc' dir='ltr'>πλήρωμα</span> <span class='ocrx_word' id='word_1_545' title='bbox 525 2174 570 2201; x_wconf 80' lang='grc' dir='ltr'><strong>τοῦ</strong></span> <span class='ocrx_word' id='word_1_546' title='bbox 579 2175 710 2209; x_wconf 85' lang='grc' dir='ltr'>Χριστοῦ.</span> <span class='ocrx_word' id='word_1_547' title='bbox 734 2177 873 2211; x_wconf 80' lang='grc' dir='ltr'>Ἀγνοοῦσι</span> <span class='ocrx_word' id='word_1_548' title='bbox 881 2179 920 2212; x_wconf 82' lang='grc' dir='ltr'>δὲ,</span> 
     </span>
    </p>
   </div>
   <div class='ocr_carea' id='block_1_77' title="bbox 133 2214 955 2259">
    <p class='ocr_par' dir='ltr' id='par_1_77' title="bbox 133 2214 955 2259">
     <span class='ocr_line' id='line_1_77' title="bbox 133 2214 955 2259; baseline 0.015 -19"><span class='ocrx_word' id='word_1_549' title='bbox 133 2214 175 2241; x_wconf 77' lang='grc' dir='ltr'>ὅτι</span> <span class='ocrx_word' id='word_1_550' title='bbox 189 2216 236 2241; x_wconf 77' lang='grc' dir='ltr'><strong>καὶ</strong></span> <span class='ocrx_word' id='word_1_551' title='bbox 252 2217 352 2250; x_wconf 81' lang='grc' dir='ltr'>μᾶλλον</span> <span class='ocrx_word' id='word_1_552' title='bbox 365 2218 531 2253; x_wconf 82' lang='grc' dir='ltr'>πληθύνεται</span> <span class='ocrx_word' id='word_1_553' title='bbox 547 2220 620 2256; x_wconf 84' lang='grc' dir='ltr'><strong>ζήλῳ</strong></span> <span class='ocrx_word' id='word_1_554' title='bbox 633 2222 686 2248; x_wconf 86' lang='grc' dir='ltr'>τῶν</span> <span class='ocrx_word' id='word_1_555' title='bbox 706 2223 922 2259; x_wconf 75' lang='grc' dir='ltr'>προηθληκὸτων</span> <span class='ocrx_word' id='word_1_556' title='bbox 951 2222 955 2227; x_wconf 86' lang='grc'><strong>’</strong></span> 
     </span>
    </p>
   </div>
   <div class='ocr_carea' id='block_1_78' title="bbox 973 1627 1765 1668">
    <p class='ocr_par' dir='ltr' id='par_1_78' title="bbox 973 1627 1765 1668">
     <span class='ocr_line' id='line_1_78' title="bbox 973 1627 1765 1668; baseline -0.015 -5"><span class='ocrx_word' id='word_1_557' title='bbox 973 1640 1000 1664; x_wconf 89' lang='lat' dir='ltr'><strong>et</strong></span> <span class='ocrx_word' id='word_1_558' title='bbox 1019 1643 1068 1662; x_wconf 88' lang='lat' dir='ltr'><strong>ora</strong></span> <span class='ocrx_word' id='word_1_559' title='bbox 1082 1634 1187 1668; x_wconf 85' lang='lat' dir='ltr'><strong>utique,</strong></span> <span class='ocrx_word' id='word_1_560' title='bbox 1203 1637 1233 1659; x_wconf 90' lang='lat' dir='ltr'><strong>ut</strong></span> <span class='ocrx_word' id='word_1_561' title='bbox 1249 1631 1300 1659; x_wconf 91' lang='lat' dir='ltr'><strong>hoc</strong></span> <span class='ocrx_word' id='word_1_562' title='bbox 1310 1635 1338 1659; x_wconf 87' lang='lat' dir='ltr'><strong>et</strong></span> <span class='ocrx_word' id='word_1_563' title='bbox 1356 1637 1408 1658; x_wconf 89' lang='lat' dir='ltr'><strong>nos</strong></span> <span class='ocrx_word' id='word_1_564' title='bbox 1422 1633 1595 1664; x_wconf 64' lang='lat' dir='ltr'><strong>prmstemus,</strong></span> <span class='ocrx_word' id='word_1_565' title='bbox 1629 1627 1765 1661; x_wconf 79' lang='lat' dir='ltr'><strong>culpaque</strong></span> 
     </span>
    </p>
   </div>
   <div class='ocr_carea' id='block_1_79' title="bbox 975 1670 1763 1714">
    <p class='ocr_par' dir='ltr' id='par_1_79' title="bbox 975 1670 1763 1714">
     <span class='ocr_line' id='line_1_79' title="bbox 975 1670 1763 1714; baseline -0.015 -6"><span class='ocrx_word' id='word_1_566' title='bbox 975 1687 1091 1708; x_wconf 82' lang='lat' dir='ltr'><strong>vacuum</strong></span> <span class='ocrx_word' id='word_1_567' title='bbox 1122 1677 1292 1714; x_wconf 71' lang='lat' dir='ltr'><strong>praefecturae</strong></span> <span class='ocrx_word' id='word_1_568' title='bbox 1333 1677 1437 1703; x_wconf 89' lang='lat' dir='ltr'><strong>donum</strong></span> <span class='ocrx_word' id='word_1_569' title='bbox 1472 1677 1655 1708; x_wconf 84' lang='lat' dir='ltr'><strong>reportemus.</strong></span> <span class='ocrx_word' id='word_1_570' title='bbox 1685 1670 1763 1697; x_wconf 77' lang='lat' dir='ltr'><strong>Scire</strong></span> 
     </span>
    </p>
   </div>
   <div class='ocr_carea' id='block_1_80' title="bbox 973 1716 1763 1763">
    <p class='ocr_par' dir='ltr' id='par_1_80' title="bbox 973 1716 1763 1763">
     <span class='ocr_line' id='line_1_80' title="bbox 973 1716 1763 1763; baseline -0.014 -10"><span class='ocrx_word' id='word_1_571' title='bbox 973 1734 1055 1763; x_wconf 90' lang='lat' dir='ltr'><strong>porro</strong></span> <span class='ocrx_word' id='word_1_572' title='bbox 1074 1730 1100 1752; x_wconf 88' lang='lat' dir='ltr'><strong>te</strong></span> <span class='ocrx_word' id='word_1_573' title='bbox 1111 1724 1248 1755; x_wconf 87' lang='lat' dir='ltr'><strong>volumus,</strong></span> <span class='ocrx_word' id='word_1_574' title='bbox 1269 1729 1353 1750; x_wconf 89' lang='lat' dir='ltr'><strong>unum</strong></span> <span class='ocrx_word' id='word_1_575' title='bbox 1367 1720 1401 1748; x_wconf 92' lang='lat' dir='ltr'><strong>de</strong></span> <span class='ocrx_word' id='word_1_576' title='bbox 1421 1719 1602 1746; x_wconf 84' lang='lat' dir='ltr'><strong>lutniuarihus</strong></span> <span class='ocrx_word' id='word_1_577' title='bbox 1618 1717 1651 1744; x_wconf 89' lang='lat' dir='ltr'><strong>ad</strong></span> <span class='ocrx_word' id='word_1_578' title='bbox 1669 1716 1763 1744; x_wconf 86' lang='lat' dir='ltr'><strong>Domi-</strong></span> 
     </span>
    </p>
   </div>
   <div class='ocr_carea' id='block_1_81' title="bbox 973 1763 1763 1803">
    <p class='ocr_par' dir='ltr' id='par_1_81' title="bbox 973 1763 1763 1803">
     <span class='ocr_line' id='line_1_81' title="bbox 973 1763 1763 1803; baseline -0.015 -3"><span class='ocrx_word' id='word_1_579' title='bbox 973 1781 1038 1800; x_wconf 91' lang='lat' dir='ltr'><strong>num</strong></span> <span class='ocrx_word' id='word_1_580' title='bbox 1054 1771 1179 1799; x_wconf 77' lang='lat' dir='ltr'><strong>avolasse</strong></span> <span class='ocrx_word' id='word_1_581' title='bbox 1192 1780 1199 1803; x_wconf 88' lang='lat'><strong>;</strong></span> <span class='ocrx_word' id='word_1_582' title='bbox 1216 1769 1239 1796; x_wconf 88' lang='lat' dir='ltr'><strong>is</strong></span> <span class='ocrx_word' id='word_1_583' title='bbox 1253 1773 1295 1796; x_wconf 84' lang='lat' dir='ltr'><strong>est</strong></span> <span class='ocrx_word' id='word_1_584' title='bbox 1310 1766 1501 1795; x_wconf 81' lang='lat' dir='ltr'><strong>sanctissimus</strong></span> <span class='ocrx_word' id='word_1_585' title='bbox 1517 1763 1689 1798; x_wconf 87' lang='lat' dir='ltr'><strong>metropolila</strong></span> <span class='ocrx_word' id='word_1_586' title='bbox 1711 1763 1763 1797; x_wconf 72' lang='lat' dir='ltr'><strong>Sy-</strong></span> 
     </span>
    </p>
   </div>
   <div class='ocr_carea' id='block_1_82' title="bbox 973 1811 1765 1851">
    <p class='ocr_par' dir='ltr' id='par_1_82' title="bbox 973 1811 1765 1851">
     <span class='ocr_line' id='line_1_82' title="bbox 973 1811 1765 1851; baseline -0.014 -5"><span class='ocrx_word' id='word_1_587' title='bbox 973 1819 1125 1851; x_wconf 90' lang='lat' dir='ltr'><strong>nadorum;</strong></span> <span class='ocrx_word' id='word_1_588' title='bbox 1141 1825 1174 1844; x_wconf 83' lang='lat' dir='ltr'><strong>ae</strong></span> <span class='ocrx_word' id='word_1_589' title='bbox 1189 1817 1265 1851; x_wconf 89' lang='lat' dir='ltr'><strong>prius</strong></span> <span class='ocrx_word' id='word_1_590' title='bbox 1279 1814 1361 1842; x_wconf 89' lang='lat' dir='ltr'><strong>etiam</strong></span> <span class='ocrx_word' id='word_1_591' title='bbox 1386 1813 1532 1849; x_wconf 69' lang='lat' dir='ltr'><strong>praeclaros</strong></span> <span class='ocrx_word' id='word_1_592' title='bbox 1550 1811 1648 1838; x_wconf 80' lang='lat' dir='ltr'><strong>fratres</strong></span> <span class='ocrx_word' id='word_1_593' title='bbox 1673 1814 1700 1837; x_wconf 86' lang='lat' dir='ltr'><strong>ct</strong></span> <span class='ocrx_word' id='word_1_594' title='bbox 1715 1817 1765 1844; x_wconf 83' lang='lat' dir='ltr'><strong>pa-</strong></span> 
     </span>
    </p>
   </div>
   <div class='ocr_carea' id='block_1_83' title="bbox 972 1857 1765 1897">
    <p class='ocr_par' dir='ltr' id='par_1_83' title="bbox 972 1857 1765 1897">
     <span class='ocr_line' id='line_1_83' title="bbox 972 1857 1765 1897; baseline -0.014 -4"><span class='ocrx_word' id='word_1_595' title='bbox 972 1869 1052 1897; x_wconf 85' lang='lat' dir='ltr'><strong>tres,</strong></span> <span class='ocrx_word' id='word_1_596' title='bbox 1080 1862 1262 1891; x_wconf 85' lang='lat' dir='ltr'><strong>Athanasium</strong></span> <span class='ocrx_word' id='word_1_597' title='bbox 1295 1859 1462 1894; x_wconf 88' lang='lat' dir='ltr'><strong>Paulopetrii</strong></span> <span class='ocrx_word' id='word_1_598' title='bbox 1488 1857 1702 1889; x_wconf 85' lang='lat' dir='ltr'><strong>moderatorem,</strong></span> <span class='ocrx_word' id='word_1_599' title='bbox 1736 1860 1765 1882; x_wconf 88' lang='lat' dir='ltr'><strong>et</strong></span> 
     </span>
    </p>
   </div>
   <div class='ocr_carea' id='block_1_84' title="bbox 971 1901 1764 1938">
    <p class='ocr_par' dir='ltr' id='par_1_84' title="bbox 971 1901 1764 1938">
     <span class='ocr_line' id='line_1_84' title="bbox 971 1901 1764 1938; baseline -0.013 -1"><span class='ocrx_word' id='word_1_600' title='bbox 971 1908 1105 1937; x_wconf 79' lang='lat' dir='ltr'><strong>Joannem</strong></span> <span class='ocrx_word' id='word_1_601' title='bbox 1122 1911 1254 1935; x_wconf 83' lang='lat' dir='ltr'><strong>rectorem</strong></span> <span class='ocrx_word' id='word_1_602' title='bbox 1268 1905 1405 1932; x_wconf 56' lang='lat' dir='ltr'><strong>Chalcitze.</strong></span> <span class='ocrx_word' id='word_1_603' title='bbox 1425 1904 1457 1931; x_wconf 80' lang='lat' dir='ltr'><strong>Et</strong></span> <span class='ocrx_word' id='word_1_604' title='bbox 1468 1907 1565 1938; x_wconf 87' lang='lat' dir='ltr'><strong>putant</strong></span> <span class='ocrx_word' id='word_1_605' title='bbox 1579 1902 1688 1937; x_wconf 86' lang='lat' dir='ltr'><strong>quidem</strong></span> <span class='ocrx_word' id='word_1_606' title='bbox 1707 1901 1764 1928; x_wconf 66' lang='lat' dir='ltr'><strong>h2-</strong></span> 
     </span>
    </p>
   </div>
   <div class='ocr_carea' id='block_1_85' title="bbox 972 1946 1764 1986">
    <p class='ocr_par' dir='ltr' id='par_1_85' title="bbox 972 1946 1764 1986">
     <span class='ocr_line' id='line_1_85' title="bbox 972 1946 1764 1986; baseline -0.011 -4"><span class='ocrx_word' id='word_1_607' title='bbox 972 1953 1071 1986; x_wconf 90' lang='lat' dir='ltr'><strong>retiei,</strong></span> <span class='ocrx_word' id='word_1_608' title='bbox 1105 1958 1250 1980; x_wconf 88' lang='lat' dir='ltr'><strong>numerum</strong></span> <span class='ocrx_word' id='word_1_609' title='bbox 1279 1949 1384 1978; x_wconf 87' lang='lat' dir='ltr'><strong>succidi</strong></span> <span class='ocrx_word' id='word_1_610' title='bbox 1422 1948 1612 1976; x_wconf 80' lang='lat' dir='ltr'><strong>confessorqu</strong></span> <span class='ocrx_word' id='word_1_611' title='bbox 1640 1946 1764 1974; x_wconf 77' lang='lat' dir='ltr'><strong>Christi:</strong></span> 
     </span>
    </p>
   </div>
   <div class='ocr_carea' id='block_1_86' title="bbox 973 1992 1764 2034">
    <p class='ocr_par' dir='ltr' id='par_1_86' title="bbox 973 1992 1764 2034">
     <span class='ocr_line' id='line_1_86' title="bbox 973 1992 1764 2034; baseline -0.01 -7"><span class='ocrx_word' id='word_1_612' title='bbox 973 2000 1100 2034; x_wconf 73' lang='lat' dir='ltr'><strong>ignorant</strong></span> <span class='ocrx_word' id='word_1_613' title='bbox 1117 2003 1228 2029; x_wconf 87' lang='lat' dir='ltr'><strong>autem,</strong></span> <span class='ocrx_word' id='word_1_614' title='bbox 1245 1996 1421 2025; x_wconf 63' lang='lat' dir='ltr'><strong>amulatione</strong></span> <span class='ocrx_word' id='word_1_615' title='bbox 1447 1993 1628 2029; x_wconf 66' lang='lat' dir='ltr'><strong>praeeuntium</strong></span> <span class='ocrx_word' id='word_1_616' title='bbox 1647 1992 1764 2020; x_wconf 80' lang='lat' dir='ltr'><strong>athleta-</strong></span> 
     </span>
    </p>
   </div>
   <div class='ocr_carea' id='block_1_87' title="bbox 973 2039 1764 2078">
    <p class='ocr_par' dir='ltr' id='par_1_87' title="bbox 973 2039 1764 2078">
     <span class='ocr_line' id='line_1_87' title="bbox 973 2039 1764 2078; baseline -0.011 -6"><span class='ocrx_word' id='word_1_617' title='bbox 973 2052 1046 2077; x_wconf 85' lang='lat' dir='ltr'><strong>rum,</strong></span> <span class='ocrx_word' id='word_1_618' title='bbox 1063 2043 1156 2078; x_wconf 71' lang='lat' dir='ltr'><strong>augeri</strong></span> <span class='ocrx_word' id='word_1_619' title='bbox 1173 2043 1263 2078; x_wconf 88' lang='lat' dir='ltr'><strong>potius</strong></span> <span class='ocrx_word' id='word_1_620' title='bbox 1278 2049 1375 2077; x_wconf 80' lang='lat' dir='ltr'><strong>agluen</strong></span> <span class='ocrx_word' id='word_1_621' title='bbox 1400 2039 1607 2067; x_wconf 86' lang='lat' dir='ltr'><strong>eonvolantium</strong></span> <span class='ocrx_word' id='word_1_622' title='bbox 1618 2057 1626 2070; x_wconf 89' lang='lat'><strong>,</strong></span> <span class='ocrx_word' id='word_1_623' title='bbox 1645 2042 1764 2065; x_wconf 71' lang='lat' dir='ltr'><strong>emtum-</strong></span> 
     </span>
    </p>
   </div>
   <div class='ocr_carea' id='block_1_88' title="bbox 972 2082 1765 2126">
    <p class='ocr_par' dir='ltr' id='par_1_88' title="bbox 972 2082 1765 2126">
     <span class='ocr_line' id='line_1_88' title="bbox 972 2082 1765 2126; baseline -0.011 -9"><span class='ocrx_word' id='word_1_624' title='bbox 972 2098 1025 2126; x_wconf 88' lang='lat' dir='ltr'><strong>que</strong></span> <span class='ocrx_word' id='word_1_625' title='bbox 1042 2090 1100 2117; x_wconf 88' lang='lat' dir='ltr'><strong>alas</strong></span> <span class='ocrx_word' id='word_1_626' title='bbox 1114 2088 1307 2124; x_wconf 88' lang='lat' dir='ltr'><strong>explicantium</strong></span> <span class='ocrx_word' id='word_1_627' title='bbox 1327 2096 1334 2114; x_wconf 87' lang='lat'><strong>:</strong></span> <span class='ocrx_word' id='word_1_628' title='bbox 1350 2085 1491 2113; x_wconf 86' lang='lat' dir='ltr'><strong>Christum</strong></span> <span class='ocrx_word' id='word_1_629' title='bbox 1518 2091 1582 2112; x_wconf 89' lang='lat' dir='ltr'><strong>vero</strong></span> <span class='ocrx_word' id='word_1_630' title='bbox 1598 2084 1688 2110; x_wconf 88' lang='lat' dir='ltr'><strong>adhuc</strong></span> <span class='ocrx_word' id='word_1_631' title='bbox 1700 2082 1765 2109; x_wconf 88' lang='lat' dir='ltr'><strong>dor-</strong></span> 
     </span>
    </p>
   </div>
   <div class='ocr_carea' id='block_1_89' title="bbox 973 2127 1761 2169">
    <p class='ocr_par' dir='ltr' id='par_1_89' title="bbox 973 2127 1761 2169">
     <span class='ocr_line' id='line_1_89' title="bbox 973 2127 1761 2169; baseline -0.011 -7"><span class='ocrx_word' id='word_1_632' title='bbox 973 2136 1052 2167; x_wconf 89' lang='lat' dir='ltr'><strong>mire,</strong></span> <span class='ocrx_word' id='word_1_633' title='bbox 1070 2139 1151 2169; x_wconf 86' lang='lat' dir='ltr'><strong>atque</strong></span> <span class='ocrx_word' id='word_1_634' title='bbox 1174 2134 1236 2161; x_wconf 85' lang='lat' dir='ltr'><strong>aliis</strong></span> <span class='ocrx_word' id='word_1_635' title='bbox 1248 2133 1358 2168; x_wconf 86' lang='lat' dir='ltr'><strong>quidem</strong></span> <span class='ocrx_word' id='word_1_636' title='bbox 1386 2131 1498 2166; x_wconf 81' lang='lat' dir='ltr'><strong>januam</strong></span> <span class='ocrx_word' id='word_1_637' title='bbox 1515 2130 1622 2164; x_wconf 80' lang='lat' dir='ltr'><strong>aperire</strong></span> <span class='ocrx_word' id='word_1_638' title='bbox 1640 2127 1761 2155; x_wconf 78' lang='lat' dir='ltr'><strong>bonitate</strong></span> 
     </span>
    </p>
   </div>
   <div class='ocr_carea' id='block_1_90' title="bbox 973 2171 1762 2213">
    <p class='ocr_par' dir='ltr' id='par_1_90' title="bbox 973 2171 1762 2213">
     <span class='ocr_line' id='line_1_90' title="bbox 973 2171 1762 2213; baseline -0.011 -5"><span class='ocrx_word' id='word_1_639' title='bbox 973 2171 1122 2213; x_wconf 70' lang='lat' dir='ltr'><strong>ineffabili;</strong></span> <span class='ocrx_word' id='word_1_640' title='bbox 1152 2179 1270 2206; x_wconf 89' lang='lat' dir='ltr'><strong>aliorum</strong></span> <span class='ocrx_word' id='word_1_641' title='bbox 1302 2178 1446 2212; x_wconf 79' lang='lat' dir='ltr'><strong>explorare</strong></span> <span class='ocrx_word' id='word_1_642' title='bbox 1471 2175 1592 2203; x_wconf 90' lang='lat' dir='ltr'><strong>studium</strong></span> <span class='ocrx_word' id='word_1_643' title='bbox 1620 2173 1762 2209; x_wconf 84' lang='lat' dir='ltr'><strong>proposita</strong></span> 
     </span>
    </p>
   </div>
   <div class='ocr_carea' id='block_1_91' title="bbox 972 2220 1761 2260">
    <p class='ocr_par' dir='ltr' id='par_1_91' title="bbox 972 2220 1761 2260">
     <span class='ocr_line' id='line_1_91' title="bbox 972 2220 1761 2260; baseline -0.011 -8"><span class='ocrx_word' id='word_1_644' title='bbox 972 2224 1111 2260; x_wconf 71' lang='lat' dir='ltr'><strong>patientia:</strong></span> <span class='ocrx_word' id='word_1_645' title='bbox 1119 2231 1238 2256; x_wconf 85' lang='lat' dir='ltr'><strong>corona;</strong></span> <span class='ocrx_word' id='word_1_646' title='bbox 1257 2222 1326 2249; x_wconf 88' lang='lat' dir='ltr'><strong>alios</strong></span> <span class='ocrx_word' id='word_1_647' title='bbox 1336 2242 1343 2254; x_wconf 93' lang='lat'><strong>,</strong></span> <span class='ocrx_word' id='word_1_648' title='bbox 1351 2226 1480 2256; x_wconf 84' lang='lat' dir='ltr'><strong>tanquam</strong></span> <span class='ocrx_word' id='word_1_649' title='bbox 1493 2220 1638 2255; x_wconf 79' lang='lat' dir='ltr'><strong>probatum</strong></span> <span class='ocrx_word' id='word_1_650' title='bbox 1651 2225 1761 2249; x_wconf 89' lang='lat' dir='ltr'><strong>aurum,</strong></span> 
     </span>
    </p>
   </div>
   <div class='ocr_carea' id='block_1_92' title="bbox 135 2261 922 2305">
    <p class='ocr_par' dir='ltr' id='par_1_92' title="bbox 135 2261 919 2305">
     <span class='ocr_line' id='line_1_92' title="bbox 135 2261 919 2305; baseline 0.015 -21"><span class='ocrx_word' id='word_1_651' title='bbox 135 2261 383 2305; x_wconf 62' lang='grc' dir='ltr'>συνανιπτάμενον,</span> <span class='ocrx_word' id='word_1_652' title='bbox 397 2264 444 2289; x_wconf 63' lang='grc' dir='ltr'>καὶ</span> <span class='ocrx_word' id='word_1_653' title='bbox 457 2263 488 2289; x_wconf 76' lang='grc' dir='ltr'>τὸ</span> <span class='ocrx_word' id='word_1_654' title='bbox 495 2265 705 2301; x_wconf 77' lang='grc' dir='ltr'>πτεροῤῥυῆσαν</span> <span class='ocrx_word' id='word_1_655' title='bbox 717 2268 798 2302; x_wconf 78' lang='grc' dir='ltr'>τυχὸν</span> <span class='ocrx_word' id='word_1_656' title='bbox 815 2268 919 2304; x_wconf 70' lang='grc' dir='ltr'>στῖφος.</span> 
     </span>
    </p>
   </div>
   <div class='ocr_carea' id='block_1_93' title="bbox 973 2261 1763 2305">
    <p class='ocr_par' dir='ltr' id='par_1_93' title="bbox 974 2265 1763 2305">
     <span class='ocr_line' id='line_1_93' title="bbox 974 2265 1763 2305; baseline -0.01 -7"><span class='ocrx_word' id='word_1_657' title='bbox 974 2271 1075 2305; x_wconf 86' lang='lat' dir='ltr'><strong>ubique</strong></span> <span class='ocrx_word' id='word_1_658' title='bbox 1091 2276 1198 2304; x_wconf 90' lang='lat' dir='ltr'><strong>semper</strong></span> <span class='ocrx_word' id='word_1_659' title='bbox 1212 2275 1352 2296; x_wconf 82' lang='lat' dir='ltr'><strong>assumere</strong></span> <span class='ocrx_word' id='word_1_660' title='bbox 1381 2267 1415 2294; x_wconf 89' lang='lat' dir='ltr'><strong>ad</strong></span> <span class='ocrx_word' id='word_1_661' title='bbox 1441 2266 1565 2294; x_wconf 82' lang='lat' dir='ltr'><strong>diadema</strong></span> <span class='ocrx_word' id='word_1_662' title='bbox 1578 2265 1685 2292; x_wconf 83' lang='lat' dir='ltr'><strong>decoris</strong></span> <span class='ocrx_word' id='word_1_663' title='bbox 1702 2265 1763 2299; x_wconf 68' lang='lat' dir='ltr'><strong>glo-</strong></span> 
     </span>
    </p>
   </div>
   <div class='ocr_carea' id='block_1_94' title="bbox 133 2304 923 2351">
    <p class='ocr_par' dir='ltr' id='par_1_94' title="bbox 133 2304 923 2351">
     <span class='ocr_line' id='line_1_94' title="bbox 133 2304 923 2351; baseline 0.016 -21"><span class='ocrx_word' id='word_1_664' title='bbox 133 2304 251 2339; x_wconf 72' lang='grc' dir='ltr'>Χρισῖὺς</span> <span class='ocrx_word' id='word_1_665' title='bbox 269 2306 298 2333; x_wconf 80' lang='grc' dir='ltr'>δὲ</span> <span class='ocrx_word' id='word_1_666' title='bbox 319 2307 359 2333; x_wconf 71' lang='grc' dir='ltr'>ἔτι</span> <span class='ocrx_word' id='word_1_667' title='bbox 378 2309 513 2341; x_wconf 82' lang='grc' dir='ltr'>καθεύδει,</span> <span class='ocrx_word' id='word_1_668' title='bbox 530 2312 587 2342; x_wconf 85' lang='grc' dir='ltr'>τοῖς</span> <span class='ocrx_word' id='word_1_669' title='bbox 606 2312 654 2346; x_wconf 64' lang='grc' dir='ltr'>μὲν</span> <span class='ocrx_word' id='word_1_670' title='bbox 668 2313 824 2348; x_wconf 79' lang='grc' dir='ltr'>ὑπανοίγων</span> <span class='ocrx_word' id='word_1_671' title='bbox 836 2314 923 2351; x_wconf 87' lang='grc' dir='ltr'>θύραν</span> 
     </span>
    </p>
   </div>
   <div class='ocr_carea' id='block_1_95' title="bbox 135 2351 922 2393">
    <p class='ocr_par' dir='ltr' id='par_1_95' title="bbox 135 2351 922 2393">
     <span class='ocr_line' id='line_1_95' title="bbox 135 2351 922 2393; baseline 0.015 -17"><span class='ocrx_word' id='word_1_672' title='bbox 135 2351 301 2387; x_wconf 77' lang='grc' dir='ltr'>χρηστότητι</span> <span class='ocrx_word' id='word_1_673' title='bbox 315 2353 513 2390; x_wconf 79' lang='grc' dir='ltr'>ἀνεκδιηγήτῳ,</span> <span class='ocrx_word' id='word_1_674' title='bbox 535 2356 588 2382; x_wconf 87' lang='grc' dir='ltr'>τῶν</span> <span class='ocrx_word' id='word_1_675' title='bbox 603 2356 631 2383; x_wconf 82' lang='grc' dir='ltr'>δὲ</span> <span class='ocrx_word' id='word_1_676' title='bbox 645 2357 801 2393; x_wconf 76' lang='grc' dir='ltr'>δοκιμάζων</span> <span class='ocrx_word' id='word_1_677' title='bbox 819 2360 863 2387; x_wconf 76' lang='grc' dir='ltr'><strong>τὸν</strong></span> <span class='ocrx_word' id='word_1_678' title='bbox 872 2361 922 2388; x_wconf 86' lang='grc' dir='ltr'>πό·-</span> 
     </span>
    </p>
   </div>
   <div class='ocr_carea' id='block_1_96' title="bbox 136 2396 922 2440">
    <p class='ocr_par' dir='ltr' id='par_1_96' title="bbox 136 2396 922 2440">
     <span class='ocr_line' id='line_1_96' title="bbox 136 2396 922 2440; baseline 0.014 -18"><span class='ocrx_word' id='word_1_679' title='bbox 136 2396 181 2423; x_wconf 90' lang='grc' dir='ltr'><strong>θον</strong></span> <span class='ocrx_word' id='word_1_680' title='bbox 207 2398 236 2424; x_wconf 79' lang='grc' dir='ltr'>ὲν</span> <span class='ocrx_word' id='word_1_681' title='bbox 267 2399 406 2436; x_wconf 84' lang='grc' dir='ltr'>ὑπομονῆς</span> <span class='ocrx_word' id='word_1_682' title='bbox 436 2402 648 2437; x_wconf 82' lang='grc' dir='ltr'>στεφανώματι,</span> <span class='ocrx_word' id='word_1_683' title='bbox 677 2405 740 2437; x_wconf 78' lang='grc' dir='ltr'>τοὺς</span> <span class='ocrx_word' id='word_1_684' title='bbox 766 2405 795 2432; x_wconf 82' lang='grc' dir='ltr'>δὲ</span> <span class='ocrx_word' id='word_1_685' title='bbox 820 2407 867 2433; x_wconf 75' lang='grc' dir='ltr'><strong>καὶ</strong></span> <span class='ocrx_word' id='word_1_686' title='bbox 883 2407 922 2440; x_wconf 83' lang='grc' dir='ltr'>ὡς</span> 
     </span>
    </p>
   </div>
   <div class='ocr_carea' id='block_1_97' title="bbox 134 2443 920 2486">
    <p class='ocr_par' dir='ltr' id='par_1_97' title="bbox 134 2443 920 2486">
     <span class='ocr_line' id='line_1_97' title="bbox 134 2443 920 2486; baseline 0.014 -17"><span class='ocrx_word' id='word_1_687' title='bbox 134 2443 470 2481; x_wconf 76' lang='grc' dir='ltr'>χρυσὸνδεδοκιμασμὲνον</span> <span class='ocrx_word' id='word_1_688' title='bbox 493 2448 711 2483; x_wconf 79' lang='grc' dir='ltr'>προσλαμϐάνων</span> <span class='ocrx_word' id='word_1_689' title='bbox 737 2451 865 2479; x_wconf 77' lang='grc' dir='ltr'>ἑκάστοτε</span> <span class='ocrx_word' id='word_1_690' title='bbox 880 2455 920 2486; x_wconf 83' lang='grc' dir='ltr'><strong>εἰς</strong></span> 
     </span>
    </p>
   </div>
   <div class='ocr_carea' id='block_1_98' title="bbox 136 2489 920 2533">
    <p class='ocr_par' dir='ltr' id='par_1_98' title="bbox 136 2489 920 2533">
     <span class='ocr_line' id='line_1_98' title="bbox 136 2489 920 2533; baseline 0.014 -19"><span class='ocrx_word' id='word_1_691' title='bbox 136 2489 255 2524; x_wconf 83' lang='grc' dir='ltr'>διάδημα</span> <span class='ocrx_word' id='word_1_692' title='bbox 271 2490 386 2523; x_wconf 84' lang='grc' dir='ltr'>κάλλους</span> <span class='ocrx_word' id='word_1_693' title='bbox 397 2492 477 2526; x_wconf 78' lang='grc' dir='ltr'>δόξης</span> <span class='ocrx_word' id='word_1_694' title='bbox 489 2494 583 2521; x_wconf 79' lang='grc' dir='ltr'>αὐτοῦ.</span> <span class='ocrx_word' id='word_1_695' title='bbox 593 2494 684 2522; x_wconf 86' lang='grc' dir='ltr'>Ταῦτά</span> <span class='ocrx_word' id='word_1_696' title='bbox 696 2504 736 2523; x_wconf 89' lang='grc' dir='ltr'><strong>σοι</strong></span> <span class='ocrx_word' id='word_1_697' title='bbox 751 2498 815 2532; x_wconf 81' lang='grc' dir='ltr'>παρ’</span> <span class='ocrx_word' id='word_1_698' title='bbox 829 2499 920 2533; x_wconf 77' lang='grc' dir='ltr'>ἡμῶν,</span> 
     </span>
    </p>
   </div>
   <div class='ocr_carea' id='block_1_99' title="bbox 976 2312 1763 2346">
    <p class='ocr_par' dir='ltr' id='par_1_99' title="bbox 976 2312 1763 2346">
     <span class='ocr_line' id='line_1_99' title="bbox 976 2312 1763 2346; baseline -0.01 -2"><span class='ocrx_word' id='word_1_699' title='bbox 976 2317 1025 2344; x_wconf 71' lang='lat' dir='ltr'><strong>riae</strong></span> <span class='ocrx_word' id='word_1_700' title='bbox 1038 2324 1104 2344; x_wconf 67' lang='lat' dir='ltr'><strong>sure.</strong></span> <span class='ocrx_word' id='word_1_701' title='bbox 1120 2315 1183 2342; x_wconf 66' lang='lat' dir='ltr'><strong>Haec</strong></span> <span class='ocrx_word' id='word_1_702' title='bbox 1197 2315 1244 2343; x_wconf 89' lang='lat' dir='ltr'><strong>tibi</strong></span> <span class='ocrx_word' id='word_1_703' title='bbox 1258 2323 1274 2342; x_wconf 90' lang='lat' dir='ltr'><strong>a</strong></span> <span class='ocrx_word' id='word_1_704' title='bbox 1291 2314 1381 2346; x_wconf 89' lang='lat' dir='ltr'><strong>nobis,</strong></span> <span class='ocrx_word' id='word_1_705' title='bbox 1407 2321 1424 2341; x_wconf 93' lang='lat' dir='ltr'><strong>o</strong></span> <span class='ocrx_word' id='word_1_706' title='bbox 1447 2313 1535 2340; x_wconf 82' lang='lat' dir='ltr'><strong>beate.</strong></span> <span class='ocrx_word' id='word_1_707' title='bbox 1550 2312 1590 2339; x_wconf 88' lang='lat' dir='ltr'><strong>Tu</strong></span> <span class='ocrx_word' id='word_1_708' title='bbox 1605 2318 1668 2338; x_wconf 86' lang='lat' dir='ltr'><strong>vero</strong></span> <span class='ocrx_word' id='word_1_709' title='bbox 1684 2318 1763 2345; x_wconf 78' lang='lat' dir='ltr'><strong>perge</strong></span> 
     </span>
    </p>
   </div>
   <div class='ocr_carea' id='block_1_100' title="bbox 976 2356 1762 2393">
    <p class='ocr_par' dir='ltr' id='par_1_100' title="bbox 976 2356 1762 2393">
     <span class='ocr_line' id='line_1_100' title="bbox 976 2356 1762 2393; baseline -0.009 -5"><span class='ocrx_word' id='word_1_710' title='bbox 976 2360 1061 2388; x_wconf 89' lang='lat' dir='ltr'><strong>Deum</strong></span> <span class='ocrx_word' id='word_1_711' title='bbox 1081 2367 1207 2391; x_wconf 79' lang='lat' dir='ltr'><strong>exorare,</strong></span> <span class='ocrx_word' id='word_1_712' title='bbox 1227 2363 1256 2385; x_wconf 91' lang='lat' dir='ltr'><strong>ut</strong></span> <span class='ocrx_word' id='word_1_713' title='bbox 1273 2366 1366 2393; x_wconf 87' lang='lat' dir='ltr'><strong>pacem</strong></span> <span class='ocrx_word' id='word_1_714' title='bbox 1382 2357 1510 2385; x_wconf 67' lang='lat' dir='ltr'><strong>Ecclesia:</strong></span> <span class='ocrx_word' id='word_1_715' title='bbox 1529 2363 1587 2384; x_wconf 64' lang='lat' dir='ltr'><strong>suae</strong></span> <span class='ocrx_word' id='word_1_716' title='bbox 1611 2356 1762 2390; x_wconf 79' lang='lat' dir='ltr'><strong>largiatur;</strong></span> 
     </span>
    </p>
   </div>
   <div class='ocr_carea' id='block_1_101' title="bbox 975 2400 1762 2437">
    <p class='ocr_par' dir='ltr' id='par_1_101' title="bbox 975 2400 1762 2437">
     <span class='ocr_line' id='line_1_101' title="bbox 975 2400 1762 2437; baseline -0.008 -4"><span class='ocrx_word' id='word_1_717' title='bbox 975 2407 1046 2434; x_wconf 81' lang='lat' dir='ltr'><strong>mala</strong></span> <span class='ocrx_word' id='word_1_718' title='bbox 1060 2406 1151 2434; x_wconf 87' lang='lat' dir='ltr'><strong>omnia</strong></span> <span class='ocrx_word' id='word_1_719' title='bbox 1169 2405 1286 2432; x_wconf 89' lang='lat' dir='ltr'><strong>evellens</strong></span> <span class='ocrx_word' id='word_1_720' title='bbox 1302 2404 1335 2432; x_wconf 91' lang='lat' dir='ltr'><strong>de</strong></span> <span class='ocrx_word' id='word_1_721' title='bbox 1348 2403 1448 2436; x_wconf 86' lang='lat' dir='ltr'><strong>medio,</strong></span> <span class='ocrx_word' id='word_1_722' title='bbox 1473 2408 1499 2430; x_wconf 88' lang='lat' dir='ltr'><strong>et</strong></span> <span class='ocrx_word' id='word_1_723' title='bbox 1512 2410 1573 2432; x_wconf 89' lang='lat' dir='ltr'><strong>nos.</strong></span> <span class='ocrx_word' id='word_1_724' title='bbox 1591 2402 1637 2437; x_wconf 87' lang='lat' dir='ltr'><strong>qui</strong></span> <span class='ocrx_word' id='word_1_725' title='bbox 1659 2400 1762 2428; x_wconf 85' lang='lat' dir='ltr'><strong>residui</strong></span> 
     </span>
    </p>
   </div>
   <div class='ocr_carea' id='block_1_102' title="bbox 974 2447 1763 2486">
    <p class='ocr_par' dir='ltr' id='par_1_102' title="bbox 974 2447 1763 2486">
     <span class='ocr_line' id='line_1_102' title="bbox 974 2447 1763 2486; baseline -0.006 -7"><span class='ocrx_word' id='word_1_726' title='bbox 974 2459 1082 2483; x_wconf 84' lang='lat' dir='ltr'><strong>sumus,</strong></span> <span class='ocrx_word' id='word_1_727' title='bbox 1107 2451 1204 2486; x_wconf 77' lang='lat' dir='ltr'><strong>dignos</strong></span> <span class='ocrx_word' id='word_1_728' title='bbox 1229 2453 1350 2483; x_wconf 87' lang='lat' dir='ltr'><strong>censeat,</strong></span> <span class='ocrx_word' id='word_1_729' title='bbox 1367 2448 1415 2484; x_wconf 89' lang='lat' dir='ltr'><strong>qui</strong></span> <span class='ocrx_word' id='word_1_730' title='bbox 1434 2448 1467 2475; x_wconf 90' lang='lat' dir='ltr'><strong>ad</strong></span> <span class='ocrx_word' id='word_1_731' title='bbox 1492 2447 1605 2475; x_wconf 88' lang='lat' dir='ltr'><strong>intuitus</strong></span> <span class='ocrx_word' id='word_1_732' title='bbox 1632 2454 1763 2482; x_wconf 70' lang='lat' dir='ltr'><strong>congres-</strong></span> 
     </span>
    </p>
   </div>
   <div class='ocr_carea' id='block_1_103' title="bbox 974 2494 1622 2531">
    <p class='ocr_par' dir='ltr' id='par_1_103' title="bbox 974 2494 1622 2531">
     <span class='ocr_line' id='line_1_103' title="bbox 974 2494 1622 2531; baseline -0.008 -6"><span class='ocrx_word' id='word_1_733' title='bbox 974 2505 1036 2526; x_wconf 92' lang='lat' dir='ltr'><strong>sum</strong></span> <span class='ocrx_word' id='word_1_734' title='bbox 1050 2497 1198 2530; x_wconf 83' lang='lat' dir='ltr'><strong>veniamus,</strong></span> <span class='ocrx_word' id='word_1_735' title='bbox 1218 2496 1288 2524; x_wconf 82' lang='lat' dir='ltr'><strong>sicut</strong></span> <span class='ocrx_word' id='word_1_736' title='bbox 1305 2502 1400 2531; x_wconf 84' lang='lat' dir='ltr'><strong>optare</strong></span> <span class='ocrx_word' id='word_1_737' title='bbox 1413 2499 1439 2522; x_wconf 91' lang='lat' dir='ltr'><strong>te</strong></span> <span class='ocrx_word' id='word_1_738' title='bbox 1450 2494 1622 2529; x_wconf 71' lang='lat' dir='ltr'><strong>signiﬁcasti.</strong></span> 
     </span>
    </p>
   </div>
   <div class='ocr_carea' id='block_1_104' title="bbox 138 2535 1762 2580">
    <p class='ocr_par' dir='ltr' id='par_1_104' title="bbox 138 2535 1762 2580">
     <span class='ocr_line' id='line_1_104' title="bbox 138 2535 1762 2580; baseline 0.004 -16"><span class='ocrx_word' id='word_1_739' title='bbox 138 2535 160 2563; x_wconf 62' lang='grc' dir='ltr'>ὦ</span> <span class='ocrx_word' id='word_1_740' title='bbox 176 2538 305 2574; x_wconf 77' lang='grc' dir='ltr'>μακάριε.</span> <span class='ocrx_word' id='word_1_741' title='bbox 324 2540 409 2572; x_wconf 79' lang='grc' dir='ltr'>Αὐτὸς</span> <span class='ocrx_word' id='word_1_742' title='bbox 422 2542 450 2568; x_wconf 82' lang='grc' dir='ltr'>δὲ</span> <span class='ocrx_word' id='word_1_743' title='bbox 463 2542 702 2579; x_wconf 74' lang='grc' dir='ltr'>ἐτιδυσωπὴσειας</span> <span class='ocrx_word' id='word_1_744' title='bbox 720 2543 766 2571; x_wconf 80' lang='grc' dir='ltr'><strong>τὸν</strong></span> <span class='ocrx_word' id='word_1_745' title='bbox 792 2545 869 2577; x_wconf 78' lang='grc' dir='ltr'>Θεὸν,</span> <span class='ocrx_word' id='word_1_746' title='bbox 903 2544 1016 2580; x_wconf 73' lang='grc' dir='ltr'>εἰρήνην</span> <span class='ocrx_word' id='word_1_747' title='bbox 1047 2545 1194 2580; x_wconf 75' lang='grc' dir='ltr'>ἐμποιῆσαι</span> <span class='ocrx_word' id='word_1_748' title='bbox 1218 2545 1252 2579; x_wconf 83' lang='grc' dir='ltr'>τῇ</span> <span class='ocrx_word' id='word_1_749' title='bbox 1272 2544 1354 2571; x_wconf 82' lang='grc' dir='ltr'>αὐτοῦ</span> <span class='ocrx_word' id='word_1_750' title='bbox 1375 2543 1546 2578; x_wconf 64' lang='grc' dir='ltr'>Ἐκκλησία·</span> <span class='ocrx_word' id='word_1_751' title='bbox 1562 2541 1692 2570; x_wconf 77' lang='grc' dir='ltr'>ὲκτὶλλων</span> <span class='ocrx_word' id='word_1_752' title='bbox 1708 2544 1762 2571; x_wconf 81' lang='grc' dir='ltr'>πᾶν</span> 
     </span>
    </p>
   </div>
   <div class='ocr_carea' id='block_1_105' title="bbox 136 2584 1762 2627">
    <p class='ocr_par' dir='ltr' id='par_1_105' title="bbox 136 2584 1762 2627">
     <span class='ocr_line' id='line_1_105' title="bbox 136 2584 1762 2627; baseline 0.004 -18"><span class='ocrx_word' id='word_1_753' title='bbox 136 2584 222 2610; x_wconf 67' lang='grc' dir='ltr'>κακον</span> <span class='ocrx_word' id='word_1_754' title='bbox 240 2586 272 2611; x_wconf 75' lang='grc' dir='ltr'><strong>ἐι</strong></span> <span class='ocrx_word' id='word_1_755' title='bbox 290 2585 391 2620; x_wconf 77' lang='grc' dir='ltr'>μέσου,</span> <span class='ocrx_word' id='word_1_756' title='bbox 416 2587 462 2614; x_wconf 82' lang='grc' dir='ltr'>καὶ</span> <span class='ocrx_word' id='word_1_757' title='bbox 487 2588 550 2620; x_wconf 79' lang='grc' dir='ltr'>τοὺς</span> <span class='ocrx_word' id='word_1_758' title='bbox 580 2589 827 2626; x_wconf 82' lang='grc' dir='ltr'>ὑπολελειμμένους</span> <span class='ocrx_word' id='word_1_759' title='bbox 853 2591 928 2627; x_wconf 78' lang='grc' dir='ltr'>ἡμᾶς</span> <span class='ocrx_word' id='word_1_760' title='bbox 947 2590 1031 2623; x_wconf 80' lang='grc' dir='ltr'>ἀξιῶν</span> <span class='ocrx_word' id='word_1_761' title='bbox 1044 2592 1085 2624; x_wconf 81' lang='grc' dir='ltr'>εἰς</span> <span class='ocrx_word' id='word_1_762' title='bbox 1118 2591 1168 2627; x_wconf 81' lang='grc' dir='ltr'>τὴν</span> <span class='ocrx_word' id='word_1_763' title='bbox 1184 2591 1245 2617; x_wconf 85' lang='grc' dir='ltr'>κατ’</span> <span class='ocrx_word' id='word_1_764' title='bbox 1278 2589 1434 2625; x_wconf 80' lang='grc' dir='ltr'>ὀφθαλμοὺς</span> <span class='ocrx_word' id='word_1_765' title='bbox 1458 2588 1568 2624; x_wconf 82' lang='grc' dir='ltr'>ὁμιλίαν</span> <span class='ocrx_word' id='word_1_766' title='bbox 1598 2588 1705 2615; x_wconf 82' lang='grc' dir='ltr'>ὲλθείαν</span> <span class='ocrx_word' id='word_1_767' title='bbox 1717 2590 1762 2616; x_wconf 81' lang='grc' dir='ltr'><strong>ἐλ-</strong></span> 
     </span>
    </p>
   </div>
   <div class='ocr_carea' id='block_1_106' title="bbox 137 2632 708 2671">
    <p class='ocr_par' dir='ltr' id='par_1_106' title="bbox 137 2632 708 2671">
     <span class='ocr_line' id='line_1_106' title="bbox 137 2632 708 2671; baseline 0.012 -14"><span class='ocrx_word' id='word_1_768' title='bbox 137 2632 205 2665; x_wconf 76' lang='grc' dir='ltr'>θεῖν,</span> <span class='ocrx_word' id='word_1_769' title='bbox 222 2632 294 2659; x_wconf 77' lang='grc' dir='ltr'>καθὰ</span> <span class='ocrx_word' id='word_1_770' title='bbox 313 2634 359 2659; x_wconf 73' lang='grc' dir='ltr'>καὶ</span> <span class='ocrx_word' id='word_1_771' title='bbox 372 2634 505 2666; x_wconf 80' lang='grc' dir='ltr'>εὖκτικῶς</span> <span class='ocrx_word' id='word_1_772' title='bbox 519 2635 708 2671; x_wconf 78' lang='grc' dir='ltr'>ὑπεδήλωσας.</span> 
     </span>
    </p>
   </div>
   <div class='ocr_carea' id='block_1_107' title="bbox 251 2678 810 2721">
    <p class='ocr_par' dir='ltr' id='par_1_107' title="bbox 251 2678 810 2721">
     <span class='ocr_line' id='line_1_107' title="bbox 251 2678 810 2721; baseline 0.009 -16"><span class='ocrx_word' id='word_1_773' title='bbox 251 2678 310 2706; x_wconf 66' lang='lat'><strong>28&#39;.</strong></span> <span class='ocrx_word' id='word_1_774' title='bbox 321 2679 360 2715; x_wconf 66' lang='grc'><strong>(6)</strong></span> <span class='ocrx_word' id='word_1_775' title='bbox 379 2681 525 2715; x_wconf 79' lang='grc' dir='ltr'>Διονυσίῳ</span> <span class='ocrx_word' id='word_1_776' title='bbox 537 2682 703 2717; x_wconf 76' lang='grc' dir='ltr'>μονάζοντι.</span> <span class='ocrx_word' id='word_1_777' title='bbox 717 2682 810 2721; x_wconf 68' lang='grc' dir='ltr'>[ωκςΊ</span> 
     </span>
    </p>
   </div>
   <div class='ocr_carea' id='block_1_108' title="bbox 1147 2683 1580 2719">
    <p class='ocr_par' dir='ltr' id='par_1_108' title="bbox 1147 2683 1580 2719">
     <span class='ocr_line' id='line_1_108' title="bbox 1147 2683 1580 2719; baseline -0.005 -7"><span class='ocrx_word' id='word_1_778' title='bbox 1147 2683 1237 2713; x_wconf 84' lang='lat' dir='ltr'><strong>CCIX.</strong></span> <span class='ocrx_word' id='word_1_779' title='bbox 1251 2699 1287 2705; x_wconf 95' lang='lat'><strong>—</strong></span> <span class='ocrx_word' id='word_1_780' title='bbox 1302 2684 1429 2719; x_wconf 78' lang='lat' dir='ltr'><strong>Dionysio</strong></span> <span class='ocrx_word' id='word_1_781' title='bbox 1443 2683 1580 2711; x_wconf 80' lang='lat' dir='ltr'><strong>manacho.</strong></span> 
     </span>
    </p>
   </div>
   <div class='ocr_carea' id='block_1_109' title="bbox 460 2736 1435 2771">
    <p class='ocr_par' dir='ltr' id='par_1_109' title="bbox 460 2736 1435 2771">
     <span class='ocr_line' id='line_1_109' title="bbox 460 2736 1435 2771; baseline 0.004 -10"><span class='ocrx_word' id='word_1_782' title='bbox 460 2736 640 2768; x_wconf 69' lang='lat' dir='ltr'><strong>Poenitentem,</strong></span> <span class='ocrx_word' id='word_1_783' title='bbox 658 2742 685 2764; x_wconf 87' lang='lat' dir='ltr'><strong>et</strong></span> <span class='ocrx_word' id='word_1_784' title='bbox 697 2738 726 2763; x_wconf 83' lang='lat' dir='ltr'><strong>ad</strong></span> <span class='ocrx_word' id='word_1_785' title='bbox 743 2743 819 2764; x_wconf 61' lang='lat' dir='ltr'><strong>recte</strong></span> <span class='ocrx_word' id='word_1_786' title='bbox 843 2738 900 2765; x_wconf 84' lang='lat' dir='ltr'><strong>tldei</strong></span> <span class='ocrx_word' id='word_1_787' title='bbox 928 2740 1112 2766; x_wconf 77' lang='lat' dir='ltr'><strong>confessionem</strong></span> <span class='ocrx_word' id='word_1_788' title='bbox 1134 2747 1275 2771; x_wconf 85' lang='lat' dir='ltr'><strong>reversum,</strong></span> <span class='ocrx_word' id='word_1_789' title='bbox 1298 2741 1435 2766; x_wconf 76' lang='lat' dir='ltr'><strong>conﬁrmat.</strong></span> 
     </span>
    </p>
   </div>
   <div class='ocr_carea' id='block_1_110' title="bbox 171 2780 922 2820">
    <p class='ocr_par' dir='ltr' id='par_1_110' title="bbox 171 2780 922 2820">
     <span class='ocr_line' id='line_1_110' title="bbox 171 2780 922 2820; baseline 0.007 -13"><span class='ocrx_word' id='word_1_790' title='bbox 171 2781 206 2807; x_wconf 80' lang='grc' dir='ltr'><strong>οι</strong></span> <span class='ocrx_word' id='word_1_791' title='bbox 229 2780 305 2815; x_wconf 75' lang='grc' dir='ltr'>παρὰ</span> <span class='ocrx_word' id='word_1_792' title='bbox 327 2781 381 2808; x_wconf 76' lang='grc' dir='ltr'>τῶν</span> <span class='ocrx_word' id='word_1_793' title='bbox 404 2781 594 2817; x_wconf 68' lang='grc' dir='ltr'>ἐπιστημόνων</span> <span class='ocrx_word' id='word_1_794' title='bbox 615 2782 714 2819; x_wconf 72' lang='grc' dir='ltr'>ἰατρῶν</span> <span class='ocrx_word' id='word_1_795' title='bbox 734 2784 922 2820; x_wconf 75' lang='grc' dir='ltr'>θεραπευόμε-</span> 
     </span>
    </p>
   </div>
   <div class='ocr_carea' id='block_1_111' title="bbox 1008 2781 1762 2822">
    <p class='ocr_par' dir='ltr' id='par_1_111' title="bbox 1008 2781 1762 2822">
     <span class='ocr_line' id='line_1_111' title="bbox 1008 2781 1762 2822; baseline -0.005 -9"><span class='ocrx_word' id='word_1_796' title='bbox 1008 2785 1060 2819; x_wconf 86' lang='lat' dir='ltr'><strong>Qui</strong></span> <span class='ocrx_word' id='word_1_797' title='bbox 1079 2793 1095 2813; x_wconf 82' lang='lat' dir='ltr'><strong>a</strong></span> <span class='ocrx_word' id='word_1_798' title='bbox 1119 2786 1215 2822; x_wconf 80' lang='lat' dir='ltr'><strong>peritis</strong></span> <span class='ocrx_word' id='word_1_799' title='bbox 1241 2785 1355 2814; x_wconf 71' lang='lat' dir='ltr'><strong>medicis</strong></span> <span class='ocrx_word' id='word_1_800' title='bbox 1369 2787 1503 2813; x_wconf 85' lang='lat' dir='ltr'><strong>curantur</strong></span> <span class='ocrx_word' id='word_1_801' title='bbox 1523 2782 1691 2812; x_wconf 85' lang='lat' dir='ltr'><strong>deteriorum</strong></span> <span class='ocrx_word' id='word_1_802' title='bbox 1716 2781 1762 2810; x_wconf 87' lang='lat' dir='ltr'><strong>in-</strong></span> 
     </span>
    </p>
   </div>
   <div class='ocr_carea' id='block_1_112' title="bbox 169 2821 1009 2863">
    <p class='ocr_par' dir='ltr' id='par_1_112' title="bbox 169 2821 1009 2863">
     <span class='ocr_line' id='line_1_112' title="bbox 169 2821 1009 2863; baseline 0.006 -10"><span class='ocrx_word' id='word_1_803' title='bbox 169 2821 195 2839; x_wconf 79' lang='lat'><strong>“</strong></span> <span class='ocrx_word' id='word_1_804' title='bbox 209 2824 284 2853; x_wconf 76' lang='lat' dir='ltr'><strong>Psal.</strong></span> <span class='ocrx_word' id='word_1_805' title='bbox 296 2832 401 2854; x_wconf 77' lang='lat' dir='ltr'><strong>xxxvnt</strong></span> <span class='ocrx_word' id='word_1_806' title='bbox 411 2844 419 2859; x_wconf 84' lang='lat'><strong>,</strong></span> <span class='ocrx_word' id='word_1_807' title='bbox 432 2826 479 2856; x_wconf 76' lang='grc'><strong>15.</strong></span> <span class='ocrx_word' id='word_1_808' title='bbox 514 2826 537 2843; x_wconf 86' lang='grc'><strong><em>⁸³</em></strong></span> <span class='ocrx_word' id='word_1_809' title='bbox 548 2825 631 2855; x_wconf 84' lang='lat' dir='ltr'><strong>Hebr.</strong></span> <span class='ocrx_word' id='word_1_810' title='bbox 649 2835 678 2862; x_wconf 72' lang='grc' dir='ltr'>ι,</span> <span class='ocrx_word' id='word_1_811' title='bbox 696 2827 743 2857; x_wconf 78' lang='lat'><strong>38.</strong></span> <span class='ocrx_word' id='word_1_812' title='bbox 774 2830 798 2846; x_wconf 87' lang='lat'>“</span> <span class='ocrx_word' id='word_1_813' title='bbox 813 2828 907 2858; x_wconf 79' lang='lat' dir='ltr'><strong>Matth.</strong></span> <span class='ocrx_word' id='word_1_814' title='bbox 921 2838 948 2863; x_wconf 73' lang='grc' dir='ltr'><strong>ιν,</strong></span> <span class='ocrx_word' id='word_1_815' title='bbox 967 2829 1009 2858; x_wconf 79' lang='grc'><strong>15.</strong></span> 
     </span>
    </p>
   </div>
   <div class='ocr_carea' id='block_1_113' title="bbox 895 2874 1011 2904">
    <p class='ocr_par' dir='ltr' id='par_1_113' title="bbox 895 2874 1011 2904">
     <span class='ocr_line' id='line_1_113' title="bbox 895 2874 1011 2904; baseline 0.009 -1"><span class='ocrx_word' id='word_1_816' title='bbox 895 2874 1011 2904; x_wconf 68' lang='lat' dir='ltr'><strong>NOTAE.</strong></span> 
     </span>
    </p>
   </div>
   <div class='ocr_carea' id='block_1_114' title="bbox 169 2915 409 2955">
    <p class='ocr_par' dir='ltr' id='par_1_114' title="bbox 169 2915 409 2955">
     <span class='ocr_line' id='line_1_114' title="bbox 169 2915 409 2955; baseline 0 -9"><span class='ocrx_word' id='word_1_817' title='bbox 169 2915 210 2952; x_wconf 80' lang='grc'><strong>(4)</strong></span> <span class='ocrx_word' id='word_1_818' title='bbox 225 2915 259 2946; x_wconf 81' lang='grc' dir='ltr'>ιιι</span> <span class='ocrx_word' id='word_1_819' title='bbox 268 2917 330 2946; x_wconf 80' lang='lat' dir='ltr'><strong>cod.</strong></span> <span class='ocrx_word' id='word_1_820' title='bbox 342 2918 409 2955; x_wconf 68' lang='lat' dir='ltr'><strong>Reg.</strong></span> 
     </span>
    </p>
   </div>
  </div>
