1927 3089
170 141 238 175 1631

770 149 801 180 S.
820 147 1020 179 THEODORI
1036 147 1212 178 STUDITB

1741 148 1808 180 1632

170 200 312 235 spectioue
325 209 397 236 opus
414 210 468 238 non
497 203 615 239 habent;
633 205 685 233 etsi
710 213 741 233 ex
759 206 892 233 charitate
909 204 959 232 ali-

1013 211 1062 237 νοι,
1078 204 1109 230 οὐ
1120 203 1215 239 χρείαν
1227 203 1320 239 ἔχουσι
1329 203 1378 239 τῆς
1389 203 1445 232 τῶν
1455 203 1609 238 ὗφιιμένων
1620 204 1804 239 ἐπισκέψεως·

171 254 242 280 qnos
260 247 395 274 interdum
421 248 615 278 benevolentes
640 259 694 278 non
711 257 854 287 respuunt.
872 252 963 285 Quare

172 299 402 326 supervacaneam
421 301 477 320 rem
498 296 554 330 egit
583 295 705 324 fraterna
730 298 880 325 reverentia
906 303 962 331 tua,

166 345 235 364 cum
255 345 270 364 a
282 338 363 365 Patre
379 343 474 366 nostro
485 339 531 367 Dei
548 343 741 370 amantissimo
755 344 963 379 archiepiscopo

172 383 316 418 Dyrrachii
342 390 452 416 sanata.
483 394 538 413 non
556 389 739 423 conquievit:
765 390 812 417 sed
836 398 852 417 a
882 390 962 418 nobis

171 429 255 455 etiam
271 429 374 457 inlimis
386 437 414 458 et
439 431 554 465 ahjectis
571 435 745 462 curationem
770 437 893 470 expetiit.
910 437 961 464 Sed

165 476 394 510 quandoquidem
411 479 546 512 permovit
564 487 638 507 nunc
659 489 710 507 vos
726 481 869 510 charitatis
893 483 963 511 ratio

173 525 202 548 ut
231 522 407 556 scriberetis;
437 525 572 559 persuasit
591 530 618 553 et
641 527 729 560 nobis,
751 527 799 563 qui
819 529 898 556 nihili
915 537 962 556 su-

172 576 245 598 mus.
263 573 292 596 ut
323 570 400 598 vobis
431 572 655 606 rescribereums,
678 574 812 609 nobisque
831 582 879 602 vos
894 576 961 603 clua-

168 614 261 642 ritalis
284 614 383 643 affectu
409 617 650 652 conjungeremus.
668 619 772 648 Debent
801 621 885 655 enim,
910 621 962 649 etsi

173 661 247 687 nulla
264 668 308 688 res
322 667 411 696 cogat,
428 663 475 697 qui
492 663 648 692 institutum
665 665 734 693 idem
752 667 869 701 amplexi
885 672 961 702 sunt,

172 708 297 734 emndem
313 709 394 736 etiam
410 717 521 737 sensum
547 711 752 746 amplectentes,
773 718 898 742 amanter
918 715 964 742 in-

172 756 213 778 ter
228 759 258 779 se
276 755 491 788 contemperari.
505 753 574 782 Nam
592 764 625 783 eo
642 758 713 791 quod
727 759 907 793 multiplicata
922 763 962 787 est

165 797 316 832 iniquitas,
346 799 488 828 refrixisse
512 801 673 830 charitatem
704 806 866 837 multorum,
894 805 962 832 dixit

172 843 303 872 Dominus
314 845 347 872 ⁸⁷.
364 845 442 878 Quod
459 846 542 882 igitur
561 848 633 876 circa
645 850 814 877 curationem
840 856 961 879 vestram

170 899 186 917 a
206 892 384 919 sanctissimo
415 894 624 930 archiepiscopo
640 901 773 924 statutum
786 902 837 930 est,
857 898 962 933 integre

165 937 345 967 observetur.
366 939 423 968 Hoc
438 949 503 969 vero
519 941 711 976 adhortamur,
730 949 757 972 et
771 945 961 978 admonemus.

173 991 226 1011 non
247 984 386 1018 fatiscere,
401 987 434 1014 ad
457 995 487 1014 ea
511 994 696 1023 respectantes
714 998 775 1025 qua:
799 996 872 1019 retro
887 996 961 1024 sunt,

173 1038 262 1065 neque
286 1031 319 1058 ad
348 1032 493 1060 exitiosam
523 1035 736 1062 submissionem
766 1036 808 1064 his
837 1042 883 1064 aut
908 1037 962 1066 illis

174 1077 343 1111 quibuslibet
369 1078 603 1108 indiciisahduci.
632 1081 775 1109 Suliieiunt
798 1083 871 1110 enim
893 1092 962 1118 pra:-

172 1123 250 1150 terita
264 1132 270 1150 :
289 1124 323 1150 de
339 1125 440 1159 quibus
456 1133 576 1160 gemere,
591 1131 619 1154 et
630 1135 692 1154 eum
714 1128 843 1163 lacrymis
864 1129 962 1164 depre-

166 1169 227 1196 cari
247 1174 375 1205 perpetuo
390 1171 530 1204 debemus,
553 1174 660 1207 plorare
672 1182 703 1201 ac
722 1174 876 1207 lamentari,
887 1176 960 1210 quod

165 1222 234 1241 Arum
254 1215 374 1250 ejusdem
393 1217 504 1246 habitus
515 1218 623 1252 fratres,
638 1220 831 1256 velutaquilaz,
849 1229 959 1250 sursum

173 1268 220 1294 per
232 1260 432 1290 confessionem
457 1264 612 1298 evolarint,
641 1274 691 1293 nos
708 1267 759 1294 sub
783 1267 897 1295 lucresis
920 1268 962 1295 la-

168 1312 241 1338 queo
260 1305 436 1342 detinentur;
455 1309 576 1344 dumque
604 1311 643 1338 illi
669 1313 890 1346 persecutionem
914 1321 962 1347 pa-

173 1350 288 1385 tiuntur,
304 1360 354 1379 nos
369 1353 442 1381 domi
458 1363 621 1384 manemus:
639 1362 666 1385 et
682 1366 745 1385 cum
762 1359 801 1386 illi
818 1367 906 1395 usque
927 1360 960 1387 ad

173 1398 332 1433 martyrium
358 1399 569 1436 decertaveriut,
591 1411 640 1431 nos
670 1408 827 1439 negatores,
855 1406 877 1433 si
904 1414 959 1434 non

169 1443 262 1476 θυι-ἀει,
278 1451 325 1471 ore
343 1449 433 1473 tamen
447 1454 594 1482 manuque,
612 1447 676 1476 facti
702 1457 799 1478 sumus
815 1459 822 1478 :
841 1456 878 1485 et,
897 1452 960 1479 aliis

173 1489 200 1514 in
217 1497 327 1517 carcere
347 1490 464 1519 detentis
489 1492 615 1528 fameque
632 1495 747 1529 enectis,
763 1504 814 1524 nos
830 1497 908 1525 liberi
933 1503 960 1526 et

1014 249 1038 275 εί
1054 250 1091 284 μή
1107 257 1133 276 τι
1149 249 1202 284 ἄρα
1219 249 1330 284 ἀγάπης
1344 250 1438 285 τρόπῳ
1454 248 1650 284 ἀφοσιοΰμενοι
1664 250 1729 281 τοὺς
1742 258 1808 284 γνη-

1015 294 1166 326 σιεύοντας.
1183 295 1265 320 Ὥστε
1279 295 1326 322 καὶ
1342 295 1357 330 ἡ
1371 289 1503 329 ἀδελφικὴ
1519 294 1597 329 ὑμῶν
1610 295 1736 329 τιμιότης
1756 302 1806 321 πε-

1015 342 1107 377 ριττόν
1133 350 1160 368 τι
1186 340 1220 368 ἀν
1246 340 1403 376 εἰργάζετο,
1427 340 1503 376 παρὰ
1525 340 1572 367 τοῦ
1597 340 1807 375 θεοφιλεστάτου

1013 386 1094 422 ἡμῶν
1125 387 1229 422 πατρὸς
1254 386 1303 414 καὶ
1328 385 1549 422 ἀρχιεπισκὸπου
1580 385 1627 412 τοῦ
1653 387 1807 422 Δυρραχίου

1016 433 1123 460 ίαθεῖσα
1136 435 1183 460 καὶ
1204 433 1241 468 μὴ
1257 432 1421 468 ὲμμείνασα,
1443 432 1502 459 ἀλλ’
1520 431 1561 458 ἐτι
1580 432 1627 459 καὶ
1649 432 1715 468 παρ’
1729 432 1808 468 ἡμῶν

1013 479 1068 506 τῶν
1084 479 1239 515 ὑφειμένων
1263 479 1411 515 θεραπείαν
1428 478 1608 514 ἐπιζητοῦσα.
1629 478 1699 505 Ἀλλ’
1718 479 1781 506 ἐπεὶ
1793 481 1807 506 ὁ

1013 526 1093 561 λόγος
1114 526 1164 561 τῆς
1189 526 1300 561 ἀγάπης
1325 525 1455 560 κεκίνηκε
1476 524 1525 552 νῦν
1542 525 1614 560 ὑμᾶς
1641 524 1806 557 ἐπιστεῖλαι,

1014 573 1131 600 πέπεικε
1155 573 1202 600 καὶ
1230 573 1305 608 ἡμᾶς
1330 573 1394 604 τοὺς
1418 571 1581 606 οὺδαμινοὺς
1603 571 1808 598 ἀντεπιστεῖλαι

1014 620 1090 655 ὑμῖν,
1103 619 1150 646 καὶ
1166 619 1284 654 συνάψαι
1305 618 1374 654 πρὸς
1391 619 1505 650 ἑαυτοὺς
1524 619 1557 654 τῇ
1573 618 1735 652 ἀγαπητικῇ
1750 617 1809 644 δια-

1014 664 1098 692 θέσει.
1112 664 1173 699 Χρὴ
1194 664 1260 699 γὰρ,
1277 663 1325 690 καὶ
1339 663 1401 699 δίχα
1423 663 1497 694 τινὸς
1513 662 1676 697 ἀναγκαίου,
1690 662 1755 691 τοὺς
1776 662 1808 688 τὸ

1013 711 1080 738 αὐτὸ
1106 710 1268 746 ἐπάγγελμα
1289 710 1531 746 ἐπανῃρημένους,
1553 709 1601 736 καὶ
1620 709 1652 735 τὸ
1673 708 1739 735 αὐτὸ
1760 705 1808 735 οὖν

1013 758 1142 792 φρόνημα
1153 756 1363 791 ἀσπαζομένους
1375 756 1557 792 ἀγαπητικῶς
1571 755 1807 791 συνανακρᾶσθαι.

1013 803 1068 830 Καὶ
1083 803 1137 839 γὰρ
1153 803 1197 830 διὰ
1215 802 1245 829 τὸ
1267 802 1454 837 πληθυνθῆναι
1474 802 1524 837 τὴν
1541 801 1666 836 ἀνομίαν,
1685 801 1807 836 ψυγῆναι

1014 849 1062 884 τὴν
1085 849 1140 875 τῶν
1163 848 1269 875 πολλῶν
1286 849 1407 883 ἀγάπην,
1424 849 1438 874 ὸ
1455 847 1557 882 Κύριος
1577 848 1683 883 εῖρηκε.
1701 847 1738 873 Τὸ
1756 847 1807 882 μὲν

1012 895 1060 922 οὖν
1073 895 1122 930 τῆς
1139 894 1260 930 ίατρείας
1273 894 1350 929 ὑμῶν
1372 894 1443 922 κατά
1458 894 1490 920 τὸ
1503 894 1729 929 κεκανονισμένον
1754 895 1808 922 ὑπὺ

1012 941 1059 969 τοῦ
1073 941 1226 976 ἀγιωτάτου
1242 941 1470 976 ἀρχιεπισκόπου,
1493 939 1681 975 συντηρείσθω
1696 940 1805 968 ἄνοσον.

1012 987 1098 1015 Τοῦτο
1112 988 1139 1014 δὲ
1152 988 1343 1022 παραινοῦμεν
1360 987 1407 1013 καὶ
1422 986 1680 1022 ὑπομιμνήσκομεν,
1695 986 1732 1021 μὴ
1743 986 1807 1020 ὑφι-

1013 1034 1103 1067 ζάνειν
1118 1035 1200 1061 πάλιν
1216 1036 1255 1066 εἰς
1271 1035 1306 1060 τὰ
1322 1033 1411 1060 ὀπίσω
1424 1041 1430 1048 ·
1449 1033 1516 1067 μηδὲ
1534 1033 1602 1069 πρὸς
1618 1033 1669 1067 τὴν
1679 1033 1807 1069 ὀλεθρίαν

1012 1082 1170 1109 ὑπόπτωσιν
1185 1080 1340 1114 ἀπάγεσθαι
1353 1080 1397 1107 διὰ
1410 1079 1495 1106 τῶνδε
1509 1080 1556 1106 καὶ
1572 1079 1656 1106 τῶνδε
1667 1079 1722 1106 τῶν
1733 1088 1807 1113 γνω-

1013 1127 1165 1164 ρισμάτων.
1192 1127 1285 1162 ’Δρκεῖ
1305 1126 1359 1162 γὰρ
1385 1126 1434 1152 καὶ
1455 1125 1490 1152 τὰ
1507 1125 1610 1152 πάλαι·
1629 1125 1673 1159 ἐφ’
1697 1123 1738 1156 οἷς
1757 1125 1808 1151 καὶ

1012 1173 1157 1208 ὀφείλομεν
1174 1172 1277 1199 στένειν
1288 1171 1335 1199 καὶ
1348 1171 1460 1206 ποτνιᾷν
1476 1171 1517 1202 είς
1535 1171 1564 1197 τὸ
1584 1170 1639 1203 ἀεὶ,
1655 1170 1760 1197 κλαίειν
1776 1179 1808 1196 τε

1011 1220 1058 1246 καὶ
1083 1217 1225 1254 οἰμώζειν,
1239 1218 1280 1244 ὅτι
1304 1216 1359 1244 τῶν
1384 1216 1511 1251 ἀδελφῶν
1526 1216 1704 1252 ὀμοσχήμων,
1722 1224 1809 1251 μετα-

1012 1265 1130 1293 σθέντων
1143 1265 1181 1296 ὡς
1196 1263 1283 1291 ἀετῶν
1301 1262 1369 1298 ὑψοῦ
1384 1263 1417 1298 τῇ
1432 1262 1563 1298 ὁμολογίᾳ
1576 1270 1582 1277 ·
1596 1263 1678 1297 ἡμεῖς
1690 1262 1743 1288 ὑπὸ
1755 1271 1808 1288 πα-

1011 1310 1075 1346 γίδα
1091 1309 1288 1345 κεκρατήμεθα
1303 1309 1353 1344 τῆς
1377 1308 1528 1343 αίρέσεως·
1547 1307 1683 1334 κάκείνων
1710 1307 1809 1334 διωκο-

1013 1356 1112 1392 μένων.
1131 1356 1211 1390 ἡμεῖς
1233 1354 1303 1382 οἶκοι
1320 1353 1515 1390 μένομεν·καὶ
1537 1353 1621 1380 τῶνδε
1645 1353 1808 1389 ἡθληκότων

1012 1401 1198 1439 μαρωρικῶς,
1212 1401 1292 1437 ἡμεῖς
1306 1400 1414 1436 ἔξαρνοι
1430 1400 1585 1434 γεγόναμεν
1602 1400 1675 1434 χειρὶ
1685 1400 1732 1426 καὶ
1742 1399 1807 1426 στό-

1012 1457 1089 1484 ματι,
1104 1447 1156 1475 κᾶν
1175 1447 1205 1474 οὐ
1219 1446 1319 1482 καρδίᾳ
1329 1455 1336 1462 ·
1352 1447 1400 1473 καὶ
1409 1445 1496 1473 ἀλλων
1511 1444 1737 1480 φυλακιζομένων
1757 1446 1809 1472 καὶ

1010 1493 1276 1530 λιμοκτονουμένων,
1296 1492 1377 1528 ἡμεῖς
1389 1492 1419 1519 ἐν
1433 1491 1510 1527 ἀδείᾳ
1526 1491 1668 1527 διήγομεν.
1683 1491 1745 1523 Πῶς
1758 1490 1808 1518 οὖν

169 1535 261 1561 securi
290 1535 418 1563 vivimus.
447 1536 507 1570 Quo
534 1539 617 1574 igitur
634 1541 715 1568 modo
733 1541 790 1569 haec
805 1543 895 1570 animo
909 1551 961 1572 vcr-

1021 1541 1072 1568 οὺκ
1082 1539 1247 1576 ἐνθυμητέον
1260 1539 1357 1572 ταῦτα,
1369 1538 1417 1566 καὶ
1429 1538 1473 1565 διὰ
1484 1538 1548 1565 τάδε
1561 1538 1686 1574 ὀδυρτέον
1699 1546 1707 1571 ;
1719 1548 1728 1563 ι
1743 1538 1810 1569 Πῶς

171 1580 257 1607 sanda
292 1589 346 1608 non
375 1588 450 1615 sunt,
480 1583 523 1611 νει
551 1585 647 1612 horum
671 1594 754 1614 causa
782 1595 837 1615 non
867 1589 963 1624 lugen-

173 1626 262 1653 dum?
278 1636 287 1652 ι
306 1628 366 1661 Quo
383 1634 481 1663 pacto,
496 1630 534 1657 ait
548 1639 662 1666 magnus
678 1632 805 1668 Basilius,
830 1641 892 1662 cum
909 1634 963 1663 Job

171 1680 239 1706 ero,
265 1674 311 1709 qui
333 1682 383 1702 nec
412 1676 554 1704 minimam
579 1677 753 1706 alllictionem
782 1688 844 1707 cum
860 1682 963 1716 gratia-

172 1727 234 1747 rum
260 1721 368 1749 actioue
394 1723 528 1758 susei-pi?
553 1725 691 1759 quomodo
714 1733 776 1753 cum
796 1735 964 1763 unoquoque

173 1771 353 1801 sanctorum,
386 1769 432 1804 qui
454 1778 502 1805 per
529 1778 624 1798 eorum
653 1772 767 1808 vestigia
798 1773 880 1800 vitam
908 1782 963 1801 non

171 1813 235 1839 duxi
249 1813 261 1840 Ἰ
278 1823 287 1838 ι
312 1813 416 1847 Videte,
432 1815 543 1847 fratres,
564 1817 718 1851 cujusmodi
734 1819 790 1845 sint
817 1824 936 1846 terrores
953 1828 961 1847 :

172 1862 306 1892 quantum
336 1858 489 1887 intercedat
516 1860 702 1890 discriminis.
724 1861 796 1894 Quid
819 1862 937 1895 proderit
953 1881 961 1895 ,

173 1903 280 1938 inquit,
300 1904 419 1937 homini,
444 1905 468 1932 εἱ
500 1906 651 1932 universum
680 1907 808 1933 mundum
832 1907 962 1941 lucretur,

172 1950 269 1978 animm
293 1958 352 1977 vero
374 1958 430 1978 sua:
451 1951 637 1978 detrimentum
658 1953 778 1986 patiatur
789 1953 838 1980 δεῖ
868 1952 964 1982 Nonne

174 1994 230 2021 haec
255 1995 362 2023 Domini
389 2003 440 2023 vox
467 1997 531 2024 est?
556 1996 714 2025 Timeamus
744 2006 808 2033 ergo
834 2002 861 2026 et
895 2007 962 2027 con-

174 2039 364 2067 tremiscamus
387 2050 394 2068 :
422 2048 454 2068 ac
481 2040 516 2069 de
551 2041 690 2076 prioribus
718 2041 827 2076 quidem
852 2042 960 2069 veniam

1014 1587 1124 1622 ἔσομαι,
1139 1586 1221 1622 φησὶν
1233 1587 1247 1612 ὀ
1260 1586 1347 1621 μέγας
1364 1584 1513 1618 Βασίλειος,
1543 1584 1612 1619 μετά
1635 1583 1695 1610 Ἰὼϐ
1707 1583 1721 1609 ὸ
1738 1583 1810 1618 μηδὲ

1013 1633 1062 1669 τὴν
1078 1632 1211 1668 τυχοῦσαν
1236 1632 1328 1667 θλίψιν
1361 1632 1420 1666 μετ’
1442 1630 1616 1666 εὐχαριστίας
1637 1629 1807 1664 δεξάμενοςς

1014 1678 1073 1710 πῶς
1084 1679 1112 1705 δὲ
1126 1678 1185 1713 μεθ’
1202 1678 1318 1705 ἑκάστου
1339 1677 1394 1704 τῶν
1418 1676 1515 1711 ἀγῐων,
1537 1678 1551 1703 ὁ
1566 1676 1605 1711 μὴ
1630 1677 1688 1707 τοῖς
1703 1675 1809 1710 ἴχνεσιν

1014 1725 1104 1753 αὐτῶν
1124 1723 1411 1760 ὲμπολιτευσάμενος;
1439 1733 1449 1749 ι
1474 1723 1584 1758 Ὁρᾶτε,
1604 1721 1727 1755 ἀδελφοὶ,
1753 1718 1808 1747 οἷοι

1013 1773 1039 1800 οἱ
1052 1771 1223 1808 φοϐερισμοὶ,
1239 1768 1284 1798 οἶα
1297 1771 1332 1798 τά
1351 1770 1535 1806 διαστήματα.
1559 1770 1601 1801 TI,
1617 1769 1715 1804 φησὶν,
1731 1768 1807 1803 ὠφε-

1013 1815 1104 1849 λήσει
1122 1815 1289 1850 ἇνθρωπον,
1306 1814 1361 1841 ἐὰν
1372 1814 1446 1842 ὅλον
1456 1815 1509 1841 τὸν
1525 1815 1644 1849 κόσμον
1657 1812 1806 1847 κερδήσῃ,

1014 1860 1072 1894 τὴν
1089 1860 1124 1887 δὲ
1145 1859 1254 1895 ψυχὴν
1272 1859 1366 1888 αὑτοῦ
1387 1857 1536 1894 (nummi;
1551 1859 1618 1893 Οὐχὶ
1639 1858 1686 1885 τοῦ
1700 1857 1808 1892 Κυρίου

1014 1907 1091 1943 φωνὴ
1113 1906 1320 1942 αὖτη;οὺκοῦν
1345 1905 1511 1941 φοῦηθῶμεν
1531 1905 1579 1932 καὶ
1602 1905 1806 1940 τρομάξωμεν·

1013 1955 1061 1981 καὶ
1069 1954 1133 1989 περὶ
1147 1954 1198 1989 μέν
1208 1963 1234 1980 τι
1248 1953 1302 1980 τῶν
1312 1953 1453 1988 προτέρων
1464 1951 1606 1988 δεηθῶμεν
1617 1952 1657 1979 ἐτι
1668 1951 1718 1987 τὴν
1734 1959 1807 1985 συγ-

1014 2000 1135 2036 χώρησιν
1144 2009 1151 2015 ·
1167 2000 1235 2035 πρός
1246 2008 1277 2026 τε
1285 2000 1320 2027 τὰ
1330 1999 1394 2034 ἑξῆς
1406 1998 1574 2034 βαδιούμεθα
1581 1998 1807 2035 ὸρθοποδοῦντες,

1017 2046 1077 2082 μηδ’
1090 2046 1158 2078 ὅλως
1180 2045 1365 2081 σκελιζόμενοι
1377 2052 1384 2060 ·
1401 2045 1463 2080 μηδ’
1479 2044 1522 2071 ἐπ’
1544 2045 1715 2080 ἀμφοτέραις
1745 2046 1810 2076 ταῖς

174 2093 255 2120 porro
271 2085 467 2120 imploremus;
483 2086 509 2113 in
525 2091 664 2121 posterum
680 2092 769 2114 autem
782 2091 857 2114 recto
868 2095 961 2122 gressu

1016 2092 1121 2127 ίγνύαις
1136 2091 1333 2128 χωλανοῦντες,
1363 2091 1433 2119 κατά
1461 2092 1491 2118 τὺ
1515 2092 1727 2127 γεγραμμένον·
1745 2090 1809 2118 ἀλλ’

172 2133 357 2165 ambulemus,
389 2141 444 2161 non
472 2134 632 2162 vacillantes
651 2135 706 2162 ullo
722 2135 815 2168 modo,
834 2144 922 2171 neque
935 2136 961 2166 in

1015 2137 1232 2173 εὐθυποροῦντες
1245 2138 1274 2164 ὲν
1284 2138 1346 2169 ταῖς
1363 2137 1483 2169 ἐντολαῖς
1493 2137 1540 2164 τοῦ
1555 2137 1623 2164 Θεοῦ
1634 2145 1641 2152 ·
1655 2138 1704 2172 τὴν
1713 2137 1808 2164 πίστιν

169 2180 242 2206 duas
258 2184 357 2213 partes,
375 2179 447 2214 quod
477 2181 608 2214 scriptum
637 2186 698 2213 est,
715 2181 900 2210 claudicantes
915 2182 938 2198 ⁸·
953 2191 961 2216 ;

170 2225 221 2252 sed
240 2226 267 2252 in
285 2225 332 2252 Dei
360 2226 496 2253 mandatis
523 2231 596 2254 recta
609 2226 776 2260 incedentes,
801 2227 881 2255 fidem
900 2228 959 2256 sin-
978 2222 1001 2250 1)

173 2280 274 2304 ceram,
298 2273 437 2307 vitamque
454 2273 510 2299 doli
534 2277 671 2307 expertem
697 2278 892 2301 conservantes
895 2282 912 2309 _;
932 2278 961 2302 ut

1016 2275 1064 2302 καὶ
1078 2275 1175 2306 συκᾶς,
1193 2274 1241 2300 καὶ
1254 2274 1304 2300 ὅσα
1319 2274 1370 2310 τῆς
1390 2273 1525 2309 ὲπικήρου
1549 2274 1596 2300 καὶ
1619 2273 1808 2308 φθειρομένης

174 2319 360 2347 haereditatem
387 2319 581 2353 adipiscamur,
606 2327 659 2346 non
676 2326 804 2354 agrorum
829 2325 856 2347 et
868 2320 962 2347 vinea-

1015 2184 1164 2220 ἀκραιφνῆ,
1180 2184 1229 2219 τὴν
1251 2183 1391 2210 πολιτείαν
1412 2183 1560 2219 ἀκίϐδηλον
1579 2183 1777 2218 συντηροῦντες
1795 2191 1805 2199 ·

1015 2230 1059 2257 ἵνα
1075 2229 1336 2264 κληρονομήσωμεν,
1354 2229 1406 2256 οὐκ
1426 2229 1539 2264 ἀγροὺς,
1557 2230 1605 2257 καὶ
1624 2228 1806 2264 ἀμπελῶνας,

1016 2320 1105 2356 ζωῆς·
1121 2320 1190 2347 ἀλλά
1205 2319 1241 2346 τά
1257 2320 1286 2346 ὲν
1302 2320 1481 2354 ἐπαγγελίαις
1495 2319 1595 2354 ἀγαθὰ,
1605 2320 1655 2354 τὴν
1666 2319 1739 2355 ζωὴν
1754 2319 1808 2354 τὴν

174 2367 417 2399 rum,etlicerum,
431 2371 459 2393 et
481 2373 650 2401 quaaeunque
669 2370 734 2393 sunt
769 2366 850 2393 morti
871 2365 961 2393 obno-

1015 2367 1133 2399 αἰώνιον,
1149 2367 1200 2403 τὴν
1221 2366 1360 2402 βασιλείαν
1377 2365 1432 2392 τῶν
1451 2366 1586 2401 οὐρανῶν.
1604 2366 1642 2392 Τὸ
1657 2366 1711 2400 γὰρ
1725 2367 1808 2392 ἐναν-

175 2413 226 2440 aia:
240 2418 267 2441 et
281 2413 466 2447 corruptibilis
483 2413 546 2440 Viue
560 2421 569 2446 ;
587 2412 633 2440 sed
660 2412 794 2439 bonorum
812 2420 873 2447 qua:
890 2419 956 2446 pro-

1012 2416 1068 2442 τίον
1081 2415 1113 2441 ὲκ
1125 2413 1179 2441 τῶν
1195 2413 1324 2440 ἐναντίων
1341 2412 1468 2448 πράξεων
1483 2412 1645 2447 ἀπάντημα,
1658 2411 1741 2446 ἀπείη
1753 2411 1804 2438 καὶ

174 2459 259 2487 missa
275 2464 349 2493 sunt,
365 2459 427 2487 vitae
438 2464 556 2492 aeternae,
572 2459 704 2494 regnique
715 2458 862 2486 caelorum.
878 2458 958 2492 Quod

1013 2461 1112 2488 ἐννοεῖν
1128 2461 1176 2487 καὶ
1195 2459 1294 2494 λέγειν.
1311 2459 1412 2495 Εἰρήνη
1427 2459 1503 2495 ὑμῖν,
1518 2458 1630 2493 ἀδελφοὶ
1644 2459 1673 2485 ὲν
1690 2457 1800 2494 Κυρίῳ.

173 2505 247 2533 cnim
265 2505 413 2533 contrariis
425 2505 582 2533 actionibus
597 2504 760 2539 rependatur
774 2510 881 2531 merces
896 2504 961 2539 ipsis

1013 2506 1175 2542 Είρηνεύετε
1197 2507 1225 2532 ὲν
1249 2504 1519 2541 ἀλλήλοιςνεῦχεσθε
1543 2504 1615 2541 ὑπὲρ
1639 2503 1721 2540 ἡμῶν
1744 2503 1803 2530 τῶν

174 2552 324 2585 contraria,
336 2551 407 2580 absit
423 2556 453 2578 ut
468 2551 620 2587 cogitemus
630 2555 676 2577 aut
687 2551 821 2578 dicamus.
838 2549 895 2577 Pax
911 2558 961 2577 vo-

175 2598 227 2630 bis.
247 2598 344 2626 fratres
360 2598 386 2625 in
413 2598 541 2625 Domino.
570 2596 679 2625 Paciﬁci
705 2601 794 2625 estote
823 2598 960 2634 invicem;

174 2649 251 2672 orate
266 2653 316 2680 pro
333 2645 414 2674 nobis
424 2645 581 2679 fratribus;
597 2644 794 2672 eonsolamini.

1011 2552 1134 2587 ἀδελφῶν
1144 2560 1152 2568 ν
1165 2551 1372 2588 παρακλήθητε.

211 2736 234 2753 ⁸⁷
245 2735 340 2764 Matth.
357 2745 431 2769 μιν,
447 2737 486 2764 12.
527 2737 550 2754 ³⁸
564 2736 659 2765 Matth.
675 2738 788 2769 “1,26.
826 2738 849 2755 "
863 2737 946 2766 llehr.
958 2746 1009 2772 xu,
1028 2738 1071 2765 15.

970 2838 1004 2847 ρο
