1927 3089
121 138 186 173 16⁴ε3

151 199 189 226 ΣΡ
206 199 249 235 (5)
266 213 302 221 —
322 200 441 239 Ἰωσὴφ.
460 202 675 239 tumuti-cvm
696 203 756 231 τῶν
779 207 870 239 Κερα-

403 210 435 234 ῃςο
460 210 675 236 κασητουμεγφ
696 212 756 231 των
779 210 870 239 Κερα-
920 210 943 237 Α

403 235 495 271 μέων.
514 237 605 274 [ωκηῚ

713 145 983 178 EPISTOLARUM
1010 147 1083 178 LIB.
1108 148 1151 180 Ῑῐ.

1680 150 1752 183 ποι

1027 207 1108 235 CCX.
1121 222 1156 228 -—
1173 206 1289 242 Jourpr
1304 206 1452 242 ‘pmpoaito
1463 205 1659 235 Cet-amcorum.
1704 224 1718 229 ς

361 293 441 319 Dene'
454 292 550 318 obitum
560 294 737 327 metropolits.
745 296 842 320 Deinde
851 295 918 321 hunc
930 296 1066 327 Josephum
1078 296 1108 321 ad
1118 297 1332 327 perseverantiam
1342 296 1487 322 cohortatur

149 336 205 362 Καὶ
220 335 274 372 πρδ
286 336 336 372 τῆς
356 337 489 369 ἐλεύσεως
511 338 557 365 τοῦ
576 338 659 366 καλοῦ
681 339 797 375 Σεργίου
820 341 906 375 ἠκου-

111 381 193 416 τίσθη
222 383 288 417 ἡμῖν
317 381 348 409 τὸ
373 383 439 418 περὶ
467 383 515 411 τὸν
537 385 674 420 μακάριον
692 386 904 422 Μητροπολίτην

112 427 213 458 πένθος
229 427 317 463 ὑμῶν,
334 424 357 454 ὧ
373 428 483 464 ἀδελφοὶ
503 429 664 465 τιμιώτατοι
675 438 683 446 ·
695 432 742 458 καὶ
752 432 815 458 ὅσον
827 432 905 458 ἐστε-

111 474 246 508 νάξαμεν,
264 474 413 510 προσθείην
438 475 461 502 δ’
475 475 520 508 ἂν,
543 477 591 503 καὶ
612 477 814 512 ὲδακρύσαμεν,
835 475 905 505 οἶδεν

110 521 125 547 ὁ
140 521 195 547 τῶν
214 521 344 556 κρυπτῶν
369 521 449 558 ιουιι.
465 524 532 558 Reg.
544 523 693 560 γνώστης.]
717 524 828 560 Ἐπειδὴ
846 534 904 552 κοι-

111 568 157 600 νὸς
171 569 185 595 ὸ
201 569 294 604 Πατὴρ
311 569 358 596 καὶ
376 569 454 604 ὑμῶν
467 570 515 596 καὶ
533 570 623 605 ἡμῶν,
640 570 716 606 φίλος
739 579 770 598 τε
786 572 881 604 πιστός
894 579 901 587 ”

111 614 144 640 τὸ
161 614 237 649 παρὰ
252 615 322 641 πᾶσι
336 614 502 650 ζητούμενον
516 616 564 643 καὶ
576 616 689 643 σπάνιον
697 617 901 653 εὑρισκόμενον.

112 657 149 685 Ὠ
159 659 218 690 πῶς
228 660 365 686 κατέπεσε
381 659 477 692 στύλος
485 661 534 696 τῆς
543 660 708 695 Ἐκκλησίας
715 662 883 698 ἀκράδαντος
895 672 903 697 ;

112 705 170 736 πῶς
184 704 212 731 δὲ
233 704 390 741 ἀπεσϐέσθη
412 706 472 740 φῶς
491 706 546 733 τῶν
565 707 595 733 ὲν
612 707 714 740 σκότει,
731 708 823 735 καὶτὸ
837 709 904 744 ὑμέ-

110 760 192 786 τερον
211 751 357 779 ίδιαίτατον
381 752 534 788 αῠγασμα;
550 753 682 789 σεσίγηκε
695 754 807 788 γλῶσσα
828 755 904 790 ἡδυε-

110 798 177 833 πὴς,
192 797 278 833 ᾤχετο
304 798 368 831 νοῦς
386 799 621 835 ὲμφρονέστατος·
646 800 811 836 ὑπεσπάσθη
832 801 904 837 ἐρει-

111 851 171 878 σμα
185 843 314 877 πίστεως,
340 845 484 881 πρόμαχος
506 845 691 881 Ἐκκλησιῶν,
707 847 841 883 μειλίχιος
857 848 901 876 λό-

111 897 172 923 γος.
201 890 342 925 πειθήνιος
366 892 462 927 φωνή·
482 893 537 920 πᾶν
558 893 621 920 ὅσον
644 894 727 921 καλὸν
749 895 796 922 καὶ
809 895 902 931 ᾄδεται

110 933 176 969 περὶ
188 934 235 960 τοῦ
252 934 349 969 ἀνδρὸς
364 935 412 962 καὶ
428 937 604 972 γνωρίζεται.
614 938 671 965 Καὶ
687 939 852 975 γεγόναμεν,
870 941 901 967 οὺ

109 978 184 1013 λέγω
196 979 227 1006 τὸ
242 979 319 1015 ὑμῶν
331 981 424 1016 μόνον,
436 982 505 1009 ἀλλὰ
518 983 566 1010 καὶ
581 984 652 1010 κατὰ
670 984 701 1011 τὸ
724 985 778 1012 τῶν
795 985 902 1022 ὀρθοδό-

111 1024 164 1057 ξων
177 1026 326 1062 πλήρωμα.
341 1027 456 1062 ὀρφανοὶ
469 1029 515 1056 ἐπὶ
530 1029 732 1065 προλαὸούσαις
746 1032 900 1066 ὀρφανίαις.

111 1071 270 1107 Ιιροῦλαὸεν
286 1073 330 1100 ὅδε
350 1074 365 1100 ὁ
398 1075 536 1110 μακάριος
564 1076 659 1113 Πατήρ
673 1085 680 1093 ’
714 1078 902 1115 ἐπηκολούθη-

111 1126 157 1144 σεν
171 1119 264 1155 ἕτερος
276 1127 283 1135 ·
301 1121 463 1157 συναπέπτη
476 1121 570 1154 ἄλλος·
585 1123 679 1158 σχεδὸν
689 1124 790 1157 πάντες
805 1126 830 1152 οἱ
846 1134 903 1160 per

110 1166 210 1200 στῆρες
225 1165 281 1193 τῶν
300 1167 406 1195 πιστῶν
433 1167 542 1202 ἔδυσαν,
568 1171 667 1206 κομιδῇ
691 1171 790 1205 ὀλίγων
801 1172 903 1199 ἐναπο-

109 1210 285 1245 λειφθέντων.
303 1213 361 1240 Καὶ
378 1214 524 1248 στυγνάζει
551 1215 602 1250 μὲν
629 1217 643 1243 ὁ
673 1217 798 1252 οὐρανὸς,
825 1218 902 1253 νέφει

109 1257 323 1293 περιεχόμενος·
338 1258 485 1293 στυγνάζει
501 1259 530 1286 δὲ
551 1260 592 1287 ὅτι
608 1261 727 1294 μάλιστα
750 1263 768 1298 ἡ
786 1263 902 1300 Ἐκκλη-

109 1303 156 1330 σία
171 1303 229 1337 νῦν,
242 1305 307 1337 τοὺς
325 1305 445 1341 ἀστέρας
471 1306 559 1342 αὐτῆς
585 1306 804 1344 ἀποσεὸληκυῖα.
827 1310 902 1346 Πλὴν

108 1350 186 1385 ὅμως
201 1351 216 1377 ὁ
231 1351 282 1386 τῆς
293 1351 469 1388 δικαιοσύνης
483 1352 560 1388 ἥλιος
573 1353 669 1390 εἴληφε
691 1355 755 1387 τοὺς
777 1357 902 1392 Πατέρας

108 1395 191 1432 [(lod.
209 1397 275 1431 Reg.
290 1397 433 1434 ἁστέρας.]
449 1399 579 1435 μακαρίῳ
590 1399 882 1434 τιλειὰποὸιώσαντας
892 1411 900 1420 ν

109 1443 158 1470 καὶ
177 1444 259 1474 αὐτὸς
278 1444 413 1480 ὑπέσχετο
427 1445 484 1479 ἕως
505 1446 562 1480 τῆς
574 1448 756 1481 συντελείας
779 1448 834 1476 τοῦ
857 1450 902 1476 al-

108 1488 188 1522 ὥνος
211 1489 322 1517 ἔσεσθαι
346 1490 406 1525 μεθ’
423 1491 513 1527 ήμῶν.
530 1493 612 1519 Ὥστε
636 1494 660 1521 εί
681 1494 854 1530 καὶλυπηρὰ
866 1496 902 1523 τὰ

108 1538 233 1572 παρόντα
244 1546 252 1553 ”
262 1538 331 1565 ἀλλὰ
341 1539 423 1566 πάλιν
435 1541 574 1576 περιχαρῆ
584 1541 629 1568 διὰ
648 1541 698 1578 τὴν
727 1542 835 1576 ἐλπίδα,
859 1544 901 1570 ὃτι

108 1583 208 1619 ἔχομεν
231 1585 271 1616 εἰς
296 1584 365 1612 Θεὸν
376 1586 441 1617 τοὺς
455 1586 581 1622 Πατέρας
590 1587 669 1623 ἡμῶν
680 1588 900 1624 ὗπερασπιστὰς.

108 1630 212 1657 ἄνωθεν
229 1631 431 1664 ἐποπτεύοντας
444 1633 518 1668 ἡμᾶς
538 1633 627 1666 ἱλεως,
651 1635 700 1661 καὶ
724 1635 902 1670 κάμπτοντας

107 1677 149 1708 εἰς
160 1676 207 1702 τὸν
222 1677 288 1713 περὶ
314 1678 388 1712 ἡμᾶς
417 1675 518 1712 οἶκτον,
545 1679 594 1715 τὴν
621 1679 705 1708 αὐτοῦ
731 1681 899 1717 ἀγαθότητα.
915 1688 938 1720 c

107 1723 210 1750 Λοιπὸν
229 1723 271 1758 ἐφ’
287 1724 352 1759 ὑμῖν
370 1725 568 1761 ὲπιστρεπτέος
585 1727 599 1753 ὁ
613 1726 702 1761 λόγος.
714 1727 751 1754 Οὐ
773 1727 899 1763 ποίμνιόν

107 1769 172 1794 ἔστε
187 1769 373 1805 ἠπορημένον,
385 1768 407 1796 ὦ
423 1771 543 1806 ἀδελφοί.
569 1772 598 1798 '0
612 1773 666 1808 γὰρ
678 1773 759 1805 καλὸς
771 1774 900 1810 ἀρχιποί-

109 1823 165 1848 μην
180 1815 269 1849 ὑμῶν,
287 1817 301 1842 ὁ
322 1815 370 1842 τοῦ
389 1817 526 1852 μακαρίου
552 1818 657 1854 Πέτρου
686 1819 734 1846 τοῦ
748 1820 899 1847 ἀποστόλου

108 1861 268 1896 ὁμώνυμος,
284 1861 334 1897 ἤδη
361 1862 409 1889 καὶ
425 1863 549 1890 ὲτύπωσε
566 1864 616 1896 καὶ
638 1865 837 1900 ὲστοιχείωσεν,
859 1866 899 1894 ἔτι

107 1914 136 1932 τε
151 1905 206 1938 ζῶν
220 1906 373 1941 ἡγούμενον
395 1907 459 1942 ὑμῖν
483 1910 688 1945 προεστήσατοο
717 1910 764 1937 καὶ
784 1911 838 1938 πᾶν
858 1912 899 1938 ὅτι

108 1950 155 1978 οὗν
171 1952 347 1987 ὀφειλόμενον
370 1953 513 1986 διετάξατο
525 1962 533 1970 ο
550 1955 597 1982 καὶ
617 1955 678 1983 ὅλον
702 1957 836 1990 ἐνιαυτὸν,
860 1957 900 1990 ὡς

107 1998 158 2033 ήδη
189 1998 316 2034 ἀπαίρων
342 1999 404 2026 καθ’
418 2000 537 2036 ἑκάστην
563 2002 681 2037 ἡμέραν,
702 2003 766 2034 τοὺς
781 2011 898 2031 συντακ-

106 2044 220 2079 τηρίους
230 2045 328 2079 λόγους
342 2046 498 2080 ὲπιφωνῶν,
511 2048 676 2082 κατήρτισεν
691 2048 739 2076 ἕνα
764 2049 880 2076 ἕκαστον
889 2058 898 2067 θ

108 2090 156 2116 καὶ
170 2090 254 2125 εὐχῆς
278 2090 328 2125 μὲν
344 2090 436 2126 ἔργον.
456 2092 494 2128 μὴ
521 2093 593 2119 κατὰ
616 2093 667 2129 τὴν
682 2093 826 2122 δυσκολίαν
850 2095 898 2122 τοῦ

107 2136 217 2170 χρόνου,
232 2136 321 2171 ἄλλως
330 2138 483 2173 ἀπαντήσει
497 2138 531 2165 τὰ
546 2139 707 2175 πράγματα,
719 2140 776 2167 ἀλλ’
791 2141 829 2173 ὡς
844 2142 900 2168 διε-

106 2181 217 2214 τάξατο,
237 2182 375 2218 διαμεῖναι
390 2185 438 2211 καὶ
451 2185 523 2220 ὑμᾶς
540 2186 588 2212 καὶ
607 2186 688 2213 αὐτά.
704 2187 741 2213 Οὐ
760 2187 814 2223 μὴν
829 2189 853 2214 εί
864 2188 899 2215 δι’

107 2228 234 2260 ἐναντίας
257 2229 341 2262 ἔλθοι,
368 2230 465 2258 τούτου
490 2231 570 2267 χάριν
596 2233 728 2268 προέσθαι
752 2233 824 2269 ὑμᾶς
848 2235 899 2270 τὴν

107 2274 257 2310 ἀλήθειαν·
274 2275 343 2303 ἀλλὰ
362 2275 454 2309 καθὼς
480 2278 606 2310 κάκεῖνος
630 2278 771 2312 διετάξατο
796 2280 899 2316 ἐγγρά-

108 2329 177 2354 φως,
188 2321 278 2348 πάντα
295 2321 418 2350 σκύϐαλα
435 2323 589 2358 ἡγήσασθαι
600 2324 645 2351 διὰ
657 2325 785 2360 Χριστὸν,
797 2326 844 2353 καὶ
859 2327 897 2363 μὴ

108 2366 254 2402 προδοῦναι
283 2368 348 2400 τοὺς
373 2368 441 2404 περὶ
472 2369 591 2402 πίστεως
623 2371 670 2397 καὶ
700 2371 830 2407 ἀληθείας
853 2373 898 2400 λό-
915 2370 938 2398 D

108 2421 184 2446 γους.

142 2457 238 2485 Ταῦτα
257 2458 308 2494 μὲν
323 2460 407 2487 πᾶσιν
420 2460 485 2496 ὑμῖν
500 2461 619 2495 λεκτέον,
636 2465 851 2499 προηγουμένως
867 2465 896 2492 δὲ

108 2504 150 2530 σοὶ
168 2504 208 2539 τῷ
229 2505 318 2541 κυρίῳ
341 2505 528 2542 καθηγεμόνι·
558 2508 654 2544 ἐπειδὴ
678 2508 734 2536 οἷον
756 2510 787 2537 τὸ
802 2511 897 2546 ἄρχον,

106 2549 155 2576 καὶ
176 2550 208 2576 τὸ
230 2551 383 2586 ἀρχόμενον
405 2552 510 2586 πέφυκε
528 2553 662 2588 γίνεσθαι.
690 2555 745 2582 Καί
763 2564 795 2590 γε
822 2557 896 2591 ἅπαξ

106 2594 271 2630 ἑαλώκαμεν
292 2596 339 2622 ἐπὶ
359 2597 392 2631 τῇ
412 2597 536 2633 αίρετικῇ
564 2599 704 2636 κοινωνίᾳ,
730 2601 816 2635 φειδοῖ
842 2602 897 2628 τῶν

106 2640 273 2676 ὁρωμένων
292 2642 330 2678 μὴ
359 2643 450 2676 πάλιν,
475 2644 592 2678 δεόμεθα
615 2646 662 2673 καὶ
685 2646 896 2684 ὑπομιμνήσκο-

139 2697 164 2713 ’°
177 2697 272 2726 Matth.
285 2707 382 2733 xxvm,
396 2700 440 2728 20.

997 339 1029 366 Et
1044 345 1108 367 ante
1131 340 1278 368 adventum
1306 340 1370 368 boni
1392 339 1491 376 Sergii,
1506 340 1540 368 de
1567 341 1642 369 luctu
1657 347 1755 370 vestro-

957 387 1030 414 circa
1048 387 1158 415 beatum
1183 387 1386 421 metropolitam
1412 386 1619 420 audiveramus,
1650 388 1755 417 fratres

958 431 1183 459 honoratissimi:
1211 436 1345 467 quantum
1382 431 1608 467 ingemuerimus,
1649 433 1752 460 addam

957 482 1058 510 autem,
1081 477 1223 512 lacrymati
1242 477 1339 509 simus,
1371 477 1447 505 novit
1459 477 1632 505 occultorum
1647 478 1748 514 Cogni-

957 527 1010 550 tor.
1027 522 1188 549 Communis
1203 522 1302 557 quippe
1326 526 1401 556 pater
1419 526 1479 550 erat
1506 527 1534 550 et
1546 527 1637 550 vester
1653 528 1681 551 et
1697 532 1748 551 no-

957 572 1023 601 ster,
1054 568 1178 604 fidusque
1203 569 1319 600 amicus,
1354 567 1444 602 qualis
1473 567 1507 595 ab
1533 568 1662 596 omnibus
1676 577 1754 604 qum-

956 614 1035 646 ritur,
1052 619 1079 641 et
1091 621 1153 642 raro
1168 614 1315 641 invenitur.
1333 613 1355 641 Ο
1370 614 1508 649 quomodo
1531 615 1628 642 cecidit
1640 615 1748 643 colum—

955 668 991 688 na
1005 660 1134 688 Ecclesiae
1159 660 1322 688 inconcussa
1336 660 1348 686 ’ί
1365 660 1501 695 quomodo
1515 661 1680 689 exstinctum
1707 667 1753 690 est,

955 707 1048 734 lumen
1081 708 1108 734 in
1136 708 1257 736 tenebris
1290 709 1533 741 commorantium,
1560 712 1588 736 et
1615 709 1746 743 splendor

955 757 1045 780 vester
1069 753 1242 788 peculiaris?
1272 754 1416 781 obmutuit
1445 753 1537 789 lingua
1570 755 1746 789 suaviloqua,

956 799 1023 827 abiit
1040 807 1119 828 mens
1132 800 1357 835 prudentissima,
1374 800 1537 828 convulsum
1558 805 1600 828 est
1621 801 1748 828 columen

957 846 1030 879 ﬁdei,
1050 852 1237 881 propugnator
1256 845 1395 878 Ecclesiae,
1414 846 1561 874 mellilluus
1581 854 1682 877 sermo.
1695 855 1747 874 vox

955 893 1123 928 persuadens
1138 902 1145 920 :
1164 893 1297 928 quidquid
1312 893 1431 928 denique
1445 893 1510 920 boni
1529 893 1563 921 de
1576 893 1635 919 viro
1651 893 1748 927 praedi-

955 943 1033 966 catur
1045 943 1072 966 et
1086 939 1255 974 agnoscitur.
1272 938 1305 966 Et
1324 939 1388 967 facti
1413 947 1522 971 sumus,
1546 947 1599 966 non
1613 940 1673 966 dico
1698 947 1753 967 vos

956 990 1071 1017 tantum.
1094 986 1141 1013 sed
1157 994 1252 1014 omnes
1267 986 1370 1021 ubique
1387 985 1544 1018 orthodoxi,
1568 987 1683 1021 orpltani
1699 993 1748 1014 su-

956 1039 1005 1067 pra
1016 1031 1200 1066 prazcedentcs
1211 1031 1353 1059 orbitates.
1365 1030 1520 1058 Antecesslt
1529 1031 1624 1058 beatus
1633 1031 1677 1059 hic
1694 1031 1752 1058 Paa

954 1082 1004 1110 ter,
1019 1077 1184 1105 subsecutus
1200 1081 1242 1105 est
1256 1077 1333 1109 alter,
1352 1077 1436 1105 simul
1449 1077 1568 1104 avolavit
1588 1077 1670 1110 alius,
1684 1085 1745 1105 om-

953 1123 999 1150 nia
1013 1129 1096 1157 prope
1115 1122 1235 1149 ﬁdelium
1256 1122 1360 1150 lumina
1387 1123 1560 1153 occiderunt.
1585 1123 1681 1157 paucis
1697 1122 1747 1149 ad-

953 1168 1064 1195 modum
1079 1167 1192 1195 relictis.
1205 1167 1238 1194 Et
1250 1167 1376 1195 tristatur
1389 1168 1501 1202 quidem
1512 1168 1612 1195 caelum
1628 1168 1754 1196 nubibus.

953 1214 1169 1247 circumfusum;
1191 1215 1315 1242 tristatur
1328 1219 1419 1241 autem
1443 1215 1470 1241 in
1498 1214 1594 1249 primis
1611 1222 1683 1242 nunc
1695 1214 1755 1241 Ec-.

952 1259 1045 1292 clesia,
1061 1259 1147 1287 stellis
1162 1259 1220 1287 suis
1242 1260 1293 1286 sibi
1319 1259 1461 1288 detractis.
1480 1258 1677 1287 Verumtamen
1696 1259 1743 1287 Sol

950 1305 1064 1341 iustitiae
1080 1305 1232 1340 assumpsit
1247 1298 1343 1332 Patres
1360 1305 1442 1332 beato
1454 1305 1529 1332 exitu
1546 1306 1600 1332 vita
1616 1304 1744 1332 functos:

952 1355 979 1378 et
993 1350 1051 1385 ipse
1076 1349 1220 1378 nobiscum
1240 1357 1323 1385 usque
1348 1349 1383 1376 ad
1409 1349 1661 1376 consummationem
1692 1356 1744 1375 sa:-

952 1397 1004 1424 ιιιίί
1018 1397 1040 1413 ³⁰
1058 1396 1182 1424 futurum
1196 1403 1225 1424 se
1238 1395 1374 1430 promisit.
1386 1394 1478 1428 Quare
1493 1395 1557 1423 licet
1578 1395 1667 1422 tristia
1689 1395 1749 1422 sint.

952 1444 1106 1479 pmsentia,
1132 1443 1193 1470 laeta
1216 1447 1281 1470 sunt
1299 1449 1398 1470 rursus
1424 1445 1535 1477 propter
1555 1449 1642 1476 spem,
1669 1441 1743 1476 quod

951 1489 1046 1517 Patres
1060 1493 1170 1517 nostros
1184 1489 1256 1524 apud
1277 1488 1363 1516 Deum
1386 1493 1556 1523 protectores
1581 1487 1747 1518 habeamus.

951 1536 985 1564 ab
998 1537 1052 1563 alto
1064 1543 1113 1563 nos
1125 1535 1241 1570 benigne
1254 1534 1444 1570 respicientes,
1461 1534 1576 1569 ejusque
1591 1533 1741 1561 bonitatem

952 1582 986 1609 ad
1005 1581 1093 1609 nostri
1107 1581 1376 1609 commiserationem
1394 1579 1575 1607 inﬂectentes.
1592 1578 1631 1606 De
1642 1585 1746 1606 caetero

951 1629 985 1656 ad
1005 1637 1054 1656 vos
1065 1628 1247 1656 convertenda
1273 1632 1315 1655 est
1334 1628 1433 1655 oratio.
1463 1625 1680 1661 Haudquaquam
1696 1625 1730 1652 de

952 1675 1066 1702 stitutus
1080 1681 1144 1709 grex
1159 1673 1239 1706 estis,
1262 1673 1371 1701 fratres.
1387 1672 1519 1708 Egregius
1527 1672 1600 1699 enim
1616 1671 1670 1704 vir,
1685 1669 1742 1706 pri-

953 1729 1015 1750 mus
1035 1725 1128 1755 pastor
1143 1724 1242 1752 vester,
1271 1719 1342 1746 beati
1362 1719 1435 1746 Petri
1460 1718 1577 1753 apostoli
1601 1717 1746 1752 cognomi-

953 1768 1007 1801 nis,
1021 1767 1076 1802 jam
1093 1775 1142 1794 vos
1159 1767 1276 1794 erudivit
1293 1771 1320 1794 et
1343 1765 1511 1797 informavit,
1535 1770 1562 1792 et
1578 1772 1640 1792 eum
1653 1763 1743 1791 adhuc

952 1814 1064 1845 viveret,
1082 1814 1257 1848 praepositum
1273 1813 1350 1840 vobis
1368 1812 1509 1847 praefecit;
1531 1816 1560 1839 et
1582 1818 1644 1846 quas
1661 1810 1743 1837 delle-

953 1860 1010 1891 bat,
1022 1860 1112 1886 omnia
1129 1859 1293 1891 constituit;
1311 1862 1423 1892 totoque
1437 1865 1523 1890 anno,
1554 1856 1628 1884 velut
1644 1855 1745 1882 diebus

953 1905 1068 1941 singulis
1103 1907 1235 1939 migrans.
1262 1905 1438 1938 comparatis
1451 1903 1484 1930 ad
1504 1903 1658 1930 discessum
1683 1908 1741 1927 ver-

953 1952 995 1980 bis
1006 1959 1054 1979 vos
1065 1951 1217 1986 alloquens,
1231 1949 1349 1985 perfecte
1363 1949 1492 1977 instruxit
1501 1955 1723 1983 unumquemque
1732 1956 1743 1977 :-

953 1999 1075 2032 adeoque
1089 1998 1239 2032 optandum
1257 2001 1308 2028 est.
1323 2000 1353 2024 ut
1367 2004 1421 2023 non
1440 1995 1529 2027 aliter,
1554 1995 1590 2021 ob
1610 1993 1747 2027 temporis.

953 2045 1133 2076 dilllcultates,
1152 2051 1195 2071 res
1210 2043 1358 2071 succedant
1372 2052 1380 2077 ;
1394 2042 1440 2070 sed
1464 2042 1535 2070 sicut
1556 2041 1614 2076 ipse
1639 2039 1747 2067 conslia

953 2091 1015 2124 tuit,
1032 2090 1068 2117 ita
1079 2089 1261 2124 permaneatis
1273 2093 1301 2116 et
1317 2096 1376 2122 vos,
1391 2093 1417 2116 et
1432 2095 1476 2115 res
1492 2087 1568 2122 ipsae.
1589 2085 1682 2120 Neque
1700 2089 1740 2112 ta-

952 2144 1028 2164 men.
1045 2135 1069 2163 si
1087 2135 1151 2169 quid
1167 2139 1262 2162 contra
1277 2134 1409 2165 evenerit,
1424 2133 1526 2160 idcirco
1547 2131 1683 2167 abjiciatis
1693 2138 1741 2158 vos

952 2182 1113 2214 veritatem;
1142 2181 1200 2213 sed,
1227 2180 1522 2216 quemadmadmodum
1557 2179 1660 2214 scripto
1697 2177 1741 2205 ille

953 2228 1090 2265 praecepit,
1106 2228 1198 2255 omnia
1214 2231 1325 2262 propter
1348 2226 1490 2254 Christum
1521 2225 1691 2253 arbitremini
1712 2228 1741 2252 ut

952 2279 1085 2308 stercora,
1097 2278 1123 2301 et
1135 2274 1162 2301 in
1175 2274 1236 2302 fidei
1248 2273 1425 2309 veritatisque
1439 2272 1597 2304 defensione
1608 2279 1662 2302 non
1672 2279 1742 2310 pra;

952 2328 1124 2348 varicemtnl.

984 2463 1047 2491 llzec
1064 2462 1192 2491 omnibus
1216 2462 1327 2498 quidem
1357 2461 1435 2489 vobis
1460 2461 1599 2494 dicenda;
1622 2461 1669 2489 sed
1688 2461 1742 2488 tibi

949 2511 1122 2547 potissimum
1145 2510 1257 2538 domino
1282 2509 1449 2544 prmposito;
1475 2509 1539 2543 quia
1563 2508 1659 2543 quales
1674 2513 1738 2535 sunt

949 2557 996 2592 qui
1014 2561 1144 2592 przesunt,
1161 2556 1227 2583 tales
1238 2563 1298 2583 esse
1312 2556 1400 2583 solent
1410 2559 1437 2582 et
1447 2554 1559 2582 subditi.
1579 2554 1611 2581 Et
1627 2554 1738 2590 quidem

949 2603 1030 2630 semel
1045 2601 1205 2638 deprehensi
1221 2609 1315 2629 smnus
1344 2601 1370 2628 in
1384 2601 1510 2628 luerctica
1531 2601 1735 2632 communione,

950 2654 1061 2684 propter
1082 2648 1202 2677 studium
1235 2655 1326 2676 rerum
1361 2647 1534 2676 visibilium:
1565 2656 1599 2677 ne
1626 2649 1736 2681 iterum,

866 2791 983 2820 ΝΟΤΑΕ.

147 2866 186 2901 (5)
200 2866 228 2894 lu
244 2868 306 2895 cod.
319 2867 386 2904 Reg.
398 2868 459 2904 σιγ’.
