1927 3089
164 133 234 167 1635

761 145 790 178 3.
803 145 1002 177 THEODORI
1021 146 1196 178 STUDITJE

1721 141 1791 175 1636

161 201 272 223 oramus
286 199 313 223 et
323 195 514 231 admonemus,
530 203 642 234 propter
656 203 834 235 monasteria,
843 203 953 232 vineas-

1007 212 1064 239 μεν,
1079 203 1123 232 διὰ
1142 204 1319 240 μοναστήρια,
1341 204 1508 239 ἀμπελιῦνάς
1530 209 1561 231 τι
1586 201 1636 230 καὶ
1662 201 1795 234 tamen;

161 249 215 275 que
230 246 256 268 et
272 242 371 270 oliveta
386 248 412 270 et
432 244 520 278 liceta,
541 253 602 281 quae
618 255 668 275 nos
683 250 856 283 postmodum
880 251 953 278 sicut

163 292 253 321 patres
273 289 358 316 nostri
378 290 497 318 relicturi
519 300 624 326 sumus,
651 298 678 322 et
700 295 821 323 relicturi
849 296 877 322 in
899 304 952 324 ste-

163 333 234 364 cuia,
254 339 389 360 attentum
403 336 516 363 instituti
533 338 620 365 nostri
636 339 755 366 studium
771 340 952 375 negligamus,

164 378 372 414 polluamurque
382 381 545 408 helerodoxa
560 385 760 417 communione,
771 393 853 420 prava
861 393 953 413 exem-

164 425 206 458 pla
225 425 288 451 hinc
311 426 373 452 inde
405 426 671 462 circumspicientes.
701 428 760 457 Non
794 431 844 458 ista
873 431 954 459 nobis

164 472 267 498 attxilio
278 476 359 499 erunt
371 477 492 506 tempore
510 474 618 506 mortis,
633 475 660 502 in
691 476 756 503 hora
769 476 865 511 judicii
879 486 886 511 ;
905 477 953 505 sed

166 517 235 544 bona
249 519 429 551 conscientia,
453 525 480 546 et
496 521 677 556 inculpabilis
703 524 888 550 conversatio.
906 525 954 551 At-

165 570 218 596 que
245 566 300 590 haec
315 571 363 591 nos
378 565 418 592 sic
435 565 589 598 hortamur,
605 575 659 594 non
687 572 816 602 tanquam
840 568 954 596 velimus

166 617 247 643 grave
261 610 362 644 aliquid
377 618 426 638 vos
451 612 517 645 pati,
534 613 580 640 sed
603 613 675 648 quod
705 619 834 648 tanquam
854 613 954 642 fratres

167 655 295 682 fratribus
306 664 386 690 opem
404 657 474 684 ferre
484 658 640 693 cupiamus,
657 665 737 693 prout
746 661 874 687 mandato
883 668 954 695 prte-

165 706 273 735 ceptutn
287 707 339 729 est.
359 701 465 729 Etenim
490 704 602 732 miseret
630 713 692 738 nos,
716 707 955 741 compatimurque

166 747 280 774 domino
308 748 448 783 Gregorio,
466 750 602 784 spirituali
633 751 712 779 fratri
732 757 838 785 nostro,
861 757 890 779 ut
907 752 953 788 qui

166 800 296 828 prospere
309 794 366 828 jam
384 797 571 829 consenuerit,
596 797 711 830 talisque
727 799 762 825 sit
775 798 884 833 qualem
905 805 955 825 no-

167 839 226 871 stis,
244 843 301 866 tum
325 848 357 867 ex
374 842 466 868 carnis
489 841 596 874 omciis,
628 847 685 870 tum
704 851 737 871 ex
763 845 953 879 spiritualibus

167 891 240 914 recte
256 887 349 914 factis:
366 888 467 923 quique
482 889 622 917 Christum
647 890 770 918 imitatus
779 876 952 923 humilitate,
967 876 991 906 Β

166 932 260 959 subire
286 934 378 961 omnia
398 934 535 967 maluerit,
554 943 636 970 quam
663 936 797 964 adversus
825 941 953 971 paternas

166 978 338 1006 dellnitiones
367 979 516 1014 quidquam
546 985 715 1016 perpetrare.
734 981 856 1010 Donetur
876 983 954 1011 vobis

165 1030 214 1057 per
227 1024 342 1059 gratiam
359 1032 411 1059 pax
435 1025 491 1058 Dei,
513 1034 596 1061 quam
624 1028 726 1056 sanctis
745 1029 877 1063 apostolis
895 1029 954 1056 suis

165 1070 198 1097 ad
223 1071 308 1098 t-mlos
334 1071 428 1098 abiens
452 1072 608 1107 impertiit;
632 1074 782 1109 quinetiam
807 1079 834 1102 et
860 1080 953 1103 mutua

165 1115 236 1143 inter
251 1123 300 1143 vos
309 1116 428 1144 dilectio.
443 1117 477 1144 In
491 1121 539 1146 hoc
550 1119 631 1150 enim,
647 1120 695 1150 ait,
720 1125 883 1155 cognoscent
897 1129 955 1148 om-

165 1170 209 1189 nes
223 1163 287 1196 quia
306 1163 431 1198 discipuli
445 1165 496 1191 mei
524 1165 599 1198 estis,
615 1166 639 1193 si
657 1165 825 1194 dilectionem
853 1167 954 1194 habue-

164 1208 225 1235 ritis
249 1209 284 1235 ad
298 1209 452 1237 invicem".
471 1209 548 1238 Bono
568 1211 606 1239 sis
622 1211 726 1245 animo,
749 1212 861 1240 domine
883 1220 955 1248 prae-

164 1253 254 1287 posite
267 1262 274 1286 ;
291 1259 317 1280 et
331 1254 390 1288 ipse
403 1254 534 1283 dominus
551 1255 702 1292 Gregorius
717 1266 725 1291 ;
741 1262 798 1285 tum
822 1262 850 1285 et
863 1258 954 1286 caeteri

164 1306 261 1326 omnes
273 1307 306 1326 ex
323 1300 435 1333 Ordine;
454 1302 574 1329 universi
608 1303 749 1331 tristitiaut
773 1303 953 1339 refugientes,

163 1349 192 1372 et
206 1350 335 1380 tanquam
351 1354 451 1374 novum
475 1348 605 1383 quiddam
618 1348 679 1383 iter,
698 1350 843 1385 spirituale
864 1354 956 1378 certa-

165 1396 227 1416 men
240 1395 360 1418 vestrum
381 1390 537 1419 obeuntes:
557 1400 608 1428 pro
627 1393 708 1421 nobis
741 1394 823 1421 etiam
842 1394 955 1422 humili-

165 1434 216 1463 bus
224 1441 335 1465 orantes
351 1437 461 1465 meliora
471 1443 496 1465 et
508 1439 635 1466 viciniora
648 1439 730 1467 saluti
742 1441 777 1468 ".

327 1538 418 1568 CCXI.
435 1555 471 1560 —
488 1540 633 1576 Euphemio
649 1541 789 1572 Sardemi.

1005 250 1052 275 καὶ
1067 250 1202 282 συκῶνας,
1213 250 1231 277 ἃ
1244 250 1342 285 μικρὸν
1368 249 1482 286 ὕστερον
1497 249 1546 277 καὶ
1561 250 1642 285 ἡμεῖς
1654 248 1692 280 ὡς
1705 248 1730 275 οἰ
1742 257 1795 275 πα-

1003 295 1083 330 τέρες
1114 295 1194 329 ἡμῶν
1220 295 1422 329 καταλείψομεν
1447 296 1488 326 εἰς
1516 294 1628 326 αἰῶνας,
1650 294 1795 329 προδῶμεν

1003 339 1053 375 τὴν
1067 340 1211 375 ἀκρίϐειαν
1224 341 1271 367 τοῦ
1285 341 1505 376 ἐπαγγέλματος,
1523 341 1571 367 καὶ
1588 339 1751 375 χρανθῶμεν
1761 341 1793 376 τῇ

1004 386 1150 421 ἑτεροδόξῳ
1163 386 1300 422 κοινωνίᾳ,
1312 387 1346 413 τὰ
1361 386 1474 421 σκαμϐἀ
1493 385 1683 418 ὑποδείγματα
1695 384 1796 411 κύκλο-

1004 430 1049 457 θεν
1072 431 1298 467 περιϐλέποντες.
1313 431 1351 457 Οὐ
1375 431 1561 466 προστήσεται
1580 430 1647 463 ἡμῖν
1665 429 1693 454 ὲν
1707 427 1796 462 καιρῷ

1004 477 1132 508 θανάτου,
1151 478 1179 503 ἐν
1199 477 1258 513 ὥρᾳ
1270 476 1388 512 κρίσεως
1410 477 1451 508 εἰς
1467 476 1594 511 βοήθειαν
1608 474 1711 501 ταῦτα·
1728 473 1796 500 ἀλλᾶ

1003 523 1034 550 τὸ
1052 523 1170 558 χρηστδν
1192 523 1323 554 συνειδὸς.
1340 522 1387 549 καὶ
1403 522 1420 557 ὴ
1435 522 1648 554 ἀκατάγνωστος
1660 519 1794 546 πολιτεία.

1004 569 1060 597 Καὶ
1079 569 1166 596 ταῦτα
1184 569 1234 604 οὺχ
1250 568 1288 600 ὡς
1304 568 1463 603 βουλόμενοι
1483 568 1555 602 ὑμᾶς
1571 567 1688 601 πάσχειν
1702 574 1728 592 τι
1743 566 1797 592 δει-

1005 615 1059 646 νὸν,
1074 614 1285 650 προτρεπόμεθα
1299 622 1306 629 ·
1324 614 1383 640 ἀλλ’
1397 614 1435 646 ὡς
1452 613 1562 648 ἀδελφοὶ
1584 612 1711 646 ἀδελφοῖς
1734 612 1798 647 βοη-

1005 659 1062 687 θεῖν
1078 659 1292 696 προαιρούμενοι
1317 659 1390 686 κατά
1410 659 1460 695 τὴν
1486 658 1651 686 κελεύουσαν
1673 658 1795 693 ὲντολήν.

1011 706 1088 733 Ἐπεὶ
1107 706 1154 733 καὶ
1174 705 1372 741 κατελεοῦμεν,
1387 706 1433 732 καὶ
1449 705 1622 740 οἰκτείρομεν
1639 705 1685 731 τδν
1700 704 1797 740 κύριον

1005 752 1156 788 Γρηγόριον
1176 752 1224 779 τὸν
1243 751 1429 787 πνευματικὸν
1447 751 1527 786 ἡμῶν
1546 750 1670 785 ἀδελφὺν,
1686 749 1724 781 ὡς
1745 749 1795 785 ήδη

1004 799 1129 836 λιπαρῶς
1146 799 1333 835 γεγηρακότα,
1359 799 1407 826 καὶ
1430 798 1551 825 τοιοῦτον
1567 798 1632 825 ὄντα
1655 795 1711 824 οἷον
1726 797 1796 828 ἰστε,

1005 847 1060 874 ἀπό
1075 854 1105 872 τε
1126 845 1179 872 τῶν
1203 844 1343 881 σαρκικῶν
1370 844 1562 880 καθηκόντων,
1589 844 1637 871 καὶ
1662 843 1716 870 ἀπὸ
1742 851 1798 870 των

1005 891 1200 928 πνευματικῶν
1217 891 1441 927 κατορθωμάτων
1452 899 1458 906 ·
1474 891 1500 918 ει
1522 891 1570 918 καὶ
1594 890 1636 917 ὅτι
1652 898 1797 925 χριστομι-

1006 940 1085 975 μήτῳ
1106 938 1268 966 ταπεινώσει
1295 939 1380 965 οῐσειν
1403 938 1493 965 πάντα
1523 937 1698 973 προέκρινεν,
1725 937 1742 972 ἦ
1766 944 1795 963 τι

1004 984 1125 1012 ἐναντίον
1142 984 1196 1012 τῶν
1211 984 1353 1019 πατρικῶν
1367 984 1492 1019 ὁρισμῶν
1507 983 1719 1018 διαπράξασθαι.
1739 982 1797 1010 Χα-

1006 1031 1109 1068 ρισθείη
1123 1032 1188 1066 ὖμϊν
1203 1031 1220 1066 ἡ
1237 1031 1335 1066 εἰρήνη
1349 1030 1397 1057 τοῦ
1408 1030 1487 1061 Θεοῦ,
1500 1030 1590 1065 ἥνπερ
1607 1027 1797 1064 ἐπεφθέγξατο

1004 1079 1060 1109 τοῖς
1074 1077 1164 1112 ἁγίοις
1176 1077 1260 1104 αὑτοῦ
1275 1075 1437 1107 ἀποστόλοις
1451 1075 1581 1109 ἀπαίρων
1601 1075 1631 1100 ὲν
1646 1074 1774 1108 οὐρανοῖς·
1785 1081 1795 1089 ·

1004 1123 1072 1151 ἀλλά
1087 1123 1140 1160 μὴν
1154 1123 1202 1151 καὶ
1214 1123 1232 1158 ἡ
1248 1123 1289 1155 εἰς
1299 1122 1431 1158 ἀλλήλους
1441 1121 1546 1156 ἀγάπη.
1565 1120 1613 1147 Ἐν
1624 1120 1718 1151 τούτῳ
1728 1119 1796 1154 τὰρ,

1005 1169 1087 1204 φησὶ,
1102 1167 1271 1203 γνώσονται
1286 1167 1398 1200 πάντες
1415 1166 1461 1193 ὅτι
1482 1164 1548 1200 ἐμοὶ
1564 1164 1694 1200 μαθηταί
1712 1163 1798 1195 ἐστὲ.

1004 1215 1060 1243 ἐὰν
1075 1214 1197 1249 ἀγάπην
1213 1213 1304 1248 ἔχητε
1324 1213 1360 1239 ἐν
1381 1211 1542 1246 ἀλλήλοις.
1559 1209 1692 1246 Εὑθὺμει,
1706 1211 1721 1237 ό
1745 1209 1798 1237 κύ-

1005 1269 1064 1295 ριος
1087 1261 1103 1287 ὸ
1124 1259 1287 1296 ἡγούμενος,
1303 1258 1386 1290 αὐτὸς
1402 1258 1417 1284 ὀ
1431 1258 1526 1294 κύριος
1548 1257 1700 1293 Γρηγόριος
1711 1264 1720 1270 ·
1736 1252 1800 1282 εἶτα

1005 1304 1045 1338 εἷς
1057 1306 1171 1337 ἕκαστος
1182 1305 1237 1331 τῶν
1247 1304 1311 1339 ἑξῆς
1321 1312 1330 1319 ·
1345 1305 1522 1335 ἀνανεύοντες
1537 1303 1658 1334 ἅπαντες
1673 1301 1728 1328 ἀπὸ
1747 1301 1800 1336 τῆς

1005 1352 1105 1387 λύπης,
1130 1351 1179 1378 καὶ
1194 1349 1384 1382 ὁδοποιοῦντες
1398 1349 1495 1384 ὥσπιρ
1508 1349 1574 1376 νέαν
1588 1348 1651 1376 τινα
1672 1347 1734 1374 ὁδὸν
1751 1347 1800 1374 τὸν

1005 1397 1190 1433 πνευματικὸν
1210 1396 1288 1433 ὑμῶν
1302 1395 1397 1431 ἀγῶνα
1407 1403 1414 1412 ’
1430 1394 1648 1430 προσευχόμενοι
1672 1393 1718 1420 καὶ
1733 1393 1801 1428 περὶ

1005 1442 1085 1479 ἡμῶν
1103 1442 1159 1470 τῶν
1176 1441 1315 1470 ταπεινῶν
1347 1440 1385 1468 τὰ
1414 1440 1570 1476 κρείττονα
1597 1439 1648 1467 καί
1670 1439 1803 1474 ἐχόμενα

1005 1489 1168 1524 σωτηρίας.

1112 1546 1176 1573 ΣΙΛ¹
1195 1545 1245 1581 (6).
1256 1560 1293 1566 —
1302 1544 1447 1579 Εὐφημίῳ
1457 1543 1586 1578 Σάρᾶης.
1602 1541 1699 1580 [mea]

409 1597 543 1623 Abstinere
555 1605 568 1623 a
581 1601 657 1625 sacris
666 1600 835 1626 {unctionibus
846 1602 942 1628 debere
952 1610 1006 1634 eos,
1023 1603 1066 1635 qui
1081 1609 1138 1628 cum
1152 1599 1279 1627 haereticis
1291 1599 1543 1626 communicaverant.

201 1651 242 1679 Tu
254 1652 376 1687 quidem,
391 1660 408 1680 ο
423 1653 512 1688 beate,
530 1661 663 1683 consueta
682 1660 764 1684 utens
787 1657 954 1692 humilitate,

166 1706 218 1727 nos
241 1698 422 1727 inhonoratos
447 1700 539 1728 verbis
562 1701 659 1730 efferre
683 1710 738 1730 non
763 1703 878 1732 desinis.
901 1704 956 1733 Nos

167 1753 232 1772 vero
247 1745 328 1780 plane
342 1749 369 1772 te
395 1746 523 1773 novimus
546 1751 573 1773 et
585 1747 672 1774 basim
688 1748 764 1775 verbi
782 1756 853 1781 esse,
866 1754 893 1776 et
908 1750 957 1776 lir-

167 1796 337 1818 mamentum
367 1790 515 1818 Ecclesiae:
542 1793 715 1828 maximeque
746 1794 799 1821 hoc
822 1798 955 1829 tempore,

167 1837 278 1871 quando
304 1837 485 1864 deseruerunt
518 1845 569 1864 nos
596 1838 725 1873 hiatque
746 1839 785 1866 illi
813 1841 956 1874 conspicui

168 1881 275 1914 Patres,
309 1882 396 1917 gloria
426 1882 668 1917 orthodoxorum;
703 1888 786 1919 tuque
814 1886 886 1912 velut
913 1886 956 1912 fax

169 1935 254 1962 prope
273 1929 353 1955 unica
377 1928 522 1960 discurris,
544 1929 696 1963 praelucens
724 1930 758 1958 iis
770 1930 816 1966 qui
844 1931 871 1958 in
891 1933 958 1959 urbe

169 1973 339 2001 remissiores
363 1978 447 2001 sunt:
465 1974 566 2002 tuultos
592 1975 763 2008 illuminaus,
782 1976 851 2004 lucis
866 1977 955 2012 inopia

169 2020 353 2050 czrcutieutes,
368 2020 460 2055 plures
475 2021 508 2047 ad
524 2020 608 2048 Deum
628 2022 778 2056 adducens,
794 2031 841 2057 per
855 2025 958 2052 exube-

170 2072 286 2098 rantem,
303 2065 423 2093 fluminis
448 2067 592 2101 cujusdam
621 2067 720 2101 instar,
735 2069 892 2097 mellilluam
905 2069 956 2097 do-

168 2113 286 2139 ctrinam
309 2117 396 2139 tuam.
411 2112 511 2140 Verum
530 2119 558 2140 tu
573 2113 655 2141 nobis
670 2121 754 2149 porro
771 2117 956 2149 conserveris,

169 2159 212 2184 vir
244 2158 488 2191 desideratissime,
517 2159 573 2186 imo
600 2159 728 2187 Ecclesia:
750 2161 897 2194 universae,
922 2162 957 2190 ad

170 2205 399 2236 stabilimentum.
417 2205 595 2240 divinumque
606 2206 827 2234 exsultationem.
843 2207 880 2234 De
893 2216 956 2243 pre-

170 2252 280 2287 sbytero
291 2257 395 2284 autem,
406 2251 440 2279 de
455 2259 510 2286 quo
525 2252 674 2287 significari
686 2253 804 2287 jussisti,
819 2255 957 2289 quomodo

1044 1659 1080 1685 Σὺ
1094 1658 1154 1693 μὲν,
1171 1654 1193 1685 ὧ
1221 1656 1354 1692 μακάριε,
1375 1656 1409 1691 τῇ
1434 1654 1545 1689 συνήθει
1567 1651 1804 1688 ταπεινοφροσύνῃ

1009 1703 1150 1740 χρώμενος
1171 1702 1202 1729 οὐ
1224 1700 1417 1736 διαλιμπάνεις
1437 1697 1637 1733 ἀποσεμνύνειν
1649 1697 1723 1732 ἡμᾶς
1736 1696 1804 1727 τοὺς

1009 1750 1189 1784 ἀγεράστους.
1208 1747 1303 1782 Ἡμεῖς
1327 1745 1356 1772 δέ
1383 1753 1413 1771 σε
1442 1744 1531 1780 ἴσμεν,
1556 1743 1595 1775 ὠς
1618 1742 1736 1778 ἀληθῶς,
1753 1741 1805 1770 καὶ

1010 1794 1128 1829 κρηπῖδα
1151 1793 1198 1820 τοῦ
1230 1791 1322 1826 λόγου,
1346 1791 1394 1818 καὶ
1417 1790 1533 1826 ἔρεισμα
1555 1789 1606 1825 τῆς
1625 1787 1803 1823 Ἐκκλησιας·

1009 1840 1058 1866 καὶ
1078 1839 1197 1875 μάλιστά
1218 1847 1251 1874 γε
1280 1839 1354 1874 ἄρτι,
1368 1837 1487 1872 ὁπηνίκα
1503 1835 1713 1864 ἀπολελοίπασιν
1727 1834 1805 1870 ἡμᾶς

1009 1887 1024 1913 ὁ
1035 1886 1110 1913 δεῖνα
1127 1885 1174 1912 καὶ
1195 1886 1209 1912 ὁ
1230 1885 1313 1916 δεῖνα,
1328 1884 1352 1910 οἰ
1367 1883 1510 1918 διαφανεῖς
1524 1881 1658 1917 Πατέρες,
1677 1880 1707 1907 τὸ
1720 1880 1804 1912 κλέος

1009 1932 1064 1959 τῶν
1076 1931 1236 1967 ὀρθοδόξων,
1257 1931 1305 1958 καὶ
1318 1930 1356 1963 ὼς
1371 1927 1411 1961 εἷς
1429 1929 1523 1964 σχεδὸν
1537 1927 1642 1963 πυρσὸς
1659 1927 1806 1963 ὑπερλάμ-

1009 1988 1070 2006 πων
1081 1979 1136 2006 τῶν
1151 1978 1308 2014 ὑφειμένων
1330 1977 1449 2008 διαθέεις
1464 1976 1520 2003 τῶν
1532 1976 1562 2002 ἰν
1573 1975 1650 2002 ἄστει
1661 1982 1668 1990 ·
1686 1973 1805 2006 πολλοὺς

1011 2026 1061 2062 μὲν
1077 2025 1202 2061 φωτίζων
1223 2023 1421 2060 μυωπάζοντας
1438 2023 1470 2049 ὲκ
1484 2021 1675 2057 φωτολειψίας,
1691 2020 1806 2052 πλείους

1009 2072 1039 2100 δὲ
1064 2072 1211 2108 προσάγων
1231 2070 1272 2106 τῷ
1289 2069 1348 2105 Θεῷ
1373 2069 1417 2096 διὰ
1440 2070 1489 2104 τῆς
1511 2067 1723 2102 ἔπικλυζούσης,
1745 2064 1806 2093 οἷον

1012 2117 1127 2154 ῥεύματι
1142 2126 1204 2149 τινι,
1218 2115 1398 2152 μελισταγοῦς
1411 2115 1522 2150 διδαχῆς
1534 2123 1591 2142 σου.
1606 2113 1688 2141 Ἀλλά
1697 2113 1805 2148 φυλαχ-

1010 2164 1086 2199 θείης
1100 2163 1166 2199 ἡμῖν
1179 2163 1230 2195 ἔτι,
1245 2159 1268 2189 ὧ
1283 2161 1430 2197 τριπόθητε
1440 2169 1448 2177 ο
1463 2161 1494 2187 οὑ
1511 2161 1565 2196 μὴν
1580 2159 1649 2187 ἀλλά
1667 2159 1714 2186 καὶ
1726 2158 1805 2194 πάσῃ

1009 2212 1043 2246 τῇ
1063 2209 1223 2245 Ἐκκλησίᾳ,
1243 2209 1283 2241 εἰς
1299 2208 1450 2244 στηριγμόν
1473 2215 1503 2235 τε
1519 2206 1567 2234 καὶ
1585 2207 1656 2234 θεῖον
1667 2205 1804 2239 ἀγαλλία-

1012 2265 1059 2292 μα.
1077 2256 1145 2292 Περὶ
1163 2256 1191 2282 δὲ
1205 2252 1236 2282 οὗ
1253 2253 1443 2290 πρεσϐυτέρου
1458 2253 1605 2285 ἐκέλευσας
1619 2252 1742 2287 σημᾶναι
1758 2250 1806 2278 οὗ·

170 2307 200 2327 so
214 2300 321 2331 haheat,
337 2303 364 2326 et
375 2299 449 2334 quod
465 2299 622 2334 redemptus
638 2300 700 2327 sita
715 2300 873 2334 captivitate
891 2301 954 2328 bar-

1007 2312 1061 2336 τως
1069 2302 1117 2330 καὶ
1128 2301 1225 2334 οὕτως,
1243 2300 1312 2328 εἷναί
1330 2309 1361 2327 τε
1378 2300 1427 2327 καὶ
1437 2299 1658 2335 ὲκλελυτρῶσθαι
1672 2298 1721 2334 τῆς
1733 2298 1805 2333 βαρ-

172 2345 275 2376 harica,
288 2346 391 2373 erimus
406 2349 433 2372 et
451 2352 512 2378 nos,
529 2345 637 2380 singula
655 2345 691 2373 ab
716 2346 836 2380 ipsomet
855 2347 956 2374 edocti.

171 2391 224 2418 Sed
240 2391 280 2418 vir
298 2391 349 2418 iste
371 2399 421 2418 nec
433 2391 502 2424 vult,
525 2398 575 2418 nec
589 2392 702 2425 patitur,
720 2400 753 2419 ex
772 2399 870 2420 norma
888 2393 959 2420 inter

170 2447 222 2467 nos
243 2443 351 2474 recepta
375 2446 405 2466 se
428 2438 537 2475 corrigi.
564 2438 639 2466 Nosti
664 2440 750 2472 enim,
773 2439 828 2467 Deo
845 2440 956 2473 dilecte,

172 2486 310 2514 communi
325 2486 435 2514 calculo‘
448 2486 652 2519 confessorum,
667 2486 714 2521 qui
737 2490 785 2513 aut
801 2486 892 2514 adhuc
910 2494 959 2514 su-

171 2533 299 2567 perstites
321 2536 395 2562 sunt.
410 2536 457 2559 aut
477 2532 558 2567 paulo
572 2537 636 2559 ante
659 2532 692 2559 ad
716 2531 863 2559 Dominum
882 2532 960 2560 abie~

172 2581 248 2609 runt,
267 2582 398 2605 statutum
418 2585 490 2610 esse,
506 2582 536 2605 ut
564 2577 653 2605 saeris
670 2578 782 2610 initiati,
807 2578 852 2612 qui
875 2578 960 2606 semel

172 2623 200 2652 in
215 2625 341 2652 haeretica
362 2624 557 2652 communione
578 2624 741 2660 deprehensi
762 2623 875 2657 fuerint,
889 2632 903 2651 a
918 2632 962 2652 sa-

173 2678 220 2698 cra
244 2669 385 2697 iunctione
411 2671 520 2705 penitus
535 2675 693 2702 arceantur,
716 2670 807 2705 quoad
833 2670 961 2698 videlicet

173 2723 294 2752 superna
305 2715 483 2743 Providentia
497 2723 548 2743 nos
559 2715 700 2751 respiciat.
709 2715 743 2744 Et
762 2716 901 2752 quomodo
914 2723 962 2744 ca-

207 2776 230 2793 "
248 2775 328 2804 Josn.
341 2783 401 2809 xm,
415 2775 461 2803 '55.
499 2774 522 2791 "
535 2774 616 2804 Hebr.
635 2782 672 2809 Vl,
688 2774 715 2803 9.

1008 2349 1126 2385 6αρικῆς
1141 2347 1344 2382 αἰχμαλωσίας,
1357 2346 1489 2382 σύνισμεν
1516 2346 1585 2381 πρὸς
1606 2344 1688 2372 αὑτοῦ
1705 2344 1803 2371 τούτου

1006 2392 1111 2419 ἕκαστα
1140 2391 1381 2427 ἐκμεμαθηκότες.
1400 2390 1497 2417 ’Δλλ’ὁ
1511 2391 1582 2426 ἀνὴρ
1606 2390 1637 2417 οὐ
1663 2389 1803 2424 βούλεται,

1007 2438 1058 2466 εἰτ’
1073 2436 1119 2465 οὖν
1144 2437 1195 2465 οὒκ
1216 2437 1354 2472 ἀνέχεται,
1369 2435 1409 2471 τῷ
1423 2435 1484 2462 καθ’
1500 2436 1574 2471 ἡμᾶς
1588 2435 1667 2470 τύπῳ
1683 2443 1802 2461 κεκανο-

1008 2484 1108 2511 νίσθαι.
1128 2481 1214 2511 Οἶσθα
1234 2483 1301 2518 γὰρ,
1317 2481 1474 2517 θεοτίμητε,
1489 2481 1531 2508 ὅτι
1554 2482 1631 2516 κοινῇ
1648 2480 1731 2516 ψήφῳ
1746 2480 1803 2507 τῶν

1009 2539 1039 2557 τε
1053 2530 1092 2557 ἐτι
1109 2529 1180 2565 ὑπὲρ
1198 2529 1251 2564 γῆν
1277 2529 1372 2560 ὄντων,
1391 2528 1440 2554 καὶ
1458 2527 1513 2554 τῶν
1538 2527 1654 2564 ἔναγχος
1678 2527 1803 2561 ὲκδημη-

1011 2576 1115 2603 σάντων
1131 2575 1199 2610 πρὸς
1213 2574 1315 2610 Κύριον
1328 2573 1513 2609 ὀμολογητῶν,
1531 2572 1594 2604 τοὺς
1617 2571 1691 2604 ἅπαξ
1714 2572 1803 2598 ἑαλωο
1841 2603 1844 2607 ι

1010 2623 1091 2655 κότας
1105 2623 1139 2658 τῇ
1152 2622 1276 2658 αἱρετικῇ
1293 2620 1422 2656 κοινωνίᾳ
1437 2620 1604 2656 ιερωμὲνους
1622 2617 1730 2655 εἷρχθαι
1749 2619 1802 2654 τῆς

1011 2667 1177 2704 ἱερουργίας,
1195 2665 1348 2702 διώρισται,
1364 2665 1418 2697 ῑως
1431 2665 1553 2701 δηλονότι
1572 2665 1670 2701 καιροῦ
1686 2665 1801 2692 immo.

1011 2715 1066 2752 πῆς
1081 2715 1131 2752 τῆς
1144 2704 1249 2742 ἀνωθεν
1272 2711 1413 2748 προνοίας.
1431 2711 1487 2739 Καὶ
1499 2710 1558 2743 πῶς
1573 2710 1608 2739 ἂν
1619 2710 1802 2747 δυνηθείημεν

930 2817 1048 2847 ΝΟΤΕ.

210 2867 251 2904 (6)
271 2867 300 2896 In
312 2867 374 2896 cod.
394 2867 462 2903 Reg.
479 2867 538 2894 σιν.
