1927 3089
114 143 182 174 163'!

706 142 975 174 RPISTOLARUM
1003 143 1079 177 LIB.
1108 143 1150 175 ῙῙ.

1677 145 1745 179 1638

108 199 191 226 λῦσαι
211 198 259 225 ςδν
274 199 384 231 κανόνα,
399 196 447 225 καὶ
461 197 506 226 διὰ
520 197 571 233 τῆς
594 197 642 227 τοῦ
667 198 727 230 ινδς
743 198 901 234 παραδοχῆς

955 208 1052 229 nonem
1069 201 1173 229 violare
1182 201 1330 236 possimus,
1341 209 1375 231 ae
1384 209 1433 238 per
1442 201 1642 238 susceptionem
1650 205 1744 238 unius,

107 245 192 281 νόμον
212 244 260 271 ιπὶ
280 243 405 275 ἅπαντας
427 244 493 276 τοὺς
520 243 736 280 πρωιργμένους
762 245 877 271 ἁποῖσαι
889 264 900 278 ,

109 292 163 319 κάν
174 290 264 326 τούτῳ
278 289 427 317 ὑπεναντία
438 290 487 325 μὲν
502 289 601 325 δρᾶσαι
620 289 659 325 τῷ
678 289 744 325 θείῳ
762 289 842 325 ἡμῶν
858 290 905 317 καὶ

110 338 268 373 πρωνιάρχῳ
287 335 470 372 καθηγεμόνιο
487 336 529 363 ὅτι
548 336 615 372 μηδὲ
630 335 724 367 ἁπλῶς
743 336 827 368 αὐτὸς
841 336 906 368 τοὺς

109 383 250 415 τοιούτους
271 383 394 416 εὐλογεῖν
413 382 508 417 κοινὴν
529 381 630 417 βρῶσιν
650 382 779 417 ἀνέχεται
793 391 800 398 ·
815 383 852 419 μὴ
863 383 904 410 ὅτι

109 437 143 463 γε
158 428 240 455 πλέον
261 437 288 455 τι
301 429 423 464 ὲνεργεῖν
439 427 585 463 ίερατικῶς
594 436 601 444 ⁸
613 428 677 460 τοὺς
698 427 794 460 ἄλλους
806 436 836 454 τε
849 427 905 455 τῶν

109 474 287 510 δμολογητῶν
302 474 491 507 σκανδαλίσαι,
503 475 553 501 καὶ
567 474 679 501 ὑποϊσαι
692 474 828 510 διχόνοιαν
839 474 904 507 τοὺς

110 519 257 555 ἀκριϐείας
272 518 470 554 ἀντεχομένους
481 526 490 552 ;

148 619 208 647 Κᾶν
219 627 291 651 τινες
307 619 372 651 ίσως
386 618 510 654 ἔφθασαν
523 619 556 655 τῇ
570 618 631 646 κατ’
646 618 748 651 αὐτοὺς
764 618 904 655 διακρίσει

109 665 155 692 διὰ
170 665 202 691 τὸ
218 665 311 691 στενὸν
326 664 373 691 τοῦ
392 665 501 700 χρόνου.
517 665 610 692 καὶτὸ
630 665 685 692 τῶν
699 665 903 700 ἐπιζητούντων

110 712 324 746 ἁναγκαστικὸν,
347 711 425 743 τινὰς
450 711 505 738 τῶν
529 711 725 748 πρεσὸυτέρων
757 712 827 747 μετὰ
853 711 903 747 τὴν

110 757 256 792 ἐπιτιμίαν
285 756 503 784 ἀπολελυκέναι·
529 757 595 792 ἡμῖν
623 757 652 784 δὲ
681 757 806 793 οὐδαμῶς
821 757 902 785 τοῦτο

111 803 335 839 κατεργάσασθαι
357 803 424 838 ἄτερ
447 802 495 829 τοῦ
515 802 665 838 προέδρου·
679 803 722 830 δτι
751 804 799 830 καὶ
824 811 904 839 νομι-

111 851 193 877 στέον
207 847 237 877 εὖ
253 850 325 885 ἔαειν
336 849 383 876 τὸν
399 850 478 884 λόγον
492 850 542 884 τῆς
563 849 741 885 καθείρξεως.
768 849 824 876 Ποῦ
847 849 903 886 γὰρ

111 896 211 931 φανείη
230 896 261 922 τὸ
275 895 404 931 διάφορον
419 895 475 921 τῶν
490 895 687 931 προδωσάντων
698 895 749 931 τὴν
763 895 902 931 ἀλήθειαν,

111 941 161 968 καὶ
179 941 236 976 μή;
251 941 305 967 τῶν
328 940 461 975 γενναίως
482 941 683 976 ἐνηθληκότων,
698 941 746 969 καὶ
771 941 904 977 μηδαμῶς

111 987 249 1022 ἑλομένων
273 987 344 1023 ὑπὲρ
370 987 418 1014 τοῦ
445 986 528 1014 καλοῦ
555 987 719 1022 τληπαθεϊνς
743 987 798 1015 Καὶ
820 987 873 1014 ποῦ
889 987 905 1014 ὀ

111 1033 233 1068 Χριστὸς
252 1033 299 1060 καὶ
311 1034 325 1060 ὁ
342 1032 452 1065 Βελίαλ,
468 1032 499 1059 τὸ
517 1032 575 1067 φῶς
588 1033 636 1060 καὶ
652 1033 683 1060 τὸ
697 1033 807 1065 σκότος·
823 1032 904 1069 εῐπερ

111 1078 217 1114 ἀναμὶξ
229 1079 265 1106 τὰ
282 1079 382 1112 πάντα,
399 1079 447 1105 καὶ
462 1079 516 1114 πρὸ
528 1079 646 1114 κρίσεως
674 1079 828 1115 συνοδικῆς,
842 1078 904 1114 κρί-

113 1133 177 1156 σις·
193 1125 242 1154 καὶ
260 1125 313 1160 πρὸ
328 1125 451 1161 εἰρήνης,
475 1124 590 1161 εἰρήνης
614 1125 765 1160 Ἀπόμοτον
778 1124 869 1158 τοῦτο.
880 1121 905 1152 ὦ

113 1171 246 1207 nuth
271 1171 412 1207 κράτιστε,
435 1171 475 1203 ὡς
501 1171 568 1206 ἡμῖν
584 1179 617 1206 γε
634 1171 728 1198 δοκεῖ·
743 1170 871 1207 ιῐτιοιμιν
880 1171 904 1200 δ’

113 1217 148 1243 ἂν
225 1218 258 1252 τῇ
269 1216 391 1252 ἀληθείᾳ.
413 1216 555 1251 Ἁριετόν
570 1225 605 1251 τε
622 1216 663 1249 τῷ
674 1217 798 1251 τοιούτῳ
809 1217 828 1252 ἡ
839 1217 905 1245 ἐπι-

111 1261 196 1295 τιμία
206 1261 282 1295 αὕτη
299 1261 318 1295 ἠ
334 1262 392 1289 ὑπὸ
406 1260 466 1288 τῶν
479 1261 640 1295 πλειόνων,
649 1261 687 1294 ὥς
697 1270 782 1298 φησιν
792 1263 807 1290 ὁ
823 1263 906 1290 Ἀπό-

113 1307 208 1339 στολος
217 1327 225 1340 ,
235 1308 276 1340 ὼς
292 1307 379 1342 ἄνμὴ
389 1306 426 1341 τῇ
437 1307 637 1342 περισσοτέρᾳ
646 1308 732 1342 λύπῃ
748 1309 906 1345 καταποθῇ

113 1354 131 1380 ὁ
143 1352 289 1385 τοιοῦτος.
303 1352 340 1379 οὐ
361 1352 416 1387 μὴν
428 1353 581 1388 προακτέον
591 1353 632 1385 είς
643 1352 689 1379 τὸν
701 1353 749 1388 ἀφ’
762 1350 793 1381 οὗ
809 1354 904 1390 είρχθη

112 1399 158 1425 διὰ
172 1398 223 1434 τὴν
245 1398 403 1433 παράϐασιν
419 1397 534 1433 βαθμὸν,
561 1397 615 1430 ἕως
641 1397 689 1425 τοῦ
713 1398 820 1432 δέοντος
842 1408 905 1427 και-

114 1445 179 1481 ροῦ·
199 1445 243 1472 ἵνα
260 1444 308 1471 καὶ
322 1445 352 1471 τὸ
362 1444 410 1471 τοῦ
426 1444 671 1480 πλημμεληθέντσκ
683 1443 753 1478 εἶδος
769 1445 810 1473 ἑτι
825 1446 905 1474 κολά-

113 1491 188 1524 ζοιτο
199 1490 511 1527 παραπληκτικώτερον,
525 1491 573 1518 καὶ
587 1492 602 1518 ὁ
615 1491 665 1527 τῆς
683 1491 824 1526 ὐγιώσεως
843 1493 906 1530 τρό-

954 246 1040 282 legem
1057 248 1182 275 eamdem
1196 247 1230 275 ad
1241 255 1337 276 omnes
1348 248 1404 284 jam
1420 249 1561 277 abstentos
1577 249 1744 282 transferre;

954 298 1037 328 atque
1049 293 1142 321 hacin
1158 301 1197 326 re,
1218 295 1359 322 contraria
1375 302 1456 330 agere
1475 296 1570 323 divino
1593 302 1620 323 et
1640 297 1744 330 prima-

954 339 997 367 rio
1008 340 1173 368 moderatori
1193 345 1288 368 nostro
1303 340 1416 376 (quippe
1431 341 1478 375 qui
1496 342 1564 369 tales
1575 350 1609 369 ne
1620 349 1745 370 commu-

954 394 1017 414 nem
1034 386 1144 422 quidem
1163 387 1255 414 cibum
1268 387 1429 414 benedicere
1454 387 1556 422 patitur
1573 397 1581 421 ;
1600 389 1698 416 nedum
1715 395 1746 417 ut

953 431 1072 467 amplius
1091 431 1231 467 quidpiam
1257 432 1436 460 sacerdotalis
1450 433 1571 460 numeris
1590 441 1744 468 exsequan-

955 477 1022 510 tur),
1040 477 1155 512 reliquis
1167 477 1247 504 etiam
1264 476 1470 504 cautessoribus
1483 476 1613 504 seandalo
1632 485 1703 507 esse.
1718 481 1745 504 et

953 521 1135 550 dissensionis
1145 530 1256 550 causam
1272 523 1392 558 praebere
1403 522 1448 554 iis,
1463 522 1510 557 qui
1525 529 1685 550 accuratam
1700 531 1745 551 re-

953 569 1043 596 tinent
1059 569 1253 604 disciplinam?

989 613 1045 642 Etsi
1062 620 1153 642 autem
1166 614 1223 650 jam
1240 614 1325 649 aliqui
1342 614 1460 642 fortasse
1475 614 1528 642 tale
1544 615 1578 642 de
1592 614 1646 641 illis
1656 614 1743 642 tulere

951 659 1097 696 judicium.
1112 666 1224 695 propter
1242 660 1373 695 temporis
1402 660 1557 695 angustias,
1574 665 1600 687 et
1620 660 1745 695 ﬂagitan-

954 707 1023 734 tium
1039 706 1212 738 violentiam,
1232 711 1262 732 ut
1273 706 1450 741 presbyteros
1470 705 1603 740 quosdam
1619 714 1666 740 per
1687 713 1744 740 pa:-

954 753 1097 780 nitentiam
1122 753 1314 780 absolverent:
1336 752 1417 780 nobis
1447 756 1538 779 tamen
1563 752 1638 779 nullo
1663 751 1743 778 modo

954 798 980 826 id
1001 798 1057 826 fieri
1071 798 1158 833 placet
1169 797 1277 833 injussu
1305 799 1437 826 antistitis
1450 808 1457 826 :
1471 798 1536 833 quia
1552 798 1744 833 proliihitionis

953 850 1065 872 causam
1080 843 1228 879 legitimam
1238 851 1308 875 esse.
1320 851 1433 872 censare
1448 844 1590 871 debemus.
1606 843 1657 871 Ubi
1670 843 1743 870 enim

919 885 939 913 Β
955 890 1076 917 cluceret
1093 889 1240 917 discrimen
1258 889 1367 917 Illorum
1390 890 1437 924 qui
1461 890 1603 917 veritatem
1617 888 1743 922 ιιγοιίὶω-

954 940 1029 967 runt,
1046 940 1072 962 et
1087 943 1181 962 eorum
1198 935 1244 970 qui
1264 943 1319 962 non
1347 935 1553 970 prodiderunt?
1577 943 1672 962 eorum
1695 935 1743 971 qui

954 986 1091 1010 certamen
1108 986 1220 1009 strenue
1245 982 1444 1014 sustinuerunt,
1470 987 1606 1009 eteorum
1632 983 1677 1017 qui
1695 989 1744 1009 nec

953 1027 1018 1056 boni
1031 1028 1194 1062 honestique
1214 1028 1304 1055 stutlio
1318 1028 1385 1055 dura
1405 1028 1507 1063 perpeti
1525 1028 1692 1055 voluerunt?
1708 1027 1742 1055 Et

955 1074 1066 1102 ubinam
1083 1075 1211 1103 Christus
1226 1080 1252 1102 et
1275 1073 1369 1108 Belial,
1391 1075 1437 1101 lux
1457 1079 1484 1101 et
1498 1075 1626 1106 tenebrae,
1642 1075 1664 1101 si
1675 1083 1742 1102 con-

955 1120 1089 1148 fusasunt
1101 1120 1211 1149 omnia:
1225 1124 1252 1148 et
1265 1125 1328 1147 ante
1342 1121 1505 1156 synodicum
1529 1120 1679 1155 judicium,
1699 1120 1745 1155 ju—

955 1167 1078 1200 dicium;
1102 1171 1130 1194 et
1143 1171 1207 1194 ante
1223 1174 1330 1203 pacem,
1349 1166 1423 1202 pax?
1444 1165 1592 1194 Vitandum
1617 1168 1679 1198 hoc.
1694 1167 1746 1194 Pa-

955 1217 1027 1241 trum
1051 1213 1164 1248 optime,
1187 1217 1218 1240 ut
1243 1212 1323 1239 nobis
1344 1213 1456 1248 quidem
1483 1213 1601 1246 videtur,
1626 1214 1744 1241 dixerim

954 1266 1058 1292 autem,
1087 1261 1170 1288 etiam
1199 1259 1330 1287 veritati:
1361 1258 1463 1294 Sat/ﬁcit
1482 1259 1524 1286 illi
1542 1260 1587 1295 qui
1610 1260 1746 1295 ejusmodi

954 1311 1004 1339 est.
1019 1306 1170 1342 obiurgatio
1183 1306 1237 1333 haec
1247 1314 1307 1341 qua!
1320 1306 1349 1341 ﬁt
1365 1314 1380 1332 a
1391 1305 1524 1340 pluribus,
1535 1311 1561 1333 ul
1576 1307 1615 1333 ait
1628 1307 1746 1340 Aposto-

954 1353 1016 1387 lus,
1034 1361 1065 1380 ne
1083 1353 1151 1388 forte
1169 1352 1359 1380 abundantiori
1377 1352 1489 1379 tristitia
1509 1353 1683 1380 absorbeatur
1701 1353 1745 1388 qui

954 1399 1086 1432 eiusmodi
1101 1403 1139 1425 est
1155 1398 1189 1425 ".
1208 1397 1261 1426 Sed
1289 1398 1316 1425 in
1331 1405 1394 1426 eum
1421 1398 1549 1433 gradum,
1581 1407 1595 1426 a
1620 1406 1675 1434 quo
1699 1407 1747 1433 per

955 1444 1208 1480 praevaricationem
1225 1443 1335 1476 decidit.
1355 1444 1541 1472 restituendus
1556 1451 1609 1471 non
1624 1449 1666 1471 est
1682 1448 1746 1471 ante

955 1489 1085 1518 idoneum
1099 1494 1206 1524 tempus
1221 1493 1271 1522 ;ut
1282 1493 1308 1516 et
1319 1488 1366 1524 qui
1381 1489 1504 1524 deliquit,
1520 1490 1642 1517 severius
1657 1490 1752 1520 adhuc

113 1545 165 1567 πος
178 1536 354 1571 ὑποφαίνοιτο
367 1536 411 1564 διὰ
430 1537 480 1572 τῆς
492 1536 655 1572 προλήψεως
672 1537 703 1565 τδ
719 1538 810 1566 ίκανδν
823 1538 903 1575 ἔχων.

956 1537 1105 1572 puniatur;
1126 1540 1154 1564 et
1167 1535 1320 1563 sanationis
1344 1535 1442 1563 modus
1458 1536 1484 1563 id
1513 1537 1585 1570 quod
1613 1537 1680 1564 satis
1699 1536 1744 1569 sit,

114 1583 146 1609 Εί
164 1583 213 1609 καὶ
228 1583 270 1609 ὃτι
283 1582 412 1618 ὲξαίρετά
423 1591 483 1611 τινα
500 1586 562 1611 κατ’
575 1583 707 1619 ἀπορίαν,
717 1585 754 1620 μὴ
770 1585 905 1621 παρόντος

114 1628 299 1663 σεσωσμένου,
325 1628 535 1664 συγκεχώρηται
560 1628 626 1664 δρᾷν
652 1629 809 1665 ίερατικῶς,
825 1629 843 1657 ἅ
858 1631 905 1657 καὶ

115 1675 312 1701 συνεπίσταται
329 1675 346 1710 ή
362 1674 501 1710 τελειότης
517 1684 575 1708 σου,
588 1676 602 1702 ὁ
615 1675 665 1711 ἤδη
682 1676 828 1711 είργμένος
839 1675 905 1703 ταύ-

113 1727 158 1755 τῃ.
181 1720 251 1746 Ἀλλ’
265 1719 320 1746 οἷον
336 1721 378 1747 ὅδε
404 1722 419 1748 ὁ
435 1721 621 1757 πρεσϐύτερος
632 1722 679 1748 καὶ
690 1721 743 1757 πρὸ
754 1721 808 1748 τῶν
825 1721 904 1758 [Cod.

115 1766 184 1802 Reg.
198 1765 258 1802 τῆς]
285 1767 435 1802 Βαρϐάρων
462 1767 645 1803 πεπραγμένα
669 1768 745 1804 αὐτῷ
772 1769 902 1802 συννοῶν,

116 1812 163 1839 και
180 1813 218 1844 ὡς
238 1813 353 1845 πολλοὺς
372 1814 435 1849 τῇδε
467 1814 596 1849 ἐφώτισε,
613 1815 661 1842 καὶ
677 1814 743 1848 δεῖν,
762 1815 840 1849 φασὶ,
860 1814 905 1842 διὰ

116 1859 208 1885 πάντα
224 1859 311 1886 ταῦτα
328 1859 475 1895 λελυμένον
491 1859 572 1894 εἶναι,
599 1861 650 1888 οὐκ
675 1862 805 1896 ἠνέσχετο
821 1861 905 1888 ὑπελ-

115 1903 173 1930 θεῖν
187 1904 362 1939 ὁμοιοπαθῶς
380 1906 436 1937 τοῖς
449 1905 567 1932 ενταῦθα
586 1907 719 1942 είρχθεῖσι
731 1915 739 1923 ·
759 1907 802 1934 διὸ
818 1915 906 1943 παρα-

115 1951 317 1986 κεχωρήκαμεν
327 1950 404 1986 αὐτῷ
418 1951 453 1978 τὰ
467 1953 527 1978 κατ’
540 1952 630 1984 αὑτὸν,
642 1952 680 1984 ὡς
692 1953 725 1980 ἂν
741 1953 907 1989 διακρίνοιτο

117 1996 221 2030 πρᾶξαι
231 2004 238 2011 ·
253 1996 314 2023 οὔτε
330 1997 472 2031 λύσαντες,
487 1998 550 2025 οὔτε
564 1997 714 2034 εἴρξαντες.
734 2000 860 2036 Ἐρῤωσο
875 2000 905 2027 ὲν

116 2042 222 2077 Κυρίῳ,
248 2041 437 2078 ὑπερεύφημε,
465 2044 545 2079 ἡμεῖς
569 2053 598 2071 τε
629 2045 677 2072 καὶ
699 2045 723 2072 οἱ
751 2045 906 2082 μεθ’ήμῶν

115 2088 227 2121 ἀδελφοὶ
245 2089 358 2115 πλεῖστα
374 2089 628 2126 προσαγορεύομεν.

183 2143 255 2172 ΣΙΒί.
273 2145 312 2180 ('l)
331 2160 366 2166 -—
389 2145 513 2180 Ἰωάννῃ
540 2146 748 2182 Γραμματικῷ.
774 2148 853 2181 ωλς¹.

955 1590 1003 1619 per
1025 1582 1247 1617 anticipationem
1268 1581 1398 1609 habuisse
1426 1581 1561 1609 videatur.
1583 1581 1744 1617 Quanquam

955 1629 1104 1664 peculiaria
1115 1628 1238 1664 quaedam
1246 1628 1282 1655 ob
1294 1628 1424 1662 inopiam,
1438 1629 1502 1663 quia
1516 1629 1643 1656 innoxius
1653 1629 1747 1656 aderat

956 1675 1049 1702 nullus
1062 1694 1069 1707 ,
1097 1673 1249 1702 sacerdotis
1265 1673 1320 1700 ritu
1344 1674 1420 1701 obire
1434 1674 1585 1709 permissus
1603 1680 1643 1701 est
1663 1675 1746 1710 (quod

955 1725 982 1748 et
996 1720 1157 1756 perfectioni
1171 1724 1226 1747 tum
1241 1724 1337 1747 notum
1351 1725 1415 1754 est),
1426 1720 1449 1747 is
1463 1721 1520 1755 ipse
1535 1720 1580 1755 qui
1596 1729 1669 1748 nunc
1683 1728 1747 1756 pro-

956 1766 1075 1794 hibetur.
1093 1765 1206 1801 Verum,
1221 1767 1285 1802 quia
1301 1766 1346 1794 hic
1359 1767 1510 1802 presbyter.
1523 1767 1677 1802 intelligens
1686 1775 1748 1801 quae

955 1813 1028 1849 apud
1046 1813 1183 1841 Barbaros
1204 1819 1309 1849 egerat.
1324 1820 1352 1842 et
1367 1815 1438 1849 quod
1463 1815 1564 1841 multos
1590 1815 1625 1841 ibi
1655 1815 1747 1849 bapti-

955 1863 1057 1891 zasset,
1071 1860 1199 1894 quodque
1216 1864 1325 1895 propter
1340 1861 1396 1887 haec
1409 1860 1501 1887 omnia
1517 1859 1688 1887 absolutian
1705 1861 1746 1886 iu-

955 1905 1071 1941 digeret,
1097 1906 1234 1934 recusavit
1249 1907 1343 1934 eadem
1361 1907 1455 1934 subire
1480 1914 1540 1941 quae
1563 1907 1609 1941 qui
1638 1906 1682 1933 hic
1698 1907 1747 1933 ab—

957 1952 1039 1980 stenti
1051 1957 1114 1980 sunt
1128 1960 1136 1979 :
1149 1953 1254 1980 idcirco
1271 1953 1445 1988 permisimus
1467 1953 1505 1980 illi
1521 1957 1551 1979 ut
1563 1960 1607 1980 res
1623 1961 1687 1979 suas
1698 1960 1747 1987 pro

958 1998 1072 2025 arbitrio
1085 2006 1136 2026 suo
1167 2004 1274 2033 ageret,
1301 2007 1350 2026 uec
1365 1999 1501 2026 solventes
1517 1999 1605 2030 illum.
1624 2006 1672 2025 nec
1686 2007 1749 2033 pro-

959 2043 1095 2072 hibentes.
1119 2043 1182 2071 Vale
1195 2045 1223 2071 in
1246 2045 1375 2078 Domino,
1396 2045 1438 2072 vir
1466 2045 1664 2072 laudatissime.
1682 2043 1747 2075 Nos,

959 2095 986 2119 et
998 2091 1045 2126 qui
1061 2091 1202 2119 nobiscum
1217 2095 1281 2119 sunt
1295 2091 1405 2122 fratres,
1422 2092 1571 2126 plurimum
1585 2091 1746 2118 salutamus.

1099 2148 1190 2176 CCXI.
1205 2162 1240 2170 —
1251 2147 1352 2175 Joanni
1366 2147 1549 2175 Grammatico
1563 2150 1608 2184 (⁸).

278 2202 347 2233 Quod
358 2203 453 2229 adorari
473 2204 564 2230 debeat
581 2204 661 2237 imago
672 2205 771 2236 Christi,
790 2213 839 2231 non
851 2205 923 2232 latria
936 2207 994 2237 coli,
1006 2207 1051 2231 sed
1064 2206 1186 2237 Christus,
1198 2205 1242 2237 qui
1257 2207 1284 2231 in
1300 2213 1331 2231 ea
1347 2207 1451 2232 relative
1463 2207 1587 2231 adoratur.

152 2253 243 2289 Χάριν
256 2254 380 2290 ὁμολογῶ
397 2256 437 2292 τῷ
452 2257 523 2293 ἁγίῳ
535 2257 606 2293 Θεῷ,
624 2258 665 2284 ὅτι
682 2266 729 2285 σου
738 2257 903 2294 ὴκουτίσθην

994 2258 1114 2287 Gratiam
1137 2258 1224 2286 habeo
1242 2258 1296 2285 Deo
1325 2263 1432 2291 sancto,
1445 2260 1518 2294 quod
1535 2258 1576 2285 vel
1605 2265 1667 2286 sero
1687 2261 1747 2285 tan-

116 2301 142 2326 εί
157 2300 204 2327 καὶ
220 2300 268 2336 ὀψὲ
285 2302 331 2328 τοῦ
351 2303 449 2338 καιροῦ
467 2304 516 2337 τὴν
531 2304 612 2339 φίλην
625 2305 733 2339 φωνήν·
751 2305 781 2332 οὐ
801 2306 857 2339 γὰρ
873 2304 907 2332 ἂν

117 2346 226 2380 εἴποιμι
241 2347 322 2382 χάριν
331 2348 422 2381 εὑρεῖν
433 2348 471 2384 τῷ
482 2348 584 2384 ταύτην
600 2349 739 2384 ἅσυφὶλως
753 2349 827 2386 [cod.
837 2350 905 2385 Reg.

117 2392 244 2428 ἁσυφίλῳ
267 2394 416 2430 προπετείᾳ
443 2394 614 2431 διακόψαντι]
644 2396 777 2431 πρότερον
809 2396 904 2423 διακό-

116 2437 212 2472 ψαντι.
236 2438 307 2465 Ἀλλ’
322 2440 415 2475 ἐπειδὴ
428 2440 496 2476 ὁμοῦ
512 2443 546 2476 τῇ
560 2441 701 2477 ἀποσκευῇ
718 2443 767 2477 τῆς
781 2441 871 2478 λύπης
887 2443 903 2478 ή

118 2484 188 2518 σοφή
206 2492 252 2510 σου
269 2485 408 2521 τιμιότης,
423 2488 470 2513 καὶ
484 2487 532 2513 τὸν
542 2488 608 2522 περὶ
621 2487 672 2522 τῆς
686 2489 789 2524 σεπτῆς
800 2489 904 2520 εἰκόνος

117 2529 168 2556 τοῦ
183 2530 303 2565 Χριστοῦ
323 2531 401 2566 λόγον
413 2532 610 2568 ἀντεξήγαγεν,
628 2533 716 2560 ἐκεῖνο
735 2533 789 2568 ἔχω
807 2533 908 2567 λέγειν,

118 2572 142 2603 ὧ
155 2577 316 2613 τριπόθητε,
332 2578 375 2605 ὃτι
402 2579 615 2616 συνηγοροῦσαν,
634 2580 694 2607 ἀλλ’
716 2580 766 2607 οὐκ
794 2580 909 2615 ἀντηγο-

120 2622 224 2659 ροῦσαν
243 2626 299 2657 τοῖς
324 2625 393 2660 πρὸς
413 2626 482 2661 ἐμοῦ
514 2626 735 2662 ἀπεσταλμένοις
756 2627 839 2653 πάλαι
858 2627 908 2663 τὴν

119 2667 236 2704 ιναγχός
250 2678 298 2696 σου
309 2671 456 2706 ἐπιστολὴν
464 2671 669 2707 συμϐαίνουσαν
682 2668 772 2708 εὗρον.
793 2671 907 2708 Ὁμολο-

157 2737 181 2754 ⁹¹
198 2737 221 2765 ll
235 2738 301 2767 Cor.
318 2747 348 2773 It,
358 2739 386 2772 6.
399 2739 430 2768 -7.

956 2304 1018 2332 dem
1037 2303 1149 2330 amicam
1179 2311 1273 2330 vocem
1300 2306 1376 2330 tuam
1407 2304 1565 2331 audierim:
1595 2310 1645 2330 nec
1675 2303 1747 2330 enim

956 2349 1071 2377 dixerim
1084 2350 1198 2384 gratiam
1214 2350 1313 2377 habere
1327 2357 1369 2377 me
1394 2350 1430 2382 ei,
1447 2350 1493 2384 qui
1509 2350 1579 2376 hanc
1598 2353 1677 2376 antea
1691 2355 1749 2376 tur-

955 2397 1026 2432 piter
1049 2396 1170 2424 discidit.
1198 2396 1233 2422 At
1256 2396 1386 2431 quoniam
1416 2395 1508 2428 simul,
1535 2403 1596 2423 cum
1624 2395 1747 2422 dolorem

956 2443 1102 2477 deponeret
1133 2441 1242 2476 sapiens
1270 2443 1423 2469 reverentia
1447 2447 1504 2474 tua,
1531 2442 1565 2469 de
1593 2443 1748 2468 veneranda

954 2487 1037 2515 etiam
1064 2488 1181 2523 imagine
1204 2487 1306 2515 Christi
1337 2496 1491 2516 sermonem
1533 2487 1627 2522 injecit
1647 2506 1656 2520 ,
1696 2488 1749 2514 hoc

957 2534 1043 2562 habeo
1054 2534 1154 2566 dicere,
1177 2535 1219 2562 vir
1233 2535 1475 2566 desideratissime,
1496 2534 1674 2569 patrueiuari,
1693 2541 1748 2560 non

957 2581 1153 2613 contradicere,
1176 2587 1204 2608 et
1223 2580 1257 2609 iis
1271 2588 1332 2616 que
1348 2589 1365 2608 a
1383 2588 1427 2608 me
1453 2580 1556 2608 dudum
1583 2581 1666 2607 missa
1684 2584 1749 2607 sunt

957 2627 1095 2654 coherere
1120 2627 1208 2654 visam
1238 2634 1300 2654 esse
1324 2627 1476 2662 proximam
1495 2626 1636 2661 epistolam
1661 2631 1748 2653 tuam.

957 2672 1105 2700 Conﬁteris
1121 2672 1209 2707 enim,
1227 2672 1306 2708 juxta
1319 2671 1486 2708 prastitutas
1500 2672 1548 2700 tibi
1563 2670 1750 2707 propositiun-

890 2795 1008 2826 NOTAE.

158 2874 199 2910 (τ)
209 2874 240 2903 In
249 2873 311 2904 eod.
321 2904 322 2907 η
333 2874 399 2910 nu.
413 2879 473 2904 σιιι.

974 2877 1013 2913 (⁸)
1028 2877 1197 2912 Βοσωιιίσι.
