1927 3089
193 139 263 170 1639

788 146 819 176 S.
834 145 1032 176 THEODORI
1049 146 1228 177 STUDITAE

1753 146 1818 177 1640

191 197 278 230 eulas,
296 203 405 224 omnem
427 197 572 233 imaginem
596 207 657 228 esse
679 200 922 229 demonstrativam
939 203 969 229 al-

1030 203 1172 238 γουμένως
1188 204 1241 238 γὰρ
1254 203 1324 229 κατὰ
1338 202 1374 229 τὰ
1396 200 1638 238 προσκευασθέντα
1654 209 1695 228 σοι
1709 201 1818 236 λημμά-

192 243 288 275 tcrius,
310 243 439 271 nimirum
465 247 599 282 prototypi
624 256 631 274 :
656 255 698 280 ac,
717 248 739 275 si
754 256 787 276 ex
805 253 864 275 arte
885 257 978 284 gram-

192 289 291 316 matica
314 290 479 324 loquendum
507 298 558 324 est,
576 293 628 320 hoc
653 294 795 322 relativum
813 295 874 327 erit.
904 295 978 330 quod

190 336 379 365 similitudinis
396 337 618 373 signiﬁcativum,
635 345 662 366 et
676 340 932 374 demonstrativum,
950 346 977 370 et

189 383 440 416 reprtesentativum
452 385 613 418 appellatur.
628 385 782 418 Quinetiam
801 394 854 414 non
876 392 905 414 ut
920 395 978 414 ma-

190 428 264 455 teriae
278 428 449 456 tribuendam
464 438 524 457 esse
534 431 721 459 adorationem
735 433 847 467 imagini
861 433 976 464 Christi,

187 474 235 501 sed
263 478 293 501 ut
320 473 430 502 Christo
457 476 532 510 ipsi:
566 476 702 511 siquidem
735 478 822 505 honor
850 479 976 514 imaginis

187 519 310 547 ascendit
324 520 356 547 ad
373 525 559 556 prototypum,
599 523 745 555 subducta,
773 532 820 559 per
839 525 975 552 actionem

188 566 297 598 mentis,
315 567 428 597 materia
446 575 478 594 ex
493 568 651 596 charactere
665 569 710 602 qui
729 569 755 596 in
775 577 806 597 ea
829 570 973 598 formatur.

187 610 220 638 Et
231 611 315 639 latria:
330 613 403 640 eultu
420 613 564 641 deferenda
588 619 639 647 est.
657 621 685 643 ut
702 616 753 649 ais,
770 617 896 645 adoratio
909 617 975 645 Ser-

186 659 271 685 vatori
299 660 417 693 Christo,
444 665 471 688 et
493 667 555 689 ante
569 670 689 695 carnem,
709 668 736 690 et
761 670 822 698 post
847 665 976 692 incarna-

186 704 288 731 tionem
304 713 311 738 ;
328 710 355 732 et
369 711 431 733 ante
447 707 605 742 imaginem,
623 713 650 736 et
667 717 714 743 per
727 709 799 736 illam
819 719 825 737 :
841 718 892 738 nec
907 719 973 738 sana

185 755 277 778 mente
302 752 448 788 quisquam
469 759 520 785 est,
545 755 650 789 opinor,
669 755 714 790 qui
732 755 796 783 huic
814 761 886 784 recte
905 766 973 785 cou-

185 799 287 825 stitutze
312 799 443 827 doctrina!
461 808 490 828 se
508 805 636 835 opponat.
661 801 712 829 Sed
731 807 758 830 et
773 804 916 838 exemplis,
931 804 972 832 vel

185 845 250 871 solis
269 845 302 872 ad
316 853 414 880 aquam
430 847 471 874 vel
489 847 616 882 trianguli
640 848 838 882 immaterialis,
855 851 906 878 hoc
919 856 970 884 est,

184 890 378 923 mathematici,
395 892 428 919 ad
450 893 630 926 materialem,
646 901 698 921 non
713 894 820 922 videtur
841 896 971 924 insisten-

183 937 259 964 dum.
278 936 414 970 Quoniam
434 947 480 974 per
500 939 673 974 hypothesim
689 941 713 969 si
732 948 867 975 sumatur,
893 943 974 972 latria

182 983 325 1010 colendum
353 991 415 1012 esse
445 985 541 1019 solem,
567 992 594 1014 et
622 986 736 1022 figuram
766 989 972 1024 triaugularem,

181 1030 343 1065 priusquam
359 1031 401 1058 vel
418 1031 463 1058 ille
485 1032 511 1058 in
528 1033 607 1067 aquis
626 1033 718 1066 micet,
736 1035 776 1062 vel
796 1035 853 1062 haec
869 1035 896 1062 in
916 1043 974 1063 ma-

181 1077 248 1104 teria
273 1083 421 1105 cernatur:
443 1078 619 1107 manifestum
645 1084 698 1111 est,
721 1081 803 1108 etiam
827 1088 972 1117 postquam

182 1121 238 1148 luce
261 1122 421 1157 acciderint,
438 1124 480 1151 vel
507 1125 590 1152 simul
607 1125 678 1153 facta
697 1125 808 1160 fuerint,
828 1127 906 1155 latria
923 1136 972 1156 co-

180 1166 289 1194 lendum
307 1173 454 1204 utrumque
470 1177 542 1198 esse.
561 1171 606 1198 Sic
628 1172 701 1199 enim
720 1176 748 1200 et
762 1172 906 1201 Dominum
922 1182 972 1202 no-

180 1218 266 1241 strqu
285 1212 377 1243 Iesum
391 1215 530 1244 Christum
545 1219 666 1253 apposite
682 1220 837 1253 ostendisti,
852 1225 881 1247 ut
897 1226 971 1255 ante,

180 1261 221 1287 sic
244 1266 276 1288 et
291 1266 351 1296 post
373 1262 602 1297 incarnationem,
626 1265 706 1293 lati-ia
738 1267 791 1294 coli
820 1267 920 1295 debere
944 1273 972 1296 et

179 1307 299 1334 adorari.
326 1308 416 1336 Latria
439 1318 504 1346 ergo
527 1311 672 1339 colendum
693 1320 754 1340 esse
777 1312 928 1346 Christum,
954 1323 972 1343 ο

179 1353 277 1386 amice,
289 1354 315 1381 in
333 1354 460 1382 confesso
486 1362 527 1383 est
543 1366 549 1383 :
567 1362 594 1384 at
607 1365 660 1385 non
677 1358 712 1385 ita
740 1361 895 1387 veneranda
911 1360 970 1394 ejus

179 1399 269 1434 imago
283 1399 362 1427 latria
383 1401 572 1436 prosequenda
588 1406 638 1436 est,
651 1403 724 1430 sicut
746 1404 825 1438 juxta
839 1405 970 1441 hypothe-

181 1444 244 1477 sint,
268 1445 308 1472 sol
333 1453 409 1480 aqua:
428 1446 579 1480 immixtus,
595 1453 624 1475 at
643 1456 697 1476 non
716 1449 807 1486 imago
831 1452 896 1479 solis
915 1461 922 1480 :
942 1456 970 1480 et

179 1491 334 1526 triangulus
349 1493 470 1520 materiae
491 1493 597 1526 allixus,
618 1499 645 1522 at
661 1503 713 1522 non
725 1495 816 1532 imago
828 1497 968 1534 trianguli.

179 1536 295 1565 Attende
319 1539 403 1570 enim,
428 1539 499 1574 apud
515 1547 566 1567 nos
585 1541 757 1570 Christianos
781 1542 889 1571 unicam
910 1552 969 1572 esse
982 1552 1004 1581 ο

178 1582 297 1616 latriam,
322 1591 404 1617 quam
422 1585 472 1612 soli
495 1591 597 1613 sancta!
611 1591 638 1614 et
661 1588 885 1616 consubstantiali
909 1589 969 1617 Tri-

179 1629 258 1656 nitati
269 1631 378 1658 exhibet
391 1632 518 1660 universa
530 1639 626 1661 natura
637 1634 754 1662 visibilis
766 1641 793 1662 et
809 1636 967 1665 invisibilis.

178 1674 234 1705 Nec
252 1675 294 1704 fas
315 1681 357 1705 est
381 1679 563 1706 venerandam
590 1680 734 1716 imaginem
756 1681 868 1716 Christi,
890 1684 967 1711 latria

178 1722 319 1750 colendam
342 1724 440 1751 dicere.
470 1724 592 1753 Duorum
618 1727 690 1753 enim
717 1727 856 1756 alterum:
877 1734 923 1757 aut
942 1730 968 1758 id

177 1768 251 1803 quod
281 1769 370 1803 latria,
401 1770 473 1798 sicut
499 1771 555 1803 illa,
583 1771 725 1800 colendum
751 1774 796 1807 sit,
825 1773 967 1803 Trinitatis

180 1815 265 1842 latria:
277 1816 372 1848 inseri,
385 1817 456 1850 quod
474 1817 643 1851 impossibile
660 1827 667 1852 ;
682 1819 746 1854 quia
767 1820 893 1848 Trinitati
916 1821 967 1848 ad-

176 1860 244 1887 ditio
260 1860 356 1887 inferri
372 1862 444 1888 nulla
465 1867 564 1896 potest,
581 1863 636 1896 jam
650 1864 723 1890 enim
743 1865 910 1899 quaternilas
924 1866 966 1893 fo-

178 1911 218 1934 ret
232 1915 238 1933 :
260 1911 306 1934 ant
321 1907 343 1934 si
361 1915 414 1934 non
432 1907 582 1941 inseratur,
600 1909 647 1936 sed
667 1909 756 1943 ip3um
770 1918 817 1945 per
832 1919 861 1938 se
872 1911 962 1939 colen-

174 1953 242 1979 ιΙιιιιι
258 1952 302 1985 sit,
318 1953 386 1980 duas
399 1954 469 1988 apud
485 1961 534 1982 nos
557 1955 651 1982 latrias
664 1956 756 1983 doceri
772 1965 778 1983 :
803 1964 857 1992 quo
873 1957 936 1992 quid
949 1966 964 1985 a

175 1999 255 2028 nobis
265 2004 423 2034 expeterent
443 2001 618 2036 graecizantcs
642 2000 813 2030 lconomachi
824 2023 831 2036 ,
844 2011 925 2038 quam
936 2008 965 2031 ut

175 2044 239 2072 inde
255 2046 440 2080 ostenderent,
460 2055 520 2079 nos,
535 2048 655 2076 admissa
671 2049 772 2084 duplici
786 2049 875 2082 latria,
886 2058 964 2078 crea-

174 2096 266 2118 turam
301 2097 398 2127 praeter
419 2093 578 2121 Creatorem
610 2095 709 2129 colere,
733 2095 965 2132 tAriauorumque

174 2136 310 2171 impietati
334 2137 403 2164 nihil
425 2138 577 2166 concedere
597 2139 610 2166 τ
636 2139 782 2168 Adoranda
812 2141 896 2176 igitur
921 2146 964 2169 est

174 2183 266 2219 imago
287 2183 399 2217 Christi,
425 2189 454 2212 at
474 2193 528 2212 non
548 2185 695 2214 deferenda
724 2187 763 2215 illi
792 2187 890 2220 latria,
914 2189 960 2216 sed

1029 256 1084 281 τια,
1103 248 1144 275 ὃτι
1161 250 1238 275 πᾶσα
1251 248 1334 275 εἰκὼν
1352 247 1432 275 ἄλλου
1453 248 1512 274 ἐστὶ
1531 247 1679 282 δηλωτικὴ.
1698 247 1819 283 δηλονότι

1028 293 1077 320 τοῦ
1096 293 1277 329 πρωτοτὺπου
1288 301 1294 308 ·
1312 293 1360 320 καὶ
1377 294 1401 320 εί
1418 293 1470 328 χρὴ
1483 293 1567 327 φάναι
1582 293 1653 320 κατὰ
1666 292 1715 328 τὴν
1730 301 1819 328 γραμ-

1030 339 1149 374 ματικὴν
1179 339 1365 374 τεχνολογίαν,
1397 338 1469 365 τοῦτ’
1485 339 1517 367 ἃν
1545 338 1588 373 εἴη
1612 338 1787 374 ἀναφορικὺν,
1804 338 1819 367 ὃ

1028 385 1075 411 καὶ
1086 385 1289 420 όμοιωματικὸν
1309 386 1357 412 καὶ
1374 385 1510 412 δεικτικὸν
1533 385 1580 412 καὶ
1607 385 1818 412 ἀνταποδοτικδν

1027 430 1162 457 καλεῖται.
1177 431 1233 457 Καὶ
1255 431 1308 466 μὴν
1328 431 1377 466 οὐχ
1397 431 1434 462 ὠς
1459 431 1510 466 ὕλη
1535 431 1590 458 δεῖν
1611 431 1763 466 προσάγειν
1783 432 1817 466 τῇ

1027 475 1145 511 Χριστοῦ
1161 476 1245 503 εἰκόνι
1259 477 1308 512 τὴν
1322 475 1509 511 προσκύνησιν
1518 484 1525 491 '
1543 476 1601 503 ἀλλ’
1617 477 1654 508 ὡς
1666 476 1740 510 αὐτῷ
1751 477 1818 512 Χρις

1028 522 1082 558 στῷ
1096 530 1102 537 ·
1121 522 1201 556 εἴπερ
1213 523 1230 557 ἡ
1245 522 1295 557 τῆς
1311 523 1416 555 εἰκόνος
1431 522 1497 558 τιμὴ
1518 523 1566 548 ἐπὶ
1584 523 1615 549 τὸ
1636 524 1817 558 πρωτότυπον

1025 567 1179 601 ἀναϐαίνει,
1205 568 1443 604 ὑπεξαιρουμένης
1461 568 1511 603 τῆς
1533 568 1600 604 ὕλης
1625 568 1664 603 τῷ
1687 569 1736 604 τῆς
1757 570 1818 596 ἐπι-

1026 614 1100 645 νοίας
1111 614 1184 648 λόγῳ
1198 614 1230 640 ἐκ
1242 614 1289 641 τοῦ
1303 615 1332 640 ὲν
1349 614 1418 649 αὐτῇ
1430 614 1666 649 σχηματιζομὲνου
1678 616 1818 650 χαρακτῆ-

1027 667 1083 694 ρος.
1104 660 1160 686 Καὶ
1174 659 1342 694 λατρευτῶς,
1357 659 1395 691 ὡς
1406 660 1469 694 φης,
1484 659 1656 694 προσακτέον
1669 659 1717 694 τὴν
1732 669 1819 695 προσ.

1024 706 1140 742 κύνησιν
1152 706 1192 742 τῷ
1209 706 1318 742 Σωτῆρι
1345 706 1469 741 Χριστῷ,
1486 706 1534 732 καὶ
1553 706 1606 741 πρὸ
1633 707 1744 741 σαρκὸς.
1768 707 1818 733 καὶ

1026 753 1095 788 μετὰ
1113 753 1255 788 σάρκωσιν
1265 761 1271 768 ·
1285 753 1332 779 καὶ
1348 752 1401 788 πρὸ
1415 754 1464 788 τῆς
1480 752 1595 786 εἰκόνος,
1610 753 1697 780 καὶδι¹
1710 754 1797 787 αὐτῆς
1808 761 1816 768 ·

1024 800 1071 826 καὶ
1086 799 1174 830 οὐδεὶς
1187 799 1242 826 τῶν
1261 798 1292 826 εὖ
1309 798 1490 833 φρονούντων,
1512 796 1599 833 οἶμαι,
1622 799 1817 835 ἀντιφέρεσθαι

1024 846 1081 877 τοῖς
1109 845 1197 881 ὀρθῶς
1218 845 1489 880 δεδογματισμένοις.
1505 845 1587 872 Ἀλλὰ
1613 845 1668 880 γὰρ
1689 846 1736 871 καὶ
1755 847 1815 877 τοῖς

1024 892 1207 928 ὐποδείγμασι
1232 891 1279 919 τοῦ
1311 900 1340 919 τε
1371 891 1448 928 ἡλίου
1474 892 1543 928 πρὸς
1554 892 1585 919 τὸ
1604 892 1689 928 ὕδωρ,
1707 892 1816 919 καὶτοῦ

1024 938 1108 965 ἁΰλου
1123 937 1267 973 τριγώνου,
1285 937 1345 973 ἦτοι
1363 937 1570 974 μαθηματικοῦ,
1587 938 1657 973 προς
1664 938 1695 964 τὸ
1711 938 1814 969 ἐνυλον,

1024 984 1073 1010 οὐκ
1101 985 1275 1019 ἀπεμφαϊνον
1293 983 1420 1011 ἔπεσθαι.
1451 984 1529 1010 Ἐπεὶ
1553 983 1614 1010 καθ’
1630 983 1760 1011 ὑπόθεσιν
1789 984 1815 1009 εἰ

1023 1029 1140 1066 ληφθείη
1153 1030 1302 1066 λατρευτδς
1323 1031 1337 1056 ὁ
1357 1030 1444 1065 ἥλιος,
1460 1030 1476 1065 ἦ
1495 1029 1526 1057 τὺ
1548 1030 1681 1066 τρίγωνον
1707 1029 1814 1064 σχῆμα,

1024 1075 1078 1110 πρὸ
1095 1075 1142 1101 τοῦ
1157 1075 1203 1101 τὸν
1221 1075 1271 1110 μὲν
1285 1075 1315 1102 ἐν
1330 1074 1407 1102 ὕδασι
1424 1075 1548 1108 πάλλειν,
1564 1075 1596 1102 τὸ
1610 1075 1639 1102 δέ
1656 1075 1709 1110 πρὸ
1724 1075 1772 1101 τοῦ
1782 1076 1814 1101 ὲν

1024 1121 1076 1158 ὖλῃ
1091 1122 1281 1157 ὑποφανθῆναι
1296 1129 1304 1138 ο
1322 1122 1453 1158 δηλονότι,
1482 1122 1531 1149 καὶ
1559 1121 1629 1156 μετὰ
1647 1121 1697 1157 τὴν
1723 1122 1815 1148 ἐκεῖσε

1023 1167 1175 1202 ἔμπτωσιν,
1191 1167 1252 1203 ἦτοι
1268 1168 1418 1203 συμφυΐαν,
1440 1167 1588 1202 λατρευτδν
1602 1167 1743 1203 ἑκάτερον.
1758 1166 1814 1193 Οὖ-

1022 1220 1061 1240 τω
1080 1213 1136 1249 γὰρ
1149 1214 1196 1240 καὶ
1207 1213 1256 1240 τὴν
1270 1214 1373 1250 Κύριον
1392 1214 1474 1250 ήμῶν
1500 1213 1604 1249 Ἰησοῦν
1612 1214 1730 1249 Χριστδν
1743 1214 1814 1248 ἀρα-

1023 1258 1109 1294 ρότως
1122 1259 1276 1292 ὑπέδειξας,
1288 1260 1336 1287 καὶ
1354 1261 1424 1295 μετὰ
1436 1261 1573 1296 σάρκωσιν
1588 1260 1626 1291 ὡς
1640 1259 1693 1294 πρὸ
1702 1259 1814 1295 σαρκὼ-

1022 1313 1092 1337 σεως
1102 1305 1249 1341 λατρευτὺν
1266 1304 1336 1333 εἷναί
1348 1315 1379 1333 τε
1391 1307 1439 1333 καὶ
1450 1306 1673 1342 προσκυνεῖσθαι.
1687 1307 1813 1342 Λατρευ-

1021 1350 1068 1383 τὸς
1079 1348 1136 1383 οὖν,
1153 1348 1176 1378 ὧ
1189 1352 1249 1384 τᾶν,
1265 1353 1279 1378 ὸ
1294 1351 1411 1386 Χριστὸς
1427 1351 1653 1386 ὁμολογουμένως
1662 1359 1669 1368 ·
1680 1351 1738 1378 ἀλλ’
1751 1351 1814 1387 οὐχὶ

1021 1397 1037 1432 ἠ
1053 1396 1140 1432 σεπτὴ
1152 1397 1233 1424 αὑτοῦ
1248 1397 1329 1424 είκὼν
1352 1397 1498 1433 λατρευτή,
1515 1396 1611 1432 ὥσπερ
1630 1397 1678 1424 καὶ
1700 1397 1715 1423 ό
1730 1397 1809 1432 ἥλιος

1021 1443 1084 1470 καθ’
1098 1442 1227 1470 ὑπόθεσιν
1243 1443 1384 1479 συμμιγὴς
1401 1443 1440 1480 τῷ
1451 1443 1540 1476 ὕδατι,
1558 1443 1618 1470 ἀλλ’
1630 1443 1716 1480 οὺχὶή
1729 1443 1813 1470 εἰκὼν

1020 1489 1067 1517 τοῦ
1082 1489 1157 1526 ἡλίου
1169 1498 1177 1506 ο
1193 1491 1240 1517 καὶ
1255 1490 1286 1516 τὸ
1303 1489 1436 1526 τρίγωνον
1453 1489 1558 1516 ὑλωθὲν
1571 1510 1578 1522 ,
1593 1489 1651 1517 ἀλλ’
1664 1490 1725 1525 οὐχὶ
1740 1491 1758 1525 ἡ
1769 1491 1812 1516 εὶ-

1020 1536 1077 1563 κὼν
1091 1536 1139 1562 τοῦ
1149 1535 1371 1572 τριγώνου.”ορα
1385 1536 1439 1572 γὰρ
1448 1536 1490 1562 ὅτι
1504 1536 1553 1571 μία
1569 1537 1586 1572 ἡ
1600 1536 1714 1572 λατρεία
1728 1536 1811 1571 ήμῶν

1019 1582 1074 1609 τῶν
1084 1581 1255 1618 Χριστιανῶν
1268 1583 1336 1618 μόνῃ
1352 1583 1384 1619 τῇ
1401 1582 1469 1618 ἁγίᾳ.
1485 1583 1533 1610 καὶ
1550 1583 1688 1618 όμοουσίῳ
1704 1582 1805 1618 Τριάδι

1021 1628 1261 1664 προσενηνεγμένη
1277 1628 1329 1655 ὑπό
1349 1637 1379 1655 τε
1401 1628 1491 1664 πάσης
1516 1629 1618 1664 ὁρατῆς
1639 1628 1747 1663 φύσεως
1761 1629 1811 1657 καὶ

1019 1674 1146 1710 ἀοράτου.
1162 1674 1217 1701 Καὶ
1230 1675 1280 1700 οὐκ
1299 1674 1418 1710 ἐγχωρεῖ
1432 1674 1482 1710 τὴν
1506 1674 1610 1711 σεπτὴν
1633 1674 1726 1702 εἰκόνα
1742 1675 1811 1711 Χρι-

1019 1720 1083 1747 στοῦ
1101 1720 1254 1756 λατρευτὴν
1268 1720 1361 1754 φάναι.
1377 1721 1458 1747 Δυοῖν
1465 1720 1520 1757 γὰρ
1533 1721 1647 1757 θάτερον
1708 1722 1737 1748 τὸ
1747 1723 1811 1749 κατ’

1017 1767 1103 1802 αὐτὴν
1119 1766 1265 1802 λατρευτδν
1281 1768 1316 1802 τῇ
1331 1767 1458 1804 τριαδικῇ
1472 1767 1586 1804 λατρείᾳ
1596 1769 1809 1803 συνεισκρίνειν.

1017 1813 1086 1849 ὅπερ
1098 1813 1249 1840 ἀδύνατον
1267 1813 1385 1847 ἐπείπερ
1409 1813 1461 1840 οὐκ
1485 1813 1624 1849 ἐνδέχεται
1646 1813 1810 1849 προσθήκην

1016 1859 1076 1886 τινὰ
1098 1859 1275 1886 συνεισοίσειν
1299 1861 1331 1895 τῇ
1349 1859 1465 1895 Τριάδι·
1480 1859 1659 1895 εὑρεθήσεται
1682 1859 1737 1896 γὰρ
1763 1868 1810 1886 τε-

1016 1905 1084 1940 τρὰς
1096 1905 1165 1933 οὖσα
1175 1914 1182 1921 ·
1201 1906 1218 1941 ἦ
1237 1906 1275 1941 μὴ
1287 1905 1542 1942 συνεισκρινομένου
1555 1906 1656 1938 ἐκεῖσε,
1669 1907 1730 1933 καθ’
1741 1907 1809 1934 ἑαυ-

1016 1951 1046 1978 τδ
1061 1952 1090 1979 δὲ
1106 1952 1190 1985 ὅντως
1210 1953 1369 1987 λατρευτοῠ,
1385 1953 1433 1980 δύο
1444 1953 1495 1985 τὰς
1504 1953 1632 1988 λατρείας
1648 1954 1728 1989 ἡμῶν
1744 1954 1810 1988 δογ-

1017 1999 1142 2033 ματίζειν
1151 2007 1158 2013 ·
1174 1999 1221 2026 καὶ
1234 1999 1261 2025 τί
1267 1998 1370 2026 ἂνᾶλλο
1381 1999 1487 2035 ζητοῖεν
1501 1999 1633 2034 Ἑλλήνιον.
1653 2001 1725 2036 (cod.
1738 2001 1808 2036 Reg.

1015 2044 1098 2081 ἐλεϊν]
1115 2045 1294 2080 Είκονομάχοι
1322 2045 1389 2080 πρὸς
1406 2045 1495 2080 ἡμῶν,
1513 2045 1573 2081 ἢτδ
1590 2046 1715 2075 ἐντεῦθεν
1736 2048 1808 2074 ἁπο-

1014 2090 1099 2123 δεῐξαι
1114 2091 1188 2126 ἡμᾶς
1203 2092 1237 2126 τῇ
1250 2091 1330 2127 δυῖκῇ
1346 2090 1459 2127 λατρείᾳ
1471 2091 1655 2127 λατρεύοντας
1671 2093 1704 2128 τῇ
1716 2093 1809 2120 κτίσει

1014 2136 1091 2171 παρὰ
1104 2137 1149 2163 τὸν
1165 2136 1316 2170 κτίσαντα,
1328 2137 1377 2164 καὶ
1401 2138 1480 2166 οὐδὲν
1489 2138 1545 2166 τῶν
1565 2137 1713 2174 ’Δρειανῶν
1728 2138 1809 2166 ἐλάτ-

1013 2190 1077 2213 τους
1091 2181 1162 2208 κατὰ
1179 2181 1326 2213 ἁσέδειανς
1341 2182 1549 2218 Προσκυνητέον
1583 2181 1632 2210 οὖν
1654 2183 1687 2218 τῇ
1719 2182 1808 2209 εἰκόνι

174 2230 294 2261 Christo.
321 2230 367 2265 qui
385 2232 411 2257 in
431 2238 462 2257 ea
489 2231 629 2264 adoratur,
652 2232 732 2267 juxta
755 2234 960 2269 consequentia:

1021 2226 1142 2263 Κριστοῦ,
1157 2227 1188 2254 οὐ
1205 2226 1385 2262 λατρευτέον·
1401 2228 1470 2256 ἀλλὰ
1492 2228 1532 2264 τῷ
1546 2228 1576 2255 ἐν
1597 2227 1667 2263 αὑτῇ
1687 2235 1809 2263 προσκυ-

174 2277 308 2304 ratiouem
323 2286 329 2304 :
348 2277 480 2312 quoniam
496 2277 554 2305 haec
575 2278 630 2305 duo
647 2283 721 2311 sunt,
738 2280 829 2315 imago
853 2286 881 2308 et
899 2289 962 2316 pro-

175 2327 296 2356 totypnm
309 2329 318 2354 ;
331 2327 358 2349 et
369 2322 518 2350 discrimen
529 2327 580 2355 est,
595 2331 648 2351 non
661 2324 687 2352 in
700 2325 850 2361 hypostasi,
869 2326 916 2354 sed
932 2327 960 2354 in

172 2373 306 2398 88581111³-

225 2468 337 2498 CCXIII.
352 2484 389 2489 -—
401 2469 526 2497 Michaeli
542 2468 664 2505 Syncello
687 2469 906 2506 Hagiopolilana.

1010 2273 1134 2309 νουμένῳ
1162 2273 1284 2308 Χριστῷ,
1298 2274 1370 2300 κατά
1394 2274 1441 2301 τὸν
1464 2274 1515 2309 τῆς
1546 2273 1709 2305 ἀκολουθίας
1731 2273 1807 2309 [co-l.

1011 2320 1078 2355 Reg.
1092 2319 1234 2356 ἀληθείας]
1251 2319 1332 2355 λόγον
1344 2329 1352 2336 ·
1371 2321 1466 2357 ἐπειδὴ
1481 2321 1568 2348 ταῦτα
1592 2320 1650 2353 δύο,
1676 2319 1760 2346 εἰκών
1772 2328 1804 2347 τε

1012 2367 1060 2394 καὶ
1074 2367 1264 2403 πρωτότυπον,
1278 2366 1326 2394 καὶ
1340 2367 1356 2401 ή
1372 2367 1536 2402 διαφορότης
1548 2367 1598 2394 οὐκ
1616 2367 1662 2393 ἐπὶ
1678 2366 1728 2400 τῆς
1739 2367 1808 2392 ὑπο-

1013 2412 1145 2445 στάσεως,
1158 2411 1226 2440 me
1241 2412 1311 2439 κατὰ
1329 2411 1374 2438 τὸν
1389 2412 1439 2447 τῆς
1453 2412 1548 2444 οὐσίας
1568 2412 1659 2446 λόγον.

1051 2469 1123 2496 ΣῘΡ.
1145 2468 1182 2504 (8)
1198 2484 1233 2490 -
1246 2469 1553 2540 Μιχαὴῗωξιιὶἷκέλλῳ
1577 2470 1767 2504 Ἀγιοπολίτη

171 2567 266 2593 Laudat
276 2568 347 2593 illum
359 2568 391 2594 ob
405 2575 435 2594 ea
447 2576 503 2600 quae
513 2569 695 2601 Hierosolymis
709 2577 753 2606 pro
763 2573 876 2596 veritatis
886 2572 1044 2606 confessione
1059 2574 1207 2606 pertulerat,
1225 2575 1278 2598 tum
1295 2573 1393 2599 nuntiat
1409 2575 1610 2606 persecutionem
1627 2574 1804 2600 Constantino—

678 2604 729 2633 poli
743 2609 865 2628 cessasse.
884 2605 984 2634 (ttat-ou.
1002 2611 1043 2629 an.
1059 2605 1116 2635 διδ,
1128 2611 1154 2629 u.
1166 2604 1219 2636 42.)

207 2655 305 2683 Scribo
321 2664 392 2684 nunc
409 2657 441 2684 ad
458 2658 637 2686 reverentiam
657 2663 743 2692 tuam,
759 2659 869 2693 quando
890 2660 956 2687 mihi

170 2701 217 2732 Dei
227 2707 294 2729 nutu
306 2702 403 2737 obtigit
414 2709 444 2730 ut
454 2704 578 2740 epistolae
589 2704 747 2733 ministrum
759 2706 932 2734 naueiscercr
946 2715 953 2733 :

1050 2661 1130 2695 Ἀρτι
1146 2661 1296 2688 ἐπιστέλλω
1315 2662 1347 2697 τῇ
1356 2661 1494 2697 τιμιότητί
1509 2670 1568 2694 σου,
1584 2661 1704 2696 ὁπηνίκα
1729 2661 1800 2688 εὕω-

1011 2706 1084 2743 δώθη
1104 2715 1150 2742 μοι
1163 2708 1193 2734 ἐν
1208 2707 1248 2743 τῷ
1261 2706 1394 2743 θελήματι
1409 2707 1456 2734 τοῦ
1479 2707 1546 2734 Θεοῦ
1569 2707 1661 2744 εὑρεῖν
1674 2707 1799 2734 διάκονον

938 2796 1041 2826 NOTAE
1046 2819 1052 2825 .

202 2855 241 2909 (θ)
258 2873 288 2902 In
303 2874 352 2902 eod
382 2874 446 2909 lies.
464 2883 528 2909 σις.
