1927 3089
103 163 168 198 1641

699 167 877 203 EPISTULA
883 174 967 204 RUM
993 168 1067 203 LIB.
1097 170 1139 204 Ii.

1670 170 1736 207 1649

100 224 147 250 τοῦ
162 224 327 259 γράμματος
337 233 344 241 η
363 225 426 252 ἐπεὶ
446 225 559 261 ἔμελλον
573 227 607 254 ἂν
618 228 648 259 ἐξ
661 229 747 263 αὐτῆς
759 230 810 263 τῆς
825 230 893 257 καθ-

947 231 1068 265 alioquin
1089 238 1123 257 ex
1143 230 1202 265 ipsa
1217 229 1341 258 custodia
1358 235 1450 258 n0stra
1468 230 1587 265 idipsnm
1613 230 1737 258 facturus

101 270 214 306 είρξεως
230 271 309 306 ἡμῶν
321 272 389 298 αὐτὸ
403 272 483 299 τοῦτο
495 275 594 306 ποιεῖν,
606 275 652 301 καὶ
662 275 713 310 οὐχ
725 275 810 309 ἅπαξ,
825 278 893 304 ἀλλά

102 317 151 344 καὶ
167 316 209 349 δὶς
221 317 269 344 καὶ
280 318 413 350 πολλάκις
428 319 510 351 ἴσως·
528 320 589 347 οὐδὲ
614 322 668 355 γὰρ
688 322 730 348 ὅτι
749 323 828 358 ὑμεῖς
849 318 894 351 ἀλ-

100 362 239 396 λοδαπεῖς,
253 364 335 399 ἡμεῖς
350 364 428 399 ὑμῶν
442 366 614 401 ἑτεροειδεῖς.
636 367 705 394 Ἀλλ’
718 368 759 394 ὅτι
780 369 812 395 ἐκ
828 370 893 404 μιᾶς

102 410 206 446 μητρὸς
220 410 271 444 τῆς
298 410 437 443 υἱοθεσίας
464 413 673 447 γεγεννημένοι,
691 414 739 440 καὶ
761 414 801 449 τῷ
819 415 894 450 αὐτῷ

99 455 258 491 χαρακτῆρι
275 455 327 491 τῆς
343 456 508 492 εἰλικρινοῦς
522 458 641 490 πίστεως
670 458 892 495 μεμορφωμένοι,

98 502 147 527 καὶ
160 501 280 535 ἀδελφοὶ,
309 502 358 528 καὶ
375 503 551 538 συμπολίται,
576 505 699 539 κεφαλὴ-ι
719 505 829 540 ἔχοντες
847 506 894 532 τὴν

98 547 219 583 Χριστόν
231 556 238 563 ·
254 545 341 584 οὗπερ
366 549 404 581 ὡς
429 550 510 585 σῶμα
527 551 679 584 τελοῦντες,
702 552 752 579 καὶ
767 552 846 587 μέλη
859 553 894 578 ἐκ

96 592 209 628 μέρους
225 593 366 628 ὀφειλέται
384 595 470 629 ἐσμὲν
487 596 534 622 καὶ
549 597 710 632 συγχαίρειν
724 597 850 631 ἀλλήλοις
864 597 893 623 ὲν

96 641 156 672 τοῖς
165 639 275 674 δεξιοῖς,
284 641 332 668 καὶ
342 642 471 668 ἀνιᾶσθαι
482 641 517 669 αὖ
529 643 575 670 ἐπὶ
586 645 644 676 τοῖς
661 644 804 680 λυπηροῖς.
823 643 893 671 Ἀλλ’

97 685 121 712 ὢ
135 686 206 718 πῶς,
225 686 328 722 ἀλλαχῇ
350 687 535 723 ὡρμημένους
557 690 630 724 ὑμᾶς
655 690 830 726 πορεύεσθαι,
843 691 892 726 ὴν-

97 731 221 765 ἅγκασεν
229 732 246 767 ἡ
257 733 329 767 φορὰ
341 733 389 759 τοῦ
401 734 500 769 καιροῦ
513 734 542 760 ὲν
561 735 678 769 ἄρκυσιν
695 736 828 770 ἐμπεσεῖν
838 736 893 761 τῶν

97 778 162 813 τῇδε
180 778 373 813 κρατοῦντων;
389 779 423 805 Τί
435 778 483 806 οὖν
498 779 572 807 ἐστιν
589 781 679 807 εἰπεῖν
694 781 764 817 πρὸς
786 781 892 814 causa;

96 823 116 858 ἢ
131 824 201 859 ὅπερ
216 825 283 860 φησὶ
298 824 329 851 τὸ
343 825 416 860 ἱερὸν
431 826 551 862 γράμμα
561 835 568 842 ·
587 827 642 854 Καὶ
654 829 670 854 ό
685 827 766 862 ἀγὼν
777 827 831 863 ἦτε
839 828 893 855 τὸν

945 282 1032 309 eram,
1057 282 1108 302 nec
1131 275 1218 302 semel
1233 274 1326 310 modo,
1350 275 1397 302 sed
1421 275 1463 302 bis
1487 275 1569 302 etiam
1584 282 1617 303 ac
1637 275 1737 310 saepius

945 321 1061 348 fortasse
1075 329 1082 348 :
1097 328 1186 355 neque
1197 321 1281 352 enim,
1296 321 1360 356 quia
1382 321 1470 347 exteri
1482 328 1529 348 vos
1540 320 1618 354 estis,
1634 320 1737 348 idcirco

945 375 960 394 a
977 367 1055 395 vobis
1073 368 1166 402 specie
1183 367 1382 401 discrepamus.
1404 366 1456 394 Sed
1473 362 1534 394 cum
1551 375 1584 394 ex
1602 375 1657 395 una
1671 367 1738 393 ado-

944 413 1047 447 ptionis
1067 417 1157 440 matre
1172 413 1255 448 geniti
1271 412 1370 445 simus,
1386 418 1413 440 et
1427 413 1523 440 eodem
1545 413 1660 441 sincerae
1674 411 1737 440 ﬁdei

945 460 1102 486 charactere
1124 459 1258 494 insigniti.
1278 463 1305 486 et
1324 459 1432 492 fratres,
1450 463 1478 486 et
1498 460 1635 492 concives,
1656 462 1738 494 caput

946 505 1078 533 habentes
1100 504 1252 537 Christum,
1279 505 1371 540 utqui
1389 505 1477 540 ipsius
1501 512 1603 539 corpus
1630 513 1737 536 sumus.

945 556 970 578 et
997 550 1115 578 membra
1139 551 1171 578 de
1196 551 1311 577 membra
1322 550 1369 577 οδε
1399 550 1571 585 congaudere
1589 550 1659 577 inter
1688 555 1739 578 nos

945 597 1077 625 debemus
1091 597 1118 624 in
1131 597 1282 632 prosperis,
1302 596 1420 632 angique
1436 596 1537 630 pariter
1553 596 1580 623 in
1604 596 1737 624 adversis.

945 643 1046 669 Verum
1071 642 1209 677 quomodo
1236 650 1295 674 vos,
1323 649 1386 669 cum
1411 641 1465 668 alio
1491 641 1605 676 profecti
1630 642 1739 673 essetis.

946 689 1053 724 impulit
1065 693 1221 723 temporum
1237 689 1379 721 violentia,
1391 693 1421 715 ut
1435 689 1462 715 in
1476 695 1572 715 eorum
1584 687 1631 722 qui
1648 695 1740 714 rerum

946 736 991 764 hic
1004 736 1156 771 potiuntur,
1172 736 1241 763 retia
1258 735 1435 763 incideritis‘t
1458 735 1529 769 Quid
1550 735 1584 763 ad
1597 736 1654 762 haec
1665 735 1740 762 dicc-

947 780 1032 807 mus?
1049 780 1100 807 nisi
1117 780 1142 807 id
1158 780 1231 815 quod
1249 787 1328 808 sacra
1349 780 1490 815 Scriptura
1506 780 1545 808 ait
1562 789 1569 807 :
1598 779 1633 806 Et
1650 779 1742 806 multi-

947 826 1011 852 tudo
1038 825 1115 853 duxit
1136 825 1206 853 Jelm
1220 826 1255 857 ’⁸.
1276 827 1323 854 sed
1346 826 1402 854 illic
1426 826 1539 861 quidem
1568 825 1602 853 ad
1627 833 1742 861 regnum

103 867 184 900 Ἠοὺ,
202 869 259 896 ἀλλ’
274 871 333 897 ἐκεῖ
350 871 398 906 μὲν
418 871 459 902 είς
472 873 503 898 τὸ
516 872 677 906 βασιλεῦσαι
689 872 736 899 τοῦ
762 862 871 910 Ἰσραήλ
884 882 891 888 ·

946 872 1031 899 Israel
1047 881 1054 905 ;
1073 873 1116 899 hic
1129 880 1194 899 vero
1207 872 1241 900 ad
1258 872 1446 900 testimonium
1464 872 1599 905 veritatis,
1616 875 1646 899 ut
1669 879 1742 899 nunc

97 915 218 943 ινταῦθα
233 916 272 949 δὲ,
287 918 328 947 είς
343 918 372 943 τὸ
398 918 573 953 μαρτυρῆσαι
591 920 632 954 -τῇ
651 918 768 955 ἀληθείᾳ
782 928 788 934 ·
807 919 845 951 ὡς
860 921 893 946 ἂν

96 963 232 999 πληρωθῇ
247 963 278 990 τὺ
294 964 441 999 εἰρημένον
467 965 516 991 καὶ
537 964 621 991 τανῦν
634 974 640 980 ·
665 966 716 992 Ἐκ
744 967 821 993 Σιὼν
842 967 891 998 ἐξ·

95 1009 257 1036 ελεύσεται
273 1009 376 1044 λόγος,
393 1010 443 1036 καὶ
451 1011 544 1045 νόμος
562 1011 673 1045 Κυρίου
692 1012 726 1044 ἐξ
746 1012 893 1046 Ἰερουσα-

95 1056 172 1091 λήμ.
186 1054 272 1083 Ὧδεό
286 1056 359 1089 νοῦς,
370 1051 561 1093 ὢπάμμακαρ
590 1057 658 1086 Cod.
670 1057 739 1093 Reg.
757 1059 873 1094 μάκαρ.ἶ
886 1068 892 1074 ·

95 1101 183 1138 Στῆθι
199 1103 344 1138 γενναίως,
359 1104 609 1140 ὑπομιμνήσκομεν
621 1113 628 1119 ·
647 1105 785 1137 Δόξασον
793 1105 831 1138 δὴ
840 1106 894 1132 τὸν

96 1151 170 1177 Θεὸν
188 1150 224 1176 ἐν
237 1150 278 1183 τῷ
293 1151 410 1185 σώματι
424 1159 482 1177 σου
494 1152 543 1178 καὶ
559 1152 594 1178 ἐν
602 1150 643 1184 τῷ
654 1153 815 1186 Πνεύματι.
827 1153 894 1179 Εἰπὲ

94 1196 146 1224 καὶ
170 1196 252 1228 αὐτὸς
276 1197 347 1231 μετὰ
365 1197 414 1223 τοῦ
441 1197 590 1224 θεσπεσίου
609 1198 734 1224 Παύλου·
755 1197 827 1225 Οἶδα
848 1199 894 1226 ὅτι

94 1242 189 1270 τοῦτό
201 1251 253 1277 μοι
262 1242 450 1277 ἀποϐήσεται
463 1245 508 1277 εἰς
515 1244 669 1278 σωτηρίαν
681 1244 731 1270 διὰ
746 1243 800 1278 τῆς
810 1244 894 1278 ὑμῶν

92 1287 232 1321 δεήσεως
244 1288 295 1315 καὶ
311 1289 509 1323 ἐπιχορηγίας
524 1289 578 1316 τοῦ
594 1290 769 1324 Πνεύματος
790 1290 894 1324 ἰησὸῦ

91 1334 240 1369 Χριστοῦ,
263 1335 340 1362 κατὰ
367 1335 426 1369 τὴν
445 1336 694 1370 ἀποκαραδοκίαν
714 1337 765 1363 καί
783 1337 894 1363 ἐλπίδα

89 1389 155 1415 μου
165 1388 173 1396 ³
189 1380 234 1407 ὅτι
247 1380 282 1408 ἐν
293 1380 396 1408 οὐδενὶ
407 1380 654 1415 αισχυνθήσομαι
666 1389 672 1396 ·
688 1381 758 1408 ἀλλ’
767 1381 802 1407 ἐν
808 1381 893 1415 πάσῃ

92 1428 254 1462 παρῤησίᾳ
268 1427 309 1460 ὠς
324 1427 456 1454 πάντοτε
477 1428 528 1455 καὶ
551 1428 610 1455 νῦν
632 1427 894 1462 μεγαλυνθήσεται

92 1473 132 1500 ἐν
146 1473 188 1506 τῷ
204 1474 320 1508 σώματί
335 1483 407 1509 μου,
423 1474 484 1501 εἴτε
498 1474 548 1501 διὰ
560 1473 644 1508 ζωῆς,
656 1475 718 1502 εἶτε
738 1474 789 1501 διὰ
801 1474 893 1501 θανά-

93 1527 163 1547 του.
181 1519 264 1555 Ἐμοὶ
279 1522 335 1555 reip
349 1522 382 1548 τὸ
395 1521 449 1556 ζῇν
463 1523 603 1556 Χριστὸς,
619 1522 669 1549 καὶ
683 1521 716 1549 τὸ
728 1521 893 1549 ἀποθανεῖν
907 1535 929 1564 C

93 1564 214 1599 κέρδος.
235 1566 288 1592 Ἴδε
303 1567 318 1593 ό
332 1566 436 1600 γλυκὺς
459 1566 546 1600 ἀγὼν,
564 1567 602 1593 ῐδε
625 1568 639 1593 ὁ
669 1567 805 1602 μακάριος
830 1574 894 1592 συν-

93 1611 251 1647 αλλαγμὸς,
275 1612 417 1647 βραχείαις
431 1612 540 1647 θλίψεσί
564 1622 594 1640 τε
618 1612 667 1640 καὶ
687 1613 895 1648 περιστάσεσιν,

93 1657 146 1685 εἶς’
164 1656 212 1684 οὖν
231 1659 350 1692 πληγαῖς
363 1667 393 1685 τε
410 1659 458 1685 καὶ
481 1659 588 1694 ῥανίσιν
604 1659 721 1694 αἵματος
736 1658 802 1685 Θεὸν
818 1658 897 1691 γενέ-

95 1704 172 1736 σθαι,
189 1705 237 1731 καὶ
248 1705 317 1731 Θεοῦ
331 1705 379 1732 τοῦ
397 1705 484 1738 ὅντως
509 1703 586 1737 δντος
606 1706 756 1740 ἐπιτυχεῖν.
775 1703 896 1739 Ἐμονώ-

94 1750 148 1787 θης
159 1750 321 1786 τοιγαροῦν,
341 1751 380 1783 ὡς
401 1751 575 1787 ἀκηκόαμεν,
594 1751 712 1787 τμηθεὶς
734 1750 774 1786 τῷ
795 1751 896 1785 φρονή-

94 1804 166 1831 ματι
188 1795 245 1823 ἀπὸ
266 1796 322 1822 τῶν
342 1797 548 1832 ἀγαπησάντων
567 1797 613 1824 τὸν
633 1796 682 1823 νῦν
702 1796 790 1824 αίῶνα
803 1804 809 1812 ·
827 1795 896 1822 ἀλλά

94 1841 255 1876 συναιώθης
271 1842 339 1868 πᾶσι
355 1843 411 1873 τοῖς
427 1842 620 1877 ἀντεχομένοις
635 1842 683 1869 τοῦ
698 1842 748 1876 τῆς
764 1841 896 1876 ἀληθείας

92 1887 190 1922 λόγου.
209 1886 352 1915 Ἐντεῦθέν
374 1896 404 1914 σε
422 1889 436 1914 ό
450 1889 530 1924 χορὸς
551 1889 606 1915 τῶν
642 1889 790 1924 μαρτύρων
821 1888 969 1915 ὑπολαϐεῖν
984 1888 1110 1924 βούλεται
1133 1889 1302 1925 ὁλόκληρον·

92 1935 128 1962 τδ
142 1935 241 1970 στίφος
256 1937 336 1972 χεῖρα
352 1935 491 1971 προτείνει
504 1935 576 1962 ἑλεῖν
591 1936 721 1971 ὀμόχρον.

131 1982 179 2018 Μὴ
193 1982 228 2018 δὴ
244 1982 458 2018 ἀπολειφθῶμεν
470 1984 520 2018 τῆς
534 1982 620 2018 καλῆς
632 1983 755 2017 χορείας,
772 1979 795 2008 ὦ
810 1982 894 2009 σεσά-

93 2035 161 2064 σμιε
175 2037 182 2043 ·
203 2028 267 2064 μηδ’
286 2027 320 2056 αὗ
333 2028 565 2064 καταισχύνωμεν
584 2030 634 2060 τὰς
649 2030 758 2055 πάντων
771 2028 894 2060 ἐλπίδας,

91 2071 293 2111 ὦτριπόθητε.
308 2075 383 2102 Πόσα
406 2075 439 2102 ἂν
459 2075 575 2110 ἔκαμες,
600 2073 672 2102 ὥστε
692 2083 739 2101 σου
761 2076 792 2101 τὸ
810 2075 895 2109 δνομα

91 2120 232 2148 ἀκουστὸν
244 2121 274 2148 ἐν
289 2121 374 2157 ἀρετῇ
392 2121 519 2155 γενέσθαι
540 2122 598 2152 τοῖς
623 2118 676 2147 ὧδε
692 2121 823 2153 κάχεῖσε;
837 2120 895 2147 Νῦν

944 921 1025 947 etiam
1055 920 1201 955 impleatur
1214 919 1287 955 quod
1311 920 1416 947 dictum
1429 923 1491 947 est:
1516 919 1554 946 De
1575 918 1642 946 Sion
1659 918 1743 945 exibit

945 974 1042 999 sermo,
1054 971 1079 994 et
1092 966 1136 993 (ea:
1147 967 1254 994 Domini
1269 967 1301 993 de
1318 966 1470 994 Jerusalem
1485 966 1519 992 ⁸⁸.
1539 965 1598 993 Iiuc
1620 966 1742 993 animum

945 1012 1066 1044 adverte,
1097 1020 1114 1039 0
1136 1012 1294 1040 beatissime
1318 1021 1325 1039 ι
1351 1018 1393 1039 sta
1422 1012 1542 1045 fortiter,
1577 1018 1742 1039 monemus:

945 1058 1068 1093 glori/ica
1083 1058 1169 1085 Deum
1183 1059 1211 1085 in
1233 1066 1342 1093 corpore
1363 1063 1419 1088 tuo,
1439 1062 1464 1084 et
1487 1058 1514 1084 in
1536 1057 1633 1092 spiritu
1644 1056 1678 1084 ’7.
1695 1056 1744 1083 Dic

945 1108 973 1131 et
989 1105 1047 1139 ipse
1060 1111 1130 1131 'cum
1145 1105 1240 1131 divino
1256 1104 1339 1131 Paulo
1355 1113 1361 1130 :
1380 1103 1441 1130 Scio
1453 1104 1518 1138 quia
1532 1103 1580 1129 hoc
1599 1102 1664 1129 mihi
1679 1110 1743 1137 pro-

945 1151 1028 1178 veniet
1055 1149 1090 1177 ad
1117 1150 1242 1182 salutent,
1266 1158 1312 1185 per
1334 1156 1447 1177 vestram
1474 1149 1621 1176 orationem
1637 1152 1661 1175 et
1683 1148 1744 1175 sub-

945 1197 1169 1224 ministrationem
1182 1196 1300 1232 Spiritus
1311 1196 1376 1223 Iesu
1393 1197 1505 1227 Christi.
1530 1196 1673 1223 secundum
1695 1204 1743 1222 ex-

945 1241 1134 1278 spectationem
1160 1249 1185 1270 et
1200 1252 1273 1278 spem
1290 1246 1388 1275 "meam,
1406 1243 1470 1278 quia
1491 1243 1519 1270 in
1536 1243 1610 1269 nullo
1634 1243 1745 1278 confun-

944 1291 1017 1317 dor:
1042 1291 1088 1318 sed
1113 1291 1139 1317 in
1158 1291 1231 1317 omni
1259 1290 1359 1325 fiducia
1388 1291 1456 1317 sicut
1484 1298 1596 1324 semper,
1626 1294 1652 1316 et
1675 1295 1744 1316 nunc

946 1337 1166 1373 magniﬁcabitur
1191 1336 1315 1364 Christus
1338 1337 1366 1363 in
1391 1344 1501 1370 corpore
1528 1345 1594 1368 meo,
1618 1336 1671 1363 sive
1699 1340 1745 1370 per

945 1383 1039 1416 vitam,
1055 1383 1108 1409 sive
1130 1390 1176 1415 per
1190 1387 1311 1408 mortem.
1331 1381 1397 1408 Milli
1424 1382 1495 1408 enim
1517 1382 1599 1409 vivere
1621 1380 1744 1409 Christus

945 1433 995 1460 est,
1004 1433 1028 1455 et
1039 1429 1107 1455 mori
1118 1431 1221 1455 lucrum
1229 1429 1252 1443 ’⁷
1262 1431 1282 1455 ·.
1293 1427 1333 1455 En
1343 1428 1422 1456 dulce
1433 1432 1583 1460 certamen,
1594 1435 1627 1455 en
1638 1427 1744 1455 felicem

944 1475 1201 1508 commutationem,
1216 1482 1265 1509 per
1279 1474 1377 1502 breves
1397 1474 1590 1501 tribulationes
1607 1477 1635 1501 et
1659 1481 1745 1509 angu~

945 1521 1025 1553 stias,
1047 1529 1096 1548 seu
1120 1521 1217 1556 plagas
1234 1525 1262 1548 et
1283 1520 1427 1556 sanguinis
1449 1525 1551 1556 guttas,
1569 1519 1656 1547 Deum
1674 1520 1743 1553 ﬁeri,

945 1571 973 1594 et
986 1566 1054 1599 Deo,
1071 1567 1118 1602 qui
1135 1575 1197 1594 vere
1221 1571 1274 1600 est,
1291 1567 1386 1602 potiri.
1412 1566 1494 1594 Solus
1516 1574 1581 1601 ergo
1599 1566 1688 1594 factus
1702 1573 1743 1600 es,

946 1617 976 1640 ut
996 1614 1164 1648 accepimus,
1183 1614 1218 1640 ab
1233 1613 1267 1641 iis
1283 1621 1366 1641 sensu
1393 1613 1510 1644 divisus,
1541 1613 1586 1649 qui
1609 1604 1742 1640 seeculum

946 1659 999 1686 hoc
1013 1665 1142 1687 amarunt
1168 1669 1175 1687 :
1194 1661 1242 1687 sed
1268 1668 1331 1687 cum
1358 1659 1393 1688 iis
1415 1659 1545 1687 omnibus
1566 1659 1742 1693 coniunctus,

946 1706 994 1741 qui
1012 1706 1136 1733 veritatis
1152 1706 1292 1734 sustinent
1308 1706 1509 1734 defensionem.
1532 1705 1601 1733 Hinc
1626 1710 1652 1733 te
1668 1714 1744 1733 mal"

949 1755 1040 1786 tyrum
1056 1751 1158 1778 chorus
1176 1752 1313 1787 integrum
1338 1752 1480 1786 suscipere
1497 1752 1637 1779 desiderat
1655 1761 1662 1779 :
1680 1751 1745 1779 hinc

950 1796 1141 1824 confessorum
1165 1805 1271 1825 cuneus
1288 1805 1402 1825 manum
1421 1798 1548 1833 porrigit,
1567 1803 1597 1824 ut
1612 1798 1638 1825 in
1653 1797 1744 1825 locum

949 1850 1029 1869 suum
1050 1843 1173 1878 recipiat.

1344 1890 1450 1917 ἐκεῖθεν
1472 1891 1528 1916 τῶν
1569 1891 1746 1926 ὁμολογητῶν

981 1981 1201 2016 Haudquaquam
1218 1983 1253 2009 ab
1268 1982 1318 2009 hac
1336 1981 1466 2016 praeclara
1487 1982 1590 2008 chorea
1605 1981 1742 2009 descisca-

945 2036 1018 2061 mus,
1037 2029 1079 2055 vir
1093 2030 1260 2063 venerande,
1274 2037 1363 2064 neque
1374 2037 1436 2064 spes
1450 2029 1573 2055 omnium
1590 2028 1743 2059 confundas

945 2083 1017 2108 mus,
1034 2076 1075 2102 vir
1089 2075 1330 2103 desiderotissimc.
1346 2074 1453 2108 Quanta
1470 2074 1622 2109 pertulisti?
1634 2075 1702 2101 adeo
1715 2079 1743 2101 ut

945 2130 1044 2149 nomen
1058 2128 1134 2150 tuum
1147 2123 1250 2157 passim
1260 2122 1294 2148 ab
1309 2122 1351 2149 his
1365 2126 1390 2148 et
1400 2121 1453 2148 illis
1467 2122 1592 2148 auditum
1602 2122 1646 2148 sit.
1666 2119 1744 2149 Nunc

90 2165 126 2194 ὂὲ
137 2166 176 2199 ὡς
192 2167 236 2194 ἐπ’
251 2167 334 2202 ὅρους
348 2167 455 2203 ἀρετῶν
468 2167 513 2194 διὰ
529 2167 579 2201 τῆς
596 2166 742 2202 ὁμολογίας
757 2166 893 2202 ἀναϐεϐη-

948 2172 1052 2199 autem.
1064 2172 1194 2203 tanquam
1208 2168 1234 2194 in
1245 2168 1375 2194 virtutum
1394 2171 1514 2194 montem
1537 2174 1586 2202 per
1597 2165 1746 2194 confessio‘

91 2211 165 2245 κὼς,
181 2213 308 2248 ἐμφανὴς
328 2213 423 2247 ὲγένου
448 2213 487 2249 τῷ
512 2213 618 2248 κόσμῳ,
638 2214 685 2239 καὶ
705 2212 894 2248 λαμποφορεῖς

88 2257 174 2294 ἡλίου
190 2258 388 2294 φωτεινότερον
414 2259 462 2285 σὺν
482 2258 521 2293 τῷ
547 2258 619 2293 λόγῳ
633 2259 680 2285 καὶ
703 2257 750 2285 τὸν
771 2258 838 2293 βίον,
855 2258 895 2290 είς

88 2300 178 2333 δόξαν
198 2301 254 2328 Τοῦ
271 2302 387 2336 Πατρός
401 2302 487 2337 ἡμῶν
497 2303 551 2330 τοῦ
560 2303 596 2329 ἐν
608 2302 671 2336 τοῖς
682 2303 823 2338 οὐρανοῖς
835 2311 841 2319 ⁸
855 2304 896 2334 είς

88 2347 181 2374 τόπον
197 2348 303 2384 ήρχθης
329 2348 570 2385 ὕπεραίνοντα,είς
591 2349 719 2384 γλῶσσαν
741 2350 895 2385 παρεδόθης

90 2393 261 2430 βλάσφημον
274 2401 281 2409 ’
302 2395 373 2422 πόσα
385 2395 436 2430 μὲν
452 2393 499 2422 οὖν
516 2396 546 2422 οὒ
563 2396 709 2423 σαίνουσαν
723 2405 730 2430 ;
747 2397 818 2424 πόσα
829 2397 895 2423 δὲού

89 2439 318 2474 ψευδολογοῦσαν
340 2441 388 2467 καὶ
402 2442 582 2478 πειρωμένην
601 2443 759 2470 ὑποχλίνειν
774 2444 829 2470 ἀπὸ
847 2444 895 2470 τοῦ

91 2485 204 2520 ὑψηλοῦ
223 2487 271 2513 καὶ
287 2486 363 2514 θείου
379 2488 555 2522 φρονήματος
565 2498 573 2521 ;
585 2489 643 2516 ἀλλ’
658 2489 737 2524 ῐσμεν
749 2489 779 2523 ἐξ
798 2491 895 2525 ἀκοῆς,

89 2532 160 2564 ὅσος
169 2533 218 2559 καὶ
230 2533 312 2566 αὐτὸς
323 2532 349 2560 εἷ
359 2535 452 2569 χάριτι
462 2535 595 2569 Χριστοῦ,
606 2535 685 2570 λόγον
694 2536 801 2572 ἐπέχων
811 2537 895 2572 ζωῆς,

91 2578 197 2611 σοφίας
206 2579 313 2616 ῥεῖθρον
325 2580 380 2607 ἀπὸ
391 2580 527 2616 στόματος
541 2582 774 2618 προϐαλλόμενος,
793 2585 896 2611 ἀντεπ-

92 2626 212 2659 εξάγειν
241 2627 277 2652 τὰ
292 2626 451 2658 εἰκόταταίς
461 2628 592 2661 ματαίαις
602 2630 779 2664 προτάσεσιν.
798 2630 896 2665 Ἡμεῖς

90 2671 129 2698 δὲ
146 2672 172 2698 oi
184 2672 310 2698 ταπεινοὶ
326 2673 415 2699 ἐκεῖνο
431 2673 547 2708 λέγομεν
572 2675 619 2701 καὶ
640 2675 838 2711 διασαφοῦμεν,
855 2677 896 2704 ὅτι

90 2718 215 2751 λογάδες
227 2717 314 2745 πάλαι
325 2727 357 2745 τε
375 2721 423 2745 καὶ
437 2720 485 2746 νῦν
501 2720 675 2756 προέστησαν
695 2722 775 2749 τοῦδε
792 2723 839 2750 τοῦ
858 2723 897 2750 ἱε-

93 2764 238 2800 ραρχικοῦ
261 2764 368 2801 θρόνου,
390 2765 517 2801 εὐτεκνίᾳ
537 2766 682 2802 δογμάτων
699 2768 730 2795 τὸ
751 2769 816 2804 περὶ
840 2769 897 2796 τῶν

93 2811 309 2847 ῑερῶνείκόνων
323 2812 455 2850 θεώρημά
477 2821 507 2839 τε
529 2813 576 2839 καὶ
604 2813 732 2850 σύνθημα
756 2815 895 2844 διατυπώ-

151 2869 196 2909 ξξΙ
211 2870 277 2909 Cor.
304 2879 352 2909 xtl,
371 2871 416 2899 '27.
474 2873 496 2889 ³⁸
513 2872 548 2901 IV
566 2873 632 2909 Reg.
659 2882 696 2907 Ix,
716 2874 760 2903 15.

91 2906 121 2922 ⁵⁸
157 2905 252 2932 Matlh.
268 2907 343 2939 v|,9.

251 2953 386 2984 ΡΑι-ξιοῐ..
403 2956 459 2985 GR.
487 2954 593 2986 XCIX.

813 2876 836 2891 “°
856 2876 907 2905 lsa.
922 2883 963 2910 ιι,
983 2877 1009 2904 5.

947 2222 1009 2242 nem
1020 2214 1180 2247 subvectus,
1190 2215 1358 2248 conspicuus
1366 2213 1468 2240 mundo
1478 2212 1566 2240 factus
1574 2220 1615 2244 es,
1624 2217 1649 2239 et
1657 2211 1744 2239 facem

947 2260 1020 2295 geris
1037 2261 1095 2288 sole
1120 2260 1294 2292 lueidiorem,
1315 2259 1399 2286 vitam
1422 2259 1504 2287 simul
1520 2266 1581 2286 cum
1605 2265 1743 2289 sermone,

946 2307 979 2334 ad
1000 2307 1114 2342 gloriam
1130 2306 1223 2334 Patris
1237 2307 1334 2339 nostri,
1353 2306 1398 2340 qui
1413 2306 1441 2332 in
1454 2305 1525 2332 cretis
1547 2304 1627 2331 est".
1647 2304 1742 2331 Excel-

947 2362 1008 2381 sum
1028 2354 1054 2381 in
1069 2354 1160 2381 locum
1173 2359 1284 2381 evectus
1302 2361 1342 2385 es,
1362 2353 1462 2387 lingua:
1477 2351 1602 2386 ohjectus
1615 2358 1644 2378 es
1659 2350 1745 2377 male‘

947 2401 1024 2433 dicas,
1042 2400 1108 2435 quid
1128 2407 1182 2427 non
1201 2400 1339 2427 vellicanti
1356 2399 1367 2425 ?
1383 2399 1450 2434 quid
1477 2406 1530 2425 non
1557 2397 1703 2424 mentienti
1730 2395 1744 2424 ἲ

947 2448 1011 2474 dum
1029 2452 1054 2474 te
1068 2447 1103 2473 ah
1117 2446 1228 2474 excelso
1243 2451 1271 2473 et
1284 2446 1379 2474 divino
1401 2452 1484 2473 sensu
1500 2444 1643 2472 deﬂectere
1657 2451 1744 2471 cona«

948 2499 1001 2520 tur.
1019 2492 1072 2520 Sed
1092 2493 1234 2520 auditione
1257 2493 1415 2527 accepimus
1436 2495 1557 2526 quantus
1580 2495 1606 2518 et
1631 2491 1689 2525 ipse
1703 2489 1743 2517 sis

948 2539 1034 2574 gratia
1054 2539 1169 2572 Christi,
1186 2540 1248 2567 vitae
1265 2547 1420 2566 sermonem
1437 2537 1581 2568 adhibens,
1601 2535 1743 2571 sapientiae

947 2586 1049 2613 llumen
1078 2593 1111 2613 ex
1131 2593 1180 2613 ore
1203 2585 1382 2620 profundeus,
1397 2584 1476 2611 vanis
1505 2581 1741 2618 propositionibus

948 2632 1127 2666 congruentia
1144 2639 1297 2667 opponens.
1309 2630 1365 2658 Nos
1383 2637 1447 2658 vero
1465 2629 1583 2656 humiles
1591 2628 1658 2655 illud
1673 2627 1742 2655 dici—

949 2686 1012 2705 mus
1025 2682 1053 2705 et
1075 2681 1220 2709 testamur,
1249 2677 1324 2704 viros
1353 2676 1470 2703 eximios
1486 2680 1513 2703 et
1527 2675 1592 2701 olim
1618 2678 1646 2700 et
1667 2679 1741 2700 nunc

949 2724 1127 2751 hierarchicae
1153 2724 1218 2752 huic
1244 2724 1302 2752 sedi
1322 2722 1478 2759 praefuisse,
1502 2721 1562 2756 qui,
1582 2721 1741 2755 dngmatum

949 2771 1056 2806 peritia,
1073 2775 1156 2799 totam
1173 2771 1208 2798 de
1235 2770 1322 2799 sacris
1342 2769 1509 2805 imaginibus
1526 2766 1740 2802 speculationem

947 2822 976 2845 et
993 2817 1146 2845 doctrinam
1170 2817 1378 2852 descripserunt
1396 2814 1634 2848 tradideruntque.
1656 2810 1700 2844 Et,
1717 2812 1740 2839 si

1061 2877 1083 2894 ’⁷
1099 2876 1183 2904 [Con
1210 2881 1254 2909 νι,
1274 2874 1320 2902 '20.
1374 2873 1543 2908 "‘Philipp.
1565 2879 1585 2906 ι,
1605 2870 1638 2898 19
1662 2873 1741 2905 seqq-

1504 2947 1543 2979 εει
