1927 3089
120 157 190 190 1645

716 161 988 191 E'PISTOLARUM
1010 160 1082 190 LIB.
1116 161 1154 191 ll.

1683 157 1754 189 1616

117 215 348 252 Προὺπέμψαμεν
361 215 476 251 ἀδελφὸν
488 216 590 250 ἀγαθὸν
611 217 649 252 τῷ
663 226 693 243 τε
714 217 790 248 εῖδει,
806 218 852 243 καὶ
877 218 904 252 τῇ

963 222 1027 249 tein,
1049 217 1122 244 sicut
1145 220 1173 243 et
1201 220 1280 242 antea
1299 214 1526 248 ,consanguineos
1549 217 1576 240 et
1601 218 1751 248 parentes:

115 262 225 299 γνώμῃ,
240 263 287 289 καὶ
308 263 341 298 τῇ
365 262 466 293 πίστει,
492 262 587 298 ὥσπερ
611 264 659 290 καὶ
682 263 815 298 πρότερον
843 262 907 294 τοὺς

115 311 280 345 ὁμαίμονας,
296 311 344 337 καὶ
369 311 433 342 τοὺς
463 311 649 346 γεννήτοραςο
673 311 771 346 μικρὸν
793 310 907 344 ὕστερον

116 356 289 390 συνεψόμεθα
303 356 352 382 καὶ
365 357 455 391 ἡμεῖς.
472 356 567 387 Οὐδεὶς
578 356 592 381 ὁ
612 357 712 390 ζήσων,
725 356 774 382 καὶ
790 355 827 391 μὴ
841 356 907 390 θνη-

115 402 246 437 ξὸμενος⁸
261 402 352 433 οὐδεὶς
363 402 378 428 ὀ
388 402 540 436 γεννηθεὶς,
555 401 602 428 καὶ
620 401 658 436 μὴ
676 401 784 436 ταφείς.
814 402 908 436 Παρα-

115 448 318 484 σκευασώμεθα
330 448 390 475 λίαν
398 447 477 484 [ϐοιι.
491 449 557 482 lteg.
567 447 673 484 λοιπόν]
692 448 738 475 καὶ
747 449 827 484 ἡμεῖς
838 448 908 483 πρὸς

113 495 166 528 τὴν
181 493 283 527 ἔξοδον·
308 494 500 529 ἑτοιμάσωμεν
523 495 557 521 τὰ
580 494 676 528 ἐφόδια
696 494 746 529 τῆς
774 493 908 529 μεταστά-

115 549 186 572 σεως
198 549 205 555 ·
221 540 394 575 τυπώσωμεν
408 540 458 571 τὰς
473 540 591 574 ἀδελφὰς
606 540 644 575 τῷ
661 540 756 575 οἰκείῳ
771 540 908 575 καταστή-

115 595 194 621 ματι,
213 587 260 613 καὶ
275 586 384 612 πενθεῖν
404 586 554 622 εὐκαίρως,
572 587 619 613 καὶ
636 587 810 622 εὐχαριστεῖν
826 587 908 622 ἁρμο-

113 631 188 663 δίως.
205 631 344 666 Δείξωμεν
358 633 413 664 τοῖς
427 631 542 667 ὁρῶσιν,
557 632 599 659 ὃτι
615 632 630 658 ό
645 632 712 664 Θεὸς
724 633 755 658 ἐν
768 633 835 668 ἡμῖν
849 633 908 659 ἔστι

112 677 305 712 δοξαζόμενος,
327 678 578 712 εὐχαριστοῦμενος
600 677 642 712 ἐφ’
655 675 697 709 οἷς
713 678 831 706 κελεύει.
847 679 907 705 Λύ-

112 723 165 756 τός
189 722 313 755 ἔδωκεν,
333 723 425 756 αὐτὸς
450 724 501 750 καὶ
528 723 669 757 ἀφείλετο
680 730 687 738 '
703 723 744 756 ὡς
757 722 798 756 τῷ
810 724 909 758 Κυρίῳ

110 769 232 801 ἔδοξεν,
248 769 342 802 οὕτως
354 769 404 796 καὶ
426 769 536 796 ἐπιέτο.
555 770 610 796 Ναὶ
632 769 785 805 παρακαλῶ
801 770 851 804 τὴν
865 779 907 796 τι-

113 813 231 849 μιότητά
249 821 296 840 σου
310 813 355 840 ῐσα
368 814 415 840 καὶ
428 814 511 849 μητρὶ
526 815 573 840 καὶ
584 815 739 850 γεννησάσῃ
757 816 816 850 ἥτοι
828 815 907 841 ἁδελ-

112 860 152 894 φῇ
172 860 205 894 τῇ
230 859 348 894 φιλτάτῃ
377 867 442 894 μοι·
462 860 616 894 ἁφήσωμεν
642 860 733 895 φωνὴν
753 861 905 892 αἰνέσεως·

112 904 300 940 ὑποδείξωμεν
319 904 466 940 πρόσωπον
488 906 666 940 φαιδρότητος
676 914 683 921 ·
696 906 846 941 διδάξωμεν
861 906 906 941 ἕρο
920 899 944 927 Β

111 959 184 984 γοις,
209 950 250 977 ὅτι
277 949 323 976 τὸν
354 950 471 985 σταυρὸν
493 951 537 977 ἐπ’
551 950 633 986 ὤμων
659 952 796 988 φέρομεν
813 952 862 979 καὶ
871 953 903 987 τῇ

112 996 273 1032 προαιρέσει
288 995 473 1031 ἀπεθάνομεν,
499 997 547 1023 καὶ
574 998 686 1032 είκομεν
714 998 785 1025 κατὰ
815 999 906 1026 πάντα

109 1043 169 1073 τοῖς
191 1041 274 1074 θείοις
290 1042 515 1077 προστάγμασιν,
538 1043 601 1069 Ἐὰν
620 1043 691 1070 οὕτω
705 1044 829 1080 πραξοις,
844 1046 905 1072 ὅσον

110 1087 144 1115 τὸ
156 1088 249 1120 καλὸν,
265 1088 411 1123 εὐφρανεῖς
423 1089 552 1124 Χριστὸν,
565 1089 611 1117 τὸν
627 1090 760 1118 ἀθάνατόν
778 1100 824 1118 σου
837 1101 905 1126 νυμ-

112 1134 186 1168 φίον.
209 1134 287 1160 Ἐπεὶ
316 1134 364 1161 ἐὰν
385 1134 469 1170 λυπῇ,
494 1135 592 1167 λυπεῖς
613 1136 694 1163 αὑτὸν
713 1137 750 1168 ὡς
763 1137 794 1164 τὸ
818 1137 903 1170 εἰκὸς,

107 1180 150 1212 ὡς
161 1180 241 1207 ἄλλον
264 1180 460 1215 περισσότερον
481 1181 587 1208 ἐκείνου
609 1181 734 1216 φιλοῦσα.
755 1183 836 1219 Ὁρᾷς
851 1184 904 1211 ποῦ

110 1235 144 1253 σε
159 1227 174 1253 ὁ
189 1226 267 1260 λόγος
292 1226 415 1261 ἧγαγεν;
435 1226 473 1258 ὼς
497 1227 559 1253 οὐδὲ
585 1228 706 1264 ὀρφανὴν
729 1228 830 1262 οὖσαν,
843 1231 904 1257 οὐδὲ

107 1273 308 1305 ἀνεπίσκοπον,
323 1272 385 1299 οὐδὲ
410 1273 644 1307 ἀπροστάτευτον·
660 1275 695 1301 Et
719 1275 774 1310 γὰρ
794 1277 811 1303 ό
833 1277 905 1310 Θεὸς

105 1319 174 1353 μεθ’
185 1319 281 1353 ἡμῶν,
295 1318 342 1352 τίς
352 1319 416 1345 καθ’
426 1318 512 1353 ἡμῶν
524 1320 567 1351 ;εἰ
583 1320 663 1352 αὐτὸς
673 1321 687 1346 ὁ
703 1322 854 1357 περιέπων,
864 1324 907 1355 τίς

107 1366 123 1392 ὁ
137 1364 309 1391 ἀντιπίπτων
322 1372 329 1398 ;
343 1363 437 1397 Οὕτως
453 1365 501 1392 καὶ
514 1365 596 1392 τανῦν
620 1368 773 1403 προήχθην,
789 1369 905 1405 ἀδελφὴ,

958 263 1039 298 paulo
1055 268 1114 297 post
1123 267 1148 289 et
1156 269 1205 289 nos
1216 261 1426 295 subsequemur.
1442 259 1537 287 Nullus
1550 259 1630 291 vivet,
1641 261 1687 294 qui
1698 268 1753 286 non

959 308 994 336 sit
1008 308 1157 335 moriturus
1171 316 1178 334 :
1190 313 1272 334 nemo
1283 310 1364 333 natus
1374 309 1462 332 etnon
1473 304 1607 340 sepultus.
1618 304 1753 339 Accinga-

958 361 1020 380 tuur
1034 358 1060 381 et
1071 361 1121 380 nos
1135 353 1263 387 deinceps
1278 352 1313 379 ad
1327 352 1429 378 exitum
1447 360 1454 378 :
1468 350 1638 386 migrationis
1652 350 1753 377 viatica

958 407 1148 434 comparemus
1164 409 1171 426 :
1189 406 1299 426 sorores
1320 398 1444 432 exemplo
1454 403 1547 424 nostro
1562 397 1751 428 inlormemus,

958 451 988 473 ut
1003 451 1030 474 et
1043 445 1204 481 tempestive
1218 445 1341 479 lugeant,
1353 449 1380 471 et
1395 448 1425 471 ut
1443 443 1531 476 decet,
1544 444 1645 478 gratias
1660 449 1752 478 agant.

959 492 1145 520 Ostendamus
1162 492 1196 518 iis
1209 490 1256 525 qui
1273 497 1325 517 nos
1339 490 1442 523 vident,
1461 488 1545 516 Deum
1564 497 1579 516 a
1595 489 1674 516 nobis
1695 490 1754 523 glo-

960 537 1071 570 riticari,
1097 537 1176 572 eique
1193 537 1295 572 gratias
1317 536 1359 571 agi
1379 536 1414 563 ob
1432 542 1465 562 ea
1479 542 1541 570 «tua:
1566 534 1666 569 jubet:
1691 533 1753 569 Ipse

959 583 1044 617 dedit,
1061 584 1116 618 ipse
1125 583 1332 610 abstulituicut
1343 582 1457 609 Domino
1468 581 1581 615 placuit,
1600 581 1637 608 ita
1652 581 1754 615 factum

958 634 997 656 est
1010 629 1029 656 ’.
1041 628 1140 663 Utique
1153 628 1275 655 obtestor
1288 627 1526 654 honoriﬁcentiam
1540 631 1625 658 tuam,
1642 627 1754 661 perinde

959 683 992 702 ac
1016 679 1132 702 matrem
1149 682 1210 709 quae
1235 682 1278 701 me
1302 674 1438 709 genuerit,
1465 678 1513 699 aut
1537 681 1660 700 sororem
1685 673 1752 700 mihi

959 721 1170 748 charissimam:
1184 728 1344 755 promamus
1360 727 1455 748 vocem
1471 719 1640 746 laudationis
1656 728 1662 746 :
1678 719 1753 746 exhi-

959 768 1072 795 beamus
1097 767 1204 793 vultum
1230 766 1378 793 hiiaritatis
1407 775 1413 793 :
1439 767 1588 794 doceamus
1613 766 1753 801 operibus,

958 822 1010 842 nos
1038 821 1148 841 crucem
1173 806 1297 840 humeris
1319 818 1437 848 gestare,
1454 817 1481 839 et
1498 812 1638 839 voluntate
1659 816 1753 840 nostra

960 865 1084 889 mortuos
1098 868 1169 892 esse,
1186 864 1214 888 et
1229 860 1331 888 divinis
1350 859 1488 886 mandatis
1509 858 1536 885 in
1560 858 1689 885 omnibus
1704 859 1754 884 ob-

960 913 1122 942 temperare.
1139 905 1197 933 Hoc
1215 905 1298 933 modo
1316 905 1339 933 si
1355 910 1381 932 te
1397 905 1527 940 gesseris,
1543 908 1625 939 prout
1645 909 1751 932 rectum

958 957 1001 980 est
1013 960 1045 980 ac
1065 951 1237 986 praeclarum,
1260 951 1401 978 Christum
1417 950 1585 977 exhilarabis
1603 949 1750 977 immorta-

958 1000 1012 1027 lem
1033 999 1172 1035 Sponsum
1198 1003 1302 1032 tuum;
1325 998 1467 1033 quoniam,
1484 997 1506 1024 si
1533 997 1662 1030 trist-aris,
1686 1004 1752 1024 con-

958 1045 1053 1082 tristas
1076 1044 1165 1077 illum,
1188 1049 1215 1071 ut
1235 1051 1285 1078 par
1299 1047 1343 1071 est
1368 1043 1491 1075 credere,
1510 1047 1640 1077 tanquam
1666 1042 1750 1069 alium

958 1099 1013 1126 prae
1026 1091 1074 1119 illo
1090 1098 1187 1119 amans
1207 1090 1370 1125 impensius.
1390 1089 1469 1117 Vides
1483 1097 1539 1124 quo
1561 1093 1586 1117 te
1602 1089 1648 1116 hic
1661 1096 1752 1116 sermo

959 1137 1086 1173 perduxit
1108 1137 1207 1172 :quod
1228 1144 1317 1172 neque
1342 1136 1410 1163 orba
1435 1136 1484 1169 sis,
1519 1143 1570 1163 nec
1596 1135 1752 1170 inspectore

959 1191 1066 1217 careas,
1091 1191 1142 1211 nec
1171 1187 1270 1210 tutore.
1289 1181 1319 1210 Si
1344 1183 1415 1209 enim
1432 1181 1500 1209 Deut:
1522 1190 1571 1216 pro
1587 1183 1676 1214 nobis,
1692 1183 1751 1218 quis

959 1236 1052 1258 contra
1068 1239 1115 1257 nos
1133 1230 1143 1246 ³
1158 1230 1170 1257 ?
1183 1231 1206 1258 si
1222 1230 1279 1265 ipse
1292 1237 1387 1257 curatn
1407 1230 1487 1265 gerit.
1511 1230 1573 1264 quis
1592 1229 1752 1257 adversabi—

959 1283 1005 1305 tur
1021 1279 1032 1304 ?
1050 1277 1095 1304 Sic
1112 1282 1139 1305 et
1155 1284 1238 1308 nunc,
1255 1280 1345 1308 soror,
1364 1276 1499 1304 adductus
1516 1284 1577 1304 sum
1601 1280 1630 1303 ut
1642 1281 1668 1304 te
1684 1277 1751 1303 hor-

959 1329 1041 1351 tarer.
1055 1323 1096 1350 Tu
1120 1331 1185 1350 vero
1198 1327 1272 1350 recte
1294 1321 1393 1350 feceris
1407 1322 1430 1350 si
1452 1322 1549 1350 credas
1572 1321 1682 1350 indocto
1692 1324 1750 1350 seni

957 1369 1123 1402 consulenti,
1139 1374 1167 1396 et
1179 1369 1226 1404 qui
1239 1369 1323 1396 rebus
1343 1368 1409 1402 tuis,
1427 1373 1509 1404 prout
1526 1369 1616 1401 debet,
1634 1369 1674 1397 sic
1695 1368 1751 1396 alli-

108 1411 300 1446 παρακαλέσαι
327 1419 367 1436 σε.
395 1410 470 1446 Αὐτὴ
497 1411 526 1438 δὲ
552 1410 582 1438 εὖ
619 1413 776 1448 πράττουσα
802 1416 904 1444 πείθοιο

959 1417 1029 1444 citur
1045 1420 1175 1450 tanquam
1185 1415 1316 1450 propriis.

107 1456 205 1492 ἁσόφῳ
220 1456 339 1492 γέροντι,
356 1454 385 1484 εὖ
411 1457 655 1492 συμϐουλεύσαντι,
676 1460 723 1486 καὶ
740 1461 780 1495 τῷ
790 1461 848 1489 ὄντι
875 1463 1091 1491 οξκειοπαοοῡντι
1114 1461 1310 1496 ὀφειλομένως,
1326 1461 1364 1493 ὡς
1387 1463 1485 1494 οἰκεῖα,
1499 1461 1534 1488 τὰ
1552 1463 1596 1489 σά.

163 1525 224 1552 Eli-1'
239 1525 302 1561 (9').
311 1540 348 1546 —
359 1525 494 1559 Μεθοδίῳ
506 1526 562 1562 (10)
572 1526 742 1560 μονάζοντι.
765 1529 851 1566 [ωμ¹.]

1097 1531 1198 1560 CCXV.
1220 1546 1253 1551 —
1271 1531 1406 1558 Met/tudio
1421 1532 1547 1558 monac/ia
1565 1531 1607 1566 (‘).

756 1589 792 1614 De
810 1589 918 1616 diversis
935 1591 1098 1623 argumentis.

159 1642 235 1676 Οσην
249 1640 306 1676 ἔχει
319 1640 467 1667 ἐπιποθίαν
483 1641 500 1676 ἡ
514 1641 641 1676 τιμιότης
653 1649 700 1668 σου
715 1641 780 1668 ἰδεῖν
795 1641 845 1677 τὴν
857 1651 906 1670 τα-

109 1688 242 1715 πείνωσιν
256 1687 348 1722 ἡμῶν,
360 1686 496 1722 τοσαύτην
518 1687 617 1714 οἰέσθω
635 1688 684 1714 καὶ
700 1688 905 1724 τὴνηλὴμετέραν

109 1733 180 1761 εἶναι
194 1733 262 1769 πρὸς
276 1732 326 1768 τὴν
338 1733 398 1759 κατ’
411 1732 568 1767 ὀφθαλμοὺς
585 1732 704 1767 ὁμιλίαν.
724 1733 794 1759 Ἀλλ’
811 1734 905 1769 ἐπειδὴ

110 1781 268 1815 γέγραπται
281 1787 286 1793 ·
303 1780 344 1805 Οὐ
358 1778 412 1805 τοῦ
427 1779 568 1811 θέλοντος
581 1778 652 1805 οὐδὲ
666 1778 719 1805 τοῦ
734 1779 903 1814 τρέχοντος,

110 1826 193 1853 ἀλλὰ
205 1825 258 1852 τοῦ
270 1819 430 1857 ἐλεοῦντος
439 1824 514 1851 Θεοῦ
524 1833 531 1840 ·
547 1824 622 1860 αὐτῷ
635 1825 781 1852 ἀναθετέον
795 1826 840 1852 τὸν
858 1827 906 1853 πό-

111 1872 222 1905 θον,καὶ
233 1870 410 1906 ὲπιῤῥιπτέον
421 1870 470 1906 τὴν
482 1870 628 1906 μέριμναν,
640 1871 688 1897 καὶ
696 1871 775 1902 αὐτὸς
784 1871 903 1906 ποιήσει,

111 1919 231 1954 ὁπηνίκα
246 1918 279 1945 ἂν
293 1919 341 1945 καὶ
357 1917 496 1953 βούληται,
512 1917 627 1952 θέλημα
641 1918 701 1944 τῶν
711 1918 904 1953 φοϐουμένων

109 1965 214 1992 αὐτόν.
227 1964 265 1990 Τὸ
275 1963 303 1990 δὲ
314 1963 361 1990 νῦν
374 1963 446 1998 ἔχον,
458 1964 606 1997 ἀναγκαῖον
619 1964 748 1999 περὶτῶν
757 1964 906 1999 προταθὲν-

106 2020 162 2038 των
175 2010 335 2045 κεφαλαίων
346 2009 398 2036 ὑπὸ
414 2009 468 2036 τῶν
479 2009 676 2044 πνευματικῶν
691 2009 769 2044 ἡμῶν
781 2010 905 2045 ἀδελφῶν

114 2057 271 2093 Ίλαρίωνός
282 2065 313 2083 τε
327 2056 374 2083 καὶ
383 2055 563 2090 Εὑστρατίου,
575 2054 779 2090 μεσολαΰούσης
791 2056 841 2090 τῆς
854 2056 904 2091 σῆς

107 2102 454 2138 εὺὴὸείαςτάποκριθῆναι
463 2101 496 2128 τὰ
505 2101 607 2128 εἰκότα.
621 2101 664 2133 Ὠς
674 2102 706 2128 ἂν
714 2101 742 2128 δὲ
750 2101 904 2129 εὐσύνοπτα

105 2150 223 2185 γένηται
235 2149 269 2176 τὰ
287 2148 434 2183 λεγόμενα,
451 2148 510 2179 ἑνὸς
525 2147 643 2174 ἑκάστου
660 2146 843 2182 προταοέντος
858 2156 904 2174 κε-

107 2196 225 2230 φαλαίου
244 2194 314 2221 κατὰ
330 2193 483 2229 συνέχειαν,
498 2193 546 2220 καὶ
561 2194 578 2229 ὴ
589 2193 735 2229 ἀπόκρισις
748 2192 814 2221 εἷεν.

148 2239 308 2275 Ἐρώτησις
323 2239 363 2266 A’.
378 2254 414 2260 -—
428 2239 498 2274 Περὶ
512 2238 566 2265 τῶν
580 2240 826 2274 χειροτονηθέντων
837 2248 903 2275 πρε-

992 1644 1102 1677 Quanto
1115 1642 1212 1677 ﬂagrat
1226 1642 1387 1670 excellentia
1416 1646 1462 1669 tua
1478 1641 1616 1669 desiderio
1640 1642 1748 1670 videndi

956 1690 1119 1717 tenuitatem
1132 1694 1254 1717 nostram
1269 1697 1276 1716 ζ
1293 1693 1399 1715 tantum
1413 1694 1439 1716 et
1454 1693 1530 1723 putet
1542 1696 1603 1716 esse
1612 1693 1747 1723 nostrum,

956 1742 987 1764 ut
1002 1742 1092 1764 tecum
1110 1744 1203 1764 coram
1220 1735 1443 1770 congrediamur.
1460 1734 1513 1761 Sed
1530 1734 1594 1769 quia
1614 1735 1747 1769 scriptum

956 1787 998 1810 est
1012 1792 1018 1809 :
1034 1782 1095 1809 Non
1108 1783 1216 1810 volentis
1233 1790 1313 1817 neque
1330 1782 1472 1814 currentis,
1493 1782 1538 1808 sed
1552 1782 1698 1810 miserantis
1708 1789 1747 1810 est

955 1828 1041 1863 Dei“;
1060 1829 1093 1857 ad
1114 1830 1205 1864 ipsum
1221 1827 1382 1856 referendus
1398 1833 1440 1854 est
1455 1829 1570 1855 allectus
1584 1848 1592 1861 ,
1612 1836 1644 1855 ac
1662 1829 1749 1863 proji-

955 1876 1052 1903 cienda
1078 1875 1106 1902 in
1126 1882 1189 1902 eum
1220 1882 1288 1901 cura
1306 1883 1312 1901 :
1329 1879 1411 1908 atque
1430 1874 1497 1908 ipse,
1516 1881 1579 1900 cum
1605 1874 1746 1908 voluerit,

962 1922 1131 1950 l’oluntatem
1142 1923 1291 1950 timentium
1303 1930 1330 1948 se
1342 1922 1424 1955 faciet
1436 1921 1456 1948 ⁵.
1476 1921 1553 1954 Quod
1566 1929 1630 1949 vero
1646 1923 1679 1949 ad
1695 1922 1748 1949 hoe

957 1975 1064 2004 tempus
1077 1970 1187 2003 attinet,
1202 1969 1237 1996 de
1252 1969 1389 2004 capitibus
1404 1967 1552 2003 propositis
1566 1975 1581 1995 ε
1595 1969 1748 2002 spirituali—

955 2016 1007 2043 bus
1020 2015 1155 2042 fratribus
1170 2015 1275 2042 nostris
1292 2014 1434 2042 Hilarione
1453 2019 1481 2041 et
1493 2013 1645 2046 Eustratio,
1663 2015 1748 2042 inter.

954 2062 1084 2089 veniente
1098 2062 1253 2089 reverentia
1271 2067 1328 2094 tua,
1352 2062 1538 2089 necessarium
1552 2066 1594 2089 est
1609 2069 1670 2096 quae
1684 2068 1748 2089 con-

953 2109 1090 2136 venientia
1103 2108 1270 2135 ridebuntur
1285 2109 1461 2142 respondere.
1477 2107 1578 2135 Verum
1596 2113 1626 2135 ut
1639 2108 1747 2136 facilius

953 2154 1056 2189 percipi
1075 2155 1183 2189 possint
1198 2162 1259 2188 qua:
1273 2155 1412 2188 dicentur,
1438 2155 1587 2189 unicuique
1602 2155 1746 2189 proposita:

953 2201 1099 2237 quaestioni
1109 2201 1276 2234 conjunctim
1288 2209 1319 2228 su
1325 2202 1471 2236 bjungctur
1482 2202 1578 2229 ordine
1591 2202 1744 2236 responsio.

989 2247 1171 2283 Interrogatio
1186 2248 1207 2275 1.
1219 2262 1256 2267 -
1269 2247 1308 2275 De
1325 2247 1510 2283 presbyteris,
1525 2248 1573 2283 qui
1586 2248 1680 2275 Romae
1698 2251 1746 2275 aut

106 2286 249 2321 σϐυτέρων
263 2286 292 2312 ὲν
306 2284 410 2320 Ῥώμῃ,
424 2285 453 2312 ὲν
466 2285 613 2316 Νεαπόλει,
630 2284 677 2311 καὶ
695 2285 724 2311 ὲν
744 2285 901 2321 ΛογγιΕαρ-

958 2293 1077 2329 Neapoli,
1095 2298 1123 2321 et
1144 2293 1172 2321 in
1187 2293 1378 2329 Longobardia
1397 2293 1516 2321 ordinati
1531 2293 1636 2329 absque
1655 2293 1745 2322 accla-

103 2333 163 2368 ὃίᾳ,
189 2331 366 2367 ἁκηρύκτων,
382 2331 431 2358 καὶ
451 2330 682 2366 ἀπολελυμένων·
707 2332 732 2358 εἰ
761 2331 814 2368 χρὴ
839 2332 903 2364 τοὺς

103 2378 247 2409 τοιούτους
268 2377 404 2412 δέχεσθαι,
419 2377 467 2404 καὶ
488 2378 627 2404 κοινωνεῖν
649 2377 751 2410 αὐτοῖς,
770 2378 818 2404 καὶ
838 2386 902 2405 συν-

103 2425 222 2457 εσθίειν,
235 2423 285 2450 καὶ
296 2423 485 2459 συνεύχεσθαι.

150 2481 331 2514 Ἀπόκρισις.
343 2494 378 2499 -
399 2478 445 2506 Ἐν
468 2479 557 2514 καιρῷ
582 2479 715 2514 αἱρέσεως
732 2480 764 2506 οὺ
780 2479 851 2507 κατὰ.
866 2479 901 2507 τὰ

104 2529 137 2554 ἒν
151 2527 249 2562 εἰρήνῃ
263 2525 424 2552 τυπωθέντα
439 2525 548 2556 πάντως
562 2525 775 2560 ἁπαραλείπτως
785 2526 901 2559 γίνεται,

104 2574 152 2601 διὰ
177 2574 227 2608 τὴν
243 2572 452 2606 ὰναγκάζουσαν
474 2571 578 2606 χρείαν.
595 2573 683 2606 Ὅπερ
700 2572 826 2605 φαίνεται
849 2581 899 2598 πε-

104 2619 233 2655 ποιηκὼς
247 2619 261 2645 ὃ
271 2627 301 2644 τε
313 2616 522 2653 μακαριώτατος
540 2617 709 2648 Ἀθανάσιος,
722 2617 769 2643 καὶ
783 2618 797 2643 ὁ
813 2616 899 2651 ἁγιώ-

142 2677 153 2693 ¹
164 2675 217 2703 Job
230 2683 250 2707 ι,
265 2675 309 2702 21.
348 2674 358 2690 ³
369 2673 448 2700 Rom.
460 2681 516 2706 vm,
535 2673 579 2700 51.

952 2341 1074 2368 matione
1089 2344 1164 2372 sunt,
1176 2339 1319 2368 etdimissi
1334 2349 1341 2366 ε
1357 2345 1449 2368 utrum
1462 2347 1509 2368 eos
1523 2340 1646 2375 recipere
1663 2347 1745 2375 opor-

952 2392 1017 2419 teat,
1035 2394 1098 2414 oum
1116 2386 1213 2422 eisque
1229 2387 1437 2415 communicare
1448 2407 1457 2420 ,
1471 2390 1500 2414 et
1514 2387 1608 2414 cibum
1623 2394 1743 2419 sumere,

951 2438 978 2461 et
1000 2441 1089 2461 orare.

986 2479 1129 2514 Responso.
1147 2494 1183 2499 —
1197 2478 1338 2517 Haereseos
1365 2484 1496 2514 tempore,
1520 2483 1629 2514 propter
1644 2487 1745 2514 cogen-

952 2531 1007 2552 tem
1024 2526 1228 2558 necessitatem,
1247 2533 1302 2552 non
1323 2525 1404 2560 plane
1423 2525 1498 2552 onmi
1517 2532 1549 2552 ex
1573 2529 1650 2560 parte
1676 2527 1745 2552 linnt.

954 2581 1015 2607 qtltL'
1028 2574 1053 2599 in
1065 2580 1130 2608 pace
1144 2572 1250 2600 sancita
1266 2578 1341 2599 sunt.
1355 2571 1383 2599 ld
1398 2571 1471 2606 quod
1489 2571 1589 2599 fecisse
1604 2572 1744 2599 cernimus

954 2623 1012 2645 tum
1033 2619 1224 2646 beatissimum
1241 2617 1421 2644 Athanasium
1436 2637 1444 2651 ,
1462 2622 1520 2645 tum
1537 2617 1743 2645 sanctissimum

619 2673 630 2688 ‘
645 2672 725 2699 Boni.
740 2681 777 2704 ix,
800 2672 842 2700 16.
882 2674 892 2689 ⁵
908 2675 978 2702 Psal.
998 2684 1086 2705 CXLW,
1104 2675 1146 2702 19.

851 2733 976 2767 ,Nﬂ‘lﬁ.

145 2794 194 2829 (9‘)
207 2793 237 2829 li]
254 2792 315 2820 cod.
333 2790 481 2829 Beg._ctn'.
496 2825 514 2829 η
527 2825 544 2829 __
577 2825 593 2829 _
644 2825 649 2829 _
685 2823 690 2829 _

146 2824 294 2864 (ltiLHanc
311 2824 462 2864 epistolam
472 2825 557 2853 edidit
573 2824 818 2864 golelerius,_t_._l_ll
836 2824 895 2864 Mq-

105 2860 181 2893 uuin.
193 2860 305 2891 'Eccles.
329 2860 436 2894 Crazcw,
455 2869 488 2888 ex
505 2863 566 2888 COI'.
581 2860 676 2895 Regio,
695 2867 722 2886 n.
738 2860 816 2892 1770,
845 2861 896 2886 sub

107 2900 221 2928 nomine
235 2897 454 2933 NicephoriCl’.;
469 2896 646 2924 at'l‘lieodoro
656 2900 750 2923 nostro
760 2895 898 2923 vindicant

770 2980 777 2993 Ι

949 2794 1009 2820 cod.
1028 2794 1094 2828 Reg.
1109 2802 1140 2829 in.
1158 2793 1237 2824 t987,
1259 2801 1315 2829 quo
1330 2795 1372 2822 usi
1391 2800 1498 2822 sumus.
1511 2797 1538 2820 et
1552 2791 1652 2826 duplex
1668 2799 1743 2827 δρυ-

950 2830 1083 2862 grapllutn
1104 2828 1256 2856 Sirmondi.

987 2863 1024 2899 (ἢ
1041 2864 1208 2899 Dogmatica.
