  <div class='ocr_page' id='page_1' title='image "/cluster/home/n/w/nwhite01/storage/ocr_20150623/99/njp.32101010943858/895.png"; bbox 0 0 1927 3089; ppageno 0'>
   <div class='ocr_carea' id='block_1_1' title="bbox 180 135 247 169">
    <p class='ocr_par' dir='ltr' id='par_1_1' title="bbox 180 135 247 169">
     <span class='ocr_line' id='line_1_1' title="bbox 180 135 247 169; baseline 0 -1"><span class='ocrx_word' id='word_1_1' title='bbox 180 135 247 169; x_wconf 72' lang='grc'><strong>1647</strong></span> 
     </span>
    </p>
   </div>
   <div class='ocr_carea' id='block_1_2' title="bbox 776 134 1216 167">
    <p class='ocr_par' dir='ltr' id='par_1_2' title="bbox 776 134 1216 167">
     <span class='ocr_line' id='line_1_2' title="bbox 776 134 1216 167; baseline -0.007 0"><span class='ocrx_word' id='word_1_2' title='bbox 776 137 807 167; x_wconf 86' lang='lat' dir='ltr'><strong>S.</strong></span> <span class='ocrx_word' id='word_1_3' title='bbox 825 134 1024 167; x_wconf 79' lang='lat' dir='ltr'><strong>THEODORI</strong></span> <span class='ocrx_word' id='word_1_4' title='bbox 1041 134 1216 165; x_wconf 77' lang='lat' dir='ltr'><strong>STUDIT/E</strong></span> 
     </span>
    </p>
   </div>
   <div class='ocr_carea' id='block_1_3' title="bbox 1747 134 1813 165">
    <p class='ocr_par' dir='ltr' id='par_1_3' title="bbox 1747 134 1813 165">
     <span class='ocr_line' id='line_1_3' title="bbox 1747 134 1813 165; baseline 0 0"><span class='ocrx_word' id='word_1_5' title='bbox 1747 134 1813 165; x_wconf 69' lang='grc'><strong>1648</strong></span> 
     </span>
    </p>
   </div>
   <div class='ocr_carea' id='block_1_4' title="bbox 179 190 977 231">
    <p class='ocr_par' dir='ltr' id='par_1_4' title="bbox 179 194 974 231">
     <span class='ocr_line' id='line_1_4' title="bbox 179 194 974 231; baseline -0.005 -6"><span class='ocrx_word' id='word_1_6' title='bbox 179 196 330 226; x_wconf 85' lang='lat' dir='ltr'><strong>Eusebium</strong></span> <span class='ocrx_word' id='word_1_7' title='bbox 351 204 359 223; x_wconf 87' lang='lat'><strong>:</strong></span> <span class='ocrx_word' id='word_1_8' title='bbox 380 194 429 231; x_wconf 98' lang='lat' dir='ltr'><strong>qui</strong></span> <span class='ocrx_word' id='word_1_9' title='bbox 448 195 530 223; x_wconf 89' lang='lat' dir='ltr'><strong>ambo</strong></span> <span class='ocrx_word' id='word_1_10' title='bbox 554 199 711 224; x_wconf 80' lang='lat' dir='ltr'><strong>exterarum</strong></span> <span class='ocrx_word' id='word_1_11' title='bbox 729 195 918 223; x_wconf 79' lang='lat' dir='ltr'><strong>ordinationes</strong></span> <span class='ocrx_word' id='word_1_12' title='bbox 938 194 974 221; x_wconf 80' lang='lat' dir='ltr'><strong>fc-</strong></span> 
     </span>
    </p>
   </div>
   <div class='ocr_carea' id='block_1_5' title="bbox 1036 190 1814 231">
    <p class='ocr_par' dir='ltr' id='par_1_5' title="bbox 1036 190 1814 228">
     <span class='ocr_line' id='line_1_5' title="bbox 1036 190 1814 228; baseline 0.001 -10"><span class='ocrx_word' id='word_1_13' title='bbox 1036 202 1105 226; x_wconf 67' lang='lat' dir='ltr'><strong>:a‘ro;</strong></span> <span class='ocrx_word' id='word_1_14' title='bbox 1127 193 1268 225; x_wconf 77' lang='grc' dir='ltr'>Εὐσέϐιος,</span> <span class='ocrx_word' id='word_1_15' title='bbox 1292 191 1457 228; x_wconf 80' lang='grc' dir='ltr'><strong>ὑπερορίους</strong></span> <span class='ocrx_word' id='word_1_16' title='bbox 1477 190 1644 228; x_wconf 80' lang='grc' dir='ltr'><strong>χειροτονίας</strong></span> <span class='ocrx_word' id='word_1_17' title='bbox 1664 192 1814 228; x_wconf 75' lang='grc' dir='ltr'>ἀμφότεροι</span> 
     </span>
    </p>
   </div>
   <div class='ocr_carea' id='block_1_6' title="bbox 177 241 974 277">
    <p class='ocr_par' dir='ltr' id='par_1_6' title="bbox 177 241 974 277">
     <span class='ocr_line' id='line_1_6' title="bbox 177 241 974 277; baseline -0.005 -5"><span class='ocrx_word' id='word_1_18' title='bbox 177 251 252 272; x_wconf 85' lang='lat' dir='ltr'><strong>cere.</strong></span> <span class='ocrx_word' id='word_1_19' title='bbox 269 243 397 277; x_wconf 86' lang='lat' dir='ltr'><strong>Idemque</strong></span> <span class='ocrx_word' id='word_1_20' title='bbox 421 250 496 270; x_wconf 87' lang='lat' dir='ltr'><strong>nunc</strong></span> <span class='ocrx_word' id='word_1_21' title='bbox 520 242 546 269; x_wconf 92' lang='lat' dir='ltr'><strong>in</strong></span> <span class='ocrx_word' id='word_1_22' title='bbox 569 242 697 277; x_wconf 66' lang='lat' dir='ltr'><strong>prmsenti</strong></span> <span class='ocrx_word' id='word_1_23' title='bbox 714 241 813 269; x_wconf 64' lang='lat' dir='ltr'><strong>haeresi</strong></span> <span class='ocrx_word' id='word_1_24' title='bbox 829 241 886 269; x_wconf 84' lang='lat' dir='ltr'><strong>ﬂeri</strong></span> <span class='ocrx_word' id='word_1_25' title='bbox 906 248 974 269; x_wconf 88' lang='lat' dir='ltr'><strong>con-</strong></span> 
     </span>
    </p>
   </div>
   <div class='ocr_carea' id='block_1_7' title="bbox 176 287 972 325">
    <p class='ocr_par' dir='ltr' id='par_1_7' title="bbox 176 287 972 325">
     <span class='ocr_line' id='line_1_7' title="bbox 176 287 972 325; baseline -0.004 -8"><span class='ocrx_word' id='word_1_26' title='bbox 176 289 305 325; x_wconf 78' lang='lat' dir='ltr'><strong>spicitur.</strong></span> <span class='ocrx_word' id='word_1_27' title='bbox 336 287 433 323; x_wconf 85' lang='lat' dir='ltr'><strong>Itaque</strong></span> <span class='ocrx_word' id='word_1_28' title='bbox 465 287 620 324; x_wconf 71' lang='lat' dir='ltr'><strong>presbyteri</strong></span> <span class='ocrx_word' id='word_1_29' title='bbox 649 287 806 321; x_wconf 74' lang='lat' dir='ltr'><strong>memorati,</strong></span> <span class='ocrx_word' id='word_1_30' title='bbox 831 287 854 315; x_wconf 88' lang='lat' dir='ltr'><strong>si</strong></span> <span class='ocrx_word' id='word_1_31' title='bbox 882 287 972 322; x_wconf 82' lang='lat' dir='ltr'><strong>palam</strong></span> 
     </span>
    </p>
   </div>
   <div class='ocr_carea' id='block_1_8' title="bbox 176 333 974 369">
    <p class='ocr_par' dir='ltr' id='par_1_8' title="bbox 176 333 974 369">
     <span class='ocr_line' id='line_1_8' title="bbox 176 333 974 369; baseline -0.004 -6"><span class='ocrx_word' id='word_1_32' title='bbox 176 334 299 364; x_wconf 81' lang='lat' dir='ltr'><strong>damnati</strong></span> <span class='ocrx_word' id='word_1_33' title='bbox 318 341 371 362; x_wconf 90' lang='lat' dir='ltr'><strong>non</strong></span> <span class='ocrx_word' id='word_1_34' title='bbox 385 334 452 366; x_wconf 85' lang='lat' dir='ltr'><strong>sint,</strong></span> <span class='ocrx_word' id='word_1_35' title='bbox 466 341 642 369; x_wconf 81' lang='lat' dir='ltr'><strong>nequaquam</strong></span> <span class='ocrx_word' id='word_1_36' title='bbox 658 333 694 361; x_wconf 90' lang='lat' dir='ltr'><strong>ob</strong></span> <span class='ocrx_word' id='word_1_37' title='bbox 708 333 844 369; x_wconf 86' lang='lat' dir='ltr'><strong>ejusmodi</strong></span> <span class='ocrx_word' id='word_1_38' title='bbox 861 333 974 360; x_wconf 89' lang='lat' dir='ltr'><strong>ordina-</strong></span> 
     </span>
    </p>
   </div>
   <div class='ocr_carea' id='block_1_9' title="bbox 183 380 973 413">
    <p class='ocr_par' dir='ltr' id='par_1_9' title="bbox 183 380 973 413">
     <span class='ocr_line' id='line_1_9' title="bbox 183 380 973 413; baseline -0.001 -5"><span class='ocrx_word' id='word_1_39' title='bbox 183 381 288 409; x_wconf 86' lang='lat' dir='ltr'><strong>tionem</strong></span> <span class='ocrx_word' id='word_1_40' title='bbox 303 380 447 408; x_wconf 78' lang='lat' dir='ltr'><strong>aversandi</strong></span> <span class='ocrx_word' id='word_1_41' title='bbox 463 385 538 413; x_wconf 92' lang='lat' dir='ltr'><strong>sunt,</strong></span> <span class='ocrx_word' id='word_1_42' title='bbox 565 380 612 408; x_wconf 89' lang='lat' dir='ltr'><strong>sed</strong></span> <span class='ocrx_word' id='word_1_43' title='bbox 636 380 798 407; x_wconf 89' lang='lat' dir='ltr'><strong>admittendi</strong></span> <span class='ocrx_word' id='word_1_44' title='bbox 821 380 973 407; x_wconf 80' lang='lat' dir='ltr'><strong>secundum</strong></span> 
     </span>
    </p>
   </div>
   <div class='ocr_carea' id='block_1_10' title="bbox 177 427 533 464">
    <p class='ocr_par' dir='ltr' id='par_1_10' title="bbox 177 427 533 464">
     <span class='ocr_line' id='line_1_10' title="bbox 177 427 533 464; baseline -0.006 -8"><span class='ocrx_word' id='word_1_45' title='bbox 177 433 299 464; x_wconf 82' lang='lat' dir='ltr'><strong>quatuor</strong></span> <span class='ocrx_word' id='word_1_46' title='bbox 316 427 533 463; x_wconf 75' lang='lat' dir='ltr'><strong>propositiones.</strong></span> 
     </span>
    </p>
   </div>
   <div class='ocr_carea' id='block_1_11' title="bbox 215 473 975 510">
    <p class='ocr_par' dir='ltr' id='par_1_11' title="bbox 215 473 975 510">
     <span class='ocr_line' id='line_1_11' title="bbox 215 473 975 510; baseline -0.003 -8"><span class='ocrx_word' id='word_1_47' title='bbox 215 474 397 510; x_wconf 71' lang='lat' dir='ltr'><strong>Interrogatio</strong></span> <span class='ocrx_word' id='word_1_48' title='bbox 415 473 448 501; x_wconf 90' lang='lat' dir='ltr'><strong>ll.</strong></span> <span class='ocrx_word' id='word_1_49' title='bbox 463 488 500 494; x_wconf 93' lang='lat'><strong><em>—</em></strong></span> <span class='ocrx_word' id='word_1_50' title='bbox 519 473 557 501; x_wconf 91' lang='lat' dir='ltr'><strong>De</strong></span> <span class='ocrx_word' id='word_1_51' title='bbox 571 473 741 509; x_wconf 81' lang='lat' dir='ltr'><strong>presbyteris</strong></span> <span class='ocrx_word' id='word_1_52' title='bbox 754 477 832 502; x_wconf 80' lang='lat' dir='ltr'><strong>extra</strong></span> <span class='ocrx_word' id='word_1_53' title='bbox 860 474 975 509; x_wconf 86' lang='lat' dir='ltr'><strong>provin-</strong></span> 
     </span>
    </p>
   </div>
   <div class='ocr_carea' id='block_1_12' title="bbox 179 520 973 549">
    <p class='ocr_par' dir='ltr' id='par_1_12' title="bbox 179 520 973 549">
     <span class='ocr_line' id='line_1_12' title="bbox 179 520 973 549; baseline -0.003 0"><span class='ocrx_word' id='word_1_54' title='bbox 179 521 248 549; x_wconf 84' lang='lat' dir='ltr'><strong>ciam</strong></span> <span class='ocrx_word' id='word_1_55' title='bbox 267 522 292 548; x_wconf 91' lang='lat' dir='ltr'><strong>in</strong></span> <span class='ocrx_word' id='word_1_56' title='bbox 317 520 412 549; x_wconf 86' lang='lat' dir='ltr'><strong>Sicilia</strong></span> <span class='ocrx_word' id='word_1_57' title='bbox 441 520 577 548; x_wconf 81' lang='lat' dir='ltr'><strong>ordinatis</strong></span> <span class='ocrx_word' id='word_1_58' title='bbox 592 530 599 548; x_wconf 90' lang='lat'><strong>:</strong></span> <span class='ocrx_word' id='word_1_59' title='bbox 616 525 708 548; x_wconf 91' lang='lat' dir='ltr'><strong>utrum</strong></span> <span class='ocrx_word' id='word_1_60' title='bbox 722 520 831 548; x_wconf 80' lang='lat' dir='ltr'><strong>admitti</strong></span> <span class='ocrx_word' id='word_1_61' title='bbox 846 520 973 548; x_wconf 75' lang='lat' dir='ltr'><strong>debeant.</strong></span> 
     </span>
    </p>
   </div>
   <div class='ocr_carea' id='block_1_13' title="bbox 214 609 975 646">
    <p class='ocr_par' dir='ltr' id='par_1_13' title="bbox 214 609 975 646">
     <span class='ocr_line' id='line_1_13' title="bbox 214 609 975 646; baseline 0.003 -9"><span class='ocrx_word' id='word_1_62' title='bbox 214 610 370 645; x_wconf 72' lang='lat' dir='ltr'><strong>Responsio.</strong></span> <span class='ocrx_word' id='word_1_63' title='bbox 383 626 418 631; x_wconf 90' lang='lat'><strong>——</strong></span> <span class='ocrx_word' id='word_1_64' title='bbox 437 609 500 638; x_wconf 69' lang='lat' dir='ltr'><strong>Haec</strong></span> <span class='ocrx_word' id='word_1_65' title='bbox 512 611 692 646; x_wconf 84' lang='lat' dir='ltr'><strong>interrogatio</strong></span> <span class='ocrx_word' id='word_1_66' title='bbox 707 611 807 639; x_wconf 86' lang='lat' dir='ltr'><strong>similis</strong></span> <span class='ocrx_word' id='word_1_67' title='bbox 824 616 867 638; x_wconf 86' lang='lat' dir='ltr'><strong>est</strong></span> <span class='ocrx_word' id='word_1_68' title='bbox 891 619 975 646; x_wconf 88' lang='lat' dir='ltr'><strong>supe-</strong></span> 
     </span>
    </p>
   </div>
   <div class='ocr_carea' id='block_1_14' title="bbox 180 656 976 693">
    <p class='ocr_par' dir='ltr' id='par_1_14' title="bbox 180 656 976 693">
     <span class='ocr_line' id='line_1_14' title="bbox 180 656 976 693; baseline 0.004 -10"><span class='ocrx_word' id='word_1_69' title='bbox 180 656 258 690; x_wconf 86' lang='lat' dir='ltr'><strong>riori,</strong></span> <span class='ocrx_word' id='word_1_70' title='bbox 279 657 342 684; x_wconf 93' lang='lat' dir='ltr'><strong>licet</strong></span> <span class='ocrx_word' id='word_1_71' title='bbox 362 657 468 684; x_wconf 87' lang='lat' dir='ltr'><strong>ratione</strong></span> <span class='ocrx_word' id='word_1_72' title='bbox 493 657 548 684; x_wconf 93' lang='lat' dir='ltr'><strong>loci</strong></span> <span class='ocrx_word' id='word_1_73' title='bbox 563 657 724 692; x_wconf 90' lang='lat' dir='ltr'><strong>discrepet:</strong></span> <span class='ocrx_word' id='word_1_74' title='bbox 748 657 867 685; x_wconf 86' lang='lat' dir='ltr'><strong>similem</strong></span> <span class='ocrx_word' id='word_1_75' title='bbox 881 658 976 693; x_wconf 83' lang='lat' dir='ltr'><strong>itaque</strong></span> 
     </span>
    </p>
   </div>
   <div class='ocr_carea' id='block_1_15' title="bbox 181 703 535 738">
    <p class='ocr_par' dir='ltr' id='par_1_15' title="bbox 181 703 535 738">
     <span class='ocr_line' id='line_1_15' title="bbox 181 703 535 738; baseline 0 -8"><span class='ocrx_word' id='word_1_76' title='bbox 181 703 391 737; x_wconf 82' lang='lat' dir='ltr'><strong>responsionem</strong></span> <span class='ocrx_word' id='word_1_77' title='bbox 407 703 535 738; x_wconf 85' lang='lat' dir='ltr'><strong>accipiet.</strong></span> 
     </span>
    </p>
   </div>
   <div class='ocr_carea' id='block_1_16' title="bbox 217 748 975 785">
    <p class='ocr_par' dir='ltr' id='par_1_16' title="bbox 217 748 975 785">
     <span class='ocr_line' id='line_1_16' title="bbox 217 748 975 785; baseline 0 -9"><span class='ocrx_word' id='word_1_78' title='bbox 217 748 399 785; x_wconf 81' lang='lat' dir='ltr'><strong>Interrogatio</strong></span> <span class='ocrx_word' id='word_1_79' title='bbox 418 749 462 776; x_wconf 90' lang='lat' dir='ltr'><strong>Ill.</strong></span> <span class='ocrx_word' id='word_1_80' title='bbox 488 764 524 769; x_wconf 85' lang='lat'><strong>—-</strong></span> <span class='ocrx_word' id='word_1_81' title='bbox 552 749 591 776; x_wconf 85' lang='lat' dir='ltr'><strong>De</strong></span> <span class='ocrx_word' id='word_1_82' title='bbox 606 749 738 777; x_wconf 82' lang='lat' dir='ltr'><strong>Ecclesiis</strong></span> <span class='ocrx_word' id='word_1_83' title='bbox 754 750 906 785; x_wconf 87' lang='lat' dir='ltr'><strong>inquinatis</strong></span> <span class='ocrx_word' id='word_1_84' title='bbox 927 757 975 785; x_wconf 87' lang='lat' dir='ltr'><strong>per</strong></span> 
     </span>
    </p>
   </div>
   <div class='ocr_carea' id='block_1_17' title="bbox 182 796 975 831">
    <p class='ocr_par' dir='ltr' id='par_1_17' title="bbox 182 796 975 831">
     <span class='ocr_line' id='line_1_17' title="bbox 182 796 975 831; baseline 0.001 -8"><span class='ocrx_word' id='word_1_85' title='bbox 182 796 339 823; x_wconf 83' lang='lat' dir='ltr'><strong>sacerdotes</strong></span> <span class='ocrx_word' id='word_1_86' title='bbox 354 796 401 830; x_wconf 90' lang='lat' dir='ltr'><strong>qui</strong></span> <span class='ocrx_word' id='word_1_87' title='bbox 429 796 528 823; x_wconf 67' lang='lat' dir='ltr'><strong>hmresi</strong></span> <span class='ocrx_word' id='word_1_88' title='bbox 545 796 789 823; x_wconf 78' lang='lat' dir='ltr'><strong>communicarunt</strong></span> <span class='ocrx_word' id='word_1_89' title='bbox 802 817 810 829; x_wconf 87' lang='lat'><strong>,</strong></span> <span class='ocrx_word' id='word_1_90' title='bbox 831 805 846 823; x_wconf 85' lang='lat' dir='ltr'><strong>a</strong></span> <span class='ocrx_word' id='word_1_91' title='bbox 875 797 975 831; x_wconf 86' lang='lat' dir='ltr'><strong>quibus</strong></span> 
     </span>
    </p>
   </div>
   <div class='ocr_carea' id='block_1_18' title="bbox 181 842 973 878">
    <p class='ocr_par' dir='ltr' id='par_1_18' title="bbox 181 842 973 878">
     <span class='ocr_line' id='line_1_18' title="bbox 181 842 973 878; baseline 0 -9"><span class='ocrx_word' id='word_1_92' title='bbox 181 842 342 870; x_wconf 88' lang='lat' dir='ltr'><strong>detinentur</strong></span> <span class='ocrx_word' id='word_1_93' title='bbox 357 850 365 869; x_wconf 88' lang='lat'><strong>:</strong></span> <span class='ocrx_word' id='word_1_94' title='bbox 382 845 473 869; x_wconf 88' lang='lat' dir='ltr'><strong>utrum</strong></span> <span class='ocrx_word' id='word_1_95' title='bbox 500 842 527 868; x_wconf 88' lang='lat' dir='ltr'><strong>in</strong></span> <span class='ocrx_word' id='word_1_96' title='bbox 541 849 588 869; x_wconf 90' lang='lat' dir='ltr'><strong>cas</strong></span> <span class='ocrx_word' id='word_1_97' title='bbox 606 842 740 870; x_wconf 83' lang='lat' dir='ltr'><strong>orationis</strong></span> <span class='ocrx_word' id='word_1_98' title='bbox 755 842 798 870; x_wconf 86' lang='lat' dir='ltr'><strong>vel</strong></span> <span class='ocrx_word' id='word_1_99' title='bbox 811 842 973 878; x_wconf 70' lang='lat' dir='ltr'><strong>psalmodiaa</strong></span> 
     </span>
    </p>
   </div>
   <div class='ocr_carea' id='block_1_19' title="bbox 180 888 528 923">
    <p class='ocr_par' dir='ltr' id='par_1_19' title="bbox 180 888 528 923">
     <span class='ocr_line' id='line_1_19' title="bbox 180 888 528 923; baseline -0.003 -7"><span class='ocrx_word' id='word_1_100' title='bbox 180 896 263 916; x_wconf 81' lang='lat' dir='ltr'><strong>causa</strong></span> <span class='ocrx_word' id='word_1_101' title='bbox 275 888 380 923; x_wconf 75' lang='lat' dir='ltr'><strong>ingredi</strong></span> <span class='ocrx_word' id='word_1_102' title='bbox 393 893 528 923; x_wconf 84' lang='lat' dir='ltr'><strong>oporteat.</strong></span> 
     </span>
    </p>
   </div>
   <div class='ocr_carea' id='block_1_20' title="bbox 216 932 974 968">
    <p class='ocr_par' dir='ltr' id='par_1_20' title="bbox 216 932 974 968">
     <span class='ocr_line' id='line_1_20' title="bbox 216 932 974 968; baseline 0.003 -9"><span class='ocrx_word' id='word_1_103' title='bbox 216 932 371 968; x_wconf 72' lang='lat' dir='ltr'><strong>Responsio.</strong></span> <span class='ocrx_word' id='word_1_104' title='bbox 386 948 422 954; x_wconf 93' lang='lat'><strong>—</strong></span> <span class='ocrx_word' id='word_1_105' title='bbox 434 932 598 960; x_wconf 77' lang='lat' dir='ltr'><strong>Nullatenus</strong></span> <span class='ocrx_word' id='word_1_106' title='bbox 620 933 648 960; x_wconf 82' lang='lat' dir='ltr'><strong>in</strong></span> <span class='ocrx_word' id='word_1_107' title='bbox 663 933 823 968; x_wconf 80' lang='lat' dir='ltr'><strong>liujusmodi</strong></span> <span class='ocrx_word' id='word_1_108' title='bbox 841 933 974 962; x_wconf 86' lang='lat' dir='ltr'><strong>ecclesias</strong></span> 
     </span>
    </p>
   </div>
   <div class='ocr_carea' id='block_1_21' title="bbox 181 978 975 1014">
    <p class='ocr_par' dir='ltr' id='par_1_21' title="bbox 181 978 975 1014">
     <span class='ocr_line' id='line_1_21' title="bbox 181 978 975 1014; baseline 0 -9"><span class='ocrx_word' id='word_1_109' title='bbox 181 979 391 1013; x_wconf 79' lang='lat' dir='ltr'><strong>ingrediendum</strong></span> <span class='ocrx_word' id='word_1_110' title='bbox 411 982 464 1010; x_wconf 77' lang='lat' dir='ltr'><strong>est.</strong></span> <span class='ocrx_word' id='word_1_111' title='bbox 478 978 558 1013; x_wconf 81' lang='lat' dir='ltr'><strong>juxta</strong></span> <span class='ocrx_word' id='word_1_112' title='bbox 573 979 671 1006; x_wconf 88' lang='lat' dir='ltr'><strong>modos</strong></span> <span class='ocrx_word' id='word_1_113' title='bbox 685 983 851 1006; x_wconf 80' lang='lat' dir='ltr'><strong>memoratos</strong></span> <span class='ocrx_word' id='word_1_114' title='bbox 864 987 871 1006; x_wconf 92' lang='lat'><strong>:</strong></span> <span class='ocrx_word' id='word_1_115' title='bbox 887 986 975 1014; x_wconf 83' lang='lat' dir='ltr'><strong>quan-</strong></span> 
     </span>
    </p>
   </div>
   <div class='ocr_carea' id='block_1_22' title="bbox 179 1022 974 1059">
    <p class='ocr_par' dir='ltr' id='par_1_22' title="bbox 179 1022 974 1059">
     <span class='ocr_line' id='line_1_22' title="bbox 179 1022 974 1059; baseline -0.003 -7"><span class='ocrx_word' id='word_1_116' title='bbox 179 1024 327 1059; x_wconf 79' lang='lat' dir='ltr'><strong>doquidem</strong></span> <span class='ocrx_word' id='word_1_117' title='bbox 359 1023 492 1059; x_wconf 89' lang='lat' dir='ltr'><strong>scriptum</strong></span> <span class='ocrx_word' id='word_1_118' title='bbox 507 1027 551 1051; x_wconf 89' lang='lat' dir='ltr'><strong>est</strong></span> <span class='ocrx_word' id='word_1_119' title='bbox 571 1032 579 1052; x_wconf 88' lang='lat'><strong>:</strong></span> <span class='ocrx_word' id='word_1_120' title='bbox 600 1022 669 1050; x_wconf 83' lang='lat' dir='ltr'><strong>Ecce</strong></span> <span class='ocrx_word' id='word_1_121' title='bbox 693 1024 857 1059; x_wconf 81' lang='lat' dir='ltr'><strong>relinquetur</strong></span> <span class='ocrx_word' id='word_1_122' title='bbox 880 1024 974 1050; x_wconf 79' lang='lat' dir='ltr'><strong>donius</strong></span> 
     </span>
    </p>
   </div>
   <div class='ocr_carea' id='block_1_23' title="bbox 179 1064 976 1104">
    <p class='ocr_par' dir='ltr' id='par_1_23' title="bbox 179 1064 976 1104">
     <span class='ocr_line' id='line_1_23' title="bbox 179 1064 976 1104; baseline 0 -8"><span class='ocrx_word' id='word_1_123' title='bbox 179 1074 267 1096; x_wconf 72' lang='lat' dir='ltr'><strong>uestra</strong></span> <span class='ocrx_word' id='word_1_124' title='bbox 283 1070 389 1096; x_wconf 72' lang='lat' dir='ltr'><strong>deserta</strong></span> <span class='ocrx_word' id='word_1_125' title='bbox 400 1070 420 1097; x_wconf 77' lang='lat'><strong>°.</strong></span> <span class='ocrx_word' id='word_1_126' title='bbox 437 1068 525 1096; x_wconf 90' lang='lat' dir='ltr'><strong>Simul</strong></span> <span class='ocrx_word' id='word_1_127' title='bbox 550 1064 624 1096; x_wconf 83' lang='lat' dir='ltr'><strong>enim</strong></span> <span class='ocrx_word' id='word_1_128' title='bbox 652 1073 733 1104; x_wconf 88' lang='lat' dir='ltr'><strong>atque</strong></span> <span class='ocrx_word' id='word_1_129' title='bbox 751 1069 909 1097; x_wconf 88' lang='lat' dir='ltr'><strong>introducta</strong></span> <span class='ocrx_word' id='word_1_130' title='bbox 933 1073 976 1096; x_wconf 86' lang='lat' dir='ltr'><strong>est</strong></span> 
     </span>
    </p>
   </div>
   <div class='ocr_carea' id='block_1_24' title="bbox 180 1115 975 1151">
    <p class='ocr_par' dir='ltr' id='par_1_24' title="bbox 180 1115 975 1151">
     <span class='ocr_line' id='line_1_24' title="bbox 180 1115 975 1151; baseline 0.001 -9"><span class='ocrx_word' id='word_1_131' title='bbox 180 1115 304 1146; x_wconf 67' lang='lat' dir='ltr'><strong>haeresis,</strong></span> <span class='ocrx_word' id='word_1_132' title='bbox 319 1115 455 1143; x_wconf 83' lang='lat' dir='ltr'><strong>abscessit</strong></span> <span class='ocrx_word' id='word_1_133' title='bbox 468 1115 582 1151; x_wconf 77' lang='lat' dir='ltr'><strong>angelus</strong></span> <span class='ocrx_word' id='word_1_134' title='bbox 593 1116 647 1143; x_wconf 88' lang='lat' dir='ltr'><strong>loci</strong></span> <span class='ocrx_word' id='word_1_135' title='bbox 664 1123 776 1151; x_wconf 58' lang='lat' dir='ltr'><strong>praeses,</strong></span> <span class='ocrx_word' id='word_1_136' title='bbox 791 1115 869 1150; x_wconf 81' lang='lat' dir='ltr'><strong>juxta</strong></span> <span class='ocrx_word' id='word_1_137' title='bbox 883 1117 975 1151; x_wconf 77' lang='lat' dir='ltr'><strong>magni</strong></span> 
     </span>
    </p>
   </div>
   <div class='ocr_carea' id='block_1_25' title="bbox 989 872 1009 900">
    <p class='ocr_par' dir='ltr' id='par_1_25' title="bbox 989 872 1009 900">
     <span class='ocr_line' id='line_1_25' title="bbox 989 872 1009 900; baseline 0 0"><span class='ocrx_word' id='word_1_138' title='bbox 989 872 1009 900; x_wconf 87' lang='grc' dir='ltr'><strong>Β</strong></span> 
     </span>
    </p>
   </div>
   <div class='ocr_carea' id='block_1_26' title="bbox 180 1159 976 1196">
    <p class='ocr_par' dir='ltr' id='par_1_26' title="bbox 180 1159 976 1196">
     <span class='ocr_line' id='line_1_26' title="bbox 180 1159 976 1196; baseline 0.001 -8"><span class='ocrx_word' id='word_1_139' title='bbox 180 1159 276 1188; x_wconf 82' lang='lat' dir='ltr'><strong>Basilii</strong></span> <span class='ocrx_word' id='word_1_140' title='bbox 292 1168 388 1188; x_wconf 88' lang='lat' dir='ltr'><strong>vocem</strong></span> <span class='ocrx_word' id='word_1_141' title='bbox 401 1161 411 1176; x_wconf 94' lang='grc'><strong>⁷</strong></span> <span class='ocrx_word' id='word_1_142' title='bbox 427 1169 435 1188; x_wconf 87' lang='lat'>:</span> <span class='ocrx_word' id='word_1_143' title='bbox 452 1168 484 1188; x_wconf 85' lang='lat' dir='ltr'><strong>ac</strong></span> <span class='ocrx_word' id='word_1_144' title='bbox 502 1161 632 1196; x_wconf 90' lang='lat' dir='ltr'><strong>templum</strong></span> <span class='ocrx_word' id='word_1_145' title='bbox 647 1161 803 1196; x_wconf 85' lang='lat' dir='ltr'><strong>ejusmodi,</strong></span> <span class='ocrx_word' id='word_1_146' title='bbox 819 1162 976 1190; x_wconf 86' lang='lat' dir='ltr'><strong>communis</strong></span> 
     </span>
    </p>
   </div>
   <div class='ocr_carea' id='block_1_27' title="bbox 180 1206 975 1242">
    <p class='ocr_par' dir='ltr' id='par_1_27' title="bbox 180 1206 975 1242">
     <span class='ocr_line' id='line_1_27' title="bbox 180 1206 975 1242; baseline 0.001 -8"><span class='ocrx_word' id='word_1_147' title='bbox 180 1211 209 1234; x_wconf 86' lang='lat' dir='ltr'><strong>et</strong></span> <span class='ocrx_word' id='word_1_148' title='bbox 228 1206 342 1242; x_wconf 80' lang='lat' dir='ltr'><strong>profana</strong></span> <span class='ocrx_word' id='word_1_149' title='bbox 366 1207 465 1235; x_wconf 85' lang='lat' dir='ltr'><strong>domus</strong></span> <span class='ocrx_word' id='word_1_150' title='bbox 494 1207 597 1235; x_wconf 78' lang='lat' dir='ltr'><strong>factum</strong></span> <span class='ocrx_word' id='word_1_151' title='bbox 628 1213 695 1236; x_wconf 89' lang='lat' dir='ltr'><strong>est:</strong></span> <span class='ocrx_word' id='word_1_152' title='bbox 714 1207 749 1235; x_wconf 85' lang='lat' dir='ltr'><strong>Et</strong></span> <span class='ocrx_word' id='word_1_153' title='bbox 773 1217 825 1235; x_wconf 90' lang='lat' dir='ltr'><strong>non</strong></span> <span class='ocrx_word' id='word_1_154' title='bbox 848 1209 975 1241; x_wconf 77' lang='lat' dir='ltr'><strong>introiba,</strong></span> 
     </span>
    </p>
   </div>
   <div class='ocr_carea' id='block_1_28' title="bbox 182 1253 975 1290">
    <p class='ocr_par' dir='ltr' id='par_1_28' title="bbox 182 1253 975 1290">
     <span class='ocr_line' id='line_1_28' title="bbox 182 1253 975 1290; baseline 0.004 -10"><span class='ocrx_word' id='word_1_155' title='bbox 182 1253 272 1288; x_wconf 81' lang='lat' dir='ltr'><strong>inquit</strong></span> <span class='ocrx_word' id='word_1_156' title='bbox 283 1273 291 1285; x_wconf 93' lang='lat'><strong>,</strong></span> <span class='ocrx_word' id='word_1_157' title='bbox 307 1253 335 1280; x_wconf 81' lang='lat' dir='ltr'><strong>in</strong></span> <span class='ocrx_word' id='word_1_158' title='bbox 350 1253 490 1280; x_wconf 72' lang='lat' dir='ltr'><strong>ecclesiam</strong></span> <span class='ocrx_word' id='word_1_159' title='bbox 505 1254 713 1290; x_wconf 82' lang='lat' dir='ltr'><strong>malignantium</strong></span> <span class='ocrx_word' id='word_1_160' title='bbox 722 1254 744 1282; x_wconf 84' lang='grc'><strong>⁸.</strong></span> <span class='ocrx_word' id='word_1_161' title='bbox 760 1254 793 1282; x_wconf 86' lang='lat' dir='ltr'><strong>Et</strong></span> <span class='ocrx_word' id='word_1_162' title='bbox 806 1254 975 1290; x_wconf 83' lang='lat' dir='ltr'><strong>Apostolus:</strong></span> 
     </span>
    </p>
   </div>
   <div class='ocr_carea' id='block_1_29' title="bbox 182 1299 792 1337">
    <p class='ocr_par' dir='ltr' id='par_1_29' title="bbox 182 1299 792 1337">
     <span class='ocr_line' id='line_1_29' title="bbox 182 1299 792 1337; baseline 0.003 -11"><span class='ocrx_word' id='word_1_163' title='bbox 182 1299 236 1332; x_wconf 77' lang='lat' dir='ltr'><strong>Qui</strong></span> <span class='ocrx_word' id='word_1_164' title='bbox 252 1306 398 1326; x_wconf 70' lang='lat' dir='ltr'><strong>consensus</strong></span> <span class='ocrx_word' id='word_1_165' title='bbox 415 1299 512 1334; x_wconf 82' lang='lat' dir='ltr'><strong>templo</strong></span> <span class='ocrx_word' id='word_1_166' title='bbox 521 1299 577 1337; x_wconf 31' lang='lat' dir='ltr'><strong>-Dei</strong></span> <span class='ocrx_word' id='word_1_167' title='bbox 592 1308 652 1327; x_wconf 83' lang='lat' dir='ltr'><strong>cum</strong></span> <span class='ocrx_word' id='word_1_168' title='bbox 666 1300 747 1328; x_wconf 75' lang='lat' dir='ltr'><strong>idolis</strong></span> <span class='ocrx_word' id='word_1_169' title='bbox 759 1301 769 1316; x_wconf 68' lang='grc' dir='ltr'><strong>θ</strong></span> <span class='ocrx_word' id='word_1_170' title='bbox 781 1300 792 1328; x_wconf 77' lang='grc' dir='ltr'><strong><em>τ</em></strong></span> 
     </span>
    </p>
   </div>
   <div class='ocr_carea' id='block_1_30' title="bbox 218 1389 977 1425">
    <p class='ocr_par' dir='ltr' id='par_1_30' title="bbox 218 1389 977 1425">
     <span class='ocr_line' id='line_1_30' title="bbox 218 1389 977 1425; baseline 0 -7"><span class='ocrx_word' id='word_1_171' title='bbox 218 1389 398 1425; x_wconf 81' lang='lat' dir='ltr'><strong>Interrogatio</strong></span> <span class='ocrx_word' id='word_1_172' title='bbox 411 1389 456 1418; x_wconf 81' lang='lat' dir='ltr'><strong>1V.</strong></span> <span class='ocrx_word' id='word_1_173' title='bbox 472 1405 500 1410; x_wconf 92' lang='lat'>—</span> <span class='ocrx_word' id='word_1_174' title='bbox 526 1390 564 1418; x_wconf 87' lang='lat' dir='ltr'><strong>De</strong></span> <span class='ocrx_word' id='word_1_175' title='bbox 590 1390 715 1418; x_wconf 85' lang='lat' dir='ltr'><strong>ccclesiis</strong></span> <span class='ocrx_word' id='word_1_176' title='bbox 738 1398 787 1425; x_wconf 91' lang='lat' dir='ltr'><strong>per</strong></span> <span class='ocrx_word' id='word_1_177' title='bbox 806 1391 916 1418; x_wconf 88' lang='lat' dir='ltr'><strong>eosdem</strong></span> <span class='ocrx_word' id='word_1_178' title='bbox 931 1399 977 1418; x_wconf 89' lang='lat' dir='ltr'><strong>sa-</strong></span> 
     </span>
    </p>
   </div>
   <div class='ocr_carea' id='block_1_31' title="bbox 184 1435 976 1471">
    <p class='ocr_par' dir='ltr' id='par_1_31' title="bbox 184 1435 976 1471">
     <span class='ocr_line' id='line_1_31' title="bbox 184 1435 976 1471; baseline -0.001 -7"><span class='ocrx_word' id='word_1_179' title='bbox 184 1437 311 1464; x_wconf 82' lang='lat' dir='ltr'><strong>cerdotes</strong></span> <span class='ocrx_word' id='word_1_180' title='bbox 328 1436 450 1471; x_wconf 86' lang='lat' dir='ltr'><strong>pollutis,</strong></span> <span class='ocrx_word' id='word_1_181' title='bbox 468 1436 514 1464; x_wconf 86' lang='lat' dir='ltr'><strong>sed</strong></span> <span class='ocrx_word' id='word_1_182' title='bbox 526 1444 588 1471; x_wconf 68' lang='lat' dir='ltr'><strong>qua:</strong></span> <span class='ocrx_word' id='word_1_183' title='bbox 601 1436 636 1463; x_wconf 86' lang='lat' dir='ltr'><strong>ab</strong></span> <span class='ocrx_word' id='word_1_184' title='bbox 648 1436 715 1471; x_wconf 86' lang='lat' dir='ltr'><strong>ipsis</strong></span> <span class='ocrx_word' id='word_1_185' title='bbox 731 1444 785 1463; x_wconf 92' lang='lat' dir='ltr'><strong>non</strong></span> <span class='ocrx_word' id='word_1_186' title='bbox 801 1435 976 1463; x_wconf 88' lang='lat' dir='ltr'><strong>detinentur:</strong></span> 
     </span>
    </p>
   </div>
   <div class='ocr_carea' id='block_1_32' title="bbox 185 1483 798 1518">
    <p class='ocr_par' dir='ltr' id='par_1_32' title="bbox 185 1483 798 1518">
     <span class='ocr_line' id='line_1_32' title="bbox 185 1483 798 1518; baseline -0.002 -8"><span class='ocrx_word' id='word_1_187' title='bbox 185 1491 250 1511; x_wconf 89' lang='lat' dir='ltr'><strong>num</strong></span> <span class='ocrx_word' id='word_1_188' title='bbox 269 1483 296 1510; x_wconf 92' lang='lat' dir='ltr'><strong>in</strong></span> <span class='ocrx_word' id='word_1_189' title='bbox 313 1483 367 1511; x_wconf 89' lang='lat' dir='ltr'><strong>illis</strong></span> <span class='ocrx_word' id='word_1_190' title='bbox 382 1483 502 1518; x_wconf 84' lang='lat' dir='ltr'><strong>Psallere</strong></span> <span class='ocrx_word' id='word_1_191' title='bbox 519 1488 546 1511; x_wconf 90' lang='lat' dir='ltr'><strong>et</strong></span> <span class='ocrx_word' id='word_1_192' title='bbox 566 1490 648 1510; x_wconf 82' lang='lat' dir='ltr'><strong>orare</strong></span> <span class='ocrx_word' id='word_1_193' title='bbox 662 1486 798 1517; x_wconf 82' lang='lat' dir='ltr'><strong>oporteat.</strong></span> 
     </span>
    </p>
   </div>
   <div class='ocr_carea' id='block_1_33' title="bbox 220 1569 995 1607">
    <p class='ocr_par' dir='ltr' id='par_1_33' title="bbox 220 1569 995 1607">
     <span class='ocr_line' id='line_1_33' title="bbox 220 1569 995 1607; baseline -0.005 -8"><span class='ocrx_word' id='word_1_194' title='bbox 220 1571 376 1607; x_wconf 72' lang='lat' dir='ltr'><strong>Responsio.</strong></span> <span class='ocrx_word' id='word_1_195' title='bbox 385 1571 542 1606; x_wconf 75' lang='lat' dir='ltr'><strong>-0portet</strong></span> <span class='ocrx_word' id='word_1_196' title='bbox 557 1578 623 1598; x_wconf 88' lang='lat' dir='ltr'><strong>sane</strong></span> <span class='ocrx_word' id='word_1_197' title='bbox 637 1570 664 1597; x_wconf 89' lang='lat' dir='ltr'><strong>in</strong></span> <span class='ocrx_word' id='word_1_198' title='bbox 676 1577 723 1598; x_wconf 88' lang='lat' dir='ltr'><strong>eas</strong></span> <span class='ocrx_word' id='word_1_199' title='bbox 732 1569 863 1597; x_wconf 88' lang='lat' dir='ltr'><strong>ecclesias</strong></span> <span class='ocrx_word' id='word_1_200' title='bbox 876 1569 978 1596; x_wconf 87' lang='lat' dir='ltr'><strong>intrare</strong></span> <span class='ocrx_word' id='word_1_201' title='bbox 988 1599 995 1607; x_wconf 32' lang='grc' dir='ltr'><em>κ</em></span> 
     </span>
    </p>
   </div>
   <div class='ocr_carea' id='block_1_34' title="bbox 183 1616 978 1654">
    <p class='ocr_par' dir='ltr' id='par_1_34' title="bbox 183 1616 978 1654">
     <span class='ocr_line' id='line_1_34' title="bbox 183 1616 978 1654; baseline -0.005 -8"><span class='ocrx_word' id='word_1_202' title='bbox 183 1619 218 1647; x_wconf 76' lang='lat' dir='ltr'><strong>ad</strong></span> <span class='ocrx_word' id='word_1_203' title='bbox 233 1619 404 1654; x_wconf 88' lang='lat' dir='ltr'><strong>psallendum</strong></span> <span class='ocrx_word' id='word_1_204' title='bbox 418 1623 445 1645; x_wconf 89' lang='lat' dir='ltr'><strong>et</strong></span> <span class='ocrx_word' id='word_1_205' title='bbox 468 1617 614 1650; x_wconf 89' lang='lat' dir='ltr'><strong>orandum,</strong></span> <span class='ocrx_word' id='word_1_206' title='bbox 633 1617 657 1645; x_wconf 89' lang='lat' dir='ltr'><strong>si</strong></span> <span class='ocrx_word' id='word_1_207' title='bbox 676 1616 758 1644; x_wconf 90' lang='lat' dir='ltr'><strong>modo</strong></span> <span class='ocrx_word' id='word_1_208' title='bbox 774 1616 827 1644; x_wconf 71' lang='lat' dir='ltr'><strong>illae</strong></span> <span class='ocrx_word' id='word_1_209' title='bbox 848 1623 903 1643; x_wconf 89' lang='lat' dir='ltr'><strong>non</strong></span> <span class='ocrx_word' id='word_1_210' title='bbox 919 1623 978 1642; x_wconf 84' lang='lat' dir='ltr'><strong>tun-</strong></span> 
     </span>
    </p>
   </div>
   <div class='ocr_carea' id='block_1_35' title="bbox 184 1663 976 1702">
    <p class='ocr_par' dir='ltr' id='par_1_35' title="bbox 184 1663 976 1702">
     <span class='ocr_line' id='line_1_35' title="bbox 184 1663 976 1702; baseline -0.004 -9"><span class='ocrx_word' id='word_1_211' title='bbox 184 1667 259 1702; x_wconf 88' lang='lat' dir='ltr'><strong>plius</strong></span> <span class='ocrx_word' id='word_1_212' title='bbox 275 1665 437 1701; x_wconf 91' lang='lat' dir='ltr'><strong>polluuntur</strong></span> <span class='ocrx_word' id='word_1_213' title='bbox 452 1664 487 1692; x_wconf 85' lang='lat' dir='ltr'><strong>ab</strong></span> <span class='ocrx_word' id='word_1_214' title='bbox 505 1664 651 1697; x_wconf 80' lang='lat' dir='ltr'><strong>haereticis,</strong></span> <span class='ocrx_word' id='word_1_215' title='bbox 663 1664 710 1691; x_wconf 88' lang='lat' dir='ltr'><strong>sed</strong></span> <span class='ocrx_word' id='word_1_216' title='bbox 726 1664 761 1691; x_wconf 88' lang='lat' dir='ltr'><strong>ab</strong></span> <span class='ocrx_word' id='word_1_217' title='bbox 777 1663 938 1691; x_wconf 84' lang='lat' dir='ltr'><strong>orthodoxis</strong></span> <span class='ocrx_word' id='word_1_218' title='bbox 949 1663 976 1690; x_wconf 89' lang='lat' dir='ltr'><strong>in</strong></span> 
     </span>
    </p>
   </div>
   <div class='ocr_carea' id='block_1_36' title="bbox 185 1709 977 1748">
    <p class='ocr_par' dir='ltr' id='par_1_36' title="bbox 185 1709 977 1748">
     <span class='ocr_line' id='line_1_36' title="bbox 185 1709 977 1748; baseline -0.004 -9"><span class='ocrx_word' id='word_1_219' title='bbox 185 1717 346 1748; x_wconf 88' lang='lat' dir='ltr'><strong>perpetuutu</strong></span> <span class='ocrx_word' id='word_1_220' title='bbox 378 1712 547 1739; x_wconf 87' lang='lat' dir='ltr'><strong>detinentur.</strong></span> <span class='ocrx_word' id='word_1_221' title='bbox 587 1710 776 1738; x_wconf 86' lang='lat' dir='ltr'><strong>Constitututn</strong></span> <span class='ocrx_word' id='word_1_222' title='bbox 808 1714 900 1737; x_wconf 86' lang='lat' dir='ltr'><strong>autem</strong></span> <span class='ocrx_word' id='word_1_223' title='bbox 932 1709 977 1736; x_wconf 89' lang='lat' dir='ltr'><strong>hic</strong></span> 
     </span>
    </p>
   </div>
   <div class='ocr_carea' id='block_1_37' title="bbox 186 1755 976 1793">
    <p class='ocr_par' dir='ltr' id='par_1_37' title="bbox 186 1755 976 1793">
     <span class='ocr_line' id='line_1_37' title="bbox 186 1755 976 1793; baseline -0.005 -7"><span class='ocrx_word' id='word_1_224' title='bbox 186 1763 239 1792; x_wconf 85' lang='lat' dir='ltr'><strong>est,</strong></span> <span class='ocrx_word' id='word_1_225' title='bbox 253 1763 285 1786; x_wconf 86' lang='lat' dir='ltr'><strong>ut</strong></span> <span class='ocrx_word' id='word_1_226' title='bbox 301 1759 334 1785; x_wconf 79' lang='lat' dir='ltr'><strong>ab</strong></span> <span class='ocrx_word' id='word_1_227' title='bbox 348 1757 479 1793; x_wconf 74' lang='lat' dir='ltr'><strong>episcopo</strong></span> <span class='ocrx_word' id='word_1_228' title='bbox 495 1756 537 1784; x_wconf 88' lang='lat' dir='ltr'><strong>vel</strong></span> <span class='ocrx_word' id='word_1_229' title='bbox 547 1756 689 1784; x_wconf 80' lang='lat' dir='ltr'><strong>sacerdote</strong></span> <span class='ocrx_word' id='word_1_230' title='bbox 696 1763 770 1783; x_wconf 83' lang='lat' dir='ltr'><strong>sanae</strong></span> <span class='ocrx_word' id='word_1_231' title='bbox 782 1755 856 1788; x_wconf 69' lang='lat' dir='ltr'><strong>titlei,</strong></span> <span class='ocrx_word' id='word_1_232' title='bbox 873 1755 976 1783; x_wconf 80' lang='lat' dir='ltr'><strong>solem-</strong></span> 
     </span>
    </p>
   </div>
   <div class='ocr_carea' id='block_1_38' title="bbox 186 1800 978 1840">
    <p class='ocr_par' dir='ltr' id='par_1_38' title="bbox 186 1800 978 1840">
     <span class='ocr_line' id='line_1_38' title="bbox 186 1800 978 1840; baseline -0.008 -7"><span class='ocrx_word' id='word_1_233' title='bbox 186 1805 229 1833; x_wconf 90' lang='lat' dir='ltr'><strong>nis</strong></span> <span class='ocrx_word' id='word_1_234' title='bbox 245 1804 350 1840; x_wconf 76' lang='lat' dir='ltr'><strong>apertio</strong></span> <span class='ocrx_word' id='word_1_235' title='bbox 365 1803 507 1835; x_wconf 66' lang='lat' dir='ltr'><strong>ecclesiae,</strong></span> <span class='ocrx_word' id='word_1_236' title='bbox 527 1802 649 1830; x_wconf 87' lang='lat' dir='ltr'><strong>exhibita</strong></span> <span class='ocrx_word' id='word_1_237' title='bbox 674 1809 772 1837; x_wconf 78' lang='lat' dir='ltr'><strong>prece,</strong></span> <span class='ocrx_word' id='word_1_238' title='bbox 801 1802 859 1829; x_wconf 85' lang='lat' dir='ltr'><strong>ﬂat.</strong></span> <span class='ocrx_word' id='word_1_239' title='bbox 883 1800 978 1835; x_wconf 84' lang='lat' dir='ltr'><strong>Itaque</strong></span> 
     </span>
    </p>
   </div>
   <div class='ocr_carea' id='block_1_39' title="bbox 185 1847 976 1883">
    <p class='ocr_par' dir='ltr' id='par_1_39' title="bbox 185 1847 976 1883">
     <span class='ocr_line' id='line_1_39' title="bbox 185 1847 976 1883; baseline -0.006 -4"><span class='ocrx_word' id='word_1_240' title='bbox 185 1851 210 1880; x_wconf 87' lang='lat' dir='ltr'><strong>si</strong></span> <span class='ocrx_word' id='word_1_241' title='bbox 230 1851 283 1878; x_wconf 89' lang='lat' dir='ltr'><strong>hoc</strong></span> <span class='ocrx_word' id='word_1_242' title='bbox 298 1851 354 1883; x_wconf 82' lang='lat' dir='ltr'><strong>ﬁat,</strong></span> <span class='ocrx_word' id='word_1_243' title='bbox 370 1854 397 1877; x_wconf 90' lang='lat' dir='ltr'><strong>et</strong></span> <span class='ocrx_word' id='word_1_244' title='bbox 409 1856 520 1876; x_wconf 86' lang='lat' dir='ltr'><strong>sacrum</strong></span> <span class='ocrx_word' id='word_1_245' title='bbox 540 1848 579 1875; x_wconf 88' lang='lat' dir='ltr'><strong>ibi</strong></span> <span class='ocrx_word' id='word_1_246' title='bbox 604 1848 736 1876; x_wconf 89' lang='lat' dir='ltr'><strong>celebrari</strong></span> <span class='ocrx_word' id='word_1_247' title='bbox 762 1855 816 1875; x_wconf 87' lang='lat' dir='ltr'><strong>non</strong></span> <span class='ocrx_word' id='word_1_248' title='bbox 828 1847 881 1875; x_wconf 84' lang='lat' dir='ltr'><strong>erit</strong></span> <span class='ocrx_word' id='word_1_249' title='bbox 894 1847 976 1874; x_wconf 90' lang='lat' dir='ltr'><strong>abso—</strong></span> 
     </span>
    </p>
   </div>
   <div class='ocr_carea' id='block_1_40' title="bbox 186 1893 976 1931">
    <p class='ocr_par' dir='ltr' id='par_1_40' title="bbox 186 1893 976 1931">
     <span class='ocr_line' id='line_1_40' title="bbox 186 1893 976 1931; baseline -0.008 -5"><span class='ocrx_word' id='word_1_250' title='bbox 186 1905 263 1926; x_wconf 89' lang='lat' dir='ltr'><strong>num.</strong></span> <span class='ocrx_word' id='word_1_251' title='bbox 282 1895 413 1931; x_wconf 86' lang='lat' dir='ltr'><strong>Exemplo</strong></span> <span class='ocrx_word' id='word_1_252' title='bbox 429 1894 466 1922; x_wconf 90' lang='lat' dir='ltr'><strong>sit</strong></span> <span class='ocrx_word' id='word_1_253' title='bbox 485 1898 597 1922; x_wconf 84' lang='lat' dir='ltr'><strong>sanctus</strong></span> <span class='ocrx_word' id='word_1_254' title='bbox 610 1893 779 1921; x_wconf 82' lang='lat' dir='ltr'><strong>Athanasius</strong></span> <span class='ocrx_word' id='word_1_255' title='bbox 791 1913 800 1926; x_wconf 84' lang='lat'><strong>,</strong></span> <span class='ocrx_word' id='word_1_256' title='bbox 818 1893 883 1928; x_wconf 90' lang='lat' dir='ltr'><strong>qui,</strong></span> <span class='ocrx_word' id='word_1_257' title='bbox 913 1901 976 1921; x_wconf 90' lang='lat' dir='ltr'><strong>cum</strong></span> 
     </span>
    </p>
   </div>
   <div class='ocr_carea' id='block_1_41' title="bbox 186 1939 977 1979">
    <p class='ocr_par' dir='ltr' id='par_1_41' title="bbox 186 1939 977 1979">
     <span class='ocr_line' id='line_1_41' title="bbox 186 1939 977 1979; baseline -0.006 -8"><span class='ocrx_word' id='word_1_258' title='bbox 186 1944 337 1979; x_wconf 82' lang='lat' dir='ltr'><strong>imperator</strong></span> <span class='ocrx_word' id='word_1_259' title='bbox 362 1940 538 1968; x_wconf 85' lang='lat' dir='ltr'><strong>Constantius</strong></span> <span class='ocrx_word' id='word_1_260' title='bbox 563 1940 652 1975; x_wconf 86' lang='lat' dir='ltr'><strong>ipsum</strong></span> <span class='ocrx_word' id='word_1_261' title='bbox 675 1940 832 1967; x_wconf 86' lang='lat' dir='ltr'><strong>hortaretur</strong></span> <span class='ocrx_word' id='word_1_262' title='bbox 859 1943 891 1967; x_wconf 88' lang='lat' dir='ltr'><strong>ut</strong></span> <span class='ocrx_word' id='word_1_263' title='bbox 906 1939 977 1967; x_wconf 89' lang='lat' dir='ltr'><strong>hanc</strong></span> 
     </span>
    </p>
   </div>
   <div class='ocr_carea' id='block_1_42' title="bbox 186 1985 977 2023">
    <p class='ocr_par' dir='ltr' id='par_1_42' title="bbox 186 1985 977 2023">
     <span class='ocr_line' id='line_1_42' title="bbox 186 1985 977 2023; baseline -0.006 -6"><span class='ocrx_word' id='word_1_264' title='bbox 186 1997 269 2018; x_wconf 81' lang='lat' dir='ltr'><strong>unam</strong></span> <span class='ocrx_word' id='word_1_265' title='bbox 286 1987 402 2023; x_wconf 82' lang='lat' dir='ltr'><strong>gratiam</strong></span> <span class='ocrx_word' id='word_1_266' title='bbox 418 1985 591 2018; x_wconf 84' lang='lat' dir='ltr'><strong>concederet,</strong></span> <span class='ocrx_word' id='word_1_267' title='bbox 611 1985 733 2013; x_wconf 87' lang='lat' dir='ltr'><strong>tradendi</strong></span> <span class='ocrx_word' id='word_1_268' title='bbox 752 1985 858 2013; x_wconf 88' lang='lat' dir='ltr'><strong>scilicet</strong></span> <span class='ocrx_word' id='word_1_269' title='bbox 867 1985 977 2012; x_wconf 79' lang='lat' dir='ltr'><strong>Arianis</strong></span> 
     </span>
    </p>
   </div>
   <div class='ocr_carea' id='block_1_43' title="bbox 186 2030 975 2070">
    <p class='ocr_par' dir='ltr' id='par_1_43' title="bbox 186 2030 975 2070">
     <span class='ocr_line' id='line_1_43' title="bbox 186 2030 975 2070; baseline -0.008 -7"><span class='ocrx_word' id='word_1_270' title='bbox 186 2034 257 2070; x_wconf 74' lang='lat' dir='ltr'><strong>apud</strong></span> <span class='ocrx_word' id='word_1_271' title='bbox 267 2031 460 2061; x_wconf 82' lang='lat' dir='ltr'><strong>Alexandriam</strong></span> <span class='ocrx_word' id='word_1_272' title='bbox 476 2031 609 2066; x_wconf 89' lang='lat' dir='ltr'><strong>templum</strong></span> <span class='ocrx_word' id='word_1_273' title='bbox 620 2038 704 2058; x_wconf 93' lang='lat' dir='ltr'><strong>unum</strong></span> <span class='ocrx_word' id='word_1_274' title='bbox 720 2030 766 2058; x_wconf 91' lang='lat' dir='ltr'><strong>ubi</strong></span> <span class='ocrx_word' id='word_1_275' title='bbox 780 2031 975 2062; x_wconf 86' lang='lat' dir='ltr'><strong>convenirent;</strong></span> 
     </span>
    </p>
   </div>
   <div class='ocr_carea' id='block_1_44' title="bbox 186 2076 978 2112">
    <p class='ocr_par' dir='ltr' id='par_1_44' title="bbox 186 2076 978 2112">
     <span class='ocr_line' id='line_1_44' title="bbox 186 2076 978 2112; baseline -0.006 -4"><span class='ocrx_word' id='word_1_276' title='bbox 186 2081 296 2110; x_wconf 77' lang='lat' dir='ltr'><strong>annuit.</strong></span> <span class='ocrx_word' id='word_1_277' title='bbox 319 2078 401 2106; x_wconf 91' lang='lat' dir='ltr'><strong>modo</strong></span> <span class='ocrx_word' id='word_1_278' title='bbox 418 2078 476 2112; x_wconf 87' lang='lat' dir='ltr'><strong>ipse</strong></span> <span class='ocrx_word' id='word_1_279' title='bbox 501 2084 611 2112; x_wconf 86' lang='lat' dir='ltr'><strong>quoque</strong></span> <span class='ocrx_word' id='word_1_280' title='bbox 628 2076 744 2112; x_wconf 75' lang='lat' dir='ltr'><strong>gratiam</strong></span> <span class='ocrx_word' id='word_1_281' title='bbox 761 2076 886 2104; x_wconf 80' lang='lat' dir='ltr'><strong>eamdem</strong></span> <span class='ocrx_word' id='word_1_282' title='bbox 904 2076 978 2103; x_wconf 85' lang='lat' dir='ltr'><strong>Con-</strong></span> 
     </span>
    </p>
   </div>
   <div class='ocr_carea' id='block_1_45' title="bbox 187 2122 977 2160">
    <p class='ocr_par' dir='ltr' id='par_1_45' title="bbox 187 2122 977 2160">
     <span class='ocr_line' id='line_1_45' title="bbox 187 2122 977 2160; baseline -0.006 -6"><span class='ocrx_word' id='word_1_283' title='bbox 187 2125 365 2160; x_wconf 83' lang='lat' dir='ltr'><strong>stantinopoli</strong></span> <span class='ocrx_word' id='word_1_284' title='bbox 382 2129 618 2160; x_wconf 82' lang='lat' dir='ltr'><strong>consequeretur,</strong></span> <span class='ocrx_word' id='word_1_285' title='bbox 650 2128 680 2150; x_wconf 88' lang='lat' dir='ltr'><strong>ut</strong></span> <span class='ocrx_word' id='word_1_286' title='bbox 708 2131 807 2158; x_wconf 85' lang='lat' dir='ltr'><strong>nempe</strong></span> <span class='ocrx_word' id='word_1_287' title='bbox 832 2122 977 2150; x_wconf 84' lang='lat' dir='ltr'><strong>orthodoxi</strong></span> 
     </span>
    </p>
   </div>
   <div class='ocr_carea' id='block_1_46' title="bbox 186 2169 974 2206">
    <p class='ocr_par' dir='ltr' id='par_1_46' title="bbox 186 2169 974 2206">
     <span class='ocr_line' id='line_1_46' title="bbox 186 2169 974 2206; baseline -0.006 -6"><span class='ocrx_word' id='word_1_288' title='bbox 186 2173 366 2201; x_wconf 83' lang='lat' dir='ltr'><strong>convenirent</strong></span> <span class='ocrx_word' id='word_1_289' title='bbox 380 2171 408 2199; x_wconf 91' lang='lat' dir='ltr'><strong>in</strong></span> <span class='ocrx_word' id='word_1_290' title='bbox 427 2171 559 2206; x_wconf 83' lang='lat' dir='ltr'><strong>templum</strong></span> <span class='ocrx_word' id='word_1_291' title='bbox 581 2177 678 2201; x_wconf 86' lang='lat' dir='ltr'><strong>unum,</strong></span> <span class='ocrx_word' id='word_1_292' title='bbox 694 2169 729 2197; x_wconf 87' lang='lat' dir='ltr'><strong>ab</strong></span> <span class='ocrx_word' id='word_1_293' title='bbox 752 2169 862 2197; x_wconf 71' lang='lat' dir='ltr'><strong>Arionis</strong></span> <span class='ocrx_word' id='word_1_294' title='bbox 880 2169 974 2195; x_wconf 86' lang='lat' dir='ltr'><strong>deten-</strong></span> 
     </span>
    </p>
   </div>
   <div class='ocr_carea' id='block_1_47' title="bbox 186 2223 256 2247">
    <p class='ocr_par' dir='ltr' id='par_1_47' title="bbox 186 2223 256 2247">
     <span class='ocr_line' id='line_1_47' title="bbox 186 2223 256 2247; baseline -0.029 0"><span class='ocrx_word' id='word_1_295' title='bbox 186 2223 256 2247; x_wconf 88' lang='lat' dir='ltr'><strong>tum.</strong></span> 
     </span>
    </p>
   </div>
   <div class='ocr_carea' id='block_1_48' title="bbox 223 2261 978 2300">
    <p class='ocr_par' dir='ltr' id='par_1_48' title="bbox 223 2261 978 2300">
     <span class='ocr_line' id='line_1_48' title="bbox 223 2261 978 2300; baseline -0.007 -8"><span class='ocrx_word' id='word_1_296' title='bbox 223 2264 402 2300; x_wconf 81' lang='lat' dir='ltr'><strong>Interrogatio</strong></span> <span class='ocrx_word' id='word_1_297' title='bbox 418 2263 451 2291; x_wconf 80' lang='grc' dir='ltr'>ν.</span> <span class='ocrx_word' id='word_1_298' title='bbox 477 2278 513 2284; x_wconf 87' lang='lat'><strong>-</strong></span> <span class='ocrx_word' id='word_1_299' title='bbox 530 2264 568 2290; x_wconf 88' lang='lat' dir='ltr'><strong>De</strong></span> <span class='ocrx_word' id='word_1_300' title='bbox 587 2262 689 2290; x_wconf 86' lang='lat' dir='ltr'><strong>sanctis</strong></span> <span class='ocrx_word' id='word_1_301' title='bbox 712 2261 760 2296; x_wconf 88' lang='lat' dir='ltr'><strong>qui</strong></span> <span class='ocrx_word' id='word_1_302' title='bbox 786 2261 813 2288; x_wconf 92' lang='lat' dir='ltr'><strong>in</strong></span> <span class='ocrx_word' id='word_1_303' title='bbox 838 2268 952 2296; x_wconf 89' lang='lat' dir='ltr'><strong>corpore</strong></span> <span class='ocrx_word' id='word_1_304' title='bbox 971 2268 978 2286; x_wconf 93' lang='lat'><strong>:</strong></span> 
     </span>
    </p>
   </div>
   <div class='ocr_carea' id='block_1_49' title="bbox 187 2307 980 2346">
    <p class='ocr_par' dir='ltr' id='par_1_49' title="bbox 187 2307 980 2346">
     <span class='ocr_line' id='line_1_49' title="bbox 187 2307 980 2346; baseline -0.006 -8"><span class='ocrx_word' id='word_1_305' title='bbox 187 2315 280 2339; x_wconf 83' lang='lat' dir='ltr'><strong>utrum</strong></span> <span class='ocrx_word' id='word_1_306' title='bbox 307 2310 412 2346; x_wconf 74' lang='lat' dir='ltr'><strong>ingredi</strong></span> <span class='ocrx_word' id='word_1_307' title='bbox 428 2313 553 2344; x_wconf 91' lang='lat' dir='ltr'><strong>oporteat</strong></span> <span class='ocrx_word' id='word_1_308' title='bbox 564 2309 592 2335; x_wconf 95' lang='lat' dir='ltr'><strong>in</strong></span> <span class='ocrx_word' id='word_1_309' title='bbox 607 2316 703 2335; x_wconf 88' lang='lat' dir='ltr'><strong>eorutn</strong></span> <span class='ocrx_word' id='word_1_310' title='bbox 720 2307 878 2335; x_wconf 71' lang='lat' dir='ltr'><strong>cmmeteria</strong></span> <span class='ocrx_word' id='word_1_311' title='bbox 891 2328 900 2341; x_wconf 85' lang='grc'><em>,</em></span> <span class='ocrx_word' id='word_1_312' title='bbox 928 2307 980 2334; x_wconf 91' lang='lat' dir='ltr'><strong>ibi-</strong></span> 
     </span>
    </p>
   </div>
   <div class='ocr_carea' id='block_1_50' title="bbox 187 2352 980 2390">
    <p class='ocr_par' dir='ltr' id='par_1_50' title="bbox 187 2352 980 2390">
     <span class='ocr_line' id='line_1_50' title="bbox 187 2352 980 2390; baseline -0.003 -8"><span class='ocrx_word' id='word_1_313' title='bbox 187 2362 242 2390; x_wconf 82' lang='lat' dir='ltr'><strong>que</strong></span> <span class='ocrx_word' id='word_1_314' title='bbox 256 2361 337 2381; x_wconf 87' lang='lat' dir='ltr'><strong>orare</strong></span> <span class='ocrx_word' id='word_1_315' title='bbox 356 2359 383 2382; x_wconf 91' lang='lat' dir='ltr'><strong>et</strong></span> <span class='ocrx_word' id='word_1_316' title='bbox 403 2354 531 2386; x_wconf 88' lang='lat' dir='ltr'><strong>adorare,</strong></span> <span class='ocrx_word' id='word_1_317' title='bbox 544 2353 609 2381; x_wconf 91' lang='lat' dir='ltr'><strong>dum</strong></span> <span class='ocrx_word' id='word_1_318' title='bbox 625 2361 657 2380; x_wconf 87' lang='lat' dir='ltr'><strong>ca</strong></span> <span class='ocrx_word' id='word_1_319' title='bbox 672 2361 688 2380; x_wconf 87' lang='lat' dir='ltr'><strong>a</strong></span> <span class='ocrx_word' id='word_1_320' title='bbox 708 2352 820 2388; x_wconf 90' lang='lat' dir='ltr'><strong>pollutis</strong></span> <span class='ocrx_word' id='word_1_321' title='bbox 831 2353 980 2380; x_wconf 86' lang='lat' dir='ltr'><strong>sacerdoti-</strong></span> 
     </span>
    </p>
   </div>
   <div class='ocr_carea' id='block_1_51' title="bbox 187 2400 395 2428">
    <p class='ocr_par' dir='ltr' id='par_1_51' title="bbox 187 2400 395 2428">
     <span class='ocr_line' id='line_1_51' title="bbox 187 2400 395 2428; baseline 0 -1"><span class='ocrx_word' id='word_1_322' title='bbox 187 2400 240 2428; x_wconf 83' lang='lat' dir='ltr'><strong>bus</strong></span> <span class='ocrx_word' id='word_1_323' title='bbox 257 2404 395 2427; x_wconf 85' lang='lat' dir='ltr'><strong>tenentur.</strong></span> 
     </span>
    </p>
   </div>
   <div class='ocr_carea' id='block_1_52' title="bbox 223 2482 977 2522">
    <p class='ocr_par' dir='ltr' id='par_1_52' title="bbox 223 2482 977 2522">
     <span class='ocr_line' id='line_1_52' title="bbox 223 2482 977 2522; baseline -0.004 -6"><span class='ocrx_word' id='word_1_324' title='bbox 223 2487 378 2522; x_wconf 65' lang='lat' dir='ltr'><strong>Responsio.</strong></span> <span class='ocrx_word' id='word_1_325' title='bbox 393 2502 429 2508; x_wconf 90' lang='grc'><strong>--</strong></span> <span class='ocrx_word' id='word_1_326' title='bbox 441 2487 500 2515; x_wconf 83' lang='lat' dir='ltr'><strong>Non</strong></span> <span class='ocrx_word' id='word_1_327' title='bbox 515 2482 649 2522; x_wconf 61' lang='lat' dir='ltr'><strong>permitt&#39;it</strong></span> <span class='ocrx_word' id='word_1_328' title='bbox 661 2494 762 2519; x_wconf 80' lang='lat' dir='ltr'><strong>canon,</strong></span> <span class='ocrx_word' id='word_1_329' title='bbox 778 2487 930 2514; x_wconf 87' lang='lat' dir='ltr'><strong>secundum</strong></span> <span class='ocrx_word' id='word_1_330' title='bbox 946 2494 977 2514; x_wconf 83' lang='lat' dir='ltr'><strong>ea</strong></span> 
     </span>
    </p>
   </div>
   <div class='ocr_carea' id='block_1_53' title="bbox 187 2533 978 2570">
    <p class='ocr_par' dir='ltr' id='par_1_53' title="bbox 187 2533 978 2570">
     <span class='ocr_line' id='line_1_53' title="bbox 187 2533 978 2570; baseline -0.003 -9"><span class='ocrx_word' id='word_1_331' title='bbox 187 2542 250 2570; x_wconf 67' lang='lat' dir='ltr'><strong>quas</strong></span> <span class='ocrx_word' id='word_1_332' title='bbox 264 2535 340 2569; x_wconf 84' lang='lat' dir='ltr'><strong>prius</strong></span> <span class='ocrx_word' id='word_1_333' title='bbox 353 2533 491 2561; x_wconf 87' lang='lat' dir='ltr'><strong>declarata</strong></span> <span class='ocrx_word' id='word_1_334' title='bbox 505 2537 582 2565; x_wconf 85' lang='lat' dir='ltr'><strong>sunt,</strong></span> <span class='ocrx_word' id='word_1_335' title='bbox 601 2533 628 2560; x_wconf 92' lang='lat' dir='ltr'><strong>in</strong></span> <span class='ocrx_word' id='word_1_336' title='bbox 643 2540 740 2560; x_wconf 91' lang='lat' dir='ltr'><strong>eorum</strong></span> <span class='ocrx_word' id='word_1_337' title='bbox 757 2533 915 2560; x_wconf 62' lang='lat' dir='ltr'><strong>casmeteria</strong></span> <span class='ocrx_word' id='word_1_338' title='bbox 936 2533 978 2559; x_wconf 93' lang='lat' dir='ltr'><strong>in-</strong></span> 
     </span>
    </p>
   </div>
   <div class='ocr_carea' id='block_1_54' title="bbox 189 2578 978 2614">
    <p class='ocr_par' dir='ltr' id='par_1_54' title="bbox 189 2578 978 2614">
     <span class='ocr_line' id='line_1_54' title="bbox 189 2578 978 2614; baseline -0.003 -7"><span class='ocrx_word' id='word_1_339' title='bbox 189 2580 284 2608; x_wconf 86' lang='lat' dir='ltr'><strong>troire.</strong></span> <span class='ocrx_word' id='word_1_340' title='bbox 307 2579 446 2614; x_wconf 80' lang='lat' dir='ltr'><strong>Scriptum</strong></span> <span class='ocrx_word' id='word_1_341' title='bbox 462 2584 504 2607; x_wconf 89' lang='lat' dir='ltr'><strong>est</strong></span> <span class='ocrx_word' id='word_1_342' title='bbox 519 2580 592 2607; x_wconf 84' lang='lat' dir='ltr'><strong>enim</strong></span> <span class='ocrx_word' id='word_1_343' title='bbox 611 2588 617 2607; x_wconf 96' lang='lat'><strong>:</strong></span> <span class='ocrx_word' id='word_1_344' title='bbox 639 2578 674 2606; x_wconf 87' lang='lat' dir='ltr'><strong>Ut</strong></span> <span class='ocrx_word' id='word_1_345' title='bbox 697 2579 761 2614; x_wconf 81' lang='lat' dir='ltr'><strong>quid</strong></span> <span class='ocrx_word' id='word_1_346' title='bbox 788 2579 897 2606; x_wconf 76' lang='lat' dir='ltr'><strong>libertas</strong></span> <span class='ocrx_word' id='word_1_347' title='bbox 920 2587 978 2605; x_wconf 83' lang='lat' dir='ltr'><strong>mea</strong></span> 
     </span>
    </p>
   </div>
   <div class='ocr_carea' id='block_1_55' title="bbox 185 2623 978 2660">
    <p class='ocr_par' dir='ltr' id='par_1_55' title="bbox 185 2623 978 2660">
     <span class='ocr_line' id='line_1_55' title="bbox 185 2623 978 2660; baseline -0.001 -8"><span class='ocrx_word' id='word_1_348' title='bbox 185 2625 325 2660; x_wconf 77' lang='lat' dir='ltr'><strong>judicatur</strong></span> <span class='ocrx_word' id='word_1_349' title='bbox 341 2624 373 2651; x_wconf 74' lang='lat' dir='ltr'><strong>ab</strong></span> <span class='ocrx_word' id='word_1_350' title='bbox 386 2625 474 2652; x_wconf 83' lang='lat' dir='ltr'><strong>aliena</strong></span> <span class='ocrx_word' id='word_1_351' title='bbox 487 2625 650 2651; x_wconf 74' lang='lat' dir='ltr'><strong>conscientia</strong></span> <span class='ocrx_word' id='word_1_352' title='bbox 664 2624 706 2651; x_wconf 75' lang='lat' dir='ltr'><strong>“T</strong></span> <span class='ocrx_word' id='word_1_353' title='bbox 723 2623 775 2651; x_wconf 85' lang='lat' dir='ltr'><strong>nisi</strong></span> <span class='ocrx_word' id='word_1_354' title='bbox 795 2623 865 2651; x_wconf 78' lang='lat' dir='ltr'><strong>forte</strong></span> <span class='ocrx_word' id='word_1_355' title='bbox 879 2631 910 2651; x_wconf 82' lang='lat' dir='ltr'><strong>ex</strong></span> <span class='ocrx_word' id='word_1_356' title='bbox 929 2632 978 2651; x_wconf 86' lang='lat' dir='ltr'><strong>ne-</strong></span> 
     </span>
    </p>
   </div>
   <div class='ocr_carea' id='block_1_56' title="bbox 189 2670 980 2703">
    <p class='ocr_par' dir='ltr' id='par_1_56' title="bbox 189 2670 980 2703">
     <span class='ocr_line' id='line_1_56' title="bbox 189 2670 980 2703; baseline -0.003 -5"><span class='ocrx_word' id='word_1_357' title='bbox 189 2671 318 2699; x_wconf 84' lang='lat' dir='ltr'><strong>cessitate</strong></span> <span class='ocrx_word' id='word_1_358' title='bbox 330 2690 338 2703; x_wconf 83' lang='lat'><strong>,</strong></span> <span class='ocrx_word' id='word_1_359' title='bbox 364 2671 553 2698; x_wconf 86' lang='lat' dir='ltr'><strong>tantummodo</strong></span> <span class='ocrx_word' id='word_1_360' title='bbox 568 2671 602 2698; x_wconf 86' lang='lat' dir='ltr'><strong>ad</strong></span> <span class='ocrx_word' id='word_1_361' title='bbox 627 2670 796 2698; x_wconf 76' lang='lat' dir='ltr'><strong>venerandus</strong></span> <span class='ocrx_word' id='word_1_362' title='bbox 814 2670 902 2697; x_wconf 83' lang='lat' dir='ltr'><strong>sancti</strong></span> <span class='ocrx_word' id='word_1_363' title='bbox 916 2670 980 2697; x_wconf 90' lang='lat' dir='ltr'><strong>reli-</strong></span> 
     </span>
    </p>
   </div>
   <div class='ocr_carea' id='block_1_57' title="bbox 188 2715 507 2752">
    <p class='ocr_par' dir='ltr' id='par_1_57' title="bbox 188 2715 507 2752">
     <span class='ocr_line' id='line_1_57' title="bbox 188 2715 507 2752; baseline -0.003 -8"><span class='ocrx_word' id='word_1_364' title='bbox 188 2717 278 2752; x_wconf 82' lang='lat' dir='ltr'><strong>quias,</strong></span> <span class='ocrx_word' id='word_1_365' title='bbox 296 2716 343 2743; x_wconf 81' lang='lat' dir='ltr'><strong>ﬁat</strong></span> <span class='ocrx_word' id='word_1_366' title='bbox 357 2715 507 2751; x_wconf 76' lang='lat' dir='ltr'><strong>ingressus.</strong></span> 
     </span>
    </p>
   </div>
   <div class='ocr_carea' id='block_1_58' title="bbox 224 2762 980 2799">
    <p class='ocr_par' dir='ltr' id='par_1_58' title="bbox 224 2762 980 2799">
     <span class='ocr_line' id='line_1_58' title="bbox 224 2762 980 2799; baseline -0.003 -7"><span class='ocrx_word' id='word_1_367' title='bbox 224 2763 405 2799; x_wconf 78' lang='lat' dir='ltr'><strong>Interrogatio</strong></span> <span class='ocrx_word' id='word_1_368' title='bbox 425 2762 468 2790; x_wconf 81' lang='lat' dir='ltr'><strong>Vl.</strong></span> <span class='ocrx_word' id='word_1_369' title='bbox 487 2779 520 2784; x_wconf 89' lang='lat'><strong>—-</strong></span> <span class='ocrx_word' id='word_1_370' title='bbox 538 2763 574 2791; x_wconf 83' lang='lat' dir='ltr'><strong>De</strong></span> <span class='ocrx_word' id='word_1_371' title='bbox 601 2763 636 2791; x_wconf 87' lang='lat' dir='ltr'><strong>iis</strong></span> <span class='ocrx_word' id='word_1_372' title='bbox 658 2763 707 2799; x_wconf 90' lang='lat' dir='ltr'><strong>qui</strong></span> <span class='ocrx_word' id='word_1_373' title='bbox 730 2763 856 2791; x_wconf 84' lang='lat' dir='ltr'><strong>habitum</strong></span> <span class='ocrx_word' id='word_1_374' title='bbox 876 2770 980 2791; x_wconf 88' lang='lat' dir='ltr'><strong>mona—</strong></span> 
     </span>
    </p>
   </div>
   <div class='ocr_carea' id='block_1_59' title="bbox 226 2861 1013 2898">
    <p class='ocr_par' dir='ltr' id='par_1_59' title="bbox 226 2861 1013 2898">
     <span class='ocr_line' id='line_1_59' title="bbox 226 2861 1013 2898; baseline -0.001 -8"><span class='ocrx_word' id='word_1_375' title='bbox 226 2863 238 2879; x_wconf 83' lang='grc'>⁸</span> <span class='ocrx_word' id='word_1_376' title='bbox 252 2861 349 2891; x_wconf 78' lang='lat' dir='ltr'><strong>Matth.</strong></span> <span class='ocrx_word' id='word_1_377' title='bbox 363 2870 444 2895; x_wconf 78' lang='lat' dir='ltr'><strong>xxul,</strong></span> <span class='ocrx_word' id='word_1_378' title='bbox 463 2862 506 2891; x_wconf 77' lang='lat'><strong>58.</strong></span> <span class='ocrx_word' id='word_1_379' title='bbox 545 2863 555 2879; x_wconf 91' lang='lat'><strong><em>&quot;</em></strong></span> <span class='ocrx_word' id='word_1_380' title='bbox 574 2862 662 2898; x_wconf 84' lang='lat' dir='ltr'><strong>Epist.</strong></span> <span class='ocrx_word' id='word_1_381' title='bbox 680 2861 742 2891; x_wconf 65' lang='lat' dir='ltr'><strong>19L</strong></span> <span class='ocrx_word' id='word_1_382' title='bbox 781 2861 793 2878; x_wconf 77' lang='grc'><strong><em>⁸</em></strong></span> <span class='ocrx_word' id='word_1_383' title='bbox 813 2861 886 2891; x_wconf 82' lang='lat' dir='ltr'><strong>Psal.</strong></span> <span class='ocrx_word' id='word_1_384' title='bbox 905 2870 968 2896; x_wconf 81' lang='lat' dir='ltr'><strong>xxv,</strong></span> <span class='ocrx_word' id='word_1_385' title='bbox 987 2863 1013 2890; x_wconf 78' lang='grc'><strong>5.</strong></span> 
     </span>
    </p>
   </div>
   <div class='ocr_carea' id='block_1_60' title="bbox 995 2216 1017 2244">
    <p class='ocr_par' dir='ltr' id='par_1_60' title="bbox 995 2216 1017 2244">
     <span class='ocr_line' id='line_1_60' title="bbox 995 2216 1017 2244; baseline 0 0"><span class='ocrx_word' id='word_1_386' title='bbox 995 2216 1017 2244; x_wconf 83' lang='grc'><strong>1)</strong></span> 
     </span>
    </p>
   </div>
   <div class='ocr_carea' id='block_1_61' title="bbox 1025 238 1815 276">
    <p class='ocr_par' dir='ltr' id='par_1_61' title="bbox 1025 238 1815 276">
     <span class='ocr_line' id='line_1_61' title="bbox 1025 238 1815 276; baseline -0.005 -8"><span class='ocrx_word' id='word_1_387' title='bbox 1025 241 1218 276; x_wconf 82' lang='grc' dir='ltr'>ποιησάμενοι.</span> <span class='ocrx_word' id='word_1_388' title='bbox 1233 238 1288 266; x_wconf 75' lang='grc' dir='ltr'><strong>Καὶ</strong></span> <span class='ocrx_word' id='word_1_389' title='bbox 1298 238 1346 265; x_wconf 85' lang='grc' dir='ltr'>νῦν</span> <span class='ocrx_word' id='word_1_390' title='bbox 1358 238 1387 265; x_wconf 75' lang='grc' dir='ltr'>δὲ</span> <span class='ocrx_word' id='word_1_391' title='bbox 1400 238 1431 265; x_wconf 78' lang='grc' dir='ltr'>τὸ</span> <span class='ocrx_word' id='word_1_392' title='bbox 1446 238 1512 265; x_wconf 83' lang='grc' dir='ltr'>αὐτὸ</span> <span class='ocrx_word' id='word_1_393' title='bbox 1522 239 1618 273; x_wconf 80' lang='grc' dir='ltr'>ὁρᾶται</span> <span class='ocrx_word' id='word_1_394' title='bbox 1628 238 1815 274; x_wconf 79' lang='grc' dir='ltr'>πραττόμενον</span> 
     </span>
    </p>
   </div>
   <div class='ocr_carea' id='block_1_62' title="bbox 1023 282 1814 321">
    <p class='ocr_par' dir='ltr' id='par_1_62' title="bbox 1023 282 1814 321">
     <span class='ocr_line' id='line_1_62' title="bbox 1023 282 1814 321; baseline -0.003 -9"><span class='ocrx_word' id='word_1_395' title='bbox 1023 287 1053 313; x_wconf 74' lang='grc' dir='ltr'>ἐν</span> <span class='ocrx_word' id='word_1_396' title='bbox 1073 287 1107 321; x_wconf 83' lang='grc' dir='ltr'>τῇ</span> <span class='ocrx_word' id='word_1_397' title='bbox 1127 284 1253 321; x_wconf 79' lang='grc' dir='ltr'><strong>παρούσῃ</strong></span> <span class='ocrx_word' id='word_1_398' title='bbox 1268 283 1385 319; x_wconf 82' lang='grc' dir='ltr'>αῐρέσει.</span> <span class='ocrx_word' id='word_1_399' title='bbox 1401 283 1483 309; x_wconf 81' lang='grc' dir='ltr'>Ὥστε</span> <span class='ocrx_word' id='word_1_400' title='bbox 1498 283 1523 309; x_wconf 86' lang='grc' dir='ltr'>οἱ</span> <span class='ocrx_word' id='word_1_401' title='bbox 1544 282 1771 317; x_wconf 79' lang='grc' dir='ltr'>ὑποδηλωθέντες,</span> <span class='ocrx_word' id='word_1_402' title='bbox 1790 284 1814 310; x_wconf 79' lang='grc' dir='ltr'><strong>εἰ</strong></span> 
     </span>
    </p>
   </div>
   <div class='ocr_carea' id='block_1_63' title="bbox 1023 328 1814 366">
    <p class='ocr_par' dir='ltr' id='par_1_63' title="bbox 1023 328 1814 366">
     <span class='ocr_line' id='line_1_63' title="bbox 1023 328 1814 366; baseline -0.003 -9"><span class='ocrx_word' id='word_1_403' title='bbox 1023 331 1054 357; x_wconf 85' lang='grc' dir='ltr'>οὐ</span> <span class='ocrx_word' id='word_1_404' title='bbox 1072 330 1214 366; x_wconf 81' lang='grc' dir='ltr'><strong>προδήλως</strong></span> <span class='ocrx_word' id='word_1_405' title='bbox 1235 329 1288 356; x_wconf 85' lang='grc' dir='ltr'>εἰσὶ</span> <span class='ocrx_word' id='word_1_406' title='bbox 1307 329 1539 364; x_wconf 82' lang='grc' dir='ltr'><strong>κατεγνωσμένοι,</strong></span> <span class='ocrx_word' id='word_1_407' title='bbox 1561 328 1687 363; x_wconf 81' lang='grc' dir='ltr'><strong>οὐδαμῶς</strong></span> <span class='ocrx_word' id='word_1_408' title='bbox 1712 330 1744 355; x_wconf 79' lang='grc' dir='ltr'>ὲκ</span> <span class='ocrx_word' id='word_1_409' title='bbox 1767 329 1814 355; x_wconf 79' lang='grc' dir='ltr'>τοῦ</span> 
     </span>
    </p>
   </div>
   <div class='ocr_carea' id='block_1_64' title="bbox 1023 373 1815 413">
    <p class='ocr_par' dir='ltr' id='par_1_64' title="bbox 1023 373 1815 413">
     <span class='ocr_line' id='line_1_64' title="bbox 1023 373 1815 413; baseline -0.006 -9"><span class='ocrx_word' id='word_1_410' title='bbox 1023 377 1111 410; x_wconf 77' lang='grc' dir='ltr'>οὕτως</span> <span class='ocrx_word' id='word_1_411' title='bbox 1124 375 1347 413; x_wconf 73' lang='grc' dir='ltr'><strong>χειροτονηθῆναι</strong></span> <span class='ocrx_word' id='word_1_412' title='bbox 1359 375 1552 410; x_wconf 83' lang='grc' dir='ltr'>ἀποτρόπαιοι,</span> <span class='ocrx_word' id='word_1_413' title='bbox 1563 373 1631 400; x_wconf 80' lang='grc' dir='ltr'>ἀλλὰ</span> <span class='ocrx_word' id='word_1_414' title='bbox 1641 374 1815 409; x_wconf 81' lang='grc' dir='ltr'>προσδεκτέοι</span> 
     </span>
    </p>
   </div>
   <div class='ocr_carea' id='block_1_65' title="bbox 1023 421 1422 458">
    <p class='ocr_par' dir='ltr' id='par_1_65' title="bbox 1023 421 1422 458">
     <span class='ocr_line' id='line_1_65' title="bbox 1023 421 1422 458; baseline -0.008 -7"><span class='ocrx_word' id='word_1_415' title='bbox 1023 423 1097 451; x_wconf 85' lang='grc' dir='ltr'>κατὰ</span> <span class='ocrx_word' id='word_1_416' title='bbox 1110 423 1249 457; x_wconf 82' lang='grc' dir='ltr'>τέσσαρας</span> <span class='ocrx_word' id='word_1_417' title='bbox 1263 421 1422 458; x_wconf 69' lang='grc' dir='ltr'>προτάσεις.</span> 
     </span>
    </p>
   </div>
   <div class='ocr_carea' id='block_1_66' title="bbox 1065 465 1816 504">
    <p class='ocr_par' dir='ltr' id='par_1_66' title="bbox 1065 465 1816 504">
     <span class='ocr_line' id='line_1_66' title="bbox 1065 465 1816 504; baseline -0.008 -8"><span class='ocrx_word' id='word_1_418' title='bbox 1065 469 1226 504; x_wconf 84' lang='grc' dir='ltr'><strong>Ἐρώτησις</strong></span> <span class='ocrx_word' id='word_1_419' title='bbox 1239 468 1277 494; x_wconf 90' lang='lat' dir='ltr'><strong>B&#39;.</strong></span> <span class='ocrx_word' id='word_1_420' title='bbox 1289 483 1324 487; x_wconf 98' lang='lat'>—</span> <span class='ocrx_word' id='word_1_421' title='bbox 1337 467 1408 503; x_wconf 80' lang='grc' dir='ltr'><strong>Περὶ</strong></span> <span class='ocrx_word' id='word_1_422' title='bbox 1423 467 1477 494; x_wconf 79' lang='grc' dir='ltr'>τῶν</span> <span class='ocrx_word' id='word_1_423' title='bbox 1492 465 1735 502; x_wconf 80' lang='grc' dir='ltr'>χειροτονηθέντων</span> <span class='ocrx_word' id='word_1_424' title='bbox 1750 473 1816 500; x_wconf 75' lang='grc' dir='ltr'>πρε·</span> 
     </span>
    </p>
   </div>
   <div class='ocr_carea' id='block_1_67' title="bbox 1025 511 1818 551">
    <p class='ocr_par' dir='ltr' id='par_1_67' title="bbox 1025 511 1818 551">
     <span class='ocr_line' id='line_1_67' title="bbox 1025 511 1818 551; baseline -0.006 -9"><span class='ocrx_word' id='word_1_425' title='bbox 1025 515 1164 551; x_wconf 81' lang='grc' dir='ltr'>σϐυτέρων</span> <span class='ocrx_word' id='word_1_426' title='bbox 1181 514 1315 550; x_wconf 77' lang='grc' dir='ltr'>ὑπερόρια</span> <span class='ocrx_word' id='word_1_427' title='bbox 1334 515 1362 541; x_wconf 82' lang='grc' dir='ltr'>ὲν</span> <span class='ocrx_word' id='word_1_428' title='bbox 1377 513 1503 549; x_wconf 79' lang='grc' dir='ltr'>Σικελίᾳ·</span> <span class='ocrx_word' id='word_1_429' title='bbox 1528 513 1553 538; x_wconf 88' lang='grc' dir='ltr'><strong>εἰ</strong></span> <span class='ocrx_word' id='word_1_430' title='bbox 1569 513 1623 548; x_wconf 80' lang='grc' dir='ltr'>χρὴ</span> <span class='ocrx_word' id='word_1_431' title='bbox 1640 512 1752 543; x_wconf 78' lang='grc' dir='ltr'><strong>τούτους</strong></span> <span class='ocrx_word' id='word_1_432' title='bbox 1773 511 1818 537; x_wconf 82' lang='grc' dir='ltr'>δέ·</span> 
     </span>
    </p>
   </div>
   <div class='ocr_carea' id='block_1_68' title="bbox 1024 560 1130 596">
    <p class='ocr_par' dir='ltr' id='par_1_68' title="bbox 1024 560 1130 596">
     <span class='ocr_line' id='line_1_68' title="bbox 1024 560 1130 596; baseline 0 -9"><span class='ocrx_word' id='word_1_433' title='bbox 1024 560 1130 596; x_wconf 86' lang='grc' dir='ltr'>χεσθαι.</span> 
     </span>
    </p>
   </div>
   <div class='ocr_carea' id='block_1_69' title="bbox 1065 602 1818 640">
    <p class='ocr_par' dir='ltr' id='par_1_69' title="bbox 1065 602 1818 640">
     <span class='ocr_line' id='line_1_69' title="bbox 1065 602 1818 640; baseline -0.008 -7"><span class='ocrx_word' id='word_1_434' title='bbox 1065 605 1381 640; x_wconf 83' lang='grc' dir='ltr'>Ἀπόκρισις.-Τοῦτο</span> <span class='ocrx_word' id='word_1_435' title='bbox 1394 604 1425 631; x_wconf 69' lang='grc' dir='ltr'><strong>τὸ</strong></span> <span class='ocrx_word' id='word_1_436' title='bbox 1439 603 1569 639; x_wconf 75' lang='grc' dir='ltr'>ἐρώτημα</span> <span class='ocrx_word' id='word_1_437' title='bbox 1583 604 1677 638; x_wconf 84' lang='grc' dir='ltr'>ὅμοιον</span> <span class='ocrx_word' id='word_1_438' title='bbox 1687 602 1735 629; x_wconf 77' lang='grc' dir='ltr'>τοῦ</span> <span class='ocrx_word' id='word_1_439' title='bbox 1748 611 1818 637; x_wconf 78' lang='grc' dir='ltr'>προ.</span> 
     </span>
    </p>
   </div>
   <div class='ocr_carea' id='block_1_70' title="bbox 1023 649 1818 686">
    <p class='ocr_par' dir='ltr' id='par_1_70' title="bbox 1023 649 1818 686">
     <span class='ocr_line' id='line_1_70' title="bbox 1023 649 1818 686; baseline -0.003 -7"><span class='ocrx_word' id='word_1_440' title='bbox 1023 652 1159 683; x_wconf 82' lang='grc' dir='ltr'>τεθέντος,</span> <span class='ocrx_word' id='word_1_441' title='bbox 1186 653 1211 679; x_wconf 84' lang='grc' dir='ltr'><strong>εἰ</strong></span> <span class='ocrx_word' id='word_1_442' title='bbox 1242 652 1290 678; x_wconf 77' lang='grc' dir='ltr'><strong>καὶ</strong></span> <span class='ocrx_word' id='word_1_443' title='bbox 1324 651 1385 678; x_wconf 79' lang='grc' dir='ltr'>καθ’</span> <span class='ocrx_word' id='word_1_444' title='bbox 1431 650 1527 686; x_wconf 77' lang='grc' dir='ltr'>ὕφεσιν</span> <span class='ocrx_word' id='word_1_445' title='bbox 1561 650 1646 676; x_wconf 85' lang='grc' dir='ltr'>τόπου</span> <span class='ocrx_word' id='word_1_446' title='bbox 1679 649 1818 685; x_wconf 80' lang='grc' dir='ltr'>ἀνόμοιον.</span> 
     </span>
    </p>
   </div>
   <div class='ocr_carea' id='block_1_71' title="bbox 1030 696 1639 732">
    <p class='ocr_par' dir='ltr' id='par_1_71' title="bbox 1030 696 1639 732">
     <span class='ocr_line' id='line_1_71' title="bbox 1030 696 1639 732; baseline -0.003 -8"><span class='ocrx_word' id='word_1_447' title='bbox 1030 697 1144 732; x_wconf 74' lang='grc' dir='ltr'>ὀμοίαν</span> <span class='ocrx_word' id='word_1_448' title='bbox 1156 697 1278 732; x_wconf 85' lang='grc' dir='ltr'>δηλονότι</span> <span class='ocrx_word' id='word_1_449' title='bbox 1288 696 1344 729; x_wconf 72' lang='grc' dir='ltr'>ἔξει</span> <span class='ocrx_word' id='word_1_450' title='bbox 1359 696 1407 723; x_wconf 76' lang='grc' dir='ltr'>καὶ</span> <span class='ocrx_word' id='word_1_451' title='bbox 1419 696 1468 732; x_wconf 82' lang='grc' dir='ltr'>τὴν</span> <span class='ocrx_word' id='word_1_452' title='bbox 1481 696 1639 731; x_wconf 83' lang='grc' dir='ltr'>ἀπόκρισιν.</span> 
     </span>
    </p>
   </div>
   <div class='ocr_carea' id='block_1_72' title="bbox 1066 741 1820 777">
    <p class='ocr_par' dir='ltr' id='par_1_72' title="bbox 1066 741 1820 777">
     <span class='ocr_line' id='line_1_72' title="bbox 1066 741 1820 777; baseline -0.003 -8"><span class='ocrx_word' id='word_1_453' title='bbox 1066 742 1225 776; x_wconf 79' lang='grc' dir='ltr'>Ἐρώτησις</span> <span class='ocrx_word' id='word_1_454' title='bbox 1241 741 1278 769; x_wconf 86' lang='grc' dir='ltr'><strong>Γ¹.</strong></span> <span class='ocrx_word' id='word_1_455' title='bbox 1295 757 1329 762; x_wconf 89' lang='grc'><strong>-</strong></span> <span class='ocrx_word' id='word_1_456' title='bbox 1345 742 1413 777; x_wconf 79' lang='grc' dir='ltr'>Περὶ</span> <span class='ocrx_word' id='word_1_457' title='bbox 1434 741 1490 768; x_wconf 83' lang='grc' dir='ltr'><strong>τῶν</strong></span> <span class='ocrx_word' id='word_1_458' title='bbox 1510 742 1696 769; x_wconf 80' lang='grc' dir='ltr'>κοινωθέντων</span> <span class='ocrx_word' id='word_1_459' title='bbox 1717 741 1820 776; x_wconf 72' lang='grc' dir='ltr'>ἔκκλη-</span> 
     </span>
    </p>
   </div>
   <div class='ocr_carea' id='block_1_73' title="bbox 1025 787 1820 823">
    <p class='ocr_par' dir='ltr' id='par_1_73' title="bbox 1025 787 1820 823">
     <span class='ocr_line' id='line_1_73' title="bbox 1025 787 1820 823; baseline -0.003 -8"><span class='ocrx_word' id='word_1_460' title='bbox 1025 788 1091 815; x_wconf 88' lang='grc' dir='ltr'>σιῶν</span> <span class='ocrx_word' id='word_1_461' title='bbox 1108 790 1141 815; x_wconf 78' lang='grc' dir='ltr'>ὲκ</span> <span class='ocrx_word' id='word_1_462' title='bbox 1154 789 1209 815; x_wconf 74' lang='grc' dir='ltr'><strong>¹ιιῶν</strong></span> <span class='ocrx_word' id='word_1_463' title='bbox 1225 788 1324 823; x_wconf 80' lang='grc' dir='ltr'>ἰερέων</span> <span class='ocrx_word' id='word_1_464' title='bbox 1337 788 1391 814; x_wconf 84' lang='grc' dir='ltr'>τῶν</span> <span class='ocrx_word' id='word_1_465' title='bbox 1407 788 1633 823; x_wconf 80' lang='grc' dir='ltr'>κοινωνησάντων</span> <span class='ocrx_word' id='word_1_466' title='bbox 1649 789 1681 822; x_wconf 82' lang='grc' dir='ltr'><strong>τῇ</strong></span> <span class='ocrx_word' id='word_1_467' title='bbox 1697 787 1820 823; x_wconf 84' lang='grc' dir='ltr'>αἰρέσει,</span> 
     </span>
    </p>
   </div>
   <div class='ocr_carea' id='block_1_74' title="bbox 1024 833 1820 869">
    <p class='ocr_par' dir='ltr' id='par_1_74' title="bbox 1024 833 1820 869">
     <span class='ocr_line' id='line_1_74' title="bbox 1024 833 1820 869; baseline 0 -9"><span class='ocrx_word' id='word_1_468' title='bbox 1024 834 1072 861; x_wconf 76' lang='grc' dir='ltr'>καὶ</span> <span class='ocrx_word' id='word_1_469' title='bbox 1085 833 1275 869; x_wconf 78' lang='grc' dir='ltr'>κατεχομένων</span> <span class='ocrx_word' id='word_1_470' title='bbox 1286 834 1332 860; x_wconf 78' lang='grc' dir='ltr'><strong>ὑπ’</strong></span> <span class='ocrx_word' id='word_1_471' title='bbox 1341 833 1431 860; x_wconf 80' lang='grc' dir='ltr'>αὐτῶν</span> <span class='ocrx_word' id='word_1_472' title='bbox 1441 842 1449 849; x_wconf 89' lang='grc'><strong>·</strong></span> <span class='ocrx_word' id='word_1_473' title='bbox 1463 833 1489 860; x_wconf 81' lang='grc' dir='ltr'>εἱ</span> <span class='ocrx_word' id='word_1_474' title='bbox 1499 834 1552 869; x_wconf 84' lang='grc' dir='ltr'>χρὴ</span> <span class='ocrx_word' id='word_1_475' title='bbox 1563 834 1590 860; x_wconf 80' lang='grc' dir='ltr'>ὲν</span> <span class='ocrx_word' id='word_1_476' title='bbox 1602 834 1697 865; x_wconf 79' lang='grc' dir='ltr'>αὐταῖς</span> <span class='ocrx_word' id='word_1_477' title='bbox 1705 834 1820 860; x_wconf 75' lang='grc' dir='ltr'>εἰσιέναι</span> 
     </span>
    </p>
   </div>
   <div class='ocr_carea' id='block_1_75' title="bbox 1024 879 1445 916">
    <p class='ocr_par' dir='ltr' id='par_1_75' title="bbox 1024 879 1445 916">
     <span class='ocr_line' id='line_1_75' title="bbox 1024 879 1445 916; baseline 0 -10"><span class='ocrx_word' id='word_1_478' title='bbox 1024 881 1105 916; x_wconf 81' lang='grc' dir='ltr'>χάριν</span> <span class='ocrx_word' id='word_1_479' title='bbox 1117 880 1201 915; x_wconf 83' lang='grc' dir='ltr'>εὐχῆς</span> <span class='ocrx_word' id='word_1_480' title='bbox 1214 880 1262 907; x_wconf 80' lang='grc' dir='ltr'>καὶ</span> <span class='ocrx_word' id='word_1_481' title='bbox 1274 879 1445 915; x_wconf 80' lang='grc' dir='ltr'>ψαλμῳδίας.</span> 
     </span>
    </p>
   </div>
   <div class='ocr_carea' id='block_1_76' title="bbox 1066 925 1821 962">
    <p class='ocr_par' dir='ltr' id='par_1_76' title="bbox 1066 925 1821 962">
     <span class='ocr_line' id='line_1_76' title="bbox 1066 925 1821 962; baseline -0.001 -9"><span class='ocrx_word' id='word_1_482' title='bbox 1066 927 1246 960; x_wconf 75' lang='grc' dir='ltr'>Ἀπόκρισις.</span> <span class='ocrx_word' id='word_1_483' title='bbox 1261 942 1295 947; x_wconf 87' lang='lat'><strong>——-</strong></span> <span class='ocrx_word' id='word_1_484' title='bbox 1307 926 1346 953; x_wconf 82' lang='grc' dir='ltr'><strong>Οὐ</strong></span> <span class='ocrx_word' id='word_1_485' title='bbox 1362 926 1416 962; x_wconf 77' lang='grc' dir='ltr'>χρὴ</span> <span class='ocrx_word' id='word_1_486' title='bbox 1432 925 1462 952; x_wconf 71' lang='grc' dir='ltr'><strong>τὸ</strong></span> <span class='ocrx_word' id='word_1_487' title='bbox 1478 925 1593 953; x_wconf 80' lang='grc' dir='ltr'><strong>καθόλου</strong></span> <span class='ocrx_word' id='word_1_488' title='bbox 1608 927 1649 958; x_wconf 85' lang='grc' dir='ltr'><strong>εἰς</strong></span> <span class='ocrx_word' id='word_1_489' title='bbox 1659 926 1710 957; x_wconf 76' lang='grc' dir='ltr'><strong>τὰς</strong></span> <span class='ocrx_word' id='word_1_490' title='bbox 1723 926 1821 952; x_wconf 78' lang='grc' dir='ltr'>τοιαύ-</span> 
     </span>
    </p>
   </div>
   <div class='ocr_carea' id='block_1_77' title="bbox 1024 971 1820 1008">
    <p class='ocr_par' dir='ltr' id='par_1_77' title="bbox 1024 971 1820 1008">
     <span class='ocr_line' id='line_1_77' title="bbox 1024 971 1820 1008; baseline -0.001 -8"><span class='ocrx_word' id='word_1_491' title='bbox 1024 981 1075 1005; x_wconf 82' lang='grc' dir='ltr'><strong>τας</strong></span> <span class='ocrx_word' id='word_1_492' title='bbox 1089 973 1238 1008; x_wconf 78' lang='grc' dir='ltr'><strong>ἐκκλησίας</strong></span> <span class='ocrx_word' id='word_1_493' title='bbox 1255 972 1380 1004; x_wconf 82' lang='grc' dir='ltr'>εἰσιέναι,</span> <span class='ocrx_word' id='word_1_494' title='bbox 1401 971 1474 999; x_wconf 79' lang='grc' dir='ltr'>κατὰ</span> <span class='ocrx_word' id='word_1_495' title='bbox 1493 972 1557 1004; x_wconf 78' lang='grc' dir='ltr'>τοὺς</span> <span class='ocrx_word' id='word_1_496' title='bbox 1576 973 1739 1008; x_wconf 77' lang='grc' dir='ltr'>εἰρημένους</span> <span class='ocrx_word' id='word_1_497' title='bbox 1755 973 1820 1008; x_wconf 83' lang='grc' dir='ltr'>τρό-</span> 
     </span>
    </p>
   </div>
   <div class='ocr_carea' id='block_1_78' title="bbox 1025 1010 1822 1054">
    <p class='ocr_par' dir='ltr' id='par_1_78' title="bbox 1025 1010 1822 1054">
     <span class='ocr_line' id='line_1_78' title="bbox 1025 1010 1822 1054; baseline -0.001 -9"><span class='ocrx_word' id='word_1_498' title='bbox 1025 1027 1110 1050; x_wconf 85' lang='grc' dir='ltr'>πους·</span> <span class='ocrx_word' id='word_1_499' title='bbox 1140 1018 1235 1054; x_wconf 78' lang='grc' dir='ltr'>ἐπειδὴ</span> <span class='ocrx_word' id='word_1_500' title='bbox 1253 1019 1420 1054; x_wconf 86' lang='grc' dir='ltr'>γέγραπται·</span> <span class='ocrx_word' id='word_1_501' title='bbox 1455 1017 1528 1045; x_wconf 77' lang='grc' dir='ltr'><strong>Ἰδοὺ</strong></span> <span class='ocrx_word' id='word_1_502' title='bbox 1558 1010 1676 1053; x_wconf 69' lang='grc' dir='ltr'>ἀφίεται</span> <span class='ocrx_word' id='word_1_503' title='bbox 1700 1020 1717 1045; x_wconf 84' lang='grc' dir='ltr'><em>ὁ</em></span> <span class='ocrx_word' id='word_1_504' title='bbox 1737 1016 1822 1053; x_wconf 73' lang='grc' dir='ltr'>οἶκος</span> 
     </span>
    </p>
   </div>
   <div class='ocr_carea' id='block_1_79' title="bbox 1025 1064 1821 1101">
    <p class='ocr_par' dir='ltr' id='par_1_79' title="bbox 1025 1064 1821 1101">
     <span class='ocr_line' id='line_1_79' title="bbox 1025 1064 1821 1101; baseline -0.004 -8"><span class='ocrx_word' id='word_1_505' title='bbox 1025 1065 1110 1101; x_wconf 79' lang='grc' dir='ltr'><strong>ὑμῶν</strong></span> <span class='ocrx_word' id='word_1_506' title='bbox 1121 1065 1243 1100; x_wconf 80' lang='grc' dir='ltr'>ἕρημος.</span> <span class='ocrx_word' id='word_1_507' title='bbox 1255 1065 1333 1100; x_wconf 74' lang='grc' dir='ltr'>’Ἅμα</span> <span class='ocrx_word' id='word_1_508' title='bbox 1345 1065 1400 1101; x_wconf 82' lang='grc' dir='ltr'>γὰρ</span> <span class='ocrx_word' id='word_1_509' title='bbox 1415 1065 1454 1100; x_wconf 82' lang='grc' dir='ltr'>τῷ</span> <span class='ocrx_word' id='word_1_510' title='bbox 1467 1064 1629 1100; x_wconf 75' lang='grc' dir='ltr'>εἰσαχθῆναι</span> <span class='ocrx_word' id='word_1_511' title='bbox 1640 1064 1689 1100; x_wconf 84' lang='grc' dir='ltr'><strong>τὴν</strong></span> <span class='ocrx_word' id='word_1_512' title='bbox 1702 1065 1821 1100; x_wconf 82' lang='grc' dir='ltr'>αἰρεσιν,</span> 
     </span>
    </p>
   </div>
   <div class='ocr_carea' id='block_1_80' title="bbox 1025 1109 1824 1145">
    <p class='ocr_par' dir='ltr' id='par_1_80' title="bbox 1025 1109 1824 1145">
     <span class='ocr_line' id='line_1_80' title="bbox 1025 1109 1824 1145; baseline -0.001 -8"><span class='ocrx_word' id='word_1_513' title='bbox 1025 1110 1136 1145; x_wconf 82' lang='grc' dir='ltr'>ἀπέπτη</span> <span class='ocrx_word' id='word_1_514' title='bbox 1149 1111 1163 1136; x_wconf 85' lang='grc' dir='ltr'><strong><em>ὁ</em></strong></span> <span class='ocrx_word' id='word_1_515' title='bbox 1178 1109 1276 1145; x_wconf 74' lang='grc' dir='ltr'>ἔφορος</span> <span class='ocrx_word' id='word_1_516' title='bbox 1292 1110 1347 1136; x_wconf 86' lang='grc' dir='ltr'><strong>τῶν</strong></span> <span class='ocrx_word' id='word_1_517' title='bbox 1361 1111 1452 1137; x_wconf 81' lang='grc' dir='ltr'>ὲκείσε</span> <span class='ocrx_word' id='word_1_518' title='bbox 1468 1109 1595 1144; x_wconf 77' lang='grc' dir='ltr'>ἄγγελος,</span> <span class='ocrx_word' id='word_1_519' title='bbox 1614 1109 1686 1136; x_wconf 82' lang='grc' dir='ltr'>κατὰ</span> <span class='ocrx_word' id='word_1_520' title='bbox 1701 1111 1751 1145; x_wconf 80' lang='grc' dir='ltr'>τὴν</span> <span class='ocrx_word' id='word_1_521' title='bbox 1764 1119 1824 1144; x_wconf 73' lang='grc' dir='ltr'>φω-</span> 
     </span>
    </p>
   </div>
   <div class='ocr_carea' id='block_1_81' title="bbox 1026 1154 1823 1192">
    <p class='ocr_par' dir='ltr' id='par_1_81' title="bbox 1026 1154 1823 1192">
     <span class='ocr_line' id='line_1_81' title="bbox 1026 1154 1823 1192; baseline 0 -9"><span class='ocrx_word' id='word_1_522' title='bbox 1026 1156 1075 1192; x_wconf 78' lang='grc' dir='ltr'>νὴν</span> <span class='ocrx_word' id='word_1_523' title='bbox 1102 1155 1152 1183; x_wconf 83' lang='grc' dir='ltr'>τοῦ</span> <span class='ocrx_word' id='word_1_524' title='bbox 1179 1155 1299 1191; x_wconf 85' lang='grc' dir='ltr'>μεγάλου</span> <span class='ocrx_word' id='word_1_525' title='bbox 1324 1155 1484 1182; x_wconf 75' lang='grc' dir='ltr'>Βασιλείου’</span> <span class='ocrx_word' id='word_1_526' title='bbox 1511 1156 1560 1183; x_wconf 79' lang='grc' dir='ltr'>καὶ</span> <span class='ocrx_word' id='word_1_527' title='bbox 1581 1156 1671 1188; x_wconf 86' lang='grc' dir='ltr'>κοινὺς</span> <span class='ocrx_word' id='word_1_528' title='bbox 1703 1154 1777 1188; x_wconf 84' lang='grc' dir='ltr'>οἶκος</span> <span class='ocrx_word' id='word_1_529' title='bbox 1807 1157 1823 1182; x_wconf 79' lang='grc' dir='ltr'><strong><em>ὁ</em></strong></span> 
     </span>
    </p>
   </div>
   <div class='ocr_carea' id='block_1_82' title="bbox 1026 1201 1826 1237">
    <p class='ocr_par' dir='ltr' id='par_1_82' title="bbox 1026 1201 1826 1237">
     <span class='ocr_line' id='line_1_82' title="bbox 1026 1201 1826 1237; baseline 0 -9"><span class='ocrx_word' id='word_1_530' title='bbox 1026 1201 1130 1229; x_wconf 87' lang='grc' dir='ltr'>τοιόσδε</span> <span class='ocrx_word' id='word_1_531' title='bbox 1147 1201 1313 1237; x_wconf 75' lang='grc' dir='ltr'>χρηματίζει</span> <span class='ocrx_word' id='word_1_532' title='bbox 1329 1202 1404 1233; x_wconf 75' lang='grc' dir='ltr'>ναός.</span> <span class='ocrx_word' id='word_1_533' title='bbox 1427 1202 1481 1229; x_wconf 80' lang='grc' dir='ltr'><strong>Καὶ</strong></span> <span class='ocrx_word' id='word_1_534' title='bbox 1501 1203 1538 1229; x_wconf 86' lang='grc' dir='ltr'>οὐ</span> <span class='ocrx_word' id='word_1_535' title='bbox 1557 1202 1600 1236; x_wconf 79' lang='grc' dir='ltr'>μὴ</span> <span class='ocrx_word' id='word_1_536' title='bbox 1619 1202 1756 1234; x_wconf 79' lang='grc' dir='ltr'>εἰσέλθω,</span> <span class='ocrx_word' id='word_1_537' title='bbox 1769 1211 1826 1237; x_wconf 82' lang='grc' dir='ltr'>φη-</span> 
     </span>
    </p>
   </div>
   <div class='ocr_carea' id='block_1_83' title="bbox 1027 1247 1825 1282">
    <p class='ocr_par' dir='ltr' id='par_1_83' title="bbox 1027 1247 1825 1282">
     <span class='ocr_line' id='line_1_83' title="bbox 1027 1247 1825 1282; baseline 0 -8"><span class='ocrx_word' id='word_1_538' title='bbox 1027 1247 1081 1278; x_wconf 72' lang='grc' dir='ltr'>σὶν,</span> <span class='ocrx_word' id='word_1_539' title='bbox 1095 1248 1139 1280; x_wconf 78' lang='grc' dir='ltr'><strong>εἰς</strong></span> <span class='ocrx_word' id='word_1_540' title='bbox 1156 1247 1343 1281; x_wconf 78' lang='grc' dir='ltr'>Ἐκκλησίαν</span> <span class='ocrx_word' id='word_1_541' title='bbox 1359 1247 1620 1282; x_wconf 75' lang='grc' dir='ltr'>πονηρευομένων.</span> <span class='ocrx_word' id='word_1_542' title='bbox 1636 1248 1691 1274; x_wconf 79' lang='grc' dir='ltr'>Καὶ</span> <span class='ocrx_word' id='word_1_543' title='bbox 1706 1248 1721 1274; x_wconf 79' lang='lat'><strong><em>6</em></strong></span> <span class='ocrx_word' id='word_1_544' title='bbox 1740 1247 1825 1274; x_wconf 76' lang='grc' dir='ltr'>Ἀπό-</span> 
     </span>
    </p>
   </div>
   <div class='ocr_carea' id='block_1_84' title="bbox 1028 1293 1825 1329">
    <p class='ocr_par' dir='ltr' id='par_1_84' title="bbox 1028 1293 1825 1329">
     <span class='ocr_line' id='line_1_84' title="bbox 1028 1293 1825 1329; baseline 0.001 -10"><span class='ocrx_word' id='word_1_545' title='bbox 1028 1293 1137 1325; x_wconf 85' lang='grc' dir='ltr'>στολος·</span> <span class='ocrx_word' id='word_1_546' title='bbox 1156 1294 1203 1327; x_wconf 83' lang='grc' dir='ltr'>Τις</span> <span class='ocrx_word' id='word_1_547' title='bbox 1224 1293 1449 1329; x_wconf 76' lang='grc' dir='ltr'>συγκατάθεσις</span> <span class='ocrx_word' id='word_1_548' title='bbox 1466 1293 1529 1327; x_wconf 78' lang='grc' dir='ltr'><strong>ναῷ</strong></span> <span class='ocrx_word' id='word_1_549' title='bbox 1550 1293 1624 1321; x_wconf 83' lang='grc' dir='ltr'>Θεοῦ</span> <span class='ocrx_word' id='word_1_550' title='bbox 1646 1293 1722 1329; x_wconf 79' lang='grc' dir='ltr'>μετὰ</span> <span class='ocrx_word' id='word_1_551' title='bbox 1740 1294 1825 1321; x_wconf 75' lang='grc' dir='ltr'>εἰδώ-</span> 
     </span>
    </p>
   </div>
   <div class='ocr_carea' id='block_1_85' title="bbox 1030 1340 1116 1371">
    <p class='ocr_par' dir='ltr' id='par_1_85' title="bbox 1030 1340 1116 1371">
     <span class='ocr_line' id='line_1_85' title="bbox 1030 1340 1116 1371; baseline -0.023 -5"><span class='ocrx_word' id='word_1_552' title='bbox 1030 1340 1094 1366; x_wconf 70' lang='grc' dir='ltr'><strong>λων</strong></span> <span class='ocrx_word' id='word_1_553' title='bbox 1106 1347 1116 1371; x_wconf 84' lang='grc'><em>;</em></span> 
     </span>
    </p>
   </div>
   <div class='ocr_carea' id='block_1_86' title="bbox 1069 1385 1825 1421">
    <p class='ocr_par' dir='ltr' id='par_1_86' title="bbox 1069 1385 1825 1421">
     <span class='ocr_line' id='line_1_86' title="bbox 1069 1385 1825 1421; baseline 0 -9"><span class='ocrx_word' id='word_1_554' title='bbox 1069 1385 1233 1419; x_wconf 83' lang='grc' dir='ltr'>Ἐρώτησις</span> <span class='ocrx_word' id='word_1_555' title='bbox 1247 1387 1285 1413; x_wconf 87' lang='grc' dir='ltr'><strong>Δ’.</strong></span> <span class='ocrx_word' id='word_1_556' title='bbox 1298 1400 1332 1406; x_wconf 92' lang='lat'><strong>—-</strong></span> <span class='ocrx_word' id='word_1_557' title='bbox 1344 1386 1381 1412; x_wconf 90' lang='grc' dir='ltr'>Πε</span> <span class='ocrx_word' id='word_1_558' title='bbox 1387 1385 1413 1421; x_wconf 81' lang='lat' dir='ltr'><strong>pl.</strong></span> <span class='ocrx_word' id='word_1_559' title='bbox 1426 1385 1480 1412; x_wconf 82' lang='grc' dir='ltr'><strong>τῶν</strong></span> <span class='ocrx_word' id='word_1_560' title='bbox 1494 1385 1549 1412; x_wconf 84' lang='grc' dir='ltr'>τῶν</span> <span class='ocrx_word' id='word_1_561' title='bbox 1561 1385 1747 1413; x_wconf 81' lang='grc' dir='ltr'>κοινωθέντων</span> <span class='ocrx_word' id='word_1_562' title='bbox 1775 1386 1825 1413; x_wconf 84' lang='grc' dir='ltr'><strong>ὲκ-</strong></span> 
     </span>
    </p>
   </div>
   <div class='ocr_carea' id='block_1_87' title="bbox 1028 1431 1825 1467">
    <p class='ocr_par' dir='ltr' id='par_1_87' title="bbox 1028 1431 1825 1467">
     <span class='ocr_line' id='line_1_87' title="bbox 1028 1431 1825 1467; baseline -0.001 -9"><span class='ocrx_word' id='word_1_563' title='bbox 1028 1431 1149 1467; x_wconf 80' lang='grc' dir='ltr'>κλησιῶν</span> <span class='ocrx_word' id='word_1_564' title='bbox 1161 1432 1214 1459; x_wconf 79' lang='grc' dir='ltr'><strong>ὑπὸ</strong></span> <span class='ocrx_word' id='word_1_565' title='bbox 1227 1432 1282 1459; x_wconf 84' lang='grc' dir='ltr'>τῶν</span> <span class='ocrx_word' id='word_1_566' title='bbox 1297 1432 1387 1459; x_wconf 81' lang='grc' dir='ltr'>αὐτῶν</span> <span class='ocrx_word' id='word_1_567' title='bbox 1398 1432 1503 1467; x_wconf 74' lang='grc' dir='ltr'>ἱερέων,</span> <span class='ocrx_word' id='word_1_568' title='bbox 1516 1433 1564 1459; x_wconf 66' lang='grc' dir='ltr'>καὶ</span> <span class='ocrx_word' id='word_1_569' title='bbox 1578 1433 1616 1467; x_wconf 85' lang='grc' dir='ltr'>μὴ</span> <span class='ocrx_word' id='word_1_570' title='bbox 1630 1431 1825 1467; x_wconf 75' lang='grc' dir='ltr'>κατεχομένων</span> 
     </span>
    </p>
   </div>
   <div class='ocr_carea' id='block_1_88' title="bbox 1029 1477 1827 1513">
    <p class='ocr_par' dir='ltr' id='par_1_88' title="bbox 1029 1477 1827 1513">
     <span class='ocr_line' id='line_1_88' title="bbox 1029 1477 1827 1513; baseline 0 -9"><span class='ocrx_word' id='word_1_571' title='bbox 1029 1477 1075 1504; x_wconf 89' lang='grc' dir='ltr'><strong>ὑπ’</strong></span> <span class='ocrx_word' id='word_1_572' title='bbox 1094 1477 1199 1505; x_wconf 72' lang='grc' dir='ltr'>αὑτῶψ</span> <span class='ocrx_word' id='word_1_573' title='bbox 1212 1478 1236 1504; x_wconf 86' lang='grc' dir='ltr'><strong>εἰ</strong></span> <span class='ocrx_word' id='word_1_574' title='bbox 1252 1477 1305 1513; x_wconf 83' lang='grc' dir='ltr'>χρὴ</span> <span class='ocrx_word' id='word_1_575' title='bbox 1319 1478 1349 1505; x_wconf 78' lang='grc' dir='ltr'>ὲν</span> <span class='ocrx_word' id='word_1_576' title='bbox 1362 1479 1422 1510; x_wconf 87' lang='grc' dir='ltr'>ταῖς</span> <span class='ocrx_word' id='word_1_577' title='bbox 1433 1477 1573 1510; x_wconf 81' lang='grc' dir='ltr'>τοιαύταις</span> <span class='ocrx_word' id='word_1_578' title='bbox 1587 1478 1699 1513; x_wconf 76' lang='grc' dir='ltr'>ψάλλειν</span> <span class='ocrx_word' id='word_1_579' title='bbox 1714 1477 1762 1505; x_wconf 80' lang='grc' dir='ltr'>καὶ</span> <span class='ocrx_word' id='word_1_580' title='bbox 1777 1477 1827 1504; x_wconf 81' lang='grc' dir='ltr'><strong>εὖ-</strong></span> 
     </span>
    </p>
   </div>
   <div class='ocr_carea' id='block_1_89' title="bbox 1030 1523 1458 1559">
    <p class='ocr_par' dir='ltr' id='par_1_89' title="bbox 1030 1523 1458 1559">
     <span class='ocr_line' id='line_1_89' title="bbox 1030 1523 1458 1559; baseline 0 -10"><span class='ocrx_word' id='word_1_581' title='bbox 1030 1523 1136 1559; x_wconf 88' lang='grc' dir='ltr'>χεσθαι.</span> <span class='ocrx_word' id='word_1_582' title='bbox 1455 1530 1458 1533; x_wconf 94' lang='grc'>·</span> 
     </span>
    </p>
   </div>
   <div class='ocr_carea' id='block_1_90' title="bbox 1072 1569 1826 1606">
    <p class='ocr_par' dir='ltr' id='par_1_90' title="bbox 1072 1569 1826 1606">
     <span class='ocr_line' id='line_1_90' title="bbox 1072 1569 1826 1606; baseline 0.001 -11"><span class='ocrx_word' id='word_1_583' title='bbox 1072 1569 1250 1603; x_wconf 77' lang='grc' dir='ltr'>Ἀπόκρισις.</span> <span class='ocrx_word' id='word_1_584' title='bbox 1269 1585 1304 1591; x_wconf 93' lang='grc'><strong>-</strong></span> <span class='ocrx_word' id='word_1_585' title='bbox 1323 1569 1385 1606; x_wconf 81' lang='grc' dir='ltr'><strong>Χρὴ</strong></span> <span class='ocrx_word' id='word_1_586' title='bbox 1417 1569 1466 1604; x_wconf 78' lang='grc' dir='ltr'>μὲν</span> <span class='ocrx_word' id='word_1_587' title='bbox 1491 1569 1537 1596; x_wconf 78' lang='grc' dir='ltr'>οὖν</span> <span class='ocrx_word' id='word_1_588' title='bbox 1565 1569 1678 1596; x_wconf 79' lang='grc' dir='ltr'>εἰσιέναι</span> <span class='ocrx_word' id='word_1_589' title='bbox 1708 1569 1738 1596; x_wconf 78' lang='grc' dir='ltr'>ἐν</span> <span class='ocrx_word' id='word_1_590' title='bbox 1763 1570 1826 1601; x_wconf 75' lang='grc' dir='ltr'>ταῖς</span> 
     </span>
    </p>
   </div>
   <div class='ocr_carea' id='block_1_91' title="bbox 1026 1615 1824 1651">
    <p class='ocr_par' dir='ltr' id='par_1_91' title="bbox 1026 1615 1824 1651">
     <span class='ocr_line' id='line_1_91' title="bbox 1026 1615 1824 1651; baseline 0.001 -10"><span class='ocrx_word' id='word_1_591' title='bbox 1026 1615 1167 1647; x_wconf 78' lang='grc' dir='ltr'>τοιαύταις</span> <span class='ocrx_word' id='word_1_592' title='bbox 1184 1615 1346 1651; x_wconf 71' lang='grc' dir='ltr'>ἐκκλησίαις</span> <span class='ocrx_word' id='word_1_593' title='bbox 1369 1617 1409 1648; x_wconf 88' lang='grc' dir='ltr'><strong>εἰς</strong></span> <span class='ocrx_word' id='word_1_594' title='bbox 1426 1616 1456 1643; x_wconf 78' lang='grc' dir='ltr'>τὸ</span> <span class='ocrx_word' id='word_1_595' title='bbox 1470 1616 1582 1651; x_wconf 77' lang='grc' dir='ltr'>ψάλλειν</span> <span class='ocrx_word' id='word_1_596' title='bbox 1607 1616 1652 1643; x_wconf 80' lang='grc' dir='ltr'>καὶ</span> <span class='ocrx_word' id='word_1_597' title='bbox 1675 1615 1806 1650; x_wconf 74' lang='grc' dir='ltr'>εὔχεσθαι</span> <span class='ocrx_word' id='word_1_598' title='bbox 1817 1623 1824 1630; x_wconf 90' lang='grc'><strong>·</strong></span> 
     </span>
    </p>
   </div>
   <div class='ocr_carea' id='block_1_92' title="bbox 1027 1661 1827 1698">
    <p class='ocr_par' dir='ltr' id='par_1_92' title="bbox 1027 1661 1827 1698">
     <span class='ocr_line' id='line_1_92' title="bbox 1027 1661 1827 1698; baseline 0.001 -11"><span class='ocrx_word' id='word_1_599' title='bbox 1027 1661 1086 1688; x_wconf 76' lang='grc' dir='ltr'>ἀλλ’</span> <span class='ocrx_word' id='word_1_600' title='bbox 1109 1661 1190 1696; x_wconf 80' lang='grc' dir='ltr'>εἰπερ</span> <span class='ocrx_word' id='word_1_601' title='bbox 1219 1661 1349 1696; x_wconf 79' lang='grc' dir='ltr'>ἀσφαλῶς</span> <span class='ocrx_word' id='word_1_602' title='bbox 1373 1662 1474 1698; x_wconf 87' lang='grc' dir='ltr'>μηκέτι</span> <span class='ocrx_word' id='word_1_603' title='bbox 1502 1661 1662 1697; x_wconf 77' lang='grc' dir='ltr'>χραίνονται</span> <span class='ocrx_word' id='word_1_604' title='bbox 1691 1662 1744 1688; x_wconf 73' lang='grc' dir='ltr'>ὑπὸ</span> <span class='ocrx_word' id='word_1_605' title='bbox 1758 1662 1827 1689; x_wconf 69' lang='grc' dir='ltr'>’τῶν</span> 
     </span>
    </p>
   </div>
   <div class='ocr_carea' id='block_1_93' title="bbox 1027 1708 1827 1745">
    <p class='ocr_par' dir='ltr' id='par_1_93' title="bbox 1027 1708 1827 1745">
     <span class='ocr_line' id='line_1_93' title="bbox 1027 1708 1827 1745; baseline -0.001 -9"><span class='ocrx_word' id='word_1_606' title='bbox 1027 1708 1179 1745; x_wconf 76' lang='grc' dir='ltr'>ὀρθοδόξων</span> <span class='ocrx_word' id='word_1_607' title='bbox 1204 1709 1245 1739; x_wconf 91' lang='grc' dir='ltr'><strong>εἰς</strong></span> <span class='ocrx_word' id='word_1_608' title='bbox 1267 1708 1298 1735; x_wconf 80' lang='grc' dir='ltr'>τὸ</span> <span class='ocrx_word' id='word_1_609' title='bbox 1313 1709 1368 1735; x_wconf 79' lang='grc' dir='ltr'>ἀεί.</span> <span class='ocrx_word' id='word_1_610' title='bbox 1384 1709 1546 1735; x_wconf 86' lang='grc' dir='ltr'>Τετύπωται</span> <span class='ocrx_word' id='word_1_611' title='bbox 1569 1708 1597 1735; x_wconf 81' lang='grc' dir='ltr'>δὲ</span> <span class='ocrx_word' id='word_1_612' title='bbox 1622 1708 1752 1740; x_wconf 73' lang='grc' dir='ltr'>ἐνταῦθα,</span> <span class='ocrx_word' id='word_1_613' title='bbox 1769 1708 1827 1735; x_wconf 78' lang='grc' dir='ltr'>ὑπὸ</span> 
     </span>
    </p>
   </div>
   <div class='ocr_carea' id='block_1_94' title="bbox 1028 1754 1825 1791">
    <p class='ocr_par' dir='ltr' id='par_1_94' title="bbox 1028 1754 1825 1791">
     <span class='ocr_line' id='line_1_94' title="bbox 1028 1754 1825 1791; baseline 0.001 -11"><span class='ocrx_word' id='word_1_614' title='bbox 1028 1754 1203 1789; x_wconf 87' lang='grc' dir='ltr'>σεσωσμένου</span> <span class='ocrx_word' id='word_1_615' title='bbox 1218 1754 1382 1788; x_wconf 80' lang='grc' dir='ltr'>ἐπισκόπου,</span> <span class='ocrx_word' id='word_1_616' title='bbox 1396 1754 1413 1791; x_wconf 74' lang='grc' dir='ltr'><strong>ἢ</strong></span> <span class='ocrx_word' id='word_1_617' title='bbox 1429 1755 1523 1790; x_wconf 77' lang='grc' dir='ltr'>ἱερέως</span> <span class='ocrx_word' id='word_1_618' title='bbox 1538 1755 1572 1781; x_wconf 77' lang='grc' dir='ltr'><strong>τὰ</strong></span> <span class='ocrx_word' id='word_1_619' title='bbox 1584 1754 1688 1787; x_wconf 79' lang='grc' dir='ltr'>ἀνοίξια</span> <span class='ocrx_word' id='word_1_620' title='bbox 1710 1755 1761 1789; x_wconf 81' lang='grc' dir='ltr'>τῆς</span> <span class='ocrx_word' id='word_1_621' title='bbox 1773 1755 1825 1781; x_wconf 82' lang='grc' dir='ltr'><strong>ὲκ-</strong></span> 
     </span>
    </p>
   </div>
   <div class='ocr_carea' id='block_1_95' title="bbox 1028 1800 1826 1837">
    <p class='ocr_par' dir='ltr' id='par_1_95' title="bbox 1028 1800 1826 1837">
     <span class='ocr_line' id='line_1_95' title="bbox 1028 1800 1826 1837; baseline 0.001 -10"><span class='ocrx_word' id='word_1_622' title='bbox 1028 1801 1144 1835; x_wconf 87' lang='grc' dir='ltr'>κλησίας</span> <span class='ocrx_word' id='word_1_623' title='bbox 1160 1800 1298 1835; x_wconf 80' lang='grc' dir='ltr'>γίνεσθαι,</span> <span class='ocrx_word' id='word_1_624' title='bbox 1319 1801 1553 1836; x_wconf 83' lang='grc' dir='ltr'>ὑποφωνουμένης</span> <span class='ocrx_word' id='word_1_625' title='bbox 1576 1802 1670 1837; x_wconf 72' lang='grc' dir='ltr'>εὐχῆς.</span> <span class='ocrx_word' id='word_1_626' title='bbox 1690 1801 1773 1827; x_wconf 82' lang='grc' dir='ltr'>Ὥστε</span> <span class='ocrx_word' id='word_1_627' title='bbox 1799 1801 1826 1828; x_wconf 73' lang='grc' dir='ltr'><strong>εἰ</strong></span> 
     </span>
    </p>
   </div>
   <div class='ocr_carea' id='block_1_96' title="bbox 1025 1846 1824 1882">
    <p class='ocr_par' dir='ltr' id='par_1_96' title="bbox 1025 1846 1824 1882">
     <span class='ocr_line' id='line_1_96' title="bbox 1025 1846 1824 1882; baseline 0 -9"><span class='ocrx_word' id='word_1_628' title='bbox 1025 1846 1106 1873; x_wconf 82' lang='grc' dir='ltr'>τοῦτο</span> <span class='ocrx_word' id='word_1_629' title='bbox 1121 1847 1237 1881; x_wconf 83' lang='grc' dir='ltr'>γένοιτο,</span> <span class='ocrx_word' id='word_1_630' title='bbox 1250 1847 1299 1874; x_wconf 73' lang='grc' dir='ltr'>καὶ</span> <span class='ocrx_word' id='word_1_631' title='bbox 1312 1847 1343 1874; x_wconf 82' lang='grc' dir='ltr'><strong>τὺ</strong></span> <span class='ocrx_word' id='word_1_632' title='bbox 1357 1847 1526 1881; x_wconf 80' lang='grc' dir='ltr'>λειτουργεῖν</span> <span class='ocrx_word' id='word_1_633' title='bbox 1541 1848 1631 1873; x_wconf 78' lang='grc' dir='ltr'>ἐκεῖσε</span> <span class='ocrx_word' id='word_1_634' title='bbox 1644 1847 1693 1873; x_wconf 80' lang='grc' dir='ltr'>οὐκ</span> <span class='ocrx_word' id='word_1_635' title='bbox 1706 1846 1824 1882; x_wconf 83' lang='grc' dir='ltr'>ἀπᾷδον.</span> 
     </span>
    </p>
   </div>
   <div class='ocr_carea' id='block_1_97' title="bbox 1027 1893 1826 1928">
    <p class='ocr_par' dir='ltr' id='par_1_97' title="bbox 1027 1893 1826 1928">
     <span class='ocr_line' id='line_1_97' title="bbox 1027 1893 1826 1928; baseline 0 -9"><span class='ocrx_word' id='word_1_636' title='bbox 1027 1893 1218 1928; x_wconf 84' lang='grc' dir='ltr'>Παράδειγμα,</span> <span class='ocrx_word' id='word_1_637' title='bbox 1232 1893 1262 1920; x_wconf 82' lang='grc' dir='ltr'>τὸ</span> <span class='ocrx_word' id='word_1_638' title='bbox 1276 1893 1322 1920; x_wconf 83' lang='grc' dir='ltr'>τὸν</span> <span class='ocrx_word' id='word_1_639' title='bbox 1338 1893 1416 1928; x_wconf 76' lang='grc' dir='ltr'>ἅγιον</span> <span class='ocrx_word' id='word_1_640' title='bbox 1434 1893 1593 1920; x_wconf 77' lang='grc' dir='ltr'>Ἀθανάσιον</span> <span class='ocrx_word' id='word_1_641' title='bbox 1606 1893 1659 1919; x_wconf 76' lang='grc' dir='ltr'><strong>ὑπὸ</strong></span> <span class='ocrx_word' id='word_1_642' title='bbox 1673 1893 1826 1919; x_wconf 77' lang='grc' dir='ltr'>Κωνσταν-</span> 
     </span>
    </p>
   </div>
   <div class='ocr_carea' id='block_1_98' title="bbox 1026 1938 1826 1975">
    <p class='ocr_par' dir='ltr' id='par_1_98' title="bbox 1026 1938 1826 1975">
     <span class='ocr_line' id='line_1_98' title="bbox 1026 1938 1826 1975; baseline -0.003 -9"><span class='ocrx_word' id='word_1_643' title='bbox 1026 1939 1085 1966; x_wconf 80' lang='grc' dir='ltr'><strong>τίου</strong></span> <span class='ocrx_word' id='word_1_644' title='bbox 1101 1939 1148 1966; x_wconf 83' lang='grc' dir='ltr'>τοῦ</span> <span class='ocrx_word' id='word_1_645' title='bbox 1166 1940 1299 1975; x_wconf 83' lang='grc' dir='ltr'>βασιλέως</span> <span class='ocrx_word' id='word_1_646' title='bbox 1309 1938 1555 1975; x_wconf 82' lang='grc' dir='ltr'>παρακαλούμενον</span> <span class='ocrx_word' id='word_1_647' title='bbox 1572 1939 1638 1973; x_wconf 78' lang='grc' dir='ltr'>μίαν</span> <span class='ocrx_word' id='word_1_648' title='bbox 1654 1938 1756 1974; x_wconf 83' lang='grc' dir='ltr'>ταύτην</span> <span class='ocrx_word' id='word_1_649' title='bbox 1771 1938 1826 1973; x_wconf 86' lang='grc' dir='ltr'>χά-</span> 
     </span>
    </p>
   </div>
   <div class='ocr_carea' id='block_1_99' title="bbox 1029 1984 1826 2021">
    <p class='ocr_par' dir='ltr' id='par_1_99' title="bbox 1029 1984 1826 2021">
     <span class='ocr_line' id='line_1_99' title="bbox 1029 1984 1826 2021; baseline -0.003 -9"><span class='ocrx_word' id='word_1_650' title='bbox 1029 1994 1072 2021; x_wconf 87' lang='grc' dir='ltr'><strong>ριν</strong></span> <span class='ocrx_word' id='word_1_651' title='bbox 1100 1985 1302 2021; x_wconf 83' lang='grc' dir='ltr'>παρασχέσθαι,</span> <span class='ocrx_word' id='word_1_652' title='bbox 1329 1985 1377 2012; x_wconf 84' lang='grc' dir='ltr'>τοῦ</span> <span class='ocrx_word' id='word_1_653' title='bbox 1402 1985 1431 2011; x_wconf 83' lang='grc' dir='ltr'>ἐν</span> <span class='ocrx_word' id='word_1_654' title='bbox 1461 1984 1651 2020; x_wconf 71' lang='grc' dir='ltr'>Ἀλεξανδρείᾳ</span> <span class='ocrx_word' id='word_1_655' title='bbox 1678 1984 1726 2010; x_wconf 77' lang='grc' dir='ltr'>ἕνα</span> <span class='ocrx_word' id='word_1_656' title='bbox 1756 1984 1826 2011; x_wconf 79' lang='grc' dir='ltr'>ναὸν</span> 
     </span>
    </p>
   </div>
   <div class='ocr_carea' id='block_1_100' title="bbox 1027 2030 1825 2067">
    <p class='ocr_par' dir='ltr' id='par_1_100' title="bbox 1027 2030 1825 2067">
     <span class='ocr_line' id='line_1_100' title="bbox 1027 2030 1825 2067; baseline -0.004 -8"><span class='ocrx_word' id='word_1_657' title='bbox 1027 2031 1197 2067; x_wconf 84' lang='grc' dir='ltr'>παραδοῦναι</span> <span class='ocrx_word' id='word_1_658' title='bbox 1208 2032 1262 2063; x_wconf 83' lang='grc' dir='ltr'>τοῖς</span> <span class='ocrx_word' id='word_1_659' title='bbox 1278 2031 1427 2066; x_wconf 82' lang='grc' dir='ltr'>Ἀρειανοῖς</span> <span class='ocrx_word' id='word_1_660' title='bbox 1440 2031 1481 2062; x_wconf 85' lang='grc' dir='ltr'><strong>εἰς</strong></span> <span class='ocrx_word' id='word_1_661' title='bbox 1495 2031 1526 2057; x_wconf 84' lang='grc' dir='ltr'>τὸ</span> <span class='ocrx_word' id='word_1_662' title='bbox 1544 2030 1719 2063; x_wconf 78' lang='grc' dir='ltr'>συνάγεσθαι,</span> <span class='ocrx_word' id='word_1_663' title='bbox 1733 2038 1825 2056; x_wconf 73' lang='grc' dir='ltr'>κατα-</span> 
     </span>
    </p>
   </div>
   <div class='ocr_carea' id='block_1_101' title="bbox 1027 2074 1826 2112">
    <p class='ocr_par' dir='ltr' id='par_1_101' title="bbox 1027 2074 1826 2112">
     <span class='ocr_line' id='line_1_101' title="bbox 1027 2074 1826 2112; baseline -0.004 -9"><span class='ocrx_word' id='word_1_664' title='bbox 1027 2076 1133 2108; x_wconf 82' lang='grc' dir='ltr'>νεῦσαι,</span> <span class='ocrx_word' id='word_1_665' title='bbox 1145 2076 1232 2112; x_wconf 81' lang='grc' dir='ltr'>ἄνπερ</span> <span class='ocrx_word' id='word_1_666' title='bbox 1249 2076 1278 2102; x_wconf 76' lang='grc' dir='ltr'>ὲν</span> <span class='ocrx_word' id='word_1_667' title='bbox 1293 2075 1580 2103; x_wconf 78' lang='grc' dir='ltr'>Κωνσταντινουπὸλει</span> <span class='ocrx_word' id='word_1_668' title='bbox 1594 2074 1707 2109; x_wconf 78' lang='grc' dir='ltr'>λήψοιτο</span> <span class='ocrx_word' id='word_1_669' title='bbox 1722 2074 1826 2105; x_wconf 59' lang='grc' dir='ltr'>καύτὸς</span> 
     </span>
    </p>
   </div>
   <div class='ocr_carea' id='block_1_102' title="bbox 1027 2120 1826 2158">
    <p class='ocr_par' dir='ltr' id='par_1_102' title="bbox 1027 2120 1826 2158">
     <span class='ocr_line' id='line_1_102' title="bbox 1027 2120 1826 2158; baseline -0.004 -9"><span class='ocrx_word' id='word_1_670' title='bbox 1027 2123 1077 2158; x_wconf 81' lang='grc' dir='ltr'>τὴν</span> <span class='ocrx_word' id='word_1_671' title='bbox 1092 2122 1177 2157; x_wconf 83' lang='grc' dir='ltr'>αὐτὴν</span> <span class='ocrx_word' id='word_1_672' title='bbox 1192 2122 1282 2158; x_wconf 75' lang='grc' dir='ltr'>χάριν,</span> <span class='ocrx_word' id='word_1_673' title='bbox 1299 2121 1347 2148; x_wconf 79' lang='grc' dir='ltr'>τοῦ</span> <span class='ocrx_word' id='word_1_674' title='bbox 1363 2121 1528 2155; x_wconf 76' lang='grc' dir='ltr'>συνάγεσθαι</span> <span class='ocrx_word' id='word_1_675' title='bbox 1546 2120 1609 2152; x_wconf 83' lang='grc' dir='ltr'>τοὺς</span> <span class='ocrx_word' id='word_1_676' title='bbox 1619 2120 1776 2155; x_wconf 56' lang='grc' dir='ltr'>ὀρὼδὸξους</span> <span class='ocrx_word' id='word_1_677' title='bbox 1793 2121 1826 2146; x_wconf 71' lang='grc' dir='ltr'>ἐν</span> 
     </span>
    </p>
   </div>
   <div class='ocr_carea' id='block_1_103' title="bbox 1028 2166 1572 2202">
    <p class='ocr_par' dir='ltr' id='par_1_103' title="bbox 1028 2166 1572 2202">
     <span class='ocr_line' id='line_1_103' title="bbox 1028 2166 1572 2202; baseline 0 -8"><span class='ocrx_word' id='word_1_678' title='bbox 1028 2168 1070 2195; x_wconf 79' lang='grc' dir='ltr'><strong>ένὶ</strong></span> <span class='ocrx_word' id='word_1_679' title='bbox 1080 2167 1137 2202; x_wconf 82' lang='grc' dir='ltr'>ναῷ</span> <span class='ocrx_word' id='word_1_680' title='bbox 1153 2167 1329 2202; x_wconf 82' lang='grc' dir='ltr'>κατεχομένῳ</span> <span class='ocrx_word' id='word_1_681' title='bbox 1342 2167 1394 2193; x_wconf 81' lang='grc' dir='ltr'><strong>ὑπὸ</strong></span> <span class='ocrx_word' id='word_1_682' title='bbox 1413 2166 1572 2202; x_wconf 84' lang='grc' dir='ltr'>’Δρειανῶν.</span> 
     </span>
    </p>
   </div>
   <div class='ocr_carea' id='block_1_104' title="bbox 1072 2255 1826 2292">
    <p class='ocr_par' dir='ltr' id='par_1_104' title="bbox 1072 2255 1826 2292">
     <span class='ocr_line' id='line_1_104' title="bbox 1072 2255 1826 2292; baseline -0.001 -8"><span class='ocrx_word' id='word_1_683' title='bbox 1072 2257 1230 2292; x_wconf 78' lang='grc' dir='ltr'>Ἐρώτησις</span> <span class='ocrx_word' id='word_1_684' title='bbox 1251 2255 1290 2283; x_wconf 85' lang='lat' dir='ltr'><strong>E&#39;.</strong></span> <span class='ocrx_word' id='word_1_685' title='bbox 1306 2271 1341 2276; x_wconf 94' lang='lat'><strong>—-</strong></span> <span class='ocrx_word' id='word_1_686' title='bbox 1360 2256 1426 2291; x_wconf 81' lang='grc' dir='ltr'><strong>Περί</strong></span> <span class='ocrx_word' id='word_1_687' title='bbox 1441 2256 1495 2282; x_wconf 85' lang='grc' dir='ltr'>τῶν</span> <span class='ocrx_word' id='word_1_688' title='bbox 1511 2257 1539 2282; x_wconf 81' lang='grc' dir='ltr'>ἐν</span> <span class='ocrx_word' id='word_1_689' title='bbox 1559 2255 1665 2290; x_wconf 85' lang='grc' dir='ltr'>σώματι</span> <span class='ocrx_word' id='word_1_690' title='bbox 1679 2256 1781 2290; x_wconf 80' lang='grc' dir='ltr'>ἁγίων·</span> <span class='ocrx_word' id='word_1_691' title='bbox 1798 2257 1826 2283; x_wconf 76' lang='grc' dir='ltr'><strong>εἰ</strong></span> 
     </span>
    </p>
   </div>
   <div class='ocr_carea' id='block_1_105' title="bbox 1030 2300 1824 2336">
    <p class='ocr_par' dir='ltr' id='par_1_105' title="bbox 1030 2300 1824 2336">
     <span class='ocr_line' id='line_1_105' title="bbox 1030 2300 1824 2336; baseline 0.001 -10"><span class='ocrx_word' id='word_1_692' title='bbox 1030 2301 1083 2336; x_wconf 79' lang='grc' dir='ltr'>χρὴ</span> <span class='ocrx_word' id='word_1_693' title='bbox 1097 2301 1209 2327; x_wconf 81' lang='grc' dir='ltr'>εἰσιέναι</span> <span class='ocrx_word' id='word_1_694' title='bbox 1224 2301 1264 2332; x_wconf 82' lang='grc' dir='ltr'><strong>εἰς</strong></span> <span class='ocrx_word' id='word_1_695' title='bbox 1276 2300 1309 2326; x_wconf 85' lang='grc' dir='ltr'><strong>τὰ</strong></span> <span class='ocrx_word' id='word_1_696' title='bbox 1323 2301 1491 2335; x_wconf 82' lang='grc' dir='ltr'>κοιμητήρια</span> <span class='ocrx_word' id='word_1_697' title='bbox 1508 2300 1609 2330; x_wconf 79' lang='grc' dir='ltr'>αὐτῶν,</span> <span class='ocrx_word' id='word_1_698' title='bbox 1621 2300 1668 2327; x_wconf 71' lang='grc' dir='ltr'><strong>καὶ</strong></span> <span class='ocrx_word' id='word_1_699' title='bbox 1680 2300 1824 2335; x_wconf 77' lang='grc' dir='ltr'>εὓχεσθαι,</span> 
     </span>
    </p>
   </div>
   <div class='ocr_carea' id='block_1_106' title="bbox 1030 2346 1826 2383">
    <p class='ocr_par' dir='ltr' id='par_1_106' title="bbox 1030 2346 1826 2383">
     <span class='ocr_line' id='line_1_106' title="bbox 1030 2346 1826 2383; baseline -0.001 -8"><span class='ocrx_word' id='word_1_700' title='bbox 1030 2348 1078 2375; x_wconf 76' lang='grc' dir='ltr'>καὶ</span> <span class='ocrx_word' id='word_1_701' title='bbox 1094 2348 1258 2383; x_wconf 82' lang='grc' dir='ltr'>προσκυνεῖν</span> <span class='ocrx_word' id='word_1_702' title='bbox 1273 2347 1365 2378; x_wconf 83' lang='grc' dir='ltr'>αὐτοῖς</span> <span class='ocrx_word' id='word_1_703' title='bbox 1381 2348 1572 2382; x_wconf 79' lang='grc' dir='ltr'>κατεχομένων</span> <span class='ocrx_word' id='word_1_704' title='bbox 1594 2346 1644 2382; x_wconf 70' lang='lat' dir='ltr'><strong>Iul.</strong></span> <span class='ocrx_word' id='word_1_705' title='bbox 1669 2348 1826 2381; x_wconf 79' lang='grc' dir='ltr'>κατεχομέ-</span> 
     </span>
    </p>
   </div>
   <div class='ocr_carea' id='block_1_107' title="bbox 1030 2392 1826 2429">
    <p class='ocr_par' dir='ltr' id='par_1_107' title="bbox 1030 2392 1826 2429">
     <span class='ocr_line' id='line_1_107' title="bbox 1030 2392 1826 2429; baseline -0.001 -8"><span class='ocrx_word' id='word_1_706' title='bbox 1030 2403 1105 2427; x_wconf 84' lang='grc' dir='ltr'>νοις,</span> <span class='ocrx_word' id='word_1_707' title='bbox 1126 2394 1164 2421; x_wconf 84' lang='grc' dir='ltr'>αἰ.</span> <span class='ocrx_word' id='word_1_708' title='bbox 1193 2393 1422 2429; x_wconf 86' lang='grc' dir='ltr'>καταδεχόμενον]</span> <span class='ocrx_word' id='word_1_709' title='bbox 1441 2393 1493 2419; x_wconf 74' lang='grc' dir='ltr'><strong>ὑπὸ</strong></span> <span class='ocrx_word' id='word_1_710' title='bbox 1513 2393 1566 2419; x_wconf 78' lang='grc' dir='ltr'><strong>τῶν</strong></span> <span class='ocrx_word' id='word_1_711' title='bbox 1591 2392 1758 2427; x_wconf 72' lang='grc' dir='ltr'>μιανθέντων</span> <span class='ocrx_word' id='word_1_712' title='bbox 1785 2393 1826 2420; x_wconf 79' lang='grc' dir='ltr'>ἰε-</span> 
     </span>
    </p>
   </div>
   <div class='ocr_carea' id='block_1_108' title="bbox 1031 2441 1112 2476">
    <p class='ocr_par' dir='ltr' id='par_1_108' title="bbox 1031 2441 1112 2476">
     <span class='ocr_line' id='line_1_108' title="bbox 1031 2441 1112 2476; baseline 0 -9"><span class='ocrx_word' id='word_1_713' title='bbox 1031 2441 1112 2476; x_wconf 87' lang='grc' dir='ltr'>ρέων.</span> 
     </span>
    </p>
   </div>
   <div class='ocr_carea' id='block_1_109' title="bbox 1073 2484 1825 2519">
    <p class='ocr_par' dir='ltr' id='par_1_109' title="bbox 1073 2484 1825 2519">
     <span class='ocr_line' id='line_1_109' title="bbox 1073 2484 1825 2519; baseline 0.001 -8"><span class='ocrx_word' id='word_1_714' title='bbox 1073 2485 1251 2519; x_wconf 75' lang='grc' dir='ltr'>Ἀπόκρισις.</span> <span class='ocrx_word' id='word_1_715' title='bbox 1267 2498 1303 2504; x_wconf 89' lang='grc'><strong>--</strong></span> <span class='ocrx_word' id='word_1_716' title='bbox 1319 2484 1358 2511; x_wconf 81' lang='grc' dir='ltr'><strong>Οὐ</strong></span> <span class='ocrx_word' id='word_1_717' title='bbox 1381 2485 1544 2519; x_wconf 84' lang='grc' dir='ltr'>παραχωρεί</span> <span class='ocrx_word' id='word_1_718' title='bbox 1568 2484 1668 2518; x_wconf 88' lang='grc' dir='ltr'>κανὼν,</span> <span class='ocrx_word' id='word_1_719' title='bbox 1693 2484 1765 2512; x_wconf 86' lang='grc' dir='ltr'>κατὰ</span> <span class='ocrx_word' id='word_1_720' title='bbox 1787 2485 1825 2512; x_wconf 79' lang='grc' dir='ltr'><strong>τὰ</strong></span> 
     </span>
    </p>
   </div>
   <div class='ocr_carea' id='block_1_110' title="bbox 1031 2530 1823 2567">
    <p class='ocr_par' dir='ltr' id='par_1_110' title="bbox 1031 2530 1823 2567">
     <span class='ocr_line' id='line_1_110' title="bbox 1031 2530 1823 2567; baseline 0.001 -10"><span class='ocrx_word' id='word_1_721' title='bbox 1031 2530 1248 2566; x_wconf 84' lang='grc' dir='ltr'>προδηλωθέντα,</span> <span class='ocrx_word' id='word_1_722' title='bbox 1271 2530 1384 2557; x_wconf 85' lang='grc' dir='ltr'>εἰσιέναι</span> <span class='ocrx_word' id='word_1_723' title='bbox 1408 2530 1449 2561; x_wconf 88' lang='grc' dir='ltr'><strong>εἰς</strong></span> <span class='ocrx_word' id='word_1_724' title='bbox 1468 2531 1503 2557; x_wconf 80' lang='grc' dir='ltr'>τὰ</span> <span class='ocrx_word' id='word_1_725' title='bbox 1515 2530 1628 2558; x_wconf 80' lang='grc' dir='ltr'>τοιαῦτα</span> <span class='ocrx_word' id='word_1_726' title='bbox 1643 2532 1823 2567; x_wconf 77' lang='grc' dir='ltr'>κοιμητήρια.</span> 
     </span>
    </p>
   </div>
   <div class='ocr_carea' id='block_1_111' title="bbox 1031 2575 1826 2612">
    <p class='ocr_par' dir='ltr' id='par_1_111' title="bbox 1031 2575 1826 2612">
     <span class='ocr_line' id='line_1_111' title="bbox 1031 2575 1826 2612; baseline 0 -8"><span class='ocrx_word' id='word_1_727' title='bbox 1031 2578 1189 2612; x_wconf 81' lang='grc' dir='ltr'>Γέγραπται</span> <span class='ocrx_word' id='word_1_728' title='bbox 1201 2577 1255 2612; x_wconf 84' lang='grc' dir='ltr'>γάρ</span> <span class='ocrx_word' id='word_1_729' title='bbox 1268 2584 1275 2592; x_wconf 90' lang='grc'><strong>·</strong></span> <span class='ocrx_word' id='word_1_730' title='bbox 1294 2577 1357 2603; x_wconf 77' lang='grc' dir='ltr'><strong>Ἵνα</strong></span> <span class='ocrx_word' id='word_1_731' title='bbox 1370 2576 1399 2602; x_wconf 83' lang='grc' dir='ltr'><strong>τι</strong></span> <span class='ocrx_word' id='word_1_732' title='bbox 1412 2575 1431 2610; x_wconf 77' lang='grc' dir='ltr'><strong><em>ἠ</em></strong></span> <span class='ocrx_word' id='word_1_733' title='bbox 1447 2575 1603 2610; x_wconf 75' lang='grc' dir='ltr'>ἐλευθερία</span> <span class='ocrx_word' id='word_1_734' title='bbox 1615 2585 1675 2612; x_wconf 83' lang='grc' dir='ltr'><strong>μου</strong></span> <span class='ocrx_word' id='word_1_735' title='bbox 1690 2577 1826 2611; x_wconf 77' lang='grc' dir='ltr'>κρίνεται</span> 
     </span>
    </p>
   </div>
   <div class='ocr_carea' id='block_1_112' title="bbox 1031 2622 1823 2657">
    <p class='ocr_par' dir='ltr' id='par_1_112' title="bbox 1031 2622 1823 2657">
     <span class='ocr_line' id='line_1_112' title="bbox 1031 2622 1823 2657; baseline 0 -7"><span class='ocrx_word' id='word_1_736' title='bbox 1031 2623 1093 2651; x_wconf 82' lang='grc' dir='ltr'><strong>ὑπὸ</strong></span> <span class='ocrx_word' id='word_1_737' title='bbox 1107 2623 1206 2657; x_wconf 80' lang='grc' dir='ltr'>ἄλλης</span> <span class='ocrx_word' id='word_1_738' title='bbox 1218 2622 1424 2655; x_wconf 78' lang='grc' dir='ltr'>συνειδήσεως</span> <span class='ocrx_word' id='word_1_739' title='bbox 1435 2629 1445 2653; x_wconf 88' lang='grc'><strong><em>;</em></strong></span> <span class='ocrx_word' id='word_1_740' title='bbox 1462 2622 1486 2648; x_wconf 92' lang='grc' dir='ltr'><strong>εἰ</strong></span> <span class='ocrx_word' id='word_1_741' title='bbox 1499 2622 1537 2657; x_wconf 88' lang='grc' dir='ltr'>μή</span> <span class='ocrx_word' id='word_1_742' title='bbox 1556 2631 1582 2649; x_wconf 82' lang='grc' dir='ltr'><strong>τι</strong></span> <span class='ocrx_word' id='word_1_743' title='bbox 1598 2623 1631 2649; x_wconf 83' lang='grc' dir='ltr'>ἂν</span> <span class='ocrx_word' id='word_1_744' title='bbox 1645 2622 1675 2656; x_wconf 78' lang='grc' dir='ltr'>ἐξ</span> <span class='ocrx_word' id='word_1_745' title='bbox 1687 2623 1823 2657; x_wconf 79' lang='grc' dir='ltr'>ἀνάγκης.</span> 
     </span>
    </p>
   </div>
   <div class='ocr_carea' id='block_1_113' title="bbox 1033 2667 1825 2705">
    <p class='ocr_par' dir='ltr' id='par_1_113' title="bbox 1033 2667 1825 2705">
     <span class='ocr_line' id='line_1_113' title="bbox 1033 2667 1825 2705; baseline 0.001 -10"><span class='ocrx_word' id='word_1_746' title='bbox 1033 2669 1105 2695; x_wconf 78' lang='grc' dir='ltr'>κατὰ</span> <span class='ocrx_word' id='word_1_747' title='bbox 1120 2668 1198 2704; x_wconf 75' lang='grc' dir='ltr'>μόνον</span> <span class='ocrx_word' id='word_1_748' title='bbox 1215 2668 1245 2694; x_wconf 82' lang='grc' dir='ltr'>τὸ</span> <span class='ocrx_word' id='word_1_749' title='bbox 1264 2667 1440 2695; x_wconf 78' lang='grc' dir='ltr'>ἀσπάσασθαι</span> <span class='ocrx_word' id='word_1_750' title='bbox 1458 2667 1488 2694; x_wconf 80' lang='grc' dir='ltr'>τὸ</span> <span class='ocrx_word' id='word_1_751' title='bbox 1502 2667 1549 2694; x_wconf 77' lang='grc' dir='ltr'>τοῦ</span> <span class='ocrx_word' id='word_1_752' title='bbox 1561 2669 1640 2703; x_wconf 84' lang='grc' dir='ltr'>ἁγίου</span> <span class='ocrx_word' id='word_1_753' title='bbox 1652 2668 1789 2704; x_wconf 77' lang='grc' dir='ltr'>λείψανον,</span> <span class='ocrx_word' id='word_1_754' title='bbox 1806 2671 1825 2705; x_wconf 80' lang='grc' dir='ltr'>ἡ</span> 
     </span>
    </p>
   </div>
   <div class='ocr_carea' id='block_1_114' title="bbox 1033 2715 1263 2749">
    <p class='ocr_par' dir='ltr' id='par_1_114' title="bbox 1033 2715 1263 2749">
     <span class='ocr_line' id='line_1_114' title="bbox 1033 2715 1263 2749; baseline 0 -7"><span class='ocrx_word' id='word_1_755' title='bbox 1033 2715 1135 2747; x_wconf 71' lang='grc' dir='ltr'>εἴσοδος</span> <span class='ocrx_word' id='word_1_756' title='bbox 1148 2715 1263 2749; x_wconf 82' lang='grc' dir='ltr'>γένοιτο.</span> 
     </span>
    </p>
   </div>
   <div class='ocr_carea' id='block_1_115' title="bbox 1076 2761 1826 2798">
    <p class='ocr_par' dir='ltr' id='par_1_115' title="bbox 1076 2761 1826 2798">
     <span class='ocr_line' id='line_1_115' title="bbox 1076 2761 1826 2798; baseline 0.001 -10"><span class='ocrx_word' id='word_1_757' title='bbox 1076 2761 1237 2796; x_wconf 79' lang='grc' dir='ltr'>Ἐρώτησις</span> <span class='ocrx_word' id='word_1_758' title='bbox 1255 2762 1300 2796; x_wconf 67' lang='grc' dir='ltr'><strong>(ζ’.</strong></span> <span class='ocrx_word' id='word_1_759' title='bbox 1315 2776 1350 2782; x_wconf 89' lang='lat'><strong>—-</strong></span> <span class='ocrx_word' id='word_1_760' title='bbox 1361 2762 1429 2798; x_wconf 78' lang='grc' dir='ltr'>Περὶ</span> <span class='ocrx_word' id='word_1_761' title='bbox 1443 2761 1498 2788; x_wconf 86' lang='grc' dir='ltr'>τῶν</span> <span class='ocrx_word' id='word_1_762' title='bbox 1509 2761 1647 2789; x_wconf 75' lang='grc' dir='ltr'>λαϐόντων</span> <span class='ocrx_word' id='word_1_763' title='bbox 1661 2761 1691 2788; x_wconf 81' lang='grc' dir='ltr'>τδ</span> <span class='ocrx_word' id='word_1_764' title='bbox 1709 2769 1826 2798; x_wconf 78' lang='grc' dir='ltr'>μοναχι-</span> 
     </span>
    </p>
   </div>
   <div class='ocr_carea' id='block_1_116' title="bbox 1053 2860 1576 2895">
    <p class='ocr_par' dir='ltr' id='par_1_116' title="bbox 1053 2860 1576 2895">
     <span class='ocr_line' id='line_1_116' title="bbox 1053 2860 1576 2895; baseline 0.002 -6"><span class='ocrx_word' id='word_1_765' title='bbox 1053 2863 1063 2879; x_wconf 88' lang='grc'>⁹</span> <span class='ocrx_word' id='word_1_766' title='bbox 1087 2861 1108 2889; x_wconf 86' lang='grc' dir='ltr'><strong>ιι</strong></span> <span class='ocrx_word' id='word_1_767' title='bbox 1123 2861 1186 2889; x_wconf 88' lang='lat' dir='ltr'><strong>Cor.</strong></span> <span class='ocrx_word' id='word_1_768' title='bbox 1206 2869 1243 2893; x_wconf 67' lang='grc' dir='ltr'>τι,</span> <span class='ocrx_word' id='word_1_769' title='bbox 1260 2861 1302 2889; x_wconf 78' lang='lat' dir='ltr'><strong>l6.</strong></span> <span class='ocrx_word' id='word_1_770' title='bbox 1342 2861 1363 2878; x_wconf 85' lang='lat'>&quot;</span> <span class='ocrx_word' id='word_1_771' title='bbox 1381 2860 1390 2888; x_wconf 81' lang='grc' dir='ltr'><strong>Ι</strong></span> <span class='ocrx_word' id='word_1_772' title='bbox 1405 2861 1467 2890; x_wconf 66' lang='grc' dir='ltr'><strong>ϐόε.</strong></span> <span class='ocrx_word' id='word_1_773' title='bbox 1486 2869 1514 2895; x_wconf 80' lang='lat' dir='ltr'><strong>x,</strong></span> <span class='ocrx_word' id='word_1_774' title='bbox 1530 2861 1576 2890; x_wconf 69' lang='lat'><strong>29.</strong></span> 
     </span>
    </p>
   </div>
  </div>
