1927 3089
107 186 171 220 1649

700 183 972 215 EPlSTOLARUM
1002 184 1076 215 LIB.
1111 183 1154 215 II.

1668 186 1739 220 1650

107 245 148 272 κδν
176 243 269 278 σχῆμα
295 243 328 269 ἐκ
348 242 404 270 τῶν
425 241 608 270 κοινωθέντων
627 241 722 278 ἱερέων
735 249 742 256 ·
758 240 818 273 πῶς
837 239 891 276 χρὴ

950 241 1043 268 sticum
1068 249 1083 267 ιι
1112 240 1312 269 contaminatis
1332 242 1522 271 sacerdotibus
1549 249 1737 279 acceperunt:

105 289 212 321 τούτους
225 289 362 325 δέχεσθαι.

142 335 324 369 Ἀπόκρισις.
338 350 373 355 ——
391 333 610 371 Ὀμολογοῦντας
628 333 828 369 ἡμαρτηκέναι,
843 333 892 360 καὶ

105 382 317 417 ἐπιτιμηθέντας
343 381 433 417 χρόνῳ
459 383 525 414 τινὶ,
555 379 607 408 εἷθ’
635 380 723 412 οὕτως
753 379 892 416 σφραγῖδα

103 429 262 464 δεχομένους
282 428 536 464 παρασεσωσμένου
555 426 755 464 πρεσϐυτέρου,
774 426 891 462 προσδε-

103 474 190 501 κτέον.

141 519 303 553 Ἐρώτησις
319 519 356 547 Z'.
370 534 406 540 —
429 519 499 556 Περὶ
519 519 574 547 τῶν
602 519 821 556 ὑπογραψάντων
845 519 892 545 καὶ

103 566 323 600 κοινωνησάντων
350 565 476 601 μοναχῶν
503 566 550 593 καὶ⁴
573 566 713 602 κληρικῶν
733 567 762 592 ἐν
782 567 815 601 τῇ
844 565 893 592 αύ-

102 613 134 647 τῇ
150 612 255 646 αἱρέσει
269 619 276 627 ³
302 612 361 644 πῶς
377 612 431 648 χρὴ
445 610 556 644 τούτους
570 612 695 648 δέχεσθαι
705 620 713 628 ·
734 613 818 648 χωρίς
833 612 892 638 ἐπι-

102 658 203 693 τιμέου,
235 658 251 693 ἢ
271 657 341 693 μετὰ
359 658 520 693 ἐπιτιμίου·
542 659 590 686 ἐὰν
614 658 767 694 ὁμολογῶσι
793 657 893 693 μηκέτι

102 704 223 739 ἐνεργεῖν
240 704 269 730 ἐν
283 705 317 740 τῇ
329 704 452 740 ἱερατείᾳ
463 713 469 720 ·
486 705 534 732 καὶ
546 706 570 732 εί
583 705 690 739 ἔξεστιν
703 705 780 741 ἡμῖν,
792 704 892 731 διδόναι

102 749 228 785 ἐπιτίμια
241 751 297 782 τοῖς
310 751 454 782 τοιούτοις.

143 796 322 830 Ἀπόκρισις.
339 811 375 816 -
391 796 477 831 Δῆλον
490 795 531 823 ὅτι
550 795 620 831 μετὰ
629 796 686 823 τῶν
699 796 893 833 προσηκόντων

100 843 255 878 ἐπιτιμίων.
273 842 335 874 Πῶς
352 842 408 879 γὰρ
422 842 456 870 ἂν
470 843 507 878 μὴ
521 842 586 874 τοὺς
601 843 725 879 καρποὺς
740 842 791 878 τῆς
808 851 892 878 μετα-

100 889 172 921 νοίας
185 888 417 924 ἐπιδεικνύμενοι,
430 886 485 915 εἷεν
498 888 568 921 ἄξιοι
581 889 752 924 ωναφοῆναι
765 889 804 924 τῷ
815 889 894 925 όρθο·

944 286 1084 321 quomodo
1101 286 1186 321 recipi
1200 286 1327 314 debeant.

981 331 1138 367 Responsio.
1159 348 1194 354 —
1213 333 1242 361 Si
1260 333 1444 361 confiteantur
1459 341 1489 361 se
1506 342 1647 369 peccasse.
1665 341 1693 363 et
1706 336 1740 364 ad

944 379 1056 414 aliquod
1074 383 1181 414 tempus
1191 379 1386 414 paenitentiam
1397 380 1512 415 egerint,
1527 385 1610 415 atque
1621 382 1657 409 ita
1672 389 1740 409 con-

945 425 1130 460 signationem
1145 425 1244 453 deinde
1257 426 1292 453 ab
1308 429 1390 454 rectae
1405 426 1467 453 ﬁdei
1483 426 1642 462 presbytero
1661 434 1741 455 acce-

944 471 1045 506 perint,
1064 471 1226 498 admittendi
1238 475 1314 498 sunt.

979 515 1160 551 Interrogatio
1173 516 1230 544 VII.
1245 531 1281 536 —
1301 515 1341 543 De
1360 515 1506 543 monachis
1524 520 1552 543 et
1566 516 1675 544 clericis
1691 517 1741 553 qui

943 562 1035 590 eidem
1056 562 1154 590 haeresi
1173 563 1400 597 subscripserunt
1425 562 1739 599 communicaruntque:

944 607 1085 642 quomodo
1103 608 1254 643 reeipiendi
1270 607 1326 635 sint
1341 615 1349 634 :
1366 608 1425 635 sine
1439 608 1612 643 pmuitentia,
1628 616 1662 635 an
1677 615 1741 636 eum

943 654 1107 689 ptenitentia
1126 663 1134 682 :
1156 655 1179 682 si
1209 653 1327 689 professi
1354 653 1458 681 fuerint
1484 661 1515 681 se
1539 661 1594 681 non
1621 655 1741 690 amplius

943 708 1022 728 sacra
1038 701 1133 728 munia
1156 701 1283 728 obituros
1298 710 1305 728 :
1320 703 1349 728 et
1365 708 1432 727 num
1453 700 1535 728 liceat
1552 701 1634 729 nobis
1651 701 1740 736 pomi-

944 749 1045 775 tentias
1062 748 1164 776 talibus
1181 748 1333 784 imponere.

980 792 1138 829 Responsio.
1155 809 1190 814 —
1204 795 1305 831 Utique
1315 804 1379 824 cum
1391 796 1561 833 pcenitentiis
1573 795 1741 825 convenien-

944 839 1037 874 tibus;
1053 847 1109 875 quo
1130 841 1204 868 enim
1222 842 1324 877 modo,
1346 843 1401 871 nisi
1416 843 1548 871 exhibitis
1571 841 1742 878 poenitentiae

944 886 1091 920 fructibus,
1099 886 1174 923 (ligni
1185 887 1240 915 sint
1249 889 1296 924 qui
1308 889 1463 917 orthodoxo
1473 889 1582 925 corpori
1590 887 1742 917 uniantur?

99 935 165 969 δὸξῳ
193 920 444 971 σώματιίδιδόναι
467 934 496 961 δὲ
520 920 568 961 καὶ
589 920 663 970 ἡμᾶς
686 920 816 969 ἐπιτίμια
831 920 891 966 τοῖς

950 932 996 960 llis
1013 939 1105 960 autem
1126 938 1153 961 et
1167 941 1182 961 a
1199 935 1280 962 nobis
1297 936 1475 970 poenitentias
1491 936 1608 972 injungi,
1624 943 1679 963 non
1699 939 1741 963 est

99 981 242 1014 τοιούτοις,
261 981 313 1007 ούκ
330 980 506 1015 ἀποκριτέον.
522 980 681 1015 Γέγραπται
695 980 761 1016 γὰρ,
781 979 891 1015 Ἀλλή-

98 1029 161 1054 λων
171 1026 207 1054 τὰ
214 1026 297 1061 ,βάρη
304 1026 480 1059 βαστάᾰτε,
488 1026 538 1053 καὶ
550 1026 644 1059 οὕτως
655 1026 894 1060 ἀναπληρώσατε

99 1074 152 1102 τὸν
168 1075 263 1109 νόμον
276 1074 330 1101 τοῦ
347 1073 489 1109 Χριστοῦ.

142 1119 301 1154 Ἐρώτησις
316 1121 357 1148 H'.
373 1136 407 1141 —-
419 1121 488 1155 Περὶ
502 1118 557 1146 τῶν
571 1119 696 1154 μοναχῶν
710 1119 766 1146 τῶν
780 1118 893 1153 ἀδιαφό-

102 1171 156 1198 ρως
171 1163 401 1199 παραϐαλλόντων
415 1165 473 1196 τοῖς
484 1163 608 1199 τυχοῦσι.
621 1164 668 1191 καὶ
684 1163 892 1200 συνευχομένοις

101 1210 147 1236 καὶ
163 1210 351 1238 συνεσθίουσιν
363 1211 473 1242 αὐτοῖς·
488 1211 513 1237 εί
528 1210 581 1246 χρὴ
596 1210 720 1246 δέχεσθαι
730 1210 794 1242 τοὺς
805 1208 893 1237 τοιού-

99 1263 164 1286 τους
176 1255 217 1286 εἰς
233 1256 409 1282 συνεστίασιν
428 1256 475 1282 καὶ
489 1256 660 1291 ψαλμῳδίαν.

141 1300 326 1335 Ἀπόκρισις.
340 1316 375 1333 -—,
389 1301 443 1328 Τοῦ
461 1302 488 1329 'A
494 1302 623 1328 ποστόλου
641 1301 765 1336 λέγοντος
777 1310 784 1317 ·
800 1302 892 1329 Στέλ-

97 1348 206 1375 λεσθαι
220 1346 299 1381 ὑμᾶς
312 1347 374 1375 ἀπὸ
386 1347 502 1381 παντὸς
513 1347 649 1382 ἀδελφοῦ
665 1347 799 1380 ἀτάκτως
812 1356 892 1381 περι-

97 1394 280 1428 πατοῦντος,
295 1394 344 1421 καὶ
355 1393 400 1429 μὴ
419 1394 496 1422 κατὰ
509 1394 568 1428 τὴν
581 1394 751 1429 παράδοσιν
764 1394 805 1428 ’ἣν
817 1401 892 1429 παρ⁶

96 1441 210 1468 ἔλαϐον
226 1441 294 1475 παρ’
309 1441 409 1476 ἡμῶν·
425 1441 484 1473 πῶς
514 1441 575 1477 οὐχὶ
597 1442 645 1469 καὶ
669 1442 715 1476 ἀφ’
733 1442 838 1469 ἑαυτῶν
854 1442 891 1468 ’τὸ

97 1488 182 1518 καλὸν
200 1488 328 1524 κρίνετε;
343 1489 368 1515 εἰ
384 1488 435 1524 μὲν
454 1486 501 1516 οὖν
515 1489 678 1524 ἀπόσχοιντο
694 1489 742 1524 τῆς
763 1489 890 1525 ἐφαμάρ-

97 1544 146 1562 του
164 1535 321 1570 συνηθείας,
338 1535 550 1571 καταδεχόμενοι
565 1544 595 1562 τε
610 1536 659 1562 καὶ
679 1536 820 1571 ἐπιτιμίαν
840 1536 890 1572 τὴν

98 1581 304 1616 προσήκουσαν,
318 1581 434 1609 δεκτέοι.
453 1581 649 1618 Ἐπιτηρητέον
672 1582 700 1609 δὲ
725 1582 796 1614 τίνες
819 1582 890 1609 εἰσὶν

98 1627 144 1659 οὓς
171 1627 241 1662 φῆτε
271 1627 438 1662 τυχόντας’
465 1626 521 1664 ἆρα
545 1628 689 1663 clpe-smel,
710 1628 726 1664 ἢ
747 1628 890 1664 προδήλως

97 1674 322 1708 κατεγνωσμένοι
336 1675 382 1700 ἐπὶ
396 1674 434 1709 τῷ
449 1674 499 1709 βίῳ
512 1683 519 1707 ;
538 1675 601 1709 περὶ
616 1675 670 1701 τῶν
682 1675 810 1702 τοιούτων
824 1675 891 1711 γὰρ,

97 1721 182 1755 φησιν
198 1721 213 1747 ὁ
233 1720 405 1753 Ἀπόστολος·
427 1721 499 1748 Ἐάν
509 1730 553 1754 τις
568 1721 699 1756 ἀδελφὸς
713 1722 891 1757 ὀνομαζόμε-

96 1776 152 1799 νος
170 1768 294 1801 πόρνος,
308 1767 327 1801 ἣ
345 1767 544 1802 πλεονέκτης,
558 1768 576 1802 ἢ
594 1768 826 1803 εἰδωλολάτρης,
844 1769 892 1796 καὶ

95 1812 131 1839 τὰ
145 1812 208 1847 ἑξῆς
220 1819 228 1826 ·
246 1812 287 1845 τῷ
299 1813 424 1845 τοιούτῳ
433 1812 511 1847 μηδὲ
521 1814 707 1841 συνεσθίειν.

140 1858 300 1893 Ἐρώτησις
323 1858 362 1886 ϐ’.
380 1874 415 1879 -
436 1860 504 1895 Περὶ
528 1860 583 1886 τῶν
608 1859 812 1896 πρεσόυτὲρων,
836 1861 891 1888 τῶν

96 1904 280 1941 βεὸρωκότων
304 1906 374 1940 μετὰ
393 1905 448 1932 τῶν
465 1906 609 1942 αἰρετικῶν
624 1906 698 1939 ἆπαξ
711 1907 759 1934 καὶ
775 1907 826 1939 δὶς,
844 1907 891 1937 καὶ

98 1951 138 1986 μὴ
152 1951 389 1986 κοινωνησάντων,
407 1952 423 1987 ἢ
441 1952 671 1988 ύπογραψάντων,
684 1952 701 1987 ἤ
719 1952 891 1988 συλλειτουρ-

95 1997 243 2032 γησάντων
254 2004 261 2011 ·
277 1997 302 2024 ει
322 1996 375 2033 χρὴ
395 1998 457 2029 τοὺς
474 1998 612 2030 τοιούτους
625 1998 750 2033 δέχεσθαι
770 2000 810 2029 είς
826 2007 890 2024 συν-

96 2041 232 2076 εστίασιν,
253 2042 302 2070 καὶ
314 2043 486 2078 eameam.
507 2044 590 2079 χωρὶς
612 2043 758 2078 σφραγῖδος
780 2044 797 2079 ἢ
820 2043 891 2079 μετὰ

96 2089 259 2123 σφραγῖδος.

138 2134 318 2168 Ἀπόκρισις.
329 2149 366 2156 -ι
383 2134 445 2162 Ἐπὶ
458 2134 512 2162 τῶν
525 2134 653 2162 τοιούτων
668 2134 811 2170 τηρητέον,
827 2136 850 2161 εἱ
864 2135 889 2162 οἱ

93 2180 272 2216 βεϐρωκότες
289 2182 373 2217 ἱερεῖς
395 2181 466 2216 μετὰ
481 2182 577 2216 ἱερέων
597 2181 743 2217 αἱρετικῶν
758 2182 774 2217 ἢ
789 2181 890 2208 λαῖκῶν

93 2227 212 2261 ἔφαγον,
231 2234 279 2254 και
291 2227 516 2262 ὁμολογουμένων
536 2227 553 2263 ἢ
569 2227 806 2263 ὀρθοφρονούντων
828 2228 889 2263 μὲν,

947 979 1171 1014 itnprobandum.
1194 979 1333 1016 Scriptum
1356 981 1429 1009 enim
1454 986 1497 1009 est
1513 991 1520 1009 :
1535 981 1610 1009 Alter
1629 981 1740 1009 alterius

947 1033 1028 1052 auerti
1047 1030 1161 1060 portate,
1182 1030 1208 1053 et
1223 1026 1262 1053 sic
1278 1027 1421 1061 adimplete
1443 1026 1527 1062 legem
1543 1026 1643 1054 Clu-isti
1657 1027 1689 1053 “.

983 1118 1162 1154 Interrogatio
1177 1119 1246 1147 Vlll.
1264 1133 1300 1140 —
1316 1119 1354 1147 De
1366 1120 1509 1148 monachis
1525 1119 1573 1156 qui
1585 1119 1741 1156 promiscue

946 1171 1010 1193 cum
1029 1165 1117 1192 obviis
1135 1165 1305 1200 quibuslibet
1326 1165 1514 1198 conveniunt,
1532 1172 1642 1200 unaque
1661 1170 1741 1193 orant

946 1218 979 1238 ac
990 1211 1082 1238 cibum
1099 1214 1214 1238 sumunt
1229 1219 1236 1237 :
1250 1215 1344 1238 utrum
1360 1210 1395 1238 ad
1412 1217 1585 1238 communem
1603 1210 1693 1238 cibum
1712 1215 1741 1238 et

946 1256 1127 1293 psalmodiam
1146 1256 1253 1284 admitti
1268 1256 1396 1284 debeant.

983 1301 1141 1337 Responsio.
1153 1316 1189 1322 ——
1203 1301 1272 1328 Cum
1294 1301 1445 1337 Apostolus
1466 1300 1539 1329 dicat
1555 1311 1563 1329 :
1582 1300 1616 1328 Ut
1630 1301 1740 1329 subtra-

945 1349 1015 1375 hatis
1031 1357 1073 1376 vos
1089 1348 1122 1375 ab
1137 1348 1210 1375 omni
1224 1348 1309 1383 [rutra
1322 1347 1477 1376 ambulante
1491 1348 1642 1376 inordinate
1652 1353 1676 1375 et
1687 1356 1740 1375 non

944 1395 1088 1422 secuttdum
1103 1394 1274 1422 traditionem
1291 1403 1371 1430 quam
1394 1399 1552 1430 acceperunt
1572 1404 1588 1423 a
1606 1394 1682 1422 nobis
1695 1394 1739 1428 ";

944 1441 1083 1476 quomodo
1105 1449 1160 1469 non
1175 1449 1208 1469 ex
1223 1441 1302 1469 vobis
1317 1441 1385 1476 ipsis
1399 1442 1473 1476 quod
1491 1441 1594 1469 bonum
1607 1446 1650 1469 est
1665 1440 1740 1476 judic

944 1487 1032 1514 catis?
1050 1487 1154 1522 Itaque,
1169 1487 1191 1514 si
1206 1495 1221 1514 a
1241 1495 1327 1523 prava
1351 1487 1553 1515 consuetudine
1570 1487 1738 1520 destiterint,

944 1535 1157 1569 acceperintque
1170 1534 1379 1562 convenientem
1406 1535 1596 1569 paenitentiam
1609 1553 1618 1567 ,
1637 1533 1738 1562 admit-

945 1581 1019 1608 tendi
1033 1585 1109 1608 sunt.
1124 1580 1331 1608 Observandum
1345 1585 1438 1609 autem
1454 1585 1497 1609 est
1514 1581 1627 1616 quinam
1647 1581 1703 1609 sint
1719 1581 1738 1609 ii

943 1635 1013 1663 quos
1028 1628 1132 1655 vocatis
1152 1628 1240 1654 obvios
1262 1628 1392 1663 quoslibet
1407 1635 1417 1655 :
1431 1636 1497 1655 num
1522 1627 1663 1662 haeretici,
1690 1632 1739 1655 aut

943 1674 1032 1709 palam
1055 1674 1171 1709 culpata:
1192 1673 1274 1701 vitae?
1298 1673 1336 1701 De
1351 1674 1453 1702 talibus
1468 1674 1569 1709 quippe
1588 1674 1737 1710 Apostolus

943 1721 982 1747 ait
995 1730 1001 1746 :
1019 1719 1048 1747 Si
1063 1720 1086 1746 is
1099 1720 1144 1755 qui
1158 1720 1242 1754 frater
1257 1721 1422 1752 nominatur,
1449 1725 1487 1747 est
1503 1720 1660 1755 fornicator,
1687 1725 1737 1748 aut

942 1773 1050 1796 auarus.
1068 1770 1116 1792 aut
1133 1765 1216 1792 idolis
1231 1766 1357 1799 seruiens,
1374 1770 1403 1793 et
1421 1774 1482 1801 qua:
1493 1771 1664 1802 sequuntur;
1675 1775 1736 1794 eum

942 1812 1074 1848 ejusmodi
1086 1820 1132 1840 nec
1147 1813 1232 1839 cibum
1248 1820 1351 1840 sumere
1362 1812 1395 1840 “.

977 1858 1160 1894 Interrogatio
1174 1858 1221 1886 1x.
1239 1874 1274 1879 —
1289 1858 1328 1886 De
1339 1858 1509 1894 presbyteris
1525 1859 1573 1894 qui
1590 1860 1675 1888 semel
1688 1865 1737 1888 aut

941 1905 1041 1933 ilerum
1055 1913 1118 1933 cum
1135 1905 1272 1933 haereticis
1288 1905 1383 1934 cibum
1397 1911 1587 1941 sumpserunt,
1612 1913 1668 1934 non
1693 1911 1738 1934 ta-

943 1958 1005 1978 men
1019 1951 1296 1979 communicaverunt
1309 1952 1353 1979 vel
1368 1952 1604 1988 subscripserunt,
1621 1958 1668 1981 aut
1681 1961 1735 1981 una

942 1998 1029 2025 sacris
1044 1998 1149 2032 operati
1166 2005 1252 2026 sunt:
1267 1998 1359 2026 sintne
1389 1999 1423 2026 ad
1446 2006 1621 2027 communem
1643 2000 1735 2028 cibum

941 2050 969 2072 et
989 2045 1173 2080 psalmodiam
1192 2046 1373 2079 admittendi,
1395 2047 1500 2082 absque
1517 2048 1735 2083 consignatione,

941 2093 984 2120 vel
995 2100 1059 2120 cum
1074 2092 1297 2128 consignatione.

977 2139 1136 2173 Responsio.
1149 2154 1183 2159 ——
1203 2139 1233 2166 ln
1251 2140 1313 2167 istis
1328 2140 1530 2168 observandum
1546 2147 1608 2173 est.
1633 2149 1668 2169 an
1689 2149 1736 2169 sa-

941 2185 1067 2213 cerdotes
1099 2185 1146 2220 qui
1178 2185 1270 2213 cibum
1293 2191 1486 2220 sumpserunt,
1512 2194 1574 2214 cum
1602 2186 1737 2215 haereticis

942 2231 1148 2264 sacerdotibus,
1179 2239 1213 2259 an
1237 2239 1300 2260 cum
1327 2232 1404 2260 laicis
1430 2233 1606 2268 sumpserint,
1624 2239 1651 2261 et
1669 2242 1735 2262 num

93 2272 300 2299 κοινωνούντων
311 2273 339 2300 δέ
349 2274 406 2305 τοῖς
416 2274 574 2308 αἱρετικοϊς.
586 2273 686 2306 Μεῖζον
695 2273 749 2308 γὰρ
761 2274 791 2300 τὸ
802 2276 890 2309 κρῖμα

950 2285 1006 2306 :um
1025 2277 1060 2306 iis
1076 2278 1124 2313 qui
1151 2283 1225 2306 recte
1249 2278 1360 2314 quidem
1391 2279 1543 2313 sentirent,
1579 2281 1627 2308 sed
1658 2287 1737 2309 com-

92 2319 144 2346 ἐπὶ
167 2318 223 2345 τῶν
245 2318 414 2353 ἱερωμένων.
435 2318 574 2354 Μετανοίᾳ⁴
593 2318 621 2344 δὲ
636 2318 769 2354 ἀξιολόγῳ
792 2319 891 2345 ἐκατέ-

92 2373 164 2401 pou;
182 2364 364 2400 προσδεκτέον
389 2366 554 2400 κοινωνῆσαι
577 2365 669 2397 αὐτοῖς
690 2364 764 2392 ἁλῶν
781 2373 826 2397 τε,
842 2365 892 2392 καὶ

91 2411 259 2447 προσευχῶν
282 2411 331 2447 [ιιι.
353 2411 441 2439 ἄλλων
469 2419 498 2438 τε
521 2411 693 2448 προσευχῶν]
732 2411 780 2438 καὶ
804 2420 890 2446 σφρα-

90 2457 181 2492 γίδος.

137 2504 301 2538 Ἐρώτησις
326 2503 354 2532 ι’.
371 2519 406 2525 -
427 2504 496 2540 Περὶ
515 2504 571 2530 τῶν
596 2502 814 2538 ὑπογραψάντων
841 2511 889 2530 κο-

92 2551 207 2586 σμικῶν
233 2552 264 2577 ἐν
285 2552 318 2586 τῇ
338 2550 446 2587 αἱρέσει
471 2550 519 2577 καὶ
543 2551 763 2577 κοινωνούντων·
789 2550 813 2576 εί
838 2549 891 2585 χρὴ

90 2598 152 2628 τοῖς
167 2597 303 2628 τοιούτοις
316 2597 460 2631 κοσμικοῖς
481 2595 641 2631 ὀρθοδόξους
657 2595 807 2631 κοσμικοὺς
825 2604 890 2622 συν-

91 2642 211 2670 ισοίειν.

135 2689 323 2724 Ἀπόκρισις.
334 2704 369 2710 -
391 2688 424 2716 Ἦ
438 2689 595 2725 ἀδιαφορία,
608 2689 663 2715 τῶν
684 2688 779 2715 κακῶν
798 2689 888 2720 1641.!-

91 2743 165 2761 τιον.
186 2734 351 2769 Ἀναμέοον
364 2734 431 2769 γὰρ,
447 2735 524 2770 φησι,
535 2734 666 2769 καθαροῦ
686 2734 735 2761 καὶ
751 2734 888 2768 βεϐήλου

93 2782 130 2808 οὐ
140 2780 333 2808 διέστελλον.
351 2780 410 2816 Χρὴ
425 2778 483 2813 οὖν,
500 2782 579 2816 εἴπερ
591 2779 711 2816 ζηλωταί
723 2780 793 2806 είσιν
807 2781 831 2806 οἱ
843 2780 889 2814 ὀρ-

94 2827 280 2861 Ιοδθξοῦντες,
297 2827 336 2863 μὴ
351 2827 513 2863 προσίεσθαι
534 2827 599 2859 τοὺς
615 2827 754 2858 τοιούτους
769 2827 810 2858 είς
823 2835 888 2853 συν-

944 2323 1116 2351 municarent
1143 2331 1207 2351 cum
1239 2324 1389 2352 haereticis.
1414 2325 1503 2360 Majus
1528 2326 1603 2353 enim
1630 2326 1736 2355 crimen

942 2374 985 2397 est
1001 2369 1029 2396 in
1051 2369 1168 2397 sacratis
1191 2369 1361 2399 hominibus.
1381 2370 1497 2406 Utrique
1509 2379 1593 2406 porro
1603 2379 1666 2399 cum
1678 2380 1736 2408 poe-

942 2415 1060 2442 nitentia
1085 2415 1220 2451 condigna
1250 2416 1354 2451 suscipi
1377 2416 1493 2449 debent,
1516 2421 1544 2444 et
1572 2416 1678 2445 admitti
1701 2418 1737 2446 ad

942 2461 1168 2489 communionem
1184 2462 1262 2496 salis,
1281 2467 1308 2489 et
1323 2469 1450 2497 precum,
1465 2467 1492 2490 et
1507 2463 1735 2498 consignationis.

981 2505 1161 2542 Interrogatio
1178 2506 1214 2535 X.
1228 2522 1263 2527 --
1285 2508 1323 2535 lle
1338 2507 1517 2537 saeuum-ibus
1530 2509 1576 2542 qui
1595 2509 1623 2536 in
1638 2510 1737 2538 haeresi

941 2550 1167 2586 subscripserunt
1178 2552 1489 2587 communicaruntque;
1500 2558 1592 2581 utrum
1605 2561 1668 2582 cum
1682 2555 1738 2584 illis

941 2597 1121 2626 saecularibus
1140 2598 1289 2627 saeculares
1314 2599 1484 2627 orthodoxos
1511 2600 1602 2627 cibum
1627 2609 1738 2630 sumere

941 2644 1098 2671 cor-veniat.

980 2688 1136 2724 Responsio.
1152 2705 1187 2711 -—
1208 2690 1279 2718 Usus
1290 2691 1468 2725 promiscuus
1486 2699 1569 2720 causa
1592 2697 1634 2720 est
1648 2693 1736 2720 malo-

940 2742 1016 2763 rum.
1034 2737 1081 2764 Ait
1096 2737 1170 2764 enim
1190 2745 1197 2764 :
1215 2736 1290 2765 Inter
1314 2738 1442 2766 mundum
1463 2743 1488 2766 et
1510 2739 1654 2774 profanum
1683 2749 1736 2768 non

944 2781 1093 2809 habuerunt
1113 2783 1270 2810 distantiam
1285 2784 1318 2816 ν’,
1340 2784 1435 2821 Itaque
1452 2785 1598 2814 orthodoxi
1624 2786 1735 2820 debent,

944 2828 966 2855 Si
981 2828 1040 2855 zelo
1051 2827 1178 2863 ﬂagrant,
1192 2829 1260 2857 tales
1278 2830 1311 2858 ad
1326 2837 1499 2859 communem
1515 2831 1606 2860 cibum
1621 2841 1674 2860 non
1685 2833 1734 2861 ad-

132 2917 153 2932 “
172 2917 262 2946 Galat.
282 2924 321 2951 tv,
339 2918 368 2945 2.
407 2919 427 2936 ¹¹
442 2918 462 2947 ιι
475 2918 572 2947 Thess.
593 2926 632 2952 ιιι,
651 2918 693 2955 6.‘
717 2920 738 2936 ”
753 2918 762 2946 l
776 2919 844 2959 Cor.
857 2927 881 2952 ν,
901 2919 944 2959 ll.
984 2919 1004 2935 ”
1020 2918 1119 2948 Ezech.
1137 2929 1204 2953 un,
1223 2921 1267 2948 26.
