1927 3089
173 199 239 232 1651

171 306 298 335 dederim
309 324 316 332 .
333 289 417 336 seque
444 299 478 326 ab
498 296 627 324 haeretica
643 291 838 322 communione
855 289 965 316 abstra-

173 351 274 380 xerint.
291 348 343 376 Sed
362 335 493 382 quoniam
510 341 594 377 aliqui
612 340 647 367 ob
663 338 817 373 angustias,
834 335 900 362 dum
915 341 964 369 pe-

174 397 262 426 ricula
285 394 407 430 fugiunt,
424 390 552 419 haeretica
568 384 761 414 communione
781 382 943 417 polluuntur
957 387 964 405 ε

175 444 237 475 hos,
256 424 329 469 casu‘
349 439 450 466 factum
481 435 507 462 id
531 441 591 461 esse
613 430 776 459 conﬁtentes
789 448 797 461 ,
812 431 919 461 oportet
933 424 967 452 ad

175 489 333 517 convictum
345 485 491 512 admittere
508 491 515 508 :
532 487 588 507 non
605 482 695 505 tamen
715 472 968 502 indiscriminatim,

177 535 224 563 sed
240 531 410 568 indulgentia
427 528 545 564 quadam
565 523 680 559 tempori
703 519 920 550 aecommodata,
942 521 970 545 et

174 572 239 616 qua:
251 581 394 613 utriusque
401 576 496 603 atterat
504 571 732 600 emolumentum,
743 575 797 595 non
808 569 898 593 autem
912 564 972 592 ani-

179 634 230 654 mae
245 626 450 652 detrimentum.

221 670 397 705 Interrogatio
411 667 458 695 XI.
484 681 519 686 —-
541 665 580 692 De
597 664 630 691 iis
645 661 691 696 qui
710 658 843 694 baptizari
867 657 972 687 volunt,

181 718 204 744 si
221 724 276 743 non
294 715 449 749 reperiatur
477 711 606 739 sacerdos
628 705 800 735 orthodoxus
824 707 872 730 aut
887 701 974 729 incul-

183 768 263 797 patus
282 768 289 786 :
307 747 341 786 an
358 757 489 793 baptizari
504 757 630 790 oporteat
652 759 667 778 a
687 748 874 777 sacerdotibus
888 747 976 782 pollu-

184 808 219 832 tis
241 804 407 838 minimeque
421 799 613 836 proclamatis,
633 794 770 830 praecipue
786 793 807 819 si
830 799 905 818 mors
925 790 977 817 im-

184 852 298 879 mineat.
539 839 543 844 ⁷
799 871 805 877 _

220 897 377 932 Responsio.
397 911 432 916 -—
450 892 614 928 llujusmodi
630 890 748 918 formula
763 888 825 915 istic
841 894 855 913 a
871 884 979 913 confes-

778 187 808 218 S.
823 185 927 216 ’ΠΙΕο
933 183 1024 214 DORI
1050 179 1222 212 STUDIT/E

171 261 291 292 mittere,
303 257 355 285 nisi
367 255 442 291 prius
454 259 550 288 poenas
559 258 607 284 pro
621 247 744 284 improba
762 243 964 278 subscriptione
978 246 988 271 Α

1046 240 1149 270 ’τίασιν,
1168 239 1192 264 εἰ
1221 235 1258 272 μὴ

1737 164 1804 198 16ΰὲ

1280 234 1414 270 πρότερον
1436 230 1508 266 ὑπὲρ
1532 228 1582 263 τῆς
1599 226 1719 262 πονηρᾶς
1740 225 1806 251 ὐπο-

1014 287 1123 322 γραφῆς
1143 282 1332 318 ἑπιτιμηθεῖεν
1343 289 1349 295 ·
1368 278 1428 306 εἶτα
1443 278 1489 304 καὶ
1502 276 1666 310 ἀπόσχοιντο
1675 273 1722 307 τῆς
1731 272 1807 307 αἱρε-

1015 333 1095 366 τικῆς
1105 329 1258 360 κοινωνίας.
1272 326 1382 361 Ἐπειδὴ
1392 325 1420 351 δὲ
1435 323 1506 350 κατὰ
1519 321 1680 356 περίστασιν
1692 318 1807 353 φεύγον-

1017 388 1062 410 τες
1079 378 1141 408 τοὺς
1157 375 1307 406 κινδύνους,
1321 372 1478 408 χραίνονται
1494 370 1527 404 τῇ
1542 367 1667 404 αἱρετικῇ
1680 363 1809 398 κοινωνίᾳ

1017 424 1110 455 τινές·
1137 420 1336 458 ὁμολογοῦντας
1365 417 1415 453 τὴν
1446 415 1623 451 περιπέτειαν
1648 412 1696 438 καὶ
1727 418 1810 446 μετα-

1019 469 1147 500 νοοῦντας
1158 465 1338 503 προσδεκτέον
1351 464 1392 494 είς
1402 461 1574 490 συνεστίασιν
1584 468 1592 476 σ
1605 459 1652 485 καὶ
1667 457 1746 484 τοῦτο
1761 455 1811 482 οὐκ

1021 515 1185 550 ἀδιαφόρως,
1197 512 1267 541 ὰίλλὰ
1277 511 1349 539 κατὰ
1358 519 1419 537 τινα
1445 508 1581 543 σύμϐασιν
1601 502 1811 540 περιστατικὴν,

1021 562 1069 589 καὶ
1092 560 1228 596 φέρουσαν
1251 557 1378 585 ἐντεῦθεν
1398 556 1494 590 κέρδος
1510 551 1694 589 ἀμφοτέροις,
1707 549 1765 577 ἀλλ’
1781 548 1812 575 cf:

1023 608 1125 643 ζημίαν
1141 606 1273 641 ψυχικήν.

1068 640 1230 686 Ἐρώτησις
1245 649 1296 676 iA’.
1310 663 1346 670 ——
1357 648 1425 682 Περὶ
1440 646 1494 673 τῶν
1510 644 1642 671 θελόντων
1660 640 1814 677 βαπτισθῆ-

1025 708 1081 732 ναι,
1097 699 1144 725 ἐὰν
1162 697 1199 732 μὴ
1214 696 1312 732 εὑρεθῇ
1331 693 1470 729 ὀρθόδοξος
1493 690 1593 726 ἱερεὺς,
1616 690 1632 724 ἢ
1653 689 1815 723 ἄμεμπτος·

1027 745 1051 770 εί
1138 730 1319 778 βαπτισθῆναι
1336 738 1389 765 ὑπὸ
1404 737 1458 764 τῶν
1477 735 1661 762 κοινωθέντων
1676 733 1780 767 ἱερέων,
1799 730 1816 766 ἦ

1027 788 1207 825 ἀκηρύκτων·
1223 786 1340 822 μάλιστα
1351 784 1398 810 ἐὰν
1415 783 1530 812 θάνατος
1543 779 1707 814 κατεπείγῃ.

1071 878 1250 911 Ἀπόκρισις.
1260 889 1295 896 -
1303 873 1395 904 Τύπος
1404 872 1523 903 τοιοῦτος
1534 869 1691 905 ὲξεφωνήθη
1701 867 1820 895 ἐνταῦθα

220 916 377 932 “uram.-.
450 916 614 928 -.ηηνμρη

187 942 309 973 soribus,
327 940 474 975 episcopis.
495 943 522 966 et
546 936 700 972 prtepositis
716 932 884 970 promulgata
910 933 952 956 est
968 937 975 955 :

1046 924 1107 959 ;αρά
1122 931 1151 949 τε
1166 920 1352 957 ὁμολογητῶν,
1371 917 1508 954 ίεραρχῶν
1525 925 1554 943 τε
1576 917 1623 943 καὶ
1643 916 1820 951 καθηγουμέ-

1149 968 1156 975 ι
1209 968 1227 975 1.
1283 966 1288 975 ι
1312 974 1316 975 ν
1346 974 1352 975 κ
1374 962 1576 975 ,_._t_,_£-_..a
1588 961 1820 975 _=-\_._-.._..!_-

187 989 221 1015 iis
247 986 414 1023 presbyteris
430 1004 437 1016 ,
468 984 515 1018 qui
542 987 653 1018 propter
677 979 898 1008 comnmnioncm
913 981 976 1002 cum

189 1033 335 1066 haereticis,
355 1039 371 1059 a
391 1031 477 1058 sacris
495 1029 591 1056 ciliciis
613 1027 717 1055 exclusi
745 1029 829 1056 sunt,
856 1020 976 1057 permitti

189 1084 229 1110 ut,
252 1079 275 1106 si
290 1086 344 1105 non
362 1077 519 1103 inveniatur
539 1073 668 1101 sacerdos
693 1071 838 1104 inculpatae
855 1067 928 1098 ﬁdei,
952 1070 979 1092 et

189 1125 340 1160 baptizent,
357 1126 384 1149 et
397 1125 569 1148 sacramenta
583 1118 694 1145 tradant
709 1125 715 1142 :
734 1122 794 1150 quze
816 1120 864 1147 per
887 1118 980 1138 sacer-

191 1171 281 1198 dotem
308 1169 421 1196 minime
446 1167 532 1200 culpa:
561 1164 667 1191 amnem
687 1164 844 1188 consecrata
867 1157 979 1185 fuerint.

194 1217 321 1244 Habitum
338 1220 450 1249 quoque
468 1211 653 1239 monasticum
672 1209 748 1240 dent,
772 1214 803 1233 ae
823 1211 919 1240 preces
942 1203 982 1229 fa-

192 1262 267 1289 ciant
286 1261 313 1287 in
329 1258 477 1293 exsequiis,
490 1261 516 1284 et
530 1253 706 1289 Evangelinm
725 1254 751 1279 in
764 1249 904 1278 matutinis
917 1255 982 1283 pro-

195 1306 331 1337 nuntient,
345 1308 373 1332 et
390 1310 489 1338 aquam
504 1300 746 1334 Tln-nplianiorum
764 1294 935 1325 benedicant,
953 1295 984 1318 ut

195 1351 298 1378 dictum
313 1353 365 1381 est,
381 1355 444 1374 cum
459 1354 550 1373 rerum
566 1343 698 1379 angustiae
719 1345 817 1376 urgent
834 1348 841 1365 :
859 1345 914 1373 quo
935 1344 984 1371 po-

196 1397 253 1433 puli
267 1405 320 1424 non
340 1397 518 1431 permaneant
535 1397 649 1426 prorsus
662 1389 766 1422 absque
781 1384 919 1420 Evangelii
936 1391 985 1410 au-

197 1428 311 1470 ditione,
332 1428 500 1470 minimeque
518 1434 659 1470 baptizati.
680 1431 710 1459 Si
732 1438 798 1466 ergo
813 1430 890 1456 vobis
902 1428 985 1455 etiam

196 1487 285 1522 placet
300 1486 358 1512 haec
384 1482 515 1515 formula,
544 1481 598 1508 illis
613 1485 724 1513 quoque
753 1476 869 1503 inilocis
893 1474 972 1501 obser

198 1537 287 1560 Vrtur.

237 1575 414 1610 Interrogatio
437 1573 495 1600 ΧΠ.
511 1588 545 1593 —
563 1572 599 1599 De
620 1571 655 1597 iis
676 1569 722 1604 qui
743 1575 790 1603 per
805 1566 927 1594 schisma
943 1571 987 1592 se-

198 1627 354 1655 cesserunt,
369 1626 396 1649 et
412 1619 575 1656 poenitentia
601 1617 674 1645 aucti
703 1618 854 1643 accurrunt
873 1621 881 1640 :
898 1616 992 1639 utrum

199 1670 280 1698 nobis
296 1669 377 1696 liceat
390 1665 568 1702 poenitentiae
585 1663 684 1691 talibus
697 1661 849 1696 injungere,
862 1663 910 1686 aut
919 1658 993 1693 ipsos

201 1716 351 1750 suscipere.

237 1761 393 1796 Responsio.
409 1774 446 1780 —-
464 1757 525 1786 Jam
555 1757 582 1783 in
613 1753 803 1790 superioribus
826 1751 995 1779 declaratum

201 1813 255 1840 est.
286 1806 391 1842 iniungi
420 1805 544 1833 debere:
570 1810 602 1830 ac
624 1800 793 1836 superﬂuum
810 1802 861 1829 est,
878 1797 995 1831 idipsum

202 1855 246 1882 bis
259 1858 391 1880 retexere.

239 1897 420 1933 falari-agatio
448 1895 521 1923 Xlll.
545 1908 581 1914 —-—
603 1892 633 1919 Si
664 1891 810 1926 episcopus
841 1889 869 1916 in
893 1887 997 1915 crimen

201 1945 314 1980 ,lapsusi,
338 1951 352 1970 a
383 1942 488 1978 synodo
512 1939 655 1974 depositus
679 1937 772 1967 fuerit,
797 1939 891 1970 postea
907 1938 998 1960 tamen

206 1979 395 2027 presbyterum
426 1979 617 2017 ordinaverit;
646 1983 697 2011 iste
727 1986 817 2009 autem
845 1979 998 2014 presbyter,

206 2042 353 2073 postquam
370 2035 398 2062 in
413 2031 611 2061 monasterium
635 2029 751 2060 venerit,
775 2025 963 2061 ptenitentiam
983 2030 999 2050 a

208 2091 260 2111 suo
275 2081 422 2118 prmposito
443 2077 580 2113 acceperit
596 2076 630 2103 ad
651 2081 769 2109 tempus,
793 2077 819 2099 et
843 2077 935 2106 postea
955 2077 1001 2097 sap

208 2128 330 2156 cerdotio
358 2127 469 2153 functus
501 2125 560 2151 sit:
585 2121 677 2150 doceri
703 2118 856 2154 expetimus
874 2124 908 2143 an
925 2115 1001 2150 ejus-

209 2174 282 2201 modi
298 2172 480 2201 sacerdotem,
495 2170 518 2197 si
536 2168 691 2203 inculpatus
705 2170 758 2197 est,
771 2163 910 2198 suscipere
921 2168 1002 2196 opor-

210 2223 279 2248 teat.

247 2308 402 2344 Responsio.
417 2321 452 2326 —
466 2305 535 2333 Cum
563 2302 708 2330 manifesta
727 2300 764 2328 sit
778 2297 952 2328 absurditas,
968 2303 1003 2322 ne

213 2355 455 2390 interrogationem
485 2351 597 2386 quidem
623 2358 638 2376 a
662 2348 739 2375 vobis
768 2348 801 2373 de
817 2346 870 2372 hoc
892 2343 1006 2371 crimine

213 2402 272 2430 ﬁeri
302 2400 433 2436 oportuit.
462 2398 536 2424 Dixit
551 2397 653 2431 quippe
675 2394 803 2422 Christus
821 2401 828 2418 :
844 2390 907 2418 Non
922 2392 1006 2424 potest

214 2447 295 2474 arbor
323 2435 401 2471 imula
428 2443 532 2477 fructus
555 2441 636 2468 bonos
667 2437 796 2474 facere”.
832 2435 937 2469 Itaque,
954 2439 1007 2459 non

214 2491 280 2526 quia
296 2498 311 2518 a
327 2488 440 2525 proprio
464 2486 624 2522 praaposito,
640 2485 687 2512 sed
704 2489 793 2517 neque
812 2481 835 2508 si
853 2488 868 2507 a
881 2478 1008 2514 quopiam

215 2543 322 2568 sancto,
338 2534 528 2571 penitentiam
550 2531 697 2567 acceperit,
720 2530 782 2557 ideo
797 2531 903 2556 sorutus
919 2529 962 2553 est
981 2528 1012 2552 ut.

216 2590 326 2611 sacrum
353 2581 444 2608 faccre
465 2579 561 2615 possit.
588 2577 682 2612 Neque
696 2576 769 2604 enim
793 2575 852 2609 ipse
865 2572 1006 2604 sacerdos,

217 2636 306 2664 neque
322 2627 368 2662 qui
380 2627 472 2657 solvit,
492 2630 606 2653 sanctus
625 2633 632 2650 :
655 2622 784 2658 quoniam
801 2621 841 2649 sic
852 2627 948 2647 omnes
962 2626 1008 2646 ca-

218 2674 323 2702 nonica;
361 2673 573 2700 constitutiones
606 2670 799 2698 subvertentur
834 2674 867 2694 ac
891 2664 1009 2700 disperi-

218 2723 297 2750 bunt.
1000 2712 1006 2720 ‘

259 2783 281 2798 "‘
295 2782 389 2809 Matth.
403 2788 452 2812 vn,
473 2778 517 2805 i7.

1030 979 1082 996 νων
1097 977 1103 984 '
1116 968 1179 998 τοὺς
1193 966 1353 1002 είρημένους
1371 962 1576 1000 πρεσϐυτέρους
1588 962 1638 997 τῆς
1649 961 1822 998 λειτουργίας

1032 1015 1075 1041 διὰ
1096 1015 1146 1048 τὴν
1164 1012 1306 1048 αἱρετικὴν
1322 1009 1475 1040 κοινωνίαν,
1493 1009 1704 1044 συγχωρεῖσθαι,
1723 1008 1759 1042 μὴ
1774 1007 1822 1033 εὐ-

1034 1060 1197 1096 ρισκομένου
1220 1058 1395 1092 σεσωσμένον
1414 1056 1519 1092 ίερέως,
1534 1056 1580 1082 καὶ
1601 1054 1754 1089 βαπτίζειν,
1773 1054 1824 1080 καὶ

1035 1106 1205 1142 μεταδιδόναι
1227 1104 1280 1130 τῶν
1297 1103 1475 1137 ἀγιασμάτων
1496 1100 1752 1137 προτετελεσμένων
1774 1100 1825 1125 καὶ

1034 1152 1064 1184 ἐξ
1076 1151 1230 1187 ἀκρατήτου
1251 1149 1282 1186 [Γ.
1300 1147 1446 1184 ἀχράντου]
1471 1147 1575 1183 ἱερέως.
1595 1146 1692 1182 Σχῆμὰ
1705 1154 1734 1171 τε
1751 1145 1824 1171 διδόρ

1035 1207 1079 1225 ναι
1103 1197 1230 1233 μοναχοῦ,
1254 1196 1338 1231 εὐχήν
1360 1203 1389 1221 τε
1419 1194 1557 1220 ποιεῖσθαι
1585 1192 1633 1218 ἐπὶ
1664 1191 1826 1226 ἐκκομιδῆς,

1035 1243 1202 1278 Εὑαγγέλιόν
1216 1251 1246 1269 τε
1261 1242 1394 1276 ὲκφωνεϊν
1410 1241 1457 1267 ἐπὶ
1469 1240 1578 1275 ὄρθρου,
1592 1238 1640 1265 καὶ
1655 1238 1684 1264 τὸ
1698 1237 1752 1264 τῶν
1761 1237 1828 1264 8e0-

1037 1291 1140 1325 φανίων
1156 1290 1225 1325 ὕδωρ
1240 1289 1370 1323 εὐλογεῖν,
1384 1288 1421 1319 ὡς
1434 1287 1551 1323 εἴρηται,
1565 1285 1637 1312 κατὰ
1649 1285 1826 1320 περίστασιν·

1037 1338 1081 1365 διὰ
1110 1337 1140 1364 τὸ
1167 1336 1204 1372 μὴ
1234 1334 1412 1369 ἐναπομένειν
1443 1334 1506 1364 τοὺς
1540 1332 1622 1363 λαοὺς
1652 1330 1828 1357 παντάπασιν

1038 1383 1171 1419 ἀνηκόους
1187 1381 1234 1408 τοῦ
1255 1379 1434 1414 Εὖαγγελίου,
1450 1379 1499 1406 καὶ
1520 1378 1702 1412 ἀφωτίστους.
1725 1376 1756 1402 Εἰ
1781 1373 1830 1402 οὖν

1040 1428 1202 1464 συναρὲσκει
1222 1427 1297 1461 ὑμῖν,
1314 1425 1451 1461 κρατείτω
1468 1425 1481 1451 ὁ
1496 1424 1616 1455 τοιοῦτος
1628 1422 1712 1454 τύπος
1735 1422 1785 1448 καὶ
1800 1421 1830 1448 ὲν

1039 1477 1095 1507 τοῖς
1115 1474 1218 1501 αὐτόθι.

1084 1571 1244 1606 Ἐρώτησις
1258 1569 1308 1597 lB’.
1323 1584 1359 1589 -—
1371 1568 1438 1603 Περὶ
1462 1567 1516 1594 τῶν
1543 1565 1751 1601 ἀποσχισάντων
1783 1564 1834 1592 καὶ

1043 1619 1076 1653 τῇ
1099 1617 1229 1652 μετανοίᾳ
1257 1613 1542 1653 προστρεχόντωνίεί
1565 1611 1668 1644 ἔξεστιν
1691 1612 1757 1646 ἡμῖν
1775 1612 1835 1642 τοῖς

1043 1650 1175 1692 τοιοιότοις
1191 1650 1317 1695 ἐπιτίμια
1332 1659 1444 1693 διδόναι,
1458 1658 1475 1694 ἦ
1496 1650 1622 1693 δέχεσθαι
1635 1657 1745 1689 αὐτούς.

1087 1750 1270 1784 Ἀπόκρισις.
1283 1762 1318 1768 -
1333 1747 1401 1783 Ἤδη
1429 1748 1458 1774 ὲν
1483 1748 1540 1778 τοῖς
1572 1746 1700 1780 ἀνωτέρω
1716 1745 1837 1781 δεδήλω-

1047 1805 1102 1830 ται,
1117 1797 1159 1823 ὃτι
1171 1796 1224 1831 χρὴ
1237 1795 1338 1822 διδόναι
1350 1802 1357 1810 ·
1370 1795 1418 1820 καὶ
1428 1794 1575 1828 παρέλκοι),
1591 1793 1632 1825 δὶς
1645 1792 1676 1819 τὸ
1693 1792 1759 1818 αὐτὸ
1774 1792 1838 1819 ἑπι-

1048 1842 1176 1870 κυκλοῦν.

1090 1888 1252 1922 Ἐρώτησις
1269 1887 1316 1915 Il".
1335 1901 1370 1906 -—
1387 1886 1446 1913 Κᾶν
1465 1884 1616 1915 ἐπίσκοπος
1646 1884 1686 1915 εἰς
1710 1883 1841 1917 ἔγκλημα

1050 1933 1218 1970 περιπεσὼν,
1235 1933 1287 1959 ὑπὸ
1301 1932 1409 1959 συνόδου
1425 1930 1588 1966 καθαιρεθῇ,
1601 1927 1660 1956 εἶτα
1674 1926 1755 1956 πάλιν
1768 1931 1841 1964 μετὰ

1050 1980 1212 2013 καθαίρεσιν
1245 1979 1420 2014 χειροτονήσῃ
1452 1976 1656 2011 πρεσϐύτερον’
1675 1977 1689 2002 ὁ
1706 1975 1734 2002 δὲ
1758 1976 1842 2006 αὐτὸς

1051 2026 1238 2061 πρεσῧύτερος
1254 2026 1283 2050 ὲν
1300 2023 1474 2059 μοναστηρίῳ
1488 2021 1784 2057 παραγενόμενος,ὖπὸ
1793 2020 1841 2047 τοῦ

1054 2073 1119 2099 ἰδίου
1134 2071 1288 2107 ἡγουμένου
1309 2070 1419 2104 δέξηται
1440 2068 1579 2103 ἐπιτίμιον
1595 2067 1663 2103 πρὸς
1677 2067 1772 2102 χρόνον
1790 2065 1842 2103 [aL

1053 2118 1106 2152 πρὸ
1121 2117 1236 2152 χρόνων,
1254 2115 1314 2149 jam
1331 2113 1460 2149 pridem},
1480 2113 1528 2139 καὶ
1558 2113 1627 2147 μετὰ
1647 2112 1733 2139 ταῦτα
1766 2113 1844 2147 ὲνερ-

1052 2165 1088 2199 γῇ
1118 2164 1146 2189 ὲν
1171 2163 1204 2197 τῇ
1226 2161 1379 2197 ἱερωσύνῃ·
1408 2160 1432 2186 εἰ
1456 2160 1508 2194 χρὴ
1529 2159 1653 2194 δέχεσθαι
1685 2160 1730 2186 τὸν
1750 2157 1844 2185 τοιοῦ-

1054 2218 1101 2236 τον
1134 2209 1219 2244 ἱερέα,
1250 2209 1274 2234 εἰ
1303 2206 1470 2242 ἀνέγκλητός
1495 2207 1573 2238 ἐστι,
1599 2205 1758 2240 διδαχθῆναι
1786 2205 1846 2231 δεό-

1015 2264 1038 2293 D
1055 2255 1133 2292 μεθα.

1097 2300 1278 2334 Ἀπόκρισις.
1289 2313 1324 2318 -—
1339 2297 1497 2332 Προφανοῠς
1522 2295 1606 2331 οὕσης
1640 2296 1690 2330 τῆς
1707 2296 1827 2328 ἀτοπίας
1838 2316 1846 2329 ,

1056 2346 1117 2372 οὐδὲ
1132 2345 1305 2381 ἐπερωτῆσαι
1319 2344 1391 2379 ὑμᾶς
1410 2343 1493 2378 ἐχρῆν
1517 2343 1582 2378 περὶ
1601 2341 1648 2368 τοῦ
1662 2341 1786 2368 τοιούτου
1799 2343 1848 2376 ὲγ-

1058 2392 1208 2427 κλήματος.
1226 2391 1328 2426 Εἵρηκε
1345 2390 1400 2424 γὰρ
1413 2390 1427 2416 ὁ
1444 2389 1572 2424 Χριστός·
1591 2389 1633 2415 Οὐ
1648 2388 1772 2415 δύναται
1790 2396 1849 2415 σα-

1059 2438 1136 2471 πρὸν
1154 2436 1281 2469 δένδρον
1304 2434 1438 2468 καρποὺς
1456 2433 1571 2467 καλοὺς
1586 2433 1692 2460 ποιεῖν.
1708 2433 1788 2458 Ὥστε
1799 2433 1850 2468 οὐχ

1060 2484 1100 2510 ὅτι
1116 2482 1168 2508 ὑπὸ
1181 2481 1227 2508 τοῦ
1246 2480 1310 2506 ἰδίου
1345 2479 1510 2514 ἡγουμένου,
1526 2478 1594 2504 ἀλλὰ
1617 2478 1667 2504 κᾶν
1693 2477 1745 2503 ὑπὸ
1769 2477 1850 2511 ἁγίου

1061 2526 1144 2558 τινὸς,
1166 2524 1339 2559 ἐπιτιμηθεὶς
1359 2525 1374 2549 ὁ
1400 2523 1521 2554 τοιοῦτος
1538 2522 1702 2549 ἀπολέλυται
1721 2522 1768 2548 τοῦ
1794 2522 1849 2548 λει-

1062 2573 1198 2607 τουργεῖν.
1221 2571 1278 2604 Οὐχ
1301 2569 1407 2604 ἱερεύς,
1427 2569 1488 2595 οὐδὲ
1511 2569 1524 2594 ὁ
1543 2568 1643 2600 λύσας,
1666 2568 1760 2602 ἃγιος·
1788 2567 1851 2594 ἐπεὶ

1062 2618 1133 2646 οὕτω
1142 2626 1175 2644 πε
1181 2617 1298 2653 ριτραπή
1303 2625 1378 2642 σεται
1386 2615 1477 2643 πάντα
1484 2614 1613 2641 κανονιχὰ
1620 2614 1850 2650 παραγγέλματα,

1063 2667 1112 2693 καὶ
1125 2666 1266 2700 οἰχήσεται
1282 2663 1349 2697 (Η).

1730 2748 1743 2758 κ

997 2813 1111 2842 NOT/E.

260 2873 315 2908 (ιι)

332 2873 399 2905 Qum
418 2875 571 2905 sequuntur
591 2869 675 2904 hujus
689 2866 823 2903 epistola),
841 2873 894 2892 non
912 2867 1021 2905 exstant

226 2900 368 2936 in‘coiiacc
386 2900 470 2942 lii-git}
490 2915 516 2932 n.
536 2905 612 2937 1987,
626 2900 673 2932 sed
682 2900 792 2931 cistam
808 2909 835 2928 ιιι
853 2900 1021 2935 apograpliis

1074 2859 1213 2925 Eil‘llgl‘ontli
1236 2864 1262 2887 ct
1277 2858 1424 2886 Frontonis
1445 2857 1546 2891 Bucari,
1567 2861 1623 2885 tum
1642 2860 1669 2884 et
1690 2857 1717 2883 in
1734 2855 1854 2884 editione

1097 2905 1113 2925 0
1152 2904 1213 2923 cru.

1097 2904 1213 2925 oteteru.
