1927 3089
104 180 173 213 1653

703 175 968 207 EPISTOLARUM
992 175 1013 204 L
1020 176 1066 205 [Β.
1087 176 1127 205 II.

1659 172 1726 205 1654

143 235 301 270 Ἐρώτησις
317 233 365 261 1Δ¹.
384 249 418 254 --
437 233 504 269 Περὶ
530 233 585 259 τῶν
615 232 809 268 πρεσϐυτέρων
834 232 888 258 τῶν

977 229 1153 266 Interrogatio
1169 229 1328 256 XlV.—De
1343 229 1507 265 presbyteris
1535 229 1582 264 qui
1600 229 1728 265 similiter

102 281 155 307 ὑπὸ
173 280 322 316 ὀρθοδόξων
341 279 594 314 χειροτονηθέντων,
618 278 656 314 μὴ
669 278 886 313 ὑπογραψάντων

101 327 141 355 δὲ.
170 325 237 362 μηδὲ
265 325 497 360 κοινωνησάντων,
525 324 722 358 συμφαγόντων
752 323 780 349 δὲ
807 323 887 358 μόνον

103 373 173 408 μετὰ
191 371 341 406 Γρηγορίου
357 371 403 397 τοῦ
421 370 631 405 μητροπολὶτου.

145 418 329 451 Ἀπόκρισις.
346 431 381 435 —-
401 415 446 442 Ἐν
456 417 512 446 τοῖς
524 415 653 450 ἀνωτέρω
660 415 861 451 πρ[οξαπεδόθη
874 415 887 440 ὀ

103 464 168 498 περὶ
182 462 279 489 τούτου
298 462 386 494 λόγος.
413 461 476 487 Εἴτε
501 461 547 487 οὖν
562 461 629 495 μετὰ
651 461 816 496 Γρηγορίου,
833 461 888 487 εἴτε

104 507 163 542 μεθ’
178 506 234 532 οἴου
245 507 345 542 δήποτε
361 505 415 532 τῶν
427 505 600 540 ἑτεροδόξων,
615 506 630 540 ἡ
655 506 825 536 συνεστίασις
840 505 887 539 γέ-

102 560 184 585 γονε·
202 551 331 586 μετανοίᾳ
361 550 492 585 ἀξιολόγῳ
519 551 533 576 ὁ
554 549 740 581 συνεστιαθεὶς
767 549 814 576 τοῦ
841 551 888 583 ἐγ-

102 597 242 631 κλήματος
264 595 439 627 ἀπολέλυται,
462 595 491 621 οὺ
520 595 599 630 μόνον
625 595 692 630 προς
718 595 889 621 ωνεστὶασιν

101 641 157 668 τῶν
182 641 411 675 πεφυλαγμένων,
433 639 500 666 ἀλλὰ
523 641 570 666 καὶ
594 641 662 676 πρὸς
683 641 716 675 ἣν
734 640 889 676 ἠξιώθησαν

103 686 264 722 ἱερωσύνην.
282 686 318 712 Τὸ
330 686 357 712 δὲ
373 685 471 720 μέτρον
482 685 530 712 τοῦ
551 685 691 720 ἐπιτιμίου
722 686 752 713 οὐ
778 686 890 712 δυνατὸν

103 733 267 768 ὡρισμένως
283 731 456 763 ὑποϐάλλειν,
471 731 515 757 διὰ
540 731 670 766 ποιότητα
683 731 730 758 καὶ
743 732 889 767 προσώπου

101 780 152 806 καὶ
164 779 266 813 τρόπου
279 786 286 793 ·
303 777 373 804 ὥστε
389 778 418 804 ὲν
439 776 514 803 δυσὶν
529 777 547 812 ἢ
565 777 640 812 τρισὶ
658 777 890 812 τεσσαρακοσταῖς

101 825 249 860 ἀρκεῖσθαι
262 823 308 850 τὸν
321 822 528 858 ἐπιτιμηθέντα.

939 275 973 302 ab
984 275 1143 303 orthodoxis
1154 274 1272 302 ordinati
1281 278 1355 305 sunt,
1365 279 1391 301 et
1399 281 1487 309 neque
1493 273 1726 308 subscripserunt.

938 329 1027 356 neque
1036 321 1285 351 communicarunt,
1300 320 1346 348 sod
1357 321 1490 347 duntaxat
1501 320 1592 347 cibum
1605 328 1728 355 sumpse«

940 373 1004 394 runt
1018 375 1079 394 cum
1099 367 1229 402 Gregorio
1243 366 1426 400 metropolita.

974 411 1125 446 Responsio.
1139 426 1174 431 ——
1194 409 1254 437 Jam
1273 410 1298 437 in
1316 409 1506 444 superioribus
1526 409 1561 436 de
1575 409 1626 437 ista
1642 417 1670 438 re
1687 410 1727 437 lex

938 461 980 484 est
1006 457 1116 484 tradita.
1148 457 1213 484 Sive
1240 456 1321 491 igitur
1343 463 1406 482 cum
1435 454 1580 490 Gregorio,
1597 458 1655 483 sive
1667 463 1729 483 cum

939 504 1062 538 quolibet
1084 510 1118 530 ex
1144 502 1318 530 heterodoxis
1340 502 1418 529 cibus
1444 507 1570 536 sumplus
1596 501 1651 533 sit;
1682 502 1729 536 qui

940 549 1098 584 sumpserit,
1114 557 1128 576 a
1143 549 1259 576 crimine
1291 557 1337 583 per
1361 548 1550 583 paenitentiam
1580 554 1730 582 congruam

940 596 1065 628 solvitur,
1091 602 1145 622 non
1173 595 1255 622 modo
1284 600 1313 621 ut
1342 602 1404 622 cum
1430 594 1462 620 iis
1482 593 1527 628 qui
1544 601 1572 621 se
1587 593 1726 621 immunes

941 643 1026 677 culpa:
1044 646 1199 674 servarunt,
1214 641 1303 668 cibum
1325 645 1424 671 sumat,
1440 641 1485 667 sed
1498 640 1580 666 etiam
1596 643 1626 666 ut
1640 647 1732 666 saecr~

941 688 1016 715 dotio
1030 695 1085 723 quo
1099 687 1245 721 insignitus
1257 691 1297 714 est
1310 686 1447 720 fungatur.
1459 685 1630 713 Ptcnitcnliae
1641 689 1732 712 autem

942 734 1053 760 modum
1084 733 1193 760 delinite
1223 733 1369 767 subjicere,
1399 740 1453 759 non
1483 736 1525 759 est
1549 731 1681 766 possibile
1698 731 1733 758 ob

941 779 1101 813 qualitatem
1122 786 1246 812 personae
1266 783 1293 805 et
1306 785 1413 806 morum
1429 787 1436 805 :
1459 778 1495 804 ita
1513 782 1543 804 ut
1556 777 1663 804 duabus
1682 777 1733 803 tri~

941 825 1028 852 busve
1076 825 1293 860 quadragesimis
1337 825 1480 852 multatum
1527 824 1614 852 fuisse
1657 824 1732 851 suﬂi-

942 871 1012 898 ciat.‘

147 914 310 948 Ἐρώτησις
325 913 375 940 1Ε¹.
392 927 418 932 -
429 912 497 948 Περὶ
510 911 704 948 πρεσϐυτέρων
727 913 826 948 ὁμοίως
839 912 891 938 ὑπὸ

978 915 1156 951 Interrogatio
1173 915 1231 943 XV.
1247 932 1282 936 —
1297 915 1334 943 De
1349 915 1516 952 presbyteris
1536 916 1581 950 qui
1609 915 1735 943 similiter

103 961 255 996 ὀρθοδόξων
273 959 527 995 χειροτονηθέντων,
540 959 587 986 καὶ
606 959 677 986 κατὰ
693 959 805 993 ἄγνοιαν
823 967 891 993 συμ-

104 1008 247 1042 (pa-(6‘:sz
276 1006 346 1041 μετὰ
360 1014 380 1032 π
384 1006 555 1041 ρεσϐυτέρων
573 1005 750 1040 βεϐρωκότων
762 1005 830 1041 μετά
843 1004 890 1031 τοῦ

104 1052 188 1080 αὐτοῦ
212 1050 419 1087 μητροπολίτου.

148 1098 332 1132 Ἀπόκρισις.
347 1111 383 1117 -
398 1097 555 1132 Γέγραπται
569 1105 576 1112 ο
590 1096 655 1124 Πᾶν
673 1097 707 1124 τὸ
727 1097 763 1124 ἐν
776 1097 891 1132 ἀγνοίᾳ,

105 1143 372 1178 καθαρισθήσεται.
387 1144 468 1169 Ὥστε
480 1143 603 1179 ἀνένοχοι
618 1145 671 1170 εισι
684 1143 785 1175 παντὸς
803 1145 892 1169 ὲπιτι-

130 1190 182 1216 (ου.

130 1199 136 1215 ι
175 1210 182 1216 .

105 1199 127 1226 μ
140 1199 313 1271 Ἐρώτησις
328 1236 388 1269 κζ’.
404 1250 439 1256 -—
450 1235 518 1270 Περὶ
527 1234 723 1269 πρεσϐυτέρων
734 1234 893 1270 ὀρθοδόξων,

104 1282 192 1318 ἤγουν
209 1281 371 1317 Ἰλαρίωνος,
386 1281 432 1307 καὶ
447 1279 614 1315 Εὑστρατιου
634 1280 751 1315 μοναχοῦ
762 1288 769 1295 ’
779 1279 812 1307 ἃν
829 1279 895 1315 έχω-

106 1337 151 1355 σιν
168 1327 294 1360 ἐξουσίαν
306 1326 354 1353 τοῦ
367 1326 466 1354 διδόναι
479 1325 613 1360 ἐπιτίμια.

150 1375 334 1408 Ἀπόκρισις.
352 1373 568 1409 -Προείρηται
594 1374 646 1400 κάν
674 1374 729 1405 τοῖς
756 1372 894 1409 ἀνωτέρω,

107 1422 150 1448 ὅτι
165 1420 222 1457 χρὴ
233 1419 345 1446 διδόναι.
362 1418 474 1454 Ἐπειδὴ
490 1419 518 1445 δὲ
530 1419 659 1454 ἐμφαίνει
676 1419 694 1454 ἡ
709 1418 852 1455 ἐρώτησις,
871 1418 896 1444 si

106 1467 149 1494 δεῖ
163 1467 210 1493 καὶ
223 1466 269 1492 τὸν
282 1465 319 1500 μὴ
332 1465 430 1500 ἔχοντα
444 1464 606 1500 ἱερωσύνην,
623 1464 723 1491 διδόναι
743 1463 815 1491 κατὰ
827 1464 897 1490 ἀπο-

110 1513 172 1548 ρίαν
185 1511 389 1547 πρεσϐυτέρων,
409 1511 457 1538 καὶ
476 1510 568 1537 πίστιν
590 1509 639 1537 τοῦ
653 1509 811 1545 προσιόντος
822 1517 830 1525 ·
847 1509 898 1535 οὺκ

108 1557 163 1590 ἔξω
177 1557 224 1583 τοῦ
239 1556 356 1589 εἰκότος,
374 1557 422 1582 καὶ
446 1555 493 1582 τὸν
510 1555 604 1587 ἁπλῶς
631 1554 748 1590 μοναχὸν
770 1553 897 1589 ἐπιτίμια

108 1601 220 1628 διδόναι.

151 1647 311 1682 Ἐρώτησις
329 1645 378 1674 IZ'.
393 1662 428 1668 —
442 1646 512 1682 Περὶ
526 1645 689 1682 μονάζοντος
706 1644 752 1672 τοῦ
768 1644 896 1675 λαϐόντος

109 1694 140 1722 ἰδ
154 1694 228 1730 ἱερὸν
244 1693 338 1728 σχῆμα
353 1693 425 1720 κατὰ
447 1692 557 1727 ἄγνοιαν
570 1692 624 1719 ἀπὸ
636 1691 823 1728 πρεσϐυτέρου
840 1699 898 1725 χει-

111 1739 304 1775 ρστονηθέντος
317 1738 369 1764 ὑπὸ
385 1737 591 1774 καθῃρημένου.

152 1783 338 1818 Ἀπόκρισις.
356 1797 393 1803 -
406 1782 521 1818 Εἴρηται
537 1783 567 1809 ὲν
581 1781 668 1817 ἑτέρῳ
685 1780 838 1817 κεφαλαίῳ,
856 1781 898 1807 ὃτι

110 1829 177 1858 Πᾶν
192 1829 225 1857 τὸ
244 1829 319 1856 κατὰ
338 1827 474 1864 ἄγνοιαν,
496 1827 758 1862 καθαρισθήσεται.
783 1827 838 1853 Καὶ
849 1825 898 1852 οὐκ

111 1877 172 1911 ἐξὸν
184 1874 407 1910 ἀποστρέφεσθαι
422 1874 472 1909 τὴν
482 1874 552 1909 μετὰ
563 1872 611 1900 τοῦ
620 1872 742 1900 τοιούτου
758 1871 900 1898 συνεστια-

112 1933 166 1956 σιν,
181 1922 231 1949 καὶ
244 1921 291 1948 ἐπὶ
307 1921 395 1949 ἄλλων
409 1921 458 1955 τὴν
479 1919 616 1956 σύμϐασιν
631 1919 782 1946 ποιούντων
798 1918 899 1953 ὁμοίοις

113 1971 159 1996 καὶ
175 1968 279 2002 (φιλίαν.

148 2014 244 2041 Ταῦτά
261 2022 301 2040 σοι
318 2013 367 2048 μὲν
390 2013 428 2042 ὡς
445 2011 579 2047 συμψύχῳ
603 2011 650 2038 καὶ
670 2011 800 2046 συμπόνῳ
819 2011 899 2045 ἡμεῖς

113 2062 185 2089 κατᾶ
203 2061 235 2087 τὸ
252 2060 363 2095 ἐφικτὸν
389 2058 590 2093 ἀνεπτύξαμεν.
605 2058 692 2088 Auro;
709 2057 738 2084 δὲ
757 2056 900 2092 μεταδοίης

113 2106 244 2141 ἀσφαλῶς
258 2107 314 2137 τοῖς
329 2105 538 2140 ἐπερωτήσασιν
557 2103 690 2138 ἀδελφοῖς.
709 2103 749 2130 Οὐ
762 2103 816 2137 γὰρ
827 2102 901 2129 πάν-

113 2161 173 2180 των
186 2153 205 2186 ἡ
221 2152 323 2184 πίστις
335 2159 343 2166 ·
352 2151 413 2177 οὐδὲ
424 2150 530 2181 πολλοῖς
547 2149 736 2185 ὲκπέφρασται
747 2149 782 2175 τὰ
792 2148 879 2175 τοιάδε
891 2155 899 2163 ·

113 2199 145 2225 οὑ
165 2199 246 2233 μόνον
254 2197 299 2224 διὰ
313 2197 363 2233 τὴν
375 2197 468 2223 ἄνοιαν
479 2196 532 2223 τῶν
541 2195 737 2231 ἀνομησάντων
749 2216 756 2227 ,
771 2194 839 2221 ἀλλὰ
854 2194 902 2220 καὶ

943 963 977 989 ab
1007 961 1166 989 orthodoxis
1193 961 1312 988 ordinati
1337 966 1412 993 sunt,
1436 969 1468 988 ac
1483 969 1530 996 per
1548 961 1732 995 ignorantiam

942 1009 1033 1035 cibum
1046 1012 1225 1042 sumpserunt
1235 1014 1297 1034 cum
1312 1006 1478 1042 presbyteris
1499 1006 1544 1041 qui
1565 1014 1626 1033 cum
1638 1006 1734 1034 eodem

943 1052 1114 1087 metropolita
1127 1053 1218 1080 cibum
1237 1057 1423 1087 sumpserant.

979 1099 1133 1134 Responsio.
1148 1113 1184 1119 ——
1197 1098 1335 1134 Scriptum
1356 1103 1416 1126 est:
1436 1098 1519 1126 Omne
1539 1098 1608 1133 quod
1621 1098 1648 1125 in
1663 1098 1737 1133 igno-

944 1145 1043 1177 rantia,
1071 1145 1284 1172 mandabitur".
1315 1144 1452 1178 Quocirca
1481 1144 1548 1171 nulli
1566 1151 1652 1178 [tuente
1674 1148 1736 1172 sunt

944 1189 1067 1217 obnoxii.

980 1234 1158 1270 Interrogatio
1178 1235 1246 1262 XVI.
1263 1250 1299 1255 ——
1315 1235 1351 1262 De
1379 1235 1546 1272 presbyteris
1561 1235 1733 1268 orthodoxis,

945 1285 1010 1315 puta
1028 1279 1177 1313 Hilarione,
1194 1286 1221 1308 et
1246 1280 1385 1308 Eustratio
1403 1282 1539 1309 monacho
1556 1291 1562 1309 :
1581 1281 1734 1309 habeantne

946 1329 1107 1359 potestatem
1122 1325 1282 1360 injungendi
1301 1326 1486 1360 pmnitentias.

981 1370 1134 1404 Responsio.
1149 1387 1184 1392 —
1195 1371 1254 1398 Jam
1274 1371 1376 1399 dictum
1391 1376 1434 1399 est
1449 1377 1475 1399 et
1493 1372 1521 1399 in
1534 1372 1736 1407 superioribus.

946 1415 1052 1450 iniungi
1069 1419 1206 1450 oportere.
1223 1415 1294 1449 Quia
1310 1425 1375 1444 vero
1392 1417 1481 1445 innuit
1494 1418 1683 1452 interrogatio,
1698 1425 1732 1444 an

946 1462 993 1497 qui
1021 1463 1148 1490 sacerdos
1172 1470 1226 1490 non
1249 1467 1301 1495 est,
1321 1464 1428 1496 debeat,
1444 1464 1490 1491 ubi
1515 1464 1664 1499 presbyteri
1681 1471 1734 1491 non

948 1511 1022 1538 sunt,
1047 1508 1190 1543 injungerc
1210 1513 1321 1543 propter
1341 1508 1420 1535 {idem
1442 1509 1620 1536 accedentis:
1637 1513 1736 1544 praeter

948 1553 990 1581 fas
1006 1560 1062 1580 non
1083 1558 1125 1581 est.
1142 1558 1172 1581 ut
1184 1555 1227 1582 vel
1250 1555 1367 1590 simplex
1385 1556 1538 1583 monachus
1563 1555 1738 1591 pcenitentias

947 1599 1080 1634 imponat.

982 1645 1161 1680 Interrogatio
1183 1645 1264 1673 XVII.
1279 1662 1309 1667 ——
1322 1647 1359 1674 De
1374 1649 1507 1675 monacho
1523 1648 1568 1682 qui
1596 1656 1644 1683 per
1663 1649 1738 1683 igno-

946 1691 1063 1719 rantiam
1073 1699 1181 1719 sacrum
1199 1692 1325 1719 habitum
1336 1694 1442 1728 accepit
1456 1702 1481 1721 a.
1501 1694 1659 1730 presbytero
1691 1703 1739 1729 per

947 1736 1102 1771 depositum
1123 1737 1261 1764 ordinato.

981 1781 1134 1816 Responsio.
1153 1783 1228 1810 —In
1253 1783 1307 1811 alio
1332 1784 1421 1819 capite
1445 1785 1548 1812 dictum
1561 1791 1628 1812 est:
1656 1786 1739 1813 Omne

946 1829 1016 1864 quod
1031 1836 1076 1862 per
1095 1829 1291 1864 ignorantiam,
1311 1831 1491 1858 mandabitur.
1506 1830 1561 1859 Nec
1580 1831 1642 1858 licet
1660 1840 1739 1859 aver-

947 1875 1002 1902 sari
1029 1881 1203 1902 communem
1245 1883 1307 1903 cum
1343 1877 1396 1904 isto
1431 1877 1535 1910 cibum,
1571 1886 1658 1912 neque
1688 1879 1740 1906 alia

948 1921 1074 1949 similiter
1125 1928 1185 1955 quae
1228 1921 1403 1948 concordiam
1439 1927 1468 1949 ct
1503 1923 1654 1950 amicitiam
1699 1924 1741 1951 fo-

950 1973 1021 1994 vent.

984 2015 1072 2049 Atque
1095 2015 1153 2041 ιιωο
1176 2014 1287 2048 quidem
1305 2015 1352 2041 tibi
1373 2018 1503 2049 tanquam
1517 2015 1640 2042 unanimi
1658 2020 1686 2043 et
1700 2016 1741 2042 la-

950 2060 1048 2087 borum
1065 2060 1141 2087 socio
1159 2068 1212 2087 nos
1232 2068 1281 2094 pro
1293 2061 1398 2088 viribus
1417 2061 1607 2096 explicuimus.
1623 2061 1663 2088 Tu
1678 2069 1743 2088 vero

951 2114 981 2133 ea
1011 2111 1091 2133 caute
1118 2106 1218 2134 tradito
1248 2106 1381 2134 fratribus
1412 2107 1458 2142 qui
1494 2107 1742 2142 interrogaverunt.

951 2153 1013 2180 Non
1035 2153 1105 2180 enim
1120 2153 1237 2179 onminm
1251 2159 1288 2180 est
1306 2153 1371 2187 ﬁdes
1382 2154 1423 2180 ‘7:
1448 2161 1536 2188 neque
1549 2153 1606 2181 haec
1622 2153 1743 2189 exposita

953 2204 1019 2226 sunt
1033 2198 1125 2226 multis
1142 2207 1150 2226 :
1164 2206 1218 2225 non
1237 2199 1319 2226 modo
1337 2203 1447 2234 propter
1468 2200 1632 2227 dementiam
1647 2207 1743 2227 eorum

114 2243 159 2270 διὰ
176 2245 241 2275 τοὺς
254 2243 426 2278 πειρασμοὺς
440 2242 494 2268 τῶν
514 2241 698 2276 κρατούντων.
718 2241 788 2268 Ἀνθ’
805 2238 842 2268 ὢν
872 2240 896 2266 δὲ

953 2245 999 2279 qni
1026 2244 1218 2279 deliquerunt;
1250 2245 1295 2272 sed
1324 2245 1407 2272 etiam
1439 2251 1550 2280 propter
1577 2246 1744 2274 tentationes

114 2289 139 2315 οι
151 2288 345 2315 εὐλαϐέστατοι
361 2287 567 2315 ἀπεστάλκασιν
581 2287 737 2314 ἀποστόλων
754 2286 858 2313 πολλῶν
872 2295 902 2312 τε

117 2334 164 2360 καὶ
179 2333 283 2365 καλῶν,
302 2332 462 2368 ἀμείψοιντο
478 2332 554 2367 παρὰ
569 2331 636 2358 Θεοῦ
650 2331 699 2366 τὴν
721 2331 800 2363 ἀξίαν
825 2330 903 2366 μισθ-

116 2379 275 2411 αποδοσίαν,
287 2379 336 2405 καὶ
350 2378 412 2406 τάδε
424 2377 470 2404 δύο
478 2377 646 2413 μαλακίσκια
657 2377 696 2408 εις
706 2377 855 2412 ὑπόμνημα
862 2386 904 2411 φι-

117 2423 187 2454 λίας.
206 2423 351 2459 Ἔρρωσθε
369 2423 398 2449 ὲν
424 2423 532 2458 Κυρίῳ,
558 2421 728 2456 τιμιώτατοι,
754 2421 903 2456 προσευχό-

118 2477 196 2503 μενοι
212 2469 283 2504 ὑπὲρ
308 2469 387 2504 ήμῶν
409 2468 464 2495 τῶν
493 2467 659 2503 ἁμαρτωλῶν
682 2467 718 2494 τὰ
739 2468 903 2501 κρείττονα,

118 2513 168 2541 καὶ
179 2515 308 2549 ἐχόμενα
323 2515 482 2549 σωτηρίας.

208 2614 276 2649 xtq'
290 2616 403 2651 (12}.—
427 2614 550 2649 Ἰωάννῃ
566 2615 710 2649 mane.
729 2615 835 2651 [war-1

956 2297 1051 2316 eorum
1067 2289 1113 2324 qui
1135 2289 1323 2317 dominantur.
1343 2289 1397 2317 Pro
1412 2290 1446 2317 iis
1460 2296 1551 2317 autent
1568 2291 1662 2318 multis
1676 2299 1745 2326 prae-

956 2333 1092 2368 clarisque
1119 2334 1282 2362 muneribus
1312 2343 1373 2369 qua:
1397 2335 1597 2369 religiosissimi
1621 2335 1746 2364 homines

956 2381 1104 2413 miserunt,
1137 2380 1245 2415 dignata
1272 2388 1287 2407 a
1314 2381 1369 2408 Deo
1398 2382 1645 2409 remunerationem
1674 2383 1747 2410 acci-

956 2427 1043 2460 piant.
1073 2433 1100 2453 et
1124 2426 1174 2453 has
1199 2427 1268 2454 duas
1289 2428 1432 2462 sportellas
1456 2428 1482 2455 in
1502 2427 1629 2455 amicitia:
1647 2436 1747 2455 monu-

958 2477 1091 2498 mentum.
1123 2471 1213 2499 Valctc
1240 2474 1267 2500 in
1297 2473 1421 2507 Domino,
1442 2474 1674 2507 reverendissimi,
1698 2482 1748 2509 pro

957 2517 1037 2544 nobis
1064 2519 1256 2552 peccatoribus
1279 2526 1421 2555 precantes
1443 2521 1552 2548 meliora
1578 2526 1601 2547 et
1621 2521 1748 2547 viciniora

956 2563 1037 2590 saluti
1048 2562 1078 2588 “‘.

1157 2620 1269 2648 CCXVI.
1288 2637 1322 2642 --
1339 2622 1437 2647 Jotmni
1454 2622 1554 2650 clerico.

444 2670 531 2696 Potius
540 2677 589 2695 non
600 2676 705 2701 peccare
715 2673 795 2699 curet,
813 2677 885 2701 quam
904 2672 984 2702 qualis
999 2680 1071 2704 poena
1092 2679 1195 2705 peccato
1213 2677 1343 2700 statuenda
1355 2677 1395 2700 sit.

155 2727 192 2754 Τδ
209 2726 260 2761 μὲν
270 2727 320 2762 τῆς
335 2728 446 2762 ἀγάπης
463 2735 510 2754 σου
526 2726 613 2762 δῶρον
628 2726 832 2762 ἀπεδεξάμεθα,
851 2728 910 2761 φίλε

1003 2730 1162 2759 Dilcctionis
1184 2737 1236 2759 tua:
1254 2739 1353 2759 munus
1371 2732 1535 2767 accepimus,
1557 2733 1642 2760 amice
1659 2734 1750 2761 since-

155 2794 178 2810 “
192 2793 280 2821 Levit.
298 2801 336 2826 tv,
355 2793 382 2820 2.
422 2793 443 2808 ¹⁷
458 2791 477 2819 ll
494 2792 590 2821 Thess.
613 2800 654 2826 in,
673 2791 699 2819 2.
740 2792 761 2807 ”
775 2791 858 2820 Hebr.
878 2801 913 2826 γι,
926 2794 952 2820 9.

883 2841 996 2869 ΝΟΤᾹῼ.

157 2886 211 2921 (Η)
229 2885 256 2914 ln
272 2887 335 2915 cod.
353 2885 418 2920 Reg.
435 2886 494 2914 1:0'.
