1927 3089
159 97 226 133 1655

752 97 782 129 S.
793 96 990 126 THEODORI
1006 96 1179 128 STUDlT/F

1727 97 1795 130 1656

156 154 279 183 rissime.
295 153 336 181 Ad
355 152 601 186 interrogationem
626 158 692 179 vero
706 155 792 185 tuam,
810 159 865 187 qua
879 151 950 179 scire

1009 153 1178 189 (νησιώτατε.
1203 152 1239 178 Τὸ
1261 151 1290 179 δὲ
1310 151 1416 187 αἴτημα
1442 152 1512 188 ὅπερ
1536 151 1594 194 (12)
1613 153 1708 188 ᾐτήσω
1725 154 1794 190 πρὸς

158 208 232 235 aves,
250 208 312 236 quae
338 207 419 235 poena
442 199 480 227 sit
502 199 612 231 luenda,
637 199 661 226 si
678 199 826 234 contigerit
844 205 870 227 te
886 207 950 227 cum

159 248 295 276 haereticis
323 247 478 279 convivari;
502 247 558 274 hoc
581 247 777 281 respondemus
796 247 849 274 :in
876 247 951 274 omni

158 292 269 328 quidem
285 296 397 327 peccato
412 295 535 326 paratam
547 299 609 319 esse
625 292 734 319 veniam
748 292 851 319 idonea:
863 291 952 327 ι)ωηὶ-

159 338 250 366 lentiae
270 347 277 366 :
297 343 425 366 caeterum
449 342 513 365 ante
541 343 684 372 peccatum
701 345 810 372 pte-nam
828 342 953 366 statuere

160 391 214 413 non
231 383 324 416 licere,
348 383 508 418 peccatique
528 382 640 417 ianuam
664 382 718 410 hoc
735 382 816 409 modo
833 383 951 417 aperire.

158 429 252 464 Neque
277 429 350 457 enim
369 428 392 456 si
417 428 608 463 perconteris:
632 427 661 454 Si
678 427 835 454 mmchatus
861 426 952 459 fuero,

159 475 231 511 quod
247 474 342 506 nolim,
359 481 485 509 quaenam
500 474 553 501 erit
566 474 663 508 poena?
675 474 708 501 de
721 474 773 500 hac
789 474 954 508 respondere

159 521 247 549 debeo
264 530 272 548 :
295 520 419 548 incitatio
435 520 507 547 enim
525 524 567 546 est
584 520 617 547 ad
641 520 821 554 peccandum.
842 520 895 547 Sed
915 520 954 547 ita

160 567 379 601 respondendum
403 570 465 594 est:
498 566 569 593 Cave
585 573 619 593 ne
645 571 786 600 peccatum
813 566 953 598 admittas.

159 613 288 648 pedemve
307 613 339 640 ad
364 613 480 648 lapidem
497 612 631 645 oﬂendas,
647 612 704 640 sive
722 612 873 645 intellectu,
897 612 955 640 sive

159 666 253 686 sensu.
282 658 332 686 Ubi
347 664 436 685 autem
460 657 621 691 oll'enderis,
646 662 711 685 tunc
732 658 854 686 medicus
872 658 953 686 obse—

160 704 246 733 cranti
267 708 293 731 et
310 704 453 739 pcenitenti
473 704 602 731 idoneum
627 704 658 730 ad
680 704 849 731 sanationem
866 711 955 732 reme-

160 750 235 778 dium
261 750 413 777 adhibebit.
446 749 510 777 Hmc
534 750 582 777 tibi
611 757 709 784 magna
724 757 786 776 cum
803 750 955 777 attentione

161 796 271 831 scripsi,
295 803 389 829 orans,
416 796 526 829 dilecte,
550 800 579 824 ut
601 795 635 823 ah
653 795 727 822 omni
753 795 825 823 malo
855 796 953 823 libere—

162 843 210 871 ris.

321 897 448 927 CCXVII.
463 913 498 919 --
515 897 654 925 Thomaidi
672 899 766 934 virgini
777 898 821 933 (‘).

1002 199 1043 231 τὸ,
1060 199 1108 225 ἐὰν
1121 198 1211 233 φθάσῃ
1225 197 1436 233 συνεστιαθῆναι
1460 199 1622 233 αἱρετικοῖς,
1639 199 1740 226 ειδέναι
1762 200 1794 227 τὸ

1003 244 1139 279 ἐπιτίμιον
1148 264 1154 276 ,
1175 244 1265 270 ἐκεῖνο
1279 243 1397 278 λέγομεν
1410 263 1418 276 ,
1432 244 1474 271 ὅτι
1490 243 1538 270 ἐπὶ
1549 244 1651 276 παντὸς
1668 245 1792 282 ἁμαρτή-

1005 297 1090 324 ματος
1104 289 1120 323 ὴ
1135 288 1276 322 ἀξιόλογος
1293 289 1423 323 μετάνοια
1443 288 1492 325 τὴν
1522 289 1696 325 συγχώρησιν
1718 291 1789 327 ἔχει·

1003 335 1033 360 οὐ
1052 334 1106 370 μὴν
1120 335 1173 370 πρὸ
1194 334 1242 360 τοῦ
1266 335 1466 370 ἁμαρτήματος
1486 335 1591 368 ἔξεστιν
1609 337 1735 372 ἐπιτίμια
1754 346 1796 365 τιε

1004 380 1089 411 Οέναι,
1108 380 1155 406 καὶ
1168 380 1285 414 ἀνοίγειν
1304 380 1430 408 ἐντεῦθεν
1453 381 1503 416 τὴν
1528 380 1614 416 θύραν
1639 382 1689 415 τῆς
1704 383 1797 418 ἁμαρο

1003 424 1073 456 τὶας.
1089 424 1156 451 Οὐδὲ
1172 425 1226 460 γὰρ
1243 425 1290 452 ἐὰν
1302 427 1453 462 ἐρωτήσῃς·
1467 427 1499 454 Εἰ
1512 427 1610 462 φθάσω
1627 428 1795 463 πορνεῦσαι,

1004 470 1042 502 ὡς
1056 471 1087 498 οὺ
1105 470 1249 507 βούλομαι,
1264 471 1292 498 τι
1303 473 1333 498 τὸ
1344 472 1500 508 ὲπιτίμιον;
1516 474 1569 509 χρή
1592 483 1626 509 με
1642 475 1796 511 ἀποκριθῆ‹

1004 517 1189 544 ναίσοιτάδε·
1207 518 1350 554 προτροπὴ
1374 518 1429 554 γὰρ
1453 519 1557 554 γίνεται
1579 520 1628 547 τοῦ
1650 521 1797 557 ἁμαρτεῖν.

1010 563 1090 590 Ἀλλὰ
1103 563 1182 590 τοῦτο
1194 564 1358 599 ἀποκριτέον
1367 573 1376 581 ”
1390 565 1435 600 Μὴ
1448 566 1560 601 ποιῆσαι
1578 566 1628 602 τὴν
1645 567 1797 602 ἁμαρτίαν,

1006 609 1074 644 μηδὲ
1090 610 1245 644 προσκόψαι
1262 610 1332 645 πρὸς
1355 610 1430 638 λίθον
1450 611 1496 638 τὸν
1518 611 1598 645 πόδα,
1612 613 1660 639 καὶ
1679 613 1797 648 νοητῶς,

1004 655 1053 681 καὶ
1071 655 1218 688 αἰσθητῶς.
1227 655 1311 682 Ὅταν
1319 656 1347 682 δὲ
1358 657 1529 694 προσκόψῃς,
1541 657 1602 685 τότε
1610 659 1625 685 6
1641 659 1732 694 ἰατρὸς
1742 667 1800 686 πα-

1005 700 1169 736 ρακαλοῦντι
1196 700 1245 727 καὶ
1273 702 1452 735 μετανοοῦντι
1467 702 1608 730 ὲπιδίὸωσι
1621 703 1652 730 τὸ
1663 703 1800 739 θεραπευ-

1004 746 1080 772 τικὸν
1097 746 1175 782 ἴαμα.
1191 746 1284 774 Ταῦτά
1293 755 1336 775 σοι
1351 748 1482 784 γέγραφα
1498 750 1547 777 σὺν
1563 749 1647 786 πολλῇ
1664 751 1799 786 προσοχῇ,

1006 791 1153 828 εὐχόμενος
1184 792 1318 827 ῥυσθῆναι
1345 802 1385 826 σε,
1413 795 1590 830 ἡγαπημένε,
1615 795 1670 822 ἀπὸ
1696 796 1800 829 παντὸς

972 847 994 875 Β
1006 839 1103 866 κακοῦ.

1045 896 1104 923 ΣιΖ¹
1118 896 1187 931 (15).
1205 912 1239 917 --
1255 897 1382 930 Θωματδι
1402 899 1640 935 παρθενευούσῃ.
1658 899 1761 936 [ωμζ’.]

581 954 620 979 De
637 960 668 980 eo
681 954 748 985 quod
761 961 918 986 nequaquam
937 953 1009 980 latria
1019 952 1110 978 colitur
1121 953 1203 985 imago
1218 953 1326 979 Domini.

198 1009 416 1044 Propositionem
453 1009 614 1037 reverentia:
645 1015 717 1041 tuae,
744 1017 777 1037 ex
806 1010 866 1036 viva
891 1016 957 1036 voce

163 1055 310 1084 admodum
331 1055 486 1082 honorandi
500 1055 606 1083 domini
626 1055 757 1082 archiatri
777 1054 856 1082 latus
882 1062 957 1082 acce-

163 1100 202 1136 pi,
227 1105 322 1135 utpote
345 1108 360 1128 a
378 1101 532 1136 propinquo
548 1101 648 1136 Deique
665 1105 774 1128 amante
789 1101 955 1136 expositam.

162 1146 218 1174 Nec
230 1153 328 1174 recuso
340 1146 383 1173 vel
401 1154 415 1173 a
432 1146 533 1173 femina
548 1147 655 1174 discere
671 1147 808 1174 interdum
822 1146 896 1181 quod
913 1153 958 1173 me

164 1193 239 1220 latet.
256 1194 383 1221 Attamen
394 1193 428 1220 de
443 1193 662 1222 venerandarum
687 1193 838 1228 imaginum
857 1192 958 1220 adora-

163 1241 249 1272 tione,
277 1240 367 1274 qualis
389 1246 451 1267 esse
479 1239 588 1272 debeat,
613 1240 759 1274 ignorasse
774 1246 829 1266 non
851 1239 955 1267 videor.

164 1284 220 1313 Nos
236 1286 339 1320 itaque,
355 1285 601 1314 reverendissima.
619 1291 649 1312 ut
665 1285 698 1312 de
717 1285 779 1312 aliis
794 1285 820 1312 in
837 1292 957 1319 praesens

163 1332 256 1359 dicere
279 1332 423 1364 omittam,
452 1331 598 1366 imaginem
630 1331 739 1358 Domini
777 1331 864 1359 nostri
892 1330 957 1358 Iesu

165 1378 266 1406 Christi
279 1378 320 1405 sic
336 1378 496 1409 adoramus,
513 1383 542 1405 ut
560 1378 650 1413 ipsum
668 1377 815 1405 Dominum
834 1383 958 1405 nostrum

164 1424 257 1454 Jesum
276 1424 430 1455 Christum.
463 1423 523 1452 Hoc
539 1429 641 1456 autem,
655 1424 742 1457 Sicut,
768 1423 958 1452 similitudinis

164 1474 216 1502 est,
230 1477 284 1497 non
299 1470 515 1498 conﬁrmationis
528 1478 535 1497 :
552 1469 686 1504 alioquin,
701 1476 755 1496 non
774 1469 865 1503 imago
879 1467 959 1495 Chri-

165 1516 211 1549 sti,
224 1517 271 1543 sed
284 1515 410 1544 Christus
434 1517 493 1550 ipse
503 1520 588 1543 esset.
611 1515 646 1545 At
665 1522 730 1543 vero
749 1515 840 1550 imago
854 1514 958 1542 Christi

165 1567 206 1589 est
221 1571 227 1589 :
242 1567 269 1589 et
284 1562 329 1589 ille
341 1562 367 1588 in
382 1569 431 1589 sua
441 1562 559 1597 imagine
573 1561 704 1589 adoratus
718 1566 771 1592 est,
787 1567 814 1589 et
829 1566 959 1596 tanquam

165 1608 280 1638 alterum
298 1608 325 1634 in
346 1607 433 1635 altero
458 1613 500 1635 est
520 1612 658 1635 ostensus.
675 1608 721 1634 Ait
741 1608 814 1635 enim
836 1607 959 1643 Chryso-

1043 1007 1204 1043 Περιχαρῶς
1217 1008 1352 1045 ἐδεξάμην
1363 1009 1414 1044 τὴν
1429 1010 1562 1045 πρότασιν
1580 1010 1631 1045 τῆς
1641 1011 1800 1047 τιμιότητός

1009 1061 1067 1086 σου,
1085 1052 1130 1079 διὰ
1147 1054 1238 1088 φωνῆς
1255 1053 1346 1089 ζώσης
1360 1054 1408 1082 τοῦ
1426 1055 1578 1091 ὑπερτιμου
1593 1056 1691 1092 κυρίου
1701 1057 1799 1093 ἀρχιής

1007 1107 1084 1133 τρου,
1104 1098 1153 1125 ἅτε
1165 1098 1243 1134 παρὰ
1257 1100 1408 1134 συγγενοῦς
1432 1101 1477 1127 καὶ
1501 1100 1643 1135 θεοιριλοῦς
1667 1110 1801 1137 προσφω-

1008 1142 1146 1178 νηθείσης.
1162 1143 1216 1169 Καὶ
1233 1144 1283 1170 οὐκ
1296 1144 1483 1180 ἀπαναίνομαι
1506 1146 1553 1173 καὶ
1575 1146 1651 1182 παρὰ
1669 1148 1802 1181 γυναικὸς

996 1191 1156 1226 ’μανθάνειν
1170 1190 1227 1217 ἔσθ’
1245 1191 1290 1218 ὅτε
1302 1192 1332 1219 τὸ
1343 1191 1485 1220 λανθάνον.
1500 1194 1538 1219 Ub
1554 1193 1607 1229 μὴν
1619 1193 1691 1220 δοκῶ
1699 1194 1802 1230 ἠγνοη-

1008 1236 1086 1263 κέναι
1099 1236 1149 1272 τὴν
1171 1236 1236 1273 περὶ
1261 1237 1316 1264 τῶν
1338 1238 1445 1264 σεπτῶν
1468 1238 1580 1265 εἰκόνων
1601 1240 1802 1275 προσκύνησιν,

1008 1283 1081 1315 ὅπως
1095 1283 1198 1318 ὀφείλει
1210 1283 1294 1311 εἶναι.
1317 1283 1414 1319 Ἡμεῖς
1430 1284 1587 1320 τοιγαροῦν,
1598 1282 1620 1312 ὧ
1634 1286 1802 1322 τιμιωτάτη.

1009 1329 1052 1356 ἵνα
1066 1329 1132 1365 περὶ
1146 1329 1201 1356 τῶν
1217 1329 1306 1356 ἄλλων
1321 1329 1395 1356 ἐάσω
1413 1330 1443 1357 τὺ
1465 1331 1553 1366 παρὸν
1573 1331 1679 1366 λέγειν,
1696 1333 1746 1368 τὴν
1759 1334 1804 1360 εἰ·

1009 1376 1075 1402 κύνα
1092 1376 1139 1402 τοῦ
1153 1377 1255 1412 Κυρίου
1271 1377 1352 1412 ἡμῶν
1373 1377 1460 1413 Ἰησοῦ
1478 1379 1598 1414 Χριστοῦ
1615 1380 1701 1412 οὕτως
1716 1389 1805 1417 προσ-

1011 1422 1156 1457 κυνοῦμεν,
1177 1422 1215 1454 ὡς
1231 1423 1313 1450 αὐτὸν
1329 1423 1432 1458 Κύριον
1449 1424 1530 1460 ἡμῶν
1553 1425 1659 1459 Ἰησοῦν
1670 1426 1803 1461 Χριστόν.

1011 1467 1047 1493 Τὸ
1060 1467 1099 1498 δὲ,
1121 1468 1179 1501 Ὧς,
1194 1468 1274 1495 τοῦτο
1289 1468 1445 1503 ὁμοιώσεώς
1464 1470 1549 1502 ἐστιν,
1562 1471 1619 1498 ἀλλ’
1633 1472 1663 1498 οὺ
1684 1472 1805 1507 βεϐαιώ-

1012 1521 1098 1544 σεως·
1117 1513 1133 1549 ἢ
1162 1513 1217 1549 γὰρ
1241 1514 1286 1547 ἂν,
1306 1515 1357 1542 οὐκ
1388 1515 1472 1544 εἰκὼν
1490 1516 1621 1552 Χριστοῦ,
1640 1517 1698 1544 ἀλλ’
1720 1519 1805 1551 αὐτὸς

1011 1560 1129 1594 Χριστός
1145 1560 1228 1587 ἐστιν.
1252 1560 1331 1589 Ἀλλὰ
1346 1562 1400 1597 μὴν
1415 1561 1498 1588 εἰκὼν
1515 1563 1635 1597 Χριστοῦ
1656 1564 1742 1596 ἐστιν,
1754 1566 1806 1592 καὶ

1012 1607 1041 1633 ἐν
1058 1607 1091 1642 τῇ
1103 1606 1187 1633 αὐτοῦ
1198 1607 1283 1634 εικόνι
1295 1607 1527 1643 προσκεκύνηται,
1542 1609 1590 1635 καὶ
1603 1608 1642 1641 ὡς
1661 1609 1756 1644 ἕτερον
1774 1611 1808 1637 ὲν

166 1656 271 1679 stomus
284 1652 326 1680 ”:
346 1660 356 1677 ι
374 1651 435 1679 Vidi
451 1652 579 1687 angelum
598 1653 625 1679 in
644 1652 787 1688 imagine:
809 1661 819 1678 ι
845 1659 872 1680 et
892 1653 959 1680 Grec

1011 1654 1098 1689 ὲτέρῳ
1109 1653 1254 1680 δέδεικται.
1266 1654 1335 1689 Φησὶ
1355 1654 1409 1689 γὰρ
1428 1655 1443 1680 6
1469 1655 1662 1690 Χρυσόστομος
1673 1663 1681 1671 ο
1696 1665 1706 1682 ι
1725 1653 1807 1683 Εἶδον

165 1698 259 1734 gorius
278 1697 434 1733 Theologus
447 1706 558 1726 rursum
568 1699 591 1714 ὀ
608 1708 614 1726 :
638 1708 648 1724 ι
663 1698 739 1726 Hanc
751 1703 842 1726 autem
857 1699 960 1727 intente

164 1745 350 1781 prospiciebat
362 1745 491 1773 Polemon
506 1745 534 1772 in
552 1745 681 1781 imagine.
707 1756 716 1771 ι
738 1746 822 1781 Igitur
836 1751 863 1774 et
877 1746 959 1774 Chr’i-

165 1795 226 1819 stus
241 1791 268 1818 in
285 1798 317 1819 ea
342 1790 462 1825 imagine
488 1791 613 1818 cernitur
634 1795 661 1818 et
677 1791 807 1818 adoratur
826 1799 833 1820 :
862 1799 957 1819 verum

165 1835 217 1862 etsi
234 1842 283 1869 per
309 1834 542 1868 similitudinem;
564 1842 617 1861 non
633 1839 722 1862 tamen
741 1835 812 1869 ideo,
823 1835 888 1871 quia
901 1836 959 1871 ipse

167 1882 298 1909 aduratur
316 1885 344 1908 et
357 1881 415 1916 ipse
426 1881 506 1909 latria
519 1881 629 1913 colitur,
648 1881 739 1917 imago
752 1883 829 1910 latria
845 1883 958 1912 colenda

165 1931 230 1954 est:
249 1926 387 1961 siquidem
404 1926 509 1953 nullum
529 1926 600 1954 foret
613 1926 763 1954 discrimen
788 1927 916 1962 imaginis
931 1934 959 1957 et

165 1973 314 2008 prototypi.
333 1972 428 2008 Itaque
453 1973 510 2000 haec
531 1979 595 2000 sunt
610 1973 675 2006 duo,
691 1974 818 2001 essentia;
829 1974 958 2003 diﬂ‘eren-

165 2018 215 2051 tia,
237 2019 284 2046 sed
312 2026 367 2047 non
391 2019 549 2054 hypostasis
577 2020 764 2048 similitudine.
791 2020 832 2048 Ad
850 2022 917 2052 haec,
933 2021 957 2049 si

166 2066 224 2096 sola
245 2066 366 2094 Trinitas
381 2066 459 2094 latria
472 2067 584 2099 colitur,
604 2075 660 2102 quo
679 2072 760 2102 pacto
773 2071 856 2102 queat
874 2068 957 2096 etiam

166 2112 257 2146 imago
281 2111 360 2141 latria
381 2113 453 2140 coli?
467 2113 638 2148 quaternitas
661 2114 734 2141 enim
751 2113 823 2141 facta
836 2113 958 2142 Trinitas

165 2157 329 2192 invenietur,
353 2159 494 2187 additione
515 2163 654 2193 suscepta,
670 2160 742 2195 quod
765 2160 879 2195 impium
903 2166 956 2188 est.

167 2205 245 2238 Quod
260 2206 282 2233 si
294 2206 402 2241 proprie
415 2214 448 2234 ac
462 2207 639 2241 peculiariter
653 2207 734 2234 habet
748 2207 840 2243 imago
854 2208 956 2236 Christi

166 2257 197 2280 ut
223 2252 303 2279 latria
317 2252 429 2280 colenda
447 2252 499 2285 sit;
520 2252 573 2280 hoc
595 2253 678 2280 etiam
695 2253 776 2280 modo
796 2254 882 2281 latria:
897 2255 958 2282 duae

165 2298 353 2333 deprehensas,
370 2299 404 2326 ad
422 2303 555 2326 creaturae
569 2299 672 2326 cultum
684 2307 733 2326 nos
750 2300 895 2333 adducent,
907 2307 956 2335 pe-

166 2343 244 2371 rinde
266 2351 298 2371 ac
323 2344 436 2371 hmresis
461 2344 638 2372 Arianorum.
665 2344 718 2372 Sed
735 2352 821 2380 apage
843 2345 957 2379 impium

166 2396 288 2417 sensum.
304 2389 342 2416 Te
352 2397 418 2417 vero
429 2390 519 2418 bonus
533 2388 605 2417 Deus
618 2394 712 2417 noster
726 2394 816 2417 servet
832 2390 955 2424 illaesam,

166 2440 192 2462 et
209 2435 270 2462 sine
290 2436 452 2467 oll‘ensione,
476 2441 534 2463 tum
551 2436 580 2463 in
604 2436 755 2464 orthodoxa
772 2436 835 2469 ﬁde,
854 2441 912 2463 tum
930 2437 957 2464 in

166 2482 282 2512 honesta
312 2483 374 2511 vitae
401 2484 569 2517 conditione,
597 2492 679 2519 quam
703 2492 752 2521 per
771 2484 956 2520 virginitatem

166 2529 284 2565 elegisti,
298 2535 328 2557 ut
343 2530 450 2565 placeas
466 2531 590 2558 Domino.

212 2658 233 2674 "
248 2657 370 2686 Sermo‘l
391 2658 425 2685 de
435 2658 553 2687 diversis
566 2659 713 2695 utriusque
741 2660 911 2689 'l'cstamenti
927 2659 1007 2688 locis.

1013 1699 1129 1734 ἄγγελον
1142 1701 1171 1726 ἐν
1186 1699 1270 1726 εἰκόνι
1283 1708 1289 1714 ·
1311 1709 1320 1725 ι
1336 1700 1384 1726 καὶ
1399 1701 1412 1726 ὁ
1427 1699 1559 1734 Θεολόγος
1579 1700 1730 1736 Γρηγόριος
1747 1701 1806 1728 τεά-ι

1012 1745 1054 1772 λιν
1070 1753 1076 1759 ·
1096 1754 1105 1770 ι
1123 1745 1163 1779 Τῇ
1177 1744 1199 1770 δ’
1211 1742 1245 1780 ἦν
1261 1745 1445 1780 ὑπερκύπτων
1474 1745 1605 1781 Πολέμων
1631 1746 1661 1773 ὲν
1675 1747 1769 1774 εἰκόνι.
1792 1757 1804 1772 ι

1013 1791 1118 1818 Οὐκοῦν
1133 1792 1181 1818 καὶ
1200 1792 1215 1818 6
1234 1792 1353 1827 Χριστὸς
1378 1793 1407 1818 ὲν
1418 1793 1450 1828 τῇ
1463 1792 1556 1828 ἐκείνῃ
1572 1792 1623 1829 [αι.
1640 1794 1743 1830 οἰκείᾳ]
1762 1795 1806 1821 ει-

1011 1837 1071 1865 κόνι
1087 1837 1134 1863 καὶ
1146 1837 1288 1872 ὁρώμενος
1303 1838 1361 1864 ἐστι
1388 1838 1436 1864 καὶ
1462 1839 1711 1874 προσκυνούμενος.
1732 1839 1806 1867 Ἀλλ’

1012 1883 1036 1908 εἰ
1048 1882 1096 1909 καὶ
1110 1883 1321 1918 ὁμοιωματικώς
1333 1904 1341 1916 ,
1357 1884 1443 1920 ὅμως,
1454 1885 1495 1913 ὃτι
1506 1885 1588 1917 αὐτὸς
1608 1887 1808 1920 προσκυνεῖται

1012 1929 1060 1956 καὶ
1086 1929 1168 1961 αὐτὸς
1193 1929 1366 1964 λατρεύεται,
1388 1931 1418 1957 οὺ
1446 1930 1500 1966 μὴν
1516 1931 1533 1966 ἡ
1549 1930 1631 1958 εἰκὼν
1648 1932 1732 1959 αὐτοῦ
1756 1932 1807 1959 λιι-

1011 1975 1111 2010 τρευτὴ
1138 1983 1145 1990 ·
1157 1975 1218 2003 ἐπεὶ
1232 1975 1309 2003 οὐδὲν
1323 1976 1453 2012 διάφορον
1475 1977 1580 2009 εἰκόνος
1598 1977 1647 2005 καὶ
1663 1979 1807 2013 πρωτοτύη

1012 2029 1075 2047 που.
1090 2020 1220 2054 Καίτοι-τε
1233 2020 1321 2048 ταῦτα
1335 2021 1392 2054 δύο,
1405 2023 1437 2057 τῇ
1448 2022 1624 2058 διαφορότητι
1636 2023 1687 2059 τῆς
1698 2024 1805 2056 οὐσίας,

1012 2067 1042 2094 οὐ
1056 2067 1243 2103 τῇὸμοιότητι
1266 2069 1315 2102 τῆς
1343 2069 1529 2101 ὑποστάσεως.
1549 2069 1676 2100 Ἔπειτα.
1701 2071 1750 2097 καὶ
1779 2073 1806 2099 ει

1012 2113 1097 2147 Τριάς
1119 2113 1186 2148 μόνη
1203 2113 1262 2139 ἐστὶ
1285 2113 1483 2150 λατρευομένη,
1503 2115 1560 2147 πῶς
1581 2115 1682 2143 δύναιτ*
1698 2117 1732 2143 ἂν
1755 2117 1807 2144 καὶ

1011 2160 1028 2192 ἡ
1044 2158 1127 2185 εἰκὼν
1154 2159 1352 2194 λατρεύεσθαι;
1379 2160 1558 2196 εὑρεθήσεται
1586 2161 1641 2197 γὰρ
1659 2163 1760 2198 τετρὰς
1785 2164 1804 2201 ή

1011 2205 1107 2239 Τριᾰις,
1124 2204 1285 2240 προσθήκην
1315 2205 1450 2241 δεξαμένη
1464 2214 1471 2222 ·
1491 2206 1560 2242 ὅπερ
1587 2207 1663 2234 ἐστὶν
1691 2208 1804 2241 ἀσεὸές.

1013 2250 1043 2277 Εἰ
1055 2251 1083 2277 δὲ
1099 2251 1146 2277 καὶ
1162 2250 1315 2283 ἰδιαζόντως
1331 2252 1388 2287 ἔχει
1400 2252 1430 2279 τὺ
1442 2253 1591 2288 λατρευτὸν
1604 2255 1620 2289 ὴ
1638 2253 1721 2283 εἰκὼν
1733 2255 1806 2291 Χρι-

1013 2296 1075 2323 στοῦ
1088 2304 1094 2311 ·
1110 2297 1157 2323 καὶ
1180 2296 1252 2324 οὕτω
1266 2297 1313 2324 δύο
1326 2297 1449 2333 λατρεῖαι
1471 2299 1666 2335 εὑρισκόμεναι
1691 2301 1731 2332 εις
1747 2309 1805 2328 κτι-

1013 2342 1215 2377 σματολατρῐαν
1229 2343 1302 2377 ἡμᾶς
1312 2343 1453 2377 ἀγάγοιεν,
1463 2344 1560 2379 ἐπίσης
1573 2345 1622 2380 τῆς
1631 2345 1686 2372 τῶν
1694 2346 1803 2381 ’Δρεια-

1010 2387 1062 2413 νῶν
1079 2388 1222 2423 αἱρέσεως.
1246 2389 1315 2418 Ἀλλ’
1325 2389 1416 2423 ἄπαγε
1426 2389 1474 2416 τοῦ
1487 2390 1603 2422 ἀσεϐοῦς
1613 2391 1802 2427 φρονήματος.

1011 2434 1044 2463 Σὲ
1060 2434 1088 2460 δὲ
1106 2434 1121 2460 6
1135 2434 1239 2468 ἀγαθὸς
1255 2435 1321 2466 Θεὸς
1341 2436 1421 2470 ἡμῶν
1432 2436 1643 2471 περιφυλάξειεν
1657 2438 1738 2472 ἀσινῆ
1753 2438 1804 2468 καὶ

1010 2481 1185 2515 ἀπρόσκοπον
1199 2482 1232 2515 τῇ
1247 2490 1276 2507 τε
1300 2481 1435 2518 ὀρθοδὸξῳ
1459 2482 1561 2516 πίστει,
1579 2484 1625 2510 καὶ
1652 2484 1684 2519 τῇ
1701 2492 1803 2519 σεμνο-

1011 2527 1112 2561 πρεπεῖ
1127 2527 1261 2562 πολιτείᾳ,
1275 2527 1309 2561 ἥν
1334 2527 1379 2553 διὰ
1403 2528 1552 2563 παρθενίας
1574 2529 1712 2565 προείλου,
1731 2529 1803 2566 πρὸς

1011 2573 1193 2608 εὐαρέστησιν
1208 2573 1323 2608 Κυρίου.

1059 2660 1081 2675 ’⁸⁵
1098 2660 1186 2690 lamb.
1205 2660 1246 2688 18.

924 2747 1039 2777 NOTAE.

195 2823 229 2864 (‘)
246 2823 414 2860 Dogniatica.

1055 2826 1111 2862 (15)
1133 2826 1161 2854 in
1184 2828 1246 2857 rod.
1261 2828 1327 2864 lica.
1346 2830 1396 2858 σι’.
