1927 3089
109 156 177 189 165⁸1
686 156 805 181 tsmsn

192 211 266 239 ZlH'.
283 210 385 247 (14)-
399 209 551 245 Δημητρίῳ
577 207 693 242 ὑπάτῳ.
705 205 805 243 [χμβ¹.]

686 149 952 181 EPISTULARUM
974 149 1048 180 LIB.
1062 149 1104 180 ll.

1669 150 1737 183 1658

1085 204 1223 233 CCXVIII.
1237 219 1273 225 -—
1289 204 1422 233 Demetrio
1437 205 1538 233 consuli
1550 205 1595 242 (‘).

107 279 297 307 Constantinum
309 280 377 306 Iron.
390 281 425 305 tit.
438 279 470 306 ob
480 281 580 311 nuptias
593 279 746 306 adulterinas
759 277 992 339 meritoﬂﬂrerggsestg
1001 277 1108 302 alterum
1124 277 1182 307 dici,
1194 279 1303 302 attamen
1315 277 1394 308 ipsius
1403 278 1559 302 mentionem
1572 278 1597 302 in
1613 283 1642 302 re
1652 277 1736 302 divina

865 316 878 333 (Β
992 326 997 332 .

865 316 902 333 (“'1
913 316 988 333 DOSSC
992 326 997 332 .

145 365 253 402 Μιαροῦ
266 366 314 393 καὶ
326 373 459 402 προτερον
472 366 517 394 διὰ
530 366 577 393 τοῦ
602 366 766 401 γράμματος
793 364 893 392 ἀπελο-

107 413 317 448 γησάμεοα,ὠς
332 413 416 449 πολλὴ
443 414 490 440 καὶ
514 414 583 449 ὑπὲρ
605 414 655 449 τὴν
681 413 760 446 ἀξίαν
784 413 863 448 ἡμῶν
878 413 896 448 ἡ

107 459 202 490 πίστις
219 467 276 489 σου,
306 458 439 491 Δέσποτα,
454 458 472 492 ἥ
494 466 523 484 τε
545 458 611 493 τιμὴ
638 459 685 485 καὶ
705 459 722 493 ἡ
745 458 895 492 ἀγάπησις.

114 505 212 540 Ἦμεῐς
226 504 255 531 δὲ
269 503 318 539 οὐχ
342 503 428 536 οὕτως
457 504 541 539 ἐσμὲν
567 503 641 531 καθὰ
670 504 894 539 ὕπολαμὸάνετε·

109 550 167 578 ἀλλ’
183 549 342 585 ἁμαρτωλοὶ
358 550 398 582 είς
412 549 490 576 οὐδὲν
509 549 615 584 ἑφελος.
634 548 698 577 οὔτε
728 550 804 583 ὑμῖν,
833 550 897 577 οὔτε

110 595 164 630 μὴν
183 595 274 626 ἄλλοις
292 595 471 630 ὑπάρχοντες.
487 595 537 630 Είη
552 594 580 622 δὲ
606 595 670 630 ὑμῖν
693 595 764 621 κατὰ
782 595 832 630 τὴν
849 603 898 621 πε-

109 641 237 675 ποίθησιν
248 642 263 668 ὁ
279 641 375 675 μισθὸς
390 642 437 668 καὶ
451 642 465 668 ὁ
480 641 555 673 ἔλεος
568 641 644 677 παρὰ
661 642 779 677 Κυρίου,
803 643 852 668 σὺν
862 643 896 678 τῇ

109 687 194 722 κυρίᾳ
207 687 356 723 ὑπατίσσῃ,
367 688 416 714 καὶ
433 688 489 719 τοϊς
513 688 653 722 εὐγενέσιν
673 688 750 723 ὑμῶν
770 687 896 720 κλάδοις·

108 731 148 761 ὧν
162 734 266 765 καὶτὰς
279 733 436 769 προσφορὰς
447 733 589 768 δεξάμενοι
599 734 828 770 προσηνέγκαμεν
841 735 899 761 Κυ-

110 779 162 815 ρίῳ
171 780 207 805 τὰ
221 780 398 814 χαριστήρια.
419 779 489 806 Ἀλλ’
501 779 548 806 ἐπὶ
558 779 590 806 τὸ
605 781 768 815 κατεπεῖγον
780 781 795 806 ὁ
807 780 896 814 λόγος.

115 825 318 861 Ἐλυπήθησαν.
329 826 407 862 φησὶ,
420 827 490 858 τινὲς
502 826 546 853 διὰ
556 826 602 853 τὸν
617 826 745 862 δεύτερον
760 826 898 862 Ἡρώδην,

108 873 151 900 ὅτι
162 871 300 908 ὀρθόδοξος
316 870 351 908 ἧν
364 873 412 900 καὶ
428 873 445 907 ἡ
466 873 614 908 Ἐκκλησία
625 873 790 909 μνημονεύει
803 873 898 900 αὐτοῦ.

109 918 223 954 Πρῶτον
240 918 289 954 μὲν
309 918 431 954 Ἡρώδην
445 918 561 955 σύνηθες
576 919 666 953 λέγειν
680 920 745 951 τοὺς
763 919 899 955 κρατοῦν-

107 972 158 995 τας
169 972 176 979 ·
196 963 269 990 καθά
282 972 364 1000 φησιν
374 965 387 990 ὁ
404 964 534 998 Θεολόγος
546 972 553 979 ·
572 973 582 990 ι
605 964 669 992 Ἐὰν
687 965 795 1001 Ἡρώδῃ
809 974 900 1000 παρα-

981 363 1014 390 Ει
1034 364 1115 399 paulo
1139 368 1219 392 antea
1242 372 1292 399 per
1310 364 1416 392 litteras
1438 366 1735 398 commemoravimus.

945 415 1048 445 quanta
1067 415 1141 438 esset
1164 416 1190 438 et
1209 419 1291 446 quam
1310 419 1393 446 supra
1409 412 1536 438 meritum
1562 417 1686 440 nostrum
1704 412 1738 440 tl-

946 456 1026 484 ducia
1052 461 1108 489 tua,
1135 456 1260 489 Domine,
1286 457 1460 485 observantia
1472 457 1548 486 item.
1566 465 1598 484 ac
1612 458 1735 486 dilectio.

946 501 1002 530 Nos
1017 510 1084 529 vero
1100 510 1154 530 nou
1170 503 1188 529 ii
1203 510 1300 530 sumus
1317 511 1388 538 quos
1401 510 1464 530 esse
1481 504 1667 536 arbitramini,
1689 504 1736 532 sed

947 553 1116 582 peccatores.
1146 556 1264 583 quorum
1291 547 1382 575 inanis
1418 553 1477 574 tum
1503 547 1582 575 vobis
1602 553 1659 575 tum
1675 548 1737 576 aliis

947 601 1029 629 opera
1043 598 1094 621 est.
1107 593 1149 621 Sit
1163 599 1253 622 autem
1264 593 1341 621 vobis
1353 592 1505 621 secundum
1522 593 1601 620 ﬁdem
1618 598 1737 621 vestram

947 647 1053 668 merces
1080 645 1108 667 et
1132 640 1321 668 misericordia
1350 647 1366 668 a
1389 640 1518 673 Domino,
1545 647 1607 668 cum
1626 640 1737 668 domina

948 686 1113 718 consulissa,
1127 686 1268 722 nobilique
1287 687 1381 714 sobole
1400 692 1490 714 vestra
1504 697 1511 715 :
1526 695 1644 722 quorum
1661 687 1738 715 obla-

948 733 1070 760 tionibus
1087 733 1206 768 acceptis
1226 734 1377 762 obtulimus
1399 733 1514 761 Domino
1536 742 1661 762 munera.
1681 734 1734 761 Sed

949 779 982 806 ad
1000 779 1137 814 negotium
1158 787 1258 814 urgens
1270 787 1303 806 ac
1317 780 1502 807 necessarium
1518 780 1607 808 oratio
1621 788 1738 808 conver-

951 829 1033 852 tatur.
1048 825 1132 860 IEgre
1143 824 1196 852 fuit
1214 825 1363 859 nonnullis,
1379 826 1478 861 inquit,
1501 826 1537 853 ob
1550 825 1683 853 Herodem
1701 826 1741 853 al-

949 875 1051 904 terum,
1074 872 1147 907 quod
1162 872 1331 900 orthodoxus
1349 872 1441 906 fuerit,
1460 877 1487 900 et
1500 872 1623 900 Ecclesia
1647 873 1739 907 ipsum

949 922 1155 944 commemoret.
1169 917 1292 944 Primum
1307 917 1428 952 quidem,
1444 918 1556 946 solenne
1567 923 1611 945 est
1622 917 1740 945 Herodis

951 963 1130 997 appellatione
1152 963 1290 998 principes
1314 963 1446 991 indicare.
1467 963 1507 991 Ad
1529 971 1611 998 quem
1629 963 1739 992 modum

109 1012 187 1046 στῇς,
201 1011 350 1046 σιώπησον,
366 1021 375 1037 ι
391 1011 506 1038 Ἔπειτα
528 1011 716 1038 σκοπείτωσαν
740 1012 766 1038 οί
780 1012 898 1046 ἐπισκή-

954 1008 1105 1044 Tlieplogus
1120 1009 1158 1036 ait
1172 1018 1179 1037 :
1197 1019 1207 1035 ι
1226 1009 1255 1036 Si
1279 1017 1372 1037 coram
1388 1010 1494 1037 Herode
1511 1010 1631 1043 steteris,
1648 1010 1709 1037 sile.
1727 1019 1737 1036 ι

108 1065 235 1088 πτοντες.
255 1057 281 1083 εἰ
311 1055 348 1092 μὴ
370 1056 483 1088 είκότως
505 1057 523 1092 ἠ
537 1056 716 1093 ἀφομοίωσις.
739 1057 769 1084 '0
789 1057 900 1092 πρῶτος

117 1102 242 1138 Ἡρώδης
255 1103 373 1136 γυναῖκα
384 1101 453 1137 ἔχων
465 1102 515 1138 τὴν
524 1101 665 1138 Θυγατέρα
681 1101 779 1137 Ἀρέτα
788 1101 836 1129 τοῦ
850 1101 900 1136 βα-

110 1148 219 1180 σιλέως,
235 1147 283 1174 καὶ
309 1147 413 1183 ταύτην
439 1147 573 1180 ἐκϐαλὼν,
593 1148 688 1184 είληφε
712 1148 762 1184 τὴν
780 1148 900 1183 γυναῖκα

108 1193 244 1220 Φιλίππου
257 1193 306 1220 τοῦ
325 1192 443 1228 ἀδελφοῦ
457 1193 541 1220 αὐτοῦ
568 1194 608 1226 είς
627 1194 755 1230 δεύτερον
777 1195 901 1221 συνοικέ-

111 1248 187 1266 σιον·
205 1240 254 1266 καὶ
269 1239 363 1274 ἐπειδὴ
383 1238 459 1274 παρὰ
493 1239 539 1265 τὸν
558 1239 640 1274 νόμον
654 1240 744 1271 τοῦτο,
757 1240 899 1276 ἐλέγχεται

111 1285 166 1311 ὑπὸ
180 1284 227 1311 τοῦ
241 1283 398 1319 Προδρόμου
409 1291 417 1300 ·
432 1285 479 1311 καὶ
491 1284 530 1318 μὴ
543 1284 633 1319 φέρων
643 1285 688 1312 τὸν
697 1285 819 1320 ἔλεγχον,
830 1285 901 1313 κτεί-

111 1339 152 1357 νει
166 1331 213 1357 τον
224 1330 378 1365 προφήτην.
395 1327 462 1357 Εἶτα
485 1330 554 1365 μετὰ
578 1330 677 1365 μικρὸν
695 1331 747 1358 ὑπὸ
760 1330 808 1358 τοῦ
834 1331 901 1358 ίδίου

109 1376 176 1403 λαοῦ
190 1375 384 1407 ἀνασοεευθεὶς
398 1375 541 1410 φονεύεται
555 1384 562 1390 ·
578 1375 626 1403 τοῦ
637 1376 821 1410 δικαιοκρίτου
833 1376 900 1403 Θεοῦ

110 1422 191 1455 ἀξίαν
208 1422 397 1456 ἐπαγαγόντος
412 1422 492 1457 δίκην
513 1421 553 1456 τῷ
569 1423 698 1457 φονευτῇ,
709 1421 770 1449 ἀντὶ
785 1421 901 1450 θανάτου

110 1468 187 1495 ὁσίου
204 1467 319 1494 θάνατον
334 1468 481 1495 οίκτιστον.
499 1466 641 1502 Ἐλθωμεν
660 1467 708 1495 ἐπὶ
723 1467 768 1494 τὸν
787 1467 854 1503 περὶ
870 1464 901 1494 οὗ

110 1516 126 1540 ὁ
137 1513 226 1548 λόγος.

147 1561 269 1588 Γυναῖκα
286 1559 386 1591 καύτὸς
401 1558 471 1594 ἔχων
484 1558 595 1594 Μαρίαν
617 1559 667 1594 τὴν
690 1559 814 1595 νομίμως
836 1568 902 1587 συν-

111 1607 246 1641 αφθείσαν
263 1605 338 1641 αὐτῷ
352 1606 384 1632 ὲκ
406 1605 543 1641 νεότητος,
563 1605 687 1632 ἐκϐαλὼν
713 1605 826 1641 ταύτην.
843 1614 903 1641 μοι-

112 1652 209 1688 χικῶς,
230 1651 301 1678 κατὰ
315 1651 361 1678 τὸν
373 1651 452 1685 λόγον
469 1650 515 1677 τοῦ
529 1651 644 1685 Κυρίου,
667 1650 763 1686 εἴληφε
786 1653 903 1686 γυναῖκα

112 1697 246 1731 Θεοδότην
272 1695 498 1731 ιιουὸικουλαρίαν
513 1697 552 1728 εἰς
573 1696 700 1732 δεύτερον
716 1698 883 1724 συνοικὲσιον
893 1705 900 1713 ·

113 1743 161 1771 καὶ
176 1741 270 1777 ἐπειδὴ
289 1742 364 1777 παρὰ
379 1742 413 1768 τὰ
424 1741 576 1776 Εὑαγγέλια
592 1742 681 1774 τοῦτο,
697 1742 836 1778 ἐλέγχεται
851 1742 903 1769 ὑπὸ

113 1789 261 1820 Πλάτωνος
279 1788 350 1814 κατὰ
364 1788 510 1822 πρόσωπον
523 1794 530 1801 ·
551 1787 598 1813 καὶ
613 1788 650 1823 μὴ
665 1788 755 1824 φέρων
766 1789 813 1815 τὸν
825 1788 903 1824 ἔλεγ-

114 1844 172 1870 χον,
188 1834 274 1861 κλείει
288 1833 335 1860 τὸν
349 1833 422 1860 ὅσιον
434 1833 472 1865 ὡς
487 1832 660 1867 τεθαμμένον
672 1841 679 1849 ·
695 1831 756 1860 εἶτα
771 1834 840 1869 μετὰ
858 1842 904 1869 μι-

114 1881 181 1917 κρὸν
198 1881 252 1907 ὑπὸ
264 1879 313 1907 τοῦ
332 1879 452 1915 ὑπηκόου
473 1879 665 1911 ἁνασοὸευθεὶς
684 1880 842 1915 τυφλοῦται,
855 1880 903 1908 τοῦ

113 1926 280 1954 δικαιοδοτου
310 1925 378 1952 Θεοῦ
407 1925 598 1961 προσήκουσαν
616 1926 802 1960 ἐπαγαγόντος
826 1927 904 1963 δίκην

114 1973 153 2008 τῷ
169 1972 334 2008 φρουριστῇ,
349 1972 410 1998 ἀντὶ
427 1970 552 2005 φυλακῆς
566 1970 643 2002 ὁσίας
657 1972 783 2007 πήρωσιν
803 1972 905 2007 ὀφθαλι

116 2018 186 2056 μῶν.
208 2016 399 2044 Ἐνωτισάσοω
414 2013 461 2043 οὖν
481 2016 534 2047 πᾶς
551 2015 621 2051 εχων
632 2015 705 2049 νοῦν,
728 2016 766 2047 ὡς
792 2016 845 2052 ἄρα
867 2017 905 2043 δι-

116 2065 202 2095 καίως
218 2062 344 2098 δεύτερος
360 2062 484 2097 Ἡρώδης
507 2062 722 2094 Κωνσταντίνος,
739 2062 783 2088 ἐπ’
799 2062 832 2089 ἂν
854 2063 904 2089 οὐκ

115 2109 180 2138 ἄλλο
193 2110 287 2135 ἔκτοτε
304 2108 385 2144 μέχρι
398 2107 446 2134 τοῦ
460 2107 539 2144 δεῦρο
554 2108 681 2144 πέπραχε
695 2108 827 2142 τοιοῦτον,
845 2108 905 2136 ὀνο-

116 2155 251 2192 μάζοιτο·
274 2155 356 2187 αὐτὸς
381 2154 471 2190 ἑαυτῷ
501 2155 673 2190 προξενήσας
696 2155 856 2190 πρακτικῶς
875 2155 905 2182 τὸ

115 2203 213 2236 δνομα.
231 2201 287 2228 Καὶ
300 2202 366 2237 περὶ
378 2201 475 2228 τούτου
494 2201 646 2236 πράγματα
662 2201 699 2237 μὴ
709 2201 905 2237 παρεχέτωσαν

115 2249 193 2283 ἡμῖν.
208 2247 245 2274 Οὐ
261 2247 373 2274 δύναται
389 2246 506 2282 Χριστὸς
518 2248 535 2282 ἡ
553 2247 667 2283 ἀλήθεια
675 2247 827 2282 ψεύσασθαι
841 2256 848 2263 ι
864 2248 905 2275 ὅτι

119 2293 213 2329 μοιχός
227 2295 313 2326 ἐστιν,
329 2293 389 2320 οὐδὲ
401 2293 415 2319 ὁ
431 2292 614 2325 ἀντιπίπτων,
632 2293 672 2320 ὅτι
687 2293 724 2329 μὴ
735 2293 795 2329 οὐχ).
807 2293 906 2329 θεομα-

118 2341 172 2376 χεῐ.
184 2340 240 2367 Καὶ
249 2339 280 2366 οὐ
291 2339 367 2374 λήξοι
384 2338 548 2386 λαλούμενον
556 2339 570 2365 ὃ
580 2339 707 2374 ἐποίησεν
720 2340 734 2365 ὁ
746 2340 904 2375 μοιχεύσας,
922 2356 946 2386 D

118 2386 172 2418 ἕως
190 2385 348 2418 συντελείας
373 2385 419 2412 τοῦ
445 2385 553 2417 αἰῶνος.
575 2386 645 2412 Ἀλλ’
658 2386 752 2421 ἐπειδὴ
765 2387 789 2413 ot
805 2386 905 2413 λυπού-

121 2440 197 2467 μενοι
224 2431 438 2467 συναπήχθησαν
459 2433 493 2468 τῇ
522 2431 645 2467 μοιχείᾳ,
661 2431 790 2459 ἀνιῶνται
814 2433 907 2464 κακῶς

118 2478 152 2512 τῇ
171 2477 326 2512 ὑπομνήσει
339 2486 346 2493 ·
361 2477 419 2504 δέον
431 2477 530 2509 αὐτοὺς
543 2478 684 2512 ὁμολογεῖν
698 2478 728 2505 τὸ
736 2478 845 2514 ἀληθὲς,
860 2480 908 2507 καὶ

119 2523 303 2557 προσπίπτειν
320 2523 366 2550 καὶ
379 2523 555 2559 προσκλαίειν
570 2523 609 2558 τῷ
628 2523 688 2561 Θεῷ
708 2524 778 2560 ὑπὲρ
792 2525 842 2559 τῆς
854 2525 907 2551 ἀπ·-

120 2567 233 2603 αγωγῆς
250 2569 293 2603 ἐφ’
307 2566 324 2605 ᾗ
339 2569 387 2596 καὶ
398 2568 513 2595 δώσουσι
538 2569 616 2604 λόγον
632 2570 661 2596 ὲν
683 2569 775 2606 ἡμέρᾳ
789 2571 908 2606 κρίσεως

122 2615 160 2652 μὴ
173 2615 379 2650 μετανοοῦντες.
389 2616 420 2643 0i.
435 2615 464 2642 δὲ
479 2615 547 2651 πρὸς
559 2616 589 2642 τὸ
601 2615 763 2651 παροξύνειν
772 2616 818 2643 τὸν
826 2616 904 2649 Θεὸν,

122 2659 161 2691 ιιι
177 2660 314 2696 ἁμαρτίας
340 2661 383 2696 ἐφ’
399 2661 522 2698 ἁμαρτίᾳ
545 2661 714 2689 ἐπισπῶνται
729 2669 735 2677 ·
752 2661 768 2698 ἢ
793 2661 904 2698 λέληθεν

950 1053 1123 1089 Perpendant
1137 1053 1235 1082 deinde
1253 1054 1299 1090 qui
1314 1059 1455 1085 accusant,
1470 1062 1560 1082 annon
1574 1055 1741 1083 conveniens

951 1100 1120 1136 comparatio
1147 1101 1192 1128 sit.
1213 1100 1322 1128 Primus
1345 1100 1466 1128 Herodes
1498 1109 1610 1129 uxorem
1636 1101 1742 1128 habens

950 1147 1033 1175 ﬁliam
1048 1147 1138 1175 Arelas
1156 1147 1238 1181 regis,
1256 1155 1288 1174 ea
1305 1147 1430 1179 dimissa,
1450 1147 1594 1182 conjugem
1621 1146 1738 1182 Philippi

950 1191 1043 1218 fratris
1056 1191 1097 1218 sui
1113 1193 1217 1226 accepit
1232 1192 1258 1218 in
1275 1192 1389 1219 alterum
1415 1193 1583 1219 connubium
1599 1201 1606 1219 :
1630 1197 1658 1220 et
1671 1200 1743 1228 quo-

951 1238 1025 1265 niam
1043 1238 1069 1265 id
1085 1243 1182 1273 praeter
1206 1238 1303 1273 legem,
1325 1239 1448 1274 arguitur
1460 1247 1476 1266 a
1493 1238 1687 1272 Praecursore;
1710 1247 1743 1267 ac

951 1284 1190 1318 reprehensionem
1217 1292 1272 1311 non
1294 1283 1396 1317 ferens,
1429 1285 1590 1320 prophetam
1616 1285 1741 1313 occidit:

951 1330 1048 1357 deinde
1066 1330 1138 1358 haud
1160 1330 1247 1357 multo
1267 1334 1329 1365 post
1346 1338 1361 1357 a
1376 1331 1487 1366 proprio
1511 1332 1612 1366 populo
1637 1332 1742 1367 ejectus

951 1376 1104 1403 occiditur:
1131 1377 1207 1411 justo
1228 1376 1285 1404 Deo
1307 1377 1416 1404 vindice
1438 1378 1558 1405 debitam
1577 1378 1743 1413 rependente

952 1421 1094 1449 homicidas
1113 1422 1256 1455 ultionem,
1280 1431 1330 1457 pro
1353 1423 1404 1450 viri
1419 1424 1506 1451 sancti
1524 1431 1589 1451 nece
1601 1424 1744 1451 miserabi-

952 1467 1005 1495 lem
1024 1468 1174 1496 interitum.
1193 1469 1232 1497 Ad
1249 1478 1311 1497 eum
1341 1479 1423 1506 porro
1447 1471 1599 1505 veniamus,
1629 1471 1662 1499 de
1687 1480 1744 1507 quo

953 1521 1045 1541 sermo
1057 1519 1096 1541 est
1119 1515 1271 1543 institutus.

990 1559 1107 1588 Uxorem
1135 1566 1162 1589 et
1184 1562 1228 1590 hic
1258 1570 1320 1590 cum
1350 1563 1462 1591 haberet
1491 1564 1604 1592 Mariam
1625 1565 1744 1601 legitime

953 1605 1004 1633 sibi
1029 1605 1063 1632 ab
1088 1606 1271 1634 adolescentia
1297 1609 1477 1643 copulatam;
1502 1610 1551 1637 hac
1575 1611 1672 1644 ejecta,
1696 1619 1745 1646 per

954 1651 1129 1684 adulterium,
1153 1652 1231 1687 juxta
1250 1653 1362 1681 vcrbum
1392 1655 1509 1688 Domini,
1531 1657 1633 1691 accepit
1648 1657 1745 1692 conju-

956 1706 1016 1734 gem
1042 1698 1203 1726 Theodoten
1225 1700 1421 1728 cubiculariam
1447 1702 1568 1729 secundo
1584 1703 1742 1732 connubio:

955 1749 983 1772 et
993 1745 1123 1780 quoniam
1140 1746 1167 1773 id
1194 1751 1290 1774 contra
1314 1747 1491 1783 Evangelium
1515 1753 1567 1782 est,
1590 1757 1605 1776 a
1629 1749 1744 1778 Platone

956 1799 1048 1819 coram
1062 1793 1284 1827 reprehenditur;
1301 1801 1418 1828 cumque
1434 1803 1486 1822 non
1501 1795 1583 1823 ferret
1598 1798 1745 1831 reprehen-

957 1838 1074 1870 sionem,
1090 1839 1179 1866 virum
1196 1845 1332 1873 sanctum,
1345 1846 1475 1876 tanquam
1492 1842 1638 1877 sepultum,
1653 1843 1743 1871 inclu-

957 1883 1015 1911 dit:
1033 1884 1130 1912 deinde
1143 1886 1223 1920 paulo
1238 1890 1328 1921 posta
1339 1887 1449 1914 subdito
1465 1888 1561 1922 pulsus
1574 1895 1742 1918 excaecatum

955 1931 1030 1965 justo
1040 1931 1132 1966 judice
1149 1932 1203 1960 Deo
1218 1940 1354 1968 congruas
1368 1939 1492 1961 sumente
1515 1942 1609 1969 paruas
1620 1943 1635 1962 a
1651 1943 1745 1964 carce-

958 1977 1042 2009 rario,
1056 1984 1106 2011 pro
1132 1977 1183 2004 viri
1202 1979 1291 2005 sancti
1317 1985 1427 2007 carcere
1449 1980 1595 2008 orbitatem
1621 1982 1744 2010 luminis.

957 2021 1058 2049 Audiat
1071 2022 1162 2058 itaque
1176 2023 1301 2058 quisquis
1315 2029 1355 2052 est
1369 2026 1467 2054 mentis
1482 2034 1539 2054 sua!
1553 2034 1677 2062 compos,
1693 2035 1745 2055 ana

958 2075 1011 2094 non
1033 2073 1161 2103 tanquam
1189 2069 1257 2096 alter
1289 2069 1412 2098 llcrodes
1443 2071 1653 2106 Constantinus,
1681 2081 1744 2101 cum

957 2113 1026 2141 nihil
1050 2115 1123 2141 aliud
1135 2122 1166 2143 ex
1183 2123 1216 2142 eo
1231 2120 1351 2149 tempore
1368 2125 1457 2152 usque
1469 2118 1495 2144 in
1515 2119 1587 2146 hunc
1598 2120 1670 2147 diem
1681 2128 1745 2155 ege-

957 2159 1003 2191 rit,
1026 2160 1123 2187 merito
1139 2161 1179 2187 sic
1203 2161 1368 2194 nominetur,
1394 2162 1464 2190 hanc
1490 2163 1548 2198 ipse
1569 2165 1620 2192 sibi
1648 2173 1746 2200 reapse

958 2206 1165 2241 appellationem
1181 2207 1325 2241 adoptans.
1344 2208 1385 2235 Ac
1396 2208 1429 2236 de
1446 2217 1477 2237 re
1491 2210 1543 2237 ista
1568 2218 1602 2238 ne
1616 2212 1694 2239 nobis
1707 2212 1747 2242 illi

959 2252 1097 2280 lacessant
1123 2252 1272 2287 negotium.
1299 2254 1358 2281 Non
1375 2259 1464 2289 potest
1479 2255 1615 2290 Christus,
1635 2257 1681 2290 qui
1698 2265 1746 2284 ve-

959 2299 1027 2326 ritas
1049 2304 1101 2331 est,
1118 2299 1249 2327 mentiri:
1272 2300 1400 2334 quoniam
1422 2301 1546 2329 moechus
1561 2306 1603 2328 est
1622 2302 1667 2336 qui
1691 2310 1746 2329 non

959 2343 1068 2371 obsistit
1083 2353 1090 2370 :
1106 2344 1256 2379 quinetiam
1274 2344 1322 2372 Dei
1340 2345 1426 2373 hostis
1444 2351 1494 2373 est.
1515 2346 1570 2374 Nec
1586 2347 1638 2374 ulla
1657 2348 1748 2375 silebit

958 2393 1024 2417 astas
1038 2389 1065 2417 id
1079 2390 1151 2424 quod
1163 2391 1288 2419 moechus
1300 2391 1365 2427 egit,
1382 2399 1468 2426 usque
1480 2392 1513 2419 ad
1529 2394 1746 2421 consummatio-

959 2443 1020 2462 nem
1054 2435 1157 2463 saeculi.
1192 2437 1244 2464 Sed
1272 2438 1402 2472 quoniam
1423 2438 1442 2467 ii
1461 2439 1507 2473 qui
1529 2446 1746 2474 conqucruntur,

960 2482 1084 2510 moechie
1094 2483 1326 2517 obsecundarunt;
1337 2484 1418 2519 hujus
1424 2484 1462 2511 rei
1473 2485 1638 2512 mentionem
1649 2487 1748 2513 acerbe

959 2527 1061 2555 ferunt.
1076 2527 1178 2556 Debent
1195 2529 1213 2556 ii
1226 2537 1320 2557 verum
1338 2530 1473 2563 confiteri,
1490 2535 1663 2565 prosternere
1675 2539 1704 2559 se
1720 2536 1747 2562 et

960 2580 1052 2600 coram
1071 2574 1126 2600 Deo
1156 2574 1248 2609 lugere
1263 2575 1298 2602 ob
1318 2580 1477 2602 sanctorum
1502 2576 1698 2610 captivitatem,
1713 2577 1748 2605 de

959 2625 1011 2652 qua
1026 2623 1054 2645 et
1066 2618 1197 2646 reddituri
1211 2625 1274 2647 sunt
1303 2621 1436 2647 rationem
1464 2622 1490 2648 in
1513 2621 1673 2656 diejudicii,
1687 2622 1742 2652 nisi

958 2664 1033 2699 ipsos
1042 2664 1182 2699 poeniteat.
1199 2665 1228 2693 Si
1249 2673 1311 2694 vero
1324 2667 1356 2694 ad
1371 2666 1534 2695 irritandum
1548 2667 1634 2697 Deum
1649 2675 1745 2703 pecca-

849 2782 964 2812 ΝΟΤᾹΞ.

154 2850 211 2884 tu)
229 2850 259 2878 In
276 2849 336 2879 cod.
353 2848 420 2886 lies.
442 2848 492 2886 p62

995 2851 1026 2889 ς’)
1042 2852 1208 2889 θοαηιειίοε.
