1927 3089
161 156 227 190 1659

757 163 788 195 S.
807 162 1004 194 THEODORI
1019 162 1190 193 STUDITrE

1723 154 1790 188 1660

159 218 184 240 ta
204 217 315 248 peccato
328 214 524 250 adjiciantﬁan
544 215 611 244 latet
629 217 714 252 ipsios
735 224 836 254 quanta
856 227 949 254 perse-

1008 219 1100 251 ιὺτοὺς
1109 215 1165 250 οἷος
1179 215 1299 252 διωγμὸς
1312 214 1438 242 ἐντεῦθεν
1450 212 1558 249 ἀνήφθη
1576 211 1728 247 πανταχοῦ·
1742 213 1790 239 καὶ

158 260 231 286 cutio
256 260 319 286 hinc
346 260 448 294 ubique
476 261 696 296 conﬂagraverit,
721 269 748 292 et
773 273 855 299 quam
870 267 948 292 ntulti

159 304 287 331 mrechati
303 305 357 331 sint
374 310 483 339 propter
503 307 610 342 insigne
636 309 686 337 hoc
700 311 878 345 exemplum?
897 311 948 338 Sed

159 350 211 376 alia
228 351 304 376 mitto
318 351 418 382 dicere.
436 354 632 380 ncnnullorunt
649 356 791 382 hominum
820 365 948 384 revereuv

160 396 205 422 tia.
222 395 364 428 Desinant,
378 398 537 433 quicunque
555 399 595 426 illi
621 405 695 432 sunt,
712 401 834 429 dolorem
850 411 905 437 pra:
921 411 949 430 se

159 441 230 468 ferre
245 443 289 476 qui
307 442 361 469 Deo
381 451 482 471 exosus
510 449 561 472 est.
575 445 643 472 Deus
656 447 724 473 enim
745 455 885 481 personam
901 449 950 475 Ιιο-

159 488 237 514 mt'nis
251 496 302 514 non
319 489 416 523 accipit
427 491 460 516 “.
477 490 525 523 Ae,
543 497 641 526 prater
655 492 680 519 id
697 494 770 528 quod
782 501 812 520 ex
829 493 951 530 Evange-

159 533 196 560 lio
217 534 381 568 accepimus,
413 535 435 562 si
462 537 524 570 quis
549 537 821 573 aliudfevangelizet,
859 540 902 567 vel
926 541 950 568 si

159 580 272 614 angelus
289 580 334 612 sit,
352 581 516 609 anathemati
539 583 701 618 subjicitur.
719 586 950 620 quemadmodum

159 626 255 653 beatus
277 627 425 662 Apostolus
449 629 589 656 clamat".
609 629 671 658 Haec
690 639 751 658 eum
775 632 950 665 religiosissi-

160 680 222 700 mus
238 673 400 708 praepositus
414 676 500 709 probe
519 676 610 710 norit;
626 685 659 704 ne
670 683 863 712 conqueratur,
878 678 951 713 quod

161 725 273 747 sanctus
296 719 476 756 Theophanes
498 723 525 749 in
549 723 601 750 hoc
616 725 726 759 negotio
743 725 950 752 accusationem

161 773 214 792 non
231 765 365 801 eﬂ‘ugerit.
382 767 495 795 Veritati
524 769 596 796 enim
621 770 689 796 nihil
717 771 949 804 anteponendum.

160 810 216 838 Nec
243 811 301 845 ipse
317 817 406 847 negat,
423 821 485 840 cum
503 815 580 841 audit
596 824 603 841 :
627 816 700 843 sicut
727 823 815 852 neque
835 824 951 852 magnus

161 857 299 891 apostolus
329 858 423 886 Petrus
453 861 626 894 negationem
654 869 743 893 suam,
767 870 816 889 nec
839 867 951 890 sanctus

161 901 246 929 David
269 903 426 936 moeehiam,
441 913 491 933 nec
516 913 593 933 sacer
606 912 709 943 martyr
723 909 875 943 Cyprianus
893 917 952 936 ma-

160 948 241 982 giam.
260 948 336 981 Quod
347 954 437 977 autem
453 955 584 986 tanquam
603 953 771 982 orthodoxus
788 955 814 981 in
832 955 951 983 Ecclesia

160 999 403 1029 commemoratur;
421 1003 594 1032 nequaquam
609 998 635 1025 id
651 999 799 1034 Evangelia
821 1001 951 1028 adversa-

161 1045 205 1066 tur
222 1051 228 1067 ;
245 1042 463 1077 quandoquidem
485 1051 717 1072 commemoratur
737 1051 763 1073 et
780 1046 951 1075 Valentinia-

155 1084 212 1113 'nus
228 1095 234 1112 :
255 1090 283 1113 at
299 1095 353 1114 non
376 1096 409 1115 eo
427 1090 500 1123 quod
517 1090 586 1117 duas
608 1091 690 1118 simul
710 1100 810 1120 uxores
825 1093 952 1121 habuerit

160 1136 257 1165 prmter
277 1132 374 1167 legem,
393 1134 440 1161 sed
458 1140 568 1170 propter
582 1141 682 1163 rectam
697 1137 776 1164 ﬁdem
796 1147 803 1165 :
821 1143 848 1165 et
859 1138 952 1166 Jovia-

162 1185 223 1208 nus,
256 1183 283 1205 at
299 1186 353 1206 non
376 1180 449 1214 quod
474 1181 660 1209 masculorum
689 1189 836 1218 corruptor
858 1183 950 1217 fuerit,

161 1225 390 1258 quemadmodum
408 1232 539 1254 narrant:
558 1232 585 1254 et
602 1227 784 1263 Nicephorus,
802 1233 830 1256 at
853 1237 905 1256 non
921 1238 954 1257 eo

162 1271 234 1304 quod
267 1279 366 1299 avarus
386 1272 477 1300 fuerit.
494 1274 575 1301 Plura
595 1275 646 1301 dici
661 1279 688 1301 et
700 1275 733 1301 de
757 1275 817 1303 aliis
830 1280 955 1311 possunt,

162 1316 209 1350 qui
226 1323 383 1352 quanquam
406 1319 467 1346 aliis
485 1319 649 1347 critninibus
666 1321 798 1353 accusati,
817 1325 907 1348 tamen
921 1322 956 1349 ob

162 1367 264 1391 rectam
280 1364 358 1398 Iidem
375 1364 520 1397 duntaxat,
539 1356 673 1393 memoria
689 1366 878 1394 ecclesiastica
896 1375 953 1402 per-

163 1407 301 1436 fruuntur.
329 1410 382 1437 Sed
398 1411 432 1438 de
448 1411 491 1439 his
506 1412 649 1439 hactenus.
668 1411 708 1439 Tu
726 1419 800 1444 vero,
819 1412 953 1447 |Domine,

999 267 1057 292 ὅσοι
1074 265 1239 300 ὲμοίχευσαν
1255 264 1288 289 ὲκ
1299 261 1346 289 τοῦ
1365 260 1533 296 προῦχοντος
1545 259 1766 294 παραδείγματος
1780 266 1789 292 ;

1000 313 1047 338 καὶ
1056 309 1139 338 τᾶλλα
1150 309 1245 337 σιωπῶ
1256 309 1355 342 λέγειν,
1367 308 1436 335 αἰδοῖ
1446 316 1526 334 τινων
1536 305 1699 342 προσώπων.
1717 306 1790 331 Παυ-

1001 358 1143 384 σάσῦωσαν
1156 355 1299 383 λυπεῖσθαι
1308 355 1397 389 λύπην
1411 354 1553 388 θεοστυγῆ,
1563 353 1661 383 οἵτινες
1671 352 1704 378 ἂν
1722 350 1788 378 εἷεν.

1000 403 1167 437 Πρόσωπον
1181 402 1236 436 γὰρ
1250 401 1321 433 Θεὸς
1329 399 1487 434 ἀνθρώπου
1499 400 1535 426 οὐ
1546 397 1701 433 λαμϐάνει.
1721 398 1788 430 Καὶ,

1001 447 1066 483 παρ’
1080 447 1094 474 ὃ
1108 448 1140 473 ἐκ
1152 446 1200 473 τοῦ
1217 445 1385 480 Εὐαγγελίου
1405 444 1607 480 παρελάϐομεν,
1622 443 1671 470 ὲάν
1684 452 1726 475 τις
1742 445 1791 470 εὑ-

1000 493 1179 528 αγγελίζηται
1192 493 1297 528 ἓτερον,
1317 491 1397 528 μέχρι
1424 491 1473 518 καὶ
1490 490 1620 524 ἀγγέλου,
1637 490 1791 524 ἁναθέματι
1807 490 1815 501 ’

1001 539 1193 571 ὑποϐάλλεται,
1206 538 1277 565 καθὰ
1285 538 1357 573 βοᾷὸ
1367 536 1501 572 μακάριος
1516 535 1685 566 Ἀπόστολος.
1697 534 1791 562 Ταῦτα

1002 586 1079 618 εἰδὼς
1092 587 1138 613 καὶ
1153 587 1167 612 ὁ
1182 584 1381 616 εὐλαϐέστατος
1407 583 1570 619 ἡγούμενος,
1587 582 1625 618 μὴ
1638 581 1791 616 ἐγκαλείτω

1001 633 1066 668 περὶ
1082 632 1128 658 τοῦ
1143 631 1221 666 ἁγίου
1243 631 1404 664 Θεοφάνους,
1425 630 1467 656 ὅτι
1483 628 1582 665 ᾐτιάθη
1603 629 1632 656 ὲν
1652 627 1690 663 τῷ
1701 627 1791 664 πράγ-

1003 687 1078 714 ματι.
1106 677 1247 713 Ἀληθείας
1262 677 1315 712 γὰρ
1342 676 1419 704 οὐδὲν
1435 675 1645 711 προτιμότερον.
1657 674 1713 700 Καὶ
1740 673 1793 700 οὐκ

1001 724 1179 750 ἀπαναίνεται
1196 722 1314 754 ἁκούων,
1333 723 1371 753 ὡς
1384 721 1446 749 οὐδὲ
1469 721 1572 756 Πέτρος
1585 720 1599 746 ό
1616 720 1703 754 μέγας
1722 719 1793 746 ἀπό-

1002 770 1095 802 στολος
1107 770 1156 805 τὴν
1169 769 1293 805 ἄρνησιν,
1303 768 1364 795 οὐδὲ
1381 767 1462 794 Δαὸὶδ
1473 768 1488 794 ὁ
1502 767 1579 801 ἅγιος
1593 766 1642 801 τὴν
1654 766 1794 801 μοιχείαν,

1002 815 1062 841 οὐδὲ
1078 814 1235 849 Κυπριανδς
1251 814 1265 839 ὁ
1283 813 1446 848 ἱερόμαρτυς
1457 812 1507 847 τὴν
1519 811 1657 846 γοητείαν.
1679 811 1746 845 Περὶ
1763 809 1794 836 δὲ

1002 860 1050 887 τοῦ
1069 861 1108 887 ὅτι
1124 860 1161 891 ὡς
1172 858 1312 895 ὀρθόδοξος
1330 858 1529 893 μνημονεύεται
1542 859 1571 884 ἐν
1579 858 1613 893 τῇ
1631 856 1792 891 Ἐκκλησία,

1004 907 1080 934 οὐδὲν
1096 906 1259 942 προΐσταται
1272 905 1311 940 τῷ
1324 905 1483 940 Εὑαγγελίῳ
1493 913 1501 920 ·
1516 904 1579 931 ἐπεὶ
1593 903 1795 939 μνημονεύεται

1005 955 1052 981 καὶ
1065 952 1285 981 Οὑαλεντινιανός
1296 960 1304 968 ο
1320 951 1377 978 ἀλλ’
1392 952 1423 978 οὑ
1447 951 1519 978 κατὰ
1545 950 1576 977 τὸ
1597 950 1644 976 δύο
1657 949 1725 985 ὁμοῦ
1743 958 1796 984 γυ-

1005 1000 1100 1030 ναῖκας
1116 998 1188 1033 ἔχειν
1203 998 1380 1034 παρανόμως,
1401 996 1468 1024 ἀλλὰ
1491 995 1562 1023 κατὰ
1587 995 1637 1031 τὴν
1649 995 1732 1031 ὀρθὴν
1747 996 1794 1022 πί-

1006 1053 1084 1072 στιν·
1099 1045 1146 1072 καὶ
1167 1044 1304 1076 Ἰοϐιανὸς,
1334 1043 1391 1069 ἀλλ’
1408 1043 1438 1069 οὺ
1463 1041 1555 1074 καθὼς
1582 1042 1727 1077 ἱστορεῖται
1751 1041 1795 1067 ὅτι

1005 1089 1205 1126 ἀρρενοφθόρος
1214 1087 1262 1124 ἦν’
1277 1089 1324 1115 καὶ
1335 1088 1358 1115 Ν
1362 1088 1502 1122 ικηφόρος,
1513 1086 1571 1113 ἀλλ’
1582 1086 1612 1113 οὐ
1619 1086 1687 1113 καθὸ
1699 1085 1796 1112 πλεον-

1003 1137 1096 1171 έκτης.
1116 1136 1170 1162 Καὶ
1185 1135 1281 1161 πολλοῦ
1299 1135 1356 1160 ἐστι
1371 1133 1461 1168 λέγειν
1486 1133 1550 1168 περὶ
1570 1132 1624 1159 τῶν
1639 1132 1737 1164 ἄλλων,
1750 1132 1795 1166 οἶ,

1004 1183 1055 1210 κᾶν
1071 1183 1105 1209 τὰ
1126 1182 1194 1209 ἄλλα
1221 1180 1440 1216 διαϐεϐλημένοι,
1460 1180 1503 1207 διὰ
1526 1179 1554 1206 δὲ
1576 1178 1626 1214 τὴν
1640 1179 1798 1214 ὀρθοδοξίαυ

1008 1230 1087 1265 μόνον
1102 1230 1213 1265 μνήμης
1224 1229 1318 1264 ἔτυχον
1337 1227 1579 1262 ἐκκλησιαστικῆς.
1596 1225 1690 1252 Ταῦτα
1707 1225 1798 1260 ἐχέτω

1007 1273 1070 1303 ὧδε.
1090 1275 1174 1307 Αὐτὸς
1195 1275 1235 1307 δὲ,
1257 1275 1390 1305 Δέσποτα,
1416 1274 1516 1308 κὰτεχε
1534 1271 1665 1306 ἀσφαλῶς
1684 1271 1714 1298 τὺ
1728 1271 1798 1306 σύγ-

1009 1329 1126 1357 γραμμα
1137 1328 1144 1334 ·
1163 1321 1200 1356 μὴ
1213 1320 1328 1356 ἔκφορον
1344 1319 1409 1346 αὺτδ
1429 1319 1533 1351 ποιῶν,
1550 1317 1645 1352 ἐπειδὴ
1664 1317 1797 1349 κίνδυνος,

1007 1368 1079 1394 καθὰ
1093 1367 1265 1401 ἁναγγελεῖὁ
1282 1365 1531 1402 γραμματηφόρος.
1554 1363 1584 1391 '0
1604 1363 1708 1400 Κύριος
1724 1363 1798 1397 μετὰ

1007 1413 1055 1440 τοῦ
1067 1412 1224 1448 πνεύματος
1239 1413 1326 1448 ὑμῶν.
1349 1412 1447 1447 Ἀμήν.

164 1455 235 1483 hanc
267 1455 410 1490 epistolam
444 1465 522 1485 serva
540 1458 646 1491 sedulo,
663 1466 712 1486 nec
730 1459 884 1494 pervulgari
898 1459 990 1487 sinas:
1012 1468 1067 1487 non
1095 1460 1167 1487 enim
1194 1467 1238 1488 res
1265 1460 1387 1494 periculo
1417 1463 1506 1491 vacat,
1537 1458 1608 1486 sicut
1639 1456 1802 1484 tabellarius

163 1502 313 1530 renuntiat.
346 1502 479 1532 Dominus
510 1511 572 1531 eum
618 1505 714 1540 spiritu
745 1510 845 1532 vestro.
875 1505 972 1533 Amen.

966 1564 988 1596 C
1005 1565 1066 1591 ΣΙΘ’
1078 1564 1146 1600 (15).
1160 1578 1196 1585 -ρ-
1209 1563 1319 1596 Λύσεις
1334 1558 1483 1597 διαφόρων
1496 1563 1676 1596 κεφαλαίων.
1693 1561 1798 1599 [ωμθ¹.]

234 1563 350 1592 CCXIX.
363 1580 398 1584 -—
414 1564 566 1592 Solutiones
578 1565 743 1592 diversarum
756 1566 883 1599 capitum.

200 1618 382 1655 Interrogatio
396 1619 420 1647 Ι.
436 1635 473 1640 —
488 1620 525 1648 De
542 1621 714 1657 presbytero.
731 1626 758 1649 et
778 1622 906 1654 diac0no,
928 1626 955 1649 et

163 1667 278 1701 lectore,
296 1668 342 1703 qui
361 1676 422 1695 cum
435 1673 511 1695 recta
527 1668 579 1696 [ide
597 1673 699 1702 essent,
712 1669 847 1697 haereticis
863 1673 955 1696 tamen

164 1714 405 1741 communicarunt
430 1722 461 1741 ex
491 1714 612 1742 humano
639 1719 714 1742 metu
741 1723 803 1742 :an
831 1719 955 1750 oporteat

164 1768 215 1795 pro
231 1760 300 1796 ipsis
324 1760 491 1788 oblationem
509 1760 611 1795 facere,
633 1764 682 1788 aut
697 1761 883 1797 pervigilium,
905 1766 955 1789 aut

164 1807 362 1841 precationem.

201 1852 353 1887 Responsio.
368 1869 404 1873 —
417 1853 445 1880 Si
457 1861 546 1888 usque
559 1854 592 1881 ad
609 1854 714 1881 obitum
729 1854 865 1882 hereticis
877 1862 954 1882 com-

166 1899 339 1926 municantes
354 1900 565 1933 perseverarint,
585 1907 768 1934 nequaquam.
792 1899 839 1926 Sin
861 1905 953 1927 autem

167 1944 193 1970 in
208 1945 293 1975 exitu,
309 1949 335 1971 et
353 1945 536 1979 resipucrunt,
553 1949 580 1972 et
595 1945 714 1972 confessi
729 1949 794 1972 sunt
811 1953 840 1974 se
856 1946 954 1974 timore

165 1990 263 2022 victos,
285 1998 318 2017 ac
339 1991 429 2021 tertio.
452 1991 474 2018 si
491 1999 570 2018 sacra
592 1991 722 2026 mysteria
738 1992 772 2018 ab
791 1993 954 2020 orthodoxis

165 2041 357 2072 perceperunt,
374 2037 569 2073 indulgendum
584 2043 613 2064 ut
629 2046 678 2073 pro
690 2038 757 2073 ipsis
770 2039 836 2066 tiant
849 2047 880 2067 ea
893 2047 954 2074 quae

166 2084 243 2118 prius
258 2090 476 2111 commemorata
496 2089 570 2112 sunt.

202 2127 382 2164 Interrogatio
401 2129 433 2157 ll.
452 2145 487 2150 —
506 2130 544 2158 De
565 2131 709 2158 monachis
724 2132 764 2160 fet
788 2131 953 2159 monialibus

167 2174 213 2209 qui
236 2174 362 2202 similiter
382 2175 409 2203 in
435 2177 629 2205 communione
650 2177 842 2205 haereticorum
867 2186 882 2206 e
898 2178 951 2206 vita

167 2220 357 2248 decesserunt.

203 2265 356 2300 Responsio.
371 2281 405 2287 -—
420 2266 551 2302 Superior
569 2268 715 2302 responsio
739 2272 766 2295 et
784 2268 811 2295 in
837 2268 879 2295 his
895 2275 956 2295 ser-

167 2316 258 2338 vetur.
278 2311 412 2339 Similiter
424 2317 451 2339 et
469 2313 495 2339 in
509 2312 598 2345 laicis,
616 2312 693 2346 viris,
711 2313 828 2345 feminis,
850 2313 953 2348 pueris.

169 2357 232 2385 llaec
256 2363 347 2386 autem
373 2358 407 2386 de
426 2359 542 2387 mortuis
560 2358 633 2386 dicta
654 2363 729 2387 sunt.
756 2358 824 2385 Nam
848 2359 870 2386 si
890 2359 956 2386 vivit

167 2403 258 2430 adhuc
278 2404 368 2439 quivis
385 2412 418 2431 ex
433 2405 562 2432 omnibus
580 2409 643 2433 ante
662 2405 814 2440 appellatis,
838 2413 870 2432 ac
887 2405 957 2432 resi-

168 2449 258 2484 piscit,
274 2457 305 2477 ex
324 2457 357 2477 eo
372 2451 417 2477 die
437 2454 540 2478 metum
558 2451 707 2486 deponens,
732 2451 892 2486 eligensque
907 2460 957 2487 pro

168 2501 243 2523 recto
264 2501 291 2523 et
314 2496 427 2524 honesto
445 2496 514 2524 dura
538 2498 612 2532 pati;
636 2497 659 2524 si
685 2496 796 2532 quidem
813 2497 957 2533 presbyter

168 2542 205 2568 sit
223 2541 266 2569 vel
284 2542 428 2575 diaconus,
449 2550 530 2570 sacro
547 2543 700 2571 ministerio
714 2543 893 2578 prohibeatur
907 2551 955 2571 us-

169 2594 224 2622 que
238 2587 272 2614 ad
287 2591 395 2622 tempus
411 2589 508 2623 synodi
523 2589 682 2617 orthodoxae
698 2597 704 2616 :
717 2593 781 2624 post
791 2589 955 2616 convenien-

171 2638 224 2660 tem
245 2641 310 2661 vero
337 2634 538 2669 pcenitentiam,
555 2636 694 2672 particeps
714 2639 774 2663 esto
795 2644 880 2663 sacrae
901 2636 956 2663 Eu-

169 2679 307 2708 charistize
335 2681 369 2708 ab
395 2681 550 2710 orthodoxe
579 2687 756 2710 consecratae.
785 2681 955 2710 Paenitentia:

206 2767 228 2784 "
240 2768 330 2797 Galat.
350 2777 379 2803 ιι,
395 2769 421 2797 6.
460 2770 483 2786 "
495 2769 582 2798 Galat.
599 2779 616 2799 ι-
641 2760 662 2799 Ὗ.

1049 1618 1210 1653 Ἐρώτησις
1229 1619 1269 1645 A’.
1287 1632 1322 1637 —
1332 1617 1400 1653 Περὶ
1416 1617 1614 1652 πρεσϐυτέρου,
1630 1616 1752 1643 διακόνου
1766 1625 1798 1643 τε

1007 1665 1054 1692 καὶ
1064 1663 1236 1698 ἀναγνώστου
1249 1662 1404 1697 ἐσχηκότων
1419 1662 1546 1698 φρόνημα
1566 1661 1655 1696 ὀρθὴν,
1679 1661 1736 1689 τοῖς
1755 1660 1800 1686 αἱ·

1009 1711 1124 1746 ρετικοῖς
1149 1709 1176 1735 δὲ
1205 1708 1427 1742 κοινωνησάντων
1453 1708 1482 1741 ἐξ
1514 1706 1685 1742 ἀνθρωπίνου
1702 1706 1799 1741 φόδοψ

1007 1757 1031 1782 εἰ
1052 1755 1105 1791 χρὴ
1120 1753 1280 1791 προσφορὰν
1294 1753 1363 1789 ὑπὲρ
1378 1753 1468 1780 αὐτῶν
1481 1754 1579 1786 ποιεῖν,
1600 1753 1617 1789 ῆ
1636 1752 1798 1788 παννυχίδα,

1007 1803 1023 1838 ἢ
1040 1804 1132 1838 εὐχήν.

1041 1848 1221 1882 Ἀπόκρισις.
1243 1861 1279 1868 -—
1302 1847 1334 1874 Et
1364 1846 1459 1882 μέχρις
1488 1844 1667 1876 ἀποῦιώσεως
1698 1852 1799 1871 κοινω-

1006 1893 1115 1923 νοῦντες
1126 1895 1182 1924 τοϊς
1193 1893 1340 1927 αἱρετικοϊς
1355 1892 1505 1926 διέμειναν,
1518 1890 1654 1926 οὐδαμῶς.
1671 1889 1703 1916 El
1719 1889 1749 1916 δὲ
1766 1889 1799 1916 ὲν

1005 1941 1038 1975 τῇ
1057 1939 1137 1975 ἐξόδῳ
1157 1938 1447 1974 καὶμετεμελήθησαν,
1465 1937 1512 1964 καὶ
1525 1936 1705 1971 ὡμολόγησαν
1721 1934 1800 1971 ῳόΰῳ

1005 1985 1201 2020 κεκρατῆσθαι,
1221 1985 1268 2011 καὶ
1288 1984 1377 2019 τρίτον
1390 1984 1413 2010 εί
1424 1982 1605 2017 ἐκοινώνησαν
1620 1982 1674 2008 τῶν
1688 1981 1799 2017 690066-

1006 2031 1059 2064 ξων
1076 2031 1269 2067 ἀγιασμάτων·
1283 2030 1472 2065 συγχωρητέον
1487 2028 1608 2063 γίνεσθαι
1635 2028 1679 2055 ἐπ’
1706 2027 1799 2059 αὐτοῖς

1004 2077 1038 2104 τὰ
1062 2076 1257 2113 προειρημένα.

1047 2122 1205 2157 Ἐρώτησις
1221 2121 1258 2149 Β’.
1277 2137 1313 2145 -
1328 2121 1396 2157 Περὶ
1409 2119 1533 2157 μοναχῶν
1549 2120 1597 2146 καὶ
1620 2117 1799 2155 μοναζουσῶν

1005 2169 1106 2205 ὁμοίως
1129 2169 1162 2204 τῇ
1175 2168 1303 2204 κοινωνίᾳ
1316 2167 1371 2194 τῶν
1392 2166 1538 2202 αἱρετικῶν
1566 2164 1795 2193 ἀποὸιωσάντων.

1048 2267 1230 2301 Ἀπόκρισις.
1247 2280 1282 2287 --
1301 2265 1334 2292 Ἦ
1357 2263 1545 2301 προειρημένη
1570 2262 1716 2297 ἀπόκρισις
1745 2270 1799 2296 φυ-

1005 2313 1144 2340 λαττέσθω
1164 2313 1212 2339 καὶ
1229 2313 1275 2339 ἐπὶ
1297 2311 1394 2339 τοῖσδε.
1416 2310 1530 2346 Ὁμοίως
1547 2309 1594 2335 καὶ
1613 2307 1659 2334 ἐπὶ
1682 2307 1798 2341 λαῑκῶν,

1006 2359 1111 2395 ἀνδρῶν
1139 2367 1180 2391 τε,
1210 2358 1258 2385 καὶ
1286 2356 1437 2392 γυναικῶν,
1464 2355 1510 2382 καὶ
1545 2354 1659 2381 παίδων.
1681 2353 1798 2388 Εῐρηται

1006 2406 1033 2432 δὲ
1059 2405 1144 2432 ταῦτα
1169 2405 1234 2440 περὶ
1262 2403 1315 2431 τῶν
1345 2403 1511 2431 τεθνεώτων.
1543 2401 1573 2428 Εἰ
1598 2399 1652 2435 γὰρ
1678 2399 1718 2425 ἔτι
1741 2397 1798 2430 ζῶν

1011 2454 1083 2479 ἐστιν
1096 2452 1129 2478 ὲκ
1142 2451 1250 2478 πάντων
1264 2450 1319 2478 τῶν
1334 2449 1553 2486 προειρημένων,
1567 2447 1614 2474 καὶ
1632 2446 1796 2482 μεταμέλοι-

1009 2508 1051 2531 eo,
1066 2498 1118 2531 ἔξω
1135 2498 1238 2534 ῥίπτων
1254 2498 1299 2524 τὸν
1314 2496 1396 2531 φόϐον
1404 2496 1460 2523 ἀπὸ
1474 2494 1521 2521 τοῦ
1537 2494 1628 2530 δεῦρο,
1644 2493 1692 2520 κο.)⁵
1703 2491 1799 2527 αἱρού-

1012 2554 1092 2581 μενος
1107 2545 1176 2581 ὑπὲρ
1190 2543 1236 2571 τοῦ
1249 2542 1352 2577 ἀγαθοῦ
1364 2541 1531 2569 κακοπαθεῖν
1545 2548 1552 2555 ·
1569 2540 1594 2566 ει
1609 2539 1659 2575 μὲν
1674 2537 1799 2574 πρεσϐύ-

1008 2600 1088 2628 τερος
1102 2591 1118 2627 ἦ
1128 2591 1260 2622 διάκονος,
1274 2589 1408 2625 εἰργέσθω
1419 2589 1467 2623 τῆς
1475 2586 1630 2623 ἱερουργίας
1639 2585 1692 2617 ἓως
1700 2583 1797 2619 καιροῦ

1011 2638 1120 2665 συνόδου
1132 2636 1286 2673 ὀρθοδοξίας
1302 2644 1309 2652 ·
1324 2635 1391 2670 μετὰ
1415 2634 1442 2661 δὲ
1469 2633 1610 2668 ἐπιτιμίαν
1637 2630 1685 2667 τὴν
1712 2637 1798 2665 προσ-

1013 2683 1143 2718 ήκουσαν,
1163 2681 1300 2718 μετεχέτω
1314 2680 1368 2708 τῶν
1389 2678 1537 2714 ὀροοδόξων
1553 2675 1744 2713 ἁγιασμάτων.
1765 2674 1796 2700 Ἢ

924 2826 1039 2855 NOTAE.

205 2873 262 2909 (l3)
279 2873 304 2901 In
321 2874 381 2902 cod.
406 2874 468 2912 Reg.
484 2875 550 2902 320'.
