1927 3089
119 175 186 213 1661

710 165 718 174 θ
731 186 1000 217 EPISTOLARUM
1024 187 1098 217 LIB.
1114 187 1154 216 I-I.

1687 186 1756 218 1662

117 238 146 264 8‘:
161 239 276 274 δύναμις
289 239 337 273 τῆς
355 240 509 275 ἐπιτιμίας,
528 240 659 276 ἀμεθεξῖα
684 242 741 268 ἐστὶ
759 241 812 268 τῶν
830 242 910 276 ἁγια-

970 246 1054 267 mtem
1086 249 1149 275 pars
1178 246 1239 271 est.
1269 240 1447 268 Eueharistiac
1480 241 1563 268 dilata
1593 243 1752 276 pcrccptio,

119 284 244 319 σμάτων,
257 285 318 312 καθ’
337 285 366 311 ὃν
381 286 502 322 καιρὺνῆ
523 287 660 322 καιροὺςό
678 287 812 322 ἐπιτιμῶν
835 288 909 314 οἱκο-

117 331 226 366 νομοῖη.
244 331 281 357 Οὐ
297 331 350 367 γὰρ
367 331 513 367 ὁριστικῶς
526 333 600 358 ἔστιν
624 333 816 368 ἀποφήνασθαι
833 339 841 348 '
867 333 911 360 διὰ

115 377 149 403 τὸ
164 376 244 403 ἄλλον
261 377 341 404 ἄλλου
357 378 495 414 διαφέρειν
510 380 556 405 καὶ
571 379 721 413 προσώπῳ,
737 381 783 407 καὶ
798 379 909 414 γνώσει,

117 423 165 449 καὶ
182 422 295 458 σπουδῇ,
311 424 359 450 καὶ
375 424 477 459 ἡλικίᾳ.
495 425 526 451 E’.
543 425 571 451 δὲ
596 425 718 460 μονάζων
743 426 798 461 εἴη,
817 426 833 461 ἢ
847 427 911 452 ἀνα-

116 468 254 503 γνὼστης,
269 469 285 504 ἢ
301 469 454 504 μονάζουσα
471 478 479 485 ·
496 469 543 496 τοῦ
560 470 698 506 ἐπιτιμίου
720 471 910 507 πληρουμένου

116 512 199 545 εὐθὺς
219 514 331 540 διδόσθω
349 515 366 550 ἡ
387 514 446 541 θεία
471 514 600 550 μέθεξις·
636 516 769 548 ὡσαύτως
789 517 836 543 καὶ
859 516 908 542 ἐπὶ

117 559 233 592 λαῖκῶν,
252 560 358 596 ἀνδρῶν
372 569 402 586 τε
427 561 474 586 καὶ
495 561 632 595 γυναικῶν
659 563 707 588 καὶ
728 562 840 590 παίδων.
860 563 912 597 Δῆ-

116 605 164 632 λον
180 605 208 632 δὲ
225 607 276 633 κάν
289 606 396 639 τούτοις
410 607 582 643 διαφορότης,
606 608 679 635 κατά
706 616 735 635 τε
765 608 911 644 πρόσωπον

118 652 168 679 καὶ
183 653 215 680 τὸ
224 652 333 688 ἀξίωμα
355 653 402 680 καὶ
425 654 532 689 ἡλικίαν
547 662 554 670 ·
577 654 616 686 ὡς
635 654 683 682 καὶ
708 655 757 690 μιᾷ
777 663 912 690 τεσσαρα-

117 700 203 734 κοστῇ
229 699 386 726 ἱκανοῦσϐαι
413 699 464 734 τῇν
497 700 639 735 ἐπιτιμίαν
670 699 708 735 τῷ
733 700 909 735 λαμϐάνοντι.

116 744 238 781 Φανερὺν
251 745 280 772 δὲ
295 745 380 772 ὃτι-τὸ
389 745 526 782 ἐπιτίμιον
543 748 592 781 τῆς
606 745 753 782 ἀμεθεξίας
766 746 820 773 τῶν
833 746 912 781 ἁγια-

119 790 232 825 σμάτων
247 790 512 825 συνεπιλαμϐάνεται
530 792 576 818 καὶ
595 790 766 826 προσευχῶν,
789 791 837 817 κα)⁸
862 799 910 825 γο-

117 836 274 867 νυκλισιῶν,
303 837 350 863 καὶ
381 837 547 872 ὲκγρατείας
581 837 744 872 βρωμάτων,
768 837 840 864 κατὰ
862 837 911 872 τὴν

117 882 303 918 ὑποκειμένην
315 883 396 917 φύσιν
408 884 455 910 τοῦ
467 884 680 918 ὲπιτιμωμένου.

963 291 1066 321 quanto
1091 287 1223 321 temporis
1250 287 1338 322 spatio
1362 287 1501 314 censuerit
1524 287 1546 314 is
1572 287 1619 322 qui
1644 294 1753 322 poenam

964 334 1071 360 statuit.
1093 333 1186 368 Neque
1205 333 1276 360 ettim
1298 334 1413 368 praecise
1431 334 1546 361 delinire
1562 339 1609 360 ant
1632 339 1754 360 statuere

963 379 1029 407 licet
1045 389 1052 410 :
1069 381 1142 415 quod
1169 380 1240 406 alius
1263 379 1298 406 ab
1325 380 1378 406 alio
1404 378 1512 405 diil‘erat
1534 379 1676 414 dignitate,
1702 379 1753 404 do-

964 426 1065 458 ctrina,
1091 426 1219 460 negotiis.
1243 429 1269 452 ct
1289 429 1379 451 astate.
1397 424 1424 450 Si
1442 432 1506 451 vero
1526 426 1678 451 monachus
1706 424 1751 456 sit,

963 476 1011 499 aut
1030 471 1126 504 lector,
1143 476 1191 498 aut
1214 470 1341 497 monialis
1357 479 1364 497 :
1383 469 1544 504 poenitentia
1558 474 1678 504 peracta.
1696 473 1754 497 sta-

964 516 1011 544 tim
1026 516 1117 543 divina
1135 515 1306 542 Eucharistia
1324 515 1461 542 donetur:
1476 514 1705 549 quemadmodum
1726 517 1754 541 et

963 563 997 590 de.
1024 562 1103 590 laicis
1128 562 1308 592 censendum,
1335 561 1414 593 viris,
1445 561 1565 592 feminis,
1593 560 1752 595 puerisque.

964 607 1138 636 Manifestum
1155 612 1196 635 est
1211 613 1301 634 autem
1314 612 1341 634 et
1355 608 1381 634 in
1399 607 1441 634 his
1456 607 1604 635 discrimen
1617 614 1678 634 esse
1689 614 1754 641 per-

963 662 1105 687 sanarnm,
1122 653 1274 689 dignitatis.
1291 659 1317 680 et
1331 653 1419 680 anatis
1436 662 1443 681 :
1461 658 1491 680 ιιι
1506 653 1550 680 vel
1565 660 1620 680 una
1634 652 1754 688 quadra-

963 701 1066 735 gesima
1092 701 1158 727 satis
1178 701 1202 727 ei
1230 700 1266 727 sit
1290 700 1337 735 qui
1361 700 1552 734 paenitentiam
1578 700 1688 734 accipit.
1706 698 1753 725 Li-

962 745 1045 780 quido
1061 749 1170 773 constat
1185 750 1275 772 autem
1295 745 1498 780 pmnitentiam.
1516 752 1570 772 una
1585 751 1647 771 cum
1668 743 1753 770 dilata

963 791 1139 826 perceptione
1155 791 1345 823 Eucharistiaa,
1361 790 1505 825 complecti
1517 793 1544 817 et
1561 790 1711 821 orationes,
1725 793 1754 816 et

963 845 1083 872 genuum
1097 836 1240 868 ﬂexiones,
1264 841 1291 864 et
1314 836 1511 864 abstinentiam
1537 843 1551 862 a
1575 835 1656 867 cibis,
1673 834 1753 870 juxta

963 875 1036 909 illius
1049 882 1095 916 qtti
1116 890 1225 916 poenam
1242 882 1327 914 subit,
1344 881 1502 909 facultatem
1523 889 1555 909 ac
1571 881 1654 908 vires.

161 916 370 963 ἘρῶτηάιςίΓἌ
386 945 420 949 ——
433 930 499 965 Περὶ
514 916 561 957 του
578 916 679 957 διδόναι
691 929 767 965 δῶρα
780 930 809 957 ὲν
826 939 910 966 μονα-

998 928 1176 964 Interrogatio
1194 927 1237 956 lll.
1258 943 1294 948 ——-
1322 928 1360 956 De
1385 927 1485 960 donis,
1511 935 1546 955 an
1575 927 1752 955 monasteriis

119 976 243 1011 στηρίοις
253 975 386 1011 ἀνδρείοις
399 985 428 1002 τε
442 977 490 1003 καὶ
501 976 678 1011 γυναικείοις.

154 1020 337 1054 Ἀπόκρισις.
353 1036 389 1041 —
404 1022 508 1054 Δοτέον,
519 1023 544 1049 εὶ
555 1022 609 1048 εἰσὶ
629 1021 833 1057 πεφυλαγμένοι
860 1022 909 1058 τῆς

117 1065 261 1100 αἱρετικῆς
276 1067 428 1098 κοινωνίας.

155 1111 317 1146 Ἐρώτησις
332 1113 368 1139 Δ’.
380 1128 415 1132 -
428 1113 496 1147 Περὶ
506 1113 552 1140 τοῦ
578 1115 624 1149 ἀφ’
644 1114 747 1141 ἑαυτῶν
772 1115 911 1146 κοινωνεῖν

117 1157 136 1192 ἢ
149 1156 315 1192 μονάζοντας
329 1157 344 1193 ἤ
363 1158 532 1193 μοναζούσας
544 1159 598 1186 τῶν
617 1160 806 1196 ἀγιασμάτων.

163 1245 344 1279 Ἀπόκρισις.
354 1246 454 1279 -ρὺκ
469 1247 528 1279 ἐξὸν
543 1247 677 1275 ἅπτεσθαι
689 1248 751 1275 οὐδὲ
761 1248 815 1274 τῶν
831 1249 912 1275 Θείων

118 1291 303 1326 ἀναθημάτων
323 1293 387 1324 τοὺς
412 1293 465 1326 ἔξω
481 1294 630 1330 ἱερωσύνης
648 1303 656 1310 ·
687 1295 756 1330 πλὴν
784 1295 808 1320 εί
830 1295 866 1330 μή
885 1304 911 1322 τι

120 1336 190 1363 κατὰ
207 1337 297 1364 πᾶσαν
311 1337 443 1374 ἀνάγκην,
470 1339 508 1374 μὴ
531 1339 727 1375 εὑρισκομένου
759 1339 910 1375 πρεσϐυτέ-

120 1390 170 1417 ρου
196 1382 213 1418 ῆ
235 1382 369 1416 διακόνου,
394 1383 440 1418 ἀφ’
467 1384 570 1411 ἑαυτῶν
595 1385 719 1420 μετέχειν
736 1386 784 1412 τοῦ
811 1384 906 1420 δώρου.

119 1426 206 1453 Τοῦτο
217 1427 245 1453 δὲ
260 1427 336 1460 πῶς;
349 1428 492 1464 τιθεμένης
504 1429 595 1464 βίϐλου
614 1429 699 1465 ἱερᾶς,
713 1429 761 1456 καὶ
773 1430 909 1464 ὲφαπλου-

122 1474 208 1507 μένης
235 1473 331 1508 ὀθόνης
353 1473 487 1509 καθαρᾶς,
507 1474 523 1510 ἢ
551 1475 627 1510 ἱερᾶς
646 1475 908 1510 ὲπικαλυμματίδος,

119 1519 210 1544 ἐκεῖσε
225 1518 271 1545 τοῦ
283 1518 370 1553 δώρου
386 1519 440 1546 ἀπὸ
452 1520 542 1555 χειρὺς
561 1521 608 1546 σὺν
631 1519 707 1555 φόόῳ
732 1520 911 1556 προτεθέντος

122 1564 194 1600 μετὰ
210 1565 260 1600 τὴν
285 1565 434 1600 ὑμνῳδίαν,
457 1565 512 1592 ἀπὸ
543 1566 677 1601 στόματος
702 1566 839 1602 ληπτέον·
862 1565 912 1594 εἴθ’

120 1610 384 1641 οὖτωςδιακλύσεως
399 1610 472 1637 οἴνου
496 1611 642 1646 γινομένης
668 1611 708 1647 τῷ
734 1612 912 1647 λαμϐάνοντι.

162 1657 325 1692 Ἐρώτησις
349 1658 436 1685 E'.-—
462 1658 531 1694 Περὶ
546 1658 658 1691 λαῖκῶν,
683 1658 788 1694 ἀνδρῶν
815 1667 845 1686 τε
865 1660 913 1687 καὶ

120 1704 260 1738 γυναικῶν
271 1703 419 1739 ὀρθοδὸξων
430 1704 460 1736 ἐξ
475 1704 616 1739 όρθοδόξου
631 1704 841 1738 κοινωνούντων,
868 1705 914 1740 φό-

122 1750 163 1786 ὁῳ
174 1751 202 1777 δὲ
211 1750 378 1787 ἀνθρωπίνῳ
387 1751 472 1779 τᾶλλα
484 1751 573 1778 πάντα
598 1752 655 1782 τοῖς
676 1751 824 1786 αἱρετικοῖς
851 1760 914 1778 συν-

122 1798 353 1832 αναμιγνυμένων
364 1806 372 1814 ·
388 1798 445 1830 πῶς
460 1798 512 1834 χρὴ
527 1798 589 1829 τοὺς
602 1796 834 1833 ἁκριὸευομὲνους
849 1797 914 1834 περὶ

122 1844 213 1870 αὐτῶν
231 1843 314 1878 ἔχειν.

164 1890 343 1924 Ἀπόκρισις.
360 1907 394 1913 —-
416 1891 483 1918 Ἀπὸ
510 1891 559 1926 μὲν
581 1892 719 1926 ἱερατικοῦ
749 1892 834 1928 ἣγουν
848 1900 913 1926 πρε-

127 1934 261 1970 σϐυτέρου
279 1936 327 1962 καὶ
341 1936 476 1968 διακόνου,
491 1937 653 1972 μονάζοντός
665 1947 696 1964 τε
717 1938 765 1965 καὶ
783 1937 914 1973 μονα.ζοὺ-

124 1990 184 2018 σης,
199 1983 332 2017 ἀφεκτέον
346 1983 497 2010 συνεσθίειν
513 1983 558 2010 τὸν
571 1985 761 2020 ὴκριϐωμένον
777 1993 785 2001 ο
801 1984 851 2011 οὐκ
875 1980 914 2010 οἴ-

123 2029 156 2055 δα
167 2029 192 2055 εἰ
211 2029 248 2064 μή
264 2037 291 2056 τι
305 2030 460 2064 οἰκονομίας
476 2029 580 2064 τρόπῳ,
598 2030 737 2057 καὶτοῦτο
762 2029 915 2056 σπανιώτε-

125 2084 182 2111 ρον.
203 2076 270 2103 ’Δπὺ
279 2076 306 2102 δὲ
315 2075 369 2102 τῶν
384 2076 497 2108 λαῖκῶν,
509 2077 656 2112 ἀδιάφορον
677 2076 709 2103 τὸ
737 2075 886 2103 συνεσθίειν
905 2083 912 2090 ·

124 2120 176 2148 κᾶν
190 2121 261 2157 τύχῃ
275 2121 405 2153 πολλάκις
418 2122 466 2149 καὶ
474 2124 613 2149 κοινωνεῖν
630 2122 712 2149 αὑτὸν
723 2122 799 2158 φόϐῳ
819 2123 852 2156 τῇ
869 2121 914 2147 ati—

125 2168 212 2201 ρέσει,
229 2166 326 2202 ἔχοντα
339 2167 367 2194 δὲ
377 2167 452 2203 ὅμως
467 2167 607 2203 όροόδοξον
622 2167 652 2194 τὸ
676 2168 814 2203 φρόνημα.
838 2167 914 2202 Πλὴν

124 2213 168 2238 ἶνα
178 2212 215 2247 μὴ
233 2212 382 2238 ἀκόλαστον
394 2212 438 2247 εἴη
447 2212 478 2240 τὸ
497 2213 650 2248 ἁμάρτημα
663 2232 671 2245 ,
696 2212 794 2248 μικρὸν
823 2212 913 2238 ἐπιτί-

965 978 1020 1001 tum
1033 975 1153 1001 virorum
1168 979 1226 1001 tttm
1245 973 1408 1000 feminarum
1428 973 1486 1000 dari
1498 973 1626 1000 debeant.

1001 1019 1154 1054 Responsio.
1169 1035 1205 1040 —
1220 1019 1312 1046 Danda
1330 1024 1403 1052 sunt,
1422 1019 1446 1046 si
1462 1018 1573 1054 quidem
1589 1019 1607 1045 ii
1629 1018 1684 1045 sint
1697 1017 1754 1046 haz-

963 1066 1054 1093 retica:
1071 1065 1276 1093 communionis
1292 1070 1431 1099 expertes.

999 1110 1178 1146 Interrogatio
1195 1109 1239 1137 ιν.
1256 1125 1291 1130 -
1312 1110 1348 1137 De
1372 1109 1568 1138 communione
1593 1118 1678 1137 sacra:
1698 1110 1754 1136 Eu-

963 1157 1111 1189 charistize,
1131 1164 1214 1192 quam
1231 1165 1279 1192 per
1297 1165 1327 1185 se
1342 1157 1394 1192 ipsi
1413 1156 1541 1184 monachi
1560 1156 1601 1184 vel
1618 1155 1752 1184 mottiales

963 1203 1112 1237 accipiant.

999 1248 1154 1283 Responsio.
1169 1264 1205 1268 —
1217 1248 1257 1276 Ne
1273 1256 1353 1276 sacra
1369 1249 1480 1284 quidem
1500 1247 1615 1275 donaria
1641 1251 1752 1282 tangere

963 1294 1067 1321 licitum
1084 1299 1127 1321 est
1140 1294 1174 1321 iis
1192 1295 1239 1330 qui
1263 1294 1420 1322 sacerdotes
1437 1301 1491 1321 non
1512 1299 1576 1322 sunt
1591 1302 1598 1320 :
1614 1301 1676 1324 nec.
1697 1293 1752 1320 nisi

965 1340 1035 1368 forte
1050 1341 1213 1368 necessitate
1227 1346 1349 1376 urgente,
1367 1341 1390 1368 si
1404 1340 1475 1368 desit
1490 1341 1630 1375 presbyter
1641 1339 1682 1367 vel
1693 1339 1753 1366 dia-

966 1394 1071 1420 conus;
1088 1394 1136 1422 per
1162 1387 1282 1422 seipsum
1311 1395 1420 1415 sumere
1441 1387 1653 1414 Eucharistiant.
1677 1385 1752 1414 Istud

966 1437 1057 1460 autem
1075 1440 1130 1468 quo
1149 1432 1250 1467 pacto?
1266 1431 1361 1460 Posito
1384 1440 1461 1461 sacro
1478 1433 1558 1465 libro.
1584 1437 1754 1467 extensoque

965 1486 1033 1513 puro
1056 1478 1150 1510 linteo,
1178 1483 1226 1505 aut
1249 1486 1329 1505 sacro
1352 1478 1498 1511 velamine,
1525 1478 1650 1513 deposita
1676 1477 1753 1512 prius

965 1525 1021 1553 illic
1048 1533 1064 1553 e
1090 1533 1173 1552 manu
1190 1533 1251 1552 cum
1278 1529 1352 1553 metu
1378 1533 1457 1553 sacra
1484 1524 1670 1557 Eucharistia,
1691 1529 1754 1559 post

967 1570 1130 1605 hymnorum
1156 1570 1360 1603 recitationem,
1376 1578 1425 1598 ore
1450 1570 1522 1597 sumi
1539 1570 1629 1598 debet.
1643 1569 1752 1602 Postea,

965 1616 1012 1652 qui
1028 1616 1146 1650 accepit.
1167 1616 1280 1642 abluere
1299 1624 1330 1643 os
1347 1616 1411 1643 vino
1428 1616 1517 1643 debet.

999 1660 1180 1696 Interrogatio
1198 1660 1229 1688 V.
1239 1676 1271 1681 —
1281 1660 1319 1688 De
1335 1661 1424 1692 laicis.
1435 1661 1503 1688 viris
1518 1669 1550 1688 ac
1579 1660 1689 1688 feminis
1704 1668 1751 1687 or-

965 1707 1106 1740 thodosis,
1122 1707 1169 1741 qui
1182 1707 1217 1734 ab
1229 1707 1386 1734 orthodoxo
1399 1708 1616 1739 communicant,
1633 1707 1754 1734 humano

964 1757 1054 1781 autem
1078 1753 1176 1780 timore
1201 1753 1229 1780 in
1252 1753 1358 1780 exteris
1376 1752 1506 1780 outnibus
1529 1760 1591 1780 cum
1617 1752 1753 1779 haereticis

964 1799 1136 1826 miscentur:
1152 1799 1290 1833 quomodo
1308 1799 1370 1826 illos
1384 1802 1520 1833 oporteat,
1535 1798 1582 1833 qui
1602 1798 1753 1826 exactioris

964 1846 1116 1881 disciplima
1130 1846 1246 1874 studiosi
1263 1851 1336 1878 sunt,
1349 1854 1411 1873 cum
1427 1845 1470 1873 his
1486 1853 1515 1873 se
1530 1853 1635 1881 gerere.

1002 1891 1159 1926 Responsio.
1181 1906 1215 1911 -—
1231 1890 1317 1918 Sacro
1344 1889 1454 1926 quidem
1482 1891 1597 1923 homini,
1621 1890 1674 1917 hoc
1699 1894 1753 1922 est,

965 1938 1122 1973 presbytero
1139 1941 1166 1964 et
1179 1937 1304 1968 diacono.
1321 1936 1421 1964 deinde
1437 1937 1574 1963 monacho
1588 1941 1615 1964 et
1629 1936 1753 1968 moniali,

965 1984 1115 2011 cavendum
1137 1991 1171 2010 ex
1191 1983 1336 2018 disciplina
1353 1983 1491 2010 exactiore
1515 1990 1550 2010 ne
1569 1990 1630 2010 cum
1647 1983 1690 2010 his
1714 1982 1756 2009 ci-

964 2029 1030 2056 bum
1043 2033 1135 2056 sumat
1147 2037 1153 2055 :
1171 2029 1225 2055 nisi
1238 2028 1306 2055 [orte
1321 2035 1369 2062 per
1383 2027 1596 2063 dispensationis
1607 2028 1753 2063 quemdam

965 2075 1091 2107 modum,
1117 2078 1144 2101 et
1161 2074 1214 2101 hoc
1230 2074 1321 2108 ipsum
1339 2075 1439 2101 rarius.
1460 2074 1550 2102 Laicis
1569 2082 1634 2101 vero
1649 2074 1753 2102 licitum

964 2125 1016 2153 est,
1037 2120 1130 2147 cibum
1146 2127 1209 2147 cum
1233 2119 1276 2147 his
1295 2128 1414 2154 capere:
1430 2120 1538 2148 etiamsi
1557 2128 1628 2155 saepe
1645 2121 1755 2148 contin-

965 2171 1010 2202 gat
1022 2165 1072 2193 hos
1084 2173 1118 2193 ex
1131 2169 1204 2192 metu
1218 2166 1421 2193 communicare
1443 2166 1539 2193 haeresi
1553 2175 1560 2199 ;
1573 2167 1636 2193 dum
1653 2172 1755 2193 rectam

965 2212 1074 2238 interim
1097 2211 1177 2238 ﬁdem
1199 2211 1292 2238 animo
1307 2215 1430 2238 teneant.
1446 2210 1561 2245 Tamen,
1579 2219 1613 2239 ne
1635 2212 1756 2249 imponi:

126 2267 186 2292 μιον
199 2257 358 2284 ὲπιδιδόσθω
374 2259 428 2290 τοῖς
443 2258 636 2294 ἀδιαφοροῦσιν
651 2259 683 2285 ὲκ
697 2258 782 2292 φόῆου
795 2259 851 2289 τοῖς
868 2257 912 2284 αἱ-

970 2262 1025 2284 ιυιη
1046 2257 1082 2284 sit
1096 2256 1236 2290 dilectutn,
1255 2257 1353 2292 exigua
1372 2257 1531 2291 imponatur
1552 2265 1631 2293 paena
1656 2258 1690 2284 iis
1708 2257 1756 2292 qui

124 2303 254 2338 ρετικοῖς.
272 2303 308 2329 Τὸ
321 2303 349 2329 δὲ
364 2302 688 2338 ἐπιτίμιον,γονυκλισίαι
708 2302 915 2334 πεντεκαίδεκα,

124 2347 204 2381 εὐχαὶ
219 2346 359 2379 ὡσαύτως·
375 2348 473 2381 Κύριε,
483 2347 686 2382 συγ-χώρησὼ
692 2355 741 2382 μοι
754 2347 812 2382 τὴν
823 2347 916 2382 ἀμαρ-

125 2394 194 2419 τιίιν
206 2401 213 2408 ·
236 2393 332 2427 Κύριε,
346 2392 488 2426 ίλάσθητί
498 2401 550 2428 μοι
564 2392 603 2426 τῷ
617 2392 781 2427 ἁμαρτωλῷ
795 2402 802 2408 ι
815 2393 913 2428 Κύριε,

123 2437 256 2472 ἐλέησόν
265 2446 303 2473 με
322 2445 330 2454 ·
345 2437 399 2464 ἀπὸ
413 2437 592 2473 πεντήκοντα,
613 2438 672 2473 ἦτοι
684 2438 792 2464 ἑκατόν.

167 2525 327 2560 Ἐρώτησις
342 2524 472 2559 CIC—Et
491 2526 544 2562 χρὴ
574 2527 629 2558 τοῖς
648 2526 833 2562 συμψάλλουσι
860 2528 917 2559 τοῖς

125 2573 284 2608 αἱρετικοῖς,
302 2572 482 2607 ἁπεχομένοις
493 2572 521 2598 δὲ
534 2572 583 2607 τῆς
599 2573 741 2604 κοινωνίας
756 2572 856 2605 αὐτῶν,
883 2573 916 2599 ἂν

125 2628 155 2646 τε
171 2619 361 2654 πρεσϐυτέρῳ,
375 2619 408 2645 ἄν
427 2627 457 2645 τε
477 2618 603 2653 διακόνῳ,
619 2619 652 2645 ἄν
676 2626 705 2644 τε
721 2618 818 2653 λαῐκῷ,
839 2620 870 2646 ἄν
887 2628 917 2646 τε

125 2663 245 2696 γυναικὶ,
261 2662 430 2697 μεταδιδόναι
445 2662 499 2689 τῶν
514 2662 692 2698 ἁγιασμάτων
708 2663 753 2689 τὸν
778 2663 917 2699 ὀροὸδοξον

126 2708 213 2742 ἱερέα.

169 2757 345 2791 Ἀπόκρισις.
364 2772 410 2785 --.
426 2757 463 2784 Τὸ
479 2757 528 2793 μὲν
546 2755 593 2784 οὖν
611 2757 790 2792 μεταδιδόναι,
806 2758 917 2793 μεταδι-

126 2802 194 2829 δύτω
209 2811 215 2816 ·
225 2804 282 2834 τοῖς
300 2804 349 2837 μὲν
367 2804 537 2839 ίερωμένοις,
548 2805 727 2839 οἰκονομικῶς
746 2804 815 2840 μετὰ
831 2805 918 2831 term-

129 2849 201 2882 μίου,
222 2849 266 2875 διὰ
285 2849 334 2885 τὴν
359 2849 427 2884 πρὸς
452 2851 516 2881 τοὺς
540 2851 697 2885 αἱρετικοὺς
718 2851 871 2885 ἀπαγωγὴν
889 2852 918 2877 ὲν

127 2896 182 2926 τοῖς
195 2895 286 2927 ἄλλοις
298 2904 306 2911 ·
323 2897 378 2927 τοῖς
390 2896 417 2922 δὲ
434 2896 538 2928 λαῖκοῖς
557 2896 620 2923 ἄνευ
639 2897 789 2932 ἐπιτιμίου.
809 2898 877 2933 Περὶ
889 2898 918 2925 δὲ

130 2941 176 2970 τοῦ
189 2942 292 2970 διετίαν
306 2942 413 2978 ἑκοντος
435 2943 608 2978 ἀναγνώστου
634 2945 663 2971 εν
687 2946 719 2980 τῇ
749 2945 837 2981 ἀποχῇ
870 2946 917 2981 τῆς

964 2311 1027 2332 cum
1057 2303 1192 2331 haereticis
1218 2311 1250 2331 ex
1272 2309 1346 2331 metu
1366 2305 1525 2339 promiscue
1552 2309 1646 2339 agunt.
1671 2302 1756 2331 Poma

966 2358 1049 2383 vero,
1078 2350 1236 2386 quindecim
1265 2350 1396 2378 ﬂexiones
1423 2358 1554 2385 genuum,
1583 2350 1755 2384 precationes

967 2397 1077 2424 totidem
1093 2405 1099 2424 :
1116 2396 1238 2430 Domine,
1252 2396 1355 2432 ignosce
1375 2397 1442 2423 milu'
1457 2396 1506 2423 lioc
1524 2401 1679 2431 peccatum;
1701 2396 1755 2422 Do-

966 2442 1046 2474 mine,
1062 2443 1192 2477 propitius
1209 2447 1263 2468 esto
1280 2442 1343 2468 mihi
1361 2443 1512 2478 peccatori;
1530 2441 1652 2475 Domine,
1678 2442 1756 2469 mise-

967 2495 1023 2514 rere
1038 2489 1108 2520 met';
1124 2488 1304 2524 quinquagies
1319 2489 1362 2516 vel
1375 2489 1491 2516 centies.

1004 2532 1184 2569 Interrogatio
1203 2534 1245 2561 Vl.
1267 2535 1353 2560 —An
1370 2539 1496 2569 oporteat
1511 2534 1544 2561 iis
1561 2534 1609 2570 qui
1624 2542 1687 2562 cum
1700 2533 1754 2562 hae-

967 2579 1062 2607 reticis
1077 2580 1158 2606 simul
1174 2580 1303 2615 psallunt,
1324 2581 1358 2607 ab
1375 2581 1498 2615 ipsorum
1515 2585 1605 2608 autem
1628 2588 1753 2608 commu-

968 2625 1051 2653 nione
1079 2626 1230 2659 abstinent,
1254 2627 1311 2654 sive
1335 2627 1505 2662 presbytero.
1538 2627 1597 2653 sive
1623 2627 1755 2658 diacono.

968 2671 1026 2699 sive
1045 2673 1201 2704 laico,.sive
1219 2673 1339 2706 mulieri,
1357 2672 1558 2701 Eucharistiam
1573 2673 1707 2708 impertiri
1721 2674 1756 2702 ab

968 2717 1122 2745 orthodoxa
1137 2718 1290 2746 sacerdote.

1004 2762 1157 2798 Responsio.
1179 2780 1214 2785 -—
1235 2765 1313 2799 Quod
1341 2766 1374 2793 ad
1397 2765 1610 2800 impertiendum
1637 2766 1755 2800 attinet.

969 2811 1142 2846 impcrtialur
1164 2811 1259 2846 utiqtte
1275 2820 1281 2838 :
1297 2811 1489 2839 sacerdotibus
1512 2812 1622 2847 quidem
1653 2820 1687 2840 ex
1713 2813 1756 2841 die

969 2856 1144 2891 spensatione
1162 2864 1225 2884 cum
1241 2857 1411 2891 poenitentia,
1430 2857 1504 2892 quod
1520 2857 1554 2884 ab
1569 2857 1708 2886 hzet'eticis
1728 2859 1746 2886 it

970 2902 1030 2929 aliis
1050 2902 1132 2929 rebus
1145 2910 1174 2929 sc
1193 2902 1355 2929 abstrahunt
1369 2910 1376 2929 :
1393 2902 1471 2930 laicis
1487 2907 1577 2930 autem
1594 2903 1653 2930 sine
1667 2904 1746 2938 paeni-

971 2948 1062 2976 tentia.
1081 2947 1178 2975 Lector
1201 2955 1265 2975 vero
1283 2947 1304 2974 si
1321 2948 1376 2982 jam
1395 2956 1411 2983 p
1423 2957 1442 2976 τ
1458 2949 1600 2978 biennium
1626 2949 1751 2978 lucretica
