1927 3089
175 134 242 167 1663

765 143 795 174 S.
811 142 1008 175 THEODORI
1033 146 1206 179 STUDITB

1732 147 1802 181 1665

174 193 368 221 communione
380 194 523 227 abstinuit,
539 203 647 231 tequum
663 200 705 224 cst
720 204 782 224 eum
798 199 954 233 participem

1017 201 1156 238 ιίρετικῆς
1178 202 1332 235 κοινωνίας,
1366 202 1470 230 δίκαιον
1492 201 1616 238 μετέχειν
1637 201 1719 230 αὐτὸν
1745 203 1798 229 τῶν

174 239 232 266 fieri
250 247 334 266 sacrm
348 239 539 273 Eucharistiaa,
563 242 615 269 etsi
629 241 656 269 in
673 241 736 270 aliis
758 243 888 278 abreptus
903 244 959 272 [αδ

174 283 219 310 rit.
238 282 277 311 Ex
293 284 496 319 dispensatione
509 290 599 313 autem
614 286 672 314 haec
682 287 754 315 dicta
769 293 833 315 sunt
848 294 959 324 propter

174 328 314 356 hominum
342 330 571 365 imbecillitatem;
606 340 639 360 ne
666 332 731 360 dum
756 341 804 361 eos
832 339 959 369 optamus

173 374 276 402 efficere
294 376 369 402 omni
384 376 510 404 hterelica
524 379 722 413 conspersione
736 386 833 413 puros,
848 380 959 408 incaute

173 419 247 455 ipsos
262 421 288 448 in
304 422 398 448 eadetn
416 422 538 456 pericula
555 424 743 459 conjiciamus.

209 465 386 501 Interrogatio
410 467 466 495 Vll.
483 482 517 488 —
543 469 585 496 An
609 475 734 504 oporteat
761 479 815 498 una
844 471 958 506 psallere

173 520 234 539 cum
255 513 289 541 iis
305 514 352 548 qui
381 515 515 543 haereticis
544 524 596 543 non
616 518 821 545 communicant
834 519 956 553 quidem,

172 557 218 584 ενι]
234 565 296 584 eum
315 558 349 585 iis
365 559 451 587 libere
468 565 552 594 agunt
569 562 594 588 in
613 562 673 589 aliis
693 563 775 590 rebus
791 573 798 591 :
816 568 863 590 aut
881 565 956 592 acci-

171 611 236 638 pere
252 604 407 634 oblationes
423 606 457 632 ab
472 606 550 640 ipsis,
569 615 616 635 seu
631 615 734 641 ceram,
751 617 799 637 seu
819 610 920 638 oleum.

204 648 358 683 Responsio.
378 664 407 668 ——
424 650 451 678 Si
467 652 578 686 quidem
599 655 756 682 sacerdotes
770 655 882 689 fuerint,
905 665 956 686 nec

170 694 342 724 hcterodoxis
356 696 480 730 emerant,
497 699 655 734 accipienda
671 701 705 728 ab
719 701 753 729 iis
775 703 877 735 oblata,
893 711 955 732 cum

169 739 327 772 pmtiitentia
352 741 456 776 aliqua.
480 742 508 769 Si
525 751 590 770 vero
613 743 685 776 laici,
711 745 771 773 sine
795 748 956 781 pmnitentia

168 792 250 819 porro
273 787 452 821 pergendum.
476 788 588 823 Oportet
611 790 684 817 enim
707 791 855 820 discrimen
882 801 954 826 esse,

168 835 280 864 propter
296 831 448 860 sacerdotis
465 833 637 869 dignitatem.

205 876 387 912 Interrogatio
410 879 480 907 VIII.
505 895 540 900 —
560 881 602 908 An
629 881 694 909 licet
719 882 798 910 nobis
820 883 952 918 precatio-
968 893 990 921 Β

169 929 230 948 nem
247 922 376 951 adhibere
399 924 432 951 iis
450 925 496 960 qui
514 929 643 960 poscunt,
663 931 711 954 aut
730 927 819 955 oleum
840 928 952 956 benedi-

168 974 241 1000 cere,
270 972 317 995 aut
342 977 434 998 ceram
464 972 637 1006 accendere,
669 977 733 1001 aute
762 981 843 1002 sacro
867 975 953 1003 calice

166 1012 260 1040 bibere
267 1013 280 1040 ?

203 1058 356 1093 Responsio.
371 1077 407 1083 —
422 1061 451 1090 Si
467 1063 626 1092 heterodoxi
643 1069 709 1093 sunt
720 1085 728 1098 ,
745 1066 861 1094 minime
880 1066 952 1096 :ctsi

167 1112 230 1132 cum
253 1105 304 1134 title
321 1107 464 1136 accedant.
483 1109 568 1137 Nulla
582 1110 652 1138 enim
670 1111 783 1139 societas
796 1112 850 1139 luci
866 1113 902 1142 ad
915 1117 954 1141 te-

166 1150 260 1178 nebras
271 1152 306 1178 ".

204 1195 384 1233 Interrogatio
404 1197 451 1227 IX.
475 1215 511 1220 —
529 1199 557 1227 Si
584 1202 735 1230 monachus
759 1208 806 1229 aut
826 1202 954 1231 monialis

167 1243 201 1270 ad
218 1251 270 1271 nos
286 1245 391 1272 venerit
406 1245 505 1273 divinae
524 1245 703 1275 Encharistiaa
718 1255 812 1281 causa,
828 1256 953 1283 quamam

166 1288 300 1324 exigenda
325 1289 464 1319 confessio
484 1297 536 1325 est,
564 1292 622 1325 ubi,
644 1300 702 1328 quo
724 1294 779 1321 sint
804 1294 842 1322 illi
868 1299 952 1329 statu,

166 1334 270 1362 lateat?

205 1380 498 1416 Responsio—Omni
524 1383 645 1411 venienti
666 1383 848 1419 impertienda
877 1392 954 1412 com-

167 1427 271 1461 munio,
285 1428 308 1455 si
325 1436 380 1464 quo
403 1428 430 1456 in
448 1433 520 1456 statu
538 1429 575 1457 sit
593 1430 749 1465 ignoratur,
763 1432 902 1466 rogandus
919 1439 954 1459 an

166 1475 350 1501 venerandam
365 1474 466 1502 Christi
483 1475 631 1512 imaginem
645 1481 672 1504 et
684 1482 843 1505 sanctorum
861 1479 933 1506 colat
946 1487 954 1506 :

166 1526 202 1546 an
219 1518 307 1554 fugiat
323 1519 514 1548 haereticorum
540 1521 772 1556 communionem,
795 1531 847 1551 nec
870 1525 952 1552 aliam

165 1564 250 1592 ullam
269 1565 424 1593 haereticam
450 1567 542 1594 animo
560 1567 723 1595 sententiam
739 1573 839 1596 teneat.
864 1570 953 1605 Atque
968 1559 990 1589 (ἶ

167 1611 213 1638 ubi
233 1611 324 1638 omnia
339 1611 483 1640 confessus
502 1611 597 1646 fuerit,
611 1617 640 1641 et
658 1613 796 1642 confessio
816 1615 954 1642 tenebitur

166 1664 276 1684 omnem
300 1657 434 1684 detestata
458 1657 603 1692 lueresim;
631 1663 697 1687 tunc
721 1659 899 1694 impertienda
928 1660 954 1688 ei

166 1711 253 1731 sacra:
268 1703 450 1731 Eucharistire
462 1704 621 1732 communio
634 1709 687 1733 est.

202 1749 381 1785 Interrogatio
403 1749 438 1776 X.
452 1764 486 1769 —
500 1750 542 1777 An
569 1750 650 1779 liccat
677 1751 790 1779 moniali
813 1759 912 1787 aquam
938 1759 954 1779 ο

167 1803 247 1823 sacro
263 1796 350 1823 calice
363 1795 470 1823 bibere.
489 1794 536 1832 [Ut
549 1801 615 1831 puta
628 1797 755 1825 sanitatis
769 1796 878 1833 causa.j

201 1841 356 1876 Responsio.
371 1856 407 1862 -ι
422 1841 451 1868 ln
468 1849 575 1869 summa
590 1842 742 1870 sacerdotis
759 1848 807 1871 aut
825 1842 953 1871 monachi

165 1887 292 1922 penuria,
307 1887 343 1914 ob
362 1891 504 1922 urgentem
523 1888 726 1921 necessitatem,
740 1888 825 1916 bibat.

203 1974 384 2010 Interrogatio
407 1974 451 2002 XI.
467 1991 495 1996 —
516 1975 543 2003 In
558 1975 676 2004 transitu
701 1984 767 2003 num
791 1976 897 2011 ingredi
912 1976 954 2005 fas

169 2021 197 2049 in
216 2021 369 2049 Ecclesiam
383 2029 466 2056 quam
487 2022 633 2050 htereticus
650 2021 796 2049 obtineat?

202 2068 359 2102 Responsio.
374 2084 408 2088 —
421 2067 450 2096 Si
474 2076 557 2104 penes
581 2069 736 2096 haereticutn
761 2068 884 2096 Ecclesia
899 2073 953 2102 est,

166 2114 279 2142 omnino
293 2122 348 2142 non
371 2115 434 2142 licet
449 2115 552 2150 ingredi
576 2114 708 2142 orationis
729 2122 813 2143 causa
827 2124 834 2142 :
851 2114 903 2143 nisi
919 2115 956 2143 ob

167 2159 249 2186 aliam
264 2159 501 2187 circumstantiam
516 2167 576 2194 qua:
590 2163 712 2186 excuset.

203 2259 384 2294 Interrogatio
407 2259 466 2287 Xll.
499 2275 531 2281 -
548 2260 671 2296 Ignotum
695 2261 819 2288 abbatem
841 2261 875 2288 ad
901 2268 953 2289 nos

167 2307 334 2339 venientem,
353 2314 387 2334 an
407 2306 448 2334 fas
463 2311 527 2333 ante
547 2314 673 2339 examen,
689 2311 720 2334 ut
734 2312 861 2335 sanctum
877 2315 954 2335 com-

168 2351 281 2386 pellare,
300 2359 332 2378 ac
347 2351 534 2386 precationem
552 2351 586 2378 ab
601 2359 634 2379 eo
650 2360 774 2387 poscere.

204 2396 361 2432 Responsio.
377 2412 413 2417 —
426 2397 653 2433 Quandoquidem
678 2402 784 2433 tempus
809 2403 851 2426 est
871 2399 957 2426 Ιιιιετος

169 2442 218 2474 sis,
240 2447 303 2470 ante
326 2449 441 2470 examen
464 2450 519 2470 non
546 2448 653 2477 oportet
667 2451 775 2479 neque,
791 2443 952 2477 Benedicite,

169 2489 266 2521 sancti,
294 2489 398 2522 dicere,
425 2496 477 2516 nec
504 2489 690 2524 precationem
717 2490 752 2518 ab
775 2498 808 2517 eo
830 2498 954 2526 poscere.

169 2534 330 2562 Communis
349 2543 415 2562 vero
437 2535 596 2570 deneganda
612 2543 665 2563 non
692 2541 735 2564 cst
750 2536 891 2570 salutatio,
913 2544 956 2565 se-

170 2579 292 2607 cundum
310 2580 397 2608 sancti
413 2579 507 2607 Basilii
525 2580 760 2608 constitutionem.

206 2625 387 2662 Interrogatio
419 2626 487 2654 Xlll.
501 2641 538 2647 -—
552 2626 590 2655 De
605 2633 698 2662 puteo,
722 2627 746 2655 si
763 2627 886 2662 pollutus
908 2628 956 2662 sit,

172 2679 206 2700 an
231 2678 339 2706 precem
363 2679 492 2707 peragere
512 2676 635 2707 oporteat
655 2671 838 2700 orthodoxum
864 2679 956 2701 sacer-

171 2717 272 2746 dotem.

210 2859 231 2877 "
255 2858 276 2886 ll
289 2859 352 2888 Cor.
366 2867 403 2893 Vl,
421 2859 465 2888 H.

1009 246 1197 281 ἁγιασμάτων,
1211 248 1262 274 κᾶν
1278 248 1308 274 ὲν
1319 248 1376 280 τοῖς
1391 247 1482 278 ἄλλοις
1496 247 1701 283 συναπάγηται.
1718 247 1792 274 Οίκο-

1009 293 1129 326 νομικῶς
1141 293 1171 320 δὲ
1185 293 1272 320 ταῦτα
1285 293 1393 329 είρηται
1405 292 1450 319 διὰ
1462 293 1511 334 τὴν
1525 293 1669 320 ἀσθένειαν
1682 292 1737 319 τῶν
1753 293 1796 319 ἀν-

1009 335 1126 371 θρώπων
1140 345 1148 352 υ
1164 346 1202 369 ως
1216 337 1249 364 ἂν
1264 338 1301 373 μὴ
1315 338 1403 373 πάντη
1422 336 1567 372 ζητοῦντες
1596 337 1693 368 αὐτοὺς
1705 336 1789 364 ,καθα

1009 382 1074 417 pob;
1102 384 1189 409 ποιεῖν
1212 383 1262 418 τῆς
1279 383 1421 419 αἰρετικῆς
1447 383 1641 418 συμφύρσεως,
1669 382 1798 418 λάθωμεν

1008 427 1048 459 είς
1062 428 1132 456 αὐτὰ
1142 429 1177 456 τὰ
1187 430 1282 464 καίρια
1297 430 1482 465 παραλύοντες
1499 429 1608 461 αὐτούς.

1051 474 1213 508 Ἐρώτησις
1226 476 1263 502 Z'.
1277 489 1312 495 ——
1326 476 1357 502 Εἰ
1368 475 1408 501 δεῖ
1427 474 1595 510 συμψάλλειν
1612 475 1668 506 τοῖς
1685 474 1723 509 μὴ
1740 482 1798 500 κοι-

1007 520 1123 547 νωνοῦσι
1139 522 1197 553 τοῖς
1211 520 1369 556 αίρετικοῖς,
1387 521 1564 556 ἀδιαφοροῦσι
1582 521 1611 548 δὲ
1625 521 1654 547 ὲν
1670 522 1727 552 τοῖς
1748 520 1796 547 ἄλ-

1007 566 1077 598 λοις·
1094 566 1110 602 ἢ
1123 566 1247 602 δέχεσθαι
1262 567 1420 603 προσφορὰς
1434 568 1501 603 παρ’
1515 567 1617 601 αὐτῶν,
1642 567 1659 603 ἢ
1680 568 1795 602 κηροὺς.

1034 612 1133 639 ἔλαιον.

1007 612 1229 690 “ﬁxa-mm.
1239 668 1274 674 —-
1284 653 1316 680 Εἰ
1329 652 1379 688 μὲν
1394 653 1416 678 is
1422 653 1537 693 ρωμιξνοι
1553 650 1618 684 εἶεν,
1635 654 1682 678 καὶ
1693 653 1722 678 οὐ
1736 654 1795 685 τοῖς

1004 701 1167 738 ιτεροδόξοις
1192 700 1387 737 προσφέρουσι,
1402 698 1584 734 προσδεκτέον
1607 697 1642 724 τὰ
1665 698 1730 732 παρ’
1745 697 1796 723 αὐ-

1005 749 1058 776 τῶν
1073 748 1311 785 προσενηνεγμένα
1329 747 1387 783 μετ’
1399 746 1538 781 ὲπιτιμίου
1551 745 1633 776 τινός.
1646 744 1678 770 Εί
1689 743 1717 770 δὲ
1733 744 1792 770 καί-

1004 796 1059 829 κοὶ,
1072 795 1136 823 ἄνευ
1151 795 1288 829 ἐπιτιμίου
1300 794 1452 829 προσιτέον.
1474 793 1521 819 Δεῖ
1537 791 1592 828 γὰρ
1608 790 1793 826 διαφορότητα

1004 839 1074 867 εἶναι
1089 839 1133 866 διὰ
1147 839 1178 866 τὺ
1192 839 1240 874 τῆς
1252 838 1401 874 ἱερωσύνης
1413 837 1532 872 ἀξίωμα.

1045 885 1203 920 Ἐρώτησις
1216 885 1257 913 Η’.
1271 901 1305 906 —
1321 886 1353 912 Et
1366 885 1455 918 ἔξεστι
1477 884 1564 911 ποιεῖν
1586 882 1643 914 τοῖς
1667 881 1791 909 αἰτοῦσιν

1003 932 1070 967 ἡμῖν
1083 931 1177 966 εὐχὴν,
1191 931 1207 967 ἢ
1223 931 1345 965 εὐλογεῖν
1361 931 1461 962 ἔλαιον,
1483 930 1501 965 ἢ
1530 929 1632 965 κηροὺς
1649 927 1794 959 ἀνάπτειν,

1003 977 1020 1012 ἢ
1035 978 1217 1014 ὰπομυρίζειν
1230 976 1314 1012 ἇγια;

1045 1065 1228 1099 ’Δπόκρισις.
1241 1079 1278 1086 —-
1300 1063 1364 1091 Ἐὰν
1376 1063 1524 1099 ἑτερόδοξοι
1539 1062 1619 1095 εἰσιν,
1645 1060 1775 1096 οὐδαμῶς
1784 1069 1796 1078 ·

1003 1111 1056 1138 κᾶν
1084 1110 1174 1137 πίστει
1191 1109 1406 1146 προσέρχωνται.
1440 1109 1569 1144 οὐθεμια
1583 1107 1638 1144 τὰρ
1654 1108 1796 1135 κοινωνία

1003 1157 1076 1192 φωτὶ
1089 1156 1164 1192 πρὸς
1177 1156 1299 1189 σκότος.

1045 1202 1206 1237 Ἐρώτησις
1225 1201 1264 1229 Θ’.
1274 1201 1379 1229 -Ἐὰν
1396 1201 1519 1237 μονᾶζων
1533 1201 1550 1237 ἢ
1569 1201 1722 1237 μονάζουσα
1732 1200 1796 1236 ἥκοι

1004 1247 1073 1282 πρὸς
1089 1248 1163 1282 ἡμᾶς
1176 1247 1222 1273 ἐπὶ
1240 1248 1274 1282 τῇ
1292 1247 1352 1282 θείᾳ
1376 1245 1504 1282 κοινωνίᾳ
1520 1255 1528 1263 ’
1549 1246 1675 1282 ποταπὴν
1700 1246 1798 1280 ὀμολο·

1003 1294 1066 1328 γίαν
1092 1293 1256 1329 ἀπαιτητέον
1283 1292 1327 1319 διὰ
1349 1293 1380 1319 τὸ
1401 1294 1574 1327 ἁδιάγνωστα
1591 1290 1662 1319 εἶναι
1683 1292 1718 1319 τὰ
1732 1292 1800 1319 κατ’

1004 1339 1102 1370 αὐτούς
1112 1348 1119 1372 ;

1046 1386 1230 1419 Ἀπόκρισις.
1244 1400 1281 1406 -
1308 1385 1402 1412 Πάντα
1421 1385 1467 1412 τὶν
1495 1385 1643 1421 ἐρχόμενον
1662 1386 1799 1422 κοινωνῇ-ι

1005 1439 1060 1458 σαι.
1077 1431 1109 1457 Εί
1126 1432 1264 1465 ἀγνοεῖται
1278 1431 1312 1458 τὰ
1324 1432 1384 1458 κατ’
1397 1431 1488 1464 αὐτὸν,
1501 1431 1652 1467 ὲρωτητέον
1672 1432 1696 1458 εί
1711 1440 1801 1466 προσ-

1005 1478 1082 1504 stove?
1096 1476 1146 1512 τὴν
1164 1477 1266 1512 σεπιὴν
1283 1477 1375 1504 εἰκόνα
1384 1476 1504 1512 Χριστοῦ
1524 1477 1571 1504 καὶ
1585 1477 1640 1504 τῶν
1653 1477 1750 1512 ἁγίων·
1770 1478 1796 1504 εί

1007 1521 1044 1557 μὴ
1067 1522 1192 1547 κοινωνεῖ
1209 1522 1265 1552 τοῖς
1282 1522 1440 1557 αἱρετικοτς,
1467 1522 1514 1548 καὶ
1540 1522 1580 1553 είς
1596 1522 1610 1548 ὅ
1624 1531 1649 1548 τι
1673 1521 1706 1549 ἄν
1729 1522 1797 1549 ἄλλο

1006 1565 1192 1600 ὑποπτεύηται
1217 1566 1345 1601 φρόνημα
1371 1565 1534 1601 ἐτερόδοξον.
1558 1566 1614 1592 Καὶ
1643 1566 1708 1592 ὅταν
1722 1566 1796 1593 κατὰ

1004 1611 1092 1638 πάντα
1105 1611 1271 1647 ὁμολογήσῃ,
1288 1611 1335 1638 καὶ
1349 1612 1365 1646 ὴ
1383 1611 1514 1646 ὁμολογία
1528 1610 1642 1643 σώζοι-το
1671 1611 1718 1638 ἐπὶ
1741 1611 1797 1638 πάρ

1005 1664 1055 1691 σης
1075 1657 1208 1692 αἱρέσεως
1233 1656 1441 1692 ἀπαγορευτική
1464 1656 1544 1683 ·τότε
1561 1656 1721 1691 μεταδοτέον
1747 1657 1799 1684 καὶ

1004 1702 1235 1737 συγκοινωνητέον
1255 1701 1329 1737 αὐτῷ
1351 1701 1406 1728 τῶν
1423 1702 1609 1737 ἀγιασμάτων.

1039 1749 1198 1783 Ἐρώτησις
1212 1748 1241 1777 1’.
1256 1764 1291 1770 -
1310 1749 1341 1776 Εί
1365 1748 1454 1782 ἔξεστι
1480 1748 1632 1785 μοναστρίᾳ
1658 1747 1799 1784 ἁπομυρί-

1004 1794 1032 1828 ζε
1037 1803 1071 1821 ιν.

1045 1839 1226 1874 Ἀπόκρισις.
1241 1855 1276 1861 -
1296 1840 1341 1872 Ἐξ
1356 1840 1474 1876 ἀπορίας
1498 1840 1590 1875 πάσης
1614 1839 1764 1876 ἱερωμένου
1777 1839 1795 1867 ἣ

1005 1885 1178 1920 μονάζοντος,
1198 1885 1403 1921 ἁπομυριζέτω,
1431 1885 1476 1912 διὰ
1505 1885 1554 1921 τὴν
1578 1885 1797 1919 κατεπείγουσαν

1003 1931 1136 1966 ἀνάγκην.

1046 1976 1205 2011 Ἐρώτησις
1223 1977 1275 2004 IA'.
1288 1991 1322 1998 —
1336 1977 1385 2007 Εἰς
1409 1976 1559 2011 ἐκκλησίαν
1577 1977 1648 2003 κατὰ
1678 1975 1797 2011 πάροδον

1005 2021 1058 2049 ὑπὸ
1070 2021 1210 2057 αἱρετικοῦ
1223 2021 1415 2056 κρατουμένην
1433 2022 1458 2048 εί
1478 2022 1519 2048 δεῖ
1537 2021 1671 2054 είσιὲναις

1046 2069 1228 2104 Ἀπόκρισις.
1241 2083 1277 2088 -
1293 2068 1394 2100 Ἀπαξ,
1412 2068 1436 2094 εί
1451 2067 1503 2094 ὑπὸ
1522 2067 1664 2103 αἱρετικοῦ
1679 2075 1798 2103 κρατου-

1006 2115 1074 2151 μένη
1097 2114 1229 2150 ἐκκλησία
1257 2114 1330 2141 ἐστὶν
1344 2134 1352 2147 ,
1383 2113 1414 2140 οὐ
1432 2113 1473 2140 δεῖ
1497 2113 1612 2150 είσιέναι
1641 2112 1798 2148 προσευχῆς

1005 2162 1105 2198 χάριν·
1126 2161 1160 2188 ξεί
1183 2161 1220 2197 μή
1248 2169 1275 2187 τι
1304 2159 1377 2188 κατὰ
1402 2159 1485 2196 ἄλλην
1507 2159 1705 2195 περιστατικὴν
1730 2158 1798 2193 πρό-

969 2226 993 2255 ι›
1007 2216 1098 2255 φαέθ-

1048 2253 1210 2288 Ἐρώτησις
1224 2253 1275 2280 lB'.
1290 2268 1325 2277 -τ-
1343 2251 1444 2279 ’Δὸὃᾶν
1455 2252 1603 2287 ἐρχόμενον
1621 2249 1690 2287 πρὸς
1722 2250 1799 2284 ἡμᾶς

1005 2300 1186 2336 ἀγνώριστον,
1217 2300 1242 2326 εί
1265 2299 1319 2335 χρὴ
1345 2299 1399 2334 πρδ
1430 2298 1602 2333 ἀνακρίσεως
1627 2296 1801 2331 ἅγιολεκτεῖν

1005 2346 1097 2379 αὐτὸν,
1109 2346 1157 2373 καὶ
1167 2345 1305 2372 αἰτεῖσθαι
1318 2344 1386 2380 πρὸς
1399 2343 1481 2371 αὐτοῦ
1493 2343 1586 2378 εὐχήν.

1047 2391 1229 2426 Ἀπόκρισις.
1239 2389 1365 2417 -Ἐπὰν
1374 2390 1389 2417 6
1400 2389 1494 2425 καιρὸς
1506 2388 1640 2425 αἱρέσεώς
1656 2389 1726 2420 ἐστι,
1741 2387 1797 2423 πρὸ

1005 2437 1177 2473 ἀνακρίσεως
1195 2437 1226 2463 οὺ
1241 2436 1296 2463 δετι
1313 2435 1386 2468 οὔτε,
1402 2435 1572 2470 Edric-reita,
1588 2434 1675 2469 ἅγιοι,
1693 2433 1797 2467 λέγειν·

1007 2483 1069 2511 οὔτε
1086 2483 1170 2519 εὐχὴν
1179 2483 1266 2510 αίτεῖν
1285 2482 1351 2517 παρ’
1364 2481 1456 2509 αὑτοῦ.
1475 2481 1527 2508 Τὸν
1546 2480 1575 2508 δὲ
1587 2480 1677 2508 κοινὸν
1702 2481 1797 2508 ἀσπα-

1007 2531 1075 2567 σμὸν
1094 2530 1145 2557 οὐκ
1156 2530 1368 2565 ἀπαγορευτέον,
1384 2528 1456 2556 κατὰ
1481 2527 1532 2564 τὴν
1557 2519 1718 2564 νομοθεσίαν
1746 2527 1796 2553 τοῦ

1008 2577 1086 2611 ἁγίου
1100 2575 1253 2602 Βασιλείου.

1042 2621 1201 2657 Ἐρώτησις
1214 2621 1265 2649 ll".
1275 2636 1308 2642 —
1318 2619 1388 2657 Περὶ
1404 2620 1532 2656 φρέατος,
1558 2618 1613 2646 ἐὰν
1629 2617 1741 2655 μιανθῇ,
1768 2625 1796 2644 ει

1007 2668 1049 2696 δεῖ
1061 2668 1172 2704 ποιῆσαι
1183 2666 1266 2703 εὐχὴν
1278 2666 1324 2694 τὸν
1335 2665 1475 2703 ὀροόδοξον
1486 2665 1573 2702 ἱερέα.
