1927 3089
136 141 206 175 1665

726 153 992 186 EPISTOLARUM
1005 157 1077 187 LIB.
1098 158 1138 188 Π.

1705 168 1773 201 1666

177 200 355 235 Ἀπόκρισις.
373 217 407 223 -
430 204 505 233 Ἐκεῖ
529 205 570 233 δεῖ
591 209 677 236 ποιεῖν
699 213 750 246 τὴν
776 213 870 249 εὐχὴν,
897 222 909 241 ο

1017 214 1170 250 Responsio.
1185 231 1221 238 —
1237 216 1275 245 Ibi
1291 219 1409 253 precatio
1429 222 1593 257 peragenda,
1616 224 1662 252 ubi
1677 227 1772 252 ortho-

133 247 236 282 ιστινή
252 246 393 283 ὀρθόδοξθς
409 252 546 279 κοινωνία.
560 253 632 289 Πρὸς
644 255 672 283 δὲ
686 258 749 290 τοὺς
764 246 929 288 κοινωνοῦν-

132 301 185 324 τας
193 294 249 324 τοῖς
265 294 415 329 αίρετικοῖς
431 296 481 324 οὐκ
497 298 577 326 ίτέον.
600 300 645 328 Ἐν
662 300 703 335 οἷς
727 303 783 339 γὰρ
808 306 930 340 μιαίνον-

131 347 180 366 ται
199 341 272 366 κατὰ
285 340 374 377 ψυχὴν
388 342 433 370 διὰ
442 342 492 370 ⁷τοῦ
508 345 594 381 ἄρτου
613 347 714 382 αὐτῶν,
729 351 928 387 μιανθήσονται

131 385 181 412 καὶ
196 386 267 412 κατὰ
280 387 369 422 σῶμα.

168 431 328 466 Ἐρώτησις
339 432 424 460 ΙΔ’.-
440 435 509 471 Περὶ
524 436 723 473 βαπτίσματος,
738 439 776 472 ὡς
791 442 841 468 οὐκ
854 442 927 470 ἔστιν

129 476 266 512 ἐκκλησία
292 480 465 517 κρατουμένη
492 483 545 508 ὑπὸ
559 484 715 519 ὀρθοδόξου,
741 487 789 514 ἐὰν
809 489 926 525 αἰτήση-

128 529 175 548 ται
194 522 269 556 ἡμᾶς
287 531 329 554 τις
343 524 395 550 ποῦ
407 527 459 561 χρὴ
470 529 641 562 σφραγίζειν,
661 532 800 565 κατηχεῖν,
817 522 927 568 καὶ.

128 566 237 598 πτίξειν
253 576 260 583 ·
281 570 400 596 ποταποὶ
415 571 443 597 δὲ
461 572 484 598 οἱ
499 574 589 606 γονεῖς
603 575 650 601 καὶ
675 576 699 602 οἱ
717 577 852 613 ἀνάδοχοι.

171 613 351 648 Ἀπόκρισις.
365 630 400 635 -
411 617 467 644 Οὐκ
478 619 601 652 εἰσιέναι,
614 620 686 648 καθὰ
697 623 870 659 προείρηται,
883 627 924 658 είς

126 657 278 693 ἐκκλησίαν
311 662 502 697 κρατουμένην
524 664 577 690 ὑπὸ
611 667 751 701 αἰρετικοῦ
764 657 826 695 δεῖ·
846 657 923 706 msch

125 711 159 737 γε
174 704 276 738 μᾶλλον
287 707 322 733 τὰ
336 706 486 743 λελεγμένα
497 710 615 745 πρᾶξαις
629 712 697 740 ἀλλὰ
717 713 761 740 διὰ
786 716 835 751 τὴν
855 704 922 744 ἀπο-

126 750 192 785 ρίαν
204 751 353 786 ἀναγκαῐον
371 754 411 785 εἰς
431 754 514 782 τόπον
525 757 721 793 καθαρώτατον
737 750 826 794 οἰκίας
837 769 845 777 ⁸
878 764 922 799 ἐφ’

124 793 144 832 ᾖ
163 796 207 824 διὰ
232 797 427 835 θυσιαστηρίου
451 801 685 838 καθηγιασμένου,
698 793 920 846 ἦτοι-τραπέζης,

123 843 176 879 τὴν
196 845 354 880 ἱερουργίαν
369 847 383 873 ό
403 847 508 883 μέλλων
523 850 658 878 ἐπιτελεῖν
670 852 702 878 τὸ
722 852 850 890 φώτισμα
871 843 920 891 βα-

981 259 1052 288 doxa
1071 264 1227 290 communio
1238 269 1288 291 est.
1308 265 1348 292 Ad
1364 273 1412 293 eos
1430 271 1520 295 autem
1536 270 1582 304 qui
1596 278 1659 297 cum
1680 270 1767 298 haere-

980 305 1042 333 ticis
1069 309 1282 342 communicant,
1303 318 1357 338 non
1373 313 1504 340 eundum.
1522 314 1550 341 In
1567 315 1667 350 quibus
1694 318 1768 344 enim

979 353 1071 380 animo
1087 354 1181 388 polluti
1200 361 1263 383 sunt
1279 356 1313 383 ob
1336 364 1432 391 panem
1453 358 1585 393 ipsorum,
1602 366 1630 388 et
1652 370 1768 398 corpore

978 398 1143 433 polluentur.

1013 443 1191 480 Interrogatio
1210 445 1280 473 XIV.
1307 460 1343 466 —
1362 447 1400 475 De
1431 448 1577 484 baptismo,
1595 451 1639 478 ubi
1656 460 1708 480 non
1724 458 1767 480 est

978 489 1095 517 Ecclesia
1108 498 1189 525 quam
1204 492 1374 521 orthodoxus
1385 494 1517 528 obtineat,
1535 497 1558 523 si
1574 497 1635 531 quis
1655 505 1669 524 a
1687 499 1766 527 nobis

975 541 1081 571 poscat,
1099 537 1145 563 ubi
1160 537 1269 572 ignare
1290 545 1425 573 oporteat,
1440 539 1550 575 docere,
1567 546 1594 569 et
1608 543 1763 578 baptizare:

975 583 1069 617 quales
1083 588 1173 610 autem
1185 589 1311 618 parentes
1327 592 1359 613 ac
1380 587 1490 620 patrini.

1010 628 1163 664 Responsio.
1174 645 1210 650 —
1225 630 1317 662 Nefas.
1334 637 1362 658 ut
1374 632 1477 660 dictum
1495 638 1536 661 est
1547 655 1555 668 ,
1568 634 1594 662 in
1617 636 1763 664 ecclesiam

974 674 1088 710 ingredi.
1103 684 1164 710 quae
1178 677 1212 703 ab
1224 677 1352 705 haeretica
1363 678 1520 706 detineatur
1541 688 1548 706 :
1566 686 1677 715 quanto
1697 690 1762 709 vero

973 721 1060 756 magis
1079 729 1140 756 qua:
1163 723 1245 750 modo
1270 729 1483 752 commemorata
1501 731 1566 753 sunt
1594 735 1675 762 agere
1690 728 1702 755 ?
1715 730 1761 755 sccl

971 772 1082 802 propter
1093 768 1146 795 loci
1173 770 1326 803 penuriam,
1342 771 1368 798 in
1385 771 1475 798 locum
1496 773 1593 800 mdium
1613 775 1777 802 mundissiv

971 819 1046 839 mum
1058 820 1171 841 necesse
1183 814 1310 841 estabire
1326 823 1331 841 :
1348 815 1392 842 ubi
1406 824 1488 851 super
1502 817 1581 845 altari
1600 824 1760 847 consecrato

971 858 1011 885 vel
1030 867 1134 891 mensa,
1152 859 1198 894 qui
1216 867 1294 888 sacro
1311 860 1388 897 fungi
1407 862 1563 890 ministerio
1582 864 1673 896 debet.
1695 866 1760 900 bap-

123 891 256 922 πτιζέτω.
293 893 454 928 Ἀναδόχους
479 895 507 921 δὲ
534 896 657 930 ἐκείνους
676 900 829 934 προσιτέον,
855 903 909 929 τοὺς

970 905 1080 932 tismum
1095 891 1304 934 illuniinationis
1325 891 1474 942 impertiat.
1493 908 1596 936 Patrini
1612 916 1704 938 autem
1721 912 1759 939 illi

121 935 155 962 οὐ
170 938 226 968 τοῖς
247 938 398 973 αἰρετικοῖς
424 942 633 976 κοινωνοῦντας,
656 945 704 972 καὶ
728 946 826 980 γονέας
854 948 919 981 τοὺς

120 981 255 1014 ὡσαύτως
274 984 507 1020 πεφυλαγμένους.

164 1027 328 1063 Ἐρώτησις
354 1031 404 1058 IE'.
420 1047 457 1053 —
472 1033 549 1060 Εἰσὶν
567 1034 712 1070 ἐκκλησίαι
738 1037 848 1072 ἔχουσαι
869 1039 918 1066 δύο

119 1074 250 1122 κογχαςῆ
271 1075 318 1122 καλ.
333 1078 408 1112 τρεῖς
429 1086 436 1093 ·
453 1078 511 1106 ἔστι
527 1080 556 1107 δὲ
570 1080 600 1113 ιε
616 1082 706 1109 αὐτῶν
724 1084 774 1118 μία
791 1084 918 1122 ἀνενορο-

118 1117 250 1150 νίαστος”
266 1119 320 1156 χρὴ
331 1122 421 1149 ὲκείσε
437 1121 640 1160 λειτουργῆσαι,
655 1126 673 1162 ἢ
687 1117 738 1160 οὓς

161 1208 350 1245 Ἀπόκρισις.
364 1227 400 1232 --
419 1213 481 1240 Ἐὰν
499 1214 551 1241 ὑπὸ
574 1215 622 1242 τὸν
646 1216 850 1254 ἀναφερόμενον
871 1221 915 1248 αῖ-

119 1256 228 1290 ρετικόν
248 1257 321 1284 ἐστιν
340 1258 358 1293 ή
374 1259 487 1295 τοιαύτη
522 1260 666 1296 ἐκκλησία,
687 1262 739 1290 κᾶν
763 1265 812 1300 μία
828 1266 913 1302 κόγχη

116 1301 150 1328 οὺ
162 1301 344 1337 καθιέρωται,
360 1304 391 1331 οὐ
405 1305 458 1341 χρὴ
474 1305 644 1342 λειτουργεῖν
661 1308 720 1335 ὲκεῖ
733 1317 741 1324 ·
755 1310 779 1336 εί
799 1310 827 1337 δὲ
843 1301 914 1348 κραέ

115 1349 206 1374 τετται
219 1347 273 1374 ὑπὸ
283 1348 437 1384 ὀρθοδόξου,
458 1351 572 1380 ποιείτω
592 1353 765 1391 λειτουργίαν
795 1357 837 1389 είς
863 1357 914 1394 τὴν

115 1393 222 1429 κόγχην
232 1393 294 1429 ἥτις
305 1394 335 1421 οὐ
348 1395 525 1432 καθιέρωται.

159 1439 320 1474 Ἐρώτησις·
332 1439 434 1474 1ς’.-
449 1443 481 1470 Εί
496 1443 609 1472 δύναταί
636 1454 680 1478 τις
710 1448 845 1484 κρατῆσαι
864 1449 913 1486 τὴν

115 1486 267 1521 ἐκκλησίαν
297 1488 391 1520 αὐτοῦ,
424 1489 468 1517 ῖνα
493 1491 530 1526 μὴ
549 1491 740 1529 λειτουργῆται
763 1494 814 1522 ὑπὸ
837 1497 913 1532 αἱρε-

113 1532 196 1559 τικοῦ
217 1542 225 1549 ·
246 1534 329 1561 πόσον
344 1536 440 1571 χρόνον
466 1537 556 1571 ἔξεστι
585 1540 765 1576 σφαλισθῆναι
779 1549 786 1557 ·
817 1543 863 1570 καὶ
885 1543 911 1570 τί

113 1578 220 1614 ὀφείλει
241 1581 307 1615 περὶ
326 1581 430 1617 αὐτῆς;
841 1576 845 1583 ’

159 1625 341 1660 Ἀπόκρισις.
360 1643 395 1649 -—
413 1627 500 1655 Τοῦτο
525 1630 572 1665 ὑφ’
590 1631 669 1666 ἡμῶν
697 1632 728 1659 οὐ
755 1633 863 1661 λέλυται
880 1635 910 1662 τὸ

114 1670 266 1704 κεφάλαιον
279 1679 286 1687 ·
303 1672 455 1700 ἐπισκόπου
469 1675 524 1710 γάρ
547 1676 606 1702 ἐστι
617 1676 664 1704 τοῦ
677 1677 787 1711 λύοντος
794 1679 844 1712 τὰς
861 1681 908 1706 ὲκ-

113 1715 242 1750 κλησίας.

158 1761 318 1797 Ἐρώτησις
332 1763 382 1792 lZ’.
397 1779 435 1785 —
456 1765 518 1793 Ἐὰν
534 1767 562 1794 δέ
587 1768 656 1796 εἰσιν
689 1769 785 1805 ἄνδρες
799 1779 830 1798 τε
861 1771 909 1798 καὶ

112 1810 355 1842 τυναῖκες,λαῖκοὶ
377 1811 510 1846 αίρετικοὶ
525 1813 580 1839 εἴτε
601 1815 656 1841 ἀπὸ
677 1816 822 1850 χωρικίας,
851 1818 907 1844 εἴτε

114 1852 240 1888 ἔμφυτον
256 1854 364 1890 ἔχοντες
380 1855 429 1892 τὴν
439 1857 545 1892 αἵρεσιν
559 1866 566 1873 ·
577 1858 602 1885 εί
612 1858 717 1891 ἔξεστιν
731 1860 833 1888 ἐσθίειν
848 1862 907 1897 μετ’

112 1899 217 1931 αὐτῶν.
229 1899 246 1936 ἢ
256 1900 406 1935 λαμϐάνειν
423 1901 453 1934 ἐξ
462 1902 552 1930 αὐτῶν
564 1903 590 1930 τί
603 1913 678 1932 ποτε.

157 1944 338 1979 Ἀπόκρισις.
355 1960 391 1966 -
408 1946 476 1974 Οῦτε
497 1948 522 1974 εί
538 1949 570 1975 ὲκ
585 1949 731 1982 κακονοίας
750 1952 818 1978 εἰσὶν
832 1953 904 1987 αἰρε-

112 1990 305 2027 τικοὶ,οὕτεέει
315 1992 346 2025 ἐξ
361 1993 491 2027 ἀμαθίας.
509 1994 614 2028 ἔξεστιν
629 1996 643 2031 ἢ
656 1997 784 2033 ἐσθίεινῆ
801 1998 908 2033 λαμϐά-

112 2044 171 2064 νειν
180 2037 214 2062 τὰ
228 2037 294 2072 παρ’
313 2037 403 2064 αὐτῶν
422 2041 662 2076 προσενηνεγμένα
675 2049 683 2056 ·
698 2043 749 2069 οὐκ
757 2042 816 2070 οἶδα
830 2044 854 2070 εί
869 2046 906 2081 μή

107 2087 140 2108 ττι
150 2082 174 2108 οί
192 2082 308 2117 ἀμαθεῖς
316 2082 505 2118 βελτιωθέντες
521 2086 672 2122 ὀρθοδοξεΐν
679 2089 901 2123 ἐπαγγέλλονται.

155 2127 317 2162 Ἐρώτησις
329 2128 383 2156 IH'.
396 2145 432 2150 —
446 2130 514 2166 Περὶ
530 2131 576 2158 τοῦ
589 2133 692 2168 πατρός
709 2143 769 2169 μου,
790 2134 815 2162 ει
832 2135 906 2164 ἐστιν

111 2173 189 2206 ἄξιος
201 2174 243 2206 είς
256 2174 429 2210 λειτουργίαν
444 2178 661 2212 μνημονεύεσθαι
673 2187 682 2212 ;

924 1567 946 1597 α

968 950 1141 984 admittendi,
1161 951 1281 986 quicum
1299 953 1435 981 haereticis
1449 962 1503 981 non
1520 958 1726 985 communicent
1746 967 1752 986 :

967 1001 1096 1031 parentes
1110 997 1236 1025 similiter
1251 999 1363 1034 integra
1375 999 1448 1028 fidei.

1003 1041 1182 1078 Interrogatio
1202 1042 1260 1070 XV.
1280 1059 1315 1065 —
1330 1044 1402 1071 Sunt
1433 1046 1569 1078 ecclesiae,
1599 1055 1661 1082 qua:
1688 1049 1756 1076 duas

967 1087 1069 1115 habent
1091 1094 1138 1116 aut
1162 1093 1218 1116 tres
1235 1089 1386 1117 aediculas:
1403 1098 1437 1117 ex
1458 1091 1502 1118 his
1523 1097 1614 1120 anlem
1640 1101 1691 1120 una
1715 1100 1756 1122 est

965 1140 1047 1168 quam
1059 1141 1138 1160 nemo
1146 1134 1286 1168 occuparit
1300 1142 1308 1162 ι
1322 1138 1414 1162 utrum
1428 1134 1470 1163 fas
1481 1136 1516 1164 ibi
1533 1144 1642 1165 sacrum
1656 1138 1754 1172 facere,

965 1185 1056 1205 annon
1074 1179 1086 1206 ’ί

1000 1220 1153 1256 Responsio.
1175 1237 1210 1244 —-
1231 1223 1259 1251 Si
1289 1230 1373 1259 penes
1400 1225 1559 1254 haereticum
1586 1227 1754 1256 declaratum

963 1267 1098 1301 ejusmodi
1121 1269 1237 1296 ecclesia
1258 1275 1310 1302 est,
1338 1271 1390 1299 etsi
1415 1279 1468 1300 una
1496 1274 1611 1302 aedicula
1641 1277 1678 1303 sit
1698 1285 1753 1305 non

963 1312 1098 1345 dedicata,
1118 1313 1195 1341 nefas
1216 1314 1252 1341 ibi
1269 1322 1378 1343 sacrum
1405 1316 1497 1345 facere
1514 1327 1522 1345 :
1538 1319 1562 1347 si
1583 1327 1648 1347 vero
1670 1329 1754 1356 pelles

963 1358 1144 1386 orthodoxam
1173 1360 1265 1392 fuerit,
1280 1368 1390 1389 sacrum
1419 1369 1566 1399 peragatur
1587 1366 1616 1393 in
1637 1367 1752 1396 aedicula

963 1411 1024 1438 quae
1035 1412 1089 1432 non
1103 1410 1144 1432 est
1160 1406 1295 1434 dedicata.

999 1448 1176 1485 Interrogatio
1188 1450 1258 1481 XVI.
1274 1468 1307 1474 —
1327 1453 1357 1482 Si
1369 1460 1460 1489 potest
1487 1457 1549 1492 quis
1572 1458 1688 1486 ecclesia
1701 1468 1751 1487 sua

962 1496 1053 1531 potiri,
1070 1501 1143 1523 utne
1151 1505 1261 1526 sacrum
1275 1499 1302 1526 in
1313 1508 1344 1528 ea
1357 1501 1500 1530 haereticus
1520 1503 1604 1532 faciat
1620 1514 1627 1538 ;
1644 1512 1748 1540 quanto

964 1547 1085 1577 tempore
1094 1543 1173 1570 debet
1183 1549 1340 1579 exspectare
1350 1555 1356 1573 :
1365 1551 1391 1574 et
1398 1548 1462 1582 quid
1471 1548 1505 1576 de
1512 1556 1542 1576 ca
1552 1550 1749 1578 statuendum!

997 1629 1153 1665 Responsio.
1173 1646 1209 1652 —
1227 1631 1285 1660 Non
1304 1640 1428 1661 nostrum
1453 1639 1495 1663 est
1519 1636 1584 1663 huic
1600 1637 1683 1672 capiti
1704 1645 1751 1665 sa.

959 1673 1102 1702 tisfaccre:
1114 1679 1158 1703 est
1176 1675 1250 1703 enim
1272 1677 1406 1713 episcopi,
1421 1687 1435 1706 a
1451 1687 1507 1714 quo
1532 1681 1677 1709 solvuntur
1703 1690 1750 1710 ec-

959 1719 1060 1747 clesiae.

994 1763 1171 1800 Interrogatio
1188 1765 1270 1794 XVII.
1289 1783 1324 1788 -—
1344 1767 1372 1795 Si
1388 1769 1434 1804 qui
1454 1775 1544 1797 autem
1562 1776 1626 1798 sunt
1649 1772 1700 1799 viri
1716 1780 1749 1800 ac

959 1809 1196 1839 muliereselaicis
1208 1812 1255 1847 qui
1264 1813 1305 1840 vel
1314 1813 1349 1840 oh
1365 1815 1555 1846 rusticitatem.
1567 1816 1606 1842 vel
1616 1816 1651 1843 ob
1666 1817 1746 1844 inna-

959 1860 1013 1883 tam
1035 1855 1160 1884 hasresim
1183 1858 1239 1885 sint
1261 1859 1380 1887 haeretici
1400 1869 1408 1888 :
1425 1868 1458 1887 an
1485 1860 1565 1888 liceat
1587 1869 1651 1889 cum
1677 1862 1747 1897 ipsis

958 1902 1049 1934 edere,
1071 1907 1119 1930 aut
1135 1903 1259 1939 accipere
1277 1905 1425 1940 quidquam
1441 1906 1475 1933 ab
1496 1907 1574 1941 ipsis.

993 1947 1148 1984 Responsio.
1161 1964 1196 1970 —-
1209 1949 1304 1985 Neque
1320 1951 1343 1978 si
1361 1959 1394 1978 ex
1415 1952 1499 1979 animi
1513 1953 1645 1988 pravitate
1658 1954 1745 1982 haere-

957 1993 1005 2021 tici
1017 1999 1091 2027 sunt,
1111 2002 1199 2030 neque
1213 1996 1237 2024 si
1258 2004 1293 2023 ex
1318 1997 1482 2032 ignorantia,
1499 2003 1546 2026 aut
1555 1999 1636 2027 edere
1666 2001 1742 2032 licet,

958 2044 1006 2067 aut
1016 2040 1141 2074 accipere
1155 2048 1216 2076 quae
1231 2046 1295 2069 sunt
1307 2043 1343 2069 ab
1359 2043 1392 2070 iis
1407 2043 1499 2071 oblata
1518 2053 1525 2071 ι
1545 2044 1595 2071 nisi
1609 2044 1681 2072 forte
1697 2054 1744 2073 ru-

957 2085 1050 2113 diores
1068 2087 1216 2119 emendati,
1232 2092 1306 2114 recte
1324 2089 1427 2116 sentire
1441 2097 1471 2116 se
1496 2090 1668 2124 profitentur.

991 2130 1169 2167 Interrogatio
1195 2132 1288 2160 XVIII.
1317 2148 1351 2154 —-
1373 2133 1412 2162 De
1439 2140 1516 2169 patre
1543 2143 1619 2169 meo,
1651 2142 1742 2164 utrum

958 2184 1008 2212 par
1024 2183 1066 2205 est
1080 2185 1144 2205 eum
1165 2179 1193 2206 in
1206 2186 1236 2206 re
1255 2179 1346 2206 divina
1368 2182 1602 2208 conunemorari?

155 2219 338 2255 Ἀπόκρισις.
354 2221 417 2248 Eis:
436 2222 538 2258 πατὴρ,
551 2224 608 2250 εῐτε
627 2225 728 2261 μήτηρ,
752 2227 807 2253 εῐτε
827 2228 904 2255 ἁδελ-

992 2223 1147 2258 Itesponu'o.
1162 2239 1199 2245 --·
1214 2224 1277 2253 Sive
1293 2230 1379 2260 pater,
1393 2227 1449 2254 sive
1463 2233 1558 2259 mater,
1576 2228 1633 2255 sive
1647 2228 1741 2261 frater,

111 2265 174 2300 φὺς,
197 2266 215 2302 ἢ
236 2267 361 2294 ὁστισοῦν
380 2267 460 2300 ἄλλος
486 2269 652 2306 κατελείφθη
679 2272 761 2307 μέχρι
785 2273 903 2301 θανάτου

111 2311 252 2338 κοινωνῶν
277 2313 311 2348 τῇ
335 2313 457 2348 αἱρέσει,
482 2315 647 2351 προείρηται
668 2317 696 2343 ὲν
708 2317 747 2353 τῷ
773 2319 902 2356 ἀνωτέρῳ

112 2358 267 2393 κεφαλαίῳ,
286 2359 324 2394 μὴ
348 2360 566 2396 μνημονεύεσθαι
585 2363 615 2389 ὲν
638 2364 671 2399 τῇ
687 2363 843 2402 λειτουργίᾳ
860 2374 867 2381 ·
879 2368 903 2394 εί

112 2405 152 2440 μή
175 2414 202 2432 τι
219 2405 331 2438 ἕκαστος
350 2406 421 2434 κατὰ
438 2407 558 2436 διάνοιαν
578 2409 665 2437 ἕλοιτο
687 2411 814 2446 εὔχεσθαι
837 2414 903 2448 περὶ

109 2451 167 2477 τῶν
181 2451 320 2484 τοιούτων,
333 2453 380 2479 καὶ
398 2453 470 2488 ὑπὲρ
489 2454 579 2481 αὐτῶν
595 2457 682 2483 ποιεῖν
703 2457 900 2493 ἐλεημοσύνας.

111 2497 176 2529 Πῶς
185 2498 242 2532 γὰρ
256 2497 290 2524 ἂν
308 2500 321 2525 ὀ
340 2499 380 2526 ἔτι
404 2499 470 2532 ζῶν,
491 2500 612 2536 μετέχων
635 2510 665 2528 τε
684 2502 735 2537 τῆς
761 2504 902 2540 αἱρετικῆς

111 2543 266 2576 κοινωνίας,
284 2545 331 2570 καὶ
355 2544 442 2577 οὕτως
464 2546 648 2582 ἐκκομισθεὶς,
678 2548 845 2584 ληφθήσεται
871 2551 902 2578 ἐν

112 2588 297 2623 μνημοσύνοες
311 2590 381 2617 κατὰ
395 2590 444 2626 τὴν
464 2592 658 2627 μυσταγωγίαν
670 2593 724 2620 τῶν
741 2594 903 2630 ὀρθοδόξων;

108 2635 174 2661 οὐδα
178 2634 246 2670 μῶς.

146 2680 241 2707 Ταῦτα
275 2681 305 2708 οὺ
332 2683 484 2715 κανονικῶς
518 2684 694 2720 ἐφθεγξάμην
710 2695 717 2700 ·
742 2687 900 2714 ἐπισκόπων

109 2726 165 2761 γὰρ
183 2726 280 2753 τοῦτο·
301 2727 369 2754 ἀλλὰ
387 2728 623 2764 συμϐουλευτικῶς
642 2732 672 2765 ἐξ
689 2733 900 2768 ἁγάπηςόὑὸὲν

108 2774 164 2808 γὰρ
177 2772 289 2807 ἀγάπης
307 2774 537 2810 ἀναγκαιότερον,
554 2776 751 2814 φθεγξάμενος.
772 2780 804 2807 Εἰ
821 2780 850 2807 δέ
873 2789 899 2807 τι

108 2820 144 2854 τῇ
155 2819 283 2855 εὐλαϐείᾳ
304 2828 351 2847 σου
367 2820 453 2854 ἄλλως
474 2822 650 2858 δοκιμάζεται
679 2826 898 2861 οἰκονομεῖσθαι·

109 2865 192 2900 ἡμεῖς
211 2866 278 2901 περὶ
295 2866 392 2894 τούτου
415 2867 494 2903 λόγον
512 2870 562 2896 οὐκ
580 2870 688 2907 ἔχομεν,
706 2872 723 2907 ἢ
740 2872 770 2899 τὸ
789 2872 900 2904 ἐξαιτεῖ-

957 2277 1005 2297 seu
1019 2271 1109 2305 quivis
1122 2271 1202 2303 alius,
1219 2272 1406 2307 deprehensus
1422 2272 1505 2300 fuerit
1524 2274 1558 2300 ad
1575 2274 1679 2301 obitum
1696 2282 1742 2301 us-

953 2323 1006 2351 que
1014 2317 1261 2345 communicavisse
1270 2318 1366 2345 haaresi
1377 2327 1384 2352 ;
1395 2323 1472 2346 antea
1481 2319 1582 2346 dictum
1589 2323 1631 2347 est
1641 2320 1668 2347 in
1677 2328 1741 2354 sup-

954 2362 1062 2397 periore
1074 2363 1173 2397 capite,
1187 2370 1240 2390 non
1261 2371 1322 2391 esse
1344 2365 1502 2391 memoriam
1515 2365 1588 2392 illius
1607 2365 1634 2392 in
1649 2373 1678 2394 re
1695 2374 1740 2393 sa—

954 2414 1000 2434 cra
1028 2406 1179 2435 faciendam
1198 2417 1205 2436 :
1224 2408 1270 2436 sed
1282 2415 1372 2436 tamen
1392 2411 1507 2445 quisque
1524 2418 1616 2438 secum
1637 2411 1664 2438 in
1680 2412 1741 2438 ani-

954 2460 1000 2480 m0
1012 2454 1117 2488 precari
1135 2461 1184 2489 pro
1203 2454 1246 2482 his
1270 2455 1293 2482 si
1311 2456 1385 2483 lubet
1407 2461 1503 2491 potest,
1524 2464 1556 2484 ac
1572 2465 1620 2492 pro
1644 2457 1741 2485 iisdem

953 2497 1140 2534 eleemosynas
1152 2506 1276 2535 erogare.
1295 2500 1437 2533 Quomodo
1453 2502 1537 2532 enim,
1552 2502 1599 2537 qui
1613 2502 1677 2529 dum
1697 2504 1737 2530 γι-

953 2548 1038 2576 veret,
1054 2546 1191 2580 particeps
1209 2546 1261 2573 fuit
1279 2547 1412 2574 ha-retiwe
1428 2549 1641 2581 communionis,
1656 2553 1683 2576 et
1699 2550 1741 2576 sic

951 2592 1039 2620 elatus
1052 2593 1240 2629 sepultusque,
1254 2595 1343 2621 locum
1357 2594 1466 2622 habebit
1481 2595 1507 2622 in
1518 2595 1664 2631 diptychis,
1673 2596 1739 2624 dum

952 2647 1009 2666 rem
1038 2647 1145 2667 sacram
1174 2647 1306 2677 peragunt
1332 2642 1498 2670 orthodoxi?
1528 2643 1642 2671 minime
1661 2650 1739 2671 sane.

987 2683 1050 2712 Ha-c
1066 2693 1115 2720 ego
1131 2694 1183 2713 non
1198 2692 1328 2722 tanquam
1342 2688 1468 2715 sanciens
1479 2688 1565 2722 legem
1583 2697 1590 2715 ε
1607 2695 1670 2715 nam
1686 2689 1738 2716 hoc

950 2738 1051 2758 munus
1077 2731 1267 2767 episcoporum
1289 2738 1329 2759 est
1349 2742 1355 2760 :
1376 2734 1422 2760 sed
1446 2741 1478 2760 ex
1509 2733 1643 2761 charitale
1670 2741 1737 2761 con-

950 2777 1012 2805 silio
1038 2777 1137 2812 juvans
1156 2779 1218 2806 dico
1235 2788 1242 2806 :
1259 2780 1325 2807 nihil
1341 2780 1414 2806 enim
1436 2780 1568 2814 charitate
1587 2780 1674 2815 magis
1687 2788 1736 2808 ne-

950 2825 1100 2853 cessarium
1116 2830 1164 2854 est.
1183 2825 1211 2853 Si
1227 2834 1292 2854 vero
1304 2827 1381 2854 aliter
1400 2827 1612 2862 dispensandum
1630 2827 1735 2855 videtur

951 2872 1044 2908 pietati
1065 2877 1117 2900 tua:
1131 2881 1139 2900 :
1153 2881 1202 2900 nos
1215 2873 1248 2901 de
1270 2881 1302 2902 ea
1323 2881 1352 2901 re
1378 2874 1446 2902 nihil
1470 2874 1600 2902 habemus
1634 2874 1735 2907 dicere,
