1927 3089
133 111 199 145 1669

755 113 946 144 ΕΡΙΞΤΟΕΑΞ
966 114 1143 144 ῙΝΕΒῙΤΛΕ.

1678 118 1755 150 .1670

132 170 267 206 μακαρία,
287 167 364 205 ᾦτινι
391 171 484 207 τρόπῳ
505 171 559 198 τῶν
581 172 733 206 εἰρημένων
760 172 802 207 εἴη
833 181 879 198 σου
905 172 919 199 ὁ

978 172 1101 204 homine,
1123 180 1138 199 a
1162 172 1216 200 Deo
1231 177 1306 200 arcet
1329 177 1356 200 et
1372 173 1474 201 diaboli
1499 172 1565 201 facit
1579 173 1753 202 familiarem.

131 217 249 249 σκοπὸς,
277 217 324 243 καὶ
355 218 413 243 κατ’
435 218 501 243 αὐτὸ
528 217 637 252 πρόσιθι
665 218 721 249 τοῖς
747 217 916 252 μυστηρίοις.

131 262 255 289 Γνωστὸν
273 263 301 289 δὲ
322 263 406 289 πᾶσιν
431 264 472 290 ὅτι
492 263 539 289 νῦν
560 263 664 298 αἵρεσις
679 264 708 289 ὲν
723 264 756 298 τῇ
770 263 830 290 καθ’
844 264 920 298 ἡμᾶς

138 309 289 344 Ἐκκλησίᾳ
315 310 524 344 κατακρατοῦσα
550 310 602 336 τῶν
626 310 780 345 Μοιχιανῶν
797 310 834 345 (5)
848 311 917 337 ἐστι.

131 355 226 380 Φεῖσαι
241 355 332 380 τοίνυν
350 355 399 389 τῆς
414 355 506 389 τιμίας
521 363 568 381 σου
583 355 671 390 ψυχῆς
693 357 761 390 μετὰ
772 356 826 382 τῶν
841 357 919 383 ἀδελ-

133 401 191 434 φῶν
217 401 328 436 καὶτῆς
352 401 484 436 κεφαλῆς.
502 401 590 436 Ἔφης
613 402 640 428 δέ
659 411 714 437 μοι,
732 402 772 428 ὅτι
797 402 920 435 δέδοικας

133 446 220 472 εἰπεῖν
235 446 274 481 τῷ
289 446 468 481 πρεσϐυτέρῳ
484 455 541 479 σου,
559 447 595 482 μὴ
618 449 764 484 ἀναφέρειν
784 448 830 475 τὸν
844 449 920 484 αἰρε-

134 492 250 527 σιᾱιρχην
264 492 312 527 (4).
325 493 379 518 Καὶ
389 493 415 518 τί
428 494 491 528 περὶ
507 493 601 519 τούτου
616 495 703 520 εἰπεῖν
719 503 760 520 σοι
777 494 808 521 τὸ
819 496 917 530 παρὸν,

133 539 164 563 οὐ
181 537 303 572 καθορῶ.
323 537 396 572 Πλὴν
415 538 456 564 ὅτι
480 539 616 574 μολυσμὸν
629 538 685 574 ἔχει
702 539 718 574 ὴ
737 540 862 567 κοινωνία
887 542 921 568 ἐκ,

136 583 218 616 μόνου
235 582 282 610 τοῦ
301 584 458 618 ἀναφέρειν,
474 585 524 610 οὐκ
543 584 576 611 ἂν
600 585 740 619 ὀρθόδοξος
765 586 807 621 εἴη
824 587 838 613 ὁ
855 587 921 613 ἀνα-

136 629 236 664 φέρων.
254 629 284 655 Ὁ
296 629 324 655 δὲ
344 629 445 664 Κύριος
460 631 474 656 ὁ
493 631 521 657 ὲν
538 630 657 665 τοσούτῳ
674 631 765 666 μέτρῳ
781 632 922 664 εὐσεὸεἱας

135 675 208 708 ὑμᾶς
228 674 350 708 ἀγαγὼν,
367 675 448 706 αὐτὸς
469 676 497 702 ὲν
514 677 597 702 πᾶσιν
610 677 754 712 ἀπήμονας
769 678 816 704 καὶ
831 678 921 704 ὁλοτε-

134 721 191 751 λεῖς
208 720 314 755 σώματί
338 729 367 746 τε
395 722 442 747 καὶ
458 722 529 757 ψυχῇ
547 723 615 757 πρὸς
638 723 693 749 πᾶν
717 723 797 758 ἔργον
820 724 922 757 ἀγαθὸν

135 767 183 793 καὶ
199 767 266 801 πρὸς
282 767 373 793 πᾶσαν
386 767 552 802 αὐτάρκειαν
565 768 621 803 βίου
640 769 781 804 συντηρῶν
793 769 922 803 διαφυλά-

136 813 201 845 ξειε,
223 814 272 848 τήν
295 822 325 839 τε
345 813 422 847 ὑμῶν
445 814 575 848 συζυγίαν
588 816 659 850 φημὶ
677 816 723 842 καὶ
740 816 790 846 τὰς
811 816 921 843 εὐλαόε-

136 858 237 890 στάτας
252 858 379 893 ἀδελφὰς,
399 855 624 895 ὑπερευχομένων
635 861 743 887 πάντων
755 861 806 896 τῆς
823 861 923 896 ἡμετέ-

137 913 187 940 ρας
202 905 389 940 ἀναειότητος.

135 1049 410 1082 ΣΚΑ’.-Βασιλει’ῳ
420 1049 460 1082 τῷ
473 1049 596 1084 ἀοιδιμῳ
613 1049 767 1084 ἡγουμένῳ
777 1050 839 1077 σὺν
850 1050 926 1079 πᾶσι

225 1084 280 1117 τῆς
293 1084 458 1118 σεϐασμίας
470 1084 568 1118 μονῆς
581 1086 633 1112 τοῦ
646 1086 732 1119 ἁγίου
744 1086 835 1114 Σάϐου.

171 1136 250 1173 [Cod.
267 1137 327 1165 Vat.
344 1139 406 1171 653,
419 1138 438 1166 f.
453 1139 488 1166 45
510 1139 550 1175 b.]
567 1140 626 1166 Τῶν
651 1141 701 1175 τῆς
715 1141 856 1173 εὐσεϐείας
879 1141 924 1169 δο-

135 1185 250 1218 γμάτων
281 1184 459 1212 καθεστώτων
474 1207 481 1218 ,
510 1186 690 1221 φιλοτάραχον
718 1186 749 1213 τὸ
780 1187 924 1215 κινεῖσθαι.

136 1230 247 1256 Τούτων
263 1231 291 1257 δὲ
316 1231 524 1264 στασιαζόντων,
543 1232 580 1264 ὡς
603 1232 650 1259 νῦν
678 1233 707 1260 ὲν
727 1234 760 1269 τῇ
778 1234 840 1260 καθ’
852 1234 926 1269 ἡμᾶς

137 1277 257 1311 μάλιστα
275 1277 434 1312 Ἑκκλησίᾳ,
449 1277 507 1309 πῶς
523 1278 572 1304 οὐκ
588 1278 744 1313 ἀναγκαξως
759 1279 925 1314 διεγερτέον,

138 1322 317 1358 φειδομένους
331 1323 448 1356 οὐδενὸς,
467 1323 505 1360 μὴ
519 1324 559 1351 ὅτι
570 1333 602 1358 γε
622 1326 729 1360 μακρᾶς
740 1326 812 1358 ὀδοῦ,
827 1326 882 1353 τῶν
896 1335 926 1353 τε

138 1369 226 1395 ἄλλων
249 1369 482 1404 ’πλη-παθημάτων,
498 1371 566 1397 ἀλλὰ
587 1372 633 1398 καὶ
648 1371 729 1398 αὑτοῦ
747 1372 863 1399 θανάτου
875 1381 927 1400 κα-

137 1416 302 1449 ταφρονεῖν;
319 1415 392 1451 Αὕτη
413 1417 430 1451 ἡ
443 1417 517 1443 αζτῑα
530 1417 579 1452 τῆς
596 1417 664 1453 πρὸς
677 1419 749 1453 ὑμᾶς
764 1419 826 1451 τοὺς
848 1420 928 1446 dcto»

138 1461 238 1492 τάτους
254 1461 308 1487 τῶν
328 1462 520 1496 πνευματικῶν
532 1463 610 1498 ἡμῶν
624 1464 727 1491 τέκνων
742 1466 856 1500 Λητοῖου
879 1465 928 1493 καὶ

970 217 1120 245 Considera
1134 218 1226 254 igitur,
1243 227 1259 245 o
1275 219 1353 246 beata
1366 238 1373 251 ,
1402 227 1550 253 quamnam
1570 226 1603 247 ex
1620 220 1757 254 praedictis

971 263 1068 298 agendi
1095 265 1229 292 rationem
1255 265 1301 292 tibi
1326 265 1521 299 proposueris,
1553 269 1580 292 et
1606 265 1756 292 secundum

970 309 1047 337 illam
1064 310 1097 337 ad
1118 318 1195 337 sacra
1220 309 1350 346 mysreria
1375 310 1509 336 accedito.
1541 309 1647 345 Quippe
1663 310 1757 345 explo-

970 361 1060 383 ratum
1075 361 1118 383 est
1131 356 1258 383 omnibus
1270 375 1277 387 ,
1295 363 1355 390 quae
1372 363 1444 383 nunc
1468 356 1580 383 haeresis
1605 356 1756 383 Ecclesiam

971 405 1093 427 nostram
1109 405 1235 435 occupet,
1252 400 1470 428 Mtechianorum
1487 400 1622 428 videlicet.
1638 401 1758 429 Consule

972 444 1064 479 itaque
1078 445 1206 479 pretiosa:
1221 446 1320 472 anima:
1334 449 1397 477 tute,
1416 449 1443 472 et
1455 445 1598 473 sororibus
1614 450 1695 481 atque
1712 454 1758 474 ca-

972 490 1021 524 piti
1039 489 1131 524 (viro).
1162 490 1248 517 Porro
1271 490 1338 517 mihi
1363 490 1404 517 ais
1432 490 1521 517 vereri
1551 495 1576 517 te
1602 491 1693 518 dicere
1713 496 1758 518 tuo

972 537 1151 572 presbytero,
1187 545 1239 564 nou
1270 538 1350 564 licere
1390 538 1580 565 lueresiarchze
1619 538 1757 574 liturgiam

971 581 1072 609 facere.
1086 583 1144 615 Qua
1158 590 1241 617 super
1255 591 1282 610 re
1295 583 1406 618 quidem
1423 583 1487 618 quid
1505 584 1552 611 tibi
1566 592 1639 612 nunc
1655 585 1760 611 dicam?

972 637 1021 664 ego
1045 630 1098 657 hoc
1125 638 1221 657 vacare
1244 631 1325 665 culpa
1348 638 1402 657 non
1417 631 1523 665 judico.
1540 630 1607 657 Nam
1627 631 1692 665 quia
1712 630 1758 658 illa

972 675 1130 701 communio
1144 675 1290 710 inquinat,
1316 683 1375 710 qua:
1395 675 1423 701 in
1441 675 1549 710 liturgia
1569 676 1613 708 iit;
1637 675 1697 702 ideo
1712 676 1759 710 qui

972 719 1037 746 facit
1058 720 1195 754 liturgiam
1211 740 1218 753 ,
1243 720 1316 747 haud
1341 721 1514 747 orthodoxus
1539 721 1601 747 erit.
1626 720 1760 748 Dominus

973 771 1081 798 autem,
1106 768 1152 802 qui
1180 775 1228 794 vos
1254 768 1281 794 in
1306 772 1413 795 tantum
1432 768 1542 803 pietatis
1560 770 1671 796 cu‘men
1693 776 1759 803 pro-

973 814 1059 845 vexit,
1075 813 1201 841 innoxios
1220 819 1248 841 et
1266 814 1448 849 undequaque
1473 814 1627 841 incolumes
1641 822 1760 849 corpore

973 860 1119 894 animaque
1146 860 1180 887 ad
1195 867 1276 887 omne
1293 867 1363 895 opus
1383 860 1496 892 bonum,
1519 867 1684 894 omnemque
1698 861 1761 888 vita:

972 912 1052 932 usum
1065 909 1217 938 conservet,
1243 910 1377 938 vestrum,
1394 907 1515 940 inquam,
1541 906 1711 940 eonjugium,
1734 910 1760 933 et

973 957 1082 978 sorores
1101 951 1326 986 religiosissimas
1341 961 1348 979 :
1363 951 1511 986 cunctique
1536 959 1587 986 pro
1609 957 1703 979 nostra
1718 953 1761 979 in-

973 997 1103 1032 dignitate
1116 997 1195 1024 enixe
1210 997 1373 1031 precemini.

973 1051 1089 1079 CCXXI.
1106 1051 1256 1079 ——Basilio
1289 1052 1387 1087 inclyta
1415 1053 1522 1086 ρι’ωεὶάὶ
1546 1061 1606 1080 cum
1633 1052 1760 1080 universis

1119 1088 1257 1114 venerandi
1271 1088 1421 1115 monasterii
1435 1088 1519 1114 sancti
1531 1087 1619 1115 Sabaa.

1011 1145 1079 1172 Cum
1099 1144 1240 1179 religionis
1256 1145 1381 1180 dogmata
1400 1149 1482 1178 stant,
1498 1145 1542 1172 ille
1558 1145 1760 1179 pertubatoreni

975 1199 1004 1219 se
1019 1190 1120 1226 praebet
1135 1190 1182 1225 qui
1205 1194 1297 1218 motus
1311 1191 1374 1218 ciet.
1403 1190 1452 1217 His
1476 1195 1567 1218 tamen
1594 1190 1760 1222 commotis,

975 1236 1015 1263 uti
1034 1243 1108 1263 nunc
1131 1235 1159 1262 in
1182 1239 1277 1263 nostra
1292 1235 1443 1270 praesertim
1466 1235 1590 1263 Ecclesia
1612 1235 1761 1266 usuvenit,

976 1282 1041 1318 quid
1056 1282 1084 1309 ni
1104 1281 1261 1309 necessario
1272 1281 1494 1316 consurgendum
1507 1282 1544 1309 sit
1558 1300 1566 1314 ,
1587 1281 1710 1316 nullique
1724 1281 1765 1307 la.

974 1328 1036 1356 bori
1052 1327 1215 1363 parcendum
1229 1348 1237 1360 ,
1258 1334 1346 1362 neque
1361 1327 1443 1361 longo
1461 1326 1573 1360 itineri,
1599 1333 1687 1361 neque
1701 1326 1762 1352 aliis

976 1374 1118 1406 zerumnis,
1135 1374 1200 1408 quin
1219 1378 1245 1400 et
1263 1373 1322 1408 ipsa
1336 1380 1410 1399 mors
1424 1372 1645 1400 contemnenda?
1661 1372 1717 1399 Hac
1730 1372 1763 1398 de

977 1427 1073 1452 causa,
1092 1419 1125 1446 ad
1144 1427 1191 1446 vos
1206 1419 1333 1446 misimus
1347 1419 1380 1445 de
1396 1418 1565 1452 spiritalibus
1581 1418 1645 1445 ﬁliis
1661 1418 1763 1444 nosu-is

977 1466 1165 1495 sanctissimos
1180 1466 1302 1493 Letoium
1319 1471 1345 1492 et
1359 1466 1526 1493 Simeonem.
1543 1464 1605 1491 llaec
1618 1468 1660 1491 est
1678 1464 1762 1495 ratio,

139 1508 283 1543 Συμεῶνος
299 1508 337 1544 (5)
351 1509 513 1544 ἀποστολῆς.
537 1507 620 1542 Οὗτος
643 1511 658 1537 ὁ
676 1513 776 1546 τρόπος
789 1512 840 1547 τῆς
858 1513 925 1547 μετὰ

978 1513 1065 1540 rurhi
1081 1518 1141 1547 post
1159 1513 1286 1540 ﬁduciam
1303 1521 1368 1547 erga
1392 1511 1479 1539 Deum
1491 1532 1497 1544 ,
1522 1510 1706 1546 periculosam
1724 1509 1763 1537 is-

140 1554 208 1581 Θεὺν
227 1555 415 1589 πεποιθήσεως
431 1556 608 1589 κινδυνώδους
619 1558 648 1583 ἐν
659 1559 715 1589 τοῖς
728 1559 820 1584 αὐτόθι
845 1559 926 1592 ἐκδη-

143 1600 218 1635 μίας.
247 1598 353 1627 Ἀλλἰἶ)
374 1601 491 1637 πατέρες
518 1602 600 1636 ἅγιοι,
630 1602 688 1634 πῶς
715 1604 779 1638 ὑμῖν
804 1603 927 1638 ἐναργῶς

139 1646 306 1682 διηγήσαιμι
324 1647 358 1674 τὰ
374 1648 444 1675 κατὰ
472 1648 519 1675 τοῦ
541 1648 706 1683 Εὐαγγελίου
735 1649 781 1675 τοῦ
808 1649 927 1685 Χριστοῦ

141 1692 195 1718 ὑπὸ
211 1692 264 1719 τῶν
279 1693 395 1720 ἐνταῦθα
408 1694 575 1728 τολμηθέντα
590 1695 636 1721 καὶ
657 1695 827 1730 πραχθέντα;
847 1695 929 1730 Ἱερε-

143 1737 210 1772 μίας
224 1739 238 1764 ὁ
252 1738 484 1773 πολυθρηνότατος
493 1735 544 1764 ὧδέ
555 1739 606 1765 πού
618 1748 699 1774 φησιν
716 1741 744 1766 ὲν
761 1741 820 1771 ταῖς
833 1739 928 1766 ἑαυτοῦ

142 1783 337 1818 προφητείαις·
350 1784 492 1818 Ποιμένες
502 1785 723 1819 ὴφρονήσαντο,
738 1786 788 1814 καί
805 1786 859 1812 τὸν
870 1786 928 1813 Κύ-

138 1838 208 1864 ριον
222 1831 278 1857 οὐκ
292 1829 485 1864 ἐξεζήτησαν.
504 1830 635 1857 Ἐνταῦθα
657 1831 684 1857 δὲ
696 1831 887 1867 χαλεπώτερόν
905 1841 930 1858 τι

143 1874 191 1901 καὶ
205 1874 266 1902 λίαν
279 1874 394 1902 ἔκτοπον
407 1884 413 1890 ·
427 1876 490 1906 τοὺς
518 1875 572 1911 γὰρ
590 1875 715 1912 ἐκζητεῖν
734 1877 815 1904 αὑτὸν
833 1885 931 1911 προαι-

143 1921 295 1955 ρουμένους
325 1921 373 1947 καὶ
408 1921 606 1956 ἀντεχομένους
650 1921 697 1948 τοῦ
724 1921 806 1956 νόμου
836 1922 930 1954 αὐτοῦ,

142 1965 375 2001 ὴλλοτριωμένους
387 1965 468 1992 αὑτοῦ
485 1965 635 2001 ἀναθέματι
651 1967 698 1993 ἀνε
716 1966 789 2002 (6)...

979 1559 1043 1586 thuc
1053 1559 1251 1594 expeditionem
1266 1557 1660 1592 susceperint.Verumtamen,
1670 1556 1764 1583 Patres

980 1604 1086 1636 sancti,
1114 1603 1251 1638 quomodo
1273 1606 1414 1637 perspicue
1437 1603 1514 1630 vobis
1541 1610 1675 1637 exponam
1704 1609 1765 1636 quae

980 1650 1109 1677 adversus
1121 1649 1219 1676 Christi
1237 1648 1413 1684 Evangelium
1433 1657 1447 1676 a
1467 1653 1568 1676 nostra:
1582 1648 1704 1684 regionis
1715 1648 1765 1675 ho-

981 1695 1099 1722 minibus
1125 1702 1190 1721 ausa
1220 1700 1282 1722 sunt
1310 1699 1337 1722 et
1361 1695 1492 1729 peracta?
1531 1694 1766 1721 Luctuosissimus

980 1741 1089 1775 quidem
1106 1740 1255 1767 Hieremias
1275 1740 1315 1767 sic
1337 1740 1363 1766 in
1381 1748 1428 1767 sua
1455 1740 1597 1774 prophetia
1622 1740 1764 1774 loquitur:

980 1785 1105 1812 Pastores
1121 1785 1201 1812 stulte
1216 1789 1336 1819 egerunt,
1351 1790 1375 1812 et
1391 1785 1534 1812 Dominum
1555 1793 1605 1811 non
1621 1784 1768 1817 exquisive-

980 1831 1064 1857 runt?
1079 1829 1114 1856 At
1126 1829 1198 1856 enim
1213 1830 1284 1864 apud
1299 1837 1349 1856 nos
1364 1830 1490 1864 asperius
1510 1849 1518 1862 ,
1533 1829 1636 1864 aliquid
1652 1834 1679 1856 et
1690 1829 1767 1856 valde

983 1884 1142 1912 perversum
1161 1881 1254 1903 actum
1276 1880 1318 1902 cst
1331 1883 1339 1902 :
1353 1875 1453 1902 etenim
1479 1883 1527 1902 eos
1553 1875 1599 1909 qui
1620 1874 1766 1901 Dominum

983 1923 1127 1956 exquirere
1135 1922 1303 1953 maluerunt,
1314 1921 1429 1956 ejusque
1443 1922 1529 1955 legem
1543 1921 1624 1954 tueri,
1638 1925 1766 1955 tanquam

985 1967 1148 2001 apostaticos
1160 1967 1334 1994 anathemate
1347 1966 1582 2001 perculerunt.....

182 2130 335 2167 Supersunt
351 2135 481 2167 praterea
497 2131 535 2167 (in
547 2131 640 2159 codice
656 2139 718 2159 xcrv
735 2131 910 2160 Bibliotheca).
929 2131 1106 2160 Coislinianae
1121 2132 1192 2167 apud
1205 2131 1385 2160 Mosrraucox
1410 2132 1536 2161 Biblioth.
1559 2133 1670 2161 Coislin.
1697 2141 1762 2169 pag.

145 2179 221 2214 194.)
236 2179 362 2214 Epistolze
375 2179 499 2206 ducenta:
514 2183 541 2206 et
553 2180 724 2215 septuaginta
740 2183 855 2214 septem,
884 2180 1169 2221 nunquam-hactenus
1181 2180 1289 2208 emissae
1305 2181 1331 2207 in
1349 2180 1447 2213 lucem,
1471 2187 1586 2216 quarum
1601 2180 1766 2209 laterculum

143 2223 254 2250 damus.
271 2223 406 2258 Incipiunt
419 2230 433 2249 a
449 2222 497 2250 fol.
509 2223 562 2250 210
581 2231 671 2256 verso,
685 2224 731 2251 ubi

180 2248 371 2302 siesse;
380 2248 412 2293 a
421 2248 744 2302 iesioniauga‘a
755 2268 925 2304 archiepiSCO

978 2275 991 2294 υ
1005 2267 1084 2295 tertio
1098 2266 1234 2294 exsulem.
1246 2266 1358 2294 Initium
1371 2276 1376 2294 :
1394 2266 1548 2303 Ἐδεξάμην
1565 2266 1599 2294 τὰ
1613 2267 1766 2303 γράμματα
1788 2248 1793 2251 Ἰ

143 2311 194 2346 τῆς
207 2312 256 2345 σῆς
276 2311 442 2345 ἁγιωσύνης,
469 2316 522 2338 etc.

179 2355 244 2382 275.
256 2356 295 2382 Ad
308 2355 443 2382 eumdem.
460 2355 568 2382 Initium
585 2364 590 2381 :
604 2355 649 2387 Δὶς
667 2355 730 2390 ἄρτι
747 2356 923 2391 ὲπιστελλόμε

978 2356 1024 2391 τὴν
1039 2355 1094 2382 ἀπὸ
1111 2354 1158 2382 τοῦ
1172 2355 1320 2387 Βυζαντὲου
1339 2354 1442 2390 ἄφιξιν,
1463 2359 1517 2383 etc.

179 2398 244 2425 274.
260 2398 406 2433 Euthymio
420 2398 560 2425 Surdensi.
585 2399 760 2435 Ἐμακρύνθη
776 2409 822 2426 σου
841 2401 857 2434 ὴ
873 2401 925 2427 ὁσιέ

978 2409 991 2431 ξ,
1005 2404 1059 2426 etc.

179 2442 243 2469 275.
257 2442 360 2477 lgnatio
374 2442 501 2476 episcopo
515 2442 608 2469 Mileti.
625 2442 736 2478 Εὗρεμα
751 2443 832 2470 καλὸν
845 2443 978 2478 ὲθήρασα,
993 2449 1046 2471 etc.

903 2520 1018 2549 NOTIE.

185 2577 224 2610 (3)
234 2577 382 2614 Notissima
390 2582 432 2605 est
446 2578 473 2605 in
490 2578 604 2607 Studitte
619 2579 728 2614 scriptis
735 2577 847 2605 btet-esis
863 2578 928 2605 lure.

145 2612 216 2640 Nam
233 2621 294 2640 cum
311 2612 508 2640 Constantinus
524 2614 612 2642 lrenes
627 2612 709 2644 (ilius,
725 2614 784 2648 ejus
800 2614 930 2647 temporis

147 2649 308 2683 imperator,
327 2649 404 2682 pulsa
424 2649 543 2683 legitima
560 2657 666 2682 uxore,
686 2650 766 2675 aliam
786 2648 908 2675 duxisset
921 2669 928 2679 ,

147 2688 206 2710 tum
225 2684 283 2717 ipse
296 2687 353 2710 tum
367 2683 426 2717 ejus
439 2684 567 2711 favitores
582 2685 645 2712 dicti
666 2689 730 2711 sunt
749 2684 896 2715 maecliiani,
915 2691 930 2710 a

149 2718 272 2754 μοιχείᾳ,
283 2718 424 2754 adulterio.

183 2754 223 2788 (4)
232 2753 361 2788 Intelligit
369 2753 516 2788 .losephum
528 2761 700 2782 oeconomum
709 2753 754 2789 qui
771 2753 931 2789 adulterinis

148 2789 327 2823 imperatoris
351 2789 454 2823 nuptiis
477 2790 658 2816 benedixerat.
701 2788 737 2816 De
765 2796 797 2815 eo
828 2788 932 2815 Studita

150 2824 238 2859 Epist.
255 2823 303 2851 lib.
317 2822 346 2857 Ι,
360 2822 398 2850 ει
421 2828 448 2851 et
470 2824 515 2852 Ἦ,
544 2824 608 2852 Sic:
626 2824 712 2851 Ἔστιι.
731 2823 880 2859 οἰκονόμος·
907 2823 933 2849 τί

981 2579 1029 2606 καὶ
1041 2577 1158 2611 ἀναξίως
1168 2578 1323 2613 ὶερουργεῖ;
1342 2576 1464 2608 Ἐξέλιπε
1479 2576 1663 2613 πρεσσύτερος
1678 2585 1689 2613 :7
1703 2578 1768 2604 Esto

982 2621 1147 2645 (economus;
1165 2612 1212 2638 cur
1225 2613 1304 2639 etiam
1322 2613 1426 2646 indigne
1446 2612 1530 2639 sacris
1545 2612 1692 2646 operatur?
1718 2612 1769 2638 De-

982 2650 1027 2676 siit
1044 2656 1099 2675 esse
1111 2648 1257 2682 presbyter.

1021 2684 1060 2718 (5)
1071 2683 1110 2709 Ad
1127 2681 1201 2709 hunc
1212 2681 1366 2718 Simeonem
1380 2685 1519 2718 strenuum
1529 2682 1704 2718 rorthodoxim
1717 2682 1769 2718 ille-

981 2716 1116 2746 fensol'ein
1140 2717 1235 2744 sei'ibit
1248 2716 1354 2744 Studita
1369 2717 1497 2751 epistolas
1518 2717 1564 2745 lib.
1590 2717 1618 2751 Ι,
1641 2718 1673 2744 21
1688 2737 1696 2751 ,
1712 2717 1747 2744 2-2
1761 2737 1768 2749 ,

981 2754 1017 2781 25
1029 2773 1037 2784 ν
1059 2757 1086 2780 et
1103 2753 1149 2779 lib.
1163 2751 1196 2783 II,
1209 2752 1251 2779 50.

1023 2788 1061 2824 (5)
1079 2787 1282 2824 Innuitdecreta
1298 2785 1626 2824 synodileouomachicai,
1639 2790 1672 2816 ad
1687 2795 1765 2823 quam

988 2821 1198 2853 scribitStudita
1216 2822 1293 2857 epist.
1310 2822 1357 2848 lib.
1375 2821 1407 2853 ll,
1426 2822 1450 2848 1.
