1927 3089
208 129 278 164 ὶῡ79
805 135 835 166 S.
849 134 1048 166 THEODORI
1067 136 1137 167 STU
1142 136 1240 167 DITIE
1770 135 1840 167 1630

241 188 304 217 509.
319 188 483 217 Eucharislo
496 190 564 217 ﬁlio.
583 191 637 218 Kai.
649 190 723 218 πάνυ
736 199 778 217 σοι
793 191 874 226 χρεία
888 191 1039 219 ἐπιστεῖλαί
1059 202 1104 229 με.

239 234 302 263 510.
319 236 413 263 Leoni.
429 233 467 262 Εὖ
482 236 649 272 πεποίηκας,
662 237 759 264 τέκνον
777 237 976 272 πνευματικόν.

239 281 304 310 511.
319 282 515 310 Constantino.
531 284 580 316 Τίς
592 285 609 319 ἠ
627 284 703 311 αἰτία
718 283 873 311 ἐπιστεῖλαί
892 293 936 319 με.

238 329 301 357 512.
314 329 488 366 Presbytero.
501 331 548 358 Ἐν
560 331 676 367 χειμῶνι
686 332 712 358 ετ
721 340 762 364 τις
778 331 827 358 ἴδοι
845 332 930 368 ῥόδον.

239 379 303 406 515.
320 378 463 406 Theodulo
475 379 542 407 ﬁlio.
563 380 663 412 Ἡδέως
675 380 741 416 ἔχω,
753 380 849 408 τέκνον
862 390 925 416 μου,
937 381 999 417 δεχό

563 380 663 412 Ἡδέως
675 380 741 416 ἔχω,
753 380 849 408 τέκνον
862 390 925 416 μου,
937 381 1084 417 δεχόμενὸς
1097 390 1145 408 σου
1162 382 1324 417 γράμματα.

237 425 302 452 514.
315 425 444 461 Symconi
459 426 525 453 ﬁlio.
545 427 625 461 Ἀρτι
641 426 749 460 ἔφθασα
765 427 918 455 ἐπιστεῖλαί
937 437 989 455 σοι.

237 472 301 499 515.
316 471 464 507 Eulhymio
476 472 542 499 ﬁlio.
555 473 642 508 Χαῖρε
653 473 682 499 ὲν
697 472 802 508 Κυρίῳ.

237 517 301 544 516.
316 516 442 552 Ephraem
458 518 526 545 ﬁlio.
539 518 627 553 Χάρις
646 527 688 545 σοι
699 519 776 554 παρὰ
791 517 905 554 Κυρίου.

236 564 300 591 517.
312 563 477 598 Aphrodisia
493 564 559 592 ﬁlio.
572 562 757 598 Εὗγε,τέκνον
771 572 833 599 μου.

236 609 298 636 518.
316 609 485 644 liyperechio
501 610 566 637 lilio.
584 607 665 644 Εὖγε,
680 609 755 643 εὖγε,
770 607 926 644 Ὑπερέχιε.

235 654 299 682 519.
314 656 426 683 Amonae
439 655 506 683 ﬁlio.
520 656 595 682 Καλὲ
608 655 729 691 Ἀμῶνα,
743 655 840 690 χαῖρε.Ι

236 702 300 731 520.
314 702 455 738 Stephano
470 703 536 730 ﬁlio.
552 703 650 739 Χαῖρε,
667 702 787 737 Στέφανε
796 702 893 728 τέκνον
906 707 968 735 μου.

235 751 300 778 521.
317 750 447 786 Symeoni
463 750 530 777 ﬁlio.
542 750 668 785 Χαίροις,
683 749 797 785 Συμεὼν
815 748 910 775 τέκνον
923 755 985 782 μου.

235 795 299 824 522.
314 794 466 822 Parthenio
481 795 548 823 ﬁlio.
561 792 596 821 Ὦ
609 795 676 821 καλὲ
686 794 830 830 Παρθένιε,
847 795 937 829 χαῖρε.

233 836 298 869 525.
312 840 458 875 Hegesimo
472 841 540 869 ﬁlio.
565 841 597 867 Ἥ
606 841 686 876 χάρις
701 849 743 867 σοι
753 840 808 868 ἀπὸ
819 840 901 872 Θεοῦ,
920 839 1067 876 Ἠγήσιμε.

236 888 300 916 52.1.
317 887 456 916 Dorolheo
468 889 535 916 ﬁlio.
551 888 739 924 Εὑλογηθείης
752 888 804 915 ὑπὸ
823 888 939 924 Κυρίου.

234 934 298 962 525.
317 934 398 962 Petro
410 935 478 962 ﬁlio.
493 935 579 966 Αὐτὸς
589 935 619 961 οὐ
631 935 832 970 διαλιμπάνεις.

233 982 299 1010 526.
315 982 477 1012 (Εοοηοηιο
491 984 541 1018 τῆς
554 983 702 1019 συμϐόλου.
720 983 912 1018 Ἀπεδεξάμην
926 983 976 1018 τὴν
988 983 1144 1019 ἐπιστολήν.

233 1029 299 1056 5ε7.
315 1028 436 1065 Josepho
449 1029 527 1056 fratri
543 1034 570 1056 et
584 1029 806 1065 archiepiscopo.
823 1030 885 1056 ὀτι
900 1029 994 1065 ἥκουσι

486 1030 527 1056 ιιι-ἰ
543 1034 570 1056 et
584 1029 806 1065 archiepiscopo.
823 1030 885 1056 ὀτι
900 1029 1006 1065 ἧκουσα
1022 1030 1174 1064 τῆςφωνῆς
1190 1039 1247 1058 σου.

231 1077 295 1105 528.
308 1077 411 1113 [ιε-ιοθο
423 1078 488 1105 ﬁlio.
505 1078 584 1106 Μετὰ
596 1078 626 1105 τὸ
640 1078 792 1114 ἀπαρτίσαι
813 1086 848 1112 με
861 1078 910 1113 τὴν
921 1079 1087 1113 ἀνατροπὴν.

231 1124 297 1152 5‘29.
312 1124 456 1152 Thcodulo
471 1125 538 1152 ﬁlio.
555 1124 616 1159 Ἐφ’
626 1125 687 1151 ὅσον
699 1124 876 1160 ᾠκονόμησεν
888 1125 902 1151 ὁ
917 1124 984 1156 θεὸς

471 1125 538 1152 ﬁlio.
555 1124 616 1159 Ἐφ’
626 1125 687 1151 ὅσον
699 1124 876 1160 ᾠκονόμησεν
888 1125 902 1151 ὁ
917 1124 984 1156 Θεὸς
1004 1123 1076 1151 οὕτω
1088 1124 1227 1158 γενέσθαι.

232 1170 295 1198 550.
310 1171 462 1199 Naucralio
476 1172 543 1199 ﬁlio.
558 1172 620 1198 Ὅτι
634 1171 837 1207 ἀνέσφηλας,εί
853 1172 902 1199 καὶ
914 1173 951 1207 μὴ
963 1181 992 1198 τε

360 1172 462 1199 Jcralio
476 1172 543 1199 ﬁlio.
558 1172 620 1198 Ὅτι
634 1171 837 1207 ἀνέσφηλας,εί
853 1172 902 1199 καὶ
914 1173 951 1207 μὴ
963 1172 1063 1204 τελέως
1076 1170 1121 1208 ἧς.

231 1217 295 1246 551.
309 1218 457 1247 Timotheo
474 1219 542 1247 ﬁlio.
563 1218 724 1254 ’Υπομένων
735 1219 883 1254 ὑπόμεινον
898 1219 944 1246 τὸν
957 1218 1071 1254 Κύριον.

231 1264 296 1292 552.
316 1264 418 1293 Basilio
437 1266 584 1294 monacho.
604 1266 652 1298 Τίς
666 1263 743 1297 οὗτος
753 1267 766 1292 ὁ
780 1266 834 1292 ἀπὸ
847 1265 952 1297 δύσεως
965 1267 992 1293 ἀι

470 1266 584 1294 )nacho.
604 1266 652 1298 Τίς
666 1263 743 1297 οὗτος
753 1267 766 1292 ὁ
780 1266 834 1292 ἀπὸ
847 1265 952 1297 δύσεως
965 1265 1112 1297 ἀνατείλας
1127 1266 1231 1301 ἁστήρ;

231 1311 295 1339 555.
313 1311 435 1340 Macario
452 1313 611 1348 praeposito.
625 1313 775 1349 Δὺτάρκως
788 1312 942 1339 διιππεύων
957 1314 992 1339 ὁτ

502 1313 611 1348 :posilo.
625 1313 775 1349 Δὺτάρκως
788 1312 942 1339 διιππεύων
957 1313 1027 1348 ὁτῆς
1041 1312 1147 1347 σιωπῆς
1159 1313 1263 1348 χρόνος.

231 1359 295 1389 554.
310 1359 497 1388 Constantino
508 1361 667 1396 pra-posito.
681 1360 859 1396 Προστίθημι
870 1362 903 1396 τῇ
915 1369 992 1397 προτί

465 1368 497 1388 ll0
508 1361 667 1396 pra-posito.
681 1360 859 1396 Προστίθημι
870 1362 903 1396 τῇ
915 1361 1070 1397 προτεραίᾳ
1085 1361 1226 1396 ἐπιστολῇ.

232 1407 297 1435 535.
312 1407 428 1435 Michael
443 1408 603 1444 synadensi.
621 1407 713 1435 Πάλαι
729 1407 843 1444 ἔμαθον,
855 1408 897 1435 ὅτι
915 1417 944 1435 σε
959 1408 993 1435 τδπ

1070 1408 1116 1435 λον
1131 1409 1179 1435 καὶ
1192 1407 1334 1443 ἑδραίωμα
1354 1408 1404 1444 τῆς
1417 1407 1547 1444 ἀληθείας
1568 1407 1691 1442 μεθῆκαν
1703 1407 1750 1434 τοῦ
1764 1416 1830 1443 προ-

195 1455 275 1491 τέρου
292 1453 485 1490 περιορισμοῦ.

231 1499 295 1527 556.
309 1499 407 1527 Tillioe
420 1500 488 1527 ﬁlio.
506 1499 607 1531 Καλῶς
620 1499 667 1527 καὶ
696 1499 904 1535 προσηκόντως,
920 1499 1030 1535 ἀδελφὲ,
1047 1500 1078 1527 τὸ
1092 1500 1211 1536 γράμμα
1225 1509 1283 1527 σου.

231 1548 295 1575 557.
315 1547 427 1575 Silvano
440 1547 507 1575 ﬁlio.
525 1548 630 1583 ᾜνεσα
643 1547 690 1574 τὸν
700 1547 768 1574 Θεόν
787 1557 849 1583 μου.

233 1595 296 1623 538.
315 1595 420 1622 Evodio
435 1599 462 1623 et
477 1594 577 1623 Joanni
593 1595 667 1622 ﬁliis.
682 1596 777 1631 Μικρᾷ
795 1595 926 1632 συλλαῦῇ.

232 1641 296 1669 5'59.
314 1640 443 1677 Symeoni
458 1641 525 1668 ﬁlio.
540 1641 652 1677 Ἐπειδὴ
669 1641 790 1675 ἀνέγνων
806 1650 854 1668 σου
867 1642 916 1676 τὴν
930 1642 1087 1678 ἐπιστολήν.

232 1688 296 1716 540.
309 1687 491 1716 Constantino
506 1687 587 1716 laico.
599 1687 718 1721 Εὐλογία
735 1688 839 1724 Κυρίου
855 1689 902 1715 ἐπὶ
917 1689 958 1716 σέ.

229 1736 295 1764 541.
310 1736 408 1764 Casia.
424 1733 476 1763 υἷα
492 1737 559 1772 ἡμῖν
574 1735 622 1763 καὶ
639 1735 717 1768 αὖθις
729 1736 881 1771 ἐφθέγξατο
898 1737 914 1772 ἡ
934 1737 1084 1773 κοσμιότης
1102 1746 1159 1764 σου.

231 1784 294 1812 542.
314 1784 436 1812 Macario
448 1783 606 1819 praeposito.
622 1784 698 1811 Πάνυ
719 1784 864 1820 ἐφιέμενος
880 1785 987 1820 μαθεῖν.

231 1833 295 1860 545.
311 1832 398 1860 Irena:
408 1832 540 1868 patriciae.
553 1831 587 1858 Τί
600 1839 641 1858 σοι
657 1832 760 1863 κόπους
776 1832 900 1867 παρέχω.

230 1879 293 1907 544.
308 1878 393 1907 Paulo
412 1879 480 1906 ﬁlio.
497 1878 634 1913 Ἀνέγνων
648 1887 694 1905 σου
709 1878 759 1913 τὴν
773 1878 930 1913 ἐπιστολήν.

231 1925 293 1953 545.
311 1924 414 1954 Letoeo
426 1925 495 1953 ﬁlio.
511 1923 609 1960 Χαίρω
624 1923 732 1951 ἀκούων
746 1932 794 1950 σου
809 1924 859 1958 τῆς
880 1924 984 1958 φωνῆς.

231 1973 294 2002 546.
312 1973 471 2007 Canonicis,
485 1973 659 2004 κανονικαϊς,
670 1971 784 2007 Ἐπειδὴ
797 1971 877 2007 ὑμεῖς
891 1973 941 1999 οὐκ
955 1972 1074 1999 ὲνδιδοῦν
1090 1972 1195 2008 φιλεῖτε
1207 1973 1247 2005 εἰς
1262 1972 1293 1999 τὸ
1307 1972 1440 2000 εὐποιεῖν.

231 2021 295 2050 547.
313 2021 466 2058 Epiphanio
480 2021 548 2049 ﬁlio.
563 2021 619 2048 Καὶ
633 2020 713 2052 αὖθις
725 2020 832 2056 ἥκουσα
845 2020 896 2056 τῆς
910 2020 1003 2056 φωνῆς
1019 2029 1077 2048 σου.

170 2062 175 2069 ’
232 2067 296 2096 548.
317 2067 424 2097 Eidem.
442 2068 491 2096 Ἐκ
505 2066 660 2105 παραδόξου
676 2076 722 2104 μοι
733 2067 764 2095 τὸ
775 2067 893 2104 γράμμα
907 2075 964 2094 σου.
