1927 3089
126 182 186 213 1681

731 183 917 215 CAPITULA
941 185 1134 222 QUATUOR.

1689 188 1759 221 1682

1463 265 1565 272 _—__.4

563 350 699 418 IV._
728 348 1308 415 MISCELLANEA.

705 545 777 573 ΤΟΥ
790 545 893 574 ΟΣΙΟΥ
914 546 1052 575 ΠΑΤΡΟΣ
1072 546 1170 573 ΗΜΩΝ

541 636 843 682 ΘΕΟΔΩΡΟΥ
878 639 992 683 ΤΟΥ
1019 620 1336 682 nouum”

679 735 1078 796 ΚΕΦΑΛΑΙΑ
1115 733 1187 795 Δ’.

460 925 507 971 S.
546 927 602 971 P.
642 928 702 973 Ν.
747 927 1067 975 THEODORI
1106 928 1385 976 STUDITIE

552 1035 909 1092 CAPITULA
940 1034 1306 1102 QUATUOR.
1350 1119 1353 1122 _

583 1145 680 1181 (Pera.
695 1146 803 1178 Possm,
820 1144 1126 1177 ThesaurusAsceticus,
1137 1153 1197 1182 pag.
1213 1145 1288 1179 5H.)

147 1262 191 1288 A'.
211 1260 296 1288 Οὐδὲν
309 1260 374 1288 ἄλλο
399 1260 474 1288 ἐστὶν
490 1260 508 1295 ἡ
521 1259 658 1296 ἀσκητικὴ
675 1259 743 1296 ζωὴ,
757 1260 815 1287 ἀλλ’
829 1261 846 1295 ἢ
858 1261 905 1295 ὲγ-
921 1266 929 1292 Α

992 1261 1014 1289 Ι.
1024 1261 1096 1289 Nihil
1111 1261 1187 1289 aliud
1201 1264 1244 1290 est
1259 1262 1313 1290 vita
1327 1262 1446 1290 ascetiea
1467 1262 1519 1290 nisi
1533 1262 1666 1291 eohihitio
1682 1270 1746 1298 pss-

111 1306 229 1342 κράτεια
252 1305 366 1338 παθῶν,
383 1306 530 1332 ἐπιστασία
544 1315 575 1333 τε
590 1306 740 1342 λογισμῶν,
756 1307 805 1334 καὶ
816 1307 906 1343 διηνε-

111 1351 162 1386 κὴς
179 1351 252 1386 πάλη
267 1350 335 1386 πρὸς
351 1351 415 1381 τοὺς
429 1351 562 1386 ἀοράτους
581 1352 695 1387 ἐχθρούς
708 1360 715 1367 ·
735 1352 860 1388 καθαράν
874 1361 905 1379 τε

110 1396 160 1431 τὴν
185 1396 275 1430 ψυχὴν
289 1397 385 1431 τηρεῖν
400 1395 457 1422 ἀπὸ
474 1396 609 1432 ῥυπαρῶν
623 1397 763 1432 λογισμῶν
790 1398 815 1424 οἳ
845 1406 904 1424 κοι-

111 1442 204 1468 νοῦσιν
217 1442 291 1477 ἡμᾶς
302 1449 310 1457 ’
330 1442 359 1468 ὲν
370 1442 424 1476 γὰρ
440 1441 481 1477 τῷ
494 1441 661 1476 λογίζεσθαι,
676 1443 715 1474 ὡς
731 1443 788 1478 πῦρ
803 1444 821 1478 ἡ
844 1444 905 1470 ἐπιο

111 1487 198 1521 θυμία
228 1487 398 1513 ἁνὰπτεται·
425 1486 493 1513 ἀλλὰ
509 1486 651 1522 πόρρωθεν
677 1486 731 1513 τῶν
742 1487 837 1514 παθῶν
863 1488 904 1513 ἰσ-

110 1533 236 1567 τάμενοι,
245 1532 276 1564 ὲξ
288 1532 373 1567 αὐτῆς
380 1531 535 1568 προσϐολῆς
542 1531 797 1568 ἀποκρούωμενςτὸν
807 1532 904 1569 πειρά-

111 1579 204 1610 ζοντα.

147 1626 187 1651 B'.
203 1624 321 1660 Νήψεως
334 1623 434 1659 πολλῆς
447 1623 528 1659 χρεία
539 1624 608 1659 ἡμῖν
623 1623 671 1650 καὶ
684 1623 823 1660 προσοχῆς
833 1632 841 1640 ο
856 1624 904 1651 καὶ

112 1671 273 1706 ὲτοιμασίας
286 1672 336 1706 τῆς
361 1670 478 1704 καρδίας
493 1671 533 1702 είς
549 1670 580 1697 τὸ
601 1670 747 1705 χαλινῶσαι
774 1671 821 1697 τὸν
841 1670 904 1698 νοῦν

111 1718 203 1753 ἡμῶν,
220 1717 258 1752 μὴ
273 1717 439 1751 ἐκφέρεσθαι
457 1717 497 1748 είς
510 1716 529 1743 ἃ
544 1716 581 1751 μὴ
596 1715 645 1749 δεῖ,
662 1716 699 1752 μὴ
724 1716 903 1751 κενεμῦατεῑν

111 1767 150 1796 είς
165 1763 281 1795 ἕκτοπα,
300 1764 338 1798 μὴ
355 1764 566 1799 ἁναζωγραφείν
583 1762 685 1794 τύπους
695 1764 840 1798 πονηροὺς,
852 1771 903 1798 μη-

111 1811 138 1837 δὲ
167 1810 370 1845 συλλαμϐάνειν
390 1809 539 1845 ἐπιθυμίας
555 1809 756 1845 ἅμαρτητικὰς,
771 1808 801 1842 ἐξ
812 1806 903 1836 ὧνοῦ-

111 1856 155 1883 δὲν
176 1855 367 1891 ὠφελούμεθα,
383 1856 538 1882 τούναντίον
553 1855 581 1882 δὲ
605 1855 716 1890 μᾶλλον,
746 1856 903 1891 όδυνώμεϐα

111 1903 158 1928 καὶ
180 1902 396 1937 συντριϐόμεθα,
411 1902 450 1933 είς
467 1901 543 1928 οὐδὲν
559 1902 694 1937 χρήσιμον
708 1902 902 1937 τελεσφοροῦν-

956 1308 1077 1341 siouum,
1099 1308 1191 1342 vigilia
1213 1316 1297 1343 super
1312 1308 1503 1344 cogitationes,
1519 1309 1651 1336 continua
1674 1309 1748 1336 lueta

955 1359 1051 1381 contra
1068 1355 1162 1382 hostes
1177 1355 1345 1389 invisibiles;
1358 1359 1385 1382 et
1393 1362 1488 1390 puram
1500 1355 1619 1382 animatn
1637 1363 1747 1382 servare

955 1407 969 1426 a
995 1400 1116 1427 sordidis
1138 1401 1352 1435 cogitationibus
1365 1408 1425 1435 qua:
1441 1401 1587 1435 inquinant
1603 1408 1663 1427 nos.
1675 1400 1744 1427 Dum

954 1447 1028 1473 enim
1056 1447 1120 1474 talia
1146 1452 1236 1474 mente
1261 1454 1416 1479 versamus,
1431 1448 1654 1482 concupiscentia
1674 1447 1747 1474 sicut

956 1492 1025 1527 ignis
1045 1493 1241 1520 iuﬂammalur.
1269 1493 1304 1520 At
1328 1493 1368 1520 sic
1389 1501 1438 1521 nos
1459 1494 1643 1528 elongantesa
1657 1493 1746 1526 vitiis,

955 1539 981 1566 in
996 1539 1055 1574 ipso
1072 1540 1161 1574 primo
1176 1539 1282 1568 assultu
1298 1540 1462 1575 repellamus
1476 1544 1650 1568 tentatorem.

989 1622 1023 1651 ll.
1038 1624 1120 1652 Multa
1129 1625 1221 1661 Vigilia
1239 1633 1308 1661 opus
1325 1626 1404 1654 nobis
1419 1631 1471 1660 est,
1493 1627 1578 1655 multa
1594 1627 1745 1655 attentione

954 1674 981 1696 et
995 1670 1194 1705 praeparatione
1213 1671 1304 1698 cordis
1322 1672 1356 1698 ad
1371 1671 1531 1699 frenandam
1547 1675 1667 1699 mentem
1691 1680 1744 1699 no-

954 1721 1050 1750 stram,
1070 1723 1103 1744 ne
1120 1716 1253 1744 efferatur
1270 1719 1296 1744 in
1311 1725 1343 1745 ea
1356 1726 1417 1753 qua:
1436 1725 1491 1745 non
1506 1718 1692 1746 conveniunt:
1710 1726 1747 1745 ne

954 1762 1162 1798 imaginationcs
1180 1770 1280 1797 pravas
1300 1764 1384 1799 fingat
1401 1773 1407 1791 :
1424 1768 1472 1791 aut
1489 1764 1631 1792 obversari
1650 1765 1747 1791 animo

953 1809 1049 1836 sinat:
1069 1816 1136 1835 neve
1162 1809 1299 1844 concipiat
1325 1810 1490 1845 cupiditates
1515 1811 1549 1837 ad
1573 1811 1742 1845 peccandum

954 1853 1114 1886 incitantes;
1128 1861 1161 1880 ex
1179 1854 1278 1888 quibus
1291 1854 1359 1881 nihil
1375 1855 1535 1889 prolicimus
1546 1865 1552 1882 :
1565 1855 1632 1890 quin
1647 1864 1662 1882 e
1674 1864 1742 1883 cou-

953 1899 1040 1925 trario
1065 1899 1241 1927 vulneramur
1264 1903 1292 1927 et
1318 1900 1498 1933 conterimur,
1519 1901 1625 1929 nullum
1647 1901 1741 1929 utilem

110 1956 167 1979 τες.
192 1947 251 1974 Μία
264 1947 311 1974 οὖν
334 1947 501 1980 ἀνάπαυσις,
526 1947 573 1974 καὶ
590 1947 639 1982 μία
654 1947 735 1983 ἡδονὴ
761 1948 793 1974 τὸ
813 1948 900 1975 καοα-
915 1945 929 1972 Ε

954 1943 1071 1971 fructum
1091 1949 1273 1973 maturantes.
1293 1945 1352 1973 Una
1377 1947 1461 1981 igitur
1483 1946 1603 1981 requies.
1620 1955 1674 1974 una
1693 1955 1742 1973 vu-

111 1993 202 2028 ρεύειν
218 1994 267 2029 τὴν
277 1993 377 2028 ψυχὴν,
393 1993 442 2020 καὶ
457 1993 525 2029 πρὸς
539 1992 673 2020 ἀπάθειαν
692 1993 812 2029 βλέπειν.

144 2123 185 2150 Γ’.
197 2122 311 2157 Στῶμεν
326 2120 373 2150 οὖν
386 2122 455 2158 πρὸς
467 2122 498 2149 τδ
512 2123 584 2149 κατὰ
604 2122 759 2158 συνείδησιν
775 2121 901 2157 διηνεκὲς

111 2169 265 2204 μαρτύριον
277 2175 285 2184 ο
313 2168 351 2203 μὴ
366 2168 521 2204 κάμψωμεν
538 2168 603 2203 γόνυ
617 2170 650 2204 τῇ
667 2168 752 2201 Βάαλ,
775 2168 898 2203 ἀδελφοὶ,

110 2216 181 2250 μηδὲ
212 2214 333 2250 ὲνδῶμεν
364 2215 528 2250 τυπτόμενοι
566 2214 618 2241 ὑπὸ
650 2215 704 2242 τῶν
742 2214 899 2250 λογισμῶν·

110 2262 213 2296 μᾶλλον
238 2261 288 2297 μὲν
304 2258 351 2288 οὖν
380 2260 630 2295 κατασϐεννύωμεν
643 2261 677 2287 τὰ
693 2260 756 2296 βέλη
778 2260 826 2287 τοῦ
851 2269 900 2287 πο-

109 2307 194 2342 νηροῦ
207 2307 243 2334 τὰ
260 2307 460 2342 πεπυρωμένα,
475 2309 532 2339 τοῖς
555 2307 682 2342 δάκρυσι,
706 2308 740 2343 τῇ
766 2308 899 2342 προσοχῇ,

108 2355 141 2388 τῇ
157 2353 262 2388 δεήσει,
279 2354 313 2388 τῇ
329 2353 484 2385 κατανύξει,
500 2354 558 2385 τοῖς
587 2353 677 2384 ἄλλοις
708 2353 900 2388 ὕπωπιασμοῖς

109 2399 156 2425 τοῦ
168 2398 305 2433 σώματος·
320 2399 334 2425 ὁ
348 2399 403 2434 γὰρ
412 2399 547 2431 ἀντίδικος
562 2398 650 2434 ἡμῶν,
658 2398 706 2431 Ὠς
717 2398 796 2425 λέων
807 2398 900 2432 ὠρυό-

107 2452 197 2478 μενος
217 2443 388 2478 περιπατεῖ,
411 2443 505 2478 ζητῶν
526 2445 596 2471 τινα
608 2444 758 2476 καταπίοι,
772 2443 832 2470 τινα
852 2443 900 2471 λά-

109 2489 153 2515 ϐοι
180 2488 344 2524 θηράσιμον,
364 2490 420 2516 εἴτε
437 2490 493 2517 ἀπὸ
521 2489 631 2525 μέρους,
658 2489 714 2516 εἴτε
733 2488 763 2522 ἐξ
789 2489 899 2525 ὁλοκλή-

111 2543 157 2570 ρου
174 2543 182 2550 ·
193 2535 256 2562 οὐδὲ
279 2535 333 2571 γὰρ
360 2536 404 2562 ἐπ’
417 2536 451 2563 ἂν
468 2535 523 2564 ἀπὸ
546 2535 645 2571 μέρους
661 2535 750 2567 λάϐοι,
761 2536 898 2571 ἀρκεῖται,

109 2580 178 2607 ἀλλὰ
194 2580 320 2616 πρόεισιν
338 2580 382 2607 ἀεὶ
404 2582 445 2612 είς
461 2581 492 2607 τὸ
505 2583 595 2616 χεῖρον
606 2588 614 2597 ο
629 2581 682 2612 ἕως
701 2580 735 2607 ἂν
748 2580 898 2616 ἀποτελέσῃ

109 2625 226 2651 θάνατον
249 2625 400 2660 ἁμαρτίας.
424 2623 487 2652 Οἴον
506 2626 635 2660 πειρᾶται
650 2624 758 2660 πρῶτον
772 2624 898 2657 δέξασθαι
912 2618 933 2646 c

109 2672 183 2706 ἡμᾶς
198 2671 247 2707 τὴν
262 2671 417 2706 προσϐολήν
429 2679 437 2686 ·
455 2668 515 2698 εἶτα
529 2670 696 2705 φθέγξασθαί
710 2679 738 2697 τι
751 2671 898 2707 κατακαρ-

107 2717 165 2750 δίας
181 2717 300 2752 πονηρόν
313 2726 320 2733 ·
334 2715 385 2744 εἷθ’
399 2717 486 2748 οὕτως
500 2717 604 2754 χράνας
620 2717 665 2743 καὶ
687 2717 833 2752 φαρμάξας
848 2719 898 2754 τὴν

108 2763 208 2798 ψυχὴν,
238 2763 377 2798 ἐξίστησιν
407 2763 492 2798 αὐτὴν
515 2764 564 2798 τῆς
585 2763 656 2789 κατὰ
682 2762 764 2797 φύσιν
793 2763 897 2797 ἕξεως·

109 2809 155 2836 καὶ
176 2809 263 2836 ποιεῖν
271 2809 356 2844 αὐτὴν
372 2809 451 2837 ἄνουν
465 2809 513 2836 καὶ
531 2808 628 2844 ἄλογον
644 2809 691 2837 καὶ
699 2809 812 2845 τυφλὴν,
821 2811 897 2846 ἐφιε-

146 2898 153 2913 ¹
169 2897 242 2924 l’etr.
260 2906 286 2930 ν,
312 2899 336 2925 8.

953 1990 1042 2025 luptas
1065 1995 1117 2022 est,
1133 1998 1251 2025 purgare
1268 1991 1401 2024 animam,
1414 1996 1440 2019 et
1454 1999 1568 2027 scopum
1586 1992 1638 2019 sibi
1653 1992 1742 2027 praefi-

952 2042 1015 2070 gere
1030 2043 1085 2070 quo
1101 2041 1272 2071 spectemus,
1285 2037 1496 2065 exstinctionem
1511 2037 1659 2073 perfectam
1678 2045 1743 2073 pas-

951 2082 1072 2109 sionum.

987 2127 1032 2155 ιιι,
1052 2128 1161 2156 Stemus
1179 2128 1260 2162 igitur
1271 2133 1352 2163 prout
1374 2130 1501 2158 standum
1527 2136 1661 2159 monstrat
1679 2140 1740 2167 per-

950 2177 1062 2207 petuum
1093 2172 1269 2200 conscientia;
1305 2173 1502 2201 testimonium.
1532 2174 1571 2203 Ne
1599 2175 1740 2204 flectamus

951 2226 1020 2253 genu
1039 2223 1103 2245 ante
1115 2218 1190 2251 Baal,
1204 2218 1304 2246 fratres
1323 2228 1330 2245 :
1348 2227 1436 2254 neque
1456 2219 1587 2248 cedamus
1603 2222 1667 2248 dum
1681 2223 1740 2256 pul-

951 2271 1046 2290 satnur
1070 2264 1290 2299 cogitationibus.
1307 2264 1402 2292 Potius
1418 2272 1509 2293 autem
1532 2267 1739 2302 exstingualnus

951 2311 1006 2336 tela
1035 2310 1114 2346 ignea
1139 2311 1313 2344 nequissimi,
1337 2311 1477 2347 lacrymis,
1493 2313 1652 2346 attentione,
1676 2322 1739 2341 ora-

952 2355 1035 2388 tione,
1062 2356 1291 2390 eompunctione,
1318 2356 1434 2391 aliisque
1460 2358 1651 2386 vexationibus
1677 2366 1740 2387 cor-

949 2401 1035 2436 poris.
1063 2401 1246 2429 Adversarius
1270 2402 1342 2429 enim
1378 2407 1471 2431 noster
1502 2411 1509 2430 :
1539 2402 1676 2438 Tanquam
1699 2405 1744 2432 ίυοι

950 2446 1054 2481 rugiens
1073 2447 1178 2481 circuit,
1196 2455 1316 2483 quaerens
1343 2456 1419 2483 quem
1442 2449 1572 2482 ἄρωσι-σι’,
1588 2457 1670 2484 quem
1690 2459 1739 2478 ve—

951 2492 1041 2519 nando
1055 2492 1173 2527 praedam
1187 2500 1266 2519 suam
1283 2492 1375 2526 faciat,
1387 2494 1428 2520 vel
1437 2502 1470 2521 ex
1485 2499 1573 2529 parte,
1586 2496 1628 2522 vel
1639 2500 1737 2523 totum.

949 2535 1042 2570 Neque
1064 2536 1136 2562 enim
1156 2544 1220 2563 cum
1234 2544 1266 2563 ex
1282 2542 1359 2572 parte
1382 2538 1495 2572 ceperit,
1513 2538 1581 2566 satis
1596 2539 1622 2566 id
1637 2539 1736 2567 habet:

950 2582 996 2610 sed
1011 2583 1100 2617 pergit
1115 2590 1223 2617 semper
1239 2583 1416 2618 progrediens
1429 2584 1456 2612 in
1479 2584 1557 2620 pejus
1572 2585 1659 2613 donec
1673 2594 1739 2613 con-

949 2633 1067 2655 summet
1081 2633 1222 2662 peccatum
1245 2630 1352 2656 mortis.
1372 2628 1495 2665 Exempli
1511 2638 1606 2665 eausa,
1622 2636 1739 2659 conatur

948 2675 1066 2709 primum
1079 2674 1189 2703 efﬁcere
1204 2679 1234 2702 ut
1247 2675 1419 2710 excipiamus
1433 2676 1548 2710 patienti
1563 2677 1742 2705 eonniventia

948 2720 1092 2754 quemdam
1117 2721 1175 2756 ejus
1198 2720 1349 2756 impulsum
1370 2721 1492 2750 :deinde
1508 2722 1632 2749 sinamus
1659 2722 1738 2750 insu-

947 2767 1050 2793 surrari
1067 2766 1102 2794 ab
1116 2774 1150 2794 eo
1165 2767 1241 2794 cordi
1264 2773 1361 2795 nostro
1384 2775 1500 2803 pravum
1517 2767 1628 2802 aliquod
1645 2768 1740 2795 consi-

947 2809 1026 2838 lium.
1044 2809 1099 2839 Hoc
1115 2818 1179 2839 cum
1194 2811 1326 2845 obtinuit,
1339 2812 1437 2840 deinde
1455 2811 1534 2840 miris
1548 2811 1638 2851 modis
1655 2819 1746 2848 agens-
