1927 3089
186 175 253 207 16>ὲ3

783 171 813 200 S.
835 168 1030 200 TIIEODORI
1049 167 1222 197 STUDI'I‘AS

1760 160 1826 192 1684

183 233 342 266 furensque,
366 231 497 261 misrcns,
514 237 546 257 ac
563 229 703 257 fascinans
717 229 849 260 animam,
865 227 974 254 tandem

1032 225 1113 259 μένην
1130 223 1148 250 ἃ.
1165 224 1202 258 μὴ
1216 223 1264 250 δεῖ.
1298 221 1385 255 ﬁdem
1410 217 1468 248 οὖν
1496 218 1618 255 φυλακῇ
1645 217 1823 253 τηρήσωμεν

183 287 242 306 eam
271 278 400 305 exturbat
426 277 460 304 ab
482 284 515 304 eo
544 277 590 310 qui
613 275 762 303 secundum
784 279 909 302 naturam
934 277 977 300 est

185 323 289 353 habitu,
306 326 332 348 et
348 321 437 348 reddit
451 328 510 347 eam
526 320 691 350 dementem,
711 318 910 350 irrationalem,
924 324 977 344 cae-

183 376 243 395 cam
258 389 265 399 ,
285 367 439 402 cupientetn
460 374 491 393 ea
516 373 577 400 qua:
600 364 640 392 fas
657 372 709 391 non
729 369 781 391 est.
805 363 884 390 Omni
911 371 977 398 ergo

183 413 303 440 custodia
315 420 446 440 servemus
462 420 507 438 cor
534 417 655 438 nostrum
669 411 689 442 ',
709 417 762 436 non
782 409 874 436 dantes
890 409 977 435 locum

182 459 289 485 diabolo
303 459 323 491 ³,
343 458 390 486 sed
405 458 438 485 ad
455 458 572 492 primum
600 456 687 483 hostis
709 455 811 483 statim'
828 455 980 481 abnuentes

183 514 325 533 accessum
337 526 345 536 ,
371 504 466 540 procul
483 511 546 530 eum
567 503 743 538 repellamus.
758 501 835 536 Quod
852 501 875 528 si
892 508 980 535 usque

183 552 217 579 ad
233 558 377 578 assensum
389 550 532 576 vincamur
542 557 548 575 :
560 553 588 574 at
599 555 633 574 ne
648 547 806 582 polluantur
819 546 980 580 prodcumlo

183 596 216 622 ad
235 603 314 629 opus.
334 594 411 627 Quod
429 593 452 620 si
464 598 491 620 et
503 593 555 619 hoc
570 591 712 624 acciderit,
728 598 761 618 ne
778 591 804 617 iu
826 590 872 617 tali
892 597 980 616 more-

184 649 246 668 mur
274 645 359 673 statu,
373 639 446 666 trahi
464 646 514 665 nos
539 638 661 665 sinentes
678 637 704 664 in
721 636 849 662 ultitnum
871 634 976 670 peccati

185 687 333 713 terminum
350 685 578 721 impaenitentiam
594 683 713 710 ﬁnalem.
730 681 871 716 Conliugit
887 685 977 707 autem

184 741 234 760 nos
259 733 311 760 hoc
334 733 390 768 pati
406 741 438 759 ex
453 731 630 767 praesumptis
647 738 680 758 ex
696 730 777 764 longo
793 727 978 763 opinionibus,

183 784 211 805 et
224 786 257 805 ex
271 779 509 806 recordationibus
531 785 627 804 eorum
647 784 709 811 qua:
729 775 808 802 nobis
823 774 888 801 olim
908 773 981 800 acci-

1030 270 1089 303 τὴν
1114 269 1252 303 καρδίαν,
1275 268 1312 303 μὴ
1329 267 1464 298 διδόντες
1492 265 1585 291 τόπον
1615 263 1655 295 τῷ
1677 264 1823 296 διιιΰὸνιῳ·

1031 315 1087 343 ἀλλ’
1105 315 1186 346 εὐθὺς
1200 315 1250 350 τὴν
1273 312 1426 347 προσϐολὴν
1451 311 1674 345 ἀπαναινόμενοι.
1687 310 1718 336 El
1733 310 1761 335 δὲ
1778 311 1809 343 ﬁt:

1031 361 1158 398 τηθῶμιν
1187 360 1322 392 ἐντεῦθεν,
1350 359 1403 385 κᾶν
1429 358 1467 394 μὴ
1493 357 1664 392 χρανοῆναισ
1681 357 1705 381 εἰ
1728 356 1756 381 δὲ
1779 356 1825 382 καὶ

1030 409 1111 435 τοῦτο
1144 408 1298 442 πάθοιμεν·
1327 406 1396 433 ἀλλὰ
1422 406 1458 442 μὴ
1480 405 1637 440 ὲγχρονῐσαι
1665 406 1712 432 καὶ
1741 414 1826 431 κατα-

1033 455 1149 489 συρῆναι
1181 453 1221 485 εἰς
1249 452 1280 479 τὸ
1313 452 1389 483 τέλος
1417 452 1467 486 τῆς
1491 451 1640 486 ἁμαρτίας.
1677 450 1825 484 Συμὸαἱνει

1031 500 1060 526 δὲ
1084 500 1159 535 ἡμᾶς
1172 499 1251 526 τοῦτο
1267 499 1366 525 παθεῖν
1380 499 1412 524 ἐκ
1437 497 1491 524 τῶν
1516 497 1688 532 προλήψεων,
1713 497 1744 523 ὲκ
1771 497 1826 522 τῶν

1030 545 1113 572 πάλαι
1129 545 1310 580 ἀναμνήσεων
1321 552 1328 558 ·
1343 543 1411 570 ἀλλὰ
1440 541 1571 576 φύγωμεν
1587 542 1636 572 τὰς
1655 541 1805 576 προλήψεις
1819 550 1824 555 ·

1029 591 1160 626 φύγωμεν
1178 590 1228 621 τὰς
1244 589 1410 624 νεωτερικὰς
1437 588 1617 623 ἀναμνήσεις,
1644 587 1687 613 Ἐν
1715 587 1770 621 γὰρ
1789 586 1829 620 τῷ

1033 637 1123 663 ἐκεῖσε
1149 636 1192 663 διὰ
1216 636 1268 670 τῆς
1284 635 1499 670 ὰναθεωρήσεως
1530 634 1654 668 γίνεσθαι
1679 634 1752 667 ἡμᾶς
1767 652 1774 664 ,
1802 633 1828 658 τί

1034 681 1098 709 ἄλλο
1113 681 1188 708 ἔστιν
1204 682 1292 707 εἰπεῖν
1303 701 1311 713 ,
1335 681 1351 716 ἢ
1369 681 1409 706 ὅτι
1423 680 1601 715 ὲστράφημεν
1612 680 1645 714 τῇ
1662 678 1761 713 καρδίᾳ
1789 678 1829 708 εἰς

1034 727 1193 762 Αἷγυπτον;
1220 727 1309 762 Ὅπερ
1336 727 1488 762 φυλακτέον
1506 728 1571 762 ἡμῖν
1596 726 1666 753 κατὰ
1682 725 1729 753 τὸν
1755 725 1829 751 ἔνδον

1034 773 1083 800 ἄνθ
1089 783 1190 810 ρωπον.

183 826 292 854 derunt.
320 827 410 860 Quare
435 826 572 862 fugiamus
597 825 718 852 delentes
735 832 767 851 ex
789 824 882 850 animo
917 826 1051 856 quantum
1084 830 1232 857 possumus
1250 822 1334 849 falsas
1367 822 1434 850 istas
1455 821 1673 857 persuasiones:
1691 821 1830 855 fugiamus

183 882 293 909 quoque
317 873 524 901 recordationes
542 872 676 899 malarum
698 878 789 898 rerum
804 877 873 904 quas
896 868 1035 903 quondam
1057 869 1084 896 in
1103 869 1250 904 juventute
1280 869 1412 900 vidimus,
1433 869 1505 903 passi
1523 876 1629 900 sumus,
1650 868 1829 902 antegimus.

182 923 252 951 Nam
275 923 431 951 voluntaria
449 927 476 949 et
493 929 602 948 morosa
629 921 724 947 taliqu
747 918 979 953 contetuplatioue
999 918 1085 944 teneri
1109 925 1141 946 ac
1165 918 1270 945 titillari
1287 925 1349 949 nos,
1363 917 1429 953 quid
1445 917 1518 944 aliud
1535 923 1587 948 est.
1613 924 1695 951 quam
1729 918 1829 943 revorti

183 974 266 999 corde
279 972 305 998 in
327 969 492 1006 [Egyptumf’
511 968 589 1002 Quod
607 967 761 995 cavendum
782 972 825 994 est
848 966 939 997 nobis,
958 966 980 992 si
1001 965 1125 992 interiori
1142 971 1236 992 nostro
1254 965 1398 992 consulere
1413 964 1516 990 immitti
1534 963 1672 990 volumus.

218 1017 263 1046 IV.
281 1017 425 1044 Certemus
441 1017 533 1050 igitur,
544 1015 653 1046 fratres,
667 1018 696 1041 et
708 1013 782 1040 omni
795 1013 895 1040 virtute
909 1020 974 1038 cott-

1062 1011 1099 1039 Δ’.
1127 1010 1338 1046 Ἀγωνισὼμεοα
1353 1008 1410 1043 οὖν,
1422 1010 1540 1043 ἀδελφοὶ,
1557 1009 1602 1035 καὶ
1624 1010 1696 1044 tau-5
1713 1009 1829 1044 δυνάμει

184 1065 288 1096 fortati,
307 1071 414 1091 summa
437 1062 613 1089 contentione
636 1068 769 1088 conemur
789 1059 903 1093 spiritus
917 1059 978 1091 ejus

184 1111 230 1144 qui
255 1109 281 1136 in
311 1108 390 1135 nobis
416 1112 458 1134 est
477 1106 655 1140 cogitationes
673 1112 800 1141 purgare.
813 1104 890 1135 juxta
904 1103 978 1137 quod

184 1153 315 1188 scriptum
340 1157 381 1179 est
396 1161 403 1179 :
418 1151 453 1178 Et
476 1158 579 1178 omnem
607 1149 775 1176 altitudinem
790 1156 850 1182 qua:
863 1147 980 1173 elevatur

184 1205 279 1226 contra
294 1199 432 1226 scientiam
450 1197 525 1224 Dei‘.
543 1196 576 1223 Et
592 1197 641 1223 ltoc
659 1195 823 1230 perettuiter.
835 1194 893 1221 lloc
906 1193 979 1220 euitn

184 1249 227 1271 cst
255 1244 355 1270 bellum
382 1243 459 1274 illud,
482 1243 507 1269 in
527 1250 582 1276 quo
605 1248 746 1276 nunquam
772 1239 935 1271 debellatur,
952 1238 979 1265 in

186 1296 345 1326 perpetuum
361 1291 475 1318 durans.
488 1290 520 1317 Et
532 1290 584 1316 hoc
597 1288 668 1315 idem
686 1287 848 1322 martyrium
867 1289 908 1313 est.
925 1293 979 1312 non

185 1346 242 1364 uno
262 1339 318 1364 ictu
337 1340 572 1365 consummatum.
587 1333 634 1361 sed
651 1333 678 1360 in
694 1333 753 1359 dies
769 1332 871 1359 multos
889 1331 980 1358 conti—

187 1388 283 1411 nenter
302 1383 416 1410 saeviens
441 1382 521 1416 longa
546 1380 600 1408 sibi
615 1378 822 1407 succedentium
838 1378 908 1405 serie
926 1383 983 1404 tor-

186 1435 352 1458 mentorum.
379 1429 527 1455 Enimvero
555 1428 603 1462 qui
632 1425 845 1461 cogitationibus
870 1423 982 1450 assidue

186 1477 311 1511 pulsatus
340 1475 442 1511 pravis,
475 1481 614 1508 nunquam
640 1472 723 1504 cedit,
747 1478 798 1498 nec
816 1470 983 1502 llectitgenu

187 1531 280 1550 coram
294 1522 355 1549 llaal
372 1531 379 1548 :
395 1521 440 1548 sed
458 1525 568 1547 strenue
593 1519 735 1549 resistens.
750 1517 843 1544 vivido
855 1516 983 1551 superiu-

188 1568 244 1596 silit
266 1569 369 1602 impetu
391 1567 418 1593 in
440 1566 582 1601 passiones
612 1563 835 1597 concupiscibilis
848 1567 875 1589 et.
890 1561 986 1588 irasci-

189 1616 250 1643 bilis
264 1623 333 1650 quas
347 1614 491 1642 concaleat
507 1620 604 1639 omnes
618 1621 625 1638 :
642 1612 688 1638 hic
703 1610 831 1637 videlicet
844 1609 985 1644 quotidia—

187 1667 253 1686 num
293 1658 456 1694 martyrium
490 1656 585 1684 suffert
609 1660 637 1682 et
665 1660 726 1689 post
754 1654 869 1681 Paulum
897 1656 986 1687 potest

187 1707 280 1733 dicere
302 1714 310 1732 :

187 1753 303 1780 istorum
329 1751 442 1778 audebit
457 1749 549 1776 dicere
570 1757 577 1775 :
594 1747 698 1775 Bonum
721 1751 854 1773 certamen
868 1743 982 1777 certari,

188 1807 296 1825 cursum
309 1796 502 1826 consummaui.
519 1795 599 1826 [idem
612 1794 732 1825 servavi;
753 1793 781 1819 in
794 1792 894 1827 reliquo
912 1798 984 1825 repa-

189 1847 242 1872 sita
253 1851 291 1872 est
307 1845 371 1871 mihi
391 1851 488 1870 corona
500 1842 618 1877 justitia:
632 1842 651 1867 ⁸.

1029 1057 1239 1092 δυναμούμενοι,
1257 1057 1373 1083 κατὰτὸ
1391 1057 1490 1092 κράτος
1521 1056 1570 1089 τῆς
1602 1055 1692 1090 Eax-.30;
1724 1055 1771 1081 τοῦ
1801 1057 1828 1081 ὲν

1029 1105 1096 1139 ἡμῖν
1114 1103 1279 1138 πνεύματος,
1289 1103 1436 1138 λογισμοὺς
1451 1102 1645 1137 καθαιροῦντες
1661 1103 1769 1128 κατὰτὸ
1782 1111 1829 1135 γε-

1031 1149 1190 1184 γραμμένον
1207 1158 1214 1164 ·
1230 1148 1359 1176 Καὶπᾶν
1388 1148 1496 1182 ὕψωμα
1523 1147 1720 1181 ἐπαιρόμενοι·
1751 1148 1830 1173 κατὰ

1031 1196 1087 1230 τῆς
1098 1195 1235 1230 γνώσεως
1254 1195 1307 1222 τοῦ
1324 1194 1399 1222 Θεοῦ
1410 1203 1418 1209 ·
1434 1194 1570 1221 καὶτοῦτο
1586 1194 1718 1224 aevum.
1742 1194 1829 1220 Τιῦτο

1032 1242 1087 1277 γάρ
1107 1242 1182 1267 ἐστιν
1209 1241 1354 1275 ὁπόλεμος
1369 1240 1382 1265 ὁ
1409 1239 1623 1274 ἁκαταμὰχητος
1641 1246 1648 1254 ·
1673 1238 1720 1264 καὶ
1748 1237 1830 1263 τοῦτο

1032 1287 1063 1313 τὸ
1084 1286 1235 1322 μαρτύριον
1251 1286 1281 1312 τὸ
1297 1285 1484 1312 πολυὸάσανον
1502 1284 1548 1310 καὶ
1576 1284 1760 1318 πολυήμερον.
1782 1284 1830 1314 Ὃς

1033 1333 1088 1367 γὰρ
1113 1333 1163 1359 οὐκ
1183 1332 1307 1358 ἐνδίδωσι
1327 1332 1383 1362 τοῖς
1399 1330 1542 1364 λογισμοῖς
1574 1330 1618 1355 ἀεὶ
1644 1329 1828 1363 τυπτύμενος,

1033 1378 1094 1405 οὐδὲ
1115 1378 1251 1412 κάμπτων
1265 1377 1330 1411 γόνυ
1344 1379 1376 1411 τῇ
1394 1376 1485 1407 Βάαλ,
1501 1375 1559 1402 ἀλλ’
1577 1375 1830 1409 ἀνταγωνιζόμενος

1033 1424 1082 1450 καὶ
1095 1423 1318 1458 ὑπεραλλόμενος
1335 1423 1389 1449 τῶν
1404 1421 1510 1454 παθῶν,
1528 1421 1660 1456 ἐπιθυμίᾳ
1674 1422 1721 1447 καὶ
1737 1421 1828 1456 θυμῷ,

1035 1467 1112 1501 οὗτος
1129 1469 1252 1503 δηλονότι
1269 1469 1404 1504 μαρτυρεῖ
1427 1468 1612 1502 καθεκάστην,
1634 1469 1680 1494 καὶ
1695 1468 1768 1494 κατὰ
1783 1468 1829 1493 τοῦ

1036 1516 1144 1544 Παύλου
1156 1516 1268 1547 δυνατός
1282 1517 1340 1542 ἐστι
1355 1515 1444 1549 λέγειν
1468 1515 1498 1541 τὸ
1509 1534 1516 1546 ,
1533 1514 1730 1547 Ιὶαϋενιάστην
1759 1513 1830 1548 ὴμέ-

1033 1570 1093 1596 ραν
1106 1561 1302 1594 ἀποθνήσκω.
1326 1561 1380 1586 Καὶ
1400 1561 1446 1586 ἐπὶ
1471 1559 1509 1595 τῷ
1540 1560 1610 1585 τέλει
1633 1559 1687 1585 τῶν
1715 1558 1830 1592 ἀγώνων

1037 1607 1256 1644 παρρησιάζεται
1287 1608 1395 1633 εἰπεῖν·
1427 1607 1482 1633 Τὸν
1516 1605 1616 1640 (Labra
1651 1605 1705 1631 τὸν
1732 1607 1831 1632 καλω-

1037 1655 1173 1690 ἠγώνισα
1185 1663 1192 1670 ν
1207 1654 1262 1681 τὸν
1273 1653 1387 1687 δρόμον
1401 1654 1542 1679 τετέλεκα
1552 1661 1558 1668 ·
1574 1654 1632 1684 τὴν
1655 1652 1763 1678 πίστιν
1785 1660 1832 1678 τε-

335 1705 462 1737 Quotidie
478 1702 606 1730 morior“.
622 1701 655 1728 Et
672 1702 699 1727 in
725 1701 778 1727 line
800 1699 980 1726 certaminum

1038 1687 1154 1735 τίῆρηκιι
1174 1707 1179 1713 ·
1198 1698 1308 1725 λοιπὸν
1322 1697 1478 1725 ἀπόκειται
1490 1705 1542 1730 μοι
1560 1697 1575 1723 ό
1594 1695 1649 1729 τῆς
1674 1695 1832 1721 δικαιοσύ-

1037 1754 1094 1780 νης
1110 1744 1271 1778 στέφανος.

227 1917 236 1931 ¹
251 1916 332 1943 Prov.
348 1922 385 1946 ιγ,
400 1913 447 1939 ‘23.
485 1912 496 1927 ⁸
512 1910 614 1945 Epltes.
634 1916 672 1939 tv.
688 1907 734 1934 ‘27.
772 1907 783 1922 ’⁸
798 1906 818 1933 ll
831 1906 895 1933 Cor.
910 1913 937 1937 x,
962 1905 977 1932 5

1032 1905 1037 1920 ’
1054 1903 1062 1930 I
1078 1903 1144 1930 Cor.
1157 1909 1203 1935 xv,
1217 1901 1262 1929 51.
1301 1900 1312 1916 ⁸
1327 1900 1347 1927 ΙΙ
1364 1900 1437 1926 Tim.
1457 1907 1493 1931 tv,
1513 1898 1539 1924 7.

199 1962 1827 1996 W-W

858 2035 1172 2082 MONITUM.

682 2132 685 2133 ν
711 2117 793 2152 (Aug.
816 2114 888 2147 MAI,
912 2113 1040 2140 Bibliotlt.
1059 2119 1118 2139 nov.
1141 2116 1160 2138 t.
1186 2109 1236 2143 IV,
1257 2110 1315 2146 91.)

229 2182 258 2209 lu
283 2185 375 2209 vetere
399 2180 495 2208 codice
518 2178 655 2206 Vaticano
677 2176 747 2207 451,
771 2174 791 2201 f.
814 2172 866 2200 168
888 2172 916 2203 1),
929 2174 1039 2197 exstant
1056 2169 1086 2196 S.
1111 2168 1204 2196 Basilii
1229 2167 1436 2195 Constitutiones
1462 2165 1625 2196 monasticae,
1644 2164 1718 2191 haud
1739 2169 1833 2191 tamen

192 2225 349 2261 cuiusmodi
372 2228 437 2252 sunt
460 2224 487 2250 in
513 2229 588 2250 tomo
609 2220 730 2249 secundo
765 2217 894 2245 editionis
918 2215 1044 2243 Garnerii
1059 2235 1066 2247 ,
1096 2215 1142 2241 sed
1166 2214 1322 2244 breviores,
1349 2220 1506 2248 quanquam
1535 2211 1646 2238 initium
1671 2211 1741 2237 idetn
1768 2215 1832 2237 est:

193 2255 249 2306 Τὶξν
265 2269 336 2296 κατὰ
350 2268 468 2302 Χριστὸν
483 2265 643 2301 φιλοσοφίαν
660 2263 858 2297 ἐπανελόμενος
875 2269 881 2286 :
899 2264 927 2286 et
938 2259 966 2286 in

1034 2259 1099 2286 itula
1113 2264 1219 2286 tantum
1237 2258 1348 2292 triginta
1364 2257 1577 2284 distrihttuntur.
1592 2255 1712 2282 Prorsus
1726 2255 1834 2282 codicis

193 2298 319 2342 Vaticani
334 2313 429 2339 eadem
446 2311 515 2338 ratio
530 2315 588 2342 est,
607 2317 669 2344 quae
683 2307 800 2335 C:esarei
819 2304 1038 2331 Vindobouensis
1058 2302 1140 2335 LXV,
1164 2311 1180 2329 a
1204 2302 1352 2329 Lambecio
1369 2301 1498 2333 descripti
1528 2300 1675 2327 Comment.
1705 2298 1737 2325 Β.
1762 2299 1832 2325 (Im.

193 2359 242 2386 lib.
269 2366 314 2388 ut.
338 2357 382 2384 ed.
400 2356 498 2382 Kollar.
523 2363 550 2390 p.
571 2343 634 2381 3l3.
652 2352 761 2379 Titulus
782 2353 873 2376 autem
890 2348 981 2382 operis
1000 2347 1098 2381 duplex
1130 2352 1172 2374 est
1192 2347 1219 2373 in
1245 2346 1340 2373 codice
1356 2345 1434 2377 Vat.,
1460 2352 1558 2378 nempe
1585 2343 1686 2370 initio:
1704 2343 1834 2374 Διᾱιταξις

194 2402 343 2437 ἀσκητικὴ,
360 2400 427 2436 πρὸς
440 2399 505 2431 τοὺς
521 2397 688 2434 μονάζοντας
701 2395 748 2422 καὶ
764 2394 827 2424 τοὺς
843 2393 873 2419 ὲν
888 2391 978 2418 κοινοδ

1043 2391 1205 2421 ἀσκοῦντας,
1222 2396 1251 2417 ut
1265 2390 1291 2416 in
1306 2389 1426 2416 editione
1437 2388 1574 2415 Garnerii.
1588 2387 1616 2414 ln
1630 2387 1705 2413 calce
1717 2391 1810 2413 autem
1826 2395 1832 2412 ι

194 2446 276 2476 Τέλος
295 2446 347 2472 τῶν
363 2443 518 2478 κεφαλαίων
534 2442 588 2469 τῶν
606 2440 713 2476 μικρῶν
727 2439 787 2474 ἦτοι
801 2437 857 2464 τῶν
874 2435 980 2470 μερικῶ

1036 2434 1173 2469 σκητικῶν
1189 2434 1237 2460 τοῦ
1258 2433 1336 2467 ἁγίου
1352 2432 1494 2460 Βασιλείου
1511 2441 1518 2458 :
1533 2431 1688 2464 Expliciuut
1705 2429 1832 2464 Capitula

194 2498 289 2524 parva,
313 2497 359 2515 seu
383 2487 564 2522 particularia
578 2474 699 2512 Ascetioa
714 2482 801 2510 sancti
819 2481 925 2508 Basilii.
949 2479 1086 2506 Habemus
1100 2479 1202 2512 igitur,
1225 2482 1255 2504 ut
1278 2482 1370 2510 antea,
1397 2475 1564 2510 [tegularum
1586 2474 1786 2509 Compendium
1806 2474 1832 2499 in

197 2535 308 2569 "tegulis
323 2533 433 2559 brevius
455 2530 614 2566 explicatis;
644 2529 680 2555 ita
705 2534 779 2554 nuttc
802 2523 1030 2552 Constitutionum
1052 2522 1260 2548 monasticarum
1284 2521 1363 2556 quasi
1386 2520 1604 2554 Compendium,
1626 2527 1690 2545 vero
1717 2524 1833 2544 auctore

195 2562 291 2606 eodem
310 2577 432 2608 Basilio,
456 2562 568 2609 ut'ipse
580 2571 745 2600 Lambecius
770 2570 843 2597 ultro
861 2569 987 2603 agnoscit
1010 2571 1092 2600 atque
1114 2566 1224 2592 fatetur.
1245 2565 1307 2592 Jam
1322 2573 1388 2591 vero
1411 2568 1474 2599 post.
1492 2564 1518 2591 id
1545 2563 1641 2590 Basilii
1664 2562 1832 2596 opusculum

197 2625 296 2660 legitur
320 2623 347 2649 in
365 2622 459 2649 codice
475 2607 537 2647 Vat.
554 2622 602 2655 (at
620 2619 647 2645 in
664 2617 784 2644 Vindob.
805 2615 948 2650 prtccedit)
966 2613 1102 2640 Theodori
1124 2613 1241 2640 Studita:
1259 2611 1390 2638 Scholion
1404 2629 1410 2640 .
1433 2618 1488 2644 qtto
1510 2609 1718 2636 demonstratur
1730 2627 1738 2639 ,
1761 2607 1833 2632 hunc

197 2652 259 2697 esuse
274 2669 427 2703 genuinum
452 2665 482 2692 S.
501 2652 593 2692 Patris
614 2663 711 2690 fetum.
735 2660 883 2688 Contendit
898 2659 1030 2686 nimirum
1047 2657 1155 2684 Studita
1167 2676 1174 2688 ,
1191 2656 1218 2683 id
1233 2655 1323 2690 palatn
1340 2654 1403 2681 inde
1426 2654 1484 2681 lieri
1496 2672 1504 2684 ,
1529 2652 1602 2687 quod
1619 2652 1706 2686 stylus
1728 2655 1755 2677 et
1777 2655 1833 2676 tom

198 2694 293 2747 scripti
308 2711 379 2738 ratio
391 2717 543 2743 sensusque
557 2708 620 2734 aliis
640 2706 729 2733 sancti
751 2704 846 2732 Basilii
860 2702 994 2730 Asceticis
1013 2701 1164 2729 conformis
1180 2701 1226 2728 sit.
1249 2699 1335 2727 Porro
1360 2703 1390 2725 ut
1410 2703 1602 2733 argumentum
1622 2703 1702 2723 suum
1725 2694 1832 2721 Studiia

199 2740 314 2784 firm-iter
329 2758 440 2786 teneat,
459 2752 580 2780 defendit
591 2751 673 2779 simul
688 2770 696 2782 ,
712 2750 758 2776 illa
775 2756 835 2783 qua:
852 2747 986 2774 habemus
1003 2747 1030 2772 in
1044 2745 1212 2773 editionibus
1230 2744 1322 2771 Basilii
1341 2743 1462 2769 Ascetica
1474 2762 1482 2775 ,
1499 2749 1561 2768 esse
1583 2740 1701 2775 genuina
1715 2759 1722 2771 ,
1739 2742 1834 2764 contra

198 2800 391 2835 nottnqurum
406 2805 492 2825 vanas
503 2795 690 2824 dubitationes
708 2803 714 2820 :
730 2801 784 2827 qua
800 2799 829 2819 re
845 2791 1018 2822 continuata,
1039 2790 1163 2824 sequitur
1177 2793 1206 2815 ut
1222 2795 1299 2822 atque
1317 2786 1476 2818 Δια-τάξεις,
1496 2784 1705 2812 Cunstitutioues
1717 2802 1724 2812 ,
1739 2781 1834 2807 Basilii

198 2847 264 2873 sint.
278 2826 340 2870 lam
357 2843 409 2870 hoc
426 2841 560 2869 ineditum
577 2839 692 2867 Studita:
708 2826 838 2865 Scholion
860 2837 898 2870 (a)
916 2834 1095 2870 prtecideuda:
1110 2831 1257 2868 quatstioui
1278 2831 1409 2858 idoneum
1422 2834 1475 2861 est,
1488 2836 1549 2863 qum
1561 2827 1666 2862 prolixe
1682 2826 1801 2860 agitatur
1819 2832 1834 2849 a

233 2903 395 2962 tu)ll|~‘|allittltr
406 2900 621 2959 1\‘itigclalrissimus.
636 2899 688 2924 lloc
700 2896 820 2924 scbolium
840 2897 889 2927 jam
901 2894 1014 2919 ediderat
1035 2892 1124 2918 Cinist.
1145 2892 1210 2917 l‘rtd.
1234 2889 1343 2916 Matthmi
1364 2890 1391 2913 et
1406 2894 1451 2912 nos
1475 2888 1530 2919 post
1549 2891 1607 2910 eum
1621 2884 1733 2915 Operam
1751 2883 1834 2908 Basilii

233 2945 263 2962 ut.
317 2954 323 2962 .
341 2943 386 2959 co.
420 2935 434 2958 ὅ
471 2939 562 2958 .mtr.

204 2942 263 2966 tum.
278 2935 323 2966 Ill,
341 2936 386 2959 col.
406 2935 476 2959 1519.
494 2935 562 2957 lzotr.
