1927 3089
151 149 220 182 1685

626 153 814 184 SCHOLION
836 154 876 185 IN
898 155 928 183 S.
950 154 1091 184 BASILII
1113 154 1303 184 ASCETICA.

1706 154 1774 187 1686

148 207 301 241 Garnerio,
319 214 338 236 ι.
360 208 397 242 ll,
423 209 450 236 in
477 209 557 237 Praef.
580 218 607 244 p.
626 219 696 238 xxxv
714 217 742 239 et
772 220 849 247 seqq.
874 213 908 240 de
938 213 1132 240 Ascclicorum
1166 221 1233 240 vero
1248 216 1362 248 parente
1385 212 1506 242 Basilio:
1535 212 1656 248 itemque
1684 213 1773 244 alteri,

147 262 200 288 qua
214 253 286 280 idem
307 253 457 282 Garnerius
478 255 553 289 praef.
569 263 595 290 p.
611 263 672 283 vat
688 262 715 284 et
728 264 818 292 seqq.,
832 258 969 286 immerito
983 259 1124 286 contendit
1143 264 1241 286 contra
1265 258 1475 290 Combelisium,
1493 257 1701 285 Constitutiones
1717 266 1775 284 mo-

148 300 264 326 nasticas
291 307 346 326 non
364 300 482 333 Basilio,
501 301 549 328 sed
564 301 708 330 Eustatliio
725 303 891 336 Sebasteno,
915 311 977 332 esse
997 305 1196 332 inscribendas.
1217 304 1278 332 Jam
1301 309 1424 332 veterum
1441 305 1618 332 auctoritates
1636 312 1649 331 a
1668 304 1776 331 Studita

148 344 274 370 laudatas
294 344 395 378 partim
411 346 541 371 hauserat
557 353 590 372 ex
609 346 668 373 aliis
688 346 808 374 fontibus
823 347 902 374 etiam
918 348 1079 385 Garnerius,
1096 353 1284 376 verumtamen
1300 349 1353 376 hoe
1372 349 1478 383 insigne
1497 349 1611 376 Studiue
1632 348 1775 379 Scholion,

148 395 195 413 seu
211 387 355 421 Prologum
368 408 375 420 ,
404 388 559 423 ignoravit:
580 397 661 424 quam
677 398 728 418 nos
747 391 971 426 scriptiunculam
994 393 1020 419 in
1039 393 1089 420 hac
1107 398 1200 420 nostra
1218 393 1335 420 Studita:
1356 393 1492 420 mantissa
1520 392 1700 419 omittendam
1721 399 1776 418 non

145 430 329 463 judicavimus
340 452 347 463 ,
366 436 424 458 tum
437 433 502 466 quia
518 434 647 467 prmclara
668 442 716 469 per
729 443 758 462 se
772 441 832 468 est,
844 441 899 462 tum
911 436 974 470 quia
990 437 1054 463 crisi
1073 444 1185 470 operum
1207 437 1293 464 sancti
1310 436 1402 463 Basilii
1415 436 1551 470 pcrutilis.
1571 435 1637 462 Nam
1653 435 1725 470 quod
1744 436 1777 462 ad

149 475 199 501 hoc
217 476 327 509 proprie
348 475 498 502 breviatum
519 476 610 504 Basilii
630 478 792 512 opusculum
809 483 912 513 spectet
928 479 1042 507 Studita:
1057 481 1188 508 Scholion
1203 501 1210 513 ,
1236 481 1355 508 dubitari
1374 481 1491 514 nequit:
1515 488 1567 506 non
1587 481 1651 514 quia
1668 485 1774 507 unitum

150 517 188 544 illi
209 519 235 545 in
250 519 343 546 codice
357 519 528 552 subtexitur,
548 521 595 547 sed
614 523 676 555 quia
696 522 721 548 in
739 530 772 549 eo
787 523 890 551 diserte
915 523 1074 552 nominatur
1090 524 1187 552 titulus
1201 524 1328 559 Μερικά,
1344 525 1390 559 qui
1406 524 1544 559 proprius,
1561 528 1591 551 ut
1608 519 1690 558 supra
1704 523 1776 551 dixi-

149 571 222 594 mus,
239 564 334 598 scripti
352 563 426 590 illius
441 563 570 591 Basiliani
587 571 639 593 est.

237 642 414 670 ΘΕΟΔΩΡΟΥ
426 644 640 671 ΗΓΟΥΜΕΝΟΥ
666 645 846 674 ΣἸῸΥΔΙΟΥ,

184 699 218 726 α’.
240 700 301 726 Ὅτι
317 701 431 735 γνήσιον
450 701 497 728 τοῦ
511 702 631 736 μεγάλου
643 703 785 730 Βασιλειω
801 705 832 730 τὸ
848 704 936 740 παρὸν

150 745 305 780 σύνταγμα,
320 746 401 780 δῆλον
415 747 463 781 μὲν
477 749 525 774 καὶ
540 747 587 774 ἀπ’
599 748 683 775 αὐτοῦ
702 748 748 775 τοῦ
761 751 936 785 χαρακτῆρος

149 792 199 826 τῆς
213 792 376 827 ὺψηγορίας,
391 793 439 819 τοῦ
453 802 482 819 τε
498 794 586 826 εἴδους
598 795 649 829 τῆς
658 795 786 830 φράσεως
796 804 802 811 ·
814 796 893 831 δῆλον
908 796 936 823 δὲ

149 839 241 865 mittat
258 839 305 864 τοῦ
320 839 520 873 συνεμπίπτειν
532 841 592 872 ταῖς
604 840 658 866 τῶν
673 840 761 868 ἄλλων
777 842 936 877 ἀσκητικῶν

149 884 265 915 ἐννοίαις
272 893 302 910 τε
315 885 362 911 καὶ
374 885 480 917 λέξεσιν
489 894 496 901 ·
506 885 544 917 ὠς
560 886 598 921 μὴ
618 886 706 913 δοκεῖν
722 895 748 913 τι
762 887 826 914 ἄλλο
839 887 876 922 τῷ
890 888 937 914 καὶ

151 931 249 965 μικρὸν
260 930 324 963 γοῦν
338 931 552 966 ἐπεσκεμμενως
562 932 809 968 ἀναγινώσκοντι,ῆ
822 933 936 969 θάτερον

149 977 177 1002 ἐν
188 976 294 1011 θατέρῳ
307 976 472 1011 διέρχεσθαι.
490 977 551 1003 Ὅτι
561 977 589 1004 δὲ
600 978 691 1004 ἐκεῖνα
707 978 754 1004 τοῦ
768 979 881 1012 πατρὸς,
894 979 937 1011 τίς

149 1022 305 1056 ἀντερήσει,
321 1020 380 1056 ἣὸς
401 1021 554 1055 τυφλώττοι
570 1022 642 1048 κατὰ
656 1022 718 1048 νοῦν
739 1022 936 1058 ὲνεργούμενος

147 1067 197 1101 τὴν
216 1067 334 1099 κακίαν;
350 1065 433 1101 Οἶμαι
459 1067 513 1102 γάρ
532 1076 609 1098 τινας
635 1067 866 1103 δριμυττομένους
897 1068 936 1103 τῷ

147 1112 312 1147 ἀκρισασμῷ
326 1113 375 1146 τῆς
391 1112 577 1145 διδασκαλίας,
591 1113 794 1148 πρπλαὸόντας
819 1123 849 1140 τε
877 1115 936 1141 ὲπί-

148 1166 248 1192 κουρον
265 1159 314 1192 τῆς
327 1157 471 1189 αὐθαδείας
487 1158 517 1184 τὸ
530 1159 617 1185 εἰπεῖν
625 1167 687 1186 τινα
698 1159 753 1185 τῶν
767 1161 936 1195 ἱστοριογρά-

148 1212 206 1237 φων
223 1202 261 1238 (Ι)
289 1203 365 1238 παρά
394 1212 466 1231 τισιν
495 1204 718 1239 ἁμφιᾶάλλεσθαι
741 1206 936 1241 ῥιψοκινδύνως

147 1248 214 1275 νὸοα
240 1248 310 1274 αὐτὰ
325 1248 408 1282 φάναι
426 1257 433 1264 ·
450 1249 474 1276 οἱ
490 1249 511 1276 δ’
524 1249 601 1276 αὐτοί
620 1259 671 1285 μου
682 1251 789 1278 δοκοῦσι
814 1253 862 1278 καὶ
886 1252 936 1288 τὴν

148 1293 218 1329 πρὸς
241 1294 383 1329 Ἑϐραίους
404 1295 561 1330 ἐπιστολὴν,
575 1296 626 1331 τήν
636 1304 666 1322 τε
676 1296 780 1332 Πέτρου
794 1297 933 1332 δευτέραν,

153 1340 280 1365 Ἰωάννου
295 1347 324 1366 τε
342 1342 391 1375 τὴν
413 1341 607 1376 Ἀποκάλυψιν,
623 1342 721 1378 ἐτέρας
734 1351 763 1369 τε
787 1343 937 1375 καθολικὰς

147 1385 218 1419 πρὸς
236 1387 437 1421 συγγράμμασι
450 1395 506 1413 τισι
523 1389 680 1423 πατρικοῖς,
715 1389 809 1424 ἐπειδὴ
834 1390 937 1424 ὁμοίως

147 1430 377 1464 ἀμφιϐάλλονται,
390 1431 602 1460 ἀποϐάλλεσθαι.
634 1433 704 1460 Ἀλλ’
715 1435 740 1460 εί
766 1435 796 1461 τὸ
810 1434 937 1470 δεύτερον

147 1475 247 1507 ἀσεϐὲς
262 1497 269 1508 ,
285 1476 344 1507 πῶς
362 1477 422 1511 οὐχὶ
435 1478 482 1504 καὶ
504 1478 533 1504 τὸ
544 1479 679 1515 πρότερον
691 1500 698 1512 ,
720 1480 771 1515 ἤδη
791 1481 937 1514 ἀποδεδεγ-

149 1521 239 1556 μένων
263 1522 338 1555 παρὰ
352 1523 385 1557 τῇ
406 1522 556 1559 Ἐκκλησία
585 1525 761 1560 ἀμφοτέρων,
792 1526 840 1552 καὶ
859 1527 938 1553 οὐδα-

149 1566 208 1599 μῶς
219 1565 266 1592 τοῦ
279 1566 431 1600 ἀμφιϐόλου
446 1567 537 1602 χώραν
550 1567 657 1603 ἔχοντός
667 1570 726 1595 ἐστι
742 1570 792 1605 (‘2).
808 1571 838 1596 El
853 1570 881 1597 δὲ
892 1571 938 1597 τὸν

147 1611 279 1645 Θεολόγον
293 1613 330 1646 (5)
357 1613 394 1648 μὴ
411 1613 639 1649 ὑπομνηματίσαι
655 1619 789 1651 φήσωσιν,
809 1616 825 1651 ἦ
840 1617 938 1642 ἐπιπο-

147 1655 233 1687 λαίως
249 1657 370 1690 ἀνέγνων
383 1677 390 1688 ,
406 1657 422 1692 ἢ
438 1658 578 1690 συνιέντες
605 1661 802 1695 κακουργοῦσι.
817 1661 939 1697 Νομοθε-

149 1702 206 1728 σίαι
228 1702 283 1737 γὰρ
301 1703 442 1737 μοναστῶν
462 1705 553 1739 ἡνίκα,
581 1707 679 1741 φησὶν,
695 1706 829 1742 ἕγγραφοί
842 1716 872 1734 τε
891 1709 938 1735 καὶ

150 1747 270 1783 ἄγραφοι
290 1749 339 1783 (4),
355 1750 381 1775 τί
395 1749 486 1786 ἄλλοῆ
505 1751 613 1783 πάντως
627 1761 659 1786 γε
682 1753 769 1780 ταῦτα
788 1754 939 1789 δηλοποιεί-

150 1803 195 1820 ται
206 1803 213 1827 ;
223 1795 371 1827 Ἀπόδειξις
387 1796 414 1822 δὲ
424 1798 471 1823 καὶ
484 1797 512 1830 ἐξ
525 1798 620 1833 ἐτέρας
631 1798 758 1834 θεωρίας·
771 1800 785 1826 ὃ
801 1801 854 1836 γὰρ
867 1801 939 1835 λέγει

150 1839 290 1871 Βισίλειος
302 1841 331 1866 ὲν
342 1843 397 1872 τοῖς
418 1843 639 1877 Ἀσκητικοῖς,τὰ
652 1845 712 1880 ἱερὰ
725 1846 875 1881 γράμματα
886 1855 940 1872 πα-

151 1884 188 1918 ρὰ
209 1884 264 1912 τῶν
291 1886 392 1919 γονέων
415 1887 605 1922 μεμαθηκέναι
621 1889 670 1923 (5),
684 1890 751 1924 φησὶ
779 1891 937 1926 Γρηγόριος,

149 1929 183 1954 τὰ.
198 1928 248 1963 μὲν
267 1928 299 1963 δὴ
319 1931 426 1965 πρῶτα,
454 1934 529 1966 παρὰ
551 1932 591 1967 τῷ
615 1935 699 1968 πατρὶ
733 1935 939 1969 σπαργανοῦταί

148 1982 178 2000 τε
203 1975 251 2000 καὶ
267 1976 461 2003 διαπλάττετξιι
478 1979 526 2012 (ti).
544 1978 626 2014 Εὖροι
659 1979 683 2006 δ’
698 1980 730 2007 ἄν
758 1989 800 2012 τις
824 1982 871 2008 καὶ
893 1983 939 2009 τὴν

148 2020 221 2046 ὅσιον
234 2021 374 2048 Θεοδόσιον
392 2023 428 2058 (7)
441 2025 508 2060 πρός
524 2034 595 2051 τισιν
608 2026 698 2058 ἄλλοις
713 2028 863 2063 κεχρῆσθαι
887 2030 937 2056 αὺ-

148 2066 215 2096 τοῖς,
233 2066 271 2098 ὡς
286 2067 361 2102 δηλοῖ
386 2069 400 2094 ὁ
418 2070 481 2104 περὶ
497 2070 579 2097 αὐτοῦ
595 2071 661 2105 βίος.
683 2073 757 2108 Πρὸς
768 2074 827 2100 τίνα
851 2075 875 2101 δ’
902 2073 935 2102 αὖ

148 2111 203 2146 ἄρα
219 2111 332 2146 ἔμελλον
346 2113 440 2149 ἕτερον
454 2116 597 2151 ἐπερωτᾷν
612 2117 646 2143 τὰ
657 2117 722 2144 καθ’
743 2119 817 2154 ἡμᾶς
831 2120 855 2146 ol
883 2122 935 2148 πά-

148 2157 192 2184 λαι
215 2159 422 2194 ἐπερωτηκότες
439 2161 618 2196 μονάζοντες;
634 2163 650 2198 ἣ
664 2164 737 2195 τίνος
748 2163 782 2200 ἦν
796 2166 876 2193 ἄλλου
905 2167 935 2193 ὲν

148 2204 301 2240 τηλικαύτῃ
317 2205 426 2241 ἐξουσίᾳ
440 2207 608 2241 νομοθετεῖν,
639 2209 688 2235 καὶ
711 2210 774 2244 ὅλην
805 2212 934 2239 ὑπόθεσιν

149 2250 285 2285 σωτηρίας
300 2251 348 2285 τὴν
359 2252 423 2286 περὶ
435 2252 504 2279 αὐτὰ
518 2254 711 2288 πραγματείαν
723 2256 909 2290 συστήσασθαι
926 2266 934 2291 ;

147 2294 187 2325 ὡς
223 2294 285 2329 μηδ’
312 2293 382 2321 εἶναι
406 2295 493 2328 ἄλλως
517 2297 610 2331 σχεδὸν
639 2298 757 2333 βαδίζειν
780 2301 936 2334 ἀπταίστως

145 2339 196 2373 τὴν
211 2340 282 2366 κατὰ
308 2340 374 2366 Θεὸν
403 2342 526 2376 πορείαν,
543 2343 575 2369 ἐκ
591 2344 642 2378 τῆς
667 2345 727 2371 κατ’
754 2346 838 2381 αὐτὴν
864 2348 936 2383 ὑφή-

146 2393 237 2419 γησιν.
253 2386 288 2411 Ἦ
309 2387 399 2412 τοίνυν
415 2387 497 2414 δῶσιν
530 2389 663 2424 ίσόρῤοπα
680 2391 763 2426 ἔτερα
784 2393 936 2428 Ἀσκητικὰ

145 2430 184 2461 ὡς
207 2431 319 2458 ἐκείνων
339 2432 424 2459 ὄντων
451 2433 498 2459 τοῦ
515 2435 632 2468 μεγάλου
648 2436 791 2464 Βασιλειου
803 2444 810 2452 ⁸
831 2439 934 2475 καίπερ

949 652 974 680 Α

952 2002 972 2030 C

1112 646 1289 676 THEODORI
1308 647 1506 676 PBIEPOSITI
1526 647 1591 675 STU
1597 647 1653 674 Dll.

1023 703 1049 731 1.
1070 703 1148 737 Quod
1170 712 1292 739 praesens
1309 712 1378 740 opus
1399 705 1490 738 magni
1512 703 1604 732 Basilii
1626 703 1775 739 genuinum

987 748 1038 782 sit,
1054 753 1129 784 patet
1142 755 1198 777 tum
1215 757 1248 777 ex
1264 750 1422 777 charactere
1439 750 1568 777 sublimis
1583 749 1701 784 eloquii,
1721 754 1778 775 tum

987 794 1068 821 etiam
1088 802 1121 821 ex
1137 803 1236 829 genere
1256 795 1389 830 phraseos
1412 805 1418 822 :
1446 799 1585 830 postremo
1613 795 1675 821 inde
1696 796 1778 821 etiam

987 846 1109 875 apparet,
1118 843 1181 875 quia
1192 846 1327 869 consonat
1337 846 1497 868 ceterorum
1513 841 1701 868 Asceticorum
1717 848 1779 868 sen-

989 887 1081 915 tentiis
1095 895 1128 915 ac
1141 888 1232 916 verbis
1246 898 1252 916 :
1273 889 1311 916 ita
1329 892 1358 915 nt
1374 889 1416 916 vel
1428 896 1524 923 parum
1540 893 1644 915 attente
1659 889 1758 922 legenti
1771 907 1779 919 ,

987 933 1055 960 nihil
1069 934 1142 961 aliud
1155 934 1279 962 videatur
1299 943 1380 970 quam
1397 943 1481 962 unum
1499 935 1525 962 in
1544 935 1630 962 altero
1647 935 1778 962 insertum

988 984 1146 1015 procedere.
1162 981 1222 1008 Jam
1241 989 1307 1009 vero
1318 982 1392 1017 quod
1408 981 1450 1008 illa
1469 982 1615 1016 (Aseetica)
1637 985 1778 1016 parentem

987 1025 1117 1053 Basilium
1134 1026 1263 1058 habeant,
1274 1027 1338 1062 quis
1351 1027 1528 1060 contradicet,
1546 1026 1598 1053 nisi
1621 1026 1668 1061 qui
1685 1030 1715 1053 et.
1727 1034 1778 1052 cat-

987 1079 1036 1098 cus
1063 1071 1100 1098 sit
1123 1075 1150 1098 et
1175 1072 1309 1106 pravitate
1332 1072 1433 1099 mentis
1462 1071 1605 1099 laborans?
1622 1069 1692 1097 Puto
1704 1070 1779 1097 enim

987 1117 1137 1144 nonnullos
1168 1117 1299 1144 doctrina:
1328 1117 1501 1144 severitatem
1533 1124 1603 1151 aegre
1636 1115 1777 1146 ferentes,

987 1159 1248 1197 suaeque‘audaciae
1274 1163 1406 1190 auxilium
1430 1163 1493 1190 inde
1519 1167 1681 1195 sumentes,
1703 1162 1778 1197 quod

989 1207 1136 1235 historicus
1151 1207 1275 1242 quidam,
1294 1208 1328 1235 de
1343 1208 1450 1242 scriptor
1462 1208 1514 1235 hoc
1527 1207 1649 1235 dubitari
1662 1207 1777 1238 dixerit,

987 1253 1090 1281 idcirco
1115 1257 1217 1281 temere
1240 1255 1354 1281 nothum
1371 1255 1560 1289 pronuntiare.
1584 1253 1673 1281 Porro
1688 1253 1778 1287 Iiidem

988 1301 1016 1327 hi
1031 1301 1160 1328 videntur
1176 1300 1259 1334 milii,
1281 1301 1429 1336 Epistolam
1449 1309 1557 1336 quoque
1582 1302 1614 1329 ad
1630 1301 1776 1332 Hebraeos.

988 1352 1015 1372 et
1026 1346 1100 1373 Petri
1116 1346 1274 1378 secundam,
1288 1350 1316 1373 et.
1328 1345 1442 1373 Joannis
1458 1346 1655 1382 Apocalypsin,
1672 1345 1778 1373 etalias

988 1391 1139 1426 catholicas
1175 1398 1226 1418 nec
1267 1399 1322 1418 non
1353 1391 1464 1418 Patrum
1494 1392 1594 1426 scripta
1624 1392 1776 1423 nonnulla.

988 1436 1210 1471 quandoquidem
1227 1444 1304 1471 aeque
1320 1437 1353 1464 de
1374 1437 1407 1464 iis
1422 1437 1578 1464 dubitatum
1596 1437 1646 1464 fuit
1658 1457 1664 1468 .
1679 1438 1775 1464 viden-

989 1487 1043 1515 tur,
1054 1482 1176 1516 inquam.
1187 1482 1329 1516 rcjecturi.
1340 1482 1418 1515 Quod
1431 1483 1452 1510 si
1469 1484 1521 1511 hoc
1534 1484 1651 1510 alterum
1663 1484 1776 1518 impium

988 1532 1050 1561 est,
1077 1527 1149 1562 quod
1179 1529 1207 1554 ni
1233 1533 1260 1555 et
1280 1529 1344 1555 illud
1356 1529 1377 1556 ἵν’
1393 1533 1487 1564 postea
1514 1537 1595 1564 quam
1621 1529 1678 1556 lucc
1700 1537 1778 1564 atque

989 1573 1082 1600 omnia
1101 1573 1134 1600 ab
1156 1573 1279 1601 Ecclesia
1296 1580 1405 1610 recepta
1430 1575 1558 1607 fuerunt,
1580 1575 1705 1610 iniliilque
1720 1576 1776 1611 jam

990 1620 1160 1654 ambiguitati
1189 1621 1267 1648 locus
1297 1627 1430 1655 superest.
1460 1622 1578 1655 Quodsi
1608 1622 1778 1658 Tltculogurn

991 1666 1085 1692 horum
1102 1666 1267 1693 mentionem
1288 1675 1340 1693 non
1364 1666 1460 1694 fecisse
1472 1668 1577 1699 dicent,
1593 1668 1610 1694 ii
1625 1669 1664 1694 vel
1681 1669 1779 1703 supine

990 1711 1128 1746 legerunt,
1149 1717 1195 1738 aut
1216 1720 1272 1738 rem
1309 1713 1472 1740 intellectam
1501 1714 1572 1740 male
1590 1714 1776 1741 dissimulant.

989 1756 1055 1784 Nam
1078 1765 1140 1784 cum
1160 1758 1226 1785 dicit
1249 1758 1403 1793 Tlteologus
1420 1759 1604 1794 legislationes
1628 1762 1778 1786 niniiacho-

990 1811 1052 1830 rum
1066 1803 1182 1838 scriptas
1197 1809 1290 1831 etnon
1308 1805 1432 1840 scriptas,
1448 1806 1524 1840 quid,
1537 1813 1595 1838 oro,
1607 1807 1680 1832 aliud
1695 1814 1776 1840 quam

991 1849 1040 1876 has
1053 1848 1257 1876 lucubrationes
1274 1857 1388 1884 prorsus
1403 1851 1548 1886 designat?
1568 1851 1621 1878 Sed
1638 1851 1691 1878 alia
1707 1859 1778 1886 quo-

990 1903 1042 1929 que
1058 1896 1163 1924 ratione
1179 1897 1250 1923 idem
1265 1897 1482 1924 demonstratur.
1498 1897 1565 1924 Nam
1582 1898 1652 1933 quod
1668 1898 1707 1924 ait
1725 1897 1777 1925 Ba-

990 1940 1067 1968 silius
1081 1941 1107 1968 in
1123 1941 1255 1969 Ascelicis
1268 1962 1276 1975 ,
1296 1950 1391 1970 sacras
1411 1950 1440 1969 se
1459 1942 1563 1970 litteras
1584 1951 1599 1970 a
1620 1944 1778 1978 parentibus

989 1987 1136 2021 didicisse;
1154 1988 1193 2015 ait
1211 1995 1275 2015 ecce
1292 1989 1439 2024 Gregorius
1463 1989 1539 2016 illum
1561 1991 1649 2024 prium
1668 1991 1777 2024 quidem

990 2033 1061 2066 apud
1089 2038 1218 2067 parentes
1242 2034 1374 2061 infantem
1404 2035 1491 2062 fuisse
1514 2041 1596 2070 atque
1619 2036 1777 2063 educatum.

989 2078 1060 2111 Quin
1078 2079 1160 2106 etiam
1178 2084 1304 2107 sanctum
1325 2079 1510 2108 Theodosium
1530 2083 1715 2116 comperimus
1735 2083 1778 2109 his

988 2124 1121 2152 Ascetieis
1137 2133 1215 2152 usum
1229 2145 1235 2156 .
1258 2130 1289 2152 ut
1311 2125 1371 2160 ejus
1394 2126 1448 2153 vita
1466 2127 1595 2154 ostendit.
1611 2127 1678 2154 Nam
1695 2136 1776 2162 quem

989 2170 1071 2197 alium
1084 2171 1236 2198 consulturi
1249 2171 1365 2199 fuissent
1377 2172 1412 2200 de
1428 2173 1511 2200 rebus
1527 2174 1630 2201 nostris
1648 2176 1774 2201 monachi

987 2220 1092 2242 veteres
1107 2217 1223 2243 consilia
1247 2217 1393 2251 petentes?
1420 2218 1463 2245 vel
1481 2219 1607 2253 quisnam
1627 2220 1697 2247 alius
1717 2222 1774 2254 pari

988 2261 1161 2289 auctoritatis
1176 2262 1298 2296 pondere
1312 2263 1385 2298 leges
1400 2263 1471 2291 ferre
1490 2266 1623 2298 potuisset
1636 2286 1642 2297 ,
1669 2272 1696 2292 ct
1712 2267 1775 2293 uni-

989 2313 1095 2333 versam
1111 2307 1208 2335 salutis
1220 2315 1355 2335 summam
1373 2309 1399 2336 in
1418 2310 1574 2344 hujusmodi
1592 2315 1696 2338 statuto
1708 2320 1775 2338 con-

990 2350 1210 2379 cludere?exl.ra
1228 2353 1301 2387 quod
1320 2354 1424 2381 nemini
1443 2354 1529 2382 ferme
1550 2355 1612 2382 licet
1634 2361 1720 2382 tutum
1741 2358 1773 2383 ad

991 2396 1078 2424 Deum
1099 2397 1151 2425 iter
1163 2403 1272 2432 tenere,
1296 2399 1322 2426 id
1343 2405 1385 2428 est
1409 2401 1468 2428 sine
1491 2401 1576 2435 ipsius
1592 2402 1703 2429 ducatu.
1722 2403 1777 2430 Aut

989 2442 1074 2477 igitur
1090 2445 1260 2478 concedant,
1275 2445 1358 2480 [paris
1379 2453 1441 2474 esse
1466 2446 1595 2482 pondbris
1615 2448 1672 2475 haec
1691 2449 1777 2476 altera

913 2500 1029 2530 NOT/E.

184 2545 223 2586 (ll)
241 2545 289 2586 Est
302 2547 543 2586 liic_Soz_omenus,
559 2551 629 2578 Ilisl.
645 2552 693 2579 ιιι).
710 2561 751 2586 nt,
768 2554 812 2581 l4.

183 2583 221 2615 (2)
233 2581 322 2619 “Vides
337 2583 450 2610 Studila-
462 2585 595 2617 jud:cium
613 2588 646 2614 de
671 2581 798 2616 Ecclesiae
816 2589 843 2616 in
858 2590 934 2619 desi-

146 2616 264 2655 gnandis
281 2616 511 2655 admrttendisiiuc
524 2621 675 2655 Scripturis
686 2625 828 2652 canonicis
844 2616 938 2653 aucto-

147 2652 314 2694 pitatei‘cui'
325 2657 465 2694 sententia:
477 2652 606 2694 etianrde
627 2658 779 2694 minoribus
799 2652 935 2694 partibus,

146 2686 221 2730 favet
235 2685 369 2730 l‘gt‘i'sebius
384 2689 409 2714 in
424 2690 620 2730 Quttistionibus
638 2693 672 2719 ad
688 2685 823 2721 Marinum

146 2725 231 2757 nos}.
243 2720 292 2757 ιν.
308 2728 377 2755 part.
396 2730 415 2756 ι,
438 2733 464 2757 p.
478 2724 541 2752 250.

241 2755 307 2801 Dicit
323 2755 704 2801 Gregorium"lﬁaaianaenum
720 2770 790 2801 orat.
807 2765 851 2796 45,
871 2774 931 2801 qua:

145 2795 188 2816 est
202 2791 323 2829 funebris
336 2791 524 2821 sancti'Basilii
550 2797 682 2829 laudatio,
703 2799 746 2826 ubi
764 2809 790 2826 n.
808 2791 929 2828 lifet'rtt;

146 2827 478 2869 ιιιυιίιιιιξβιῐιιιιιξιβίιιιιςξί
497 2830 583 2858 l‘atris
599 2827 711 2867 scriplﬂ,
733 2835 766 2862 dc
780 2827 926 2869 Ascutici},

145 2865 177 2886 ut
191 2862 224 2886 dc
237 2861 297 2888 aliis
313 2862 415 2893 multis,
433 2865 502 2891 silet.

1027 2560 1066 2597 (Lf)
1082 2560 1174 2597 Norba
1188 2562 1244 2588 haec
1258 2567 1322 2589 sunt
1335 2563 1362 2590 in
1378 2564 1449 2590 dicta
1465 2565 1603 2597 oratione,
1618 2573 1645 2592 ιι.
1659 2566 1705 2594 54.

1082 2594 1109 2633 [η
1126 2596 1334 2633 edit_._Garncrii
1353 2603 1371 2624 ι.
1385 2599 1418 2629 Π,
1434 2608 1459 2633 p.
1472 2600 1534 2628 215.

1026 2631 1065 2663 (6)
1080 2630 1161 2664 Greg.
1180 2630 1246 2659 Naz.
1267 2637 1338 2660 orat.
1352 2639 1399 2660 crt.
1416 2630 1443 2661 n'.
1461 2635 1505 2661 l2.

1026 2666 1064 2706 (:1)
1081 2665 1181 2706 De‘ltoc
1191 2667 1502 2706 TheodosinGarnerius
1511 2670 1536 2696 in
1545 2670 1622 2704 praef.
1635 2678 1663 2706 p.
1679 2679 1774 2699 xxxiv.

990 2698 1092 2727 Ibidem
1107 2698 1257 2729 Garnerius
1275 2703 1345 2730 inter
1362 2709 1444 2731 testes
1456 2698 1643 2732 Asceticoruni
1653 2698 1775 2734 nominat

986 2736 1070 2773 etiam
1083 2735 1219 2773 Sludirtam
1234 2742 1369 2770 nostrum,
1388 2740 1433 2773 qui
1449 2741 1474 2766 in
1488 2740 1643 2768 laudatione
1655 2742 1775 2768 l'latotns

986 2770 1109 2810 magistri
1126 2772 1167 2797 sui
1182 2774 1219 2808 (ιι.
1233 2773 1289 2810 25),
1306 2774 1342 2800 ait
1370 2770 1442 2801 hunc
1463 2779 1550 2802 sancti
1575 2775 1668 2802 llilstlll
1693 2786 1758 2810 voyra

984 2805 1077 2844 ρεσίας
1104 2805 1192 2844 legere
1203 2805 1330 2844 solitum.
1349 2809 1488 2842 Attamen,
1501 2815 1530 2837 ut
1546 2818 1627 2844 supra
1644 2805 1774 2843 duillius.

985 2841 1100 2880 Studinc
1127 2841 1176 2870 hoc
1203 2842 1361 2871 Vaticanum
1383 2845 1523 2872 Scliolium
1544 2841 1707 2874 (la-menum
1734 2850 1768 2874 la-

984 2881 1044 2902 ιμιι.
