1927 3089
216 173 225 204 1
231 174 284 205 695

806 172 837 202 S.
856 171 1054 202 TIIEODORI'
1072 167 1245 200 STUDITA‘I

1774 161 1843 193 1696

213 234 311 265 quarta
323 232 351 256 et
364 233 449 256 sexta.
464 227 534 261 Quid
555 235 637 263 porro
663 228 715 255 hoc
734 234 844 262 quoque
858 227 1002 262 signiﬁcat,

1058 225 1101 254 δύο
1127 225 1208 259 ἁγναὶ
1236 223 1360 249 εστωσαν
1373 220 1439 255 ύμῖν
1453 219 1483 246 ἐν
1506 218 1577 246 ἑπτὰ
1589 217 1722 265 ἡμέραις,
1732 219 1845 265 τετράδι

212 285 245 304 ex
262 281 364 311 septem
378 275 474 302 diebus
498 275 554 302 duo
579 273 1002 302 observabuntur.sanctiﬁcati?

213 321 249 349 Ut
263 322 391 352 arbitror,
410 321 436 347 in
454 321 591 355 periodico
614 325 736 354 tempore
756 325 823 347 rotae
841 318 1003 354 heptacycli-

213 376 262 400 (τω,
273 367 333 394 dua;
343 374 384 393 res
394 370 496 393 sanctze
516 366 746 398 observabuntur,
763 365 891 392 divinitas
909 369 936 391 et
950 365 1001 392 ltu-

214 413 329 439 inanitas
346 413 429 440 unius
441 418 468 439 et
487 411 598 439 sublimi
616 411 723 438 ratione
738 411 805 438 uniti
818 410 879 437 Filii
897 409 955 441 Dei.
976 414 1002 436 et

213 464 314 487 sanctze
327 459 430 486 Matris.
446 459 563 486 Aliunde
584 458 665 485 etiam
687 458 804 489 videtur,
820 457 1002 484 hebdomada-

214 505 253 531 rio
271 504 347 540 eyclo
363 504 453 531 trinus
481 504 606 531 denotari
634 508 712 539 typus
739 511 786 537 per
802 502 872 535 dies,
889 503 961 530 sicut
975 502 1001 528 in

213 558 285 576 anno
313 557 329 576 a
358 550 483 576 tidelibus
514 549 661 577 manifeste
689 549 841 576 honoratur
864 548 1002 583 genuinus

213 595 356 622 Trinitatis
371 600 460 630 typus.

247 681 274 708 2.
294 681 404 709 Primus
427 681 646 717 quadragesima:
673 681 818 708 terminus.
846 679 936 707 Prima
960 685 1002 708 est

213 727 271 761 ipsa
284 727 386 755 Christi
416 727 567 755 nativitatis
597 726 774 759 solemnitas,
796 735 857 760 qua:
871 727 897 752 in
913 726 1002 754 Patris

213 779 306 808 typum
324 774 491 807 assumitur,
511 778 647 809 quatenus
665 773 821 808 ipsesciens
839 773 1003 807 complacuit

213 821 264 848 sibi
280 820 313 848 de
329 820 388 847 Filii
405 822 449 848 sui
466 821 644 856 conceptione
654 827 686 848 ac
699 820 849 849 nativitate.
864 820 1001 853 Quamob-

214 874 270 893 rem
298 870 325 893 et
352 866 532 901 quadraginta
561 866 667 893 dierutn
682 873 812 893 numerus
826 866 1000 901 praescriptus

212 918 263 944 est,
280 916 310 939 ut
323 911 428 947 jejunio
446 911 546 947 Moysis
560 916 587 939 et
607 911 681 938 Elite.

247 958 274 985 5.
289 957 432 985 Secundus
450 959 594 984 terminus.
613 956 679 984 Post
694 956 768 983 illam
785 956 916 990 secunda,
942 965 1003 992 qua:

213 1012 309 1039 magna
327 1004 534 1039 quadragesima
551 1003 663 1034 dicitur,
677 1008 770 1038 typum
783 1003 865 1031 refert
876 1003 1003 1039 Unigeni-

213 1051 231 1077 ti
247 1059 255 1078 :
271 1058 352 1085 quam
375 1051 484 1085 qunlem
509 1050 568 1084 ipse
597 1050 679 1076 etiam
700 1049 846 1077 manifeste
873 1050 1001 1084 ostendit,

212 1098 277 1122 dtttn
296 1097 385 1123 tribus
403 1096 483 1122 annis
496 1103 557 1122 eam
572 1095 740 1128 observavit,
757 1101 899 1130 postquam
918 1104 932 1122 a
956 1097 1003 1123 ba-

213 1142 314 1177 ptismo
330 1142 501 1168 ascenderat.
517 1140 595 1168 Unde
609 1146 700 1168 autent
720 1142 746 1168 id
770 1142 932 1175 innotescat,
959 1143 1003 1169 in-

213 1188 316 1222 telligat
330 1195 436 1214 mecutn
462 1192 489 1214 et
513 1192 588 1214 certo
603 1192 734 1222 agnoscat
760 1188 869 1214 auditor
883 1197 890 1214 :
906 1196 1003 1223 nempe

212 1233 352 1268 trigesimo
360 1233 448 1259 artatis
458 1240 530 1259 anno
546 1233 711 1267 baptismum
728 1235 850 1268 suscepit
860 1233 1001 1265 Dominus,

211 1285 239 1306 rt
255 1279 375 1306 triennio
391 1279 518 1314 posthinc
538 1283 652 1306 mortem
681 1280 773 1307 subiit.
799 1280 900 1313 Quare,
931 1287 961 1308 ut
987 1289 1003 1308 e

215 1326 298 1359 probe
314 1325 406 1359 gnaris
422 1326 594 1360 reseivimus,
606 1332 646 1354 ter
663 1326 716 1354 hoc
732 1334 854 1354 annuutn
867 1327 1003 1361 jejunium

211 1372 378 1398 observavit.

247 1419 274 1445 4.
298 1417 409 1445 Tertius
425 1418 568 1446 terminus.
590 1417 682 1445 Tertia
698 1427 763 1446 vero
776 1423 839 1452 post
852 1419 923 1446 hanc
933 1428 1003 1454 qua-

213 1465 378 1499 dragesima,
400 1473 460 1500 qua:
474 1465 555 1492 etiam
571 1465 757 1500 apostolorum
776 1474 790 1492 a
803 1466 942 1493 nonnullis
955 1474 1003 1500 ap-

213 1512 345 1546 pellatur,
364 1517 443 1548 typus
461 1513 591 1540 habeatur
612 1513 773 1540 \‘ivilicantis
797 1512 932 1548 Spiritus,
957 1514 1003 1548 qui

211 1557 293 1584 etiam
311 1560 449 1592 apostolos
459 1558 553 1585 docuit
567 1559 659 1585 omnia
673 1567 733 1593 qua:
745 1559 794 1593 ipsi
806 1566 820 1585 a
830 1558 910 1585 Patre
920 1559 1003 1586 Filio-

210 1610 265 1636 que
276 1603 427 1637 significata
442 1603 562 1630 fuerunt.
576 1604 622 1630 Est
635 1612 700 1631 vero
709 1605 787 1631 trium
802 1613 886 1631 unutn
901 1613 999 1632 nomen

210 1649 310 1680 deitas,
327 1650 353 1675 in
371 1650 457 1677 tribus
474 1654 564 1677 tamen
582 1650 708 1685 personis
721 1651 811 1686 agnita
833 1655 860 1677 et
878 1652 1000 1678 adorata.

249 1736 276 1763 5.
313 1735 366 1763 Sed
388 1744 438 1771 age
465 1736 523 1771 jam
552 1744 643 1763 sermo
662 1736 696 1764 ad
720 1735 891 1772 propositum
921 1743 1003 1763 suum

210 1781 340 1812 accedat,
374 1787 401 1808 et
436 1781 542 1816 singula
583 1782 693 1816 proprio
731 1783 846 1816 tempori
890 1783 1003 1815 depute-

212 1835 285 1860 mus,
310 1833 363 1854 tam
385 1827 484 1854 diebus
510 1835 592 1862 quam
610 1827 810 1860 hebdomadis,
836 1832 864 1854 et
893 1835 946 1862 qua
972 1829 1004 1854 de

211 1880 294 1899 causa
314 1872 349 1899 ita
364 1873 542 1900 constitutum
561 1873 606 1899 sit.
625 1872 727 1905 Quarta
742 1879 808 1899 sane
823 1877 849 1899 et.
871 1878 947 1899 sexta
965 1872 1004 1899 fe-

213 1919 251 1945 ria
264 1918 370 1953 jejunio
384 1927 492 1953 semper
501 1919 709 1946 sanctiticentur
722 1918 873 1953 jejunando
886 1927 901 1945 ει
912 1926 1002 1952 casco,

211 1964 331 1997 piscibus
359 1969 386 1991 et
404 1965 475 1996 oleo,
493 1965 723 2000 quemadmodum
740 1964 795 1991 divi
814 1965 936 1999 Apostoli
952 1985 958 1996 ,
977 1969 1004 1992 et

211 2015 273 2045 post
289 2011 350 2038 illos
371 2011 504 2038 divinitus
533 2011 659 2046 inspirati
676 2010 772 2038 Patres
792 2011 1004 2038 constituerunt.

211 2056 263 2082 Sed
280 2063 370 2083 tamen
386 2057 411 2083 in
423 2057 577 2091 purissimae
594 2057 714 2091 Deipara:
727 2055 882 2089 Nativitate,
890 2056 1006 2091 ejusque

209 2111 236 2130 ill
257 2103 385 2137 templum
401 2103 546 2137 Ingressu,
572 2108 599 2130 et
626 2103 653 2130 in
675 2103 729 2129 alio
743 2102 814 2130 festo
829 2102 900 2136 quod
915 2101 1006 2137 llypa-

210 2153 290 2182 ponte
307 2148 416 2181 dicitur,
431 2149 543 2183 insuper
561 2148 587 2175 in
600 2148 826 2180 Annuntiatione,
843 2151 870 2174 et
884 2147 912 2174 in
922 2148 1006 2174 mira-

211 2195 255 2221 bili
269 2195 475 2230 Assumptione,
484 2196 588 2222 utimur
602 2195 662 2222 oleo
671 2199 697 2223 et
706 2195 838 2230 pisoihus,
850 2195 872 2222 si
890 2195 961 2221 torte
978 2194 1006 2221 in

211 2240 420 2273 praedictos‘dies
428 2241 558 2272 incidant,
569 2248 664 2275 nempe
674 2240 699 2266 in
708 2245 832 2275 quartam
844 2245 890 2266 aut
900 2245 1004 2267 sextam

210 2286 316 2313 li-rian‘t.
325 2286 543 2312 Similiteretiam
554 2286 580 2312 in
591 2285 769 2312 Przecursoris
778 2290 1003 2319 etsupretnorum

216 2332 401 2366 apostolorum
411 2331 485 2358 Petri
494 2336 521 2358 et
529 2331 604 2358 l’auli
615 2331 816 2358 Nativitatibus.
824 2330 901 2358 llaud
911 2336 1002 2359 tamen

211 2378 237 2404 iu
247 2377 489 2405 festissanetorum
498 2382 648 2412 martyrum
656 2378 868 2412 autpontilicum
881 2378 1002 2413 piscibus

211 2423 325 2455 utimur,
337 2423 360 2450 si
373 2423 444 2450 forte
455 2427 601 2450 occurrant
613 2423 641 2450 in
659 2428 757 2458 quarta
773 2423 813 2450 vel
831 2429 907 2450 sexta
922 2423 1000 2450 feria.

245 2470 272 2496 ti.
289 2469 322 2496 Et
342 2469 470 2496 monachi
492 2469 602 2504 quidem
622 2468 648 2496 in
674 2469 805 2496 honorem
833 2477 866 2497 ac
891 2470 1001 2497 laudent

210 2516 314 2546 crucis,
325 2515 535 2550 quatuordecim
547 2515 606 2542 dies
620 2515 778 2548 observant,
787 2515 833 2542 alii
844 2516 1000 2549 duodecim,

210 2561 255 2588 alii
272 2567 402 2596 quatuor.
421 2561 474 2589 Sed
492 2562 638 2589 universus
652 2562 752 2590 Christi
767 2562 884 2597 populus
899 2564 1002 2590 sancti-

209 2607 284 2634 ﬁcati
298 2615 395 2635 omnes
410 2609 556 2636 observant
581 2608 653 2635 diem
667 2607 854 2639 Exaltationis,
870 2608 895 2634 id
907 2613 948 2636 est
958 2615 1004 2635 xtv

211 2653 389 2689 Septembris.
400 2653 592 2682 Verumtamen
604 2654 758 2681 Nativitatis
766 2653 865 2681 Christi
874 2654 1005 2689 jejunium

212 2699 300 2727 tribus
315 2700 414 2727 diebus
431 2700 593 2728 observetur
609 2701 635 2727 in
648 2699 830 2730 hebdomada.
848 2699 875 2726 id
895 2704 938 2727 est
961 2707 1005 2727 se-

212 2746 311 2778 cunda,
326 2752 435 2782 quarta,
455 2753 586 2782 sextaque
604 2747 682 2779 feria,
702 2751 729 2773 et
742 2747 867 2772 cavendo
887 2753 902 2772 a
919 2746 1003 2780 pisci-

213 2792 264 2819 hns
279 2794 405 2828 oleoque,
419 2794 554 2830 jejunium
568 2798 679 2820 strenue
691 2793 856 2828 transigatur
870 2801 876 2818 :
890 2793 1003 2826 parique

1056 271 1127 307 φημὶ
1151 270 1198 297 καὶ
1214 270 1248 305 τῇ
1262 268 1342 304 ἕκτῃ.
1360 267 1394 294 Τί
1408 266 1437 293 δὲ
1454 265 1502 292 καὶ
1514 265 1594 292 τοῦτό
1608 265 1667 291 ἔστι
1680 263 1788 300 δηλοῦν,
1800 265 1843 296 τὸ,

1055 306 1103 344 Ἐν
1112 315 1182 343 ἑπτὰ
1199 314 1320 350 ἡμέραις
1339 312 1388 339 δύο
1407 309 1562 347 τηρηθῶσιν
1585 309 1681 344 ἁγναίς
1701 309 1738 340 ὡς
1766 306 1846 343 οἶμαι

1055 362 1142 395 τουτὶ,
1154 362 1194 397 τῷ
1216 359 1364 396 περιοδικῷ
1375 358 1465 394 χρόνῳ
1478 357 1529 392 τῆς
1544 355 1718 384 ὲπτακύκλου
1731 355 1844 390 τροχοῦ,

1055 407 1103 433 δύο
1109 406 1267 442 τηρηθῶσιν
1277 404 1369 438 ἁγναὶ,
1379 403 1474 437 θεότης
1488 403 1536 428 καὶ
1545 400 1774 437 ἀνορωπότηςτοῦ
1785 400 1845 432 ἑνὸς

1055 453 1103 479 καὶ.
1116 453 1166 479 ὑπε
1172 451 1328 487 ρηνωμένου
1346 449 1409 476 Υἱοῦ
1422 448 1489 475 Θεοῦ
1501 457 1543 481 τε,
1561 448 1609 475 καὶ
1623 447 1736 481 Μητρὸς
1751 446 1844 480 ἁγίας.

1057 498 1164 529 Ἀλλως
1180 497 1203 524 δ’
1222 494 1256 524 αὖ
1275 496 1359 528 δοκεῖ,
1375 495 1416 521 ὃτι
1429 494 1477 521 καὶ
1491 493 1531 529 τῷ
1544 491 1715 528 ἑϐδομαδικῴ
1727 491 1821 526 κύκλῳ
1831 491 1847 517 ὁ

1055 540 1191 576 τριαδικὸς
1210 538 1444 575 χαρακτηρίζεται
1456 537 1540 570 τύπος
1560 537 1605 564 διὰ
1618 537 1702 573 τριῶν
1719 537 1847 572 ἡμερῶν,

1054 587 1093 618 ὼς
1107 586 1146 622 τῷ
1158 585 1276 620 ἐνιαυτῷ
1288 585 1365 620 παρὰ
1379 584 1434 611 τῶν
1451 585 1558 610 πιστῶν
1571 583 1708 620 ἁριδήλως
1726 582 1848 617 τιμᾶται

1055 633 1070 659 ὁ
1081 631 1237 668 ἀκραιφνὴς
1255 631 1306 666 τῆς
1313 631 1431 666 Τριάδος
1441 630 1541 661 τύπος.

1091 677 1124 713 β’.
1143 678 1227 712 Ὄρος
1243 675 1473 710 τεσσαρακοστῆς
1500 674 1619 710 πρῶτος.
1638 674 1718 700 Ἐστι
1731 673 1783 708 μὲν
1797 670 1848 700 οὖν

1055 724 1124 759 αὑτή
1142 732 1172 751 τε
1187 722 1312 759 ἡπρώτη
1329 721 1410 757 ἑορτὴ
1432 721 1481 756 τῆς
1495 720 1615 756 Χριστοῦ
1636 720 1809 755 γεννήσεως,
1828 720 1848 755 ἡ

1055 771 1096 802 εἰς
1109 769 1194 797 τύπον
1208 769 1241 795 ἂν
1261 769 1389 804 εἴληπται
1402 767 1449 794 τοῦ
1464 767 1581 802 [ἰατρὸς.
1597 765 1636 798 ὡς
1649 764 1720 792 οἶδεν
1733 766 1748 792 ό
1768 766 1850 792 εὐδο-

1055 817 1144 851 κήσας
1155 815 1234 847 αὐτὸς
1245 813 1295 850 τὴν
1311 813 1359 840 τοῦ
1371 813 1437 840 Υἱοῦ
1449 812 1583 848 σύλληψίν
1597 820 1628 839 τε
1641 813 1688 838 καὶ
1702 812 1844 847 γέννησιν.

1055 863 1127 889 Διότι
1144 862 1191 888 καὶ
1206 860 1411 896 τεσσαράκοντα
1423 859 1532 894 ἡμέρας
1549 857 1787 894 νενομοθέτηνται,
1807 857 1849 890 ὡς

1022 912 1042 939 Β
1055 908 1194 940 Μωῡσέως
1205 909 1221 942 ἠ
1238 906 1351 942 νηστεία
1360 907 1408 933 καὶ
1425 905 1528 933 Ἦλίου.

1089 956 1124 986 γ’.
1137 952 1267 987 Δεύτερος
1278 952 1350 988 ὅρος.
1370 951 1406 978 Ἠ
1430 951 1458 977 δὲ
1474 950 1533 986 μετ’
1548 949 1634 985 αὐτὴν
1648 949 1682 985 β’,
1694 950 1712 985 ἢ
1728 949 1777 977 καὶ
1797 958 1850 985 με-

1054 999 1123 1034 γάλη
1148 998 1356 1033 τεσσαρακοστὴ
1382 997 1503 1030 λέγεται,
1521 998 1562 1028 είς
1589 997 1674 1023 τύπον
1690 996 1732 1031 εἴη
1749 1004 1779 1022 τε
1797 995 1850 1022 τοῦ

1053 1043 1222 1079 Μονογενοῦς
1232 1052 1239 1059 ·
1258 1044 1290 1079 ἢν
1306 1043 1354 1070 καὶ
1363 1043 1445 1074 αὐτὸς
1455 1043 1590 1078 ἀριδήλως
1602 1041 1754 1075 ὑπέδειξεν,
1771 1042 1850 1076 τρεῖς

1055 1091 1196 1121 ἐνιαυτοὺς
1209 1090 1289 1117 τοῦτο
1314 1090 1412 1120 ποιῶν,
1435 1089 1505 1125 μετὰ
1519 1089 1569 1125 τὴν
1589 1088 1637 1115 τοῦ
1654 1087 1851 1123 βαπτίσματος

1054 1138 1158 1164 ἄνοδον.
1187 1137 1242 1164 Καὶ
1270 1136 1352 1163 πόθεν
1373 1135 1454 1170 δῆλον
1479 1135 1559 1162 τοῦτό
1583 1135 1650 1168 ἐστι,
1668 1134 1746 1169 συνίῃ
1772 1143 1820 1169 μοι
1835 1135 1852 1160 ὁ

1054 1183 1201 1218 ἀκροατὴς,
1219 1182 1266 1209 καὶ
1285 1181 1362 1208 ἰδέτω
1379 1181 1469 1212 καλῶς
1479 1189 1486 1196 ·
1499 1180 1713 1216 τριακονταετὴς
1723 1179 1850 1214 δηλονότι

1054 1229 1068 1255 ὁ
1080 1228 1180 1263 Κύριος
1212 1228 1354 1263 βάπτισμα
1375 1226 1531 1259 ὑπεδέξατο,
1549 1227 1597 1253 καὶ
1612 1227 1640 1253 ἐν
1664 1226 1756 1258 ἄλλοις
1769 1225 1852 1261 τρισὶ

1053 1275 1093 1310 τῷ
1108 1275 1216 1308 Θανάτῳ
1226 1274 1331 1309 ὑπέστη
1344 1282 1351 1289 ·
1365 1273 1405 1300 διὸ
1433 1273 1470 1305 ὡς
1486 1273 1610 1308 ἔγνωμεν
1625 1273 1655 1299 ἐν
1671 1273 1729 1302 τοῖς
1750 1272 1850 1307 ἄκρως

1055 1319 1258 1354 ἐπισταμένοις,
1276 1318 1337 1354 τρὶς
1362 1318 1410 1345 τοῦ
1425 1318 1550 1345 ἐνιαυτοῦ
1575 1317 1625 1353 τὴν
1640 1317 1783 1353 παροῦσαν
1798 1325 1850 1352 νη-

1055 1365 1148 1392 στείαν
1164 1364 1314 1396 ὑπέδειξεν.

1089 1411 1120 1438 δ’.
1134 1411 1231 1447 Τρίτος
1245 1411 1318 1446 ὅρος.
1350 1410 1383 1437 Ἦ
1400 1410 1429 1437 δὲ
1459 1410 1519 1445 μετ’
1541 1409 1627 1445 αὐτὴν
1643 1409 1734 1444 τρίτη.
1750 1409 1768 1444 ἡ
1799 1408 1851 1436 καὶ

1054 1459 1130 1492 παρά
1143 1458 1262 1484 τισιτῶν
1271 1457 1428 1484 ἀποστόλων
1440 1456 1643 1491 κηρυττομὲνη,
1656 1455 1741 1486 τύπος
1755 1455 1790 1482 ἂν
1803 1455 1850 1490 εἴη

1055 1504 1102 1530 καὶ
1118 1503 1186 1539 αὑτὴ
1200 1503 1247 1530 τοῦ
1258 1503 1393 1534 ζωοποιοῦ
1407 1502 1578 1537 Πνεύματος,
1594 1502 1625 1528 τὸ
1641 1502 1688 1528 καὶ
1699 1502 1763 1533 τοὺς
1778 1501 1850 1528 ἁπο-

1055 1549 1165 1580 στόὶους
1181 1549 1291 1582 διδάξαν
1307 1549 1397 1575 πάντα
1411 1548 1430 1575 δι
1447 1548 1523 1583 παρὰ
1539 1547 1587 1574 τοῦ
1606 1548 1713 1582 [ἰατρὸς
1728 1547 1777 1573 καὶ¹
1798 1545 1849 1574 τοῦ

1054 1595 1118 1622 Υἱοῦ
1137 1594 1400 1630 μεμυσταγώγηται.
1419 1594 1525 1629 Ὄνομα
1538 1593 1567 1620 δὲ
1589 1593 1643 1619 τῶν
1656 1592 1739 1628 τριῶν
1762 1592 1806 1625 ἓν,
1830 1593 1849 1627 ἡ

1053 1641 1160 1675 θεότης,
1184 1640 1241 1667 ἀλλ’
1257 1641 1286 1666 ἐν
1302 1640 1392 1676 τρισὶν
1408 1639 1575 1666 ὑποστάσεσι
1599 1638 1792 1674 γνωριζομένη
1817 1647 1850 1666 τε

1053 1687 1101 1713 καὶ
1117 1685 1356 1721 προσκυνουμένη.

1089 1735 1120 1759 ε’.
1139 1731 1211 1758 Ἀλλ’
1229 1731 1315 1758 ἰτέον·
1332 1733 1346 1758 ὁ
1359 1731 1440 1766 λόγος
1461 1731 1510 1758 καὶ
1525 1730 1565 1766 τῷ
1586 1731 1706 1766 κειμένῳ
1721 1730 1851 1764 πελάσει,

1053 1779 1101 1805 καὶ
1114 1779 1218 1805 ἕκαστα
1229 1777 1268 1814 τῷ
1287 1777 1344 1813 ίδίῳ
1355 1777 1445 1814 καιρῷ
1457 1777 1666 1813 παραθήσομεν,
1686 1778 1715 1804 ἑν
1730 1786 1760 1804 τε
1774 1779 1853 1813 ἡμέ-

1055 1832 1117 1859 ραις
1132 1824 1180 1850 καὶ
1193 1823 1337 1858 ἑϐδομάσι,
1368 1824 1415 1850 καὶ
1431 1824 1476 1850 διὰ
1487 1824 1569 1850 ποίαν
1593 1823 1683 1850 αἰτίαν
1702 1824 1853 1859 νενομοθέ-

1054 1878 1166 1906 τηνται·
1185 1871 1284 1906 τετράς
1301 1879 1332 1897 τε
1358 1870 1407 1897 καὶ
1422 1869 1585 1906 παρασκευὴ
1601 1869 1743 1902 παντελῶς
1766 1870 1854 1904 ἁγναὶ

1055 1919 1095 1948 εἰς
1111 1917 1238 1952 νηστείαν
1258 1917 1303 1943 ἀεὶ
1317 1916 1470 1952 τηρηθῶσι,
1499 1917 1596 1952 τυροῦ,
1616 1916 1726 1951 ίχούων,
1741 1916 1852 1949 ἐλαίου,

1055 1963 1147 1995 καθὼς
1160 1964 1184 1990 οἱ
1200 1963 1267 1990 θεῖοι
1280 1963 1436 1995 ἀπόστολοι,
1451 1963 1500 1990 καὶ
1517 1963 1543 1990 οί
1563 1963 1624 1998 μετ’
1637 1962 1738 1994 αὐτοὺς
1753 1962 1855 1997 οεοςρὸι

1058 2019 1099 2046 ροι
1118 2010 1239 2046 Πατέρες
1268 2010 1480 2045 ἐνομοθέτησαν.
1508 2009 1564 2045 Τὴν
1581 2009 1635 2044 γὰρ
1655 2009 1785 2044 γέννησιν
1799 2010 1854 2045 τῆς

1057 2057 1248 2091 παναχράντου
1260 2056 1404 2087 Θεοτόκου,
1420 2056 1467 2083 καὶ
1481 2056 1530 2091 τὴν
1545 2056 1630 2091 αὐτῆς
1641 2056 1681 2087 εἰς
1697 2056 1761 2082 ναὸν
1776 2057 1854 2083 εἴσο-

1056 2102 1110 2135 δον,
1128 2102 1175 2129 καὶ
1189 2102 1239 2137 τὴν
1252 2102 1350 2138 ἑτέραν
1365 2103 1383 2137 ή
1399 2102 1449 2128 καὶ
1477 2101 1623 2137 ύπαπαντὴ
1638 2102 1786 2137 λεγομένη.
1803 2104 1855 2130 καὶ

1057 2146 1090 2175 αὖ
1107 2149 1155 2183 τὴν
1169 2148 1216 2174 τοῦ
1227 2148 1439 2183 εύαγγελισμοῦ,
1451 2149 1499 2175 καὶ
1511 2149 1560 2183 τὴν
1574 2148 1651 2175 θείαν
1669 2148 1853 2183 μετάστασιν,

1056 2194 1202 2228 διαλύομεν
1216 2195 1255 2225 εἰς
1267 2195 1356 2220 ἔλαιον
1372 2195 1419 2220 καὶ
1435 2194 1540 2229 ἰχθύας,
1567 2195 1591 2221 εἰ
1607 2194 1709 2229 τύχωσι
1724 2186 1785 2227 ταῖς
1803 2204 1853 2229 γε-

1057 2240 1230 2275 γραμμέναις
1245 2240 1374 2275 ἡμέραις,
1389 2242 1423 2276 τῇ
1438 2249 1468 2266 τε
1482 2241 1594 2275 τετράδι
1611 2241 1658 2267 καὶ
1671 2243 1852 2277 παρασκευῇ.

1063 2286 1199 2318 Ὡσαύτως
1215 2288 1262 2313 καὶ
1278 2287 1308 2312 τὸ
1325 2286 1373 2313 τοῦ
1390 2286 1550 2322 Προδρόμου
1572 2287 1706 2321 γενέσιον,
1721 2287 1770 2314 καὶ
1795 2287 1854 2314 τῶν

1056 2334 1214 2369 κορυφαίων
1227 2334 1330 2370 Πέτρου
1348 2334 1396 2361 καὶ
1413 2335 1521 2361 Παύλου
1533 2343 1539 2349 ·
1560 2335 1615 2361 τῶν
1630 2335 1658 2361 δὲ
1675 2335 1762 2368 ἁγίων
1775 2343 1853 2370 μαρ-

1054 2378 1144 2414 τύρων
1161 2379 1208 2405 καὶ
1225 2379 1307 2406 ὁσίων
1320 2379 1456 2415 ἱεραρχῶν
1471 2379 1502 2406 οὺ
1518 2379 1667 2415 διαλύομεν
1682 2381 1722 2412 εἰς
1740 2379 1852 2415 ἰχθύας,

1055 2425 1080 2451 εἰ
1094 2425 1196 2459 τύχωσι
1209 2424 1230 2451 δ’
1242 2424 1259 2460 ἢ
1274 2424 1312 2457 ς’.

1092 2469 1130 2502 ς’.
1148 2471 1179 2496 Οἱ
1197 2469 1247 2505 μὲν
1268 2469 1315 2497 οὖν
1335 2470 1500 2506 μονάζοντες
1522 2472 1562 2502 είς
1575 2470 1654 2503 δόξαν
1668 2470 1717 2497 καὶ
1736 2470 1852 2497 ἔπαινον

1054 2515 1102 2542 τοῦ
1115 2515 1261 2551 σταυριχοῦ
1275 2516 1366 2550 ξύλου,
1381 2516 1447 2543 δέκα
1462 2516 1510 2543 καὶ
1519 2517 1654 2551 τέσσαρας
1665 2516 1775 2552 ἡμέρας
1791 2516 1853 2543 δια-

1056 2561 1246 2596 φυλάττουσιν,
1272 2561 1349 2588 ᾶλλοι
1369 2561 1413 2597 ιβ’,
1429 2561 1504 2589 ἄλλοι
1525 2562 1586 2588 δ¹·ὁ
1603 2561 1631 2588 δὲ
1648 2561 1761 2597 σύμπας
1783 2561 1851 2593 λαὸς

1054 2608 1102 2634 τοῦ
1128 2608 1260 2643 Χριστοῦ,
1288 2608 1367 2643 ἁγνοὶ
1387 2609 1489 2640 πάντες
1504 2608 1668 2644 διατηρῶσιν
1686 2608 1773 2644 αὐτὴν
1798 2608 1850 2643 τὴν

1055 2652 1163 2688 ἡμέραν
1177 2654 1226 2688 τῆς
1239 2652 1380 2688 ὑψώσεως,
1397 2654 1457 2689 ῆτοι
1475 2653 1526 2688 τὴν
1539 2653 1570 2679 ιδ’
1592 2653 1639 2679 τοῦ
1656 2653 1849 2688 Σεπτεμδρίου

1057 2700 1141 2734 μηνός
1153 2699 1219 2735 (id).
1230 2700 1286 2734 Τὴν
1299 2699 1328 2726 δὲ
1341 2698 1375 2727 αὖ
1386 2699 1514 2735 νηστείαν
1525 2699 1575 2734 τῆς
1588 2699 1635 2726 τοῦ
1648 2698 1767 2734 Χριστοῦ
1782 2707 1849 2733 γενι

1054 2746 1171 2780 νήσεως,
1187 2746 1238 2777 τὰς
1253 2747 1327 2780 τρεῖς
1346 2746 1453 2782 ἡμέρας
1466 2745 1692 2780 διαφυλαττέσθω
1707 2745 1757 2779 τῆς
1770 2745 1849 2771 ὲῦὄοο

1056 2791 1150 2826 μάδος,
1174 2792 1234 2827 ἢτοι
1250 2792 1282 2826 β’,
1295 2792 1327 2823 δ’,
1340 2792 1388 2819 καὶ
1401 2794 1438 2824 ς’,
1453 2791 1548 2827 ῐχούας
1561 2791 1608 2818 καὶ
1624 2791 1723 2824 ἔλαιον,
1738 2791 1787 2818 καὶ
1796 2799 1847 2826 νη-

966 2848 1078 2876 ΝΟΤΛΞ.

252 2896 275 2930 (1
288 2897 308 2930 λ)
325 2896 338 2920 \
349 2897 426 2923 κλαδί-ἑ

447 2896 475 2921 Γηλ
489 2904 574 2922 ‘enrui
591 2895 833 2930 apudCotclerintn
848 2895 895 2929 0p.
916 2895 960 2921 (it.
979 2900 994 2919 t.
1018 2895 1061 2922 lll.
1082 2904 1106 2928 ιι.
1131 2895 1176 2921 658
1196 2899 1219 2920 ιιι
1237 2903 1301 2928 δωιιιι
