1927 3089
121 125 185 156 1697

711 128 941 164 CATECHESIS
959 135 1163 167 CHRONICA.

1672 139 1739 170 H398

117 183 210 208 στείαν
230 182 331 214 ἐνθέως
357 185 487 211 ποιείτωο
508 186 638 220 ὡσαύτως
665 188 712 215 καὶ
736 190 791 215 τῶν
816 190 901 222 ἀγί-ων

956 191 1061 218 ratione
1080 196 1239 218 sanctorum
1250 199 1358 226 quoque
1366 193 1552 227 apostolorum
1570 201 1602 220 ac
1619 195 1738 230 Dcipztrat

116 228 275 255 ἀποστόλων
289 229 413 261 ποιείτω,
431 230 478 256 καὶ
494 231 544 266 τὴν
572 232 624 267 τῆς
639 232 810 269 Θεομήτορος
820 234 901 268 ἁγίαν

115 274 244 309 νηστείαν
258 274 325 310 (15).
356 275 400 301 Ἐν
418 276 467 311 μὲν
490 276 538 304 οὖν
563 274 603 313 τῇ
618 280 765 315 παραμονῇ
790 279 840 314 τῆς
853 279 900 306 τοῦ

114 319 234 355 Χριστοῦ
256 321 419 356 γεννήσεως,
443 323 550 356 νήστεις
580 323 766 360 διατελοῦμεν,
784 326 831 352 καὶ
852 326 902 361 τὴν

114 365 222 400 ἡμέραν
239 365 400 400 ἁγνεύοντες
414 367 469 402 (l6)
483 369 522 400 εις
538 369 631 404 ιχθύας
648 370 695 396 καὶ
706 370 805 403 ἔλαιον,
815 371 902 406 πάρεξ

115 410 259 438 Σαϐϐάτου
275 411 455 447 ἣΚυριακῆς·
469 413 530 440 τότε
550 414 636 440 ταῦτα
652 414 788 450 ἐσθίομεν.
805 415 901 442 Ὡσαύ-

112 466 168 488 τως
187 457 319 493 ποιοῦμεν
342 459 392 485 καὶ
414 459 463 490 τὰς
478 459 561 492 ἄλλας
588 463 752 496 παραμονὰς
770 462 826 489 τῶν
852 463 900 489 τοῦ

113 503 234 539 Χριστοῦ
254 504 435 540 πανηγύρεων
446 512 452 519 ·
470 506 503 541 τῇ
518 505 547 532 δὲ
563 506 694 542 ἐπαύριον
708 506 853 542 διαλύομεν
871 508 900 534 ὲν

111 549 292 585 οῐᾳδηποτοῦν
303 550 396 585 ἡμέρᾳ
413 550 484 587 τύχῃ
495 558 502 566 ·
519 550 611 583 καθὼς
623 552 726 579 ἄνωθεν
737 553 899 588 εἰρήκαμεν,

112 595 154 626 εἰς
172 595 252 628 δόξαν
264 595 311 622 τοῦ
323 595 521 631 εὐδοκήσαντος
540 597 660 632 Πατρδς,
677 598 782 624 καὶτοῦ
803 607 900 633 γεννη-

112 641 205 671 θέντος
220 640 301 667 Υἰοῦ·
316 641 363 667 καὶ
378 641 432 677 γὰρ
443 642 481 673 ώς
493 643 579 678 αὐτὴν
593 642 642 678 τὴν
660 643 767 678 ἡμέραν
784 645 830 670 καὶ
842 644 902 671 ἐτέ-

113 696 164 723 ρας
176 687 207 720 ἓξ
217 687 372 723 διαλύομεν,
389 689 431 716 ἵνα
449 689 486 725 μὴ
496 690 653 724 σκυθρωποὶ
665 691 806 726 φανῶμεν,
823 691 861 723 ὡς
875 692 900 718 οἱ

110 732 272 768 ἀγνώμονες
287 733 421 766 Ἰουδαῖοι,
437 735 466 761 ὲν
483 736 518 770 τῇ
538 736 663 771 γεννήσει
677 736 725 762 τοῦ
739 737 812 772 ἡμᾶς
833 736 899 763 ἀνα-

112 780 279 811 πλάσαντος.

147 825 181 858 ζ’.
196 825 252 860 Τὴν
267 825 296 852 δὲ
310 822 345 852 αὗ
361 826 522 862 παραμονὴν
540 825 593 853 τῶν
608 826 726 860 φώτων,
755 825 803 853 καὶ
816 826 901 862 αὐτὴν

110 871 214 906 ὁμοίως
240 872 348 906 νήστεις
376 861 592 906 διαπεραιοῦμεν
620 872 652 899 ἐκ
678 881 708 898 τε
735 872 826 900 ἐλαίου
852 861 900 899 καὶ
917 861 937 889 Β

113 917 214 951 ἰχθύων
228 917 274 943 καὶ
282 917 383 952 ἐτέρων
396 918 474 944 εἱδῶν
486 918 535 953 τὴν
549 918 639 944 πᾶσαν
653 918 761 953 ἡμέραν
773 927 779 933 ·
796 918 899 954 ταύτην

111 963 141 989 δέ
157 971 189 996 γε
206 963 255 998 τὴν
270 965 378 999 ἡμέραν
395 965 448 992 τῶν
463 965 644 1000 Θεοφανείων,
673 965 781 992 οἱανοῦν
807 966 900 1001 ἡμέρα

111 1008 192 1046 τύχῃ,
211 1009 356 1045 διαλύομεν
371 1011 411 1042 εἰς
425 1011 490 1044 πᾶν,
520 1012 560 1043 εἰς
586 1011 667 1047 χάριν
688 1012 736 1038 καὶ
759 1012 837 1044 δόξαν
852 1012 899 1038 τοῦ

112 1053 322 1088 βαπτισθέντος,
337 1055 385 1081 καὶ
407 1055 494 1090 ἀρχὴν
512 1055 592 1089 ἁγίαν
607 1055 656 1090 τῆς
672 1055 801 1089 τοιαύτης
823 1056 900 1090 χάρι-

111 1108 177 1130 τος,
201 1099 249 1126 καὶ
269 1100 315 1126 τὸν
340 1100 471 1134 βυθισμδν
494 1101 693 1136 θεατρίζοντες.
724 1101 803 1127 Ἐστι
833 1101 860 1127 δὲ
882 1102 898 1136 ή

111 1146 224 1180 τοιαύτη
239 1146 364 1181 χαρμονὴ
376 1147 441 1181 ἡμῖν
455 1146 502 1172 τοῦ
520 1140 696 1182 βροτογτονου
711 1147 825 1182 τοιούτῳ
838 1146 900 1182 τρῦ-

110 1200 168 1226 πῳ,
188 1192 226 1223 ὡς
252 1189 296 1218 οἷά
311 1201 355 1224 τις
382 1191 501 1227 εἰληφὼς
529 1192 609 1227 χάριν
631 1192 691 1218 τινὰ
709 1191 825 1218 πλούτου
847 1191 900 1218 ὑπό

110 1247 185 1269 τινος
200 1237 343 1272 βασιλέως,
359 1238 407 1264 καὶ
431 1238 500 1274 ἔχων
517 1239 547 1265 ὲν
567 1238 655 1273 ἑαυτῷ
671 1238 718 1264 καὶ
741 1238 845 1273 χαίρων
871 1239 899 1264 ἐν

110 1285 170 1315 τοῖς
183 1284 275 1315 καλοῖς
290 1281 330 1316 οἷς
350 1284 445 1319 εἴληφε
456 1292 462 1299 ·
483 1283 551 1319 μετὰ
566 1284 595 1310 δέ
611 1292 671 1310 τινα
684 1283 790 1318 χρόνον,
807 1283 900 1318 ἕτερός

110 1339 153 1362 τις
164 1331 261 1366 ἐχθρὸς
273 1331 410 1367 ἀντάρτης
423 1331 471 1358 καὶ
487 1332 593 1363 ἀλαζὼν
605 1331 726 1366 πηδήσας
742 1330 834 1362 ποθὲν,
853 1330 900 1356 καὶ

110 1377 159 1403 τοῦ
172 1377 279 1412 ἔχοντος
293 1377 408 1404 πλούτου
420 1377 498 1403 τοῦδε
513 1378 707 1412 ἀποστερήσει,
727 1376 841 1411 προσέτι
853 1376 901 1403 καὶ

111 1424 267 1457 τιμωρήσει
298 1422 412 1457 βιαίως·
434 1421 489 1450 εἴτε
514 1421 560 1450 οὖν
583 1423 662 1449 τοῦτο
681 1422 834 1457 κατάδηλον
862 1423 900 1457 τῷ

113 1468 222 1504 βασιλεῖ
239 1469 351 1502 γεγονός
362 1477 369 1484 ·
385 1470 399 1496 ὁ
411 1469 438 1495 δὲ
450 1470 524 1504 ἦκει,
545 1469 591 1496 καὶ
607 1469 652 1495 τὸν
663 1468 819 1504 ἀποστάτην
831 1469 901 1494 ἐκεῖ·

111 1523 158 1541 νον
175 1514 338 1550 τιμωρήσας
355 1514 486 1550 ἀνηλεῶς,
502 1515 549 1541 καὶ
568 1514 613 1541 τὸν
626 1514 795 1549 ἀφελόμενον
816 1513 900 1540 πλοῦ-

111 1569 159 1587 τον
172 1560 213 1596 τῷ
224 1560 311 1595 ἔχοντι
320 1560 471 1586 ἀποδώσειν
485 1560 575 1587 καίτοι
591 1560 638 1587 καὶ
653 1560 745 1586 πλεῖον
759 1559 805 1586 τοῦ
834 1568 902 1594 προ-

111 1607 194 1642 τέρου
206 1606 370 1642 ὲπιχαρήσει
383 1607 497 1642 σημεῖον
523 1607 674 1642 βασιλικὸν,
698 1606 712 1632 ὃ
725 1606 772 1632 καὶ
788 1605 902 1641 φοϐερὸν

112 1654 220 1687 γίνεται
241 1653 298 1684 τοῖς
316 1653 489 1684 ὑπεναντίοις
499 1662 507 1670 ν
518 1652 633 1688 τοιούτῳ
648 1653 793 1688 τοιγαροῦν
810 1661 902 1688 παρα-

112 1698 242 1733 δείγματι
264 1698 312 1725 xui.
333 1699 347 1725 ὁ
360 1698 495 1734 ἡμέτερος
511 1699 613 1733 Κύριος
632 1699 750 1733 ποιήσας
775 1697 813 1733 τῷ
833 1699 902 1724 ἀπο-

114 1744 201 1780 στάτῃ
217 1744 324 1780 ἐχθρῷ,
341 1744 532 1779 δέδωκενήμῐν
548 1744 632 1770 πλείω
650 1743 696 1770 τοῦ
719 1744 852 1780 προτέρου
875 1744 904 1770 ὲ-

114 1789 206 1816 κείνου
219 1790 269 1825 τὴν
289 1790 370 1824 χάριν
392 1791 442 1824 τῆς
457 1789 676 1823 παλιγγενεσίας.
707 1790 754 1821 Εἰς
770 1788 834 1823 γοῦν
854 1789 903 1823 τὴν

113 1836 295 1869 ἀναγέννησιν
305 1835 338 1862 δι’
352 1834 447 1866 ὕδατός
461 1844 491 1861 τε
506 1836 553 1862 καὶ
562 1835 732 1870 Πνεύματος,
746 1834 821 1869 διττὴ
836 1835 903 1869 ἡμῖν

113 1881 220 1915 γίνεται
235 1882 252 1916 ἡ
267 1881 394 1916 παροῦσα
409 1880 556 1916 κάθαρσις·
582 1880 624 1907 διὰ
639 1879 688 1915 μὲν
705 1878 752 1906 τοῦ
769 1879 864 1910 ὕδατος
873 1879 904 1906 τὸ

115 1928 196 1962 σῶμα
209 1927 362 1963 σμήχεται,
383 1927 431 1953 καὶ
455 1927 499 1954 διὰ
517 1926 564 1953 τοῦ
579 1925 737 1961 Πνεύματος
751 1925 782 1951 τδ
794 1924 903 1959 πνεῦμα

115 1973 332 2005 ἀνακαινίξεται.
352 1973 414 2004 Πῶς
428 1973 482 2007 γὰρ
500 1973 530 1999 οὐ
545 1971 656 1999 δυνατὸν
672 1970 856 2006 εὐφρανθῆναι
872 1979 901 1997 τε

115 2020 164 2046 καὶ
178 2019 308 2054 χορεῦσαι
324 2018 373 2054 τὴν
388 2018 466 2053 ἡμῶν
479 2018 633 2054 σωτηρίαν;
649 2016 697 2043 καὶ
709 2016 774 2052 γὰρ,
789 2016 826 2048 ώς
839 2015 904 2049 ἔγω-

115 2072 147 2097 γε
162 2062 252 2098 οἶμαι,
269 2064 283 2090 ὸ
297 2063 334 2099 μὴ
346 2063 558 2098 εὐφραινόμενος
574 2063 624 2097 τὴν
641 2061 782 2098 παροῦσαν
797 2061 903 2096 ἡμέραν

115 2109 163 2136 τοῦ
187 2109 265 2143 ἁγίου
279 2109 478 2144 βαπτίσματος,
492 2108 523 2135 οὗ
540 2108 672 2143 σωτήριος
687 2107 762 2142 αὐτῷ
777 2107 903 2141 φαίνεται

953 242 1077 264 sanctum
1093 241 1216 264 servetur
1231 237 1376 272 jejunium.
1393 237 1547 266 Nativitatis
1561 239 1661 267 Christi
1676 248 1738 275 per-

952 282 1074 315 vigilium
1092 282 1180 317 jejuni
1199 282 1364 317 peragimns,
1385 287 1412 309 et
1435 283 1506 310 hunc
1529 283 1601 310 diem
1619 286 1740 312 sanctiﬁ-

951 334 1047 353 camus
1066 327 1170 362 absque
1181 327 1302 361 piscibus
1317 332 1343 354 et
1359 327 1429 358 oleo,
1442 333 1553 363 excepto
1572 329 1693 357 Sahbato
1707 338 1739 358 ac

951 372 995 399 die
1010 371 1164 404 Dominico,
1180 372 1282 407 quibus
1300 372 1343 399 his
1367 372 1512 400 vescimur.
1534 374 1620 401 Simili
1634 375 1740 403 ratione

953 417 1129 452 transigimus
1144 422 1244 445 caetera
1268 425 1377 452 quoque
1401 418 1545 453 pervigilia
1568 419 1668 447 Christi
1694 428 1740 448 so-

952 463 1122 490 lemnitatem
1140 471 1147 490 :
1163 462 1232 491 festo
1249 468 1340 491 tamen
1360 468 1491 498 sequente
1504 464 1640 500 jeiunium
1654 467 1739 494 solvi-

952 516 1024 542 mus,
1041 516 1205 543 quacunque
1219 509 1328 536 demum
1355 509 1399 536 die
1413 510 1576 543 obvenerit,
1610 515 1640 538 ut
1656 519 1738 547 supra

951 554 1071 581 diximus
1091 575 1098 588 ,
1126 554 1153 581 in
1171 554 1301 581 honorem
1330 553 1418 581 Patris
1445 555 1490 582 cui
1511 555 1696 590 complacuit,
1713 562 1741 584 ct

951 600 1007 625 nati
1021 599 1093 626 Filii.
1110 599 1171 626 Jam
1190 600 1261 627 sicut
1277 600 1366 634 ipsum
1386 600 1461 627 illum
1478 600 1561 633 diem,
1580 601 1616 629 ita
1629 605 1656 629 et
1671 602 1739 629 alios

951 652 998 672 sex
1015 646 1182 680 peregimus,
1200 653 1233 672 ne
1245 646 1336 672 tristes
1348 653 1542 680 appareamus,
1555 647 1626 674 sicut
1639 648 1739 683 ingrati

951 689 1047 722 Juda-i.
1066 691 1093 718 in
1108 691 1178 725 ejus.
1192 691 1239 725 qui
1256 698 1307 718 nos
1327 691 1496 725 reformavit,
1512 693 1666 721 nativitate.

986 823 1013 850 7.
1029 822 1113 849 Porro
1139 823 1165 850 in
1196 823 1336 857 pervigilio
1351 831 1461 858 quoque
1477 825 1612 853 luminum
1630 826 1738 861 jejuna-

952 877 1014 896 mus
1026 869 1151 896 similiter
1166 869 1200 896 ab
1215 871 1286 902 oleo,
1299 870 1430 905 piscibus,
1448 871 1564 906 aliisque
1575 873 1738 905 conditoris,

953 918 1009 941 toto
1021 914 1075 941 die.
1092 914 1124 941 At
1140 922 1205 942 vero
1220 915 1310 950 ipsum
1332 916 1403 943 diem
1418 916 1578 952 Epiphania:
1590 938 1597 950 ,
1615 919 1739 952 .quilihet

952 960 1009 987 dies
1022 961 1066 992 sit,
1082 961 1184 995 absque
1195 962 1250 988 ulla
1266 962 1431 990 abstinentia
1442 963 1560 998 agimus,
1574 965 1607 991 ad
1624 966 1738 999 gratiam

951 1010 979 1033 et
993 1006 1104 1041 gloriam
1122 1007 1267 1041 baptizati;
1286 1013 1366 1044 atque
1389 1009 1423 1036 oh
1443 1014 1525 1037 tantae
1542 1011 1635 1045 gratia:
1658 1019 1738 1038 exor-

951 1052 1045 1084 dium,
1065 1053 1227 1080 mersionem
1241 1061 1352 1088 quoque
1371 1055 1509 1089 publicam
1531 1056 1657 1084 facimus.
1683 1056 1740 1084 Hoc

952 1102 1044 1124 autem
1056 1103 1178 1125 nostrum
1194 1099 1225 1125 de
1242 1099 1377 1127 homicida
1389 1100 1500 1128 diabolo
1519 1101 1649 1136 gaudium
1663 1101 1739 1136 ejus-

951 1143 1024 1170 modi
1042 1148 1101 1176 est;
1121 1151 1167 1170 ceu
1181 1143 1204 1170 si
1218 1144 1281 1178 quis
1298 1153 1379 1179 opum
1391 1147 1478 1180 gratia
1496 1154 1510 1173 a
1527 1155 1590 1182 rege
1616 1152 1738 1182 accepta.

951 1195 982 1214 ea
999 1189 1101 1222 potitus
1121 1189 1192 1222 apud
1213 1197 1242 1217 se
1259 1190 1431 1219 laetabundus
1457 1191 1603 1220 lueretur:
1625 1198 1652 1220 at
1663 1194 1738 1221 enim

951 1239 1014 1269 post
1026 1239 1133 1268 tempus
1147 1235 1268 1270 aliquod,
1292 1237 1385 1263 nescio
1401 1237 1463 1271 quis
1477 1238 1548 1265 alius
1563 1238 1670 1265 hostilis
1688 1239 1739 1266 ad-

952 1280 1090 1308 versarius
1107 1286 1188 1316 atque
1203 1281 1338 1315 superbus
1351 1290 1413 1309 eum
1429 1283 1557 1310 alicunde
1567 1285 1738 1319 aggrediens,

951 1327 1086 1361 possessis
1117 1328 1216 1362 opibus
1244 1328 1386 1362 spoliaret,
1428 1330 1596 1364 insuperque
1622 1331 1740 1360 violenta

952 1380 1031 1406 pmna
1062 1372 1190 1407 allligeret
1208 1382 1214 1400 :
1231 1372 1285 1408 quo
1303 1381 1367 1401 mox
1383 1374 1507 1402 facinore
1526 1376 1583 1411 regi
1600 1377 1739 1410 nuntiato,

953 1418 976 1445 is
991 1419 1189 1453 superveniret,
1208 1427 1240 1446 ac
1262 1420 1389 1447 rebellent
1406 1421 1481 1447 illum
1500 1421 1560 1449 sine
1579 1423 1740 1450 misericor-

952 1465 996 1492 dia
1027 1465 1146 1499 puniret,
1179 1470 1206 1492 et
1235 1471 1356 1500 ereptam
1384 1467 1502 1501 przedam
1521 1468 1604 1502 priori
1626 1469 1740 1496 domino

953 1511 1119 1539 restitueret.
1144 1510 1178 1538 Et
1201 1511 1310 1546 quidem
1334 1513 1420 1547 magis
1447 1513 1530 1540 etiam
1555 1522 1637 1548 quam
1659 1519 1741 1542 antea

953 1556 1088 1583 laetabitur
1110 1557 1145 1584 ob
1174 1557 1227 1584 hoc
1247 1558 1352 1592 regium
1375 1558 1493 1592 facinus,
1515 1560 1587 1593 quod
1609 1560 1741 1588 formida-

955 1602 1008 1630 bile
1021 1603 1186 1630 adversariis
1209 1603 1249 1630 tit.
1264 1603 1326 1630 Pari
1342 1611 1406 1639 ergo
1427 1605 1509 1631 modo
1525 1605 1657 1632 Dominus
1670 1614 1742 1639 quo-

955 1657 1008 1683 que
1025 1654 1117 1676 no~tcr
1138 1654 1233 1676 contra
1250 1650 1377 1678 rebellent
1401 1651 1507 1678 hostem
1521 1659 1551 1679 se
1567 1659 1676 1687 gerens.
1693 1651 1742 1679 de-

955 1696 995 1722 dit
1008 1696 1088 1722 nobis
1104 1696 1234 1729 majorem
1247 1698 1328 1730 q'nam
1345 1696 1382 1724 illi
1399 1697 1483 1731 priori
1501 1697 1608 1724 homini
1622 1699 1740 1733 gratiam

955 1742 1177 1777 regenerationis.
1190 1741 1260 1776 Ergo
1276 1742 1303 1769 in
1320 1743 1370 1769 hac
1386 1750 1434 1777 per
1448 1751 1545 1778 aquam
1561 1748 1588 1770 et
1607 1738 1740 1778 Spiritum

952 1785 1155 1820 regenerationc
1178 1785 1279 1821 duplex
1299 1787 1379 1814 nobis
1396 1788 1425 1814 tit
1439 1788 1614 1822 puriﬁcatio:
1639 1790 1741 1816 etenim

952 1839 1000 1866 per
1014 1839 1113 1866 aquam
1130 1839 1230 1866 corpus
1251 1831 1377 1865 lavatur,
1403 1841 1452 1868 per
1480 1833 1611 1868 Spiritum
1630 1835 1743 1869 spiritus

951 1881 1109 1904 renovatur.
1122 1877 1221 1910 Quidni
1251 1878 1334 1912 igitur
1355 1878 1501 1906 lmtattdum
1517 1887 1549 1907 ac
1571 1881 1742 1914 gestiendum

951 1923 1046 1950 salutis
1061 1927 1160 1950 nostra:
1172 1930 1254 1950 causa
1272 1923 1326 1951 sit?
1341 1923 1475 1957 Namque,
1492 1929 1521 1952 ut
1536 1933 1586 1960 ego
1601 1926 1743 1958 existimo,

955 1970 977 1996 si
993 1970 1055 2004 quis
1069 1970 1120 1996 hoc
1135 1969 1180 1997 die
1207 1970 1295 1997 sancti
1322 1970 1450 2005 baptismi
1471 1979 1525 1999 non
1543 1971 1660 2002 laetatur.
1680 1973 1745 2000 huic

956 2022 1127 2049 nequaquam
1154 2015 1264 2050 allulget
1287 2024 1407 2051 prmseus
1436 2017 1531 2052 gratia,
1557 2018 1604 2045 sed
1631 2022 1744 2046 Incestus

957 2065 1078 2094 apparet,
1094 2066 1121 2087 et
1138 2061 1289 2096 irreligiose
1311 2062 1490 2098 improbequc
1509 2071 1540 2091 se
1564 2065 1656 2098 habet,
1678 2065 1745 2092 dum

957 2107 1077 2133 salutare
1092 2107 1193 2134 donum
1209 2108 1346 2135 tribuitur.

117 2157 134 2191 ἡ
149 2154 277 2191 παροῦσα
304 2155 399 2190 χάρις,
423 2154 490 2182 ἀλλὰ
516 2153 686 2189 σκυθρωπῶς
709 2153 898 2188 ὑποφαίνεται,
917 2151 964 2178 καὶ
996 2152 1084 2184 ἀθέως
1116 2153 1252 2180 διάκειται
1278 2154 1325 2180 καὶ
1341 2154 1469 2189 πονηρῶς
1489 2157 1536 2182 ἐπὶ
1561 2157 1595 2191 τῇ
1617 2158 1748 2194 σωτηρίῳ

116 2203 202 2231 δόσει.

152 2261 225 2296 Περὶ
239 2260 293 2296 τῆς
310 2260 472 2295 ὲϐΰομάὸος
481 2259 536 2295 τῆς
547 2259 786 2294 προφωνησίμου
800 2258 868 2294 (l7‘.

995 2254 1034 2282 De
1048 2254 1212 2283 ltebdomada
1228 2256 1446 2326 proclamatiqnis
1466 2256 1581 2292 (Latinis
1602 2262 1710 2292 septua-

1290 2300 1388 2326 gesima
1405 2313 1410 2319 .

1290 2300 1410 2326 gesmm).

155 2353 190 2385 η’.
216 2349 354 2380 Ὡσαύτως
371 2348 422 2384 τὴν
439 2349 489 2383 τῆς
509 2348 658 2384 προφωνῆς
684 2346 830 2381 ὲόδομάδα,
846 2346 874 2372 ὲν
886 2354 901 2383 ῃ

992 2346 1020 2374 8.
1041 2346 1174 2374 Similiter
1187 2347 1268 2374 etiam
1295 2347 1517 2381 proclamationis
1532 2348 1728 2376 hebdomadam

117 2393 338 2429 ἀναγινώσκεται
351 2394 382 2420 τὸ
402 2393 475 2429 ἱερὸν
485 2393 649 2428 Εὑαγγέλιον
665 2392 713 2420 τοῦ
730 2391 846 2419 τελώνου
858 2392 905 2418 καὶ

119 2439 167 2466 τοῦ
182 2439 341 2474 Φαρισαίου,
365 2438 510 2473 διαλύομεν
528 2439 575 2465 καὶ
590 2438 676 2472 αὐτὴν
699 2439 740 2469 εις
755 2438 810 2464 πᾶν
826 2435 905 2469 εἶδος,

120 2484 214 2516 καθὼς
233 2484 287 2519 ἄρα
306 2484 496 2520 παρελάϐομεν
520 2484 573 2510 ὑπὸ
586 2484 640 2512 τῶν
655 2485 709 2520 πρὸ
726 2483 806 2518 ἡμῶν
822 2484 907 2518 ἁγίων

121 2533 268 2567 Πατέρων-
286 2532 346 2567 οὐχὶ
364 2533 408 2559 διά
420 2541 482 2559 τινα
505 2531 659 2567 ὀρθοδοξὶαν
684 2534 702 2567 ἡ
719 2531 766 2559 νῦν
791 2531 909 2566 ὲδδομὰς

959 2391 988 2418 in
1005 2399 1060 2426 qua
1086 2392 1185 2426 legitur
1215 2400 1324 2420 sacrum
1353 2393 1524 2428 evangelium
1552 2394 1688 2428 publicani
1720 2400 1747 2423 et

958 2439 1098 2471 Pharismi,
1114 2439 1269 2474 peragimus
1280 2441 1354 2466 omni
1378 2441 1545 2468 abstinentia
1561 2441 1686 2473 liberam,
1706 2442 1745 2469 si-

961 2489 1007 2512 cut
1024 2493 1039 2512 a
1055 2485 1157 2513 sanctis
1168 2485 1269 2512 nostris
1287 2486 1416 2512 traditum
1429 2486 1556 2514 Patribus
1575 2487 1745 2522 accepimus.

962 2530 1055 2566 Neque
1081 2531 1115 2559 ob
1149 2531 1270 2566 aliquam
1299 2531 1490 2560 orthodoxiam
1509 2533 1579 2560 hanc
1595 2532 1747 2560 hebdoma-

863 2620 975 2650 NOTXI‘L

162 2678 217 2710 tlS)
235 2677 271 2714 De
284 2676 388 2714 jejunio
403 2678 525 2714 Dciparze
555 2678 690 2712 appellato
707 2679 762 2714 agit
788 2679 904 2706 Anasta-

124 2714 184 2742 sius
200 2712 272 2747 apud
285 2713 450 2747 Cotelerium
464 2713 515 2747 Op.
528 2717 554 2740 et
569 2719 635 2740 tom.
651 2714 697 2740 cit.

158 2746 224 2780 (ιθγ
236 2746 305 2783 Quia
322 2746 441 2774 fortasse
462 2746 607 2783 ambiguus
624 2753 665 2775 est
688 2748 732 2776 hic
746 2749 823 2776 locus
837 2768 843 2780 .
872 2755 905 2775 en

123 2783 184 2816 eius
196 2782 415 2819 declarationem
424 2790 458 2819 ea
470 2783 524 2819 ali_o
532 2783 636 2817 scripto
647 2783 680 2810 de
694 2783 807 2819 jejuniis
820 2784 847 2810 in
858 2791 906 2819 eo;

125 2819 186 2845 dem
196 2816 299 2854 _codice
312 2836 331 2854 ,_
347 2825 388 2854 p._
407 2817 480 2854 itif»;
498 2817 537 2854 Τῇ
554 2816 699 2854 παραμονῇ
721 2816 769 2845 τοῦ
787 2817 905 2854 Χριστοῦ

125 2852 278 2885 γεννήσεως
290 2851 338 2880 καὶ
354 2852 408 2880 τῶν
424 2853 507 2886 ἁγίων
523 2851 907 2889 Οεοφανείων”ι.ιήστεις’διατηι

960 2677 1071 2714 ροῦμεν,
1083 2679 1130 2704 καὶ
1143 2678 1178 2714 ,οὐ
1191 2678 1363 2714 καταλύομεν
1376 2678 1465 2705 ἔλαιον
1480 2679 1496 2714 ἦ
1514 2678 1617 2714 ἰχθύας,
1628 2679 1705 2712 ἐκτὸς
1721 2681 1746 2709 εἰ

959 2713 1061 2748 τύχωσι
1078 2713 1209 2749 Σαϐϐάτῳ
1226 2714 1242 2748 ἦ
1258 2715 1397 2749 κυριακῇ.

995 2749 1051 2781 (17)
1068 2750 1201 2776 Seribitur
1222 2750 1368 2783 aliquando
1381 2749 1462 2775 etiam
1478 2757 1578 2784 προσφ.
1594 2749 1639 2778 Sic
1656 2756 1744 2779 autem

959 2783 1070 2815 dicitur,
1087 2785 1150 2816 quia
1167 2790 1232 2811 tunc
1255 2785 1437 2811 admonentur
1453 2783 1561 2811 ﬁdeles
1578 2786 1610 2811 de
1632 2791 1736 2812 rt-ntun

957 2818 1061 2852 jejunio
1076 2818 1163 2854 Super
1179 2819 1229 2847 hac
1249 2819 1386 2846 Dominica
1400 2823 1427 2844 et
1445 2819 1614 2848 hebdomada
1630 2822 1729 2848 Allatin

959 2854 1068 2882 dissert.
1081 2862 1142 2882 mox
1160 2854 1278 2888 citamla,
1294 2854 1345 2883 col.
1362 2853 1428 2881 illi
1441 2862 1498 2890 seq.
