1927 3089
150 172 219 205 1709

675 167 1004 203 (ΣΟΝΞἸἹΤῙῘΤῙΟΝΕΞ
1016 170 1253 202 ΞΤΗῡΙΤᾹΝΕ.

1714 171 1782 202 1710

147 231 194 258 θεν
214 231 255 261 sl;
277 230 324 257 τὸν
343 228 442 266 ὃρθρον
462 229 532 265 μετὰ
559 229 590 256 τδ
614 228 772 265 ἑξάψαλμον
792 229 877 256 πάλιν
895 228 937 261 τδ,

992 235 1087 256 rursus
1104 229 1224 256 dicitur:
1244 227 1312 255 Deus
1334 227 1461 255 Dominus
1481 236 1489 260 ς
1516 227 1667 263 statimque
1680 234 1782 258 canon.

148 275 222 308 Θεὸς
237 275 356 308 Κύριος,
382 274 429 301 καὶ
446 274 529 306 εὐθὺς
554 275 569 301 ὁ
596 274 698 307 κανὼν,
720 273 890 308 ἀναγνώσεις
903 273 936 308 β’.

155 320 275 356 ὀμοίως
287 321 328 352 είς
348 319 381 347 τὺ
393 319 530 354 γενέθλιον
543 319 594 355 τῆς
606 320 702 355 αὐτῆς*
715 319 816 355 ὁμοίως
834 320 874 351 εις
888 320 938 354 τὴν

148 365 272 401 Χριστοῦ
293 365 407 392 Γένναν·
427 365 560 398 ὡσαύτως
582 366 622 398 εις
640 366 676 393 τὰ
693 365 789 392 Φῶτα·
806 365 938 397 ὡσαύτως

148 413 189 444 είς
202 411 253 447 τὴν
275 411 457 447 ’Υπαπαντὴν
480 411 528 438 τοῦ
546 411 661 447 Κυρίου.
670 411 715 438 Ἐν
725 410 820 443 ἄλλαις
832 411 860 437 δὲ
875 410 939 446 ιορ-

147 458 220 490 ταϊς,
235 457 305 492 πλὴν
320 457 375 484 τῶν
391 455 659 493 προγεγραμμένων,
674 457 777 489 διπλῶς
799 455 939 491 ἑορτάζειν

147 503 199 529 οὑκ
212 502 262 530 ἑνι.
285 502 352 529 Ἀπὸ
372 502 400 529 δὲ
419 503 468 538 τῆς
479 502 611 537 ὑψώσεως
626 502 680 534 ἓως
695 502 746 537 τῆς
762 502 884 538 μεγάλης
899 501 937 537 μ’,

147 549 305 584 προτίθεται
319 550 366 576 καὶ
380 549 475 585 ἕτερον
491 548 614 584 κάθισμα
629 549 659 576 εν
674 549 732 581 τοῖς
753 548 873 585 δρθρὸις,
891 548 939 575 καὶ

146 596 182 622 τὰ
196 595 333 631 τροπὰρια
357 595 386 622 δὲ
399 595 455 622 τῶν
477 595 656 631 καθισμάτων
673 595 843 627 διπλοῠνταὶ,
859 595 938 630 λεγο-

149 641 231 676 μένου
246 641 419 676 μεσοστίχου·
432 640 555 675 γίνονται
572 640 600 668 δὲ
612 641 783 675 ἀναγνώσεις
796 639 829 668 δ’.
849 640 894 667 Ἐν
908 639 938 666 δὲ

147 689 204 719 τοῖς
220 687 341 714 Σὰὃόασι
357 687 464 719 τούτοις
478 687 618 723 ψάλλομεν
633 687 668 714 τὰ
683 687 736 722 πρὸ
749 686 796 714 τοῦ
814 686 938 721 ἀμώμου

150 733 173 768 β’
188 733 357 769 καθίσματα·
379 731 441 760 εἶτα
457 733 503 761 τὸν
518 734 651 769 ἄμωμον,
663 731 714 760 εἷθ’
726 733 813 765 οὕτως
829 734 875 760 τὸν
889 741 938 759 κα-

148 777 224 811 νόνα,
237 779 387 812 γινομένων
401 778 421 804 δ’
434 778 625 812 ἁναγνώσεων,
640 778 735 806 καθότι
748 778 788 810 εἰς
804 778 850 805 τὸν
861 778 938 813 ἀμω-

145 833 207 859 μον
218 825 268 851 οὐκ
282 824 518 860 ἀναγινώσκομεν.

283 881 352 916 Περὶ
369 881 425 915 τῆς
439 881 527 916 ἁγίας
542 880 804 915 Τεσσαρακοστῆς.

153 974 156 977 γ
184 937 226 964 ιδ’.
253 937 313 973 Χρὴ
331 937 478 972 γινώσκειν
506 937 547 964 ὅτι
571 938 604 972 τῇ
629 936 696 973 ἁγίᾳ
718 936 767 964 καὶ
790 936 898 973 μεγάλῃ
915 942 939 972 μ’

146 983 286 1018 ψόλλομεν
305 983 465 1018 καθίσματα
476 983 509 1016 δ’,
527 983 575 1010 καὶ
597 982 628 1010 τὸ
651 981 795 1018 τριῲδιον’
818 983 942 1017 γίνονται

147 1029 196 1056 καὶ
210 1029 380 1063 ἀναγνώσεις
393 1029 425 1057 δ’.
437 1029 493 1056 Καὶ
503 1029 559 1056 τῶν
571 1029 695 1064 ἀδελφῶν
708 1028 806 1065 μικρὸν
816 1030 941 1056 ἀναπαυ-

148 1075 284 1110 σαμένων,
298 1075 363 1111 περὶ
377 1075 407 1102 τὸ
421 1075 580 1111 διάφαυσμα
598 1074 724 1110 σημαίνει
740 1076 755 1102 ὁ
772 1075 940 1111 ὲκκλησιάρ·

147 1128 209 1160 χης·
227 1121 274 1148 καὶ
298 1121 409 1149 πάντων
426 1120 675 1156 συναθροισθέντων
689 1122 719 1148 ἐν
740 1121 779 1157 τῷ
803 1122 938 1157 κυριακῷ,

147 1164 287 1203 ψάλλομεν
301 1167 352 1202 τὴν
366 1170 403 1201 α’,
420 1167 490 1202 μετὰ
501 1167 681 1202 καθίσματος·
696 1168 727 1194 οὐ
747 1168 802 1203 μὴν
814 1167 862 1195 καὶ
873 1168 939 1196 ἀνα-

147 1213 321 1249 γινώσκομεν
333 1213 362 1240 ὲν
376 1213 457 1248 αὐτῇ.
477 1213 521 1240 Ἐν
539 1213 568 1240 δὲ
587 1214 620 1249 τῇ
639 1216 663 1247 γ’
674 1214 722 1240 καὶ
741 1216 768 1246 ς’
781 1214 828 1240 καὶ
839 1213 862 1240 θ’
875 1215 940 1241 ἀνα-

147 1259 331 1296 γινώσκομεν,
343 1259 413 1286 Καθ’
430 1259 545 1286 ικαστον
562 1259 723 1294 ἀντίφωνον,
737 1260 822 1296 ἡγουν
831 1259 937 1294 δόξαν,

147 1304 216 1342 εὐχὴ
231 1306 337 1341 γίνεται
351 1306 428 1342 παρά
436 1314 466 1333 τε
479 1306 526 1333 τοῦ
545 1305 730 1342 πρεσϐυτέρου
745 1306 793 1332 καὶ
801 1305 937 1334 διακόνου.

148 1351 284 1386 Ποιοῦμεν
296 1351 325 1379 δὲ
339 1351 486 1391 μετανοίας
501 1351 542 1383 είς
557 1351 607 1386 μὲν
623 1350 672 1382 τὰς
685 1350 761 1386 ὥρας
777 1351 825 1378 καὶ
845 1351 877 1378 τὸ
890 1351 939 1378 λυ-

148 1399 242 1436 χνικὺν
256 1398 308 1425 ἀνὰ
329 1397 362 1425 λ’·
378 1399 419 1430 εις
437 1398 466 1425 δὲ
479 1398 511 1425 τὸ
523 1397 698 1426 ἀποδείπνιον
715 1396 749 1433 ρ’,
771 1397 819 1425 καὶ
834 1397 875 1430 εἰς
893 1397 940 1425 τὸν

148 1444 249 1480 ὕρθρον
263 1444 302 1472 π’.

186 1493 230 1517 ιε’.
251 1491 299 1517 Δεῖ
309 1490 412 1518 εἰδέναι
427 1490 470 1517 ὅτι
485 1491 520 1526 τῇ
541 1490 649 1526 μεγάλῃ
662 1489 790 1526 ιὸδομάδι
803 1489 854 1527 ὅλῃ
868 1489 938 1525 ψάλι

988 279 1016 302 et
1028 274 1161 303 lectiones
1175 275 1246 303 duae.
1259 274 1390 302 Similiter
1402 279 1430 302 et
1443 275 1470 302 in
1483 275 1624 302 nativitate
1638 273 1760 308 ejusdem
1773 283 1782 308 ;

989 328 1096 349 necnon
1124 321 1153 348 in
1182 321 1285 349 Christi
1304 319 1464 353 Natalibus,
1490 325 1518 348 et
1544 321 1571 348 in
1602 321 1673 348 festo
1690 319 1784 348 Lumi-

989 374 1066 398 num.
1089 370 1117 393 et
1133 366 1161 393 in
1177 365 1336 402 Hypapante
1353 365 1471 393 Domini.
1488 365 1517 393 In
1533 366 1596 393 aliis
1612 371 1702 393 autem
1736 373 1784 393 so-

989 411 1178 439 lemnitatibus
1199 432 1207 445 ,
1223 411 1346 447 exceptis
1379 411 1516 447 pradictis
1530 432 1538 445 ,
1571 412 1711 447 duplicare
1736 419 1784 440 so-

989 456 1105 485 lemnem
1138 458 1220 485 ritum
1263 464 1317 485 non
1348 457 1422 485 licet.
1439 457 1463 484 A
1495 457 1584 485 crucis
1609 464 1675 485 vero
1707 457 1783 485 exal-

990 502 1093 530 tatione
1118 506 1206 538 usique
1225 502 1259 530 ad
1283 510 1408 539 magnam
1438 502 1687 539 quadragesimum,
1713 511 1784 539 prae-

989 549 1100 584 ponitur
1116 549 1199 576 etiam
1223 549 1297 576 aliud
1321 549 1455 577 cathisma
1473 550 1501 576 in
1524 549 1675 582 matutinis,
1692 556 1720 577 et
1734 558 1784 577 ca-

989 595 1149 623 thismatum
1168 596 1289 631 troparia
1305 596 1579 632 duplicantur..dicto
1591 596 1782 630 mesosticho;

988 644 1017 668 et
1045 639 1114 667 fiunt
1140 640 1270 668 lectiones
1293 646 1422 676 quatuor.
1441 639 1471 668 In
1488 640 1531 667 his
1548 645 1637 668 autem
1652 639 1782 667 Sabbatis

988 687 1134 722 psallimus
1155 685 1212 715 duo
1234 686 1397 715 cathismata
1414 687 1477 714 ante
1496 687 1631 722 psalmum
1651 687 1783 713 ϋηηιιιειι-

987 732 1038 760 lati
1052 741 1062 760 :
1073 733 1171 760 deinde
1187 733 1321 769 psalmum
1342 733 1526 761 immaculati:
1539 736 1631 768 postea
1647 736 1783 760 canonem

987 778 1067 807 factis
1079 781 1197 814 quatuor
1220 779 1394 811 lecticuibus,
1422 779 1643 815 quandoquidem
1661 779 1696 807 ad
1710 779 1784 816 psal-

987 833 1063 857 mum
1075 825 1243 853 immaculali
1256 833 1309 853 non
1325 824 1450 861 legimus.

1189 883 1229 911 De
1245 889 1339 911 sancta
1355 881 1580 920 Quadragésima.

1028 939 1073 966 Η.
1090 938 1118 967 ln
1147 944 1243 967 sancta
1269 947 1368 975 magna
1395 940 1611 975 Quadragesima
1640 940 1782 975 psallimus

990 985 1151 1013 cathismata
1164 990 1293 1021 quatuor,
1304 990 1332 1013 et
1353 986 1492 1017 triodium.
1509 986 1633 1021 fiuntque
1650 986 1782 1014 lectiones

989 1035 1118 1066 quatuor.
1151 1031 1184 1059 Et
1208 1032 1339 1060 fratribus
1364 1032 1505 1068 paululum
1533 1033 1781 1067 requiescentibus.

989 1077 1062 1104 circa
1079 1077 1230 1105 diluculum
1246 1078 1355 1113 signum
1374 1078 1421 1105 dat
1436 1077 1618 1106 ecclesiarcha
1638 1086 1644 1104 :
1661 1079 1783 1106 cunctis-

988 1129 1042 1157 que
1065 1122 1094 1149 in
1116 1122 1232 1150 ecclesia
1258 1123 1442 1158 congregatis,
1466 1123 1582 1157 primam
1606 1122 1703 1150 horam
1718 1129 1782 1150 can-

989 1171 1080 1195 tamus
1098 1175 1160 1195 cum
1175 1167 1349 1201 cathismate,
1365 1175 1452 1203 neque
1478 1172 1569 1195 tamen
1587 1167 1614 1195 in
1637 1167 1733 1196 eadem
1752 1168 1783 1195 ﬁt

988 1213 1080 1242 lectio.
1095 1214 1176 1242 Horis
1193 1218 1284 1242 autem
1298 1215 1389 1246 tertia,
1405 1219 1493 1246 sexta,
1509 1218 1535 1242 el.
1548 1221 1618 1241 nona
1639 1215 1668 1242 tit
1689 1215 1780 1242 lectio.

988 1260 1029 1288 Ad
1041 1261 1163 1296 singulas
1177 1260 1354 1296 antiphones.
1364 1261 1392 1288 id
1402 1266 1446 1288 est
1455 1262 1566 1296 glorias.
1582 1262 1670 1289 oratio
1684 1261 1781 1288 recita-

989 1311 1034 1334 tur
1048 1314 1063 1333 a
1077 1306 1238 1344 presbytero
1260 1310 1288 1332 et
1301 1305 1429 1333 diacono.
1443 1304 1576 1332 Facimus
1584 1309 1680 1332 autem
1694 1309 1782 1332 mcta-

989 1359 1066 1380 nmas
1092 1351 1120 1379 in
1135 1351 1213 1379 boris
1230 1355 1258 1379 et
1282 1350 1418 1386 lychnico,
1436 1351 1567 1385 triginta;
1582 1350 1611 1378 in
1633 1350 1782 1385 completov

989 1397 1042 1431 rio,
1059 1401 1168 1425 centum
1186 1405 1194 1430 ;
1209 1400 1235 1424 et
1250 1396 1278 1425 in
1294 1397 1428 1424 matutino
1441 1391 1591 1432 octoginta.

1024 1484 1069 1512 15.
1094 1483 1162 1512 Tota
1184 1492 1284 1520 magna
1319 1484 1490 1512 hebdomade
1519 1483 1662 1519 psallimus
1687 1482 1782 1518 horas,

148 1535 233 1572 λομεν
247 1536 296 1568 τὰς
318 1535 394 1572 ὥρας
407 1535 508 1572 ὁμοίως
520 1537 582 1568 ταῖς
600 1535 654 1572 πρὸ
677 1535 780 1569 αὐτῶν,
797 1536 868 1573 πλὴν
890 1536 937 1563 τοῦ

992 1531 1060 1560 sicut
1072 1537 1162 1566 antea,
1177 1531 1297 1559 Sabbato
1315 1535 1412 1559 sancto
1423 1535 1538 1566 excepto
1555 1539 1562 1558 :
1578 1535 1605 1558 et
1631 1534 1783 1558 metamnas

148 1583 229 1617 ἁγίου
252 1582 410 1610 Σαὸϐἀτου·
431 1582 478 1610 καὶ
503 1582 647 1618 μετανοίας
671 1583 701 1610 δὲ
729 1582 862 1619 πὸιοῦμεν
886 1583 938 1615 ἕως

992 1578 1107 1606 facimus
1126 1579 1215 1606 donec
1228 1577 1341 1613 incipiat
1355 1577 1520 1605 matutinum
1537 1576 1692 1612 trisagium.
1705 1576 1780 1611 quod

148 1629 211 1656 ὅτου
228 1628 344 1665 ἄρξηται
353 1628 384 1655 τὸ
396 1628 508 1655 ἑωθινὸν
518 1628 672 1663 τρισάγιον,
688 1628 757 1664 ὅπερ
767 1628 877 1664 λέγεται
892 1638 940 1664 με-

147 1677 182 1703 τὰ
193 1675 223 1702 τὺ
237 1675 368 1711 στιχηρδν
382 1675 431 1702 τοῦ
444 1675 547 1710 στίχου·
564 1674 625 1710 μεθ’
639 1670 670 1701 οὗ
684 1675 875 1711 προκείμενον,
893 1676 940 1703 καὶ

154 1721 317 1749 Ἀπόστολον
332 1720 380 1748 καὶ
394 1721 566 1757 προφητείαν
580 1721 628 1748 καὶ
644 1721 822 1756 Εὐαγγέλιον.

184 1771 234 1801 ις’.
251 1767 313 1804 Χρὴ
331 1767 477 1802 γινώσκειν
489 1768 531 1796 ὃτι
545 1767 566 1794 δ’
581 1767 630 1794 καὶ
637 1768 802 1804 Παρασκευῇ
818 1768 865 1795 καὶ
880 1768 938 1795 Κυι-

148 1817 245 1851 ριακῇ,
265 1815 321 1842 τῶν
343 1814 466 1850 ἀδελφῶν
490 1815 643 1851 ἱσταμένων
667 1815 736 1851 μετά
752 1816 842 1849 πάσης
861 1816 941 1843 εὐλα-

146 1862 237 1894 ϐείας,
258 1861 330 1897 μετὰ
343 1861 392 1897 τὴν
401 1861 533 1888 ἀπόλυσιν
549 1860 596 1888 τοῦ
608 1860 707 1897 δρθρου
720 1860 939 1896 ἀναγινώσκεται

145 1898 166 1943 ἦ
187 1908 344 1943 κατήχησις
369 1906 417 1934 τοῦ
443 1906 576 1942 θεοφόρου
601 1906 708 1942 [Ia-:pr
733 1907 814 1942 ήμῶν
837 1906 940 1934 Θεοδώ-

147 1963 198 1990 ρου
213 1954 282 1990 (Μ).
298 1951 366 1981 Εἶτα
375 1953 451 1988 λέγει
464 1953 512 1980 καὶ
520 1953 556 1980 τὰ
573 1952 638 1989 παρ’
650 1952 750 1980 ἑαυτοῦ
763 1952 940 1988 ὁήγούμενος

145 1999 283 2026 νουθετῶν
293 1999 357 2030 τοὺς
369 1997 511 2032 ἀδελφούς.
522 1997 579 2024 Kal.
595 1997 665 2032 μετὰ
679 1997 729 2032 τὴν
741 1997 939 2033 συμπλήρωσιν

144 2046 197 2081 τῆς
212 2046 402 2081 κατηχήσεως,
413 2043 604 2077 δοξάζουσιν,
617 2044 665 2071 καὶ
680 2043 789 2078 λέγεται
800 2043 831 2071 τδ
844 2043 940 2079 Πάτερ

144 2091 244 2127 ἡμῶν,
254 2092 303 2119 καὶ
317 2090 478 2126 εὐλογεῖτε,
489 2089 578 2126 ἅγιοι,
587 2091 768 2125 εὐλόγησον,
777 2090 884 2125 Πάτερ,
894 2091 940 2118 καὶ

143 2138 273 2166 ἀπολύει.
287 2135 381 2168 Οὕτως
399 2135 516 2163 καθόλου
528 2135 576 2162 τοῦ
591 2134 727 2162 ἐνιαυτοῦ.

181 2178 227 2216 ιζ’.
240 2183 302 2220 Χρὴ
315 2182 460 2217 γινώσκειν
479 2182 521 2209 ὅτι
538 2180 578 2217 τῷ
594 2178 726 2216 Σαὸὃάτῳ
738 2181 779 2212 είς
792 2181 824 2208 τδ
837 2181 938 2216 Κύριε,

989 1623 1091 1651 dicitur
1105 1621 1168 1659 pbst
1182 1623 1326 1651 stichirum
1342 1622 1424 1650 stichi
1441 1631 1448 1649 :
1474 1621 1613 1657 simulque
1643 1622 1782 1656 procime—

989 1678 1057 1700 non.
1075 1674 1103 1697 et
1121 1669 1202 1697 lectio
1229 1669 1309 1696 Pauli
1330 1669 1371 1701 fit.
1393 1675 1445 1696 nec
1479 1675 1534 1696 non
1558 1667 1726 1703 prophetize,
1755 1673 1784 1697 et

989 1715 1138 1752 Evangelii.

1027 1763 1070 1790 16.
1099 1762 1179 1790 Feria
1204 1767 1301 1798 quarta
1329 1767 1358 1791 et
1382 1767 1459 1790 sexta
1491 1767 1518 1790 et
1548 1763 1593 1792 die
1616 1764 1782 1798 Dominico.

989 1808 1143 1836 astantibus
1174 1817 1238 1837 cum
1269 1809 1429 1837 omnimoda
1455 1809 1600 1837 devotione
1639 1810 1783 1846 fratribus,

989 1858 1051 1889 post
1060 1854 1214 1882 absolutum
1225 1856 1391 1882 matutinum
1428 1855 1527 1891 legitur
1541 1856 1693 1884 catechesis
1703 1857 1784 1886 theo-

989 1901 1070 1936 phori
1100 1900 1192 1929 Patris
1220 1902 1306 1929 nostri
1334 1901 1483 1930 Theodori.
1507 1902 1606 1930 Postea
1626 1902 1692 1931 facit
1720 1911 1784 1939 pro-

989 1948 1080 1982 priam
1104 1949 1190 1976 abbas
1218 1948 1252 1976 ad
1272 1948 1372 1976 fratres
1400 1949 1633 1977 adhortationem.
1658 1950 1783 1978 Ettlnita

989 1995 1145 2027 catechesi,
1159 1994 1255 2022 dicunt
1279 1994 1364 2030 gloria
1383 2014 1391 2027 ,
1413 2003 1476 2023 cum
1503 1995 1586 2022 Pater
1611 2000 1701 2023 uoster
1723 2016 1732 2029 ,
1755 2003 1784 2023 et

990 2041 1143 2074 benedici“,
1153 2040 1250 2074 sancti,
1260 2041 1378 2074 benedic,
1390 2040 1481 2075 Pater,
1496 2047 1524 2070 et
1538 2036 1601 2069 linis
1614 2041 1653 2069 fit.
1664 2040 1710 2069 Sic
1726 2041 1783 2069 ιοιό

989 2094 1064 2114 anno
1082 2086 1221 2114 usuvenit.

1025 2166 1070 2204 l7.
1084 2174 1204 2204 sabbato
1224 2173 1260 2202 ad
1271 2169 1406 2209 psalmum
1418 2171 1540 2206 Domine,
1554 2172 1678 2206 clamaui,
1693 2172 1783 2208 tripli-

142 2218 307 2263 ἐκέκραξα,
320 2228 355 2255 τὰ
368 2227 544 2262 ἀναστάσιμα
558 2226 676 2261 στιχηρὰ
684 2225 884 2261 τρισσεύονταιο
895 2227 936 2259 εις

992 2226 1088 2251 cantur
1108 2219 1275 2249 anastasima
1303 2219 1434 2247 sticbira:
1450 2218 1484 2247 ad
1502 2219 1597 2246 laudes
1620 2223 1712 2246 autem
1727 2218 1780 2246 du-

141 2275 175 2302 δδ
200 2275 266 2306 τοὺς
290 2273 382 2305 αἴνους
405 2272 587 2300 δισσεύονται.
611 2271 730 2307 Ὁμοίως
757 2271 803 2298 καὶ
826 2271 856 2299 εν
878 2273 939 2305 ταῖς

142 2319 328 2351 Δεσποτικαῖς
341 2318 459 2355 ἑορταῖς.

184 2366 230 2403 ιη’.
254 2366 353 2393 ’ἰστέον
374 2366 415 2392 ὃτι
432 2365 478 2392 καὶ
494 2363 732 2400 ἑπιστημονάρχαι
749 2364 820 2391 είσὶν
839 2365 880 2396 είς
893 2363 940 2397 οὓς

142 2414 181 2442 τὰ
197 2413 344 2448 σφάλματα
357 2412 412 2439 τῶν
429 2412 601 2447 μικροτέρων
611 2410 734 2446 ἀδελφῶν
748 2411 941 2447 ἀναφερόμενά

141 2461 197 2495 τὴν
210 2459 353 2494 διόρθωσιν
367 2458 486 2494 δέχεται.
506 2457 562 2485 Καὶ
577 2457 723 2493 ταξιάρχαι
740 2456 788 2484 δύο
802 2457 874 2484 κατά
889 2465 937 2492 χο⁸

144 2505 213 2541 ρῶν,
227 2504 273 2539 ὑφ’
283 2500 322 2532 ὢν
341 2504 367 2530 ot
381 2503 493 2538 ἀδελφοὶ
507 2502 630 2538 κοσμίως
643 2502 766 2530 ἵστασθαι
778 2503 808 2529 ὲν
823 2503 880 2534 τοῖς
889 2510 937 2538 χοι

145 2553 205 2589 pot;
216 2550 485 2586 ὑπομιμνήσκονται.
503 2549 561 2576 Καὶ
574 2549 745 2585 ἀφυπνιστὴς
757 2548 863 2584 ἕτερος,
878 2549 893 2575 ὸ
906 2549 936 2574 ιν

142 2599 207 2629 ταῖς
221 2596 393 2631 ἀναγνώσεσι
414 2595 462 2624 τοῦ
485 2595 597 2632 ὄρθρου,
612 2594 705 2631 ἠρέμα
722 2594 937 2631 περιερχόμενος

144 2645 209 2676 τοὺς
233 2643 381 2678 ἀδελφοὺς,
400 2642 448 2670 καὶ
471 2643 535 2674 τοὺς
559 2642 750 2677 κοιμωμένους
773 2639 935 2674 ὲξυπνίζων.

151 2690 235 2718 Ἀλλὰ
249 2689 299 2717 καὶ
313 2688 479 2725 ἐπιτηρηταὶ
499 2688 560 2715 καθ’
584 2688 705 2723 ἑσπέραν
730 2686 778 2714 δύο
791 2686 937 2714 τάσσονται

146 2735 304 2771 ἀμοισαδὺν,
323 2735 438 2767 οἵτινες
451 2735 521 2770 μετὰ
537 2734 587 2770 τὴν
606 2733 699 2769 φωνὴν
714 2732 761 2760 τοῦ
774 2731 854 2766 ξύλου
869 2740 937 2768 προ-

145 2783 292 2818 τρέπονται
312 2782 376 2813 τοὺς
386 2781 507 2817 νωθροὺς
524 2781 688 2816 συνδραμεῖν
697 2780 739 2812 εἰς
757 2779 793 2807 τὰ
804 2778 936 2815 ἑσπερινά

989 2269 1136 2305 plicantur.
1152 2266 1199 2296 Sic
1221 2267 1304 2295 etiam
1322 2266 1350 2294 in
1363 2265 1584 2294 solemnitatibus
1600 2265 1721 2294 Domini.

1024 2360 1069 2388 18.
1084 2359 1248 2388 Suntetiam
1266 2358 1420 2394 disciplinae
1436 2357 1567 2394 praefecti,
1582 2357 1617 2385 ad
1638 2365 1709 2393 quos
1721 2356 1780 2385 cul-

988 2413 1030 2443 pa:
1044 2407 1181 2434 minorum
1198 2406 1316 2433 iratrum
1333 2405 1511 2433 emendanda:
1530 2404 1699 2432 deferuntur.
1711 2402 1778 2432 Item

990 2457 1060 2481 sunt
1089 2446 1216 2480 chorales
1232 2451 1419 2480 moderatores
1437 2449 1503 2484 duo,
1518 2458 1533 2478 a
1548 2450 1650 2486 quibus
1681 2450 1780 2478 fratres

990 2501 1172 2528 admonentur
1201 2503 1232 2526 ut
1250 2498 1350 2526 decore
1363 2497 1390 2525 in
1405 2497 1498 2526 choris
1516 2505 1546 2525 se
1577 2502 1684 2530 nerant.
1705 2497 1780 2524 Pras-

988 2551 1064 2574 tcrea
1076 2546 1212 2574 excitator
1227 2545 1315 2578 alter,
1338 2544 1384 2580 qui
1399 2544 1462 2571 dum
1490 2544 1560 2570 llum.
1579 2543 1721 2571 matutinas
1740 2543 1780 2571 le-

989 2592 1098 2620 ctiones
1114 2611 1122 2625 ,
1144 2592 1228 2619 tacite
1254 2591 1355 2618 fratres
1378 2589 1555 2621 circumiens,
1574 2589 1779 2617 obdormientes

986 2638 1099 2674 vigilare
1110 2638 1185 2666 facit.
1204 2637 1277 2671 Quin
1291 2637 1375 2664 etiam
1397 2636 1583 2671 speculatores
1595 2635 1651 2662 duo
1675 2635 1781 2662 consti-

986 2688 1102 2712 tuuntur
1118 2683 1284 2716 alternatim,
1298 2682 1345 2718 qui
1372 2687 1434 2718 past
1460 2681 1527 2717 ligni
1545 2681 1666 2708 sonitum
1679 2684 1780 2715 urgent

986 2730 1122 2767 pigriores
1138 2734 1168 2758 ut
1184 2729 1217 2758 ad
1241 2736 1369 2765 vesperas
1392 2733 1420 2758 ct
1435 2727 1645 2764 complctorium
1657 2734 1777 2754 concord

987 2782 1061 2805 rant.
1083 2777 1244 2813 Rursusque
1262 2776 1391 2805 absoluto
1412 2774 1601 2811 completorio,
1619 2773 1701 2802 iidem
1730 2780 1778 2801 se-

905 2835 1023 2864 NOTAE.

177 2895 239 2931 (tl)
256 2895 352 2924 Lectio
372 2894 560 2925 catechesium
590 2894 709 2925 Studitas
736 2895 884 2932 incipiebat
912 2896 939 2923 in
960 2894 1102 2924 Dominica
1117 2894 1341 2932 Septuagesimte.
1358 2893 1439 2922 Allat.
1464 2900 1510 2929 op.
1523 2892 1568 2921 cit.
1584 2911 1592 2926 ,
1604 2891 1656 2920 σοι.
1675 2887 1756 2918 μεν.
