1927 3089
173 135 243 169 1713

710 135 1038 168 CONSTITUTIONES
1054 135 1288 168 STUDITAN/E.

1731 136 1800 170 17M

171 194 268 228 αὑτοῦ,
286 195 357 231 μετὰ
371 195 402 223 τὸ
418 195 655 232 διαμαρτύρασθαι
668 196 743 232 αὐτῷ
754 196 800 222 τὸν
810 195 961 230 ἡγούμενον

1018 195 1068 221 silo
1086 202 1137 222 suo
1151 193 1348 229 permanserlt,
1367 199 1432 224 tunc
1443 199 1588 231 postquam
1608 195 1632 223 ei
1647 195 1732 224 abbas
1758 197 1799 223 fu-

170 244 205 270 τὰ
220 242 430 278 συμδησὸμενα,
439 243 590 278 τηνικαῦτα
603 243 650 269 ἐπὶ
660 243 840 279 κατηχήσεως
853 242 959 276 εἰσάγει

171 289 255 316 αὑτὸν
271 289 320 316 καὶ
334 289 500 325 συναριθμεί
511 290 544 324 τῇ
561 288 661 316 ἑαυτοῦ
676 289 780 325 ποίμνῃ
793 310 799 322 ,
817 288 960 324 βάλλοντος

171 335 219 362 τοῦ
243 335 466 371 προσερχομένου
492 335 638 370 μετάνοιαν
663 336 721 367 τοῖς
747 334 874 368 ἀδελφοῖς
898 335 960 361 κατ’

171 380 327 417 ἐπιτροπὴν
352 381 401 408 τοῦ
426 381 594 416 ἡγουμένου,
609 381 746 408 κάκείνων
770 380 961 416 ἐπευχομένων

172 426 257 462 αὐτῷ.

207 477 259 501 κε’.
278 473 340 509 Χρὴ
354 472 501 508 γινώσκειν
517 472 556 504 ὼς
571 472 618 499 καί¹
639 471 814 507 ἀφορίστριαι
827 470 882 497 εἰσὶ
895 471 961 506 παρ’

172 521 250 556 ἡμῖν,
265 520 294 546 ὲν
305 517 349 551 αἶς
365 520 389 546 οἱ
406 519 531 550 ἀπειθεῖς
544 519 592 545 καὶ
604 518 726 552 δυσήνιοι
744 517 960 549 κατακλείονται,

173 566 395 602 ξηροφαγοΰντες
409 565 457 592 καὶ
472 565 662 600 παιδευόμενοι
672 564 722 599 τὴν
739 565 840 599 ἀρετήν
850 572 856 579 ·
875 565 892 599 ὴ
906 563 962 598 γὰρ

171 612 217 639 διὰ
233 611 374 648 μαστίγων
396 611 555 645 παίδευσις,
577 611 616 643 ὡς
636 612 694 642 τοῖς
716 611 859 646 κοσμικοῖς
873 611 962 646 ἁρμό-

173 659 274 691 ζουσα,
300 659 358 689 τοϊς
384 657 525 693 Πατράσιν
563 656 643 693 ήμῶν
669 656 823 692 ἀπόύλητος
849 657 962 688 εἰκότως

173 703 281 739 ἐκρίθη.

209 753 267 782 κς¹.
278 750 325 776 Δεί
336 749 435 776 ειδέναι
449 749 490 776 ὖτι
507 750 536 775 ὲν
552 746 596 780 αἷς
613 748 733 784 ἡμέραις
747 748 847 785 ἀργίαν
859 749 962 783 ἄγομεν

172 797 228 824 τῶν
243 795 409 830 σωματικῶν
426 795 526 830 ἔργων,
542 795 635 831 κρούει
650 796 663 822 ὁ
678 794 853 830 βιϐλιὸφύλαξ
868 795 898 821 τὺ
913 795 961 828 ξύ-

174 842 220 869 λον
233 841 318 873 ἅπαξ,
334 841 382 868 καὶ
399 842 561 875 συνάγονται
582 842 607 867 oi.
622 841 732 876 ἀδελφοὶ
755 842 795 872 είς
811 841 857 867 τὸν
878 841 962 868 τόπον

174 889 228 916 τῶν
254 887 376 924 βιῦλίων,
407 887 454 914 καὶ
481 887 616 922 λαμῧάνει
644 887 759 919 ἕκαστος
779 887 891 923 βιϐλίον,
916 887 963 914 καὶ
978 876 999 902 Β

173 933 357 970 ἀναγινώσκει
372 934 425 966 ἕως
442 933 492 968 6ψέ
502 942 509 950 ⁸
536 933 590 969 πρὸ
604 933 633 960 δὲ
647 933 701 960 τῶν
717 934 900 969 σημαντήρων
914 933 962 960 τοῦ

167 978 313 1018 ⁴λυχνικοῦ,
330 981 424 1016 κρούει
441 981 522 1008 πάλιν
537 981 611 1014 ἅπαξ
623 981 636 1008 ὁ
654 980 701 1007 ἐπὶ
717 981 771 1008 τῶν
788 981 908 1016 βιϐλίων,
916 981 964 1008 καὶ

174 1031 318 1067 ἐρχόμενοι
330 1030 431 1062 πάντες
448 1030 520 1057 κατὰ
534 1030 584 1065 τὴν
599 1029 762 1064 ἀναγραφὴν
776 1028 964 1064 ἀποστρέφου-

175 1085 219 1104 σιν
232 1076 320 1103 αὐτά·
335 1077 359 1102 εἰ
382 1076 411 1102 δέ
425 1084 468 1107 τις
482 1075 621 1111 ὑστερίσει
639 1075 681 1107 είς
702 1075 753 1111 τὴν
767 1074 896 1102 ἀπόδοσιν
913 1075 963 1112 τῆς

174 1122 279 1158 βίϐλου,
293 1122 425 1157 ἐπιτιμίῳ
443 1121 636 1149 ὑποϐάλλεται.

209 1167 262 1200 κζ’.
283 1167 343 1203 Χρὴ
357 1168 456 1195 ειδέναι
472 1167 510 1199 ὡς
523 1167 605 1203 ἡνίκα
619 1167 735 1203 ὲννάτην
748 1166 889 1202 ποιοῦμεν,
909 1166 962 1194 ἀπὸ

173 1215 224 1250 τῆς
237 1213 266 1246 ς’
280 1214 435 1250 λειτουργεῖ
449 1214 463 1240 ὁ
477 1214 682 1250 πρεσϐύτερος·
692 1215 715 1241 εἰ
728 1215 757 1241 δὲ
766 1215 814 1241 καὶ
830 1214 963 1250 μέλλομεν

173 1260 286 1293 ἐσθίειν,
296 1260 350 1287 ἀπὸ
365 1260 415 1295 τῆς
430 1263 455 1295 γ’
465 1268 472 1276 ο
485 1260 533 1287 ἐὰν
545 1260 573 1287 δὲ
590 1260 690 1295 ἀργίαν
709 1259 812 1295 ἄγομεν
824 1259 880 1286 τῶν
892 1259 963 1295 ὁρῶν

174 1306 224 1334 καὶ
245 1306 399 1342 κάμνομεν,
421 1307 438 1342 ὴ
455 1307 505 1341 μὲν
518 1306 579 1333 Θεία
606 1306 763 1341 λειτουργία
786 1306 860 1340 ὥραν
875 1309 899 1338 γ’
916 1314 964 1341 ση-

176 1353 285 1388 μαίνει·
303 1353 371 1387 μετὰ
384 1353 414 1380 δὲ
428 1352 479 1389 τὴν
498 1353 698 1390 συμπλήρωσιν
715 1353 810 1389 αὐτῆς,
826 1353 920 1389 κρούει
933 1353 963 1379 τὺ

177 1399 256 1431 ξύλον
272 1400 344 1435 τρὶς,
369 1400 418 1427 καὶ
448 1399 611 1435 συνάγονται
634 1401 735 1432 πάντες
749 1401 773 1427 οἱ
790 1400 898 1434 ἀδελφοὶ
917 1399 963 1426 ὲπι

174 1445 206 1472 τὸ
222 1445 300 1479 αὐτὸ,
315 1446 363 1473 καὶ
381 1445 451 1481 μετὰ
465 1446 497 1473 τὺ
510 1446 596 1481 ψᾶλαι
612 1447 647 1473 τὰ
672 1446 785 1480 τυπικὰ,
802 1447 851 1473 καὶ
869 1445 963 1473 λαϐεῖν

175 1491 310 1526 εὐλογίαν,
327 1492 505 1528 ἁπερχόμεθα
521 1493 560 1525 εις
574 1493 624 1528 τὴν
640 1492 790 1528 τράπεζαν.

1010 246 1103 268 turum
1120 241 1185 268 vitm
1200 249 1287 276 genus
1301 241 1478 275 intimaverit,
1511 243 1661 270 introducit
1679 243 1712 270 ad
1728 247 1802 271 catc-

1010 288 1134 321 ehesim,
1164 291 1191 315 et
1219 287 1293 322 gregi
1321 295 1371 314 suo
1397 288 1574 322 adnumerat;
1603 289 1668 317 dum
1692 290 1800 317 interim

1010 333 1159 365 admissus.
1180 334 1241 361 data
1259 334 1293 362 ab
1308 334 1404 361 abbate
1419 334 1538 368 licentia,
1556 335 1620 362 facit
1635 340 1801 364 metantnam

1010 388 1104 408 coram
1120 380 1264 414 fratribus,
1284 385 1367 416 atque
1383 381 1411 408 hi
1427 381 1549 409 vicissim
1565 391 1615 417 pro
1634 383 1679 411 illo
1692 388 1782 411 orant.

1046 471 1092 498 ΞΕ.
1109 471 1182 499 Sunt
1204 471 1287 500 etiam
1303 472 1374 506 apud
1401 479 1452 500 nos
1474 471 1527 499 loci
1544 472 1655 507 quidam
1672 474 1800 508 separati,

1011 519 1038 546 in
1055 519 1157 554 quibus
1171 519 1357 546 inobedientes
1376 523 1403 547 et
1420 523 1597 547 contumaces
1615 519 1800 551 includuntur,

1012 565 1090 593 arido
1105 566 1179 593 victu
1192 566 1298 599 nutriti,
1315 571 1397 601 atque
1411 566 1448 593 ita
1463 566 1590 593 virtutem
1606 566 1706 593 edocti.
1717 566 1801 593 Nam—

1011 619 1065 647 que
1082 611 1300 639 emendationem
1328 619 1378 646 per
1409 611 1535 643 verbera.
1565 619 1627 646 qute
1654 611 1801 639 mundanis

1012 658 1171 686 hominibus
1186 658 1326 691 convenit,
1338 658 1437 686 merito
1448 657 1542 685 Patres
1557 657 1645 685 nostri
1658 658 1801 692 repudiau-

1012 703 1074 730 dam
1093 709 1272 731 censuerunt.

1047 748 1092 776 26.
1114 749 1216 777 Diebus
1231 749 1331 784 quibus
1354 757 1370 776 a
1398 749 1535 784 corporali
1552 757 1634 785 opere
1658 749 1801 782 feriantur,

1013 796 1121 831 signum
1152 796 1226 831 ligno
1248 796 1331 823 semel
1359 795 1415 823 edit
1439 795 1686 828 bibliothecarius,
1703 803 1803 823 conve-

1014 843 1145 877 niuntque
1175 841 1273 869 fratres
1305 842 1338 869 ad
1368 842 1500 869 librorum
1521 843 1634 875 aulam,
1664 842 1803 877 sumitque

1014 888 1207 923 unusquisque
1221 889 1332 921 librum,
1358 893 1385 916 et
1400 897 1487 923 usque
1507 889 1540 916 ad
1560 897 1701 924 vesperam
1726 890 1800 924 legit.

1015 934 1066 961 Sed
1082 933 1242 968 priusquam
1258 934 1377 969 lychnici
1388 934 1466 969 signa
1482 934 1592 966 dentur,
1605 935 1695 969 pulsat
1706 942 1802 963 rursus

1014 980 1098 1007 semel
1119 979 1360 1013 bibliothecarius;
1389 980 1538 1015 cunctique
1551 980 1691 1007 venientes
1703 988 1802 1008 secun-

1014 1025 1078 1052 dum
1104 1025 1235 1060 scriptam
1255 1025 1387 1052 schedam
1403 1025 1489 1053 libros
1516 1025 1643 1053 reddunt.
1678 1025 1754 1058 Quod
1779 1027 1802 1053 si

1013 1071 1076 1106 quis
1093 1071 1207 1099 reddere
1222 1071 1321 1099 librum
1337 1076 1492 1105 cunctatur,
1508 1079 1597 1106 poena:
1609 1072 1764 1107 subjicitur.

1049 1161 1095 1189 27.
1111 1161 1173 1195 Quo
1186 1166 1309 1197 tempore
1331 1163 1426 1190 horam
1453 1170 1554 1189 nonam
1574 1162 1742 1194 recitamus,
1768 1163 1803 1190 ab

1014 1208 1082 1236 hora
1101 1213 1178 1236 sexta
1193 1217 1301 1237 sacrum
1316 1209 1380 1236 facit
1395 1203 1540 1244 presbyter
1553 1218 1559 1235 :
1573 1209 1646 1244 quod
1672 1209 1695 1236 si
1718 1209 1802 1236 etiam

1014 1256 1143 1290 pransuri
1159 1262 1265 1286 sumus.
1279 1262 1311 1282 ac
1326 1255 1393 1282 hora
1407 1255 1496 1282 tertia.
1516 1254 1575 1282 Jam
1588 1255 1610 1282 si
1625 1255 1659 1282 ab
1673 1255 1748 1284 horis
1764 1255 1804 1283 fe-

1014 1300 1128 1332 riamur,
1144 1305 1171 1328 et
1198 1300 1364 1332 laboramus.
1382 1300 1474 1327 divina
1493 1301 1602 1335 liturgia
1627 1301 1703 1328 hora:
1717 1302 1804 1329 tertia:

1014 1347 1163 1382 deputatur
1182 1357 1188 1374 :
1208 1355 1261 1382 qua
1279 1347 1395 1381 expleta,
1413 1347 1514 1382 lignum
1530 1352 1572 1375 ter
1584 1348 1719 1383 pulsatur,
1736 1356 1803 1376 con-

1013 1394 1184 1429 veniuntque
1199 1401 1294 1421 omnes
1310 1394 1421 1426 fratres,
1444 1398 1471 1421 et
1487 1395 1606 1422 cantatis
1620 1395 1729 1430 typicis,
1756 1404 1803 1422 ac-

1013 1445 1146 1476 ceptaque
1165 1441 1365 1474 benedictione,
1382 1441 1415 1468 ad
1431 1449 1553 1469 mensam
1580 1441 1732 1476 pergimus.

174 1548 244 1583 Περὶ
255 1548 314 1591 τῆς
324 1549 359 1576 ἐν
374 1549 517 1591 ,ϐρώμεισι
532 1549 581 1577 καὶ
588 1551 896 1591 ίίόμασιῇοσότιητοςλ
911 1550 961 1577 καὶ

1018 1550 1053 1578 De
1069 1551 1186 1578 ciborum
1213 1556 1238 1591 et
1265 1556 1375 1591 potitum
1404 1552 1552 1591 quantitate
1567 1556 1593 1578 et
1619 1552 1761 1588 quatilatc,
1779 1558 1804 1580 ct

193 1585 363 1618 ποιότητος,
376 1584 426 1611 καὶ
437 1584 492 1619 τῆς
505 1585 540 1612 ἐν
550 1585 614 1619 ταῖς
629 1585 785 1620 τραπέζαις
793 1585 944 1618 εὐταξίας.

210 1640 266 1675 κη’.
279 1640 345 1666 ’Υπε
351 1640 490 1676 ρχομὲνων
503 1640 557 1667 τῶν
572 1641 694 1675 ἀδελφῶν
711 1642 752 1673 είς
762 1641 793 1668 τδ
805 1642 963 1677 ἀριστῆσαι,

173 1687 190 1713 ὁ
206 1686 298 1721 στίχος
312 1686 401 1713 αὐτῶν
416 1686 463 1712 ἐπὶ
478 1686 613 1721 στόματος
635 1687 748 1722 φέρεται
758 1695 766 1703 ο
782 1687 917 1722 κάθηνται
935 1686 965 1713 δὲ

175 1732 247 1759 κατὰ
281 1732 421 1767 τράπεζαν
475 1732 624 1767 ἀκόϐητον
650 1732 705 1769 (45)
744 1734 778 1761 θ’·
803 1733 828 1759 οἱ
857 1733 965 1768 ταξιάρ-

173 1787 222 1813 χαι
241 1777 270 1804 δὲ
290 1778 339 1810 τὰς
356 1777 571 1815 ἀναπληρώσεις
584 1778 639 1805 τῶν
650 1778 796 1814 τραπεζῶν
812 1778 963 1812 ποιοῦνται,

174 1825 222 1850 καὶ
236 1823 374 1856 εὐτάκτως
390 1825 468 1857 ἐκτὸς
482 1824 613 1859 θορύϐου·
629 1825 735 1859 γίνεται
752 1825 781 1852 δὲ
807 1829 824 1858 η
839 1825 963 1860 ἀνάγνω-

175 1879 229 1903 σις,
244 1870 300 1897 τῶν
314 1870 436 1906 ἀδελφῶν
454 1871 489 1898 τὰ
509 1871 672 1898 κουκούλλια
689 1872 737 1898 ἐπὶ
751 1872 872 1907 κεφαλῆς
889 1871 965 1907 ἑχόν-

174 1925 240 1944 των.
257 1917 375 1952 Σημεῖον
389 1917 418 1944 δὲ
433 1917 482 1944 τοῦ
496 1917 590 1949 τέλους
603 1918 653 1953 τῆς
669 1918 851 1952 ἀναγνώσεως
864 1917 964 1952 ταύτης

175 1962 251 1989 ἐστὶν
268 1963 282 1989 ὁ
298 1960 365 1998 ἦχος
385 1964 441 1990 τῶν
459 1963 590 1999 κλιερίων
606 1964 635 1990 ὲν
648 1964 681 1999 τῇ
700 1963 803 1999 ὑστάτῃ
821 1963 964 1999 μαγειρίᾳ,

174 2009 286 2036 πάντων
304 2008 373 2045 ὁμοῦ
403 2010 450 2037 ἐπὶ
478 2010 534 2036 τῶν
554 2009 717 2046 παροψίδων
744 2009 962 2046 ὲῤῥιπτομένωψ

174 2054 276 2090 ὁμοίως
286 2055 315 2081 δὲ
326 2054 371 2081 καὶ
383 2055 414 2082 τὸ
425 2055 546 2090 κεράσαι
556 2054 604 2082 καὶ
615 2055 645 2080 τὸ
656 2053 814 2091 παραθῆσαι
824 2055 868 2081 διὰ
883 2053 964 2090 κρού-

169 2100 288 2136 ⁷σματος
305 2100 422 2135 γίνεται.

211 2147 265 2174 κΘ’.
291 2147 392 2174 ἰστέον
408 2147 437 2174 δὲ
451 2147 492 2174 ὄτι
509 2147 563 2174 ἀπὸ
577 2148 629 2183 τῆς
645 2147 797 2183 πασχαλίας
813 2147 867 2184 (44)
883 2147 964 2184 μέχρι

174 2192 228 2219 τῶν
245 2192 331 2227 ἁγίων
347 2193 457 2220 πάντων
474 2193 542 2230 (45),
556 2193 607 2226 τὰς
624 2194 648 2230 β’
664 2193 809 2230 μαγειρίας
824 2194 854 2220 τό
868 2202 898 2220 τε
915 2194 964 2220 λά-

174 2248 257 2275 χανον
269 2223 318 2266 καὶ
334 2239 365 2266 τὸ
377 2223 489 2275 ὄσπριον
516 2223 584 2276 μετὰ
597 2223 699 2267 ⁷ἐιλιιίου
709 2223 866 2276 ’ἐσθίομεν
889 2241 963 2277 χρώ-
978 2223 1002 2252 D

176 2285 248 2321 μεθα
262 2285 290 2312 δὲ
302 2285 351 2313 καὶ
368 2286 478 2321 ἰχθύων,
491 2287 538 2313 καὶ
551 2288 644 2322 τυροῦ,
656 2287 704 2314 καὶ
720 2288 790 2315 ὠοῦ·
807 2288 920 2323 πίνομεν
935 2288 964 2315 δὲ

173 2331 209 2358 τὰ
225 2331 325 2367 ἄριστα
340 2330 363 2365 γ’
374 2339 381 2346 ·
407 2333 552 2367 κρούοντος
572 2332 620 2360 τοῦ
637 2333 728 2366 ξύλου,
753 2333 918 2369 ἀπέρχονται
937 2335 962 2361 οἱ
979 2361 986 2369 ,

173 2379 286 2413 ἀδελφοὶ
307 2379 355 2406 καὶ
370 2379 506 2408 ἐσθίουσιν
521 2380 603 2416 ἄρτον
615 2388 623 2396 '
638 2382 686 2408 καὶ
705 2381 754 2408 ἐὰν
768 2381 963 2416 ἐπερίσσευσεν

175 2425 308 2461 μαγειρία
333 2417 406 2461 πρωϊ
429 2426 569 2461 (ἐπίτηδες
600 2426 655 2461 γὰρ
678 2426 779 2462 ἔδεσμα
801 2427 831 2454 τὸ
854 2427 903 2462 ὀψὲ
924 2427 963 2462 τῷ

173 2471 258 2506 κοινῷ
271 2471 302 2498 ού
324 2471 459 2507 γίνεται),
475 2472 557 2508 κιρνὰ
575 2472 603 2499 δὲ
618 2473 675 2500 δύο.
691 2473 738 2505 Εἰς
754 2473 784 2500 δὲ
798 2473 847 2509 τὴν
864 2477 890 2508 μ’
908 2473 964 2500 τῶν

172 2518 261 2552 ἁγίων
283 2517 442 2544 ἀποστόλων
469 2517 563 2553 ἰχθύας
583 2519 633 2545 καὶ
655 2518 736 2554 τυρὸν
757 2518 806 2546 καὶ
828 2519 882 2546 ὠὸν
912 2519 963 2546 οὐκ

172 2564 313 2602 ἐσθίομεν,
329 2564 399 2600 πλὴν
414 2564 470 2591 τῶν
486 2565 598 2601 ἡμερῶν
612 2566 642 2592 ὲν
656 2562 701 2598 αἷς
723 2565 798 2602 ὥραν
814 2566 844 2593 οὺ
859 2565 962 2601 ψάλλο-

1204 1587 1310 1614 decente
1323 1587 1350 1613 in
1367 1588 1464 1614 mensis
1481 1587 1574 1614 ordine

1049 1642 1094 1670 28.
1117 1642 1296 1670 Venientibus
1312 1643 1345 1670 ad
1361 1643 1506 1678 prandium
1518 1643 1662 1676 fratribus,
1678 1644 1803 1672 versicu-

1014 1689 1057 1717 lus
1071 1689 1097 1715 in
1110 1696 1157 1716 ore
1167 1689 1301 1724 cujusque
1312 1693 1364 1720 est,
1380 1689 1531 1723 sedentque
1545 1689 1579 1716 ad
1599 1696 1721 1717 mensam
1738 1689 1806 1716 ἀκό-

1015 1736 1097 1771 σητον
1111 1735 1144 1763 θ’.
1163 1735 1214 1769 Qui
1228 1741 1320 1764 autem
1343 1741 1419 1763 recto
1444 1735 1534 1762 ordini
1562 1739 1628 1764 sunt
1652 1737 1804 1771 praepositi,

1015 1790 1124 1810 mensas
1142 1782 1254 1810 ferculis
1266 1782 1372 1817 replent
1384 1782 1537 1816 composite
1551 1786 1579 1809 et
1596 1781 1657 1809 sine
1670 1782 1801 1810 tumultu.

1015 1829 1048 1856 Et
1060 1829 1168 1856 interim
1184 1829 1275 1862 lectio,
1293 1829 1427 1857 fratribus
1444 1830 1582 1857 eueullata
1595 1829 1686 1864 capita
1701 1830 1803 1857 haben-

1014 1875 1097 1903 tibus.
1125 1875 1239 1910 Signum
1266 1883 1331 1903 vero
1358 1875 1484 1903 finienda:
1501 1876 1585 1911 hujus
1609 1876 1735 1904 lectionis
1750 1881 1802 1908 est,

1015 1921 1122 1949 sonitus
1148 1921 1335 1948 cochlearium
1364 1921 1391 1948 in
1420 1926 1560 1956 postremo
1586 1921 1712 1955 ferculo,
1742 1929 1804 1949 eum

1014 1967 1105 1994 omnia
1121 1967 1202 1994 simul
1227 1967 1254 1994 in
1275 1968 1437 2003 paropsides
1462 1969 1655 2003 projieiuntur.
1672 1968 1804 2000 Miscendi

1014 2013 1117 2048 pariter
1129 2017 1158 2041 et
1172 2014 1326 2048 apponendi
1339 2014 1446 2049 signum
1463 2014 1619 2049 pulsatione
1635 2014 1675 2042 tit.

1049 2148 1094 2176 29.
1111 2147 1134 2174 Α
1148 2146 1268 2182 paschali
1285 2151 1408 2182 tempore
1423 2154 1510 2182 usque
1523 2147 1557 2174 ad
1579 2147 1679 2175 festum
1695 2151 1805 2175 sancto-

1016 2201 1077 2220 rum
1094 2193 1230 2224 omnium,
1248 2193 1303 2220 duo
1325 2193 1439 2226 fercula,
1450 2193 1511 2220 olus
1527 2201 1626 2228 nempe
1640 2193 1805 2229 et'legumen

1017 2240 1137 2267 oleatum
1148 2239 1329 2267 comedimus.
1346 2238 1492 2274 Vescimur
1511 2240 1594 2267 etiam
1609 2239 1742 2274 piscibus,
1759 2247 1805 2266 ca-

1016 2293 1074 2319 seo,
1090 2289 1118 2313 et
1135 2285 1205 2313 ovis.
1221 2285 1345 2313 Bibimus
1365 2290 1456 2313 autem
1476 2285 1503 2312 in
1525 2286 1642 2320 prandio
1668 2289 1721 2313 ter.
1755 2285 1804 2313 υιιὶ

1014 2333 1119 2368 lignum
1132 2332 1307 2367 increpuerit,
1324 2331 1426 2359 abeunt
1437 2331 1546 2363 fratres,
1562 2334 1589 2358 et
1602 2338 1699 2365 panem
1716 2339 1806 2358 come.

1003 2379 1094 2412 .dunt,
1111 2382 1138 2406 et
1152 2378 1176 2406 si
1190 2378 1255 2413 quid
1265 2386 1296 2405 ex
1313 2377 1419 2411 ferculo
1431 2378 1566 2404 matutino
1577 2376 1716 2412 superfuit
1730 2378 1804 2412 (nam

1013 2433 1128 2461 vespere
1143 2425 1284 2461 proprium
1302 2425 1424 2452 edulium
1438 2424 1633 2452 communitati
1649 2432 1703 2451 non
1725 2432 1806 2459 para-

1013 2473 1068 2508 tur)
1086 2476 1114 2500 et
1130 2472 1251 2500 bibimus
1265 2471 1365 2506 pocilla
1382 2471 1447 2498 duo.
1471 2470 1501 2498 In
1514 2470 1724 2505 quadragesima
1740 2478 1806 2498 vero

1013 2522 1172 2546 sanctorum
1188 2516 1494 2552 apostolorum'pisces,
1505 2523 1629 2549 caseum,
1643 2520 1670 2543 et
1683 2523 1734 2544 ova
1750 2524 1804 2543 non

1013 2564 1311 2599 comedimus,prteter
1339 2571 1421 2599 quam
1455 2562 1552 2591 diebus
1576 2563 1677 2598 quibus
1708 2563 1803 2591 horam

922 2665 1025 2695 ΝΟΤᾸΞ
1030 2686 1037 2694 .

209 2756 268 2793 (ιὸ)
281 2756 321 2784 Ita
335 2755 396 2784 cod.
406 2755 472 2784 Mihi
487 2764 554 2784 vero
568 2757 702 2785 obscurus
718 2761 745 2784 et
758 2755 903 2791 ambiguus
915 2755 960 2784 hic

171 2792 252 2821 locus
267 2798 320 2824 est,
338 2796 448 2826 propter
460 2792 587 2820 vocabuli
606 2792 766 2819 novitatem.

221 2828 267 2862 44)
281 2827 377 2855 Pollux
388 2827 491 2855 Chron.
503 2828 575 2860 apud
586 2827 714 2854 Allatium
725 2827 835 2854 dissert.
846 2827 893 2854 cit.
904 2826 957 2853 col.

174 2862 241 2891 “51
260 2871 266 2889 :
284 2862 335 2888 Δύο
352 2863 502 2897 πασχαλίας
518 2862 684 2897 ἐϐδομάδες,
707 2862 838 2897 μίαοπρὺ,
859 2862 908 2896 μία
930 2862 959 2888 δὲ

174 2899 246 2935 μετά
257 2906 262 2914 ·
272 2898 332 2926 dua:
347 2898 510 2931 paschalium
527 2897 705 2930 hebdomadis,
719 2897 803 2926 altera
818 2905 875 2933 qua:
892 2905 959 2932 prcc-

1012 2757 1092 2787 cedit.
1111 2757 1197 2784 altera
1215 2765 1274 2792 quae
1288 2757 1466 2792 subsequitur.

1049 2793 1105 2827 (45)
1121 2791 1230 2819 Festum
1245 2791 1376 2820 omnium
1386 2799 1545 2820 sanctorum
1564 2800 1579 2820 a
1594 2793 1698 2820 Graecis
1714 2793 1786 2827 agit"

1013 2827 1041 2863 in
1067 2827 1210 2855 Dominica
1224 2828 1311 2861 prima
1331 2827 1467 2861 Mattluei;
1485 2835 1546 2862 qua:
1569 2833 1610 2855 est
1633 2828 1720 2863 prima
1741 2836 1800 2863 post

1013 2862 1206 2893 Pentecosten.
1223 2863 1303 2891 Allat.
1320 2864 1386 2892 diss.
1402 2864 1448 2892 cit.
1467 2863 1518 2892 col.
1537 2863 1616 2892 1465.
