  <div class='ocr_page' id='page_1' title='image "/cluster/home/n/w/nwhite01/storage/ocr_20150623/99/njp.32101010943858/929.png"; bbox 0 0 1927 3089; ppageno 0'>
   <div class='ocr_carea' id='block_1_1' title="bbox 166 125 233 161">
    <p class='ocr_par' dir='ltr' id='par_1_1' title="bbox 166 125 233 161">
     <span class='ocr_line' id='line_1_1' title="bbox 166 125 233 161; baseline 0.045 -3"><span class='ocrx_word' id='word_1_1' title='bbox 166 125 233 161; x_wconf 78' lang='grc'><strong>1715</strong></span> 
     </span>
    </p>
   </div>
   <div class='ocr_carea' id='block_1_2' title="bbox 671 125 1248 163">
    <p class='ocr_par' dir='ltr' id='par_1_2' title="bbox 671 125 1248 163">
     <span class='ocr_line' id='line_1_2' title="bbox 671 125 1248 163; baseline 0.007 -6"><span class='ocrx_word' id='word_1_2' title='bbox 671 125 997 163; x_wconf 81' lang='lat' dir='ltr'><strong>CONSTITUTIONES</strong></span> <span class='ocrx_word' id='word_1_3' title='bbox 1015 128 1248 162; x_wconf 61' lang='lat' dir='ltr'><strong>STUDI‘I‘ANE.</strong></span> 
     </span>
    </p>
   </div>
   <div class='ocr_carea' id='block_1_3' title="bbox 1727 133 1794 166">
    <p class='ocr_par' dir='ltr' id='par_1_3' title="bbox 1727 133 1794 166">
     <span class='ocr_line' id='line_1_3' title="bbox 1727 133 1794 166; baseline 0.03 -2"><span class='ocrx_word' id='word_1_4' title='bbox 1727 133 1794 166; x_wconf 65' lang='lat'><strong>1716</strong></span> 
     </span>
    </p>
   </div>
   <div class='ocr_carea' id='block_1_4' title="bbox 164 181 950 224">
    <p class='ocr_par' dir='ltr' id='par_1_4' title="bbox 164 181 950 218">
     <span class='ocr_line' id='line_1_4' title="bbox 164 181 950 218; baseline -0.005 -5"><span class='ocrx_word' id='word_1_5' title='bbox 164 193 220 213; x_wconf 91' lang='lat' dir='ltr'><strong>non</strong></span> <span class='ocrx_word' id='word_1_6' title='bbox 237 182 374 211; x_wconf 86' lang='lat' dir='ltr'><strong>canimus.</strong></span> <span class='ocrx_word' id='word_1_7' title='bbox 394 181 593 212; x_wconf 75' lang='lat' dir='ltr'><strong>Munnucamus</strong></span> <span class='ocrx_word' id='word_1_8' title='bbox 617 185 710 218; x_wconf 70' lang='lat' dir='ltr'><strong>autem</strong></span> <span class='ocrx_word' id='word_1_9' title='bbox 731 182 797 210; x_wconf 91' lang='lat' dir='ltr'><strong>hora</strong></span> <span class='ocrx_word' id='word_1_10' title='bbox 813 190 884 215; x_wconf 81' lang='lat' dir='ltr'><strong>nona</strong></span> <span class='ocrx_word' id='word_1_11' title='bbox 901 182 950 210; x_wconf 81' lang='lat' dir='ltr'><strong>fcr-</strong></span> 
     </span>
    </p>
   </div>
   <div class='ocr_carea' id='block_1_5' title="bbox 1005 181 1792 224">
    <p class='ocr_par' dir='ltr' id='par_1_5' title="bbox 1008 184 1792 224">
     <span class='ocr_line' id='line_1_5' title="bbox 1008 184 1792 224; baseline 0.009 -14"><span class='ocrx_word' id='word_1_12' title='bbox 1008 192 1077 219; x_wconf 78' lang='grc' dir='ltr'><strong>μεν⁸</strong></span> <span class='ocrx_word' id='word_1_13' title='bbox 1095 185 1237 220; x_wconf 82' lang='grc' dir='ltr'>τρώγομεν</span> <span class='ocrx_word' id='word_1_14' title='bbox 1259 185 1287 212; x_wconf 79' lang='grc' dir='ltr'><strong>δὲ</strong></span> <span class='ocrx_word' id='word_1_15' title='bbox 1304 184 1327 212; x_wconf 83' lang='grc' dir='ltr'>θ’</span> <span class='ocrx_word' id='word_1_16' title='bbox 1342 186 1488 224; x_wconf 71' lang='grc' dir='ltr'>μαγειρίας</span> <span class='ocrx_word' id='word_1_17' title='bbox 1509 186 1542 222; x_wconf 81' lang='grc' dir='ltr'>β’,</span> <span class='ocrx_word' id='word_1_18' title='bbox 1556 186 1587 214; x_wconf 81' lang='grc' dir='ltr'>τὸ</span> <span class='ocrx_word' id='word_1_19' title='bbox 1607 187 1657 223; x_wconf 89' lang='grc' dir='ltr'><strong>μέν</strong></span> <span class='ocrx_word' id='word_1_20' title='bbox 1675 188 1792 224; x_wconf 79' lang='grc' dir='ltr'>λάχανον</span> 
     </span>
    </p>
   </div>
   <div class='ocr_carea' id='block_1_6' title="bbox 163 227 955 265">
    <p class='ocr_par' dir='ltr' id='par_1_6' title="bbox 163 227 955 265">
     <span class='ocr_line' id='line_1_6' title="bbox 163 227 955 265; baseline -0.001 -8"><span class='ocrx_word' id='word_1_21' title='bbox 163 231 226 262; x_wconf 83' lang='lat' dir='ltr'><strong>eula</strong></span> <span class='ocrx_word' id='word_1_22' title='bbox 238 229 294 260; x_wconf 84' lang='lat' dir='ltr'><strong>duo</strong></span> <span class='ocrx_word' id='word_1_23' title='bbox 306 237 314 256; x_wconf 74' lang='grc' dir='ltr'><strong>ι</strong></span> <span class='ocrx_word' id='word_1_24' title='bbox 328 228 390 255; x_wconf 87' lang='lat' dir='ltr'><strong>olus</strong></span> <span class='ocrx_word' id='word_1_25' title='bbox 403 227 523 254; x_wconf 87' lang='lat' dir='ltr'><strong>oleatum</strong></span> <span class='ocrx_word' id='word_1_26' title='bbox 536 247 544 260; x_wconf 92' lang='lat'><strong>,</strong></span> <span class='ocrx_word' id='word_1_27' title='bbox 561 227 688 263; x_wconf 74' lang='lat' dir='ltr'><strong>legumen</strong></span> <span class='ocrx_word' id='word_1_28' title='bbox 706 227 811 265; x_wconf 79' lang='lat' dir='ltr'><strong>absque</strong></span> <span class='ocrx_word' id='word_1_29' title='bbox 830 228 892 258; x_wconf 90' lang='lat' dir='ltr'><strong>oleo</strong></span> <span class='ocrx_word' id='word_1_30' title='bbox 907 235 955 257; x_wconf 90' lang='lat' dir='ltr'><strong>co-</strong></span> 
     </span>
    </p>
   </div>
   <div class='ocr_carea' id='block_1_7' title="bbox 163 272 955 308">
    <p class='ocr_par' dir='ltr' id='par_1_7' title="bbox 163 272 955 308">
     <span class='ocr_line' id='line_1_7' title="bbox 163 272 955 308; baseline -0.004 -4"><span class='ocrx_word' id='word_1_31' title='bbox 163 276 312 305; x_wconf 87' lang='lat' dir='ltr'><strong>medimus.</strong></span> <span class='ocrx_word' id='word_1_32' title='bbox 329 273 453 301; x_wconf 88' lang='lat' dir='ltr'><strong>Bibimus</strong></span> <span class='ocrx_word' id='word_1_33' title='bbox 464 272 530 301; x_wconf 87' lang='lat' dir='ltr'><strong>hora</strong></span> <span class='ocrx_word' id='word_1_34' title='bbox 542 280 613 300; x_wconf 90' lang='lat' dir='ltr'><strong>nona</strong></span> <span class='ocrx_word' id='word_1_35' title='bbox 626 272 740 308; x_wconf 78' lang='lat' dir='ltr'><strong>cyathos</strong></span> <span class='ocrx_word' id='word_1_36' title='bbox 751 273 829 307; x_wconf 79' lang='lat' dir='ltr'><strong>duos,</strong></span> <span class='ocrx_word' id='word_1_37' title='bbox 843 280 955 308; x_wconf 84' lang='lat' dir='ltr'><strong>vespere</strong></span> 
     </span>
    </p>
   </div>
   <div class='ocr_carea' id='block_1_8' title="bbox 163 318 955 354">
    <p class='ocr_par' dir='ltr' id='par_1_8' title="bbox 163 318 955 354">
     <span class='ocr_line' id='line_1_8' title="bbox 163 318 955 354; baseline -0.005 -4"><span class='ocrx_word' id='word_1_38' title='bbox 163 323 229 350; x_wconf 74' lang='lat' dir='ltr'><strong>item</strong></span> <span class='ocrx_word' id='word_1_39' title='bbox 244 322 323 348; x_wconf 90' lang='lat' dir='ltr'><strong>duos.</strong></span> <span class='ocrx_word' id='word_1_40' title='bbox 347 319 449 347; x_wconf 84' lang='lat' dir='ltr'><strong>Diebus</strong></span> <span class='ocrx_word' id='word_1_41' title='bbox 464 323 556 346; x_wconf 89' lang='lat' dir='ltr'><strong>autem</strong></span> <span class='ocrx_word' id='word_1_42' title='bbox 572 318 680 346; x_wconf 80' lang='lat' dir='ltr'><strong>feriatis</strong></span> <span class='ocrx_word' id='word_1_43' title='bbox 691 338 700 350; x_wconf 87' lang='lat'><strong>,</strong></span> <span class='ocrx_word' id='word_1_44' title='bbox 715 319 816 354; x_wconf 77' lang='lat' dir='ltr'><strong>quibus</strong></span> <span class='ocrx_word' id='word_1_45' title='bbox 833 319 955 346; x_wconf 82' lang='lat' dir='ltr'><strong>diximus</strong></span> 
     </span>
    </p>
   </div>
   <div class='ocr_carea' id='block_1_9' title="bbox 163 364 953 400">
    <p class='ocr_par' dir='ltr' id='par_1_9' title="bbox 163 364 953 400">
     <span class='ocr_line' id='line_1_9' title="bbox 163 364 953 400; baseline -0.004 -5"><span class='ocrx_word' id='word_1_46' title='bbox 163 375 215 395; x_wconf 87' lang='lat' dir='ltr'><strong>nos</strong></span> <span class='ocrx_word' id='word_1_47' title='bbox 227 373 308 394; x_wconf 88' lang='lat' dir='ltr'><strong>caseo</strong></span> <span class='ocrx_word' id='word_1_48' title='bbox 321 370 350 393; x_wconf 87' lang='lat' dir='ltr'><strong>et</strong></span> <span class='ocrx_word' id='word_1_49' title='bbox 366 365 481 400; x_wconf 86' lang='lat' dir='ltr'><strong>reliquis</strong></span> <span class='ocrx_word' id='word_1_50' title='bbox 495 365 580 398; x_wconf 83' lang='lat' dir='ltr'><strong>vesci,</strong></span> <span class='ocrx_word' id='word_1_51' title='bbox 592 364 661 392; x_wconf 80' lang='lat' dir='ltr'><strong>hora</strong></span> <span class='ocrx_word' id='word_1_52' title='bbox 676 369 753 392; x_wconf 82' lang='lat' dir='ltr'><strong>sexta</strong></span> <span class='ocrx_word' id='word_1_53' title='bbox 768 364 953 397; x_wconf 87' lang='lat' dir='ltr'><strong>comedentes,</strong></span> 
     </span>
    </p>
   </div>
   <div class='ocr_carea' id='block_1_10' title="bbox 163 409 954 446">
    <p class='ocr_par' dir='ltr' id='par_1_10' title="bbox 163 409 954 446">
     <span class='ocr_line' id='line_1_10' title="bbox 163 409 954 446; baseline -0.001 -7"><span class='ocrx_word' id='word_1_54' title='bbox 163 417 205 440; x_wconf 86' lang='lat' dir='ltr'><strong>ter</strong></span> <span class='ocrx_word' id='word_1_55' title='bbox 221 412 361 445; x_wconf 81' lang='lat' dir='ltr'><strong>bibimus;</strong></span> <span class='ocrx_word' id='word_1_56' title='bbox 379 417 494 446; x_wconf 86' lang='lat' dir='ltr'><strong>vespere</strong></span> <span class='ocrx_word' id='word_1_57' title='bbox 511 410 564 438; x_wconf 89' lang='lat' dir='ltr'><strong>bis.</strong></span> <span class='ocrx_word' id='word_1_58' title='bbox 582 409 662 438; x_wconf 84' lang='lat' dir='ltr'><strong>Hunc</strong></span> <span class='ocrx_word' id='word_1_59' title='bbox 676 418 781 438; x_wconf 91' lang='lat' dir='ltr'><strong>morem</strong></span> <span class='ocrx_word' id='word_1_60' title='bbox 789 410 820 439; x_wconf 85' lang='lat' dir='ltr'><strong>in</strong></span> <span class='ocrx_word' id='word_1_61' title='bbox 837 410 954 445; x_wconf 85' lang='lat' dir='ltr'><strong>quadra-</strong></span> 
     </span>
    </p>
   </div>
   <div class='ocr_carea' id='block_1_11' title="bbox 162 456 952 493">
    <p class='ocr_par' dir='ltr' id='par_1_11' title="bbox 162 456 952 493">
     <span class='ocr_line' id='line_1_11' title="bbox 162 456 952 493; baseline -0.005 -6"><span class='ocrx_word' id='word_1_62' title='bbox 162 459 267 493; x_wconf 73' lang='lat' dir='ltr'><strong>gesima</strong></span> <span class='ocrx_word' id='word_1_63' title='bbox 281 457 366 490; x_wconf 78' lang='lat' dir='ltr'><strong>etiam</strong></span> <span class='ocrx_word' id='word_1_64' title='bbox 383 456 473 485; x_wconf 88' lang='lat' dir='ltr'><strong>sancti</strong></span> <span class='ocrx_word' id='word_1_65' title='bbox 495 456 613 492; x_wconf 81' lang='lat' dir='ltr'><strong>aposmli</strong></span> <span class='ocrx_word' id='word_1_66' title='bbox 640 456 757 491; x_wconf 87' lang='lat' dir='ltr'><strong>Philippi</strong></span> <span class='ocrx_word' id='word_1_67' title='bbox 785 464 952 484; x_wconf 83' lang='lat' dir='ltr'><strong>servamus:</strong></span> 
     </span>
    </p>
   </div>
   <div class='ocr_carea' id='block_1_12' title="bbox 163 501 955 539">
    <p class='ocr_par' dir='ltr' id='par_1_12' title="bbox 163 501 955 539">
     <span class='ocr_line' id='line_1_12' title="bbox 163 501 955 539; baseline -0.004 -8"><span class='ocrx_word' id='word_1_68' title='bbox 163 504 209 531; x_wconf 79' lang='lat' dir='ltr'><strong>sed</strong></span> <span class='ocrx_word' id='word_1_69' title='bbox 229 507 339 539; x_wconf 80' lang='lat' dir='ltr'><strong>propter</strong></span> <span class='ocrx_word' id='word_1_70' title='bbox 362 503 524 531; x_wconf 88' lang='lat' dir='ltr'><strong>brevitatem</strong></span> <span class='ocrx_word' id='word_1_71' title='bbox 537 501 643 529; x_wconf 88' lang='lat' dir='ltr'><strong>dierum</strong></span> <span class='ocrx_word' id='word_1_72' title='bbox 658 501 875 539; x_wconf 70' lang='lat' dir='ltr'><strong>quadragesima:</strong></span> <span class='ocrx_word' id='word_1_73' title='bbox 891 509 955 529; x_wconf 91' lang='lat' dir='ltr'><strong>san-</strong></span> 
     </span>
    </p>
   </div>
   <div class='ocr_carea' id='block_1_13' title="bbox 163 547 952 584">
    <p class='ocr_par' dir='ltr' id='par_1_13' title="bbox 163 547 952 584">
     <span class='ocr_line' id='line_1_13' title="bbox 163 547 952 584; baseline -0.003 -7"><span class='ocrx_word' id='word_1_74' title='bbox 163 550 199 577; x_wconf 83' lang='lat' dir='ltr'><strong>cti</strong></span> <span class='ocrx_word' id='word_1_75' title='bbox 217 550 346 584; x_wconf 81' lang='lat' dir='ltr'><strong>Philippi,</strong></span> <span class='ocrx_word' id='word_1_76' title='bbox 363 548 447 579; x_wconf 81' lang='lat' dir='ltr'><strong>semel</strong></span> <span class='ocrx_word' id='word_1_77' title='bbox 461 548 488 575; x_wconf 93' lang='lat' dir='ltr'><strong>in</strong></span> <span class='ocrx_word' id='word_1_78' title='bbox 501 547 546 576; x_wconf 90' lang='lat' dir='ltr'><strong>die</strong></span> <span class='ocrx_word' id='word_1_79' title='bbox 566 548 748 581; x_wconf 79' lang='lat' dir='ltr'><strong>comedimus,</strong></span> <span class='ocrx_word' id='word_1_80' title='bbox 766 547 813 579; x_wconf 85' lang='lat' dir='ltr'><strong>sed</strong></span> <span class='ocrx_word' id='word_1_81' title='bbox 827 551 868 575; x_wconf 91' lang='lat' dir='ltr'><strong>ter</strong></span> <span class='ocrx_word' id='word_1_82' title='bbox 882 547 952 575; x_wconf 83' lang='lat' dir='ltr'><strong>bibi-</strong></span> 
     </span>
    </p>
   </div>
   <div class='ocr_carea' id='block_1_14' title="bbox 163 593 953 632">
    <p class='ocr_par' dir='ltr' id='par_1_14' title="bbox 163 593 953 632">
     <span class='ocr_line' id='line_1_14' title="bbox 163 593 953 632; baseline -0.004 -9"><span class='ocrx_word' id='word_1_83' title='bbox 163 603 235 626; x_wconf 77' lang='lat' dir='ltr'><strong>tuus.</strong></span> <span class='ocrx_word' id='word_1_84' title='bbox 249 597 310 627; x_wconf 71' lang='lat' dir='ltr'><strong>tam</strong></span> <span class='ocrx_word' id='word_1_85' title='bbox 331 595 366 627; x_wconf 84' lang='lat' dir='ltr'><strong>ab</strong></span> <span class='ocrx_word' id='word_1_86' title='bbox 383 594 571 630; x_wconf 77' lang='lat' dir='ltr'><strong>apostolorum</strong></span> <span class='ocrx_word' id='word_1_87' title='bbox 592 593 850 627; x_wconf 66' lang='lat' dir='ltr'><strong>commemoratione</strong></span> <span class='ocrx_word' id='word_1_88' title='bbox 867 601 953 632; x_wconf 73' lang='lat' dir='ltr'><strong>usque</strong></span> 
     </span>
    </p>
   </div>
   <div class='ocr_carea' id='block_1_15' title="bbox 163 639 952 678">
    <p class='ocr_par' dir='ltr' id='par_1_15' title="bbox 163 639 952 678">
     <span class='ocr_line' id='line_1_15' title="bbox 163 639 952 678; baseline -0.003 -10"><span class='ocrx_word' id='word_1_89' title='bbox 163 641 198 674; x_wconf 75' lang='lat' dir='ltr'><strong>ad</strong></span> <span class='ocrx_word' id='word_1_90' title='bbox 214 645 340 669; x_wconf 83' lang='lat' dir='ltr'><strong>sanctum</strong></span> <span class='ocrx_word' id='word_1_91' title='bbox 356 640 524 678; x_wconf 79' lang='lat' dir='ltr'><strong>Philippum,</strong></span> <span class='ocrx_word' id='word_1_92' title='bbox 543 647 644 666; x_wconf 74' lang='lat' dir='ltr'><strong>nonam</strong></span> <span class='ocrx_word' id='word_1_93' title='bbox 663 639 821 666; x_wconf 86' lang='lat' dir='ltr'><strong>recitamns.</strong></span> <span class='ocrx_word' id='word_1_94' title='bbox 837 639 914 672; x_wconf 84' lang='lat' dir='ltr'><strong>Quod</strong></span> <span class='ocrx_word' id='word_1_95' title='bbox 929 639 952 666; x_wconf 85' lang='lat' dir='ltr'><strong>si</strong></span> 
     </span>
    </p>
   </div>
   <div class='ocr_carea' id='block_1_16' title="bbox 163 685 951 720">
    <p class='ocr_par' dir='ltr' id='par_1_16' title="bbox 163 685 951 720">
     <span class='ocr_line' id='line_1_16' title="bbox 163 685 951 720; baseline 0 -7"><span class='ocrx_word' id='word_1_96' title='bbox 163 687 192 713; x_wconf 89' lang='lat' dir='ltr'><strong>in</strong></span> <span class='ocrx_word' id='word_1_97' title='bbox 210 686 260 714; x_wconf 90' lang='lat' dir='ltr'><strong>hos</strong></span> <span class='ocrx_word' id='word_1_98' title='bbox 274 686 334 713; x_wconf 87' lang='lat' dir='ltr'><strong>dies</strong></span> <span class='ocrx_word' id='word_1_99' title='bbox 349 686 472 714; x_wconf 84' lang='lat' dir='ltr'><strong>incurrat</strong></span> <span class='ocrx_word' id='word_1_100' title='bbox 487 685 713 720; x_wconf 72' lang='lat' dir='ltr'><strong>commemoratio</strong></span> <span class='ocrx_word' id='word_1_101' title='bbox 726 685 842 720; x_wconf 86' lang='lat' dir='ltr'><strong>alicujus</strong></span> <span class='ocrx_word' id='word_1_102' title='bbox 853 686 951 719; x_wconf 77' lang='lat' dir='ltr'><strong>sancti,</strong></span> 
     </span>
    </p>
   </div>
   <div class='ocr_carea' id='block_1_17' title="bbox 163 730 952 769">
    <p class='ocr_par' dir='ltr' id='par_1_17' title="bbox 163 730 952 769">
     <span class='ocr_line' id='line_1_17' title="bbox 163 730 952 769; baseline -0.001 -10"><span class='ocrx_word' id='word_1_103' title='bbox 163 740 226 769; x_wconf 71' lang='lat' dir='ltr'><strong>qua:</strong></span> <span class='ocrx_word' id='word_1_104' title='bbox 241 739 292 760; x_wconf 89' lang='lat' dir='ltr'><strong>nos</strong></span> <span class='ocrx_word' id='word_1_105' title='bbox 305 731 418 767; x_wconf 76' lang='lat' dir='ltr'><strong>feriatos</strong></span> <span class='ocrx_word' id='word_1_106' title='bbox 433 731 530 760; x_wconf 81' lang='lat' dir='ltr'><strong>reddat</strong></span> <span class='ocrx_word' id='word_1_107' title='bbox 541 731 575 766; x_wconf 87' lang='lat' dir='ltr'><strong>ab</strong></span> <span class='ocrx_word' id='word_1_108' title='bbox 589 730 665 758; x_wconf 87' lang='lat' dir='ltr'><strong>horis</strong></span> <span class='ocrx_word' id='word_1_109' title='bbox 677 736 702 758; x_wconf 83' lang='lat' dir='ltr'><strong>et</strong></span> <span class='ocrx_word' id='word_1_110' title='bbox 718 731 873 766; x_wconf 73' lang='lat' dir='ltr'><strong>metanqais,</strong></span> <span class='ocrx_word' id='word_1_111' title='bbox 887 736 952 763; x_wconf 79' lang='lat' dir='ltr'><strong>tunc</strong></span> 
     </span>
    </p>
   </div>
   <div class='ocr_carea' id='block_1_18' title="bbox 162 776 952 812">
    <p class='ocr_par' dir='ltr' id='par_1_18' title="bbox 162 776 952 812">
     <span class='ocr_line' id='line_1_18' title="bbox 162 776 952 812; baseline 0 -7"><span class='ocrx_word' id='word_1_112' title='bbox 162 785 275 805; x_wconf 81' lang='lat' dir='ltr'><strong>caseum</strong></span> <span class='ocrx_word' id='word_1_113' title='bbox 292 782 320 804; x_wconf 89' lang='lat' dir='ltr'><strong>et</strong></span> <span class='ocrx_word' id='word_1_114' title='bbox 333 785 383 804; x_wconf 92' lang='lat' dir='ltr'><strong>ova</strong></span> <span class='ocrx_word' id='word_1_115' title='bbox 401 782 428 804; x_wconf 88' lang='lat' dir='ltr'><strong>et</strong></span> <span class='ocrx_word' id='word_1_116' title='bbox 444 777 544 812; x_wconf 83' lang='lat' dir='ltr'><strong>pisces,</strong></span> <span class='ocrx_word' id='word_1_117' title='bbox 563 777 697 812; x_wconf 84' lang='lat' dir='ltr'><strong>siquidem</strong></span> <span class='ocrx_word' id='word_1_118' title='bbox 709 776 780 804; x_wconf 88' lang='lat' dir='ltr'><strong>Deus</strong></span> <span class='ocrx_word' id='word_1_119' title='bbox 794 776 952 812; x_wconf 84' lang='lat' dir='ltr'><strong>suppedita-</strong></span> 
     </span>
    </p>
   </div>
   <div class='ocr_carea' id='block_1_19' title="bbox 163 822 948 860">
    <p class='ocr_par' dir='ltr' id='par_1_19' title="bbox 163 822 948 860">
     <span class='ocr_line' id='line_1_19' title="bbox 163 822 948 860; baseline 0 -9"><span class='ocrx_word' id='word_1_120' title='bbox 163 824 243 856; x_wconf 86' lang='lat' dir='ltr'><strong>verit,</strong></span> <span class='ocrx_word' id='word_1_121' title='bbox 260 823 450 856; x_wconf 87' lang='lat' dir='ltr'><strong>comedimus;</strong></span> <span class='ocrx_word' id='word_1_122' title='bbox 466 831 528 851; x_wconf 88' lang='lat' dir='ltr'><strong>cum</strong></span> <span class='ocrx_word' id='word_1_123' title='bbox 544 823 650 860; x_wconf 76' lang='lat' dir='ltr'><strong>cyathis</strong></span> <span class='ocrx_word' id='word_1_124' title='bbox 665 822 754 850; x_wconf 87' lang='lat' dir='ltr'><strong>tribus</strong></span> <span class='ocrx_word' id='word_1_125' title='bbox 769 822 797 850; x_wconf 87' lang='lat' dir='ltr'><strong>in</strong></span> <span class='ocrx_word' id='word_1_126' title='bbox 812 822 927 858; x_wconf 86' lang='lat' dir='ltr'><strong>prandio</strong></span> <span class='ocrx_word' id='word_1_127' title='bbox 940 842 948 856; x_wconf 94' lang='lat'><strong>,</strong></span> 
     </span>
    </p>
   </div>
   <div class='ocr_carea' id='block_1_20' title="bbox 161 870 407 905">
    <p class='ocr_par' dir='ltr' id='par_1_20' title="bbox 161 870 407 905">
     <span class='ocr_line' id='line_1_20' title="bbox 161 870 407 905; baseline -0.004 -7"><span class='ocrx_word' id='word_1_128' title='bbox 161 878 276 905; x_wconf 82' lang='lat' dir='ltr'><strong>vespere</strong></span> <span class='ocrx_word' id='word_1_129' title='bbox 288 870 407 898; x_wconf 90' lang='lat' dir='ltr'><strong>duobus.</strong></span> 
     </span>
    </p>
   </div>
   <div class='ocr_carea' id='block_1_21' title="bbox 309 924 811 960">
    <p class='ocr_par' dir='ltr' id='par_1_21' title="bbox 309 924 811 960">
     <span class='ocr_line' id='line_1_21' title="bbox 309 924 811 960; baseline 0 -8"><span class='ocrx_word' id='word_1_130' title='bbox 309 925 349 952; x_wconf 82' lang='lat' dir='ltr'><strong>De</strong></span> <span class='ocrx_word' id='word_1_131' title='bbox 364 929 457 952; x_wconf 81' lang='lat' dir='ltr'><strong>sancta</strong></span> <span class='ocrx_word' id='word_1_132' title='bbox 470 932 568 960; x_wconf 80' lang='lat' dir='ltr'><strong>magna</strong></span> <span class='ocrx_word' id='word_1_133' title='bbox 587 924 811 960; x_wconf 75' lang='lat' dir='ltr'><strong>Quadragesima.</strong></span> 
     </span>
    </p>
   </div>
   <div class='ocr_carea' id='block_1_22' title="bbox 196 968 952 1005">
    <p class='ocr_par' dir='ltr' id='par_1_22' title="bbox 196 968 952 1005">
     <span class='ocr_line' id='line_1_22' title="bbox 196 968 952 1005; baseline -0.001 -7"><span class='ocrx_word' id='word_1_134' title='bbox 196 970 242 998; x_wconf 80' lang='lat'><strong>50.</strong></span> <span class='ocrx_word' id='word_1_135' title='bbox 259 969 287 1001; x_wconf 86' lang='lat' dir='ltr'><strong>lu</strong></span> <span class='ocrx_word' id='word_1_136' title='bbox 303 974 399 1003; x_wconf 80' lang='lat' dir='ltr'><strong>sancta</strong></span> <span class='ocrx_word' id='word_1_137' title='bbox 413 977 511 1005; x_wconf 77' lang='lat' dir='ltr'><strong>magna</strong></span> <span class='ocrx_word' id='word_1_138' title='bbox 527 969 741 1005; x_wconf 78' lang='lat' dir='ltr'><strong>Quadragesima</strong></span> <span class='ocrx_word' id='word_1_139' title='bbox 760 968 844 996; x_wconf 87' lang='lat' dir='ltr'><strong>semel</strong></span> <span class='ocrx_word' id='word_1_140' title='bbox 863 968 891 995; x_wconf 93' lang='lat' dir='ltr'><strong>in</strong></span> <span class='ocrx_word' id='word_1_141' title='bbox 906 968 952 997; x_wconf 86' lang='lat' dir='ltr'><strong>die</strong></span> 
     </span>
    </p>
   </div>
   <div class='ocr_carea' id='block_1_23' title="bbox 160 1013 951 1050">
    <p class='ocr_par' dir='ltr' id='par_1_23' title="bbox 160 1013 951 1050">
     <span class='ocr_line' id='line_1_23' title="bbox 160 1013 951 1050; baseline -0.001 -9"><span class='ocrx_word' id='word_1_142' title='bbox 160 1013 307 1047; x_wconf 74' lang='lat' dir='ltr'><strong>vescimur,</strong></span> <span class='ocrx_word' id='word_1_143' title='bbox 322 1018 436 1049; x_wconf 79' lang='lat' dir='ltr'><strong>excepto</strong></span> <span class='ocrx_word' id='word_1_144' title='bbox 455 1013 585 1050; x_wconf 75' lang='lat' dir='ltr'><strong>sabbato.</strong></span> <span class='ocrx_word' id='word_1_145' title='bbox 611 1018 639 1042; x_wconf 91' lang='lat' dir='ltr'><strong>et</strong></span> <span class='ocrx_word' id='word_1_146' title='bbox 662 1014 707 1041; x_wconf 88' lang='lat' dir='ltr'><strong>die</strong></span> <span class='ocrx_word' id='word_1_147' title='bbox 726 1013 876 1042; x_wconf 83' lang='lat' dir='ltr'><strong>Dominico.</strong></span> <span class='ocrx_word' id='word_1_148' title='bbox 900 1013 951 1040; x_wconf 87' lang='lat' dir='ltr'><strong>Co-</strong></span> 
     </span>
    </p>
   </div>
   <div class='ocr_carea' id='block_1_24' title="bbox 160 1059 951 1096">
    <p class='ocr_par' dir='ltr' id='par_1_24' title="bbox 160 1059 951 1096">
     <span class='ocr_line' id='line_1_24' title="bbox 160 1059 951 1096; baseline 0 -9"><span class='ocrx_word' id='word_1_149' title='bbox 160 1060 295 1090; x_wconf 76' lang='lat' dir='ltr'><strong>medimus</strong></span> <span class='ocrx_word' id='word_1_150' title='bbox 305 1064 395 1094; x_wconf 79' lang='lat' dir='ltr'><strong>autem</strong></span> <span class='ocrx_word' id='word_1_151' title='bbox 408 1060 496 1095; x_wconf 81' lang='lat' dir='ltr'><strong>prima</strong></span> <span class='ocrx_word' id='word_1_152' title='bbox 509 1065 536 1088; x_wconf 83' lang='lat' dir='ltr'><strong>et</strong></span> <span class='ocrx_word' id='word_1_153' title='bbox 546 1060 670 1096; x_wconf 79' lang='lat' dir='ltr'><strong>mediana</strong></span> <span class='ocrx_word' id='word_1_154' title='bbox 679 1059 846 1088; x_wconf 86' lang='lat' dir='ltr'><strong>hebdomada</strong></span> <span class='ocrx_word' id='word_1_155' title='bbox 855 1059 951 1087; x_wconf 88' lang='lat' dir='ltr'><strong>eodem</strong></span> 
     </span>
    </p>
   </div>
   <div class='ocr_carea' id='block_1_25' title="bbox 160 1105 951 1141">
    <p class='ocr_par' dir='ltr' id='par_1_25' title="bbox 160 1105 951 1141">
     <span class='ocr_line' id='line_1_25' title="bbox 160 1105 951 1141; baseline 0.003 -10"><span class='ocrx_word' id='word_1_156' title='bbox 160 1105 252 1138; x_wconf 85' lang='lat' dir='ltr'><strong>modo,</strong></span> <span class='ocrx_word' id='word_1_157' title='bbox 267 1105 294 1133; x_wconf 87' lang='lat' dir='ltr'><strong>id</strong></span> <span class='ocrx_word' id='word_1_158' title='bbox 308 1111 350 1133; x_wconf 86' lang='lat' dir='ltr'><strong>est</strong></span> <span class='ocrx_word' id='word_1_159' title='bbox 365 1105 442 1134; x_wconf 82' lang='lat' dir='ltr'><strong>fabas</strong></span> <span class='ocrx_word' id='word_1_160' title='bbox 459 1111 551 1134; x_wconf 85' lang='lat' dir='ltr'><strong>coctas</strong></span> <span class='ocrx_word' id='word_1_161' title='bbox 566 1126 574 1138; x_wconf 85' lang='lat'><strong>,</strong></span> <span class='ocrx_word' id='word_1_162' title='bbox 587 1111 614 1134; x_wconf 85' lang='lat' dir='ltr'><strong>et</strong></span> <span class='ocrx_word' id='word_1_163' title='bbox 626 1106 821 1134; x_wconf 82' lang='lat' dir='ltr'><strong>salsamentum</strong></span> <span class='ocrx_word' id='word_1_164' title='bbox 848 1106 951 1141; x_wconf 79' lang='lat' dir='ltr'><strong>absque</strong></span> 
     </span>
    </p>
   </div>
   <div class='ocr_carea' id='block_1_26' title="bbox 159 1151 952 1187">
    <p class='ocr_par' dir='ltr' id='par_1_26' title="bbox 159 1151 952 1187">
     <span class='ocr_line' id='line_1_26' title="bbox 159 1151 952 1187; baseline 0.001 -9"><span class='ocrx_word' id='word_1_165' title='bbox 159 1151 231 1183; x_wconf 86' lang='lat' dir='ltr'><strong>oleo,</strong></span> <span class='ocrx_word' id='word_1_166' title='bbox 249 1157 276 1179; x_wconf 89' lang='lat' dir='ltr'><strong>et</strong></span> <span class='ocrx_word' id='word_1_167' title='bbox 291 1153 396 1185; x_wconf 76' lang='lat' dir='ltr'><strong>caricas</strong></span> <span class='ocrx_word' id='word_1_168' title='bbox 411 1153 551 1187; x_wconf 88' lang='lat' dir='ltr'><strong>quinque,</strong></span> <span class='ocrx_word' id='word_1_169' title='bbox 575 1156 603 1180; x_wconf 90' lang='lat' dir='ltr'><strong>et</strong></span> <span class='ocrx_word' id='word_1_170' title='bbox 616 1152 638 1179; x_wconf 84' lang='lat' dir='ltr'><strong>si</strong></span> <span class='ocrx_word' id='word_1_171' title='bbox 656 1152 748 1180; x_wconf 81' lang='lat' dir='ltr'><strong>adsint</strong></span> <span class='ocrx_word' id='word_1_172' title='bbox 761 1156 905 1186; x_wconf 73' lang='lat' dir='ltr'><strong>castaneae,</strong></span> <span class='ocrx_word' id='word_1_173' title='bbox 924 1156 952 1179; x_wconf 89' lang='lat' dir='ltr'><strong>et</strong></span> 
     </span>
    </p>
   </div>
   <div class='ocr_carea' id='block_1_27' title="bbox 159 1196 951 1231">
    <p class='ocr_par' dir='ltr' id='par_1_27' title="bbox 159 1196 951 1231">
     <span class='ocr_line' id='line_1_27' title="bbox 159 1196 951 1231; baseline 0.003 -9"><span class='ocrx_word' id='word_1_174' title='bbox 159 1196 219 1231; x_wconf 88' lang='lat' dir='ltr'><strong>pira</strong></span> <span class='ocrx_word' id='word_1_175' title='bbox 230 1200 318 1229; x_wconf 82' lang='lat' dir='ltr'><strong>cocta,</strong></span> <span class='ocrx_word' id='word_1_176' title='bbox 330 1200 357 1224; x_wconf 88' lang='lat' dir='ltr'><strong>et</strong></span> <span class='ocrx_word' id='word_1_177' title='bbox 372 1197 578 1225; x_wconf 86' lang='lat' dir='ltr'><strong>Damascenica.</strong></span> <span class='ocrx_word' id='word_1_178' title='bbox 594 1196 719 1224; x_wconf 88' lang='lat' dir='ltr'><strong>Secunda</strong></span> <span class='ocrx_word' id='word_1_179' title='bbox 740 1201 830 1227; x_wconf 85' lang='lat' dir='ltr'><strong>autem</strong></span> <span class='ocrx_word' id='word_1_180' title='bbox 847 1197 951 1224; x_wconf 90' lang='lat' dir='ltr'><strong>hebdo-</strong></span> 
     </span>
    </p>
   </div>
   <div class='ocr_carea' id='block_1_28' title="bbox 161 1242 950 1281">
    <p class='ocr_par' dir='ltr' id='par_1_28' title="bbox 161 1242 950 1281">
     <span class='ocr_line' id='line_1_28' title="bbox 161 1242 950 1281; baseline 0.001 -11"><span class='ocrx_word' id='word_1_181' title='bbox 161 1243 253 1275; x_wconf 72' lang='lat' dir='ltr'><strong>inada,</strong></span> <span class='ocrx_word' id='word_1_182' title='bbox 269 1247 296 1273; x_wconf 84' lang='lat' dir='ltr'><strong>et</strong></span> <span class='ocrx_word' id='word_1_183' title='bbox 309 1243 401 1281; x_wconf 77' lang='lat' dir='ltr'><strong>tertia,</strong></span> <span class='ocrx_word' id='word_1_184' title='bbox 418 1247 445 1270; x_wconf 86' lang='lat' dir='ltr'><strong>et</strong></span> <span class='ocrx_word' id='word_1_185' title='bbox 458 1244 566 1278; x_wconf 87' lang='lat' dir='ltr'><strong>quinta,</strong></span> <span class='ocrx_word' id='word_1_186' title='bbox 582 1247 609 1270; x_wconf 91' lang='lat' dir='ltr'><strong>et</strong></span> <span class='ocrx_word' id='word_1_187' title='bbox 624 1248 700 1270; x_wconf 84' lang='lat' dir='ltr'><strong>sexta</strong></span> <span class='ocrx_word' id='word_1_188' title='bbox 710 1242 750 1271; x_wconf 86' lang='lat' dir='ltr'><strong>sic</strong></span> <span class='ocrx_word' id='word_1_189' title='bbox 764 1243 950 1276; x_wconf 79' lang='lat' dir='ltr'><strong>comedimus:</strong></span> 
     </span>
    </p>
   </div>
   <div class='ocr_carea' id='block_1_29' title="bbox 160 1289 950 1328">
    <p class='ocr_par' dir='ltr' id='par_1_29' title="bbox 160 1289 950 1328">
     <span class='ocr_line' id='line_1_29' title="bbox 160 1289 950 1328; baseline 0.003 -12"><span class='ocrx_word' id='word_1_190' title='bbox 160 1297 249 1328; x_wconf 81' lang='lat' dir='ltr'><strong>pruna</strong></span> <span class='ocrx_word' id='word_1_191' title='bbox 266 1289 395 1323; x_wconf 88' lang='lat' dir='ltr'><strong>nimirum</strong></span> <span class='ocrx_word' id='word_1_192' title='bbox 413 1294 490 1317; x_wconf 87' lang='lat' dir='ltr'><strong>cocta</strong></span> <span class='ocrx_word' id='word_1_193' title='bbox 512 1293 539 1316; x_wconf 89' lang='lat' dir='ltr'><strong>et</strong></span> <span class='ocrx_word' id='word_1_194' title='bbox 554 1289 750 1316; x_wconf 79' lang='lat' dir='ltr'><strong>salsamentum</strong></span> <span class='ocrx_word' id='word_1_195' title='bbox 770 1290 798 1317; x_wconf 95' lang='lat' dir='ltr'><strong>in</strong></span> <span class='ocrx_word' id='word_1_196' title='bbox 814 1289 950 1323; x_wconf 83' lang='lat' dir='ltr'><strong>scutellis;</strong></span> 
     </span>
    </p>
   </div>
   <div class='ocr_carea' id='block_1_30' title="bbox 160 1334 952 1372">
    <p class='ocr_par' dir='ltr' id='par_1_30' title="bbox 160 1334 952 1372">
     <span class='ocr_line' id='line_1_30' title="bbox 160 1334 952 1372; baseline 0.001 -10"><span class='ocrx_word' id='word_1_197' title='bbox 160 1341 188 1365; x_wconf 88' lang='lat' dir='ltr'><strong>et</strong></span> <span class='ocrx_word' id='word_1_198' title='bbox 202 1334 302 1367; x_wconf 82' lang='lat' dir='ltr'><strong>ferculi</strong></span> <span class='ocrx_word' id='word_1_199' title='bbox 316 1335 377 1371; x_wconf 78' lang='lat' dir='ltr'><strong>loco</strong></span> <span class='ocrx_word' id='word_1_200' title='bbox 393 1335 517 1370; x_wconf 77' lang='lat' dir='ltr'><strong>legumen</strong></span> <span class='ocrx_word' id='word_1_201' title='bbox 530 1343 592 1363; x_wconf 92' lang='lat' dir='ltr'><strong>cum</strong></span> <span class='ocrx_word' id='word_1_202' title='bbox 610 1343 679 1363; x_wconf 87' lang='lat' dir='ltr'><strong>nuce</strong></span> <span class='ocrx_word' id='word_1_203' title='bbox 691 1335 794 1370; x_wconf 83' lang='lat' dir='ltr'><strong>fracta;</strong></span> <span class='ocrx_word' id='word_1_204' title='bbox 811 1343 891 1372; x_wconf 86' lang='lat' dir='ltr'><strong>poma</strong></span> <span class='ocrx_word' id='word_1_205' title='bbox 912 1340 952 1363; x_wconf 88' lang='lat' dir='ltr'><strong>ta-</strong></span> 
     </span>
    </p>
   </div>
   <div class='ocr_carea' id='block_1_31' title="bbox 159 1380 952 1418">
    <p class='ocr_par' dir='ltr' id='par_1_31' title="bbox 159 1380 952 1418">
     <span class='ocr_line' id='line_1_31' title="bbox 159 1380 952 1418; baseline 0.001 -10"><span class='ocrx_word' id='word_1_206' title='bbox 159 1388 222 1416; x_wconf 72' lang='lat' dir='ltr'><strong>men</strong></span> <span class='ocrx_word' id='word_1_207' title='bbox 236 1385 264 1414; x_wconf 80' lang='lat' dir='ltr'><strong>et</strong></span> <span class='ocrx_word' id='word_1_208' title='bbox 277 1381 344 1418; x_wconf 84' lang='lat' dir='ltr'><strong>licus</strong></span> <span class='ocrx_word' id='word_1_209' title='bbox 356 1381 399 1408; x_wconf 87' lang='lat' dir='ltr'><strong>bis</strong></span> <span class='ocrx_word' id='word_1_210' title='bbox 414 1380 595 1408; x_wconf 83' lang='lat' dir='ltr'><strong>hebdomadis</strong></span> <span class='ocrx_word' id='word_1_211' title='bbox 611 1389 665 1409; x_wconf 89' lang='lat' dir='ltr'><strong>non</strong></span> <span class='ocrx_word' id='word_1_212' title='bbox 680 1381 863 1409; x_wconf 84' lang='lat' dir='ltr'><strong>comedimus.</strong></span> <span class='ocrx_word' id='word_1_213' title='bbox 883 1380 952 1410; x_wconf 88' lang='lat' dir='ltr'><strong>Tota</strong></span> 
     </span>
    </p>
   </div>
   <div class='ocr_carea' id='block_1_32' title="bbox 160 1427 953 1466">
    <p class='ocr_par' dir='ltr' id='par_1_32' title="bbox 160 1427 953 1466">
     <span class='ocr_line' id='line_1_32' title="bbox 160 1427 953 1466; baseline 0.003 -13"><span class='ocrx_word' id='word_1_214' title='bbox 160 1431 251 1465; x_wconf 71' lang='lat' dir='ltr'><strong>autem</strong></span> <span class='ocrx_word' id='word_1_215' title='bbox 268 1432 362 1461; x_wconf 73' lang='lat' dir='ltr'><strong>sancta</strong></span> <span class='ocrx_word' id='word_1_216' title='bbox 385 1427 598 1466; x_wconf 72' lang='lat' dir='ltr'><strong>Quadragesima</strong></span> <span class='ocrx_word' id='word_1_217' title='bbox 626 1427 742 1454; x_wconf 87' lang='lat' dir='ltr'><strong>mixtum</strong></span> <span class='ocrx_word' id='word_1_218' title='bbox 762 1427 892 1461; x_wconf 86' lang='lat' dir='ltr'><strong>bibimus,</strong></span> <span class='ocrx_word' id='word_1_219' title='bbox 908 1436 953 1455; x_wconf 53' lang='lat' dir='ltr'><strong>cx&#39;</strong></span> 
     </span>
    </p>
   </div>
   <div class='ocr_carea' id='block_1_33' title="bbox 159 1472 952 1508">
    <p class='ocr_par' dir='ltr' id='par_1_33' title="bbox 159 1472 952 1508">
     <span class='ocr_line' id='line_1_33' title="bbox 159 1472 952 1508; baseline 0.001 -8"><span class='ocrx_word' id='word_1_220' title='bbox 159 1474 246 1508; x_wconf 88' lang='lat' dir='ltr'><strong>ceptis</strong></span> <span class='ocrx_word' id='word_1_221' title='bbox 263 1473 381 1500; x_wconf 83' lang='lat' dir='ltr'><strong>inﬁrmis</strong></span> <span class='ocrx_word' id='word_1_222' title='bbox 396 1477 444 1500; x_wconf 85' lang='lat' dir='ltr'><strong>aut</strong></span> <span class='ocrx_word' id='word_1_223' title='bbox 468 1473 590 1500; x_wconf 85' lang='lat' dir='ltr'><strong>senibus.</strong></span> <span class='ocrx_word' id='word_1_224' title='bbox 604 1472 690 1500; x_wconf 85' lang='lat' dir='ltr'><strong>Porro</strong></span> <span class='ocrx_word' id='word_1_225' title='bbox 715 1473 829 1501; x_wconf 87' lang='lat' dir='ltr'><strong>mistum</strong></span> <span class='ocrx_word' id='word_1_226' title='bbox 844 1478 952 1502; x_wconf 83' lang='lat' dir='ltr'><strong>constat</strong></span> 
     </span>
    </p>
   </div>
   <div class='ocr_carea' id='block_1_34' title="bbox 159 1518 986 1559">
    <p class='ocr_par' dir='ltr' id='par_1_34' title="bbox 159 1518 986 1559">
     <span class='ocr_line' id='line_1_34' title="bbox 159 1518 986 1559; baseline 0.001 -14"><span class='ocrx_word' id='word_1_227' title='bbox 159 1526 191 1545; x_wconf 75' lang='lat' dir='ltr'><strong>ex</strong></span> <span class='ocrx_word' id='word_1_228' title='bbox 204 1518 307 1553; x_wconf 83' lang='lat' dir='ltr'><strong>pipere,</strong></span> <span class='ocrx_word' id='word_1_229' title='bbox 322 1518 434 1546; x_wconf 85' lang='lat' dir='ltr'><strong>cumino</strong></span> <span class='ocrx_word' id='word_1_230' title='bbox 445 1538 453 1551; x_wconf 89' lang='lat'><strong>,</strong></span> <span class='ocrx_word' id='word_1_231' title='bbox 478 1522 505 1545; x_wconf 90' lang='lat' dir='ltr'><strong>et</strong></span> <span class='ocrx_word' id='word_1_232' title='bbox 531 1518 609 1545; x_wconf 84' lang='lat' dir='ltr'><strong>aniso</strong></span> <span class='ocrx_word' id='word_1_233' title='bbox 624 1518 723 1546; x_wconf 88' lang='lat' dir='ltr'><strong>calido.</strong></span> <span class='ocrx_word' id='word_1_234' title='bbox 740 1518 829 1546; x_wconf 87' lang='lat' dir='ltr'><strong>Feriis</strong></span> <span class='ocrx_word' id='word_1_235' title='bbox 845 1519 950 1546; x_wconf 84' lang='lat' dir='ltr'><strong>sanctis</strong></span> <span class='ocrx_word' id='word_1_236' title='bbox 964 1529 986 1559; x_wconf 72' lang='grc' dir='ltr'>α</span> 
     </span>
    </p>
   </div>
   <div class='ocr_carea' id='block_1_35' title="bbox 158 1564 950 1602">
    <p class='ocr_par' dir='ltr' id='par_1_35' title="bbox 158 1564 950 1602">
     <span class='ocr_line' id='line_1_35' title="bbox 158 1564 950 1602; baseline 0.001 -11"><span class='ocrx_word' id='word_1_237' title='bbox 158 1564 292 1597; x_wconf 83' lang='lat' dir='ltr'><strong>secunda,</strong></span> <span class='ocrx_word' id='word_1_238' title='bbox 307 1564 398 1596; x_wconf 85' lang='lat' dir='ltr'><strong>tertia,</strong></span> <span class='ocrx_word' id='word_1_239' title='bbox 416 1568 524 1602; x_wconf 80' lang='lat' dir='ltr'><strong>quarta,</strong></span> <span class='ocrx_word' id='word_1_240' title='bbox 538 1569 564 1590; x_wconf 89' lang='lat' dir='ltr'><strong>et</strong></span> <span class='ocrx_word' id='word_1_241' title='bbox 576 1564 681 1598; x_wconf 87' lang='lat' dir='ltr'><strong>quinta,</strong></span> <span class='ocrx_word' id='word_1_242' title='bbox 695 1569 722 1592; x_wconf 88' lang='lat' dir='ltr'><strong>et</strong></span> <span class='ocrx_word' id='word_1_243' title='bbox 738 1569 814 1592; x_wconf 80' lang='lat' dir='ltr'><strong>sexta</strong></span> <span class='ocrx_word' id='word_1_244' title='bbox 827 1565 880 1592; x_wconf 90' lang='lat' dir='ltr'><strong>cibi</strong></span> <span class='ocrx_word' id='word_1_245' title='bbox 894 1564 950 1599; x_wconf 89' lang='lat' dir='ltr'><strong>pri-</strong></span> 
     </span>
    </p>
   </div>
   <div class='ocr_carea' id='block_1_36' title="bbox 159 1608 981 1644">
    <p class='ocr_par' dir='ltr' id='par_1_36' title="bbox 159 1608 981 1644">
     <span class='ocr_line' id='line_1_36' title="bbox 159 1608 981 1644; baseline 0 -8"><span class='ocrx_word' id='word_1_246' title='bbox 159 1616 212 1636; x_wconf 64' lang='lat' dir='ltr'><strong>ma</strong></span> <span class='ocrx_word' id='word_1_247' title='bbox 232 1609 315 1644; x_wconf 85' lang='lat' dir='ltr'><strong>hujus</strong></span> <span class='ocrx_word' id='word_1_248' title='bbox 332 1608 510 1636; x_wconf 61' lang='lat' dir='ltr'><strong>hebdomadas</strong></span> <span class='ocrx_word' id='word_1_249' title='bbox 529 1609 702 1636; x_wconf 88' lang='lat' dir='ltr'><strong>adhibentur.</strong></span> <span class='ocrx_word' id='word_1_250' title='bbox 717 1609 843 1636; x_wconf 81' lang='lat' dir='ltr'><strong>Attamen</strong></span> <span class='ocrx_word' id='word_1_251' title='bbox 856 1613 951 1636; x_wconf 84' lang='lat' dir='ltr'><strong>sancta</strong></span> <span class='ocrx_word' id='word_1_252' title='bbox 977 1639 981 1643; x_wconf 34' lang='lat' dir='ltr'><strong><em>I</em></strong></span> 
     </span>
    </p>
   </div>
   <div class='ocr_carea' id='block_1_37' title="bbox 160 1654 950 1690">
    <p class='ocr_par' dir='ltr' id='par_1_37' title="bbox 160 1654 950 1690">
     <span class='ocr_line' id='line_1_37' title="bbox 160 1654 950 1690; baseline -0.001 -8"><span class='ocrx_word' id='word_1_253' title='bbox 160 1655 231 1683; x_wconf 82' lang='lat' dir='ltr'><strong>feria</strong></span> <span class='ocrx_word' id='word_1_254' title='bbox 252 1655 346 1690; x_wconf 85' lang='lat' dir='ltr'><strong>quinta</strong></span> <span class='ocrx_word' id='word_1_255' title='bbox 363 1662 448 1682; x_wconf 93' lang='lat' dir='ltr'><strong>unum</strong></span> <span class='ocrx_word' id='word_1_256' title='bbox 464 1654 600 1683; x_wconf 73' lang='lat' dir='ltr'><strong>ferculum</strong></span> <span class='ocrx_word' id='word_1_257' title='bbox 617 1654 789 1683; x_wconf 89' lang='lat' dir='ltr'><strong>comedimus</strong></span> <span class='ocrx_word' id='word_1_258' title='bbox 800 1675 808 1687; x_wconf 94' lang='lat'><strong>,</strong></span> <span class='ocrx_word' id='word_1_259' title='bbox 825 1654 950 1689; x_wconf 78' lang='lat' dir='ltr'><strong>legumen</strong></span> 
     </span>
    </p>
   </div>
   <div class='ocr_carea' id='block_1_38' title="bbox 159 1694 950 1733">
    <p class='ocr_par' dir='ltr' id='par_1_38' title="bbox 159 1694 950 1733">
     <span class='ocr_line' id='line_1_38' title="bbox 159 1694 950 1733; baseline -0.001 -6"><span class='ocrx_word' id='word_1_260' title='bbox 159 1700 268 1727; x_wconf 77' lang='lat' dir='ltr'><strong>scilicet</strong></span> <span class='ocrx_word' id='word_1_261' title='bbox 278 1707 341 1727; x_wconf 90' lang='lat' dir='ltr'><strong>cum</strong></span> <span class='ocrx_word' id='word_1_262' title='bbox 354 1694 425 1727; x_wconf 76' lang='lat' dir='ltr'><strong>noce</strong></span> <span class='ocrx_word' id='word_1_263' title='bbox 442 1699 539 1733; x_wconf 78' lang='lat' dir='ltr'><strong>fracta,</strong></span> <span class='ocrx_word' id='word_1_264' title='bbox 552 1704 580 1727; x_wconf 86' lang='lat' dir='ltr'><strong>et</strong></span> <span class='ocrx_word' id='word_1_265' title='bbox 591 1703 683 1727; x_wconf 84' lang='lat' dir='ltr'><strong>coctas</strong></span> <span class='ocrx_word' id='word_1_266' title='bbox 699 1699 787 1731; x_wconf 82' lang='lat' dir='ltr'><strong>fabas,</strong></span> <span class='ocrx_word' id='word_1_267' title='bbox 795 1703 822 1727; x_wconf 91' lang='lat' dir='ltr'><strong>et</strong></span> <span class='ocrx_word' id='word_1_268' title='bbox 840 1699 950 1727; x_wconf 89' lang='lat' dir='ltr'><strong>mistum</strong></span> 
     </span>
    </p>
   </div>
   <div class='ocr_carea' id='block_1_39' title="bbox 158 1745 951 1785">
    <p class='ocr_par' dir='ltr' id='par_1_39' title="bbox 158 1745 951 1785">
     <span class='ocr_line' id='line_1_39' title="bbox 158 1745 951 1785; baseline 0.001 -14"><span class='ocrx_word' id='word_1_269' title='bbox 158 1745 289 1773; x_wconf 84' lang='lat' dir='ltr'><strong>bibimus.</strong></span> <span class='ocrx_word' id='word_1_270' title='bbox 306 1745 427 1773; x_wconf 84' lang='lat' dir='ltr'><strong>Sabbato</strong></span> <span class='ocrx_word' id='word_1_271' title='bbox 446 1749 537 1785; x_wconf 86' lang='lat' dir='ltr'><strong>autem</strong></span> <span class='ocrx_word' id='word_1_272' title='bbox 552 1749 648 1772; x_wconf 84' lang='lat' dir='ltr'><strong>sancto</strong></span> <span class='ocrx_word' id='word_1_273' title='bbox 663 1745 731 1783; x_wconf 69' lang='lat' dir='ltr'><strong>hora</strong></span> <span class='ocrx_word' id='word_1_274' title='bbox 746 1745 891 1773; x_wconf 89' lang='lat' dir='ltr'><strong>undecima</strong></span> <span class='ocrx_word' id='word_1_275' title='bbox 907 1745 951 1772; x_wconf 89' lang='lat' dir='ltr'><strong>in-</strong></span> 
     </span>
    </p>
   </div>
   <div class='ocr_carea' id='block_1_40' title="bbox 157 1790 950 1825">
    <p class='ocr_par' dir='ltr' id='par_1_40' title="bbox 157 1790 950 1825">
     <span class='ocr_line' id='line_1_40' title="bbox 157 1790 950 1825; baseline 0.003 -8"><span class='ocrx_word' id='word_1_276' title='bbox 157 1791 224 1825; x_wconf 80' lang='lat' dir='ltr'><strong>cipit</strong></span> <span class='ocrx_word' id='word_1_277' title='bbox 247 1790 415 1825; x_wconf 86' lang='lat' dir='ltr'><strong>lychnicum,</strong></span> <span class='ocrx_word' id='word_1_278' title='bbox 430 1798 485 1825; x_wconf 89' lang='lat' dir='ltr'><strong>quo</strong></span> <span class='ocrx_word' id='word_1_279' title='bbox 505 1791 639 1823; x_wconf 83' lang='lat' dir='ltr'><strong>absoluto,</strong></span> <span class='ocrx_word' id='word_1_280' title='bbox 656 1799 765 1818; x_wconf 84' lang='lat' dir='ltr'><strong>caseum</strong></span> <span class='ocrx_word' id='word_1_281' title='bbox 779 1791 950 1819; x_wconf 82' lang='lat' dir='ltr'><strong>comedimus</strong></span> 
     </span>
    </p>
   </div>
   <div class='ocr_carea' id='block_1_41' title="bbox 158 1836 662 1872">
    <p class='ocr_par' dir='ltr' id='par_1_41' title="bbox 158 1836 662 1872">
     <span class='ocr_line' id='line_1_41' title="bbox 158 1836 662 1872; baseline -0.002 -8"><span class='ocrx_word' id='word_1_282' title='bbox 158 1841 186 1865; x_wconf 85' lang='lat' dir='ltr'><strong>et</strong></span> <span class='ocrx_word' id='word_1_283' title='bbox 200 1836 290 1872; x_wconf 86' lang='lat' dir='ltr'><strong>pisces</strong></span> <span class='ocrx_word' id='word_1_284' title='bbox 301 1840 328 1864; x_wconf 85' lang='lat' dir='ltr'><strong>et</strong></span> <span class='ocrx_word' id='word_1_285' title='bbox 340 1844 402 1870; x_wconf 85' lang='lat' dir='ltr'><strong>ova,</strong></span> <span class='ocrx_word' id='word_1_286' title='bbox 416 1844 449 1864; x_wconf 89' lang='lat' dir='ltr'><strong>ac</strong></span> <span class='ocrx_word' id='word_1_287' title='bbox 469 1837 589 1864; x_wconf 88' lang='lat' dir='ltr'><strong>bibimus</strong></span> <span class='ocrx_word' id='word_1_288' title='bbox 609 1840 662 1863; x_wconf 88' lang='lat' dir='ltr'><strong>ter.</strong></span> 
     </span>
    </p>
   </div>
   <div class='ocr_carea' id='block_1_42' title="bbox 375 1893 739 1928">
    <p class='ocr_par' dir='ltr' id='par_1_42' title="bbox 375 1893 739 1928">
     <span class='ocr_line' id='line_1_42' title="bbox 375 1893 739 1928; baseline -0.003 -8"><span class='ocrx_word' id='word_1_289' title='bbox 375 1893 412 1920; x_wconf 83' lang='lat' dir='ltr'><strong>De</strong></span> <span class='ocrx_word' id='word_1_290' title='bbox 429 1893 496 1928; x_wconf 71' lang='lat' dir='ltr'><strong>festo</strong></span> <span class='ocrx_word' id='word_1_291' title='bbox 508 1893 739 1926; x_wconf 76' lang='lat' dir='ltr'><strong>Annuntiatiom&#39;s.</strong></span> 
     </span>
    </p>
   </div>
   <div class='ocr_carea' id='block_1_43' title="bbox 194 1938 950 1974">
    <p class='ocr_par' dir='ltr' id='par_1_43' title="bbox 194 1938 950 1974">
     <span class='ocr_line' id='line_1_43' title="bbox 194 1938 950 1974; baseline 0 -6"><span class='ocrx_word' id='word_1_292' title='bbox 194 1940 225 1968; x_wconf 79' lang='grc'><strong>51</strong></span> <span class='ocrx_word' id='word_1_293' title='bbox 233 1960 240 1967; x_wconf 95' lang='grc'>.</span> <span class='ocrx_word' id='word_1_294' title='bbox 251 1939 325 1968; x_wconf 84' lang='lat' dir='ltr'><strong>llora</strong></span> <span class='ocrx_word' id='word_1_295' title='bbox 338 1944 414 1967; x_wconf 80' lang='lat' dir='ltr'><strong>sexta</strong></span> <span class='ocrx_word' id='word_1_296' title='bbox 424 1940 458 1973; x_wconf 84' lang='lat' dir='ltr'><strong>ad</strong></span> <span class='ocrx_word' id='word_1_297' title='bbox 477 1939 542 1974; x_wconf 80' lang='lat' dir='ltr'><strong>ligni</strong></span> <span class='ocrx_word' id='word_1_298' title='bbox 557 1939 665 1974; x_wconf 88' lang='lat' dir='ltr'><strong>pulsum</strong></span> <span class='ocrx_word' id='word_1_299' title='bbox 672 1938 850 1971; x_wconf 88' lang='lat' dir='ltr'><strong>convenimus</strong></span> <span class='ocrx_word' id='word_1_300' title='bbox 861 1940 894 1970; x_wconf 82' lang='lat' dir='ltr'><strong>ad</strong></span> <span class='ocrx_word' id='word_1_301' title='bbox 905 1949 950 1973; x_wconf 78' lang='lat' dir='ltr'><strong>sa—</strong></span> 
     </span>
    </p>
   </div>
   <div class='ocr_carea' id='block_1_44' title="bbox 158 1979 948 2022">
    <p class='ocr_par' dir='ltr' id='par_1_44' title="bbox 158 1979 948 2022">
     <span class='ocr_line' id='line_1_44' title="bbox 158 1979 948 2022; baseline -0.003 -7"><span class='ocrx_word' id='word_1_302' title='bbox 158 1979 256 2015; x_wconf 87' lang='lat' dir='ltr'><strong>cellum</strong></span> <span class='ocrx_word' id='word_1_303' title='bbox 273 1987 428 2022; x_wconf 72' lang='lat' dir='ltr'><strong>purissima:</strong></span> <span class='ocrx_word' id='word_1_304' title='bbox 443 1986 490 2013; x_wconf 91' lang='lat' dir='ltr'><strong>Dei</strong></span> <span class='ocrx_word' id='word_1_305' title='bbox 513 1985 628 2018; x_wconf 87' lang='lat' dir='ltr'><strong>Matris,</strong></span> <span class='ocrx_word' id='word_1_306' title='bbox 651 1990 679 2013; x_wconf 92' lang='lat' dir='ltr'><strong>et</strong></span> <span class='ocrx_word' id='word_1_307' title='bbox 708 1990 797 2020; x_wconf 73' lang='lat' dir='ltr'><strong>empto</strong></span> <span class='ocrx_word' id='word_1_308' title='bbox 811 1986 948 2022; x_wconf 80' lang='lat' dir='ltr'><strong>lychnico,</strong></span> 
     </span>
    </p>
   </div>
   <div class='ocr_carea' id='block_1_45' title="bbox 159 2031 947 2069">
    <p class='ocr_par' dir='ltr' id='par_1_45' title="bbox 159 2031 947 2069">
     <span class='ocr_line' id='line_1_45' title="bbox 159 2031 947 2069; baseline -0.001 -8"><span class='ocrx_word' id='word_1_309' title='bbox 159 2039 283 2069; x_wconf 89' lang='lat' dir='ltr'><strong>perstant</strong></span> <span class='ocrx_word' id='word_1_310' title='bbox 295 2033 351 2061; x_wconf 89' lang='lat' dir='ltr'><strong>illic</strong></span> <span class='ocrx_word' id='word_1_311' title='bbox 370 2032 449 2068; x_wconf 88' lang='lat' dir='ltr'><strong>pauci</strong></span> <span class='ocrx_word' id='word_1_312' title='bbox 471 2033 569 2060; x_wconf 88' lang='lat' dir='ltr'><strong>t&#39;ratres</strong></span> <span class='ocrx_word' id='word_1_313' title='bbox 586 2031 622 2059; x_wconf 92' lang='lat' dir='ltr'><strong>ob</strong></span> <span class='ocrx_word' id='word_1_314' title='bbox 637 2031 704 2059; x_wconf 90' lang='lat' dir='ltr'><strong>illud</strong></span> <span class='ocrx_word' id='word_1_315' title='bbox 716 2032 922 2067; x_wconf 85' lang='lat' dir='ltr'><strong>persolvendum</strong></span> <span class='ocrx_word' id='word_1_316' title='bbox 939 2042 947 2060; x_wconf 94' lang='lat'>:</span> 
     </span>
    </p>
   </div>
   <div class='ocr_carea' id='block_1_46' title="bbox 159 2077 949 2114">
    <p class='ocr_par' dir='ltr' id='par_1_46' title="bbox 159 2077 949 2114">
     <span class='ocr_line' id='line_1_46' title="bbox 159 2077 949 2114; baseline -0.003 -8"><span class='ocrx_word' id='word_1_317' title='bbox 159 2079 259 2114; x_wconf 85' lang='lat' dir='ltr'><strong>reliqui</strong></span> <span class='ocrx_word' id='word_1_318' title='bbox 277 2078 382 2106; x_wconf 81' lang='lat' dir='ltr'><strong>faciunt</strong></span> <span class='ocrx_word' id='word_1_319' title='bbox 400 2077 616 2113; x_wconf 77' lang='lat' dir='ltr'><strong>processionem,</strong></span> <span class='ocrx_word' id='word_1_320' title='bbox 635 2080 664 2104; x_wconf 89' lang='lat' dir='ltr'><strong>et</strong></span> <span class='ocrx_word' id='word_1_321' title='bbox 681 2077 876 2104; x_wconf 88' lang='lat' dir='ltr'><strong>monasterium</strong></span> <span class='ocrx_word' id='word_1_322' title='bbox 892 2077 949 2105; x_wconf 87' lang='lat' dir='ltr'><strong>cir-</strong></span> 
     </span>
    </p>
   </div>
   <div class='ocr_carea' id='block_1_47' title="bbox 161 2124 948 2159">
    <p class='ocr_par' dir='ltr' id='par_1_47' title="bbox 161 2124 948 2159">
     <span class='ocr_line' id='line_1_47' title="bbox 161 2124 948 2159; baseline 0 -7"><span class='ocrx_word' id='word_1_323' title='bbox 161 2124 380 2159; x_wconf 80' lang='lat' dir='ltr'><strong>cumambientes</strong></span> <span class='ocrx_word' id='word_1_324' title='bbox 396 2124 522 2157; x_wconf 83' lang='lat' dir='ltr'><strong>veniunt,</strong></span> <span class='ocrx_word' id='word_1_325' title='bbox 541 2124 564 2151; x_wconf 87' lang='lat' dir='ltr'><strong>si</strong></span> <span class='ocrx_word' id='word_1_326' title='bbox 581 2128 624 2151; x_wconf 90' lang='lat' dir='ltr'><strong>est</strong></span> <span class='ocrx_word' id='word_1_327' title='bbox 645 2124 775 2151; x_wconf 84' lang='lat' dir='ltr'><strong>introitus</strong></span> <span class='ocrx_word' id='word_1_328' title='bbox 788 2128 815 2151; x_wconf 93' lang='lat' dir='ltr'><strong>et</strong></span> <span class='ocrx_word' id='word_1_329' title='bbox 837 2124 948 2159; x_wconf 81' lang='lat' dir='ltr'><strong>liturgia</strong></span> 
     </span>
    </p>
   </div>
   <div class='ocr_carea' id='block_1_48' title="bbox 159 2170 948 2216">
    <p class='ocr_par' dir='ltr' id='par_1_48' title="bbox 159 2170 948 2216">
     <span class='ocr_line' id='line_1_48' title="bbox 159 2170 948 2216; baseline 0 -17"><span class='ocrx_word' id='word_1_330' title='bbox 159 2172 290 2213; x_wconf 66' lang='lat' dir='ltr'><strong>perfecta.</strong></span> <span class='ocrx_word' id='word_1_331' title='bbox 312 2170 390 2200; x_wconf 89' lang='lat' dir='ltr'><strong>Tunc</strong></span> <span class='ocrx_word' id='word_1_332' title='bbox 409 2171 545 2212; x_wconf 78' lang='lat' dir='ltr'><strong>vescimur</strong></span> <span class='ocrx_word' id='word_1_333' title='bbox 560 2171 682 2216; x_wconf 81' lang='lat' dir='ltr'><strong>piscibus</strong></span> <span class='ocrx_word' id='word_1_334' title='bbox 696 2176 724 2199; x_wconf 91' lang='lat' dir='ltr'><strong>et</strong></span> <span class='ocrx_word' id='word_1_335' title='bbox 740 2171 812 2205; x_wconf 87' lang='lat' dir='ltr'><strong>oleo,</strong></span> <span class='ocrx_word' id='word_1_336' title='bbox 828 2176 855 2199; x_wconf 86' lang='lat' dir='ltr'><strong>et</strong></span> <span class='ocrx_word' id='word_1_337' title='bbox 876 2171 948 2200; x_wconf 88' lang='lat' dir='ltr'><strong>bibi-</strong></span> 
     </span>
    </p>
   </div>
   <div class='ocr_carea' id='block_1_49' title="bbox 159 2223 288 2246">
    <p class='ocr_par' dir='ltr' id='par_1_49' title="bbox 159 2223 288 2246">
     <span class='ocr_line' id='line_1_49' title="bbox 159 2223 288 2246; baseline 0 0"><span class='ocrx_word' id='word_1_338' title='bbox 159 2227 221 2246; x_wconf 75' lang='lat' dir='ltr'><strong>lllllS</strong></span> <span class='ocrx_word' id='word_1_339' title='bbox 237 2223 288 2246; x_wconf 81' lang='lat' dir='ltr'><strong>ter.</strong></span> 
     </span>
    </p>
   </div>
   <div class='ocr_carea' id='block_1_50' title="bbox 195 2263 949 2305">
    <p class='ocr_par' dir='ltr' id='par_1_50' title="bbox 195 2263 949 2305">
     <span class='ocr_line' id='line_1_50' title="bbox 195 2263 949 2305; baseline -0.003 -13"><span class='ocrx_word' id='word_1_340' title='bbox 195 2265 241 2302; x_wconf 60' lang='lat'><strong>52.</strong></span> <span class='ocrx_word' id='word_1_341' title='bbox 259 2263 289 2305; x_wconf 77' lang='lat' dir='ltr'><strong>In</strong></span> <span class='ocrx_word' id='word_1_342' title='bbox 305 2265 395 2303; x_wconf 81' lang='lat' dir='ltr'><strong>media</strong></span> <span class='ocrx_word' id='word_1_343' title='bbox 413 2264 583 2303; x_wconf 81' lang='lat' dir='ltr'><strong>hebdomada</strong></span> <span class='ocrx_word' id='word_1_344' title='bbox 601 2269 761 2292; x_wconf 87' lang='lat' dir='ltr'><strong>sanctorum</strong></span> <span class='ocrx_word' id='word_1_345' title='bbox 782 2263 949 2304; x_wconf 72' lang='lat' dir='ltr'><strong>jejuniorum</strong></span> 
     </span>
    </p>
   </div>
   <div class='ocr_carea' id='block_1_51' title="bbox 159 2309 949 2352">
    <p class='ocr_par' dir='ltr' id='par_1_51' title="bbox 159 2309 949 2352">
     <span class='ocr_line' id='line_1_51' title="bbox 159 2309 949 2352; baseline -0.004 -13"><span class='ocrx_word' id='word_1_346' title='bbox 159 2316 222 2352; x_wconf 88' lang='lat' dir='ltr'><strong>post</strong></span> <span class='ocrx_word' id='word_1_347' title='bbox 236 2319 336 2338; x_wconf 90' lang='lat' dir='ltr'><strong>nonam</strong></span> <span class='ocrx_word' id='word_1_348' title='bbox 345 2315 493 2345; x_wconf 79' lang='lat' dir='ltr'><strong>cantatam,</strong></span> <span class='ocrx_word' id='word_1_349' title='bbox 508 2310 672 2349; x_wconf 64' lang='lat' dir='ltr'><strong>proponitur</strong></span> <span class='ocrx_word' id='word_1_350' title='bbox 684 2309 823 2349; x_wconf 79' lang='lat' dir='ltr'><strong>viviﬁcum</strong></span> <span class='ocrx_word' id='word_1_351' title='bbox 833 2309 949 2348; x_wconf 80' lang='lat' dir='ltr'><strong>lignum,</strong></span> 
     </span>
    </p>
   </div>
   <div class='ocr_carea' id='block_1_52' title="bbox 160 2355 474 2384">
    <p class='ocr_par' dir='ltr' id='par_1_52' title="bbox 160 2355 474 2384">
     <span class='ocr_line' id='line_1_52' title="bbox 160 2355 474 2384; baseline -0.003 -1"><span class='ocrx_word' id='word_1_352' title='bbox 160 2361 188 2383; x_wconf 90' lang='lat' dir='ltr'><strong>et</strong></span> <span class='ocrx_word' id='word_1_353' title='bbox 203 2363 300 2384; x_wconf 90' lang='lat' dir='ltr'><strong>omnes</strong></span> <span class='ocrx_word' id='word_1_354' title='bbox 314 2355 474 2384; x_wconf 83' lang='lat' dir='ltr'><strong>adoramus.</strong></span> 
     </span>
    </p>
   </div>
   <div class='ocr_carea' id='block_1_53' title="bbox 1007 231 1792 271">
    <p class='ocr_par' dir='ltr' id='par_1_53' title="bbox 1007 231 1792 271">
     <span class='ocr_line' id='line_1_53' title="bbox 1007 231 1792 271; baseline 0.009 -15"><span class='ocrx_word' id='word_1_355' title='bbox 1007 231 1077 266; x_wconf 82' lang='grc' dir='ltr'>μετὰ</span> <span class='ocrx_word' id='word_1_356' title='bbox 1092 231 1196 265; x_wconf 86' lang='grc' dir='ltr'>ἐλαίου,</span> <span class='ocrx_word' id='word_1_357' title='bbox 1214 232 1244 258; x_wconf 80' lang='grc' dir='ltr'>τὸ</span> <span class='ocrx_word' id='word_1_358' title='bbox 1265 231 1295 258; x_wconf 81' lang='grc' dir='ltr'><strong>δέ</strong></span> <span class='ocrx_word' id='word_1_359' title='bbox 1314 231 1429 268; x_wconf 60' lang='grc' dir='ltr'>ὄσπριον</span> <span class='ocrx_word' id='word_1_360' title='bbox 1448 233 1515 269; x_wconf 78' lang='grc' dir='ltr'>ἄνευ</span> <span class='ocrx_word' id='word_1_361' title='bbox 1535 233 1627 261; x_wconf 81' lang='grc' dir='ltr'>ἐλαίου</span> <span class='ocrx_word' id='word_1_362' title='bbox 1648 235 1792 271; x_wconf 79' lang='grc' dir='ltr'>ἐσθίομεν·</span> 
     </span>
    </p>
   </div>
   <div class='ocr_carea' id='block_1_54' title="bbox 1005 277 1794 316">
    <p class='ocr_par' dir='ltr' id='par_1_54' title="bbox 1005 277 1794 316">
     <span class='ocr_line' id='line_1_54' title="bbox 1005 277 1794 316; baseline 0.008 -13"><span class='ocrx_word' id='word_1_363' title='bbox 1005 277 1088 312; x_wconf 84' lang='grc' dir='ltr'>κιρνὰ</span> <span class='ocrx_word' id='word_1_364' title='bbox 1102 277 1131 304; x_wconf 76' lang='grc' dir='ltr'><strong>δὲ</strong></span> <span class='ocrx_word' id='word_1_365' title='bbox 1145 277 1193 304; x_wconf 86' lang='grc' dir='ltr'><strong>δύο</strong></span> <span class='ocrx_word' id='word_1_366' title='bbox 1205 279 1238 313; x_wconf 79' lang='grc' dir='ltr'><strong>τῇ</strong></span> <span class='ocrx_word' id='word_1_367' title='bbox 1251 278 1286 312; x_wconf 89' lang='grc' dir='ltr'>θ’,</span> <span class='ocrx_word' id='word_1_368' title='bbox 1300 277 1348 305; x_wconf 74' lang='grc' dir='ltr'>καὶ</span> <span class='ocrx_word' id='word_1_369' title='bbox 1368 277 1414 309; x_wconf 82' lang='grc' dir='ltr'>δύο</span> <span class='ocrx_word' id='word_1_370' title='bbox 1431 278 1498 314; x_wconf 81' lang='grc' dir='ltr'><strong>ὀψέ·</strong></span> <span class='ocrx_word' id='word_1_371' title='bbox 1515 280 1545 305; x_wconf 87' lang='grc' dir='ltr'><strong>ἐν</strong></span> <span class='ocrx_word' id='word_1_372' title='bbox 1556 279 1586 308; x_wconf 75' lang='grc' dir='ltr'><strong>δέ</strong></span> <span class='ocrx_word' id='word_1_373' title='bbox 1601 281 1662 312; x_wconf 78' lang='grc' dir='ltr'>ταῖς</span> <span class='ocrx_word' id='word_1_374' title='bbox 1679 281 1794 316; x_wconf 85' lang='grc' dir='ltr'>ἀργησί-</span> 
     </span>
    </p>
   </div>
   <div class='ocr_carea' id='block_1_55' title="bbox 1006 320 1792 360">
    <p class='ocr_par' dir='ltr' id='par_1_55' title="bbox 1006 320 1792 360">
     <span class='ocr_line' id='line_1_55' title="bbox 1006 320 1792 360; baseline 0.006 -12"><span class='ocrx_word' id='word_1_375' title='bbox 1006 330 1068 356; x_wconf 82' lang='grc' dir='ltr'>μοις</span> <span class='ocrx_word' id='word_1_376' title='bbox 1082 323 1111 350; x_wconf 88' lang='grc' dir='ltr'>ὲν</span> <span class='ocrx_word' id='word_1_377' title='bbox 1129 320 1175 355; x_wconf 82' lang='grc' dir='ltr'>αἶς</span> <span class='ocrx_word' id='word_1_378' title='bbox 1194 323 1348 359; x_wconf 77' lang='grc' dir='ltr'>ᾐνιξάμεθα</span> <span class='ocrx_word' id='word_1_379' title='bbox 1362 325 1445 360; x_wconf 74' lang='grc' dir='ltr'>τυρὸν</span> <span class='ocrx_word' id='word_1_380' title='bbox 1464 324 1565 354; x_wconf 79' lang='grc' dir='ltr'>ἐσθίειν</span> <span class='ocrx_word' id='word_1_381' title='bbox 1579 326 1628 355; x_wconf 73' lang='grc' dir='ltr'>καὶ</span> <span class='ocrx_word' id='word_1_382' title='bbox 1642 326 1678 354; x_wconf 80' lang='grc' dir='ltr'><strong>τὰ</strong></span> <span class='ocrx_word' id='word_1_383' title='bbox 1699 327 1792 360; x_wconf 84' lang='grc' dir='ltr'>λοιπὰ,</span> 
     </span>
    </p>
   </div>
   <div class='ocr_carea' id='block_1_56' title="bbox 1004 367 1794 406">
    <p class='ocr_par' dir='ltr' id='par_1_56' title="bbox 1004 367 1794 406">
     <span class='ocr_line' id='line_1_56' title="bbox 1004 367 1794 406; baseline 0.008 -13"><span class='ocrx_word' id='word_1_384' title='bbox 1004 368 1037 401; x_wconf 84' lang='grc' dir='ltr'>τῇ</span> <span class='ocrx_word' id='word_1_385' title='bbox 1062 370 1089 399; x_wconf 87' lang='grc' dir='ltr'>ς’</span> <span class='ocrx_word' id='word_1_386' title='bbox 1112 367 1276 403; x_wconf 79' lang='grc' dir='ltr'><strong>τρώγοντες,</strong></span> <span class='ocrx_word' id='word_1_387' title='bbox 1300 371 1325 403; x_wconf 85' lang='grc' dir='ltr'>γ’</span> <span class='ocrx_word' id='word_1_388' title='bbox 1347 369 1474 405; x_wconf 81' lang='grc' dir='ltr'><strong>πίνομεν,</strong></span> <span class='ocrx_word' id='word_1_389' title='bbox 1498 371 1546 397; x_wconf 82' lang='grc' dir='ltr'>καὶ</span> <span class='ocrx_word' id='word_1_390' title='bbox 1573 371 1623 406; x_wconf 73' lang='grc' dir='ltr'><strong>ὀψὲ</strong></span> <span class='ocrx_word' id='word_1_391' title='bbox 1647 371 1687 406; x_wconf 87' lang='grc' dir='ltr'><strong>β’·</strong></span> <span class='ocrx_word' id='word_1_392' title='bbox 1715 369 1794 404; x_wconf 74' lang='grc' dir='ltr'>οὗτος</span> 
     </span>
    </p>
   </div>
   <div class='ocr_carea' id='block_1_57' title="bbox 1004 412 1791 453">
    <p class='ocr_par' dir='ltr' id='par_1_57' title="bbox 1004 412 1791 453">
     <span class='ocr_line' id='line_1_57' title="bbox 1004 412 1791 453; baseline 0.009 -15"><span class='ocrx_word' id='word_1_393' title='bbox 1004 412 1090 445; x_wconf 80' lang='grc' dir='ltr'><strong>τύπος</strong></span> <span class='ocrx_word' id='word_1_394' title='bbox 1103 413 1152 440; x_wconf 80' lang='grc' dir='ltr'>καὶ</span> <span class='ocrx_word' id='word_1_395' title='bbox 1168 415 1201 449; x_wconf 88' lang='grc' dir='ltr'><strong>τῇ</strong></span> <span class='ocrx_word' id='word_1_396' title='bbox 1216 416 1242 449; x_wconf 85' lang='grc' dir='ltr'>μ’</span> <span class='ocrx_word' id='word_1_397' title='bbox 1256 414 1304 441; x_wconf 82' lang='grc' dir='ltr'><strong>τοῦ</strong></span> <span class='ocrx_word' id='word_1_398' title='bbox 1318 415 1396 449; x_wconf 84' lang='grc' dir='ltr'>ἁγίου</span> <span class='ocrx_word' id='word_1_399' title='bbox 1411 415 1562 442; x_wconf 74' lang='grc' dir='ltr'><strong>ἀποστόλου</strong></span> <span class='ocrx_word' id='word_1_400' title='bbox 1575 416 1791 453; x_wconf 71' lang='grc' dir='ltr'>ΦιλίππουμϐΪ·</span> 
     </span>
    </p>
   </div>
   <div class='ocr_carea' id='block_1_58' title="bbox 1004 457 1792 497">
    <p class='ocr_par' dir='ltr' id='par_1_58' title="bbox 1004 457 1792 497">
     <span class='ocr_line' id='line_1_58' title="bbox 1004 457 1792 497; baseline 0.008 -14"><span class='ocrx_word' id='word_1_401' title='bbox 1004 457 1048 484; x_wconf 81' lang='grc' dir='ltr'><strong>διὰ</strong></span> <span class='ocrx_word' id='word_1_402' title='bbox 1062 457 1091 484; x_wconf 79' lang='grc' dir='ltr'><strong>δὲ</strong></span> <span class='ocrx_word' id='word_1_403' title='bbox 1104 458 1154 494; x_wconf 80' lang='grc' dir='ltr'>τὴν</span> <span class='ocrx_word' id='word_1_404' title='bbox 1166 459 1337 494; x_wconf 75' lang='grc' dir='ltr'><strong>σμικρότητα</strong></span> <span class='ocrx_word' id='word_1_405' title='bbox 1350 459 1404 487; x_wconf 86' lang='grc' dir='ltr'>τῶν</span> <span class='ocrx_word' id='word_1_406' title='bbox 1421 460 1532 496; x_wconf 83' lang='grc' dir='ltr'>ἡμερῶν</span> <span class='ocrx_word' id='word_1_407' title='bbox 1545 461 1596 495; x_wconf 84' lang='grc' dir='ltr'>τῆς</span> <span class='ocrx_word' id='word_1_408' title='bbox 1612 464 1638 497; x_wconf 80' lang='grc' dir='ltr'>μ’</span> <span class='ocrx_word' id='word_1_409' title='bbox 1648 463 1696 488; x_wconf 82' lang='grc' dir='ltr'>τοῦ</span> <span class='ocrx_word' id='word_1_410' title='bbox 1713 463 1792 496; x_wconf 81' lang='grc' dir='ltr'>ἁγίου</span> 
     </span>
    </p>
   </div>
   <div class='ocr_carea' id='block_1_59' title="bbox 1003 501 1792 540">
    <p class='ocr_par' dir='ltr' id='par_1_59' title="bbox 1003 501 1792 540">
     <span class='ocr_line' id='line_1_59' title="bbox 1003 501 1792 540; baseline 0.008 -13"><span class='ocrx_word' id='word_1_411' title='bbox 1003 501 1138 529; x_wconf 80' lang='grc' dir='ltr'>Φιλίππου</span> <span class='ocrx_word' id='word_1_412' title='bbox 1156 503 1362 539; x_wconf 83' lang='grc' dir='ltr'>μονοσιτοῠμεν,</span> <span class='ocrx_word' id='word_1_413' title='bbox 1382 505 1498 540; x_wconf 84' lang='grc' dir='ltr'><strong>πίνομεν</strong></span> <span class='ocrx_word' id='word_1_414' title='bbox 1512 504 1540 531; x_wconf 83' lang='grc' dir='ltr'><strong>δὲ</strong></span> <span class='ocrx_word' id='word_1_415' title='bbox 1560 508 1596 539; x_wconf 84' lang='grc' dir='ltr'><strong>γ’.</strong></span> <span class='ocrx_word' id='word_1_416' title='bbox 1615 505 1682 535; x_wconf 78' lang='grc' dir='ltr'><strong>Ἀπὸ</strong></span> <span class='ocrx_word' id='word_1_417' title='bbox 1694 506 1723 533; x_wconf 88' lang='grc' dir='ltr'><strong>δὲ</strong></span> <span class='ocrx_word' id='word_1_418' title='bbox 1736 507 1792 534; x_wconf 85' lang='grc' dir='ltr'>τῶν</span> 
     </span>
    </p>
   </div>
   <div class='ocr_carea' id='block_1_60' title="bbox 1003 547 1792 587">
    <p class='ocr_par' dir='ltr' id='par_1_60' title="bbox 1003 547 1792 587">
     <span class='ocr_line' id='line_1_60' title="bbox 1003 547 1792 587; baseline 0.006 -14"><span class='ocrx_word' id='word_1_419' title='bbox 1003 547 1161 575; x_wconf 85' lang='grc' dir='ltr'><strong>ἀποστόλων</strong></span> <span class='ocrx_word' id='word_1_420' title='bbox 1173 549 1283 584; x_wconf 87' lang='grc' dir='ltr'>μνήμης</span> <span class='ocrx_word' id='word_1_421' title='bbox 1300 549 1353 582; x_wconf 72' lang='grc' dir='ltr'>ἕως</span> <span class='ocrx_word' id='word_1_422' title='bbox 1366 549 1413 576; x_wconf 82' lang='grc' dir='ltr'>τοῦ</span> <span class='ocrx_word' id='word_1_423' title='bbox 1429 550 1508 583; x_wconf 80' lang='grc' dir='ltr'>ἁγίου</span> <span class='ocrx_word' id='word_1_424' title='bbox 1520 550 1792 587; x_wconf 75' lang='grc' dir='ltr'>Φιλιππου,τετράδα</span> 
     </span>
    </p>
   </div>
   <div class='ocr_carea' id='block_1_61' title="bbox 1003 593 1792 631">
    <p class='ocr_par' dir='ltr' id='par_1_61' title="bbox 1003 593 1792 631">
     <span class='ocr_line' id='line_1_61' title="bbox 1003 593 1792 631; baseline 0.008 -12"><span class='ocrx_word' id='word_1_425' title='bbox 1003 593 1052 619; x_wconf 79' lang='grc' dir='ltr'>καὶ</span> <span class='ocrx_word' id='word_1_426' title='bbox 1066 594 1244 631; x_wconf 83' lang='grc' dir='ltr'>παρασκευὴν</span> <span class='ocrx_word' id='word_1_427' title='bbox 1258 595 1281 622; x_wconf 88' lang='grc' dir='ltr'>θ’</span> <span class='ocrx_word' id='word_1_428' title='bbox 1295 595 1437 631; x_wconf 76' lang='grc' dir='ltr'>ποιοῦμεν·</span> <span class='ocrx_word' id='word_1_429' title='bbox 1447 596 1495 623; x_wconf 82' lang='grc' dir='ltr'><strong>ἐὰν</strong></span> <span class='ocrx_word' id='word_1_430' title='bbox 1505 596 1638 624; x_wconf 79' lang='grc' dir='ltr'>δέἐπεσεν</span> <span class='ocrx_word' id='word_1_431' title='bbox 1652 597 1681 624; x_wconf 89' lang='grc' dir='ltr'><strong>ἐν</strong></span> <span class='ocrx_word' id='word_1_432' title='bbox 1696 598 1792 630; x_wconf 81' lang='grc' dir='ltr'>αὐταῖς</span> 
     </span>
    </p>
   </div>
   <div class='ocr_carea' id='block_1_62' title="bbox 1005 637 1792 678">
    <p class='ocr_par' dir='ltr' id='par_1_62' title="bbox 1005 637 1792 678">
     <span class='ocr_line' id='line_1_62' title="bbox 1005 637 1792 678; baseline 0.008 -15"><span class='ocrx_word' id='word_1_433' title='bbox 1005 637 1101 678; x_wconf 80' lang='grc' dir='ltr'>μνήμη</span> <span class='ocrx_word' id='word_1_434' title='bbox 1129 638 1221 676; x_wconf 78' lang='grc' dir='ltr'>ᾁγίου,</span> <span class='ocrx_word' id='word_1_435' title='bbox 1240 639 1339 675; x_wconf 87' lang='grc' dir='ltr'>σχολὴν</span> <span class='ocrx_word' id='word_1_436' title='bbox 1355 641 1421 676; x_wconf 82' lang='grc' dir='ltr'>ἡμῖν</span> <span class='ocrx_word' id='word_1_437' title='bbox 1437 641 1589 676; x_wconf 70' lang='grc' dir='ltr'>ἐμποιοῦσα</span> <span class='ocrx_word' id='word_1_438' title='bbox 1604 641 1659 669; x_wconf 88' lang='grc' dir='ltr'><strong>τῶν</strong></span> <span class='ocrx_word' id='word_1_439' title='bbox 1669 650 1699 669; x_wconf 85' lang='grc' dir='ltr'><strong>τε</strong></span> <span class='ocrx_word' id='word_1_440' title='bbox 1711 642 1792 678; x_wconf 69' lang='grc' dir='ltr'>ὡρῶν</span> 
     </span>
    </p>
   </div>
   <div class='ocr_carea' id='block_1_63' title="bbox 1003 683 1792 724">
    <p class='ocr_par' dir='ltr' id='par_1_63' title="bbox 1003 683 1792 724">
     <span class='ocr_line' id='line_1_63' title="bbox 1003 683 1792 724; baseline 0.009 -16"><span class='ocrx_word' id='word_1_441' title='bbox 1003 683 1052 709; x_wconf 72' lang='grc' dir='ltr'>καὶ</span> <span class='ocrx_word' id='word_1_442' title='bbox 1068 684 1234 719; x_wconf 87' lang='grc' dir='ltr'>μετανοιῶν,</span> <span class='ocrx_word' id='word_1_443' title='bbox 1254 685 1302 712; x_wconf 78' lang='grc' dir='ltr'>καὶ</span> <span class='ocrx_word' id='word_1_444' title='bbox 1318 686 1401 722; x_wconf 79' lang='grc' dir='ltr'>τυρὸν</span> <span class='ocrx_word' id='word_1_445' title='bbox 1414 687 1461 714; x_wconf 78' lang='grc' dir='ltr'>καὶ</span> <span class='ocrx_word' id='word_1_446' title='bbox 1473 687 1527 714; x_wconf 82' lang='grc' dir='ltr'><strong>ὠὸν</strong></span> <span class='ocrx_word' id='word_1_447' title='bbox 1541 687 1590 714; x_wconf 72' lang='grc' dir='ltr'>καὶ</span> <span class='ocrx_word' id='word_1_448' title='bbox 1605 687 1694 723; x_wconf 74' lang='grc' dir='ltr'>ἰχθὺν,</span> <span class='ocrx_word' id='word_1_449' title='bbox 1710 688 1792 724; x_wconf 70' lang='grc' dir='ltr'>εἴπερ</span> 
     </span>
    </p>
   </div>
   <div class='ocr_carea' id='block_1_64' title="bbox 1002 729 1792 772">
    <p class='ocr_par' dir='ltr' id='par_1_64' title="bbox 1002 729 1792 772">
     <span class='ocr_line' id='line_1_64' title="bbox 1002 729 1792 772; baseline 0.01 -18"><span class='ocrx_word' id='word_1_450' title='bbox 1002 729 1134 771; x_wconf 77' lang='grc' dir='ltr'><strong>χορηγοίη</strong></span> <span class='ocrx_word' id='word_1_451' title='bbox 1161 731 1227 766; x_wconf 76' lang='grc' dir='ltr'>ἡμῖν</span> <span class='ocrx_word' id='word_1_452' title='bbox 1247 731 1262 757; x_wconf 88' lang='grc' dir='ltr'><strong><em>ὁ</em></strong></span> <span class='ocrx_word' id='word_1_453' title='bbox 1283 731 1366 766; x_wconf 82' lang='grc' dir='ltr'><strong>Θεὸς,</strong></span> <span class='ocrx_word' id='word_1_454' title='bbox 1389 732 1534 768; x_wconf 84' lang='grc' dir='ltr'>ἐσθίομεν·</span> <span class='ocrx_word' id='word_1_455' title='bbox 1554 733 1636 770; x_wconf 74' lang='grc' dir='ltr'>κιρνὰ</span> <span class='ocrx_word' id='word_1_456' title='bbox 1655 733 1686 761; x_wconf 78' lang='grc' dir='ltr'><strong>δὲ</strong></span> <span class='ocrx_word' id='word_1_457' title='bbox 1713 733 1737 770; x_wconf 80' lang='grc' dir='ltr'>γ’</span> <span class='ocrx_word' id='word_1_458' title='bbox 1759 734 1792 772; x_wconf 59' lang='grc' dir='ltr'><strong>το</strong></span> 
     </span>
    </p>
   </div>
   <div class='ocr_carea' id='block_1_65' title="bbox 1002 775 1303 818">
    <p class='ocr_par' dir='ltr' id='par_1_65' title="bbox 1002 775 1303 818">
     <span class='ocr_line' id='line_1_65' title="bbox 1002 775 1303 818; baseline 0.01 -17"><span class='ocrx_word' id='word_1_459' title='bbox 1002 775 1127 818; x_wconf 71' lang='grc' dir='ltr'>ἀριστον,</span> <span class='ocrx_word' id='word_1_460' title='bbox 1143 777 1191 805; x_wconf 75' lang='grc' dir='ltr'>καὶ</span> <span class='ocrx_word' id='word_1_461' title='bbox 1206 776 1256 818; x_wconf 67' lang='grc' dir='ltr'><strong>ὀψὲ</strong></span> <span class='ocrx_word' id='word_1_462' title='bbox 1269 777 1303 812; x_wconf 82' lang='grc' dir='ltr'><strong>β’.</strong></span> 
     </span>
    </p>
   </div>
   <div class='ocr_carea' id='block_1_66' title="bbox 1171 920 1625 957">
    <p class='ocr_par' dir='ltr' id='par_1_66' title="bbox 1171 920 1625 957">
     <span class='ocr_line' id='line_1_66' title="bbox 1171 920 1625 957; baseline 0 -1"><span class='ocrx_word' id='word_1_463' title='bbox 1171 922 1241 956; x_wconf 74' lang='grc' dir='ltr'>Περὶ</span> <span class='ocrx_word' id='word_1_464' title='bbox 1261 920 1317 956; x_wconf 76' lang='grc' dir='ltr'><strong>τῆς</strong></span> <span class='ocrx_word' id='word_1_465' title='bbox 1331 922 1418 957; x_wconf 78' lang='grc' dir='ltr'>ἁγίας</span> <span class='ocrx_word' id='word_1_466' title='bbox 1430 921 1566 957; x_wconf 74' lang='grc' dir='ltr'><strong>μεγάλης</strong></span> <span class='ocrx_word' id='word_1_467' title='bbox 1578 923 1625 950; x_wconf 85' lang='grc' dir='ltr'><strong>Μ’-</strong></span> 
     </span>
    </p>
   </div>
   <div class='ocr_carea' id='block_1_67' title="bbox 1037 967 1790 1005">
    <p class='ocr_par' dir='ltr' id='par_1_67' title="bbox 1037 967 1790 1005">
     <span class='ocr_line' id='line_1_67' title="bbox 1037 967 1790 1005; baseline 0.001 -11"><span class='ocrx_word' id='word_1_468' title='bbox 1037 967 1070 995; x_wconf 89' lang='grc' dir='ltr'><strong>λ’.</strong></span> <span class='ocrx_word' id='word_1_469' title='bbox 1095 968 1140 994; x_wconf 83' lang='grc' dir='ltr'><strong>Ἐν</strong></span> <span class='ocrx_word' id='word_1_470' title='bbox 1164 967 1193 994; x_wconf 86' lang='grc' dir='ltr'><strong>δέ</strong></span> <span class='ocrx_word' id='word_1_471' title='bbox 1217 969 1251 1003; x_wconf 83' lang='grc' dir='ltr'><strong>τῇ</strong></span> <span class='ocrx_word' id='word_1_472' title='bbox 1278 967 1346 1003; x_wconf 81' lang='grc' dir='ltr'>ἁγίᾳ</span> <span class='ocrx_word' id='word_1_473' title='bbox 1369 968 1417 995; x_wconf 78' lang='grc' dir='ltr'>καὶ</span> <span class='ocrx_word' id='word_1_474' title='bbox 1440 968 1547 1004; x_wconf 77' lang='grc' dir='ltr'>μεγάλῃ</span> <span class='ocrx_word' id='word_1_475' title='bbox 1576 968 1790 1005; x_wconf 67' lang='grc' dir='ltr'>Τεσσαρακοστῇ</span> 
     </span>
    </p>
   </div>
   <div class='ocr_carea' id='block_1_68' title="bbox 1003 1013 1792 1050">
    <p class='ocr_par' dir='ltr' id='par_1_68' title="bbox 1003 1013 1792 1050">
     <span class='ocr_line' id='line_1_68' title="bbox 1003 1013 1792 1050; baseline 0.001 -9"><span class='ocrx_word' id='word_1_476' title='bbox 1003 1013 1209 1050; x_wconf 83' lang='grc' dir='ltr'>μονοσιτοῠμεν,</span> <span class='ocrx_word' id='word_1_477' title='bbox 1224 1014 1293 1050; x_wconf 83' lang='grc' dir='ltr'>πλὴν</span> <span class='ocrx_word' id='word_1_478' title='bbox 1309 1014 1449 1042; x_wconf 78' lang='grc' dir='ltr'>Σασὸάτου</span> <span class='ocrx_word' id='word_1_479' title='bbox 1463 1014 1511 1041; x_wconf 80' lang='grc' dir='ltr'>καὶ</span> <span class='ocrx_word' id='word_1_480' title='bbox 1525 1014 1686 1050; x_wconf 67' lang='grc' dir='ltr'>Κυρωκῆς·</span> <span class='ocrx_word' id='word_1_481' title='bbox 1703 1015 1792 1049; x_wconf 79' lang='grc' dir='ltr'>ἐσθίο-</span> 
     </span>
    </p>
   </div>
   <div class='ocr_carea' id='block_1_69' title="bbox 1003 1061 1790 1098">
    <p class='ocr_par' dir='ltr' id='par_1_69' title="bbox 1003 1061 1790 1098">
     <span class='ocr_line' id='line_1_69' title="bbox 1003 1061 1790 1098; baseline 0.001 -11"><span class='ocrx_word' id='word_1_482' title='bbox 1003 1069 1052 1096; x_wconf 86' lang='grc' dir='ltr'>μεν</span> <span class='ocrx_word' id='word_1_483' title='bbox 1066 1061 1095 1088; x_wconf 77' lang='grc' dir='ltr'><strong>δὲ</strong></span> <span class='ocrx_word' id='word_1_484' title='bbox 1109 1062 1142 1097; x_wconf 79' lang='grc' dir='ltr'><strong>τῇ</strong></span> <span class='ocrx_word' id='word_1_485' title='bbox 1154 1061 1254 1097; x_wconf 81' lang='grc' dir='ltr'><strong>πρώτῃ</strong></span> <span class='ocrx_word' id='word_1_486' title='bbox 1264 1061 1312 1089; x_wconf 80' lang='grc' dir='ltr'>καὶ</span> <span class='ocrx_word' id='word_1_487' title='bbox 1324 1062 1359 1097; x_wconf 83' lang='grc' dir='ltr'><strong>τῇ</strong></span> <span class='ocrx_word' id='word_1_488' title='bbox 1374 1062 1445 1098; x_wconf 81' lang='grc' dir='ltr'>μέσῃ</span> <span class='ocrx_word' id='word_1_489' title='bbox 1457 1061 1586 1097; x_wconf 76' lang='grc' dir='ltr'>ἐϐδομάδι</span> <span class='ocrx_word' id='word_1_490' title='bbox 1601 1061 1790 1097; x_wconf 84' lang='grc' dir='ltr'>μονοτρόπως,</span> 
     </span>
    </p>
   </div>
   <div class='ocr_carea' id='block_1_70' title="bbox 1001 1106 1792 1144">
    <p class='ocr_par' dir='ltr' id='par_1_70' title="bbox 1001 1106 1792 1144">
     <span class='ocr_line' id='line_1_70' title="bbox 1001 1106 1792 1144; baseline 0 -11"><span class='ocrx_word' id='word_1_491' title='bbox 1001 1107 1086 1142; x_wconf 79' lang='grc' dir='ltr'>ἦγουν</span> <span class='ocrx_word' id='word_1_492' title='bbox 1101 1106 1176 1142; x_wconf 79' lang='grc' dir='ltr'>φάϐα</span> <span class='ocrx_word' id='word_1_493' title='bbox 1192 1106 1311 1140; x_wconf 76' lang='grc' dir='ltr'>ἐξεστὺν,</span> <span class='ocrx_word' id='word_1_494' title='bbox 1325 1107 1372 1134; x_wconf 81' lang='grc' dir='ltr'>καὶ</span> <span class='ocrx_word' id='word_1_495' title='bbox 1385 1107 1503 1143; x_wconf 84' lang='grc' dir='ltr'>ἁλμαίαν</span> <span class='ocrx_word' id='word_1_496' title='bbox 1519 1108 1605 1144; x_wconf 77' lang='grc' dir='ltr'>χωρὶς</span> <span class='ocrx_word' id='word_1_497' title='bbox 1624 1107 1725 1140; x_wconf 86' lang='grc' dir='ltr'>ἐλαίου,</span> <span class='ocrx_word' id='word_1_498' title='bbox 1741 1108 1792 1141; x_wconf 76' lang='grc' dir='ltr'>καὶ</span> 
     </span>
    </p>
   </div>
   <div class='ocr_carea' id='block_1_71' title="bbox 1003 1153 1793 1189">
    <p class='ocr_par' dir='ltr' id='par_1_71' title="bbox 1003 1153 1793 1189">
     <span class='ocr_line' id='line_1_71' title="bbox 1003 1153 1793 1189; baseline 0 -10"><span class='ocrx_word' id='word_1_499' title='bbox 1003 1153 1114 1189; x_wconf 74' lang='grc' dir='ltr'>ἰσχάδας</span> <span class='ocrx_word' id='word_1_500' title='bbox 1142 1153 1196 1180; x_wconf 84' lang='grc' dir='ltr'><strong>ἀνὰ</strong></span> <span class='ocrx_word' id='word_1_501' title='bbox 1213 1157 1245 1187; x_wconf 81' lang='grc' dir='ltr'>ε’,</span> <span class='ocrx_word' id='word_1_502' title='bbox 1271 1153 1319 1180; x_wconf 73' lang='grc' dir='ltr'>καὶ</span> <span class='ocrx_word' id='word_1_503' title='bbox 1334 1154 1359 1180; x_wconf 80' lang='grc' dir='ltr'><strong>εί</strong></span> <span class='ocrx_word' id='word_1_504' title='bbox 1381 1154 1459 1189; x_wconf 84' lang='grc' dir='ltr'>τύχοι</span> <span class='ocrx_word' id='word_1_505' title='bbox 1475 1153 1616 1187; x_wconf 77' lang='grc' dir='ltr'>κάστανα,</span> <span class='ocrx_word' id='word_1_506' title='bbox 1642 1153 1691 1180; x_wconf 75' lang='grc' dir='ltr'>καὶ</span> <span class='ocrx_word' id='word_1_507' title='bbox 1712 1153 1793 1180; x_wconf 77' lang='grc' dir='ltr'>ἀπίε-</span> 
     </span>
    </p>
   </div>
   <div class='ocr_carea' id='block_1_72' title="bbox 1002 1199 1794 1235">
    <p class='ocr_par' dir='ltr' id='par_1_72' title="bbox 1002 1199 1794 1235">
     <span class='ocr_line' id='line_1_72' title="bbox 1002 1199 1794 1235; baseline 0 -9"><span class='ocrx_word' id='word_1_508' title='bbox 1002 1199 1068 1235; x_wconf 84' lang='grc' dir='ltr'>φθα,</span> <span class='ocrx_word' id='word_1_509' title='bbox 1083 1199 1131 1226; x_wconf 78' lang='grc' dir='ltr'>καὶ</span> <span class='ocrx_word' id='word_1_510' title='bbox 1145 1199 1309 1235; x_wconf 84' lang='grc' dir='ltr'>δαμασκηνά</span> <span class='ocrx_word' id='word_1_511' title='bbox 1319 1207 1326 1214; x_wconf 82' lang='lat'>&#39;</span> <span class='ocrx_word' id='word_1_512' title='bbox 1340 1201 1375 1235; x_wconf 81' lang='grc' dir='ltr'><strong>τῇ</strong></span> <span class='ocrx_word' id='word_1_513' title='bbox 1392 1200 1420 1227; x_wconf 83' lang='grc' dir='ltr'><strong>δὲ</strong></span> <span class='ocrx_word' id='word_1_514' title='bbox 1436 1199 1458 1235; x_wconf 82' lang='grc' dir='ltr'><strong>β’</strong></span> <span class='ocrx_word' id='word_1_515' title='bbox 1471 1199 1610 1235; x_wconf 75' lang='grc' dir='ltr'>ἐδδομὰδι,</span> <span class='ocrx_word' id='word_1_516' title='bbox 1625 1199 1674 1226; x_wconf 75' lang='grc' dir='ltr'>καὶ</span> <span class='ocrx_word' id='word_1_517' title='bbox 1690 1199 1726 1235; x_wconf 81' lang='grc' dir='ltr'>γ’,</span> <span class='ocrx_word' id='word_1_518' title='bbox 1743 1200 1794 1231; x_wconf 74' lang='grc' dir='ltr'>καὶ</span> 
     </span>
    </p>
   </div>
   <div class='ocr_carea' id='block_1_73' title="bbox 1002 1243 1793 1279">
    <p class='ocr_par' dir='ltr' id='par_1_73' title="bbox 1002 1243 1793 1279">
     <span class='ocr_line' id='line_1_73' title="bbox 1002 1243 1793 1279; baseline 0.004 -10"><span class='ocrx_word' id='word_1_519' title='bbox 1002 1243 1033 1276; x_wconf 87' lang='grc' dir='ltr'>ε’,</span> <span class='ocrx_word' id='word_1_520' title='bbox 1054 1243 1101 1269; x_wconf 76' lang='grc' dir='ltr'>καὶ</span> <span class='ocrx_word' id='word_1_521' title='bbox 1115 1246 1142 1276; x_wconf 83' lang='grc' dir='ltr'>ς’</span> <span class='ocrx_word' id='word_1_522' title='bbox 1165 1244 1293 1279; x_wconf 74' lang='grc' dir='ltr'>ἐσθίομεν</span> <span class='ocrx_word' id='word_1_523' title='bbox 1311 1243 1415 1276; x_wconf 65' lang='grc' dir='ltr'><strong>οὕτως⁸</strong></span> <span class='ocrx_word' id='word_1_524' title='bbox 1444 1244 1563 1276; x_wconf 81' lang='grc' dir='ltr'><strong>κόκκους</strong></span> <span class='ocrx_word' id='word_1_525' title='bbox 1587 1245 1724 1278; x_wconf 79' lang='grc' dir='ltr'>ἑξεστοὺς,</span> <span class='ocrx_word' id='word_1_526' title='bbox 1743 1245 1793 1279; x_wconf 72' lang='grc' dir='ltr'>καὶ</span> 
     </span>
    </p>
   </div>
   <div class='ocr_carea' id='block_1_74' title="bbox 1001 1288 1793 1326">
    <p class='ocr_par' dir='ltr' id='par_1_74' title="bbox 1001 1288 1793 1326">
     <span class='ocr_line' id='line_1_74' title="bbox 1001 1288 1793 1326; baseline 0.001 -11"><span class='ocrx_word' id='word_1_527' title='bbox 1001 1288 1121 1326; x_wconf 68' lang='grc' dir='ltr'>ᾁλμαίαν</span> <span class='ocrx_word' id='word_1_528' title='bbox 1135 1290 1176 1321; x_wconf 86' lang='grc' dir='ltr'><strong>είς</strong></span> <span class='ocrx_word' id='word_1_529' title='bbox 1192 1289 1227 1324; x_wconf 78' lang='grc' dir='ltr'>τὰ</span> <span class='ocrx_word' id='word_1_530' title='bbox 1252 1290 1412 1317; x_wconf 81' lang='grc' dir='ltr'>σκουτέλλια</span> <span class='ocrx_word' id='word_1_531' title='bbox 1423 1310 1431 1323; x_wconf 92' lang='grc'><strong>,</strong></span> <span class='ocrx_word' id='word_1_532' title='bbox 1446 1290 1495 1317; x_wconf 78' lang='grc' dir='ltr'>καὶ</span> <span class='ocrx_word' id='word_1_533' title='bbox 1517 1290 1663 1325; x_wconf 80' lang='grc' dir='ltr'>μαγειρίαν</span> <span class='ocrx_word' id='word_1_534' title='bbox 1678 1290 1793 1325; x_wconf 83' lang='grc' dir='ltr'>ὄσπριον</span> 
     </span>
    </p>
   </div>
   <div class='ocr_carea' id='block_1_75' title="bbox 1003 1334 1795 1372">
    <p class='ocr_par' dir='ltr' id='par_1_75' title="bbox 1003 1334 1795 1372">
     <span class='ocr_line' id='line_1_75' title="bbox 1003 1334 1795 1372; baseline 0.001 -11"><span class='ocrx_word' id='word_1_535' title='bbox 1003 1334 1074 1370; x_wconf 84' lang='grc' dir='ltr'>μετὰ</span> <span class='ocrx_word' id='word_1_536' title='bbox 1096 1334 1195 1372; x_wconf 77' lang='grc' dir='ltr'>καρίου</span> <span class='ocrx_word' id='word_1_537' title='bbox 1209 1335 1338 1371; x_wconf 84' lang='grc' dir='ltr'>τριπτοῦ·</span> <span class='ocrx_word' id='word_1_538' title='bbox 1353 1335 1465 1371; x_wconf 78' lang='grc' dir='ltr'>ὀπώρας</span> <span class='ocrx_word' id='word_1_539' title='bbox 1479 1336 1508 1363; x_wconf 82' lang='grc' dir='ltr'><strong>δὲ</strong></span> <span class='ocrx_word' id='word_1_540' title='bbox 1523 1335 1540 1371; x_wconf 75' lang='grc' dir='ltr'>ἢ</span> <span class='ocrx_word' id='word_1_541' title='bbox 1555 1336 1666 1372; x_wconf 79' lang='grc' dir='ltr'><strong>ἰσχάδας</strong></span> <span class='ocrx_word' id='word_1_542' title='bbox 1679 1336 1707 1362; x_wconf 88' lang='grc' dir='ltr'><strong>ἐν</strong></span> <span class='ocrx_word' id='word_1_543' title='bbox 1725 1335 1795 1362; x_wconf 82' lang='grc' dir='ltr'>ταύ-</span> 
     </span>
    </p>
   </div>
   <div class='ocr_carea' id='block_1_76' title="bbox 1002 1380 1792 1417">
    <p class='ocr_par' dir='ltr' id='par_1_76' title="bbox 1002 1380 1792 1417">
     <span class='ocr_line' id='line_1_76' title="bbox 1002 1380 1792 1417; baseline 0 -10"><span class='ocrx_word' id='word_1_544' title='bbox 1002 1389 1064 1413; x_wconf 84' lang='grc' dir='ltr'>ταις</span> <span class='ocrx_word' id='word_1_545' title='bbox 1078 1381 1109 1407; x_wconf 83' lang='grc' dir='ltr'>οὐ</span> <span class='ocrx_word' id='word_1_546' title='bbox 1124 1382 1268 1417; x_wconf 78' lang='grc' dir='ltr'>τρώγομεν</span> <span class='ocrx_word' id='word_1_547' title='bbox 1279 1389 1286 1397; x_wconf 84' lang='grc'><em>’</em></span> <span class='ocrx_word' id='word_1_548' title='bbox 1301 1382 1392 1414; x_wconf 80' lang='grc' dir='ltr'>πᾶσαν</span> <span class='ocrx_word' id='word_1_549' title='bbox 1404 1381 1491 1417; x_wconf 82' lang='grc' dir='ltr'>δὲτὴν</span> <span class='ocrx_word' id='word_1_550' title='bbox 1504 1381 1587 1416; x_wconf 84' lang='grc' dir='ltr'>ἁγίαν</span> <span class='ocrx_word' id='word_1_551' title='bbox 1605 1380 1631 1416; x_wconf 89' lang='grc' dir='ltr'>μ’</span> <span class='ocrx_word' id='word_1_552' title='bbox 1655 1380 1792 1416; x_wconf 77' lang='grc' dir='ltr'>εὔκρατον</span> 
     </span>
    </p>
   </div>
   <div class='ocr_carea' id='block_1_77' title="bbox 1004 1425 1794 1462">
    <p class='ocr_par' dir='ltr' id='par_1_77' title="bbox 1004 1425 1794 1462">
     <span class='ocr_line' id='line_1_77' title="bbox 1004 1425 1794 1462; baseline -0.001 -10"><span class='ocrx_word' id='word_1_553' title='bbox 1004 1426 1131 1461; x_wconf 85' lang='grc' dir='ltr'>πίνομεν,</span> <span class='ocrx_word' id='word_1_554' title='bbox 1144 1426 1229 1461; x_wconf 83' lang='grc' dir='ltr'>χωρὶς</span> <span class='ocrx_word' id='word_1_555' title='bbox 1248 1425 1302 1452; x_wconf 86' lang='grc' dir='ltr'>τῶν</span> <span class='ocrx_word' id='word_1_556' title='bbox 1317 1425 1504 1458; x_wconf 70' lang='grc' dir='ltr'>ἀσθενούντων</span> <span class='ocrx_word' id='word_1_557' title='bbox 1518 1426 1535 1461; x_wconf 88' lang='grc' dir='ltr'>ἢ</span> <span class='ocrx_word' id='word_1_558' title='bbox 1551 1425 1698 1462; x_wconf 82' lang='grc' dir='ltr'>γερόντων·</span> <span class='ocrx_word' id='word_1_559' title='bbox 1713 1425 1743 1451; x_wconf 82' lang='grc' dir='ltr'><strong>τὺ</strong></span> <span class='ocrx_word' id='word_1_560' title='bbox 1762 1425 1794 1457; x_wconf 68' lang='grc' dir='ltr'>δὲ</span> 
     </span>
    </p>
   </div>
   <div class='ocr_carea' id='block_1_78' title="bbox 1003 1470 1793 1507">
    <p class='ocr_par' dir='ltr' id='par_1_78' title="bbox 1003 1470 1793 1507">
     <span class='ocr_line' id='line_1_78' title="bbox 1003 1470 1793 1507; baseline 0.003 -11"><span class='ocrx_word' id='word_1_561' title='bbox 1003 1470 1137 1506; x_wconf 76' lang='grc' dir='ltr'>εὔκρατον</span> <span class='ocrx_word' id='word_1_562' title='bbox 1163 1471 1323 1501; x_wconf 77' lang='grc' dir='ltr'>συνίσταται</span> <span class='ocrx_word' id='word_1_563' title='bbox 1339 1470 1372 1507; x_wconf 64' lang='grc' dir='ltr'><strong>ἐκ</strong></span> <span class='ocrx_word' id='word_1_564' title='bbox 1393 1479 1423 1497; x_wconf 80' lang='grc' dir='ltr'><strong>τε</strong></span> <span class='ocrx_word' id='word_1_565' title='bbox 1449 1471 1590 1506; x_wconf 80' lang='grc' dir='ltr'>πιπέρεως</span> <span class='ocrx_word' id='word_1_566' title='bbox 1611 1470 1659 1498; x_wconf 79' lang='grc' dir='ltr'><strong>καὶ</strong></span> <span class='ocrx_word' id='word_1_567' title='bbox 1675 1471 1793 1506; x_wconf 62' lang='grc' dir='ltr'>κυμίνου</span> 
     </span>
    </p>
   </div>
   <div class='ocr_carea' id='block_1_79' title="bbox 1004 1516 1794 1556">
    <p class='ocr_par' dir='ltr' id='par_1_79' title="bbox 1004 1516 1794 1556">
     <span class='ocr_line' id='line_1_79' title="bbox 1004 1516 1794 1556; baseline 0.001 -14"><span class='ocrx_word' id='word_1_568' title='bbox 1004 1517 1051 1542; x_wconf 77' lang='grc' dir='ltr'>καὶ</span> <span class='ocrx_word' id='word_1_569' title='bbox 1067 1516 1159 1543; x_wconf 82' lang='grc' dir='ltr'>ἀνίσου</span> <span class='ocrx_word' id='word_1_570' title='bbox 1175 1516 1277 1552; x_wconf 84' lang='grc' dir='ltr'>θερμοῦ</span> <span class='ocrx_word' id='word_1_571' title='bbox 1294 1517 1361 1552; x_wconf 70' lang='grc'><strong>(47).</strong></span> <span class='ocrx_word' id='word_1_572' title='bbox 1375 1516 1415 1552; x_wconf 85' lang='grc' dir='ltr'><strong>Τῇ</strong></span> <span class='ocrx_word' id='word_1_573' title='bbox 1431 1517 1460 1543; x_wconf 77' lang='grc' dir='ltr'><strong>δὲ</strong></span> <span class='ocrx_word' id='word_1_574' title='bbox 1486 1517 1552 1552; x_wconf 82' lang='grc' dir='ltr'>ἁγίᾳ</span> <span class='ocrx_word' id='word_1_575' title='bbox 1571 1517 1604 1552; x_wconf 84' lang='grc' dir='ltr'><strong>β’,</strong></span> <span class='ocrx_word' id='word_1_576' title='bbox 1627 1517 1675 1543; x_wconf 76' lang='grc' dir='ltr'>καὶ</span> <span class='ocrx_word' id='word_1_577' title='bbox 1698 1517 1794 1556; x_wconf 76' lang='grc' dir='ltr'>τρίτῃ,</span> 
     </span>
    </p>
   </div>
   <div class='ocr_carea' id='block_1_80' title="bbox 1004 1562 1795 1599">
    <p class='ocr_par' dir='ltr' id='par_1_80' title="bbox 1004 1562 1795 1599">
     <span class='ocr_line' id='line_1_80' title="bbox 1004 1562 1795 1599; baseline 0 -10"><span class='ocrx_word' id='word_1_578' title='bbox 1004 1563 1051 1589; x_wconf 79' lang='grc' dir='ltr'>καὶ</span> <span class='ocrx_word' id='word_1_579' title='bbox 1071 1562 1104 1595; x_wconf 86' lang='grc' dir='ltr'>δ’,</span> <span class='ocrx_word' id='word_1_580' title='bbox 1119 1562 1168 1590; x_wconf 74' lang='grc' dir='ltr'>καὶ</span> <span class='ocrx_word' id='word_1_581' title='bbox 1181 1566 1212 1596; x_wconf 82' lang='grc' dir='ltr'>ε’,</span> <span class='ocrx_word' id='word_1_582' title='bbox 1239 1563 1286 1590; x_wconf 71' lang='grc' dir='ltr'><strong>καλ⁸</strong></span> <span class='ocrx_word' id='word_1_583' title='bbox 1300 1562 1339 1597; x_wconf 84' lang='grc' dir='ltr'>ς’,</span> <span class='ocrx_word' id='word_1_584' title='bbox 1352 1563 1388 1590; x_wconf 84' lang='grc' dir='ltr'>τὰ</span> <span class='ocrx_word' id='word_1_585' title='bbox 1410 1562 1544 1599; x_wconf 79' lang='grc' dir='ltr'>βρώματα</span> <span class='ocrx_word' id='word_1_586' title='bbox 1557 1562 1659 1597; x_wconf 82' lang='grc' dir='ltr'>ταύτης</span> <span class='ocrx_word' id='word_1_587' title='bbox 1678 1562 1795 1598; x_wconf 87' lang='grc' dir='ltr'>πρώτης</span> 
     </span>
    </p>
   </div>
   <div class='ocr_carea' id='block_1_81' title="bbox 1003 1608 1796 1645">
    <p class='ocr_par' dir='ltr' id='par_1_81' title="bbox 1003 1608 1796 1645">
     <span class='ocr_line' id='line_1_81' title="bbox 1003 1608 1796 1645; baseline 0.001 -11"><span class='ocrx_word' id='word_1_588' title='bbox 1003 1608 1150 1643; x_wconf 77' lang='grc' dir='ltr'>ὲσδομάδος</span> <span class='ocrx_word' id='word_1_589' title='bbox 1164 1608 1326 1635; x_wconf 75' lang='grc' dir='ltr'>πίπτουσινο</span> <span class='ocrx_word' id='word_1_590' title='bbox 1344 1610 1379 1645; x_wconf 77' lang='grc' dir='ltr'>τῇ</span> <span class='ocrx_word' id='word_1_591' title='bbox 1394 1609 1423 1636; x_wconf 84' lang='grc' dir='ltr'><strong>δὲ</strong></span> <span class='ocrx_word' id='word_1_592' title='bbox 1445 1609 1512 1644; x_wconf 82' lang='grc' dir='ltr'>ἁγίᾳ</span> <span class='ocrx_word' id='word_1_593' title='bbox 1533 1612 1554 1635; x_wconf 90' lang='grc' dir='ltr'>ε’</span> <span class='ocrx_word' id='word_1_594' title='bbox 1577 1609 1705 1643; x_wconf 77' lang='grc' dir='ltr'>ἐσθίομεν</span> <span class='ocrx_word' id='word_1_595' title='bbox 1726 1609 1796 1644; x_wconf 84' lang='grc' dir='ltr'>μίαν</span> 
     </span>
    </p>
   </div>
   <div class='ocr_carea' id='block_1_82' title="bbox 1005 1654 1798 1690">
    <p class='ocr_par' dir='ltr' id='par_1_82' title="bbox 1005 1654 1798 1690">
     <span class='ocr_line' id='line_1_82' title="bbox 1005 1654 1798 1690; baseline 0.001 -10"><span class='ocrx_word' id='word_1_596' title='bbox 1005 1654 1154 1690; x_wconf 86' lang='grc' dir='ltr'>μαγειρίαν</span> <span class='ocrx_word' id='word_1_597' title='bbox 1171 1654 1285 1690; x_wconf 77' lang='grc' dir='ltr'>δσπριον</span> <span class='ocrx_word' id='word_1_598' title='bbox 1301 1654 1371 1690; x_wconf 84' lang='grc' dir='ltr'>μετὰ</span> <span class='ocrx_word' id='word_1_599' title='bbox 1385 1654 1489 1690; x_wconf 84' lang='grc' dir='ltr'>καρύου</span> <span class='ocrx_word' id='word_1_600' title='bbox 1502 1654 1629 1690; x_wconf 85' lang='grc' dir='ltr'>τριπτοῦ,</span> <span class='ocrx_word' id='word_1_601' title='bbox 1646 1654 1694 1681; x_wconf 86' lang='grc' dir='ltr'>καὶ</span> <span class='ocrx_word' id='word_1_602' title='bbox 1709 1654 1798 1686; x_wconf 70' lang='grc' dir='ltr'>ζεστᾲ</span> 
     </span>
    </p>
   </div>
   <div class='ocr_carea' id='block_1_83' title="bbox 1003 1700 1796 1739">
    <p class='ocr_par' dir='ltr' id='par_1_83' title="bbox 1003 1700 1796 1739">
     <span class='ocr_line' id='line_1_83' title="bbox 1003 1700 1796 1739; baseline 0 -12"><span class='ocrx_word' id='word_1_603' title='bbox 1003 1700 1102 1728; x_wconf 90' lang='grc' dir='ltr'>κουκία</span> <span class='ocrx_word' id='word_1_604' title='bbox 1112 1709 1119 1716; x_wconf 93' lang='grc'>·</span> <span class='ocrx_word' id='word_1_605' title='bbox 1136 1701 1250 1736; x_wconf 83' lang='grc' dir='ltr'>πίνομεν</span> <span class='ocrx_word' id='word_1_606' title='bbox 1270 1701 1300 1728; x_wconf 85' lang='grc' dir='ltr'><strong>δέ</strong></span> <span class='ocrx_word' id='word_1_607' title='bbox 1312 1700 1359 1727; x_wconf 84' lang='grc' dir='ltr'>καὶ</span> <span class='ocrx_word' id='word_1_608' title='bbox 1372 1701 1442 1736; x_wconf 76' lang='grc' dir='ltr'>πρὸς</span> <span class='ocrx_word' id='word_1_609' title='bbox 1457 1700 1586 1736; x_wconf 79' lang='grc' dir='ltr'>ἐνκρασιν</span> <span class='ocrx_word' id='word_1_610' title='bbox 1596 1708 1603 1716; x_wconf 73' lang='grc'><strong>⁸</strong></span> <span class='ocrx_word' id='word_1_611' title='bbox 1620 1700 1660 1736; x_wconf 84' lang='grc' dir='ltr'><strong>τῷ</strong></span> <span class='ocrx_word' id='word_1_612' title='bbox 1674 1700 1703 1727; x_wconf 82' lang='grc' dir='ltr'><strong>δέ</strong></span> <span class='ocrx_word' id='word_1_613' title='bbox 1722 1700 1796 1739; x_wconf 78' lang='grc' dir='ltr'>ἁγίῳ</span> 
     </span>
    </p>
   </div>
   <div class='ocr_carea' id='block_1_84' title="bbox 1003 1746 1812 1783">
    <p class='ocr_par' dir='ltr' id='par_1_84' title="bbox 1003 1746 1812 1783">
     <span class='ocr_line' id='line_1_84' title="bbox 1003 1746 1812 1783; baseline 0.001 -10"><span class='ocrx_word' id='word_1_614' title='bbox 1003 1747 1136 1774; x_wconf 76' lang='grc' dir='ltr'><strong>Σαὸὅάτω</strong></span> <span class='ocrx_word' id='word_1_615' title='bbox 1158 1747 1218 1783; x_wconf 82' lang='grc' dir='ltr'>ὥρᾳ</span> <span class='ocrx_word' id='word_1_616' title='bbox 1242 1746 1372 1783; x_wconf 85' lang='grc' dir='ltr'>ἐνδεκάτῃ</span> <span class='ocrx_word' id='word_1_617' title='bbox 1399 1747 1513 1782; x_wconf 85' lang='grc' dir='ltr'>ἄρχεται</span> <span class='ocrx_word' id='word_1_618' title='bbox 1526 1747 1557 1774; x_wconf 78' lang='grc' dir='ltr'>τὸ</span> <span class='ocrx_word' id='word_1_619' title='bbox 1579 1747 1724 1782; x_wconf 82' lang='grc' dir='ltr'>λυχνικόν·</span> <span class='ocrx_word' id='word_1_620' title='bbox 1743 1747 1812 1774; x_wconf 75' lang='grc' dir='ltr'>καὶ·</span> 
     </span>
    </p>
   </div>
   <div class='ocr_carea' id='block_1_85' title="bbox 1002 1792 1794 1829">
    <p class='ocr_par' dir='ltr' id='par_1_85' title="bbox 1002 1792 1794 1829">
     <span class='ocr_line' id='line_1_85' title="bbox 1002 1792 1794 1829; baseline -0.001 -10"><span class='ocrx_word' id='word_1_621' title='bbox 1002 1793 1069 1820; x_wconf 85' lang='grc' dir='ltr'>ὃπου</span> <span class='ocrx_word' id='word_1_622' title='bbox 1086 1792 1168 1819; x_wconf 90' lang='grc' dir='ltr'>σώσει</span> <span class='ocrx_word' id='word_1_623' title='bbox 1182 1794 1199 1828; x_wconf 88' lang='grc' dir='ltr'><strong>ή</strong></span> <span class='ocrx_word' id='word_1_624' title='bbox 1214 1792 1356 1826; x_wconf 82' lang='grc' dir='ltr'>ἀπόλυσις,</span> <span class='ocrx_word' id='word_1_625' title='bbox 1372 1793 1500 1828; x_wconf 83' lang='grc' dir='ltr'>ἐσθίομεν</span> <span class='ocrx_word' id='word_1_626' title='bbox 1514 1793 1543 1820; x_wconf 76' lang='grc' dir='ltr'><strong>δὲ</strong></span> <span class='ocrx_word' id='word_1_627' title='bbox 1560 1793 1642 1829; x_wconf 75' lang='grc' dir='ltr'>τυρὸν</span> <span class='ocrx_word' id='word_1_628' title='bbox 1655 1794 1701 1820; x_wconf 75' lang='grc' dir='ltr'>καὶ</span> <span class='ocrx_word' id='word_1_629' title='bbox 1714 1792 1794 1828; x_wconf 76' lang='grc' dir='ltr'>ἰχθῦς</span> 
     </span>
    </p>
   </div>
   <div class='ocr_carea' id='block_1_86' title="bbox 1003 1828 1577 1872">
    <p class='ocr_par' dir='ltr' id='par_1_86' title="bbox 1003 1828 1577 1872">
     <span class='ocr_line' id='line_1_86' title="bbox 1003 1828 1577 1872; baseline 0.005 -8"><span class='ocrx_word' id='word_1_630' title='bbox 1003 1838 1051 1865; x_wconf 69' lang='grc' dir='ltr'>καὶ</span> <span class='ocrx_word' id='word_1_631' title='bbox 1066 1837 1108 1865; x_wconf 78' lang='grc' dir='ltr'><strong>ὠά</strong></span> <span class='ocrx_word' id='word_1_632' title='bbox 1118 1845 1125 1853; x_wconf 90' lang='grc'><strong>·</strong></span> <span class='ocrx_word' id='word_1_633' title='bbox 1136 1838 1185 1865; x_wconf 73' lang='grc' dir='ltr'>καὶ</span> <span class='ocrx_word' id='word_1_634' title='bbox 1198 1838 1313 1872; x_wconf 81' lang='grc' dir='ltr'>πίνομεν</span> <span class='ocrx_word' id='word_1_635' title='bbox 1327 1837 1379 1864; x_wconf 81' lang='grc' dir='ltr'><strong>ἀνὰ</strong></span> <span class='ocrx_word' id='word_1_636' title='bbox 1392 1837 1429 1872; x_wconf 80' lang='grc' dir='ltr'><strong>γ’.</strong></span> <span class='ocrx_word' id='word_1_637' title='bbox 1571 1828 1577 1836; x_wconf 34' lang='grc' dir='ltr'><strong>ί</strong></span> 
     </span>
    </p>
   </div>
   <div class='ocr_carea' id='block_1_87' title="bbox 1207 1894 1586 1930">
    <p class='ocr_par' dir='ltr' id='par_1_87' title="bbox 1207 1894 1586 1930">
     <span class='ocr_line' id='line_1_87' title="bbox 1207 1894 1586 1930; baseline 0 -9"><span class='ocrx_word' id='word_1_638' title='bbox 1207 1894 1278 1929; x_wconf 75' lang='grc' dir='ltr'>Περὶ</span> <span class='ocrx_word' id='word_1_639' title='bbox 1291 1894 1345 1922; x_wconf 87' lang='grc' dir='ltr'>τοῦ</span> <span class='ocrx_word' id='word_1_640' title='bbox 1355 1894 1586 1930; x_wconf 72' lang='grc' dir='ltr'>εὐαγγελισμοῦ.</span> 
     </span>
    </p>
   </div>
   <div class='ocr_carea' id='block_1_88' title="bbox 1036 1931 1794 1975">
    <p class='ocr_par' dir='ltr' id='par_1_88' title="bbox 1036 1931 1794 1975">
     <span class='ocr_line' id='line_1_88' title="bbox 1036 1931 1794 1975; baseline 0.001 -9"><span class='ocrx_word' id='word_1_641' title='bbox 1036 1939 1087 1968; x_wconf 85' lang='grc' dir='ltr'>λα’.</span> <span class='ocrx_word' id='word_1_642' title='bbox 1109 1940 1212 1967; x_wconf 85' lang='grc' dir='ltr'>Ἰστεον</span> <span class='ocrx_word' id='word_1_643' title='bbox 1228 1939 1266 1971; x_wconf 84' lang='grc' dir='ltr'>ὡς</span> <span class='ocrx_word' id='word_1_644' title='bbox 1282 1939 1342 1975; x_wconf 81' lang='grc' dir='ltr'>ὥρᾳ</span> <span class='ocrx_word' id='word_1_645' title='bbox 1357 1942 1384 1972; x_wconf 82' lang='grc' dir='ltr'>ς’</span> <span class='ocrx_word' id='word_1_646' title='bbox 1402 1938 1450 1965; x_wconf 83' lang='grc' dir='ltr'><strong>τοῦ</strong></span> <span class='ocrx_word' id='word_1_647' title='bbox 1470 1931 1549 1972; x_wconf 80' lang='grc' dir='ltr'>ξ’ύλου</span> <span class='ocrx_word' id='word_1_648' title='bbox 1565 1937 1711 1975; x_wconf 80' lang='grc' dir='ltr'>κρούοντος</span> <span class='ocrx_word' id='word_1_649' title='bbox 1727 1947 1794 1967; x_wconf 71' lang='grc' dir='ltr'>συν-</span> 
     </span>
    </p>
   </div>
   <div class='ocr_carea' id='block_1_89' title="bbox 1002 1984 1793 2021">
    <p class='ocr_par' dir='ltr' id='par_1_89' title="bbox 1002 1984 1793 2021">
     <span class='ocr_line' id='line_1_89' title="bbox 1002 1984 1793 2021; baseline 0.001 -9"><span class='ocrx_word' id='word_1_650' title='bbox 1002 1986 1126 2021; x_wconf 86' lang='grc' dir='ltr'>αγόμεθα</span> <span class='ocrx_word' id='word_1_651' title='bbox 1149 1986 1190 2018; x_wconf 80' lang='grc' dir='ltr'>εἰς</span> <span class='ocrx_word' id='word_1_652' title='bbox 1214 1986 1260 2013; x_wconf 78' lang='grc' dir='ltr'>τὸν</span> <span class='ocrx_word' id='word_1_653' title='bbox 1277 1984 1350 2012; x_wconf 76' lang='grc' dir='ltr'>οἷκον</span> <span class='ocrx_word' id='word_1_654' title='bbox 1376 1986 1425 2021; x_wconf 83' lang='grc' dir='ltr'>τῆς</span> <span class='ocrx_word' id='word_1_655' title='bbox 1442 1985 1633 2020; x_wconf 81' lang='grc' dir='ltr'>παναχράντου</span> <span class='ocrx_word' id='word_1_656' title='bbox 1657 1985 1793 2013; x_wconf 79' lang='grc' dir='ltr'>Θεοτὸκου</span> 
     </span>
    </p>
   </div>
   <div class='ocr_carea' id='block_1_90' title="bbox 1001 2030 1792 2068">
    <p class='ocr_par' dir='ltr' id='par_1_90' title="bbox 1001 2030 1792 2068">
     <span class='ocr_line' id='line_1_90' title="bbox 1001 2030 1792 2068; baseline -0.001 -9"><span class='ocrx_word' id='word_1_657' title='bbox 1001 2032 1048 2059; x_wconf 84' lang='grc' dir='ltr'>καὶ</span> <span class='ocrx_word' id='word_1_658' title='bbox 1064 2031 1219 2068; x_wconf 80' lang='grc' dir='ltr'>ἀρξαμένου</span> <span class='ocrx_word' id='word_1_659' title='bbox 1247 2030 1295 2058; x_wconf 83' lang='grc' dir='ltr'><strong>τοῦ</strong></span> <span class='ocrx_word' id='word_1_660' title='bbox 1316 2030 1443 2067; x_wconf 79' lang='grc' dir='ltr'>λυχνικοῦ</span> <span class='ocrx_word' id='word_1_661' title='bbox 1454 2050 1462 2066; x_wconf 78' lang='lat'><strong>,_</strong></span> <span class='ocrx_word' id='word_1_662' title='bbox 1487 2030 1614 2067; x_wconf 72' lang='grc' dir='ltr'>ἵστανται</span> <span class='ocrx_word' id='word_1_663' title='bbox 1629 2031 1689 2066; x_wconf 82' lang='grc' dir='ltr'>ἐκεῖ</span> <span class='ocrx_word' id='word_1_664' title='bbox 1704 2031 1792 2065; x_wconf 81' lang='grc' dir='ltr'>ὀλίγοι</span> 
     </span>
    </p>
   </div>
   <div class='ocr_carea' id='block_1_91' title="bbox 1001 2076 1793 2113">
    <p class='ocr_par' dir='ltr' id='par_1_91' title="bbox 1001 2076 1793 2113">
     <span class='ocr_line' id='line_1_91' title="bbox 1001 2076 1793 2113; baseline -0.001 -8"><span class='ocrx_word' id='word_1_665' title='bbox 1001 2078 1111 2113; x_wconf 78' lang='grc' dir='ltr'>ἀδελφοὶ</span> <span class='ocrx_word' id='word_1_666' title='bbox 1123 2077 1296 2109; x_wconf 82' lang='grc' dir='ltr'>ἐκτελοῦντες</span> <span class='ocrx_word' id='word_1_667' title='bbox 1309 2076 1377 2104; x_wconf 81' lang='grc' dir='ltr'>αὐτό</span> <span class='ocrx_word' id='word_1_668' title='bbox 1386 2085 1393 2092; x_wconf 89' lang='grc'>·</span> <span class='ocrx_word' id='word_1_669' title='bbox 1405 2077 1430 2104; x_wconf 85' lang='grc' dir='ltr'>οἱ</span> <span class='ocrx_word' id='word_1_670' title='bbox 1444 2076 1473 2103; x_wconf 88' lang='grc' dir='ltr'><strong>δέ</strong></span> <span class='ocrx_word' id='word_1_671' title='bbox 1488 2076 1578 2103; x_wconf 75' lang='grc' dir='ltr'>λοιποὶ</span> <span class='ocrx_word' id='word_1_672' title='bbox 1592 2077 1735 2112; x_wconf 72' lang='grc' dir='ltr'>ἐπαίρουσι</span> <span class='ocrx_word' id='word_1_673' title='bbox 1748 2077 1793 2104; x_wconf 92' lang='grc' dir='ltr'>λι-</span> 
     </span>
    </p>
   </div>
   <div class='ocr_carea' id='block_1_92' title="bbox 1001 2123 1792 2167">
    <p class='ocr_par' dir='ltr' id='par_1_92' title="bbox 1001 2123 1792 2167">
     <span class='ocr_line' id='line_1_92' title="bbox 1001 2123 1792 2167; baseline 0 -16"><span class='ocrx_word' id='word_1_674' title='bbox 1001 2124 1060 2164; x_wconf 75' lang='grc' dir='ltr'>τὴν,</span> <span class='ocrx_word' id='word_1_675' title='bbox 1073 2125 1120 2151; x_wconf 76' lang='grc' dir='ltr'>καὶ</span> <span class='ocrx_word' id='word_1_676' title='bbox 1130 2123 1396 2160; x_wconf 87' lang='grc' dir='ltr'>περικυκλεύσαντες</span> <span class='ocrx_word' id='word_1_677' title='bbox 1412 2125 1441 2151; x_wconf 86' lang='grc' dir='ltr'><strong>τὺ</strong></span> <span class='ocrx_word' id='word_1_678' title='bbox 1457 2124 1639 2160; x_wconf 86' lang='grc' dir='ltr'>μοναστήριον</span> <span class='ocrx_word' id='word_1_679' title='bbox 1652 2124 1792 2167; x_wconf 66' lang='grc' dir='ltr'>ἔρχονται,</span> 
     </span>
    </p>
   </div>
   <div class='ocr_carea' id='block_1_93' title="bbox 1001 2169 1792 2205">
    <p class='ocr_par' dir='ltr' id='par_1_93' title="bbox 1001 2169 1792 2205">
     <span class='ocr_line' id='line_1_93' title="bbox 1001 2169 1792 2205; baseline -0.003 -7"><span class='ocrx_word' id='word_1_680' title='bbox 1001 2173 1026 2198; x_wconf 88' lang='grc' dir='ltr'>εἰ</span> <span class='ocrx_word' id='word_1_681' title='bbox 1043 2171 1154 2203; x_wconf 79' lang='grc' dir='ltr'>εἴσοδος,</span> <span class='ocrx_word' id='word_1_682' title='bbox 1171 2171 1218 2198; x_wconf 88' lang='grc' dir='ltr'>καὶ</span> <span class='ocrx_word' id='word_1_683' title='bbox 1232 2170 1388 2205; x_wconf 78' lang='grc' dir='ltr'>λειτουργία</span> <span class='ocrx_word' id='word_1_684' title='bbox 1403 2170 1513 2199; x_wconf 83' lang='grc' dir='ltr'>τελεία·</span> <span class='ocrx_word' id='word_1_685' title='bbox 1533 2169 1661 2205; x_wconf 74' lang='grc' dir='ltr'>ἐσθίομεν</span> <span class='ocrx_word' id='word_1_686' title='bbox 1678 2170 1708 2196; x_wconf 78' lang='grc' dir='ltr'><strong>δέ</strong></span> <span class='ocrx_word' id='word_1_687' title='bbox 1727 2170 1792 2204; x_wconf 62' lang='grc' dir='ltr'>τότε</span> 
     </span>
    </p>
   </div>
   <div class='ocr_carea' id='block_1_94' title="bbox 962 2209 1575 2254">
    <p class='ocr_par' dir='ltr' id='par_1_94' title="bbox 962 2209 1575 2254">
     <span class='ocr_line' id='line_1_94' title="bbox 962 2209 1575 2254; baseline -0.002 -9"><span class='ocrx_word' id='word_1_688' title='bbox 962 2209 986 2238; x_wconf 78' lang='lat' dir='ltr'><strong>D</strong></span> <span class='ocrx_word' id='word_1_689' title='bbox 1003 2217 1097 2254; x_wconf 78' lang='grc' dir='ltr'>ἰχθύας</span> <span class='ocrx_word' id='word_1_690' title='bbox 1114 2217 1161 2243; x_wconf 83' lang='grc' dir='ltr'>καὶ</span> <span class='ocrx_word' id='word_1_691' title='bbox 1173 2216 1273 2250; x_wconf 70' lang='grc' dir='ltr'>ἔλαιον,</span> <span class='ocrx_word' id='word_1_692' title='bbox 1286 2217 1335 2243; x_wconf 79' lang='grc' dir='ltr'>καὶ</span> <span class='ocrx_word' id='word_1_693' title='bbox 1349 2216 1464 2252; x_wconf 86' lang='grc' dir='ltr'>πίνομεν</span> <span class='ocrx_word' id='word_1_694' title='bbox 1475 2216 1528 2244; x_wconf 81' lang='grc' dir='ltr'>ἀνὰ</span> <span class='ocrx_word' id='word_1_695' title='bbox 1540 2215 1575 2251; x_wconf 87' lang='grc' dir='ltr'><strong>γ’.</strong></span> 
     </span>
    </p>
   </div>
   <div class='ocr_carea' id='block_1_95' title="bbox 1035 2261 1791 2300">
    <p class='ocr_par' dir='ltr' id='par_1_95' title="bbox 1035 2261 1791 2300">
     <span class='ocr_line' id='line_1_95' title="bbox 1035 2261 1791 2300; baseline -0.004 -8"><span class='ocrx_word' id='word_1_696' title='bbox 1035 2264 1085 2300; x_wconf 86' lang='grc' dir='ltr'><strong>λβ’.</strong></span> <span class='ocrx_word' id='word_1_697' title='bbox 1105 2263 1167 2299; x_wconf 84' lang='grc' dir='ltr'>Χρὴ</span> <span class='ocrx_word' id='word_1_698' title='bbox 1191 2262 1338 2297; x_wconf 87' lang='grc' dir='ltr'>γινώσκειν</span> <span class='ocrx_word' id='word_1_699' title='bbox 1364 2262 1405 2290; x_wconf 81' lang='grc' dir='ltr'>ὅτι</span> <span class='ocrx_word' id='word_1_700' title='bbox 1430 2264 1463 2298; x_wconf 84' lang='grc' dir='ltr'><strong>τῇ</strong></span> <span class='ocrx_word' id='word_1_701' title='bbox 1483 2262 1553 2298; x_wconf 83' lang='grc' dir='ltr'>μέσῃ</span> <span class='ocrx_word' id='word_1_702' title='bbox 1579 2261 1706 2298; x_wconf 71' lang='grc' dir='ltr'>ἐϐδομάδι</span> <span class='ocrx_word' id='word_1_703' title='bbox 1732 2262 1791 2290; x_wconf 82' lang='grc' dir='ltr'>τῶν</span> 
     </span>
    </p>
   </div>
   <div class='ocr_carea' id='block_1_96' title="bbox 999 2309 1789 2347">
    <p class='ocr_par' dir='ltr' id='par_1_96' title="bbox 999 2309 1789 2347">
     <span class='ocr_line' id='line_1_96' title="bbox 999 2309 1789 2347; baseline -0.005 -8"><span class='ocrx_word' id='word_1_704' title='bbox 999 2313 1087 2347; x_wconf 71' lang='grc' dir='ltr'>ἁγίων</span> <span class='ocrx_word' id='word_1_705' title='bbox 1095 2311 1238 2347; x_wconf 79' lang='grc' dir='ltr'>νηστειῶν,</span> <span class='ocrx_word' id='word_1_706' title='bbox 1247 2310 1421 2346; x_wconf 85' lang='grc' dir='ltr'>καθεκάστην</span> <span class='ocrx_word' id='word_1_707' title='bbox 1431 2310 1501 2345; x_wconf 82' lang='grc' dir='ltr'>μετὰ</span> <span class='ocrx_word' id='word_1_708' title='bbox 1508 2310 1539 2336; x_wconf 75' lang='grc' dir='ltr'>τὸ</span> <span class='ocrx_word' id='word_1_709' title='bbox 1551 2309 1686 2345; x_wconf 78' lang='grc' dir='ltr'>ψαλθῆναι</span> <span class='ocrx_word' id='word_1_710' title='bbox 1694 2309 1744 2345; x_wconf 71' lang='grc' dir='ltr'>τὴν</span> <span class='ocrx_word' id='word_1_711' title='bbox 1753 2309 1789 2342; x_wconf 85' lang='grc' dir='ltr'>θ’,</span> 
     </span>
    </p>
   </div>
   <div class='ocr_carea' id='block_1_97' title="bbox 972 2355 1791 2395">
    <p class='ocr_par' dir='ltr' id='par_1_97' title="bbox 972 2355 1791 2395">
     <span class='ocr_line' id='line_1_97' title="bbox 972 2355 1791 2395; baseline -0.005 -9"><span class='ocrx_word' id='word_1_712' title='bbox 972 2362 976 2366; x_wconf 91' lang='grc'><em>”</em></span> <span class='ocrx_word' id='word_1_713' title='bbox 1001 2359 1159 2395; x_wconf 80' lang='grc' dir='ltr'>προτίθεται</span> <span class='ocrx_word' id='word_1_714' title='bbox 1180 2357 1212 2384; x_wconf 86' lang='grc' dir='ltr'>τδ</span> <span class='ocrx_word' id='word_1_715' title='bbox 1238 2357 1370 2389; x_wconf 80' lang='grc' dir='ltr'>ζωοποιδν</span> <span class='ocrx_word' id='word_1_716' title='bbox 1396 2356 1485 2390; x_wconf 83' lang='grc' dir='ltr'>ξύλον,</span> <span class='ocrx_word' id='word_1_717' title='bbox 1507 2357 1556 2384; x_wconf 82' lang='grc' dir='ltr'>καὶ</span> <span class='ocrx_word' id='word_1_718' title='bbox 1580 2355 1791 2392; x_wconf 81' lang='grc' dir='ltr'>προσκυνοῦμεν</span> 
     </span>
    </p>
   </div>
   <div class='ocr_carea' id='block_1_98' title="bbox 1001 2403 1184 2439">
    <p class='ocr_par' dir='ltr' id='par_1_98' title="bbox 1001 2403 1184 2439">
     <span class='ocr_line' id='line_1_98' title="bbox 1001 2403 1184 2439; baseline 0.005 -1"><span class='ocrx_word' id='word_1_719' title='bbox 1001 2405 1102 2439; x_wconf 62' lang='grc' dir='ltr'>πάντες</span> <span class='ocrx_word' id='word_1_720' title='bbox 1116 2403 1184 2439; x_wconf 64' lang='grc' dir='ltr'><strong>(ιδ)-</strong></span> 
     </span>
    </p>
   </div>
   <div class='ocr_carea' id='block_1_99' title="bbox 912 2460 1028 2494">
    <p class='ocr_par' dir='ltr' id='par_1_99' title="bbox 912 2460 1028 2494">
     <span class='ocr_line' id='line_1_99' title="bbox 912 2460 1028 2494; baseline -0.009 -4"><span class='ocrx_word' id='word_1_721' title='bbox 912 2460 1028 2494; x_wconf 69' lang='grc' dir='ltr'><strong>ΝΟΤῙΕ.</strong></span> 
     </span>
    </p>
   </div>
   <div class='ocr_carea' id='block_1_100' title="bbox 195 2505 948 2549">
    <p class='ocr_par' dir='ltr' id='par_1_100' title="bbox 195 2505 948 2549">
     <span class='ocr_line' id='line_1_100' title="bbox 195 2505 948 2549; baseline 0.003 -17"><span class='ocrx_word' id='word_1_722' title='bbox 195 2506 251 2549; x_wconf 68' lang='grc' dir='ltr'><strong>(ιβ)</strong></span> <span class='ocrx_word' id='word_1_723' title='bbox 267 2505 669 2549; x_wconf 54' lang='lat' dir='ltr'><strong>,De&#39;quadragesimalijejunio,</strong></span> <span class='ocrx_word' id='word_1_724' title='bbox 682 2506 712 2534; x_wconf 72' lang='grc' dir='ltr'><strong>Β.</strong></span> <span class='ocrx_word' id='word_1_725' title='bbox 725 2507 948 2549; x_wconf 47' lang='lat' dir='ltr'><strong>Philipp&#39;i‘appel-</strong></span> 
     </span>
    </p>
   </div>
   <div class='ocr_carea' id='block_1_101' title="bbox 161 2514 948 2576">
    <p class='ocr_par' dir='ltr' id='par_1_101' title="bbox 161 2514 948 2576">
     <span class='ocr_line' id='line_1_101' title="bbox 195 2514 948 2575; baseline 0.003 -43"><span class='ocrx_word' id='word_1_726' title='bbox 195 2514 251 2549; x_wconf 55' lang='grc' dir='ltr'>μιν)</span> <span class='ocrx_word' id='word_1_727' title='bbox 267 2514 305 2539; x_wconf 76' lang='lat' dir='ltr'><strong>pe</strong></span> <span class='ocrx_word' id='word_1_728' title='bbox 317 2514 669 2575; x_wconf 46' lang='lat' dir='ltr'><strong>(lunarageSImaleeiupto,</strong></span> <span class='ocrx_word' id='word_1_729' title='bbox 682 2514 712 2534; x_wconf 70' lang='grc' dir='ltr'><strong>δ.</strong></span> <span class='ocrx_word' id='word_1_730' title='bbox 725 2514 841 2547; x_wconf 63' lang='lat' dir='ltr'><strong>Philippi</strong></span> <span class='ocrx_word' id='word_1_731' title='bbox 853 2514 948 2548; x_wconf 63' lang='lat' dir='ltr'><strong>appet-</strong></span> 
     </span>
     <span class='ocr_line' id='line_1_102' title="bbox 161 2541 948 2576; baseline -0.003 -6"><span class='ocrx_word' id='word_1_732' title='bbox 161 2544 221 2573; x_wconf 80' lang='lat' dir='ltr'><strong>Iatl,</strong></span> <span class='ocrx_word' id='word_1_733' title='bbox 240 2541 312 2576; x_wconf 88' lang='lat' dir='ltr'><strong>quod</strong></span> <span class='ocrx_word' id='word_1_734' title='bbox 339 2542 409 2568; x_wconf 82' lang='lat' dir='ltr'><strong>Ideni</strong></span> <span class='ocrx_word' id='word_1_735' title='bbox 435 2546 476 2568; x_wconf 76' lang='lat' dir='ltr'><strong>est</strong></span> <span class='ocrx_word' id='word_1_736' title='bbox 501 2550 532 2568; x_wconf 84' lang='lat' dir='ltr'><strong>ac</strong></span> <span class='ocrx_word' id='word_1_737' title='bbox 566 2550 689 2575; x_wconf 67' lang='lat' dir='ltr'><strong>ejunium</strong></span> <span class='ocrx_word' id='word_1_738' title='bbox 710 2543 809 2570; x_wconf 82' lang='lat' dir='ltr'><strong>natalis</strong></span> <span class='ocrx_word' id='word_1_739' title='bbox 830 2542 948 2573; x_wconf 87' lang='lat' dir='ltr'><strong>Donum,</strong></span> 
     </span>
    </p>
   </div>
   <div class='ocr_carea' id='block_1_102' title="bbox 158 2575 947 2613">
    <p class='ocr_par' dir='ltr' id='par_1_102' title="bbox 158 2575 947 2613">
     <span class='ocr_line' id='line_1_103' title="bbox 158 2575 947 2613; baseline -0.003 -8"><span class='ocrx_word' id='word_1_740' title='bbox 158 2575 265 2613; x_wconf 71' lang='lat' dir='ltr'><strong>legatur</strong></span> <span class='ocrx_word' id='word_1_741' title='bbox 284 2575 448 2613; x_wconf 60' lang='lat' dir='ltr'><strong>Knastsslus</strong></span> <span class='ocrx_word' id='word_1_742' title='bbox 468 2576 627 2613; x_wconf 69' lang='lat' dir='ltr'><strong>Sinaitain</strong></span> <span class='ocrx_word' id='word_1_743' title='bbox 649 2577 781 2611; x_wconf 90' lang='lat' dir='ltr'><strong>opusculo</strong></span> <span class='ocrx_word' id='word_1_744' title='bbox 802 2577 843 2613; x_wconf 72' lang='lat' dir='ltr'><strong>De</strong></span> <span class='ocrx_word' id='word_1_745' title='bbox 863 2576 947 2613; x_wconf 52' lang='lat' dir='ltr'><strong>tribu;</strong></span> 
     </span>
    </p>
   </div>
   <div class='ocr_carea' id='block_1_103' title="bbox 160 2611 947 2647">
    <p class='ocr_par' dir='ltr' id='par_1_103' title="bbox 160 2611 947 2647">
     <span class='ocr_line' id='line_1_104' title="bbox 160 2611 947 2647; baseline -0.003 -7"><span class='ocrx_word' id='word_1_746' title='bbox 160 2611 387 2647; x_wconf 70' lang='lat' dir='ltr'><strong>Qiadrageximis,</strong></span> <span class='ocrx_word' id='word_1_747' title='bbox 416 2612 487 2646; x_wconf 88' lang='lat' dir='ltr'><strong>apud</strong></span> <span class='ocrx_word' id='word_1_748' title='bbox 514 2611 678 2647; x_wconf 71' lang='lat' dir='ltr'><strong>Cotelerium</strong></span> <span class='ocrx_word' id='word_1_749' title='bbox 698 2620 780 2647; x_wconf 86' lang='lat' dir='ltr'><strong>opere</strong></span> <span class='ocrx_word' id='word_1_750' title='bbox 797 2612 844 2639; x_wconf 91' lang='lat' dir='ltr'><strong>cit.</strong></span> <span class='ocrx_word' id='word_1_751' title='bbox 861 2617 880 2639; x_wconf 90' lang='lat' dir='ltr'><strong>t.</strong></span> <span class='ocrx_word' id='word_1_752' title='bbox 902 2611 947 2643; x_wconf 87' lang='grc'><strong>111,</strong></span> 
     </span>
    </p>
   </div>
   <div class='ocr_carea' id='block_1_104' title="bbox 181 2645 948 2688">
    <p class='ocr_par' dir='ltr' id='par_1_104' title="bbox 181 2645 948 2688">
     <span class='ocr_line' id='line_1_105' title="bbox 181 2645 948 2688; baseline -0.003 -12"><span class='ocrx_word' id='word_1_753' title='bbox 181 2669 187 2676; x_wconf 91' lang='grc'>.</span> <span class='ocrx_word' id='word_1_754' title='bbox 205 2645 452 2688; x_wconf 57' lang='grc' dir='ltr'>ίὸυίιὶτειιοιιειιίι·</span> <span class='ocrx_word' id='word_1_755' title='bbox 465 2647 537 2673; x_wconf 84' lang='lat' dir='ltr'><strong>enim</strong></span> <span class='ocrx_word' id='word_1_756' title='bbox 551 2645 670 2683; x_wconf 87' lang='lat' dir='ltr'><strong>Philippi</strong></span> <span class='ocrx_word' id='word_1_757' title='bbox 683 2645 800 2683; x_wconf 77' lang='lat' dir='ltr'><strong>apostoli</strong></span> <span class='ocrx_word' id='word_1_758' title='bbox 818 2647 948 2674; x_wconf 85' lang='lat' dir='ltr'><strong>mandato</strong></span> 
     </span>
    </p>
   </div>
   <div class='ocr_carea' id='block_1_105' title="bbox 159 2688 326 2712">
    <p class='ocr_par' dir='ltr' id='par_1_105' title="bbox 159 2688 326 2712">
     <span class='ocr_line' id='line_1_106' title="bbox 159 2688 326 2712; baseline -0.018 -1"><span class='ocrx_word' id='word_1_759' title='bbox 159 2688 326 2712; x_wconf 82' lang='lat' dir='ltr'><strong>institutum.</strong></span> 
     </span>
    </p>
   </div>
   <div class='ocr_carea' id='block_1_106' title="bbox 195 2716 949 2752">
    <p class='ocr_par' dir='ltr' id='par_1_106' title="bbox 195 2716 949 2752">
     <span class='ocr_line' id='line_1_107' title="bbox 195 2716 949 2752; baseline -0.001 -7"><span class='ocrx_word' id='word_1_760' title='bbox 195 2718 253 2752; x_wconf 71' lang='grc'><strong>(47)</strong></span> <span class='ocrx_word' id='word_1_761' title='bbox 263 2717 347 2744; x_wconf 81' lang='lat' dir='ltr'><strong>Aliter</strong></span> <span class='ocrx_word' id='word_1_762' title='bbox 362 2717 486 2752; x_wconf 79' lang='lat' dir='ltr'><strong>loquitur</strong></span> <span class='ocrx_word' id='word_1_763' title='bbox 500 2717 533 2744; x_wconf 86' lang='lat' dir='ltr'><strong>de</strong></span> <span class='ocrx_word' id='word_1_764' title='bbox 543 2718 625 2746; x_wconf 89' lang='lat' dir='ltr'><strong>misto</strong></span> <span class='ocrx_word' id='word_1_765' title='bbox 637 2717 789 2745; x_wconf 86' lang='lat' dir='ltr'><strong>monastico</strong></span> <span class='ocrx_word' id='word_1_766' title='bbox 800 2716 949 2744; x_wconf 86' lang='lat' dir='ltr'><strong>Martenius</strong></span> 
     </span>
    </p>
   </div>
   <div class='ocr_carea' id='block_1_107' title="bbox 161 2751 949 2787">
    <p class='ocr_par' dir='ltr' id='par_1_107' title="bbox 161 2751 949 2787">
     <span class='ocr_line' id='line_1_108' title="bbox 161 2751 949 2787; baseline -0.003 -6"><span class='ocrx_word' id='word_1_767' title='bbox 161 2755 188 2782; x_wconf 88' lang='lat' dir='ltr'><strong>in</strong></span> <span class='ocrx_word' id='word_1_768' title='bbox 197 2753 305 2780; x_wconf 90' lang='lat' dir='ltr'><strong>Comm.</strong></span> <span class='ocrx_word' id='word_1_769' title='bbox 321 2752 354 2779; x_wconf 85' lang='lat' dir='ltr'><strong>ad</strong></span> <span class='ocrx_word' id='word_1_770' title='bbox 369 2752 434 2787; x_wconf 65' lang='grc' dir='ltr'>ιιι-ε.</span> <span class='ocrx_word' id='word_1_771' title='bbox 445 2751 474 2778; x_wconf 91' lang='lat' dir='ltr'><strong>S.</strong></span> <span class='ocrx_word' id='word_1_772' title='bbox 488 2752 566 2786; x_wconf 67' lang='grc' dir='ltr'>Βειιη</span> <span class='ocrx_word' id='word_1_773' title='bbox 582 2762 607 2785; x_wconf 77' lang='grc' dir='ltr'><strong>ιι.</strong></span> <span class='ocrx_word' id='word_1_774' title='bbox 623 2753 685 2781; x_wconf 71' lang='grc'><strong>495.</strong></span> <span class='ocrx_word' id='word_1_775' title='bbox 701 2753 753 2781; x_wconf 84' lang='lat' dir='ltr'><strong>Sed</strong></span> <span class='ocrx_word' id='word_1_776' title='bbox 766 2753 836 2780; x_wconf 87' lang='lat' dir='ltr'><strong>idem</strong></span> <span class='ocrx_word' id='word_1_777' title='bbox 850 2751 949 2780; x_wconf 84' lang='lat' dir='ltr'><strong>Marte-</strong></span> 
     </span>
    </p>
   </div>
   <div class='ocr_carea' id='block_1_108' title="bbox 161 2788 789 2823">
    <p class='ocr_par' dir='ltr' id='par_1_108' title="bbox 161 2788 789 2823">
     <span class='ocr_line' id='line_1_109' title="bbox 161 2788 789 2823; baseline 0.002 -9"><span class='ocrx_word' id='word_1_778' title='bbox 161 2796 224 2817; x_wconf 81' lang='lat' dir='ltr'><strong>mus</strong></span> <span class='ocrx_word' id='word_1_779' title='bbox 239 2788 325 2821; x_wconf 72' lang='lat' dir='ltr'><strong>magis</strong></span> <span class='ocrx_word' id='word_1_780' title='bbox 344 2788 472 2822; x_wconf 72' lang='lat' dir='ltr'><strong>congruit</strong></span> <span class='ocrx_word' id='word_1_781' title='bbox 487 2795 549 2815; x_wconf 89' lang='lat' dir='ltr'><strong>cum</strong></span> <span class='ocrx_word' id='word_1_782' title='bbox 562 2789 675 2821; x_wconf 62' lang='lat' dir='ltr'><strong>Grazcis,</strong></span> <span class='ocrx_word' id='word_1_783' title='bbox 688 2796 714 2823; x_wconf 90' lang='lat' dir='ltr'><strong>p.</strong></span> <span class='ocrx_word' id='word_1_784' title='bbox 727 2788 789 2817; x_wconf 76' lang='lat'><strong>657.</strong></span> 
     </span>
    </p>
   </div>
   <div class='ocr_carea' id='block_1_109' title="bbox 198 2822 948 2859">
    <p class='ocr_par' dir='ltr' id='par_1_109' title="bbox 198 2822 948 2859">
     <span class='ocr_line' id='line_1_110' title="bbox 198 2822 948 2859; baseline 0.001 -10"><span class='ocrx_word' id='word_1_785' title='bbox 198 2823 254 2858; x_wconf 75' lang='lat' dir='ltr'><strong>(t8)</strong></span> <span class='ocrx_word' id='word_1_786' title='bbox 273 2822 310 2850; x_wconf 83' lang='lat' dir='ltr'><strong>De</strong></span> <span class='ocrx_word' id='word_1_787' title='bbox 332 2823 385 2850; x_wconf 89' lang='lat' dir='ltr'><strong>hoc</strong></span> <span class='ocrx_word' id='word_1_788' title='bbox 409 2825 462 2859; x_wconf 82' lang='lat' dir='ltr'><strong>ritu</strong></span> <span class='ocrx_word' id='word_1_789' title='bbox 480 2823 646 2859; x_wconf 20' lang='lat' dir='ltr'><strong>rEuthyinius</strong></span> <span class='ocrx_word' id='word_1_790' title='bbox 662 2822 857 2859; x_wconf 80' lang='lat' dir='ltr'><strong>Neopatreusis</strong></span> <span class='ocrx_word' id='word_1_791' title='bbox 876 2822 948 2859; x_wconf 86' lang='lat' dir='ltr'><strong>apud</strong></span> 
     </span>
    </p>
   </div>
   <div class='ocr_carea' id='block_1_110' title="bbox 162 2858 948 2892">
    <p class='ocr_par' dir='ltr' id='par_1_110' title="bbox 162 2858 948 2892">
     <span class='ocr_line' id='line_1_111' title="bbox 162 2858 948 2892; baseline 0.001 -7"><span class='ocrx_word' id='word_1_792' title='bbox 162 2861 244 2889; x_wconf 75' lang='lat' dir='ltr'><strong>Allat.</strong></span> <span class='ocrx_word' id='word_1_793' title='bbox 269 2865 313 2892; x_wconf 86' lang='lat' dir='ltr'><strong>op.</strong></span> <span class='ocrx_word' id='word_1_794' title='bbox 343 2858 389 2886; x_wconf 92' lang='lat' dir='ltr'><strong>cit.</strong></span> <span class='ocrx_word' id='word_1_795' title='bbox 423 2858 501 2886; x_wconf 73' lang='grc'><strong>1458.</strong></span> <span class='ocrx_word' id='word_1_796' title='bbox 516 2858 610 2890; x_wconf 79' lang='lat' dir='ltr'><strong>Exstat</strong></span> <span class='ocrx_word' id='word_1_797' title='bbox 625 2858 705 2887; x_wconf 85' lang='lat' dir='ltr'><strong>etiam</strong></span> <span class='ocrx_word' id='word_1_798' title='bbox 721 2858 834 2888; x_wconf 72' lang='lat' dir='ltr'><strong>b‘tudita:</strong></span> <span class='ocrx_word' id='word_1_799' title='bbox 860 2858 948 2886; x_wconf 81' lang='lat' dir='ltr'><strong>nostri</strong></span> 
     </span>
    </p>
   </div>
   <div class='ocr_carea' id='block_1_111' title="bbox 1002 2503 1788 2537">
    <p class='ocr_par' dir='ltr' id='par_1_111' title="bbox 1002 2503 1788 2537">
     <span class='ocr_line' id='line_1_112' title="bbox 1002 2503 1788 2537; baseline -0.008 -2"><span class='ocrx_word' id='word_1_800' title='bbox 1002 2514 1095 2535; x_wconf 88' lang='lat' dir='ltr'><strong>sermo</strong></span> <span class='ocrx_word' id='word_1_801' title='bbox 1107 2507 1140 2534; x_wconf 91' lang='lat' dir='ltr'><strong>de</strong></span> <span class='ocrx_word' id='word_1_802' title='bbox 1159 2506 1211 2534; x_wconf 85' lang='lat' dir='ltr'><strong>hac</strong></span> <span class='ocrx_word' id='word_1_803' title='bbox 1229 2505 1320 2533; x_wconf 86' lang='lat' dir='ltr'><strong>crucis</strong></span> <span class='ocrx_word' id='word_1_804' title='bbox 1334 2504 1494 2532; x_wconf 82' lang='lat' dir='ltr'><strong>adoratione</strong></span> <span class='ocrx_word' id='word_1_805' title='bbox 1507 2504 1534 2531; x_wconf 93' lang='lat' dir='ltr'><strong>in</strong></span> <span class='ocrx_word' id='word_1_806' title='bbox 1552 2504 1639 2531; x_wconf 83' lang='lat' dir='ltr'><strong>media</strong></span> <span class='ocrx_word' id='word_1_807' title='bbox 1661 2503 1788 2537; x_wconf 79' lang='lat' dir='ltr'><strong>Quadra-</strong></span> 
     </span>
    </p>
   </div>
   <div class='ocr_carea' id='block_1_112' title="bbox 1002 2537 1790 2577">
    <p class='ocr_par' dir='ltr' id='par_1_112' title="bbox 1002 2537 1790 2577">
     <span class='ocr_line' id='line_1_113' title="bbox 1002 2537 1790 2577; baseline -0.003 -8"><span class='ocrx_word' id='word_1_808' title='bbox 1002 2542 1117 2577; x_wconf 81' lang='lat' dir='ltr'><strong>gesima.</strong></span> <span class='ocrx_word' id='word_1_809' title='bbox 1134 2541 1162 2577; x_wconf 79' lang='lat' dir='ltr'><strong>In</strong></span> <span class='ocrx_word' id='word_1_810' title='bbox 1172 2537 1285 2577; x_wconf 76' lang='lat' dir='ltr'><strong>basilica</strong></span> <span class='ocrx_word' id='word_1_811' title='bbox 1299 2540 1382 2577; x_wconf 77' lang='lat' dir='ltr'><strong>etiam</strong></span> <span class='ocrx_word' id='word_1_812' title='bbox 1396 2539 1544 2577; x_wconf 52' lang='lat' dir='ltr'><strong>Vaticana,</strong></span> <span class='ocrx_word' id='word_1_813' title='bbox 1571 2539 1622 2577; x_wconf 80' lang='lat' dir='ltr'><strong>hoc</strong></span> <span class='ocrx_word' id='word_1_814' title='bbox 1637 2539 1697 2577; x_wconf 75' lang='lat' dir='ltr'><strong>ipso</strong></span> <span class='ocrx_word' id='word_1_815' title='bbox 1719 2543 1790 2567; x_wconf 86' lang='lat' dir='ltr'><strong>teru-</strong></span> 
     </span>
    </p>
   </div>
   <div class='ocr_carea' id='block_1_113' title="bbox 1001 2573 1788 2612">
    <p class='ocr_par' dir='ltr' id='par_1_113' title="bbox 1001 2573 1788 2612">
     <span class='ocr_line' id='line_1_114' title="bbox 1001 2573 1788 2612; baseline -0.005 -8"><span class='ocrx_word' id='word_1_816' title='bbox 1001 2573 1079 2612; x_wconf 69' lang='lat' dir='ltr'><strong>pore,</strong></span> <span class='ocrx_word' id='word_1_817' title='bbox 1093 2574 1170 2612; x_wconf 30' lang='lat' dir='ltr'><strong>enixi</strong></span> <span class='ocrx_word' id='word_1_818' title='bbox 1184 2574 1234 2611; x_wconf 68' lang='lat' dir='ltr'><strong>pio]</strong></span> <span class='ocrx_word' id='word_1_819' title='bbox 1249 2575 1438 2612; x_wconf 69' lang='lat' dir='ltr'><strong>frequentique</strong></span> <span class='ocrx_word' id='word_1_820' title='bbox 1455 2574 1555 2612; x_wconf 81' lang='lat' dir='ltr'><strong>populo</strong></span> <span class='ocrx_word' id='word_1_821' title='bbox 1569 2573 1708 2612; x_wconf 80' lang='lat' dir='ltr'><strong>adoranda</strong></span> <span class='ocrx_word' id='word_1_822' title='bbox 1723 2581 1788 2608; x_wconf 90' lang='lat' dir='ltr'><strong>pro-</strong></span> 
     </span>
    </p>
   </div>
   <div class='ocr_carea' id='block_1_114' title="bbox 1021 2610 1785 2645">
    <p class='ocr_par' dir='ltr' id='par_1_114' title="bbox 1021 2610 1785 2645">
     <span class='ocr_line' id='line_1_115' title="bbox 1021 2610 1785 2645; baseline -0.003 -7"><span class='ocrx_word' id='word_1_823' title='bbox 1021 2613 1122 2639; x_wconf 89' lang='lat' dir='ltr'><strong>onitur.</strong></span> <span class='ocrx_word' id='word_1_824' title='bbox 1150 2611 1183 2638; x_wconf 84' lang='lat' dir='ltr'><strong>Et</strong></span> <span class='ocrx_word' id='word_1_825' title='bbox 1207 2610 1318 2645; x_wconf 86' lang='lat' dir='ltr'><strong>quidem</strong></span> <span class='ocrx_word' id='word_1_826' title='bbox 1333 2610 1378 2645; x_wconf 16' lang='lat' dir='ltr'><strong>Vde</strong></span> <span class='ocrx_word' id='word_1_827' title='bbox 1402 2611 1493 2637; x_wconf 86' lang='lat' dir='ltr'><strong>crucis</strong></span> <span class='ocrx_word' id='word_1_828' title='bbox 1513 2610 1681 2645; x_wconf 81' lang='lat' dir='ltr'><strong>adoratione.</strong></span> <span class='ocrx_word' id='word_1_829' title='bbox 1702 2616 1785 2643; x_wconf 86' lang='lat' dir='ltr'><strong>quam</strong></span> 
     </span>
    </p>
   </div>
   <div class='ocr_carea' id='block_1_115' title="bbox 1002 2620 1787 2679">
    <p class='ocr_par' dir='ltr' id='par_1_115' title="bbox 1002 2620 1787 2679">
     <span class='ocr_line' id='line_1_116' title="bbox 1021 2620 1785 2645; baseline -0.004 -6"><span class='ocrx_word' id='word_1_830' title='bbox 1021 2620 1122 2639; x_wconf 82' lang='grc' dir='ltr'>οιιιιυΓ.</span> <span class='ocrx_word' id='word_1_831' title='bbox 1150 2620 1183 2638; x_wconf 61' lang='grc' dir='ltr'><strong>ιι</strong></span> <span class='ocrx_word' id='word_1_832' title='bbox 1207 2620 1318 2645; x_wconf 80' lang='lat' dir='ltr'><strong>qutuem</strong></span> <span class='ocrx_word' id='word_1_833' title='bbox 1344 2620 1378 2637; x_wconf 70' lang='grc' dir='ltr'>αθ</span> <span class='ocrx_word' id='word_1_834' title='bbox 1402 2620 1493 2637; x_wconf 75' lang='lat' dir='ltr'><strong>cructs</strong></span> <span class='ocrx_word' id='word_1_835' title='bbox 1513 2620 1681 2639; x_wconf 75' lang='lat' dir='ltr'><strong>auuruuone.</strong></span> <span class='ocrx_word' id='word_1_836' title='bbox 1702 2620 1785 2643; x_wconf 80' lang='lat' dir='ltr'><strong>quam</strong></span> 
     </span>
     <span class='ocr_line' id='line_1_117' title="bbox 1002 2620 1787 2679; baseline -0.005 -5"><span class='ocrx_word' id='word_1_837' title='bbox 1002 2620 1175 2675; x_wconf 71' lang='lat' dir='ltr'><strong>rconomachi</strong></span> <span class='ocrx_word' id='word_1_838' title='bbox 1190 2648 1272 2673; x_wconf 85' lang='lat' dir='ltr'><strong>etiam</strong></span> <span class='ocrx_word' id='word_1_839' title='bbox 1289 2644 1481 2679; x_wconf 82' lang='lat' dir='ltr'><strong>retinuerunt,</strong></span> <span class='ocrx_word' id='word_1_840' title='bbox 1499 2644 1604 2679; x_wconf 73' lang='lat' dir='ltr'><strong>legatur</strong></span> <span class='ocrx_word' id='word_1_841' title='bbox 1617 2644 1644 2670; x_wconf 92' lang='lat' dir='ltr'><strong>in</strong></span> <span class='ocrx_word' id='word_1_842' title='bbox 1666 2644 1718 2671; x_wconf 91' lang='lat' dir='ltr'><strong>hoc</strong></span> <span class='ocrx_word' id='word_1_843' title='bbox 1735 2652 1787 2670; x_wconf 91' lang='lat' dir='ltr'><strong>uo-</strong></span> 
     </span>
    </p>
   </div>
   <div class='ocr_carea' id='block_1_116' title="bbox 1002 2678 1786 2715">
    <p class='ocr_par' dir='ltr' id='par_1_116' title="bbox 1002 2678 1786 2715">
     <span class='ocr_line' id='line_1_118' title="bbox 1002 2678 1786 2715; baseline -0.008 -5"><span class='ocrx_word' id='word_1_844' title='bbox 1002 2686 1061 2710; x_wconf 87' lang='lat' dir='ltr'><strong>stro</strong></span> <span class='ocrx_word' id='word_1_845' title='bbox 1074 2681 1210 2709; x_wconf 76' lang='lat' dir='ltr'><strong>Volumine</strong></span> <span class='ocrx_word' id='word_1_846' title='bbox 1225 2688 1340 2715; x_wconf 76' lang='lat' dir='ltr'><strong>magnus</strong></span> <span class='ocrx_word' id='word_1_847' title='bbox 1364 2678 1537 2715; x_wconf 73' lang='lat' dir='ltr'><strong>Nicephorius</strong></span> <span class='ocrx_word' id='word_1_848' title='bbox 1557 2679 1618 2715; x_wconf 65' lang='lat' dir='ltr'><strong>adv.</strong></span> <span class='ocrx_word' id='word_1_849' title='bbox 1647 2678 1786 2715; x_wconf 74' lang='lat' dir='ltr'><strong>Coprony-</strong></span> 
     </span>
    </p>
   </div>
   <div class='ocr_carea' id='block_1_117' title="bbox 1002 2713 1783 2749">
    <p class='ocr_par' dir='ltr' id='par_1_117' title="bbox 1002 2713 1783 2749">
     <span class='ocr_line' id='line_1_119' title="bbox 1002 2713 1783 2749; baseline -0.006 -4"><span class='ocrx_word' id='word_1_850' title='bbox 1002 2725 1077 2745; x_wconf 86' lang='lat' dir='ltr'><strong>mum</strong></span> <span class='ocrx_word' id='word_1_851' title='bbox 1094 2717 1212 2744; x_wconf 87' lang='lat' dir='ltr'><strong>antirrh.</strong></span> <span class='ocrx_word' id='word_1_852' title='bbox 1227 2713 1322 2748; x_wconf 63' lang='lat' dir='ltr'><strong>lll,&quot;53</strong></span> <span class='ocrx_word' id='word_1_853' title='bbox 1333 2718 1359 2741; x_wconf 87' lang='lat' dir='ltr'><strong>ct</strong></span> <span class='ocrx_word' id='word_1_854' title='bbox 1372 2713 1448 2749; x_wconf 71' lang='lat' dir='ltr'><strong>seqq.</strong></span> <span class='ocrx_word' id='word_1_855' title='bbox 1465 2714 1585 2749; x_wconf 84' lang='lat' dir='ltr'><strong>Plurima</strong></span> <span class='ocrx_word' id='word_1_856' title='bbox 1600 2713 1635 2741; x_wconf 85' lang='lat' dir='ltr'><strong>de</strong></span> <span class='ocrx_word' id='word_1_857' title='bbox 1647 2714 1699 2749; x_wconf 82' lang='lat' dir='ltr'><strong>hoc</strong></span> <span class='ocrx_word' id='word_1_858' title='bbox 1709 2713 1783 2740; x_wconf 71' lang='lat' dir='ltr'><strong>cultu</strong></span> 
     </span>
    </p>
   </div>
   <div class='ocr_carea' id='block_1_118' title="bbox 1002 2748 1784 2780">
    <p class='ocr_par' dir='ltr' id='par_1_118' title="bbox 1002 2748 1784 2780">
     <span class='ocr_line' id='line_1_120' title="bbox 1002 2748 1784 2780; baseline -0.004 -1"><span class='ocrx_word' id='word_1_859' title='bbox 1002 2752 1173 2780; x_wconf 77' lang='lat' dir='ltr'><strong>coacervavit</strong></span> <span class='ocrx_word' id='word_1_860' title='bbox 1187 2752 1311 2779; x_wconf 85' lang='lat' dir='ltr'><strong>eruditus</strong></span> <span class='ocrx_word' id='word_1_861' title='bbox 1339 2748 1490 2777; x_wconf 81' lang='lat' dir='ltr'><strong>monachus</strong></span> <span class='ocrx_word' id='word_1_862' title='bbox 1504 2748 1627 2776; x_wconf 85' lang='lat' dir='ltr'><strong>Leander</strong></span> <span class='ocrx_word' id='word_1_863' title='bbox 1641 2748 1784 2776; x_wconf 83' lang='lat' dir='ltr'><strong>Correrius</strong></span> 
     </span>
    </p>
   </div>
   <div class='ocr_carea' id='block_1_119' title="bbox 1003 2782 1783 2823">
    <p class='ocr_par' dir='ltr' id='par_1_119' title="bbox 1003 2782 1783 2823">
     <span class='ocr_line' id='line_1_121' title="bbox 1003 2782 1783 2823; baseline -0.009 -8"><span class='ocrx_word' id='word_1_864' title='bbox 1003 2788 1038 2815; x_wconf 86' lang='lat' dir='ltr'><strong>de</strong></span> <span class='ocrx_word' id='word_1_865' title='bbox 1058 2787 1228 2823; x_wconf 75' lang='lat' dir='ltr'><strong>Sessorianis</strong></span> <span class='ocrx_word' id='word_1_866' title='bbox 1237 2784 1536 2823; x_wconf 69' lang='lat' dir='ltr'><strong>praecipuispassionis</strong></span> <span class='ocrx_word' id='word_1_867' title='bbox 1547 2783 1578 2810; x_wconf 84' lang='grc' dir='ltr'><strong>Ι).</strong></span> <span class='ocrx_word' id='word_1_868' title='bbox 1592 2782 1704 2823; x_wconf 37' lang='grc' dir='ltr'><strong>Νι)..οε</strong></span> <span class='ocrx_word' id='word_1_869' title='bbox 1719 2785 1783 2810; x_wconf 90' lang='lat' dir='ltr'><strong>reli-</strong></span> 
     </span>
    </p>
   </div>
   <div class='ocr_carea' id='block_1_120' title="bbox 1002 2818 1784 2858">
    <p class='ocr_par' dir='ltr' id='par_1_120' title="bbox 1002 2818 1784 2858">
     <span class='ocr_line' id='line_1_122' title="bbox 1002 2818 1784 2858; baseline -0.006 -8"><span class='ocrx_word' id='word_1_870' title='bbox 1002 2823 1075 2858; x_wconf 89' lang='lat' dir='ltr'><strong>quiis</strong></span> <span class='ocrx_word' id='word_1_871' title='bbox 1099 2827 1169 2856; x_wconf 87' lang='lat' dir='ltr'><strong>part.</strong></span> <span class='ocrx_word' id='word_1_872' title='bbox 1188 2822 1220 2854; x_wconf 88' lang='lat' dir='ltr'><strong>Il,</strong></span> <span class='ocrx_word' id='word_1_873' title='bbox 1237 2818 1264 2858; x_wconf 67' lang='lat'><strong>8,</strong></span> <span class='ocrx_word' id='word_1_874' title='bbox 1280 2818 1327 2858; x_wconf 77' lang='lat' dir='ltr'><strong>qui</strong></span> <span class='ocrx_word' id='word_1_875' title='bbox 1345 2820 1459 2858; x_wconf 64' lang='lat' dir='ltr'><strong>utiliter</strong></span> <span class='ocrx_word' id='word_1_876' title='bbox 1480 2819 1593 2858; x_wconf 76' lang='lat' dir='ltr'><strong>legetur.</strong></span> <span class='ocrx_word' id='word_1_877' title='bbox 1620 2818 1676 2858; x_wconf 74' lang='lat' dir='ltr'><strong>Sed</strong></span> <span class='ocrx_word' id='word_1_878' title='bbox 1696 2818 1784 2858; x_wconf 74' lang='lat' dir='ltr'><strong>instar</strong></span> 
     </span>
    </p>
   </div>
   <div class='ocr_carea' id='block_1_121' title="bbox 1005 2853 1785 2891">
    <p class='ocr_par' dir='ltr' id='par_1_121' title="bbox 1005 2853 1785 2891">
     <span class='ocr_line' id='line_1_123' title="bbox 1005 2853 1785 2891; baseline -0.009 -4"><span class='ocrx_word' id='word_1_879' title='bbox 1005 2853 1126 2890; x_wconf 72' lang='lat' dir='ltr'><strong>dmuiuiu</strong></span> <span class='ocrx_word' id='word_1_880' title='bbox 1151 2853 1217 2886; x_wconf 83' lang='lat' dir='ltr'><strong>sunt</strong></span> <span class='ocrx_word' id='word_1_881' title='bbox 1236 2853 1460 2891; x_wconf 70' lang='lat' dir='ltr'><strong>lacobiGretscri</strong></span> <span class='ocrx_word' id='word_1_882' title='bbox 1486 2854 1520 2882; x_wconf 87' lang='lat' dir='ltr'><strong>de</strong></span> <span class='ocrx_word' id='word_1_883' title='bbox 1532 2861 1614 2882; x_wconf 83' lang='lat' dir='ltr'><strong>cruce</strong></span> <span class='ocrx_word' id='word_1_884' title='bbox 1637 2853 1785 2883; x_wconf 82' lang='lat' dir='ltr'><strong>volumina.</strong></span> 
     </span>
    </p>
   </div>
  </div>
