1927 3089
157 135 226 168 1717

264 190 334 225 Περὶ
347 188 401 224 τῆς
413 189 449 216 ἐν
461 188 626 222 διακονίαις
638 189 841 224 συμμετρίαις.

194 235 246 272 λγ’.
266 236 327 272 Χρὴ
341 235 489 270 γινώσκειν
502 235 544 262 ὅτι
556 236 590 270 τῇ
603 235 672 270 ἁγίᾳ
686 235 793 270 μεγάλῃ
807 242 944 269 τεσσαρα-

159 285 256 318 κοστῇ,
270 283 339 318 μετὰ
355 283 385 309 τὸ
396 282 498 317 ψάλλαι
508 282 582 317 ἡμᾶς
596 282 647 316 τὴν
662 284 686 308 α’
697 280 781 317 ὥραν,
800 280 877 316 ἡλίου
895 280 946 316 ήδη

161 329 328 364 ἀνίσχοντος,
342 328 492 363 ἀπέρχεται
507 327 622 358 ἕκαστος
635 328 676 358 εἰς
689 327 739 361 τὴν
754 325 836 354 αὑτοῦ
856 325 947 353 διακο-

160 376 234 402 νίαν·
261 375 419 411 στιχολογία
439 374 469 401 δὲ
492 374 597 408 γίνεται
611 373 658 400 τοῦ
672 373 809 408 ψαλτῆρος
834 372 896 399 ὅλου
917 373 948 399 έν

161 419 267 451 αὐταῖς,
292 419 364 454 πλὴν
380 418 434 445 τῶν
459 417 667 453 Ὴλλιγραφῶν·
690 417 825 452 κάμνουσί
846 426 876 443 τε
895 417 948 448 ἓως

160 466 211 499 τῆς
224 465 257 492 0'.
280 463 358 492 Μετὰ
372 464 400 491 δὲ
421 464 452 490 τὸ
465 463 592 499 λυχνικὺν
610 463 710 498 ψάλλαι
722 464 808 498 ἡμᾶς,
823 463 870 490 καὶ
893 462 948 489 δει-

161 510 267 543 πνίσαι,
284 509 379 543 ίδιάζει
390 509 506 541 ἕκαστος
517 509 555 541 ὡς
568 509 704 544 βούλεται.
724 509 768 536 Ἑν
781 508 809 535 δὲ
825 509 885 540 ταῖς
897 508 949 534 λοι-

161 559 227 589 παῖς
240 557 288 584 τοῦ
308 556 432 584 ἐνιαυτοῦ
454 556 572 591 ἡμέραις
585 576 593 589 ,
613 556 658 582 ὅτε
684 556 734 591 μὲν
757 555 787 582 οὐ
812 554 949 590 ψάλλομεν

161 603 246 639 ὥρας,
260 602 354 638 κρούει
368 602 407 638 τῷ
420 601 493 637 πρωϊ
507 604 543 636 γ’,
560 602 608 629 καὶ
619 596 769 637 ἀπέρχεται
782 600 896 632 ἕκαστος
909 600 949 632 εις

161 648 211 683 τὴν
231 647 328 674 ἑαυτοῦ
352 647 501 677 διακονίαν,
519 646 569 673 καὶ
584 646 690 681 ἐνεργεῖ
706 646 802 681 μέχρις
823 645 948 680 ἀρίστου.

162 694 241 722 Μετὰ
253 694 281 720 δὲ
299 693 400 728 βρῶσιν
417 691 514 723 ἱδιάζει
536 692 650 723 ἕκαστος
672 692 709 723 ὡς
733 691 873 726 βούλεται,
894 691 949 718 εἴτε

164 740 285 776 μελετῶν
298 740 366 774 (49),
379 739 435 765 εἴτε
450 737 621 773 κοιμώμενος
635 737 688 769 ἕως
701 737 775 773 ὧρας
787 740 829 772 η’·
842 738 875 772 τῇ
889 736 916 763 δὲ
925 739 949 772 η’

163 785 257 821 κρούει
279 785 310 811 τὸ
331 784 410 818 ξύλον
433 784 469 818 γ’,
492 785 538 810 καὶ
561 783 643 810 πάλιν
668 783 820 818 ἀπέρχεται
843 783 884 814 εἰς
899 782 950 817 τὴν

163 830 261 858 ἑαυτοῦ
276 829 413 856 διακονίαν
425 829 542 860 ἕκαστος
560 829 613 861 ἓως
627 827 674 855 τοῦ
687 827 826 863 λυχνικοῠ.
838 828 902 854 Ὅτε
921 827 950 853 δὲ

749 134 778 163 S.
796 133 991 165 THEODORI
1015 133 1188 165 STUDITﬁ

1716 133 1785 167 1718

1182 189 1222 217 De
1236 194 1306 217 recto
1320 190 1347 217 in
1360 189 1475 224 ofﬁcinis
1495 189 1597 217 ordine.

1034 236 1079 262 53.
1105 235 1133 262 In
1149 241 1243 263 sancta
1266 243 1364 270 magna
1379 235 1591 270 Quadragesima
1603 256 1611 268 ,
1627 241 1784 270 postquam

1001 279 1096 308 horam
1111 281 1227 316 primam
1243 281 1425 313 cantavimus.
1444 281 1501 308 sole
1520 281 1577 316 jam
1597 280 1713 312 oriente,
1725 289 1787 316 per-

1000 327 1039 360 git
1062 327 1250 362 unusquisque
1279 327 1313 354 ad
1335 327 1471 361 propriam
1500 327 1647 359 officinam,
1688 327 1787 354 recita-

1001 377 1101 407 turque
1113 373 1140 400 in
1157 373 1198 401 eis
1209 372 1369 408 psalterium
1382 370 1480 405 toturn,
1494 377 1592 407 praeter
1605 380 1688 400 ouam
1706 381 1721 399 a
1732 373 1788 400 θοι-

1001 419 1141 454 ligrapbis.
1168 412 1307 446 Laborant
1333 426 1400 445 vero
1419 425 1507 452 usque
1531 419 1565 446 ad
1592 426 1703 446 nonam.
1726 418 1787 446 Jam

1001 469 1144 500 postquam
1171 464 1325 499 lychnicum
1348 464 1530 495 cantavimus.
1555 464 1788 496 et‘coenavimus,

1002 511 1194 546 unusquisque
1209 510 1261 538 sibi
1278 515 1358 537 vacat
1381 517 1432 544 pro
1452 509 1540 537 libito.
1563 509 1673 537 Ceteris
1696 515 1788 537 tamen

1003 557 1068 582 anni
1081 555 1189 586 diebus,
1205 562 1269 582 cum
1284 555 1368 581 horas
1385 561 1440 581 non
1456 553 1591 586 canimus,
1607 553 1674 580 ﬁunt
1694 554 1790 588 pulsus

1002 608 1083 628 mane
1096 604 1161 632 tres,
1173 603 1200 627 et
1209 599 1398 634 unusquisque
1407 599 1494 634 pergit
1503 599 1536 626 ad
1550 606 1628 626 suam
1642 597 1789 629 oliicinam,

1002 650 1030 673 et
1043 652 1130 680 usque
1140 645 1174 672 ad
1187 645 1332 680 prandium
1344 649 1484 680 operatur.
1503 644 1571 672 Cibo
1586 651 1706 679 sumpto,
1734 644 1792 672 sin-

1002 691 1058 727 guli
1074 691 1126 719 sibi
1148 696 1257 724 vacant,
1270 696 1352 726 prout
1365 691 1511 722 voluerint,
1529 691 1587 718 sive
1598 690 1700 725 aliquid
1713 697 1791 717 com-

1002 742 1176 769 mentantes,
1200 737 1259 765 sive
1287 737 1475 765 dormientens
1498 745 1585 772 usque
1607 737 1640 764 ad
1666 741 1790 763 octavam

1003 784 1098 812 horam
1114 791 1250 819 :namque
1262 784 1326 812 hora
1338 788 1436 812 octava
1455 784 1562 819 lignum
1596 784 1722 818 pulsatur
1738 788 1790 815 ter,

1003 829 1148 864 denuoque
1175 830 1264 865 pergit
1292 830 1483 865 unusquisque
1502 829 1536 856 ad
1560 829 1694 856 oliiciuam
1712 836 1790 856 suam

163 876 302 911 ψάλλομεν
324 875 410 911 ὥρας,
436 874 595 905 τελέσαντες
616 874 667 909 τὴν
697 873 773 909 ὥραν
799 873 884 908 πρωῒ,
899 873 951 899 ἀπ-

1008 883 1090 911 usque
1104 876 1137 903 ad
1154 876 1321 912 lychnicum.
1335 875 1389 904 Sed
1403 883 1459 911 quo
1480 881 1599 910 tempore
1620 875 1702 902 horas
1719 875 1792 910 psal-

164 923 290 956 έρχονται
303 921 328 948 οι
342 920 452 955 ἀδελφοὶ
473 921 514 952 εἰς
531 919 581 951 τὰς
602 919 707 946 ἑαυτῶν
720 918 858 950 διακονίας
870 939 878 950 ,
897 918 951 948 ἓως

165 967 242 1002 ὥρας
259 969 285 998 ς’
299 965 461 1001 κάμνοντες,
475 966 526 993 κᾶν
540 974 570 992 τε
585 965 659 992 ἐστὶν
670 965 703 997 θ’,
719 964 771 992 κᾶν
789 973 820 991 τε
836 964 888 1000 μή·
904 962 951 990 καὶ

167 1012 238 1047 μετὰ
248 1011 298 1047 τὴν
314 1015 341 1045 ς’
355 1010 498 1048 ἡσυχάζει,
509 1011 547 1043 ὡς
559 1011 670 1047 εἴρηται
681 1011 734 1044 ἓως
750 1011 801 1047 τῆς
814 1013 851 1046 η’.

201 1100 249 1128 λδ¹.
264 1100 324 1137 Χρὴ
335 1099 479 1135 γινώσκειν
492 1101 534 1128 ὅτι
546 1100 619 1128 κατὰ
640 1101 735 1137 καιρὸν
747 1102 798 1138 τῆς
822 1111 949 1138 παραμο-

167 1147 216 1182 νῆς
225 1145 276 1180 τῆς
290 1145 434 1182 βαῖοφόρου
446 1146 487 1178 εἰς
505 1145 536 1172 τδ
554 1147 644 1179 Κύριε
668 1146 816 1181 ἐκέκραξα
826 1167 834 1178 ,
850 1147 950 1174 ἀλλάσ-

168 1199 259 1217 σονται
275 1190 301 1216 οί
316 1190 391 1226 χοροί
403 1198 411 1205 ·
425 1189 472 1216 καὶ
486 1191 509 1216 οἱ
528 1190 578 1225 μὲν
592 1190 674 1223 δεξιοὶ
686 1191 850 1226 ἀπέρχονται
863 1192 903 1223 είς
916 1191 950 1218 τὰ

167 1235 309 1271 ἀριστερὰ,
325 1236 349 1262 οἱ
366 1235 393 1262 δὲ
407 1236 547 1271 ἀριστεροὶ
562 1237 602 1267 είς
617 1237 651 1263 τὰ
665 1236 748 1268 δεξιά.

202 1281 248 1307 λε’.
265 1282 311 1307 Δεῖ
326 1280 471 1315 γινώσκειν
481 1281 520 1307 ὅτι
531 1281 612 1315 ἡνίκα
621 1281 716 1308 κλάσει
726 1282 840 1316 ἀδελφὸς
853 1281 950 1314 σκεῦος

167 1326 223 1352 εἴτε
236 1325 397 1361 ὸστράκινον
419 1326 475 1353 εἴτε
495 1326 631 1362 σιδήρεον,
655 1326 695 1363 τῷ
710 1328 798 1363 καιρῷ
818 1327 866 1355 τοῦ
890 1328 951 1362 ἀρί-

169 1379 232 1397 στου
247 1370 392 1397 ἐσθιόντων
408 1369 462 1396 τῶν
489 1370 611 1405 ἀδελφῶν
636 1372 802 1407 παρίσταται
837 1372 951 1407 πλησίον

166 1417 217 1451 τῆς
231 1416 380 1451 τραπέζης,
405 1416 557 1451 ἡγουμένου
578 1416 627 1452 τὴν
649 1417 770 1452 κεφαλὴν
791 1417 829 1453 τῷ
853 1416 951 1444 ἑαυτοῦ

166 1461 417 1497 περικαλύπτοντος
430 1462 608 1498 κουκουλλίῳ,
619 1463 668 1489 καὶ
681 1463 711 1489 τὺ
726 1464 772 1490 ὑπ’
783 1462 867 1490 αὑτοῦ
891 1472 953 1490 συν-

166 1509 261 1544 τριὸὲν
277 1509 345 1544 μετὰ
359 1510 464 1545 χεῖρας,
482 1509 573 1544 φέρων
588 1509 628 1541 είς
645 1509 775 1542 ἐπίδειξιν
790 1509 838 1536 τοῦ
850 1509 951 1536 οἰκείου

168 1556 338 1590 σφάλματος.

202 1601 257 1633 λς¹.
273 1601 332 1636 Χρὴ
362 1600 508 1635 γινώσκειν
540 1601 582 1628 ὅτι
610 1602 680 1636 μετὰ
706 1602 736 1628 τὸ
762 1603 952 1638 στιχολογῆσαι

167 1647 241 1682 ἡμᾶς
251 1646 282 1672 τὸ
295 1646 455 1682 ψαλτήριον,
471 1647 511 1678 είς
524 1646 575 1682 τὴν
587 1649 607 1681 γ’
616 1646 695 1679 δόξαν
710 1647 757 1673 τοῦ
772 1648 951 1683 καθίσματος,

167 1691 260 1727 κρούει
277 1691 311 1718 τὰ
325 1695 349 1726 γ’
367 1693 381 1718 ὀ
393 1692 441 1719 ἐπὶ
453 1691 502 1720 τοῦ
514 1693 636 1726 κανόνος,
651 1692 683 1719 ἵν’
697 1693 914 1728 ὲπισυναχθῶσιν
927 1694 952 1720 ol

166 1738 197 1764 τὸ
215 1737 364 1773 ψαλτήριον
395 1737 434 1765 ἔτι
463 1738 655 1772 μανθάνοντες,
682 1738 729 1765 τοῦ
756 1738 854 1773 ψάλλαι
879 1739 953 1774 ἡμᾶς

166 1783 234 1818 ὁμοῦ
247 1783 292 1810 τὸν
305 1784 406 1810 κανόνα
417 1792 424 1799 ·
440 1783 495 1810 ἀπὸ
518 1783 574 1819 γὰρ
595 1783 642 1810 τοῦ
658 1783 815 1819 ἑξαψάλμου
828 1784 953 1819 ἐξέρχον-

166 1837 222 1860 ται,
238 1829 286 1855 καὶ
302 1828 449 1863 μελετῶσιν
465 1828 518 1860 ἕως
541 1828 620 1855 τότε⁸
634 1829 697 1864 τρία
709 1829 737 1855 δὲ
752 1829 845 1864 κρούει
859 1830 951 1862 πάλιν,

166 1873 214 1900 καὶ
226 1873 267 1904 εἰς
278 1873 342 1904 τοὺς
350 1874 440 1904 αῑνους
450 1892 457 1904 ,
477 1873 521 1900 ὅτε
533 1873 626 1908 μέλλει
638 1874 791 1910 κατήχησις
816 1874 953 1909 ἀναγινώ-

167 1919 281 1946 σκεσθαι
289 1919 336 1947 τοῦ
346 1919 463 1954 μεγάλου
472 1920 577 1954 Πατρδς
585 1920 634 1947 καὶ
641 1920 796 1955 καθηγητοῦ
803 1921 952 1957 Θεοδώρου.

201 1965 252 1997 λζ’.
267 1965 327 2000 Χρὴ
342 1964 489 1998 γινώσκειν
505 1966 546 1992 ὅτι
559 1967 588 1992 ὲν
611 1967 645 2003 τῇ
665 1968 810 2002 παραμονῇ
828 1967 882 1993 τῶν
895 1967 952 2002 φώ-

165 2020 231 2042 των,
247 2011 317 2046 μετὰ
328 2011 358 2037 τὸ
369 2011 503 2038 ἀπολῦσαι
526 2011 575 2048 τὴν
591 2012 665 2040 θείαν
684 2012 866 2048 λειτουργίαν,
888 2012 954 2048 λαμ-

166 2057 286 2092 eam“
298 2056 347 2091 τὴν
361 2057 486 2091 εὐλογίαν
496 2066 503 2073 ·
519 2056 579 2086 εἶτα
596 2058 778 2094 διακλυὸμεθα
791 2060 840 2094 μὲν
854 2059 879 2089 οἱ
893 2068 952 2086 κοι-

165 2102 349 2136 νωνήσαντες,
364 2102 414 2137 τὴν
428 2102 456 2130 δὲ
472 2102 597 2137 εὐλογίαν
611 2103 661 2130 οὐκ
673 2104 798 2139 έσοίομεν
814 2104 869 2139 (50)
882 2113 889 2120 ·
907 2113 953 2132 συ-

167 2147 277 2178 στείλας
289 2147 318 2174 δὲ
330 2148 344 2173 ὁ
367 2148 456 2182 ἱερεὺς
473 2148 507 2175 τὰ
522 2148 618 2183 σκεύη,
632 2149 741 2185 ἔρχεται
767 2151 807 2182 είς
828 2151 862 2178 τὰ
886 2151 953 2185 ἅγια.

166 2192 260 2227 θυρία,
277 2192 324 2219 καὶ
337 2194 452 2228 ποιήσας
467 2194 560 2229 εὐχὴν,
578 2194 718 2230 ἐξέρχεται
728 2196 798 2230 μετὰ
806 2196 861 2223 τῶν
872 2197 951 2224 ἀδελ-

166 2238 225 2273 φῶν
239 2239 278 2270 εὶς
299 2239 345 2266 τὸν
359 2239 492 2275 λουτῆρα,
512 2240 620 2275 ψάλλων
632 2240 663 2267 τὸ
678 2241 728 2267 Ἐν
747 2241 881 2277 Ἰορδάνῃ
897 2244 954 2276 ,βα-

166 2285 341 2320 πτιζομένου
353 2294 423 2320 σου,
439 2288 527 2320 Κυρίε
537 2296 543 2302 ·
558 2287 605 2314 καὶ
622 2287 717 2314 τούτου
725 2288 872 2324 λεγομένου
878 2290 952 2324 γίνε-

165 2339 212 2358 ται
221 2331 288 2367 πρὸς
300 2331 347 2358 τοῦ
357 2332 479 2358 διακόνου
492 2332 559 2367 εὐχὴ
571 2333 693 2367 συναπτή
704 2340 711 2347 ·
724 2331 758 2369 ἦς
770 2334 951 2370 τελεσθείσης,

165 2377 282 2412 ἄρχεται
304 2378 318 2403 ὁ
335 2378 424 2413 ἱερεὺς
442 2378 492 2413 τῆς
507 2379 589 2413 εὐχῆς
606 2379 653 2405 τοῦ
668 2380 823 2414 ἁγιασμοῦ”
840 2382 908 2416 μετὰ
923 2382 952 2409 δὲ

166 2423 198 2448 τὸ
212 2422 376 2458 ἀγιασθῆναι
395 2423 430 2449 τὰ
453 2423 548 2455 ὕδατα,
567 2423 614 2449 καὶ
634 2424 699 2455 τοὺς
719 2425 851 2460 ἀδελφοὺς
865 2426 955 2460 ῥαντι-

168 2468 278 2502 σθῆναι,
304 2468 434 2503 ψάλλεται
456 2469 615 2504 τροπάριον⁶
631 2471 645 2496 ὁ
669 2467 736 2505 ἦχος
759 2471 805 2498 πλ.
817 2471 848 2504 δ’,
866 2472 953 2506 Φωνὴ

166 2515 278 2549 Κυρίου
289 2515 338 2541 ἐπὶ
355 2515 414 2542 τῶν
433 2515 552 2543 ὑδάτων
568 2514 630 2550 βοᾷ
649 2515 799 2550 ,λέγουσιν
829 2526 899 2553 στιχ.
917 2517 952 2551 α’,

173 2558 205 2585 Ἡ
214 2558 356 2586 θάλασσα
365 2559 430 2586 ἴδεν
441 2559 492 2586 καὶ
505 2560 629 2595 ἔφυγεν·
643 2569 715 2596 στιχ.
727 2561 760 2596 β’,
771 2561 802 2589 Τί
809 2569 858 2589 σοι
866 2563 954 2591 ἐστιν

1001 922 1093 954 limus,
1107 923 1233 950 absoluta
1248 930 1300 949 una
1320 922 1398 953 hora,
1413 926 1529 957 pergunt
1549 922 1646 948 fratres
1663 921 1695 948 ad
1708 920 1793 948 oiiici-

999 975 1051 996 nas
1070 976 1145 1001 suas,
1160 975 1249 1003 usque
1273 968 1307 995 ad
1329 972 1434 995 sextam
1461 967 1629 1000 laborantes,
1642 967 1700 994 sive
1719 968 1793 994 reci-

999 1014 1084 1042 t‘anda
1097 1014 1133 1041 sit
1147 1021 1219 1041 nona
1236 1014 1294 1041 sive
1305 1022 1393 1042 secus.
1409 1013 1442 1041 Et
1453 1019 1515 1049 post
1529 1019 1634 1042 sextam
1650 1013 1728 1049 quies
1739 1017 1791 1046 est,

999 1066 1029 1088 ut
1043 1061 1174 1091 diximus.
1192 1068 1283 1095 ttsque
1303 1061 1337 1088 ad
1355 1064 1492 1088 octavam.

1034 1107 1077 1134 54.
1105 1106 1134 1133 In
1147 1106 1302 1134 Palmarum
1321 1106 1471 1142 pervigilio,
1483 1106 1517 1133 ad
1531 1105 1614 1133 verba
1629 1106 1670 1132 Ad
1684 1110 1718 1138 te,
1737 1106 1795 1132 Do-

999 1154 1080 1185 mine,
1096 1152 1218 1184 clamavi,
1241 1157 1432 1187 permutantur
1455 1153 1543 1186 chori,
1555 1153 1591 1180 ita
1603 1155 1633 1179 ut
1646 1152 1749 1180 dexteri
1764 1152 1793 1179 in

999 1200 1140 1227 sinistram
1158 1202 1262 1233 partem
1291 1204 1440 1231 transeant,
1455 1199 1560 1226 sinistri
1583 1203 1674 1226 autem
1688 1199 1715 1225 in
1728 1198 1794 1226 dcx-

1001 1251 1098 1274 lerant.

1034 1293 1080 1321 55.
1096 1293 1238 1328 Siquando
1261 1292 1367 1328 frangat
1387 1300 1436 1320 vas
1451 1292 1536 1320 frater
1561 1292 1620 1320 sive
1645 1292 1791 1327 ﬁgulinum

1001 1339 1060 1367 sive
1087 1339 1218 1373 ferreum,
1244 1340 1352 1374 prandii
1377 1345 1501 1373 tempore
1529 1339 1595 1366 dum
1625 1339 1726 1366 fratres
1745 1346 1793 1364 vc~

1001 1389 1126 1418 scuntur,
1143 1390 1197 1414 stat
1222 1386 1268 1413 ille
1287 1393 1373 1421 prope
1402 1393 1538 1418 mensam,
1553 1386 1652 1413 abbate
1679 1385 1790 1412 interim

1001 1432 1110 1467 caputio
1126 1435 1208 1467 caput
1219 1439 1298 1460 suum
1314 1430 1492 1463 obnubente;
1509 1436 1535 1458 et
1543 1438 1592 1458 vas
1606 1438 1621 1458 a
1634 1438 1664 1457 se
1675 1429 1793 1458 fractum

1002 1480 1130 1508 manibus
1141 1478 1262 1515 praefert,
1284 1481 1317 1507 ad
1334 1479 1421 1513 culpre
1433 1486 1489 1506 suae
1501 1478 1701 1506 ostensionetn.

1040 1609 1086 1636 36.
1100 1609 1249 1644 Postquam
1264 1609 1421 1643 psalterium
1437 1608 1625 1642 recitavimus,
1636 1609 1670 1636 ad
1687 1608 1794 1636 tertiam

1006 1655 1179 1683 catltismatis
1188 1655 1313 1690 gloriam,
1330 1659 1371 1683 ter
1382 1656 1472 1690 pulsat
1486 1656 1509 1683 is
1519 1656 1564 1691 qui
1573 1657 1671 1683 canoni
1684 1661 1793 1691 praeest,

1007 1705 1037 1727 ut
1054 1702 1219 1728 conveniant
1242 1701 1261 1728 ii
1286 1701 1332 1735 qui
1348 1702 1439 1729 adhuc
1466 1703 1628 1737 psalterium
1655 1704 1793 1737 ediscunt,

1008 1750 1037 1774 ut
1062 1747 1235 1782 conjunctim
1264 1754 1395 1776 canonem
1422 1753 1575 1778 cantemus.
1608 1749 1732 1785 Namque
1757 1750 1794 1777 ab

1008 1793 1183 1828 hexapsalmo
1195 1794 1325 1829 deinceps
1342 1800 1453 1827 exeunt,
1479 1800 1507 1822 et
1522 1803 1610 1831 usque
1630 1796 1663 1823 ad
1686 1796 1712 1823 id
1726 1800 1794 1824 tem-

1007 1848 1058 1874 pus
1071 1840 1202 1874 praedicto
1218 1840 1310 1867 studio
1328 1848 1439 1876 operam
1455 1841 1533 1868 dant.
1547 1841 1610 1868 Mox
1626 1848 1723 1869 rursus
1735 1846 1794 1868 tres

1008 1884 1186 1918 pulsationes,
1202 1889 1230 1912 et
1242 1885 1275 1912 ad
1290 1885 1385 1912 laudes
1403 1886 1526 1920 pergitur
1546 1886 1663 1920 quando
1681 1886 1794 1922 legenda

1006 1933 1048 1956 est
1061 1929 1212 1957 catecbesis
1227 1930 1318 1964 magni
1337 1930 1429 1957 Patris
1442 1935 1468 1958 et
1482 1930 1589 1958 abbatis
1603 1931 1758 1959 Theodori.

1042 1973 1087 2000 37.
1104 1973 1134 2000 In
1152 1973 1287 2001 luminum
1303 1975 1456 2008 pervigilio,
1477 1980 1538 2009 post
1555 1976 1691 2010 expletam
1722 1975 1793 2002 divi—

1007 2027 1071 2047 nam
1086 2020 1239 2055 liturgiam,
1257 2021 1478 2049 benedictionem
1501 2022 1652 2056 accipimus
1671 2030 1677 2047 ε
1694 2021 1794 2049 deinde

1007 2072 1039 2092 os
1053 2064 1163 2100 quidem
1181 2065 1329 2093 colluimus
1348 2067 1394 2101 qui
1419 2066 1696 2100 communicavimus,
1717 2068 1795 2095 eulo-

1006 2111 1078 2145 giam
1095 2116 1186 2139 tamen
1201 2118 1255 2138 non
1278 2113 1459 2140 comedimus.
1477 2112 1546 2140 Tum
1572 2113 1702 2142 sacerdos
1716 2122 1794 2143 com-

1007 2156 1104 2190 positis
1120 2157 1205 2190 vasis,
1228 2157 1262 2184 ad
1278 2163 1388 2186 sanctas
1412 2158 1522 2193 januas,
1547 2160 1675 2196 dictaque
1700 2170 1794 2196 prece,

1006 2202 1147 2237 egreditur
1178 2210 1240 2230 cum
1268 2203 1399 2233 fratribus
1416 2205 1450 2232 ad
1472 2206 1662 2241 baptisterium
1679 2213 1794 2236 cantans

1008 2247 1092 2276 illud:
1114 2248 1181 2276 Cum
1200 2250 1228 2276 in
1243 2249 1362 2278 Iordane
1374 2251 1561 2287 baptizareris,
1584 2253 1714 2287 Domine;
1739 2263 1794 2290 quo

1007 2294 1091 2325 dicto.
1104 2296 1299 2330 pronuntiatur
1311 2304 1326 2323 a
1343 2297 1459 2325 diacono
1474 2299 1562 2326 oratio
1582 2300 1695 2327 collecta
1712 2308 1719 2327 :
1739 2309 1795 2335 qua

1008 2338 1094 2373 ﬁnita,
1108 2340 1204 2375 incipit
1216 2341 1345 2369 sacerdos
1355 2350 1462 2377 precem
1475 2343 1710 2372 sanctiﬁcationis.
1729 2345 1795 2374 Post

1006 2393 1092 2421 aquas
1111 2388 1308 2419 sanctilicatas,
1324 2393 1353 2416 et
1376 2394 1438 2423 post
1460 2397 1587 2423 aspersus
1612 2391 1715 2419 eisdem
1738 2392 1795 2420 fra-

1008 2435 1073 2464 tres,
1089 2432 1197 2460 canitur
1216 2434 1365 2469 troparium
1381 2439 1446 2463 tono
1466 2436 1579 2471 obliquo
1597 2442 1716 2471 quarto:
1741 2437 1795 2466 Vox

1009 2477 1057 2504 Dei
1073 2487 1153 2513 super
1178 2487 1262 2514 aquas
1281 2481 1383 2508 clamat,
1406 2482 1505 2510 dicens.
1534 2482 1646 2511 Stichus
1671 2484 1794 2518 primus:

1007 2523 1083 2551 Μαι-θ
1096 2525 1205 2557 vidit,et
1220 2526 1297 2561 fugit.
1314 2526 1425 2556 Stichus
1435 2529 1593 2557 secundus:
1608 2529 1677 2562 Quid
1689 2530 1793 2564 esttibi,

1009 2577 1094 2603 mare,
1110 2572 1181 2606 quod
1198 2572 1291 2607 fugisti
1306 2574 1318 2601 2
1334 2573 1366 2600 Ει
1381 2579 1444 2608 post
1459 2579 1501 2602 ter
1516 2581 1656 2604 cantatum
1675 2577 1727 2605 hoc
1739 2583 1796 2606 tro-

916 2611 1032 2644 ΝΟΤᾸΞ.

166 2651 366 2680 Celeberrimos
382 2653 447 2681 item
464 2658 507 2682 est
528 2654 619 2683 crucis
634 2655 725 2683 cultus
752 2656 778 2684 in
795 2657 952 2686 Graecorum

166 2687 405 2729 etOrientalium,
427 2690 617 2729 praecipueque
643 2690 836 2726 Armenorum,
864 2694 953 2722 eccle-

202 2757 260 2796 (49)
268 2758 401 2796 posse“
412 2758 547 2796 meditari,
559 2768 609 2796 pro
616 2761 733 2796 simplici
744 2762 826 2790 etiam
836 2763 954 2792 lectione

165 2794 209 2830 vel
218 2794 315 2830 studio
330 2794 432 2821 dictum
450 2795 484 2821 ab
501 2794 634 2830 antiquis,
650 2794 779 2825 observat
803 2797 954 2828 Martenius

166 2828 194 2860 in
213 2827 321 2864 99min.
337 2829 399 2861 cit.,
416 2837 443 2864 p.
459 2830 522 2863 249,
538 2827 602 2859 251.

202 2862 260 2899 (50)
276 2862 387 2893 Scilicet
399 2862 509 2900 propter
524 2865 670 2901 jejunium.
689 2868 797 2904 Alioqui
819 2877 877 2898 mos
895 2874 956 2899 erat

1007 2669 1068 2704 post
1095 2667 1331 2704 communionem
1345 2668 1470 2703 gustandi
1493 2669 1595 2704 aliquid
1617 2677 1650 2697 ex
1670 2669 1793 2699 oblatis?

1006 2701 1126 2742 itemque
1152 2709 1184 2742 os
1206 2701 1479 2742 abluendifauctore
1500 2701 1582 2742 etiam
1613 2705 1676 2732 divo
1704 2706 1794 2742 Cltry-

1006 2741 1139 2774 sostomg.
1156 2736 1276 2774 Legatur
1287 2739 1396 2774 isagoge
1422 2739 1546 2774 liturgica
1561 2740 1588 2766 in
1608 2747 1670 2774 opp.
1687 2748 1710 2767 s.
1727 2736 1779 2768 Gr}-

1024 2771 1074 2798 orii
1090 2771 1142 2799 PP.
1154 2771 1285 2810 ed.‘_Ven.
1310 2771 1523 2810 tilxkcapiit,
1539 2775 1583 2806 18,
1603 2771 1633 2810 ρῖ
1645 2771 1713 2803 ’161.
1743 2776 1772 2803 Et

1018 2808 1256 2845 o_gi3rumAva_rios
1270 2815 1337 2836 usus
1350 2808 1433 2845 tradit
1449 2808 1610 2838 ’Martenius
1622 2810 1729 2845 Comm,
1746 2812 1770 2839 t-i

1007 2842 1040 2869 ad
1059 2841 1125 2877 Reg.
1145 2841 1174 2870 S.
1190 2843 1256 2871 Ben.
1270 2851 1332 2879 cap.
1353 2844 1397 2873 δέ».
