1925 3088
193 134 262 167 1723

613 139 662 170 DE
676 139 932 170 CONFESSIONE
952 139 1000 170 ET
1017 139 1317 173 SATISFACTIONE.

1736 141 1802 173 1724

188 190 297 224 quidem
314 191 472 227 praescripto
483 191 557 221 hunc
582 201 637 221 uno
665 202 738 222 anno
764 194 848 222 ﬂere:
878 203 974 222 mona-

1032 197 1086 227 τοὺς
1100 197 1217 232 ἑτέρους,
1232 197 1354 226 ἐνιαυτὸν
1369 198 1582 234 προσκλαυσάτω
1594 205 1602 214 ’
1619 197 1687 225 κατὰ
1698 198 1726 225 δὲ
1740 200 1802 232 τοὺς

187 236 269 263 chum
281 241 370 264 autem
387 243 506 272 quatuor
526 239 665 271 mensibus
679 240 756 268 arido
774 240 836 268 cibo
859 241 899 268 uti
923 240 972 267 de-

192 281 258 309 bere
271 282 336 309 dum
362 283 460 318 reliqui
474 284 640 318 comedunt;
655 289 683 312 et
703 289 851 314 metanteas
881 286 973 313 facere

188 327 311 362 quotidie
323 332 442 356 centum.
460 329 528 362 Quia
541 329 720 360 detrahentem
734 336 832 359 secreto
846 332 967 366 proximo

187 379 247 406 suo,
261 372 330 400 hunc
342 374 513 409 persequebar
527 375 549 402 ³.

467 420 494 447 6.
509 420 546 447 De
559 421 727 455 garrulitate.

223 463 354 492 Garrulus
368 465 467 500 linguae
487 466 552 492 vitio
568 465 696 498 infectus.
724 474 771 495 sex
781 474 888 495 menses
910 475 974 503 pa:-

188 510 298 539 nitendu
310 510 434 544 expleat:
453 511 493 538 sic
517 512 589 538 eiiim
617 520 735 540 canones
749 512 783 540 de
809 513 968 548 hujusmodi

188 554 345 583 hominibus
377 557 536 585 decernunt.
564 557 668 592 Quippe
683 559 830 592 garrulitas
865 565 908 586 est
931 559 974 586 in-

189 600 277 628 scitiaa
307 601 450 634 indicium,
477 603 684 630 obtrectationis
713 603 809 638 janua,
835 604 971 632 mendacii

192 646 329 674 ministra.
352 647 407 674 Nos
421 652 476 675 tres
493 647 633 676 mensibus
654 648 727 676 hunc
741 657 757 676 ιι
780 650 974 678 communione

188 697 372 724 removemus,
387 693 471 719 aridis
491 694 604 721 omnino
622 699 774 722 vescentem
795 695 862 722 hora
879 699 973 728 sexta,

188 741 216 763 et
229 742 377 765 metanmas
390 739 510 773 quotidie
524 744 634 766 centum
657 741 854 776 quinquaginta
869 741 974 769 facien-

190 786 257 808 tem.
273 783 378 810 Etenim
394 784 472 812 valde
500 785 635 812 lubricum
660 786 881 821 periculosumve
908 787 975 822 ipsis

187 833 298 862 quoque
323 829 502 858 aestimatione
515 830 605 866 dignis
635 832 793 860 hominibus
819 832 973 861 hocvitium

188 875 241 899 est.

439 921 466 949 5.
483 921 522 949 De
534 923 684 951 mendacio.

224 963 338 993 Mendax
350 967 430 1001 quasi
453 967 558 1002 lepidus
576 969 658 997 homo
677 970 861 1000 existimatur.
890 971 974 1007 Atqui

189 1011 361 1039 mendacium
388 1013 528 1042 charitatis
555 1014 705 1052 destructio
729 1022 788 1051 est;
827 1017 976 1053 perjurium

189 1063 292 1090 autem,
307 1057 353 1085 Dei
369 1059 487 1094 negatio.
502 1059 588 1087 Nemo
603 1061 705 1097 itaque,
720 1063 742 1091 si
759 1063 842 1090 modo
863 1064 974 1099 sapiat,

190 1102 250 1130 leve
262 1103 356 1130 credat
372 1112 433 1132 esse
460 1110 602 1140 peccatum
626 1107 809 1136 mendacium.
825 1107 894 1136 Nam
919 1110 978 1144 ipse

190 1147 309 1183 Spiritus
325 1154 436 1177 sanctus
457 1150 514 1184 jam
528 1151 615 1179 dixit:
637 1152 736 1180 Perdes
753 1161 841 1181 omnes
875 1155 920 1190 qui
939 1156 979 1181 lo-

190 1199 308 1229 quuntur
325 1195 490 1223 mendacium
517 1197 529 1212 δ
541 1216 549 1224 .
562 1197 658 1225 Cuncti
671 1204 761 1227 autem
777 1200 903 1227 mendaci
928 1200 979 1228 ho-

190 1240 257 1267 mini
276 1240 438 1268 trimestrem
454 1243 640 1276 pmnitentiam
681 1245 842 1273 decernunt.
857 1245 913 1274 Nos
935 1251 978 1274 Ia-

194 1292 256 1311 men
270 1286 450 1320 quadraginta
474 1287 580 1315 dierum
609 1289 715 1316 aridum
737 1290 850 1318 omnino
878 1291 979 1318 victum

191 1331 258 1357 hora
272 1336 347 1359 sexta
366 1332 430 1359 huic
450 1333 627 1368 imperamus.
642 1339 669 1362 et
677 1340 826 1363 metanmas
838 1337 978 1371 quotidia—

192 1384 241 1403 nas
252 1383 361 1405 centum
384 1380 598 1415 quinquaginta.
624 1380 732 1408 Etenim
762 1381 910 1410 timendum
937 1387 980 1411 est

191 1429 248 1457 pra:
264 1424 369 1451 ueteris
383 1424 435 1452 hoc
445 1430 595 1460 peccatum.

403 1471 430 1497 6.
446 1470 484 1498 De
502 1473 634 1500 acedioso.

228 1515 377 1544 Acediosus
390 1517 469 1551 quasi
485 1517 518 1544 de
533 1525 583 1545 sua
602 1517 690 1546 salute
703 1517 850 1554 desperans
869 1524 980 1555 reputa-
992 1531 1014 1562 α

194 1564 248 1592 tur.
275 1560 380 1589 Etenim
408 1563 501 1590 acedia
527 1568 570 1591 est
598 1565 755 1592 monasticae
774 1566 872 1601 regular
885 1566 980 1594 obser-

193 1607 288 1634 vanda:
324 1608 437 1640 odium,
465 1608 664 1638 mundanarum
693 1619 784 1638 rerum
826 1613 979 1640 admiratio.

193 1652 343 1680 Acediosus
359 1652 442 1682 Deum
462 1659 582 1688 accusat,
601 1656 679 1690 quasi
698 1656 940 1687 immisericordem
949 1663 977 1686 et

195 1695 336 1724 hominum
351 1705 458 1725 osorem
473 1707 480 1732 ;
494 1699 527 1726 ad
541 1700 720 1734 psalmodiam
749 1709 897 1738 precesque
924 1709 981 1731 tor-

194 1747 249 1776 pet.
265 1741 338 1770 Vitio
365 1742 428 1772 huic
468 1744 641 1775 decernimus
667 1747 854 1782 quadraginta
875 1749 979 1777 dierum

195 1788 382 1822 pcenitentiam
400 1798 408 1823 ;
424 1794 452 1817 et
471 1795 501 1822 ut
516 1797 564 1825 per
582 1795 639 1818 tres
658 1791 844 1819 hebdomadas
866 1794 929 1820 vino
952 1799 980 1822 et

195 1834 256 1861 oleo
268 1835 411 1863 acediosus
424 1843 478 1862 non
492 1841 596 1871 utatur,
619 1837 738 1872 quotidie
762 1838 864 1866 faciens
883 1845 969 1867 meta-

195 1886 273 1906 nmas
291 1880 423 1908 ducentas
437 1882 644 1916 quinquaginta.
673 1882 796 1918 Namque
811 1884 838 1911 in
863 1885 978 1920 profun-

195 1925 260 1952 dum
280 1925 379 1953 inferni
399 1930 488 1961 potest
504 1928 638 1955 deducere
651 1929 751 1957 acedize
760 1930 866 1958 vitium.

441 1971 468 1999 7.
485 1972 522 2000 lle
537 1973 639 2008 guloso.

230 2013 349 2043 Gulosus
368 2015 516 2048 similisest
525 2017 650 2052 sepulcro
673 2021 894 2053 putrescentibus
914 2030 977 2052 car-

198 2060 278 2088 nibus
291 2061 381 2096 pleno.
406 2062 543 2091 Gulositas
563 2068 606 2092 est
622 2065 725 2093 ventris
748 2066 977 2105 hypocrisis,',qui

196 2115 260 2135 cum
290 2108 326 2136 sit
345 2113 431 2141 satur,
454 2110 629 2138 nihilominus
654 2118 684 2138 se
704 2119 783 2147 egere
808 2114 927 2149 clamat;
950 2120 977 2143 et

196 2159 333 2189 gravatus,
348 2155 451 2183 esurire
464 2156 546 2191 cogit.
567 2156 704 2185 Gulositas
716 2162 758 2185 est
771 2160 910 2188 oculorum
926 2162 975 2189 de-

1024 242 1168 277 μοναχοὺς,
1194 243 1363 278 τετράμηνον
1388 243 1586 279 ξηροφαγείτω,
1607 244 1651 270 ὅτε
1675 245 1699 270 οἱ
1714 244 1803 270 λοιποὶ

1023 287 1153 321 ἐσθίουσι,
1176 289 1318 323 μετανοίας
1345 289 1430 315 ποιῶν
1465 289 1527 315 καθ’
1554 289 1662 325 ἡμέραν
1691 290 1802 316 ἑκατόν

1023 332 1087 359 Ὀτι
1105 333 1158 360 τὸν
1174 335 1402 362 καταλαλοῦντα
1417 335 1513 369 λάθρα
1536 335 1590 363 τοῦ
1601 336 1736 370 πλησίον
1750 337 1804 363 αὐ·

1022 378 1086 412 τοῦ,
1102 379 1211 407 τοῦτον
1223 380 1392 412 ἐξεδίωκογ.

1245 426 1277 454 δ’.
1297 427 1367 462 Περὶ
1381 427 1579 462 πολυλογίας.

1063 471 1094 499 Ὁ
1106 472 1263 507 πολυλογῶν
1282 473 1334 500 ὑπὸ
1346 473 1468 509 γλώττης
1489 473 1688 509 σκοτιζόμενος,
1702 474 1806 510 ἑξαμη-

1023 518 1110 545 νιαῖον
1123 517 1219 553 χρόνον
1237 519 1266 544 ὲν
1283 518 1413 554 μετανοίᾳ
1433 518 1593 554 πληροὺτω·
1609 519 1695 551 οὕτως
1710 520 1765 555 γὰρ
1780 521 1806 549 οι

1011 563 1137 598 ,κανόνες
1151 564 1217 598 περὶ
1231 563 1287 590 τῶν
1301 564 1430 591 τοιούτων
1444 565 1597 600 ὁρίζονταιδ
1616 565 1709 601 ἐπειδὴ
1725 566 1807 592 πολυ-

1023 608 1101 643 λογία
1119 609 1192 636 ἐστὶν
1212 609 1350 644 ἀγνωσίας
1368 611 1526 646 τεκμήριον,
1541 611 1706 644 καταλαλιάς
1726 611 1806 647 θύρα,

1023 654 1138 689 ψεύδους
1153 655 1290 691 ὑπουργός
1300 663 1308 670 ⁸
1321 657 1402 691 ἡμεῖς
1411 656 1440 683 δὲ
1455 657 1586 692 τρίμηνον
1607 657 1722 692 λέγομεν
1735 658 1808 684 ἀκοι-

1023 698 1141 735 νώνητον
1156 697 1237 732 εἶναι,
1254 700 1460 736 ξηροφαγοῢντα
1476 702 1567 737 ἄκρως
1582 701 1640 738 ὥρᾳ
1664 701 1741 738 ἕκτῃ,
1757 711 1807 737 με-

1023 744 1133 776 τανοίας
1146 744 1274 772 ποιοῦντα
1296 745 1357 772 καθ’
1373 746 1479 782 ἡμέραν
1503 750 1545 782 ρκ’
1555 755 1563 762 ⁸
1584 747 1733 781 ἐπισφαλὲς
1753 748 1809 784 γάρ

1023 788 1083 816 λίαν
1095 789 1142 817 καὶ
1157 788 1250 821 αὐτοῖς
1263 790 1320 822 τοῖς
1332 790 1440 817 δοκοῦσι
1452 790 1483 817 τὸ
1499 791 1584 823 πάθος
1598 791 1682 819 ἔστιν.

1282 924 1314 953 ε’.
1334 924 1403 959 Περὶ
1416 925 1558 959 ψεύδους.

1067 971 1098 998 '0
1111 970 1231 1006 ψεύστης
1254 971 1293 1002 ὡς
1319 970 1484 1005 εὐτράπελος
1509 969 1666 1004 λογίζεται¹
1687 969 1735 997 καὶ
1752 970 1810 1006 γὰρ

1026 1016 1122 1052 ψεῦδός
1138 1017 1212 1044 ἐστιν
1232 1016 1342 1052 ἀγάπης
1355 1016 1508 1051 ἀφανισμός
1517 1023 1526 1031 ·
1543 1016 1671 1051 ἐπιορκία
1685 1015 1724 1048 δὲ,
1736 1015 1806 1042 Θεοῦ

1026 1062 1139 1096 ἄρνησις
1150 1070 1157 1077 ·
1174 1062 1268 1096 μηδεὶς
1278 1060 1325 1088 οὖν
1334 1061 1389 1088 τῶν
1403 1060 1617 1098 εὐφρονούντων,
1634 1061 1734 1097 μικράν
1749 1070 1811 1088 τινα

1026 1106 1076 1142 τὴν
1096 1106 1143 1133 τοῦ
1165 1106 1279 1140 ψεύδους
1305 1107 1444 1141 ἁμαρτίαν
1469 1104 1539 1134 εἶναι
1552 1106 1674 1141 νομίσοι·
1693 1107 1740 1133 καὶ
1756 1106 1813 1141 γὰρ

1028 1152 1094 1179 αὐτὸ
1104 1152 1136 1178 τὸ
1150 1151 1227 1186 ἀγιον
1250 1151 1363 1186 Πνεῦμα
1377 1151 1559 1188 προείρηκεν·
1581 1151 1714 1184 Ἄπολεῑς
1735 1151 1813 1178 πάν-

1026 1206 1080 1230 τας
1090 1197 1161 1230 τοὺς
1170 1198 1342 1230 λαλοῦντας
1355 1198 1388 1224 τὸ
1403 1198 1527 1232 ψεῦδος.
1537 1197 1686 1233 ὀρίζονται
1700 1198 1728 1224 δὲ
1741 1197 1812 1224 πάν-

1027 1251 1072 1275 τες
1085 1243 1127 1270 ὅτι
1144 1243 1276 1279 τρίμηνον
1298 1245 1328 1270 ὲν
1352 1244 1481 1279 μετανοίᾳ
1501 1243 1655 1270 διατελείτω
1665 1251 1673 1259 ⁸
1688 1244 1770 1278 ἡμεῖς
1783 1243 1814 1270 δὲ

1030 1292 1056 1324 μ’
1070 1289 1179 1324 ἡμερῶν
1197 1289 1366 1324 ξηροφαγίαν
1378 1290 1471 1324 ἄκρως
1489 1289 1549 1324 ὥρᾳ
1568 1289 1645 1324 ἕκτῃ,
1660 1289 1707 1316 καὶ
1728 1297 1814 1324 μεταμ

1028 1335 1101 1366 νοίας
1112 1334 1173 1361 καθ’
1188 1335 1293 1370 ἡμέραν
1311 1334 1349 1370 ρν¹
1361 1342 1368 1350 ·
1385 1335 1433 1363 καὶ
1449 1335 1504 1370 γὰρ
1516 1334 1620 1370 φοϐερὰ
1632 1334 1702 1370 ὑπὲρ
1720 1334 1814 1366 πάσας

1028 1381 1046 1415 ἡ
1062 1380 1184 1416 ἁμαρτία
1198 1379 1279 1416 αὕτη.

1256 1474 1293 1503 ς’.
1311 1471 1379 1506 Περὶ
1391 1471 1585 1505 ἀκηὸιαστοῦ.

1071 1517 1101 1545 '0
1114 1517 1283 1553 ἀκηδιαστὴς
1300 1518 1337 1548 ὡς
1347 1517 1542 1552 ἀπογινώσκων
1552 1518 1602 1552 τῆς
1617 1517 1714 1545 ἑαυτοῦ
1729 1527 1816 1554 σωτη-

1033 1564 1094 1600 ρίας
1110 1564 1263 1598 λογίζεταιο
1277 1564 1324 1591 καὶ
1340 1564 1395 1600 γὰρ
1407 1563 1506 1600 ἀκηδία
1519 1564 1593 1592 ἐστὶν
1606 1564 1750 1600 ἀσκήσεως
1771 1566 1816 1601 μί‹

1031 1619 1077 1642 σος
1090 1610 1137 1636 τοῦ
1165 1609 1311 1645 μοναχικοῡ
1336 1609 1553 1646 ἐπαγγέλματος,
1571 1609 1710 1644 κοσμικῶν
1725 1618 1817 1644 μακαο

1031 1656 1149 1692 ρίοτρια,
1173 1655 1241 1685 Θεοῦ
1265 1655 1426 1691 διαϐλήτωρ,
1441 1655 1479 1686 ὡς
1501 1655 1673 1690 ἅσπλάγχνου
1686 1655 1734 1682 καὶ
1749 1656 1817 1689 ἀφι-

1030 1703 1201 1739 λανθρώπου,
1225 1702 1318 1729 ἀτονία
1340 1701 1497 1737 ψαλμῳδίας
1510 1702 1539 1728 ἐν
1559 1703 1724 1736 προσευχαῖς
1738 1701 1818 1728 ἀσθε-

1030 1748 1129 1780 νοῦσα·
1155 1748 1282 1782 ὁρίζομεν
1309 1746 1338 1773 δὲ
1368 1747 1416 1774 καὶ
1441 1746 1542 1781 ταύτην
1559 1749 1584 1781 μ’
1601 1746 1707 1781 ἡμέρας
1731 1754 1818 1781 μετα-

1030 1795 1116 1820 νοεῖν·
1134 1792 1284 1829 ὲᾼϐδομάδας
1298 1793 1372 1827 τρεῖς
1386 1791 1458 1818 οῐνου
1479 1791 1517 1826 μὴ
1534 1791 1754 1826 μεταλαμϐάνειν
1769 1791 1818 1818 καὶ

1030 1839 1120 1870 ἐλαίου
1130 1826 1306 1873 ’.μετανοίας
1317 1826 1417 1866 ποιεῖν
1441 1837 1504 1864 καθ’
1517 1837 1623 1872 ἡμέραν
1638 1839 1676 1863 σν¹
1686 1844 1693 1851 ·
1717 1837 1760 1863 ὅτι
1778 1837 1819 1868 εἰς

1031 1884 1111 1920 βυθὸν
1127 1884 1190 1922 ᾲδου
1203 1883 1317 1910 δύναται
1329 1883 1459 1918 κατάγειν
1474 1882 1505 1909 τδ
1518 1882 1605 1914 πάθος
1619 1882 1669 1918 τῆς
1689 1882 1818 1918 ἀκηδίας.

1239 1972 1272 2009 ζ’.
1292 1971 1363 2006 Περὶ
1378 1970 1615 2006 γαστριμάργου.

1053 2019 1082 2046 ’0
1089 2019 1293 2054 γαστρίμαργος
1304 2018 1375 2044 ἔοικε
1382 2017 1460 2052 τάφῳ
1468 2016 1578 2051 γέμοντι
1588 2015 1744 2050 σεσηπυιῶν
1754 2023 1822 2051 σαρ-

1027 2065 1094 2093 κῶν·
1113 2063 1336 2100 γαρστριμαργία
1350 2063 1407 2089 ἐστὶ
1426 2062 1529 2094 κοιλίας
1543 2062 1820 2098 ὑπόκρισιςοκεκορε-

1027 2113 1113 2146 σμένη
1122 2108 1361 2146 γὰροῦσα,ὲνδείας
1371 2108 1481 2144 ἀναϐοᾷ·
1491 2107 1822 2142 καὶπεφορτισμένη,πει,,

1026 2159 1075 2194 νᾷν
1088 2155 1236 2191 ἀναγκάζει
1246 2165 1253 2171 ·
1268 2155 1474 2190 γαστριμαργία
1489 2155 1571 2187 ἐστὶν,
1586 2155 1734 2190 ὀφθαλμῶν
1747 2155 1821 2181 άπά-

197 2200 295 2234 ceptio.
317 2200 494 2229 Decernimus
506 2202 569 2229 huic
584 2211 692 2237 quoque
705 2204 772 2231 vitio
786 2205 898 2240 triginta
919 2207 977 2239 die-

1032 2211 1065 2238 τη
1077 2211 1084 2218 ·
1102 2202 1229 2238 ὁρίζομεν
1252 2201 1281 2228 δὲ
1299 2201 1346 2228 καὶ
1369 2200 1471 2236 ταύτην
1490 2201 1520 2227 ὲν
1539 2201 1685 2236 τριάκοντα
1699 2200 1820 2236 ἡμέραις

196 2253 257 2278 rum
280 2245 402 2279 luctum;
418 2254 444 2274 et
460 2248 541 2275 unius
557 2248 734 2277 hebdomadas
745 2251 852 2279 aridum
876 2252 978 2285 victum

196 2291 262 2318 liora
285 2299 355 2318 nona
374 2299 441 2324 ,nec
454 2300 507 2320 non
531 2293 704 2328 quotidianas
728 2301 880 2325 metanueas
902 2303 978 2326 octo-

195 2337 281 2372 ginta.
312 2337 418 2374 Quippe
428 2339 561 2374 gulositas
584 2340 636 2367 sibi
662 2340 768 2369 deditos
787 2347 889 2371 αξιοι·ηο
922 2345 979 2379 igni

195 2383 364 2411 transmittit.

493 2430 520 2458 8.
541 2430 579 2458 De
594 2440 685 2460 avaro.

233 2471 341 2501 Avarus
355 2474 499 2502 insanabili
513 2476 607 2504 morbo
623 2477 738 2510 laborat,
755 2478 801 2512 qui
819 2478 977 2507 interiorem

194 2518 332 2546 hominem
349 2519 451 2547 exedit.
475 2519 595 2548 Avaritia
611 2527 653 2549 est
678 2522 814 2550 idolorum
838 2525 978 2558 servitus,

197 2563 365 2595 inﬁdelitatis
384 2565 449 2598 ﬁlia,
467 2565 656 2595 inﬁrmitatum
673 2574 832 2603 prtetextus,
849 2570 978 2598 volunta-

194 2609 236 2636 ria
257 2609 404 2643 apostasia.
432 2609 502 2638 ﬂuit:
526 2611 590 2639 item
615 2612 787 2641 decernimus
816 2614 975 2648 quadrime-

194 2660 277 2682 slrem
292 2656 500 2690 paenitentiam,
523 2657 702 2693 quadraginta
737 2659 842 2687 dierum
871 2660 979 2688 aridum

194 2701 297 2728 victum
314 2701 381 2729 hora
398 2709 470 2733 nona
480 2722 488 2735 ,
503 2707 531 2730 et
542 2704 718 2738 quotidianas
731 2710 882 2733 metanmas
897 2707 981 2741 quiu-

194 2748 341 2784 quaginta;
361 2756 423 2778 cum
440 2749 476 2778 sit
488 2749 584 2778 vitium
597 2751 716 2779 animam
731 2758 906 2781 consumens.

231 2840 240 2855 ⁸
255 2840 332 2869 Psal.
353 2850 378 2875 ο,
389 2841 416 2869 5.
445 2841 541 2869 ‘PsnL
551 2849 578 2875 v,
595 2841 620 2869 7.

1033 2249 1225 2288 προσκλαίειν·
1244 2247 1378 2282 ἑϐδομάδα
1399 2247 1463 2282 μίαν
1483 2246 1647 2282 ξηροφαγεῖν
1667 2246 1727 2282 ὥρᾳ.
1741 2247 1821 2273 ἐννά-

1031 2304 1064 2330 τῃ
1078 2303 1085 2311 ·
1101 2295 1188 2321 ποιεῖν
1205 2292 1347 2329 μετανοίας
1368 2293 1428 2320 καθ’
1444 2293 1552 2328 ἡμέραν
1568 2296 1596 2319 π’
1605 2301 1612 2309 ·
1629 2292 1671 2319 ὅτι
1693 2292 1733 2328 τῷ
1749 2293 1819 2319 αίω-
1842 2294 1847 2302 '

1031 2341 1080 2377 νίῳ
1094 2341 1161 2376 πυρὶ
1174 2340 1354 2376 παραπέμπει
1365 2340 1428 2371 τοὺς
1444 2339 1620 2374 πειθομένους
1634 2338 1715 2374 αὐτῇ.

1257 2431 1295 2464 η’.
1311 2428 1379 2463 Περὶ
1391 2428 1587 2464 φιλαργύρου.
1726 2463 1728 2467 ν

1071 2476 1100 2503 '0
1119 2475 1288 2512 φιλάργυρος
1314 2476 1387 2502 νοσεῖ
1407 2474 1485 2502 νόσον
1507 2474 1627 2506 ἀνίατον,
1649 2472 1818 2500 δαπανῶσαν

1028 2522 1074 2550 τὸν
1105 2522 1180 2554 ἐντὸς
1201 2521 1361 2556 ἄνθρωπον·
1386 2520 1554 2556 φιλαργυρία
1583 2520 1668 2551 ἐστὶν,
1694 2518 1816 2546 εἰδώλων

1028 2566 1223 2603 προσκύνησις,
1231 2566 1358 2598 ἀπιστίας
1372 2565 1505 2602 θυγάτηρ,
1522 2565 1670 2594 ἀσθενειῶν
1679 2564 1819 2600 προφασί-

1034 2622 1114 2649 στρια
1127 2633 1135 2645 ,
1151 2612 1274 2644 ἑκουσίας
1295 2611 1455 2648 παραϐάτης
1466 2620 1472 2626 ·
1497 2611 1624 2647 ὁρίζομεν
1639 2610 1667 2637 δὲ
1684 2610 1732 2637 καὶ
1748 2609 1818 2636 ταὺ-

1032 2669 1093 2694 την,
1109 2659 1277 2695 τετράμηνον
1290 2659 1319 2686 ὲν
1332 2658 1460 2694 μετανοίᾳ
1475 2655 1555 2691 εῖναι,
1567 2658 1675 2694 ἡμέρας
1691 2659 1718 2692 μ’
1733 2656 1817 2692 ξηρο-

1033 2707 1132 2742 φαγεῖν
1144 2706 1204 2742 ὥρᾳ.
1220 2705 1254 2738 0',
1271 2705 1416 2741 μετανοίας
1428 2706 1515 2731 ποιεῖν
1529 2704 1591 2732 καθ’
1605 2703 1711 2740 ἡμέραν
1723 2706 1745 2731 ν’
1755 2712 1762 2719 ·
1779 2702 1818 2735 ὥς

1033 2753 1081 2781 τοῦ
1093 2751 1195 2784 πάθους
1206 2751 1363 2784 ἐκκαίοντος
1381 2749 1430 2785 τὴν
1444 2749 1543 2786 ψυχήν.
