1925 3088
119 136 187 177 1725

264 223 266 226 ,
347 195 380 223 θ’.
395 196 466 231 Περὶ
477 197 674 232 ἁναισθήτου.

157 241 189 268 Ὀ
203 240 368 277 ἀναίσθητος
385 242 457 270 ἔοικε
480 244 548 279 λίθῳ
563 244 701 280 ὀξογώνῳ,
714 246 841 282 κρούοντι
858 248 904 275 καὶ

119 287 158 323 μὴ
169 287 348 324 διαλυομένῳ.
370 289 547 325 Ἀναισθησία
557 290 618 318 ἐστὶ
638 291 773 326 νέκρωσις
800 293 902 328 μελῶν,

117 334 319 370 δαιμονιώντων
332 334 446 370 ἀδελφὴ,
463 336 616 370 μεθυόντων
634 338 761 372 ὁμόνοια·
776 339 903 375 ὁρίζομεν

118 380 147 411 δὲ
163 380 212 407 καὶ
225 379 338 415 ταύτην,
352 380 496 416 διμηναῖον
511 381 688 416 προσκλαίειν
708 384 814 420 χρόνον.
831 385 901 420 ἡμέ-

118 434 169 461 ρας
184 424 222 452 κε’
236 425 326 452 ἐλαίου
340 426 387 453 καί¹
401 427 482 461 μόνου
495 428 726 464 μεταλαμϐάνειν,
739 430 792 457 τῶν
804 430 833 457 δὲ
846 431 901 458 λοι-

117 470 178 498 πῶν
196 471 359 507 ἀπέχεσθαι,
376 473 464 499 ποιεῖν
489 474 634 508 μετανοίας
660 475 719 504 καθ’
738 476 845 513 ἡμέραν
860 480 882 512 ρ’
893 485 900 493 ·

117 518 165 552 καὶ
176 517 232 553 γάρ
245 519 259 545 ό
273 518 435 555 ἀναίσθητος
448 519 562 548 δύναται
576 521 668 557 βαλεῖν
679 522 725 553 τὸν
736 522 849 558 ἀδελφὺν
861 523 903 556 εις

117 562 266 600 βάραθρον.

355 610 382 638 ι’.
398 612 470 646 Περὶ
485 613 660 646 κενοδόξου.

159 654 189 682 '0
206 656 344 690 κενόδοξος
358 657 396 690 ὡς
409 658 583 693 ὑπερήφανος
601 659 810 694 καταλογίζεται
821 667 829 675 ”
853 660 902 688 καὶ

116 700 200 735 γὰρὴ
217 701 354 734 κενοδοξία
368 702 437 736 ἐστὶ,
453 703 523 730 κατὰ
536 704 585 740 μὲν
601 704 631 732 τὸ
645 702 715 737 εἶδος
730 706 837 740 φύσεως
855 707 900 733 ὲν-

116 746 235 782 αλλαγὴ,
264 748 312 774 καὶ
333 748 407 783 ἡθῶν
436 748 604 785 διαστροφὴ,
631 750 681 777 καὶ
709 752 901 787 παρατήρησις

698 143 729 173 8.
747 143 942 175 THEODORI
965 144 1135 176 STUDITA!

1667 142 1736 179 1726

1238 202 1266 230 9.
1287 202 1325 230 De
1340 203 1452 237 torpida.

990 247 1126 284 Torpidus
1138 248 1307 276 assimilatur
1327 248 1409 283 lapidi
1430 247 1517 276 acutis
1541 247 1649 283 angulis
1670 256 1738 283 prte-

953 295 1020 328 dito,
1034 295 1082 330 qui
1093 295 1219 330 percutit,
1231 301 1319 330 neque
1334 300 1422 322 tamen
1438 295 1495 330 ipse
1515 293 1659 329 frangitur.
1667 295 1738 322 Tor-

953 341 1023 377 pedo
1049 340 1223 368 rnortifteatio
1258 340 1450 369 membrorum
1478 345 1540 372 est,
1569 340 1735 368 furiosorum

952 386 1130 422 germanitas,
1143 385 1283 413 ebriorum
1299 385 1459 412 concordia.
1479 385 1655 413 Decernimus
1672 385 1737 413 huic

952 432 1034 460 etiam
1057 432 1125 460 vitio
1138 431 1296 459 bimestrem
1316 430 1427 461 ﬂetum.
1449 435 1477 457 et
1496 438 1544 465 per
1565 431 1625 458 dies
1640 430 1736 466 viginti

953 477 1037 505 unius
1048 476 1100 504 olei
1115 484 1215 509 usum,
1231 475 1424 508 abstinentiam
1439 482 1454 502 a
1468 475 1586 507 steteris.
1603 481 1631 503 et
1645 476 1736 510 quoti-

952 523 1049 552 dianae
1084 527 1235 553 metanoaas
1257 525 1376 549 centum.
1405 520 1505 556 Utique
1533 521 1657 556 torpidos
1680 521 1736 550 fra-

952 573 1021 597 trem
1034 576 1114 597 suum
1128 568 1154 595 in
1171 567 1330 594 barathrum
1346 567 1481 601 conjicere
1496 571 1595 602 potest-

1126 613 1169 642 10.
1186 613 1225 642 De
1239 613 1327 642 inanis
1343 613 1437 648 giariu:
1451 612 1556 648 cupido.

985 660 1077 689 lnanis
1103 661 1196 696 gl0riae
1220 659 1336 695 cupidus
1361 659 1472 694 superbi
1496 659 1583 686 instar
1607 658 1733 687 habetur.

950 706 1075 742 Namque
1089 707 1181 735 inanis
1205 706 1297 742 gloriae
1321 704 1475 740 cupiditas,
1501 705 1592 740 specie
1610 705 1732 740 quidem,

950 757 1054 780 naturae
1066 756 1109 780 est
1122 752 1287 785 immutatio,
1303 759 1412 779 morum
1428 751 1578 786 perversio,
1592 751 1732 785 vitupera—

117 792 260 827 μέμψεων,
274 794 464 830 ὑπερηφανίας
478 795 601 832 τρίϐολος
614 797 739 832 ἐργασία.
759 797 898 833 Ὀρίζομεν

954 799 1055 827 tionum
1071 799 1200 834 captatio.
1217 798 1352 833 superbia:
1367 797 1505 825 senticosa
1517 796 1648 832 operatio.
1663 796 1734 824 Huic

115 838 145 864 δὲ
158 838 207 865 καὶ
222 839 325 874 ταύτην
337 840 367 866 έν
377 840 399 866 λ’
412 841 530 876 ἡμέραις
549 841 734 877 προσκλαίειν,
750 843 898 878 ἑϐδομάδας

954 851 1059 880 quoque
1084 844 1257 872 decernimus
1279 843 1391 878 triginta
1411 842 1516 870 dierum
1538 842 1646 875 fletum,
1663 841 1734 869 dua-

115 882 163 915 δύο
190 883 282 918 ἄκρως
310 884 475 920 ξηροφαγεῖν
501 885 566 922 ὥρᾳ,
583 886 616 919 θ’,
644 887 790 922 μετανοίας
813 889 898 915 ποιεῖν

954 889 1002 917 bus
1034 889 1214 917 hebdomadis
1248 888 1356 916 aridum
1386 894 1501 922 prorsus
1529 887 1632 915 victum
1664 886 1733 913 hora

116 929 300 1010 καρὲὲὴμέραν
320 934 375 966 py},
394 931 432 964 ὡς
455 931 581 968 δαίμονος
599 932 686 960 αἴτιον
698 932 730 961 τδ
745 933 831 967 πάθος
851 934 900 962 καὶ

116 982 138 1001 π
187 983 259 1003 ενον.

115 982 259 1003 προξενον.

318 1076 361 1105 ια’.
377 1078 447 1112 Περὶ
458 1078 560 1107 δειλοῦ
575 1080 696 1116 (λείπει).

333 1122 377 1160 ιβ’.
390 1125 459 1158 Περὶ
476 1126 681 1161 ὑπερηφάνου.

155 1169 187 1195 ΥΟ
209 1169 383 1205 ὑπερήφανος
407 1171 499 1206 ὅμοιός
514 1173 573 1198 ἑστι
587 1172 626 1207 τῷ
644 1172 761 1208 διαϐόλῳ
774 1172 813 1209 τῷ
827 1173 899 1204 κατὰ

112 1213 183 1241 Θεοῦ
202 1215 398 1250 τραχηλίσαντι
410 1225 417 1231 ·
435 1217 483 1243 καὶ
496 1217 549 1253 γὰρ
565 1218 737 1253 ὑπερηφανία
757 1218 815 1245 ἐστὶ
831 1218 898 1246 Θεοῦ

113 1260 240 1296 ἄρνησις,
260 1261 395 1297 δαιμόνων
409 1263 530 1299 εὕρημα,
548 1265 722 1298 ὲξουδένωσις
736 1265 897 1300 ἀνθρώπων,

113 1305 304 1340 κατακρίσεως
321 1307 423 1342 μήτηρ,
436 1307 523 1343 θυμοῦ
538 1309 624 1345 πηγὴ,
639 1310 809 1345 ὑποκρίσεως
823 1310 897 1346 ῥίζα·

112 1350 242 1386 ὁρίζομεν
257 1353 305 1379 καὶ
318 1352 420 1388 ταύτην
432 1353 462 1380 ὲν
476 1353 506 1386 ἒξ
522 1356 587 1390 μησ“ι
601 1355 777 1391 προσκλαίειν
787 1357 820 1392 τῇ
832 1356 899 1392 ἁγίᾳ

113 1397 263 1433 ἐκκλησίᾳ·
281 1398 432 1434 ἑϐδομάδας
448 1399 468 1427 δ’
490 1400 654 1436 ξηροφαγεῖν
668 1402 760 1437 ἄκρως
777 1402 838 1439 ὥρᾳ
853 1403 897 1430 ὲν-

113 1444 181 1479 νάτῃ
194 1453 201 1459 ·
216 1443 276 1471 καθ’
293 1445 400 1482 ἡμέραν
415 1447 558 1482 μετανοίας
575 1450 622 1482 poi.
827 1446 829 1448 ’

338 1502 383 1537 ιγ’.
398 1503 466 1537 Περὶ
478 1503 676 1545 βλασφήμου.

950 942 1033 968 nona,
1055 940 1082 962 et
1110 940 1259 962 metanteas
1282 933 1456 969 quotidianas
1478 937 1588 962 centum
1618 932 1734 967 quadra-

949 981 1035 1015 ginta.
1053 979 1176 1014 Namque
1192 980 1244 1006 hoc
1258 978 1354 1007 vitium
1374 986 1485 1006 causam
1505 978 1621 1006 damoni
1635 985 1733 1013 suppe-

948 1026 1018 1054 ditat
1029 1030 1057 1054 et
1072 1025 1231 1061 hospitium.

1125 1082 1169 1110 Η.
1189 1082 1228 1110 De
1242 1082 1333 1110 timido
1349 1080 1430 1116 (deest
1446 1081 1473 1108 in
1488 1079 1571 1112 cod.).

1214 1127 1257 1155 12.
1289 1128 1328 1156 De
1344 1127 1466 1162 superbo.

985 1172 1125 1209 Superbus
1140 1173 1238 1201 similis
1262 1173 1370 1201 diabolo
1383 1177 1444 1205 est,
1471 1172 1518 1207 qui
1539 1171 1596 1198 Deo
1621 1169 1731 1197 restitit.

948 1218 1015 1246 Nam
1032 1219 1159 1254 superbia
1174 1218 1282 1253 negatio
1298 1217 1346 1246 Dei
1361 1221 1413 1248 cst,
1430 1217 1582 1244 daemonum
1601 1213 1731 1247 inventio,

948 1265 1091 1294 hominum
1112 1265 1203 1298 ruina,
1217 1264 1400 1292 damnationis
1415 1268 1513 1294 mater,
1530 1262 1577 1289 irae
1591 1261 1664 1292 fons.
1682 1260 1732 1295 hy-

948 1311 1087 1346 pocriseos
1103 1310 1190 1338 radix.
1208 1309 1277 1336 Huic
1297 1309 1362 1337 item
1377 1308 1552 1336 decernimus
1571 1310 1731 1334 semestrem

947 1357 1040 1384 ﬂetum
1056 1356 1083 1383 in
1096 1359 1192 1383 sancta
1206 1355 1332 1386 ecclesia,
1349 1359 1467 1389 quatuor
1484 1351 1661 1380 hebdomadis
1676 1350 1732 1378 ari-

948 1404 1045 1431 dorum
1061 1403 1185 1430 strictum
1201 1409 1284 1429 usum
1308 1401 1375 1428 hora
1397 1407 1481 1432 ncna,
1506 1404 1536 1427 et
1557 1399 1732 1434 quotidianus

949 1453 1097 1477 mctanmas
1114 1447 1285 1483 septuaginta
1299 1453 1381 1481 supra
1398 1451 1522 1474 centum.

1200 1505 1243 1532 l5.
1267 1504 1303 1531 De
1318 1504 1477 1538 blaspheme.

153 1547 184 1574 '0
198 1534 360 1583 βλάσφημος.
369 1549 402 1584 τῇ
417 1534 465 1574 τοῦ
482 1549 550 1575 Κάῖν
565 1534 661 1585 ⁷μερίδι
673 1549 895 1583 καταλογίζεταιυ

984 1550 1164 1586 Blasphemus
1192 1551 1218 1577 in
1243 1550 1320 1578 Caini
1346 1534 1470 1585 partibus
1489 1553 1640 1584 reputatur.
1666 1546 1732 1575 Dira

112 1593 220 1629 χαλεπὴ
240 1594 295 1629 γὰρ
320 1595 337 1628 ἡ
361 1594 424 1630 ῥίζα
449 1595 499 1629 τῆς
525 1595 673 1631 σατανικῆς
696 1595 895 1631 ὑπερηφανίας,

113 1639 223 1678 ᾀδελφοί
235 1648 242 1655 ·
255 1640 294 1666 διὸ
306 1639 454 1673 ἀναγκαῖον
469 1640 554 1675 αὐτὴν
567 1642 606 1675 είς
622 1640 704 1675 μέσον
717 1641 833 1677 ἀχθῆναι
843 1649 851 1657 ⁸
865 1642 896 1669 οὐ

113 1686 168 1721 γὰρ
186 1686 240 1712 τῶν
259 1685 406 1721 τυχόντων,
418 1685 487 1713 άλλά
504 1694 536 1721 γε
552 1686 641 1725 πολλῷ
659 1687 758 1722 μᾶλλον
771 1687 896 1722 χαλεπώ-

112 1739 192 1766 τερος
218 1731 233 1756 ό
258 1730 356 1766 ὲχθρδς
384 1733 493 1758 πάντων
514 1725 696 1759 καθίσταται·
721 1732 847 1768 ὁρίζομεν
868 1732 898 1759 δὲ

113 1775 291 1810 προσκλαίειν
303 1775 383 1811 μέχρι
395 1776 590 1811 κατορθώσεως
603 1777 649 1803 τοῦ
660 1776 772 1811 πάθους,
785 1777 898 1804 ἀκοινώ-

112 1830 193 1858 νητον
214 1819 297 1853 εἶναι,
321 1822 487 1857 ξηροφαγεῖν
508 1821 586 1857 ἡλίου
601 1823 728 1858 δυσμαῖς,
753 1824 898 1858 μετανοίας

114 1870 201 1895 ποιεῖν
212 1868 272 1895 καθ’
284 1868 390 1904 ἡμέραν
399 1867 433 1899 τ’,
447 1868 543 1904 μέχρις
552 1868 585 1895 ἂν
596 1869 701 1904 ἀποστῇ
711 1869 758 1905 τῆς
769 1869 897 1904 ἀθεμίτου

113 1913 221 1949 βλασφη
225 1913 299 1948 μίας.

354 1969 394 1997 ιδ’.
407 1970 476 2005 Περὶ
490 1970 656 2005 θυμώδους.

155 2015 185 2043 '0
199 2015 328 2051 θυμώδης
345 2015 418 2042 ἔοικε
439 2016 627 2050 δαιμονιῶντι·
644 2016 729 2051 θυμὸς
752 2016 806 2052 γάρ
824 2018 898 2045 ἐστιν

113 2061 222 2097 ἑταιρία
244 2061 389 2096 δαιμόνων.
424 2061 515 2096 ’Δνὴρ
532 2062 680 2097 θυμώδης,
702 2064 758 2090 οὐκ
785 2064 898 2099 εὐσχή-

110 2115 178 2142 μων
190 2107 216 2123 ⁸·
230 2107 244 2133 ό
254 2106 338 2141 θυμὸς
355 2106 425 2134 ἔστω
442 2116 484 2137 σοι
499 2108 571 2135 κατὰ
589 2108 671 2142 μόνου
686 2108 733 2135 τοῦ
749 2109 848 2144 ὄφεως,
864 2110 898 2140 δι’

112 2153 144 2181 ὃν
166 2153 317 2186 ὲξέπεσας·
336 2153 464 2189 ὁρίζομεν
483 2153 511 2180 δὲ
536 2152 562 2188 μ’
579 2155 686 2190 ἡμέρας
710 2156 896 2190 προσκλαίειν,

113 2199 249 2234 ἑϐδομάδα
263 2199 345 2234 τυροῦ
362 2200 410 2226 καὶ
421 2199 475 2225 ὼοῦ
491 2201 538 2227 καὶ
547 2201 619 2228 οίνου
633 2201 679 2228 καὶ
693 2201 781 2228 ἐλαίου
797 2202 898 2238 ἀπέχε-

948 1602 990 1626 est
1001 1598 1088 1631 enim,
1099 1597 1207 1634 fratres,
1217 1597 1352 1624 Satanicte
1365 1596 1499 1631 superbiae
1519 1595 1594 1622 radix
1609 1604 1615 1622 :
1633 1601 1732 1628 quam-

949 1645 1043 1675 obrem
1078 1652 1138 1672 eam
1165 1644 1193 1671 in
1211 1648 1336 1678 apertum
1361 1643 1514 1678 producere
1535 1648 1647 1669 necesse
1667 1644 1728 1668 est:

950 1689 1172 1725 quandoquidem
1189 1689 1261 1716 haud
1279 1688 1398 1723 vulgaris
1414 1692 1456 1715 est
1475 1687 1563 1714 hostis
1577 1707 1584 1719 ,
1607 1686 1653 1713 sed
1671 1693 1730 1712 om-

950 1736 1025 1763 nium
1041 1736 1218 1770 asperrimus.
1242 1735 1418 1762 Decernimus
1441 1733 1578 1760 hominem
1596 1730 1730 1766 ejusmodi

950 1781 978 1808 in
1001 1781 1065 1808 ﬂetu
1081 1780 1184 1808 versari
1203 1780 1292 1815 quoad
1319 1779 1364 1806 hic
1387 1779 1499 1806 morbus
1518 1783 1638 1809 sanetur,
1653 1781 1729 1804 extra

949 1826 1171 1853 communionem
1191 1833 1263 1857 esse,
1277 1825 1362 1852 aridis
1377 1824 1449 1851 vesci
1465 1823 1516 1851 sub
1538 1823 1604 1850 solis
1619 1830 1728 1853 occasu.

949 1877 976 1899 et
987 1871 1161 1906 quotidianas
1174 1870 1263 1898 facere
1278 1875 1427 1906 metanmas
1440 1873 1585 1902 trecentas,
1596 1868 1683 1895 donec
1695 1867 1730 1894 ab

950 1917 1033 1952 impia
1050 1916 1218 1952 blasphemia
1231 1917 1352 1944 recedat.

1215 1972 1259 1999 14.
1282 1971 1319 2006 De
1335 1971 1475 2005 iracundo.

985 2018 1135 2051 Iracundus
1150 2017 1249 2046 similis
1268 2022 1311 2046 est
1331 2018 1497 2051 daemonium
1512 2015 1637 2049 habenti;
1653 2023 1732 2042 nam-

950 2073 1004 2100 que
1026 2065 1065 2092 ira
1084 2065 1281 2092 daemoniorum
1297 2064 1430 2091 sodalitas
1444 2066 1495 2090 est.
1522 2061 1570 2095 Vir
1585 2061 1730 2088 iracundus

951 2119 1002 2143 non
1020 2115 1059 2137 est
1072 2109 1182 2137 decorus
1194 2111 1216 2137 ⁵.
1240 2109 1282 2136 Ira
1306 2109 1353 2136 tibi
1376 2110 1412 2136 sit
1426 2109 1555 2136 adversus
1577 2111 1730 2142 serpentem

951 2155 1141 2183 tantummodo
1172 2155 1251 2190 cujus
1280 2162 1364 2181 causa
1393 2153 1526 2182 cecidisti.
1556 2151 1731 2180 Decernimus

952 2200 1131 2236 quadraginta
1153 2200 1257 2227 dierum
1280 2199 1372 2227 fletum
1385 2218 1393 2231 ,
1417 2202 1444 2226 et
1462 2206 1516 2226 una
1531 2196 1698 2226 hebdomada
1713 2203 1730 2223 a

114 2244 193 2280 σθαι,
208 2245 352 2279 μετανοίας
377 2246 465 2271 ποιεῖν
493 2245 551 2272 καθ’
576 2246 681 2282 ἡμέραν
710 2251 731 2282 ρ’
744 2255 751 2263 ·
767 2248 822 2275 Kal.
843 2249 898 2283 γὰρ

954 2253 1045 2278 caseo,
1061 2246 1130 2279 ovis,
1145 2246 1220 2278 vino,
1235 2244 1349 2280 oleoque
1363 2244 1501 2272 abstinere
1511 2264 1518 2276 ,
1541 2248 1566 2270 et
1581 2243 1730 2270 metandaas

109 2289 192 2324 ῥοπὴ
212 2289 265 2316 τοῦ
279 2290 374 2324 θυμοῦ
391 2290 496 2322 αὐτοῦ,
507 2290 621 2325 πτῶσις
635 2292 714 2325 αὐτῷ
724 2293 789 2320 ἐστι
800 2294 811 2310 ⁸
823 2302 830 2309 ·
844 2294 897 2323 καὶ

112 2334 188 2370 ὀργὴ
203 2335 360 2362 ἀπόλλυσι
371 2334 421 2362 καί
431 2336 606 2370 φρονίμους.

368 2391 409 2420 ιε’.
424 2393 493 2428 Περὶ
506 2393 639 2428 ὀργίλου.

157 2445 187 2473 '0
197 2446 372 2482 ὀργιζόμενο;
392 2447 485 2482 ὅμοιος
507 2450 563 2480 τοῖς
581 2449 628 2476 τοῦ
653 2449 752 2485 Ἰωσὴφ
773 2450 896 2486 ἀδελφοῖς

112 2493 283 2528 καθέστηκεν
291 2493 370 2528 ’ὀργὴ
379 2494 433 2529 γάρ
444 2495 504 2520 ἐστι
515 2495 670 2530 φρονήσεως
684 2495 835 2533 διαρπαγὴ,
850 2499 898 2525 καὶ

113 2539 308 2571 καταστάσεως
322 2539 447 2574 ἀδελφῶν
461 2540 660 2577 ὲκτρεποσύνη,
674 2542 723 2568 καὶ
738 2542 898 2580 ἡγριωμένη

115 2585 209 2621 μορφὴ
231 2585 368 2619 κράσεως.
398 2585 541 2621 Ὀρίζομεν
562 2586 591 2613 δὲ
612 2586 658 2614 τὸν
678 2588 787 2623 ὀργίλον
812 2589 900 2624 μῆνας

113 2631 161 2659 δύο
175 2630 365 2666 προσκλαίειν,
380 2634 406 2666 μ’
415 2631 523 2667 ἡμέρας
537 2632 701 2667 ξηροφαγεῖν
713 2633 773 2669 ὥρᾳ
787 2634 895 2670 ὲννάτῃ.

115 2676 259 2712 μετανοίας
270 2677 358 2704 ποιεῖν
368 2675 390 2703 σθ
401 2685 409 2692 ·
424 2677 470 2704 τὸν
483 2677 538 2713 γὰρ
548 2678 724 2714 ὀργιζόμενον
737 2679 775 2714 τῷ
790 2679 897 2714 ἀδελφῷ

115 2721 198 2748 αὑτοῦ
213 2723 227 2748 ό
238 2722 342 2758 Κύριος
358 2722 458 2758 ἔφησεν
468 2723 560 2759 ἔνοχον
571 2721 642 2752 εῖναι
659 2725 708 2760 τῆς
721 2725 856 2758 κολάσεως
866 2726 877 2741 ⁷
887 2735 894 2741 ·

114 2766 177 2801 φθεν
189 2767 237 2794 καὶ
251 2767 283 2794 τὸ
299 2768 403 2804 πτῶμα
419 2769 533 2806 φοϐερόν
548 2770 631 2798 ἐστιν.

144 2870 153 2885 ⁵
171 2868 251 2899 [‘rov.
268 2878 308 2904 λι,
325 2869 370 2899 95.
385 2879 424 2907 gr.

464 2873 473 2886 '
490 2871 573 2900 Eccli.
586 2879 605 2904 ι,
617 2872 649 2900 ιο
661 2881 700 2908 gr.
737 2873 848 2902 ’Malth.
862 2881 888 2906 ν,
898 2873 942 2900 ξζίὶ.

949 2297 1056 2323 centum
1073 2292 1194 2328 quotidie
1210 2291 1308 2319 facere.
1325 2290 1430 2318 Etenim
1452 2291 1561 2323 impetu:
1583 2289 1631 2316 inc
1651 2288 1709 2323 ejus
1721 2307 1730 2320 ,

947 2339 1026 2366 ruina
1040 2339 1121 2374 ipsius
1135 2341 1184 2365 est.
1201 2337 1233 2364 Et
1243 2337 1285 2364 ira
1297 2336 1381 2372 perdit
1392 2336 1472 2363 etiam
1486 2336 1626 2370 prudentes
1637 2335 1658 2361 '.

1105 2393 1149 2421 15.
1169 2393 1208 2420 De
1222 2401 1251 2422 eo
1271 2393 1316 2428 qui
1341 2392 1420 2427 facile
1435 2391 1571 2418 irascitur.

985 2449 1035 2483 Qui
1058 2449 1186 2477 irascitur
1209 2449 1307 2477 similis
1332 2453 1374 2477 est
1392 2448 1502 2484 Josephi
1520 2448 1661 2477 fratribus.
1683 2448 1731 2476 Est

950 2495 1024 2523 enim
1049 2496 1091 2522 ira
1112 2495 1265 2522 intellectus
1290 2494 1422 2530 direptio,
1448 2494 1588 2529 tranquilli
1613 2494 1728 2522 fratrum

947 2547 1037 2570 status
1051 2541 1167 2574 eversio,
1178 2545 1205 2569 et
1220 2548 1298 2569 saevae
1312 2541 1434 2576 quaedam
1447 2540 1614 2576 compaginis
1628 2540 1728 2568 forma.

948 2587 1126 2615 Decernimus
1148 2594 1237 2622 prono
1261 2587 1295 2614 ad
1316 2587 1384 2614 iram
1401 2587 1558 2614 himestrcm
1579 2586 1683 2620 ﬂetum,
1703 2591 1731 2615 et

950 2633 1130 2669 quadraginta
1151 2633 1247 2661 diebus
1270 2633 1348 2661 arido
1367 2632 1428 2660 cibo
1447 2633 1484 2660 uti
1506 2633 1570 2660 hora
1593 2640 1676 2665 nona,
1701 2637 1729 2659 et

950 2683 1100 2707 metanmas
1113 2678 1201 2706 facere
1214 2679 1355 2706 ducentas.
1370 2677 1491 2713 Namque
1506 2679 1661 2705 irascentem
1671 2677 1729 2712 fra-

950 2726 984 2752 tri
1007 2733 1055 2752 sua
1077 2724 1207 2753 Dominus
1233 2732 1305 2752 reum
1327 2732 1408 2760 pana:
1430 2724 1515 2760 agit".
1538 2723 1628 2757 Quare
1648 2723 1727 2758 culpa

948 2770 1128 2800 formidabilis
1140 2775 1192 2799 cst.
