1925 3088
185 135 251 170 ῙἸΞῚ

453 189 497 218 ιϐ.
520 189 557 217 De
573 190 697 218 tristitia.

181 241 186 246 '
221 236 496 265 Tristitia'demersus
512 236 610 263 similis
625 241 667 263 est
678 236 783 264 homini
799 236 884 271 quiin
899 236 967 264 mari

185 287 374 318 tempestatem
395 282 509 316 patitur.
526 281 650 309 Tristitia
666 286 710 310 est
721 282 820 309 anima
832 281 945 309 ariditas
961 290 968 308 :

195 327 250 355 Viri
272 328 340 354 enim
353 327 439 354 tristis
463 327 630 354 exsiccantur
660 335 720 354 ossa
730 327 752 354 ⁸.
778 327 812 354 Et
834 326 971 353 tristitiam

186 372 263 408 longe
278 372 373 407 repelle
396 380 412 399 a
436 376 460 399 te
470 374 492 399 '.
508 371 686 400 Decernimus
713 372 851 399 hominem
874 372 970 406 hujus-

187 418 260 446 modi
271 418 470 446 locessantibus
485 418 610 452 precibus
625 418 695 452 apud
708 418 793 445 altare
807 418 882 450 ﬂere,
900 425 970 453 quo-

188 464 255 492 tidie
278 469 429 491 metunteas
452 468 563 490 centum
587 464 786 498 quinquaginta
812 463 919 496 facere,
946 468 973 492 et

189 509 360 545 quingenties
372 509 463 537 dicere
477 518 484 536 :
499 508 619 542 Domine,
631 510 764 537 miserere.
777 509 846 537 Nam
861 509 972 538 tristitia

189 561 278 591 potest
291 555 326 582 ad
340 554 538 590 blasphemiam
553 555 702 589 impellere.

451 600 495 627 ΓΙ.
512 599 550 626 De
561 600 706 627 homicida.

226 644 366 672 Homicida
399 645 468 680 legis
497 645 607 681 quidem
637 645 794 681 praescripto
829 645 973 673 moriatur.

192 690 245 718 Sed
263 695 374 718 sanctus
387 690 505 721 Basilius
526 691 590 718 huic
605 699 741 719 annorum
757 691 913 726 quindecim
927 691 974 718 tle-

192 741 249 764 tnm
268 736 418 768 constituit,
435 741 463 764 et
481 737 565 764 aridis
581 737 704 764 districte
721 737 794 765 vesci
809 737 874 764 hora
890 744 973 770 nona,

192 787 219 809 et
232 787 309 810 extra
326 783 545 810 communionem
568 791 690 810 manere.
710 782 766 811 Nos
779 784 812 810 ad
828 783 974 811 triennium

623 135 672 166 DE
691 134 946 171 CONFESSIONE
960 136 1007 166 ET
1027 136 1325 168 SATESFACTIONE.

1737 131 1805 170 172's

1279 195 1327 224 ις’.
1342 191 1412 226 Περὶ
1423 186 1536 225 λύπης.

1064 239 1093 266 '0
1103 240 1136 274 τῇ
1150 238 1223 274 λύπῃ
1237 238 1432 273 βεὸυθισμένος
1449 237 1537 264 ἔοικεν
1550 235 1627 270 ἀνδρὶ
1642 228 1804 268 κλυδωνιζο-

1023 285 1095 320 μένῳ
1106 286 1135 312 ὲν
1148 284 1187 319 τῷ
1199 284 1329 318 πελάγει·
1344 283 1417 318 λύπη
1430 283 1484 317 γάρ
1500 284 1558 309 ἐστι
1572 281 1662 317 ψυχῆς
1677 282 1803 317 ξηρότης-

1027 332 1144 366 Ἆνδρὸς
1157 331 1212 366 τὰρ
1221 331 1360 365 λυπηροῦ
1371 331 1542 365 ξηραίνεται
1554 329 1630 357 ὀστᾶ
1639 338 1647 345 ’
1665 331 1730 362 Καὶ,
1744 332 1807 361 Μα-

1021 378 1097 412 κρὰν
1117 378 1247 411 ποίησον
1270 377 1330 404 ἀπὸ
1346 376 1405 403 σοῦ
1425 377 1542 410 λύπην·
1560 375 1689 412 ὁρίζομεν
1712 376 1741 402 δὲ
1761 376 1807 403 τὸν

1020 423 1141 450 τοιοῦτον
1164 422 1341 458 προσκλαίειν
1354 422 1393 456 τῷ
1406 422 1592 457 Θυσιαστηρίῳ
1613 421 1707 457 εὐχαῖς
1729 421 1807 448 ἀδιά-

1021 468 1147 496 λειπτον·
1175 470 1263 495 ποιεῖν
1295 468 1356 495 καθ’
1380 467 1487 503 ἡμέραν
1521 468 1666 503 μετανοίας
1697 467 1747 499 ον’,
1776 467 1808 493 τδ

1022 515 1109 549 Κύριε
1116 515 1248 550 ἐλέησον
1255 518 1291 550 φ’·
1301 514 1412 542 δύναται
1426 514 1480 550 γὰρ
1493 514 1565 550 λύπη
1580 514 1620 546 είς
1631 513 1810 549 βλασφημίαν

1023 561 1113 598 ῥίψαι.

1284 606 1326 639 ιζ’.
1340 605 1410 641 Περὶ
1422 606 1548 641 φονέως.

1061 653 1092 680 ‘0
1104 653 1202 688 φονεὺς
1214 652 1286 679 κατὰ
1305 652 1354 687 μὲν
1369 652 1416 678 τδν
1430 652 1512 686 νόμον
1527 650 1739 686 ἀποθνησκέτωο
1754 651 1769 676 ὁ
1779 649 1810 676 δὲ

1025 700 1102 733 ἅγιος
1125 699 1264 730 Βασίλειος
1287 702 1318 725 ιε’
1332 698 1380 732 ἔτη
1403 697 1502 733 ὥρισεν
1524 697 1605 724 αὑτὸν
1622 695 1810 731 προσκλαίειν,

1025 746 1190 782 ξηροφαγεῖν
1220 746 1314 780 ἀκρως
1339 744 1400 780 ὥρᾳ
1428 744 1536 779 ἐννάτῃ,
1555 743 1604 769 καὶ
1627 741 1812 776 ἀκοινώνητον

1025 789 1095 818 εἶναι
1105 800 1112 808 ·
1124 792 1206 827 ἡμεῖς
1215 791 1244 817 δὲ
1254 790 1348 826 τριετῆ
1363 789 1458 825 χρόνον
1467 789 1513 815 τὸν
1530 788 1631 815 κανόνα
1644 787 1739 813 τοῦτον
1752 786 1815 822 ὁρί-

193 835 328 855 canonem
345 828 419 854 hunc
441 827 601 862 redigimus.
619 828 753 863 siquidem
768 828 933 863 pmnituerit,
949 832 976 855 et

1040 839 1121 872 ἴομεν,
1141 837 1189 864 ἐὰν
1208 837 1334 872 μετανοῇ,
1351 836 1399 863 καὶ
1413 837 1427 862 ό
1442 835 1540 871 μόχθος
1560 833 1645 861 αὑτοῦ
1661 834 1791 868 φαίνηται
1801 841 1810 848 ·

194 873 304 900 atllictio
326 873 386 907 ejus
410 878 548 908 appareat.
565 873 643 906 Quod
663 875 686 901 si
702 881 809 908 pmnam
835 874 906 901 hanc
928 881 975 901 ne-

194 918 319 952 glexerit,
341 918 496 953 quindecim
516 919 596 945 annis
611 918 678 951 luat,
692 924 772 953 prout
787 926 904 954 magnus
921 918 979 946 vult

195 963 325 991 Basilius.

464 1009 509 1036 18.
531 1008 567 1036 De
585 1010 718 1038 adultero.

231 1055 344 1084 Adulter
359 1056 501 1084 homicida:
519 1057 618 1084 similis
636 1062 690 1085 est.
711 1056 778 1084 Nam
795 1056 841 1092 qui
861 1056 980 1092 proximi

196 1102 239 1129 sui
252 1102 329 1129 uxori
347 1102 503 1133 insidiatur.
519 1103 641 1137 gladium
656 1104 803 1138 ancipitem
825 1107 926 1136 movet,
950 1107 979 1130 et

196 1148 340 1175 dissidium
359 1147 473 1176 inducit.
487 1147 604 1176 Sanetus
616 1149 725 1184 quidem
736 1149 853 1177 Basilius
874 1148 979 1176 consti—

198 1195 259 1227 tuit,
273 1194 347 1222 hunc
358 1196 438 1223 annis
451 1195 607 1230 quindecim
618 1196 696 1224 arido
711 1197 833 1224 districta
849 1196 911 1224 cibo
928 1196 980 1228 uti,

198 1241 266 1269 hora
285 1248 367 1268 nona.
383 1240 438 1269 Nos
458 1249 536 1274 vero,
559 1243 583 1270 si
605 1242 704 1269 vitium
724 1242 870 1277 abruptum
887 1241 979 1274 fuerit,

198 1285 302 1313 biennii
312 1287 625 1315 excommunicationem
637 1287 822 1320 decernimus,
833 1296 894 1315 cum
905 1288 982 1314 arido

197 1331 310 1360 omnino
323 1331 395 1365 cibo,
416 1336 443 1359 et
461 1333 605 1360 metanteis
625 1333 793 1368 quotidianis
809 1333 946 1360 ducentis.

445 1377 488 1406 i9.
509 1377 548 1404 De
561 1377 733 1412 fornicatore.

234 1424 394 1453 Fornicator
412 1433 461 1453 sex
485 1426 564 1453 annis
587 1433 664 1453 extra
687 1425 908 1453 communionem
935 1424 981 1457 sit,

200 1469 262 1497 cibo
276 1469 352 1497 arido
367 1477 479 1498 vescens
496 1471 562 1497 hora
577 1478 660 1503 nona,
678 1478 740 1498 cum
760 1470 902 1497 metanaais
918 1477 982 1497 cen-

1029 883 1076 910 ἐὰν
1092 883 1121 910 δὲ
1134 883 1233 919 ἀμελῇ,
1253 883 1287 910 τὰ
1300 885 1330 909 ιε’
1345 882 1488 909 ὲκτελείτω
1503 882 1563 916 ἐτη,
1576 880 1645 907 κατὰ
1658 879 1704 906 τὸν
1722 879 1811 915 μέγαν

1027 929 1179 957 Βασίλειον.

1293 1016 1337 1052 ιη’.
1354 1016 1424 1051 Περὶ
1435 1015 1556 1051 μοιχοῦ.

1069 1066 1099 1092 '0
1116 1064 1208 1100 μοιχὸς
1222 1064 1314 1100 ὅμοιος
1331 1062 1370 1098 τῷ
1386 1063 1480 1097 φονεῖ·
1495 1063 1510 1089 ό
1523 1061 1577 1096 γὰρ
1591 1062 1623 1096 τῇ
1639 1059 1687 1087 τοῦ
1699 1059 1817 1094 πλησίον

1029 1111 1139 1145 γυναικὶ
1160 1108 1355 1141 ἐπιϐουλεύων,
1373 1109 1510 1143 μάχαιραν
1525 1106 1651 1141 δίστομον
1667 1106 1749 1138 κινεῖ,
1766 1105 1815 1132 καὶ

1030 1154 1168 1191 χωρισμὸν
1182 1154 1317 1181 ἀποτελεῖ.
1329 1154 1384 1180 Καὶ
1396 1154 1411 1179 ὸ
1425 1153 1473 1188 μὲν
1490 1152 1568 1186 ἅγιος
1585 1151 1725 1182 Βασίλειος
1736 1150 1817 1186 (ὥρι-

1031 1201 1087 1236 σεν)
1098 1201 1145 1235 ἐτη
1160 1204 1190 1226 ιε’
1207 1200 1237 1235 ξη
1243 1199 1411 1236 ροφαγοῢντα
1425 1199 1517 1234 ἄκρως
1533 1198 1592 1234 ὥρα
1605 1197 1718 1232 ὲννάτῃ·
1730 1196 1816 1231 ἡμεῖς

1029 1247 1059 1274 δὲ
1073 1246 1119 1273 τοῦ
1139 1246 1241 1278 πάθους
1255 1245 1466 1279 ἐκκοπτομὲνου,
1482 1243 1557 1278 διετῆ
1582 1243 1676 1278 χρόνον
1696 1241 1816 1269 ἀκοινώ-

1031 1301 1112 1329 νητον
1133 1290 1214 1325 εἶναι,
1237 1291 1442 1327 ξηροφαγοῦντα
1461 1290 1563 1325 ἀκρως,
1581 1288 1726 1324 μετανοίας
1750 1287 1818 1315 καθ’

1031 1339 1137 1376 ἡμέραν
1149 1338 1297 1369 διακοσίας.

1289 1383 1332 1410 ιθ’.
1346 1383 1416 1417 Περὶ
1431 1384 1555 1416 πόρνου.

1073 1430 1102 1458 ⁸0
1125 1431 1224 1466 πόρνος
1245 1429 1275 1462 ἓξ
1298 1429 1345 1464 ἐτη
1362 1428 1553 1464 ἀκοινώνητος,
1569 1426 1732 1463 ξηροφαγῶν
1754 1425 1818 1461 ὥρᾳ

1033 1477 1140 1514 ἐννάτῃ,
1155 1476 1299 1512 μετανοίας
1313 1474 1367 1511 ρν¹·
1380 1476 1404 1502 εί
1421 1475 1449 1501 δὲ
1462 1475 1561 1510 ἀμελῇ,
1576 1474 1613 1509 τῷ
1629 1473 1738 1508 μεγάλῳ
1753 1474 1816 1499 ἑπι-

200 1520 257 1542 tum
281 1515 490 1551 quinquaginta.
510 1515 589 1548 Quod
612 1516 636 1544 si
662 1515 820 1551 neglexerit,
843 1513 979 1550 grandiori

1040 1513 1121 1559 τιμίῳ
1130 1522 1177 1549 τοῦ
1191 1522 1270 1557 ἁγίου
1286 1521 1426 1549 Βασιλείου
1440 1520 1672 1550 καταδικαζέσθω.

199 1567 287 1596 pinnae
302 1562 391 1589 sancti
404 1561 496 1589 Basilii
515 1561 551 1588 sit
566 1562 713 1589 obnoxius.

339 1607 384 1635 20.
405 1607 443 1634 De
455 1607 632 1635 masculorum
647 1607 824 1639 concubitore_

236 1653 289 1688 Qui
316 1653 511 1689 turpitudinem
538 1661 602 1682 cum
634 1653 764 1681 masculis
793 1653 982 1687 commiserit,

201 1698 275 1727 hunc
288 1703 401 1727 sanctus
413 1698 530 1727 Basilius
544 1700 701 1734 quindecim
720 1699 800 1727 annis
817 1704 893 1727 extra
907 1707 984 1727 com-

200 1745 358 1773 munionem
382 1753 444 1773 esse
469 1745 590 1774 decrevit
610 1745 778 1781 jejunantem
806 1754 839 1773 ac
864 1745 982 1773 ﬂentem.

200 1791 257 1819 Nos
279 1796 381 1824 tamen,
398 1791 532 1826 siquidem
551 1799 566 1819 a
580 1797 692 1826 peccato
711 1800 741 1819 se
760 1793 908 1820 recessisse
926 1800 985 1819 crc-

201 1838 323 1866 dibiliter
334 1838 512 1871 demonstret,
529 1838 640 1866 biennio
653 1843 756 1865 tantum
773 1843 848 1866 extra
863 1845 985 1865 commu-

202 1884 311 1910 nionem
327 1891 389 1911 eum
406 1891 477 1915 esse,
495 1883 574 1911 arido
594 1884 654 1911 cibo
669 1888 790 1911 utentem
808 1884 877 1910 hora
903 1891 984 1915 nona,

200 1927 341 1963 iubemus.
355 1927 434 1960 Quod
448 1929 471 1955 si
487 1935 595 1962 pinnam
607 1929 678 1955 hanc
692 1929 852 1963 neglexerit,
869 1929 985 1964 quinde-

203 1974 256 2001 cim
272 1981 406 2003 annorum
422 1982 530 2010 poenam
548 1975 691 2002 sustineat.

378 2019 424 2047 2i.
447 2019 485 2047 De
509 2025 616 2047 coeunte
640 2028 700 2047 cum
722 2019 813 2047 bestia.

240 2067 292 2102 Qui
320 2075 383 2095 cum
409 2067 504 2095 bestiis
526 2075 583 2094 rem
607 2071 712 2102 turpem
740 2066 884 2098 habuerit,
910 2067 988 2101 juxta

205 2117 331 2141 sanctum
348 2112 478 2139 Basilium
495 2112 652 2147 quindecim
669 2112 749 2139 annis
770 2117 846 2139 extra
866 2120 989 2139 cornum-

205 2159 315 2186 nionem
338 2158 401 2185 erit.
424 2156 479 2184 Nos
504 2162 593 2184 tamen
619 2157 642 2184 si
669 2164 684 2183 a
702 2156 807 2192 ﬂagitio
830 2156 987 2187 cessaverit,

1242 1606 1276 1636 κ’.
1291 1607 1361 1642 Περὶ
1379 1606 1605 1641 ἁρσενοκοίτου.

1073 1655 1104 1682 '0
1119 1654 1168 1690 τὴν
1183 1653 1378 1690 ἀσχημοσύνην
1389 1654 1418 1680 ὲν
1431 1654 1487 1684 τοῖς
1497 1652 1610 1688 ἇρῥεσιν
1622 1651 1820 1686 ἐπιδεικνύμε-

1034 1709 1089 1734 νος,
1100 1701 1114 1728 ὁ
1133 1701 1181 1736 μὲν
1195 1700 1272 1734 ἅγιος
1285 1699 1425 1732 Βαᾳίλειος
1442 1702 1472 1726 ιε’
1488 1698 1535 1734 ἐτη
1549 1698 1648 1733 ὥρισεν
1665 1697 1820 1732 ἀκοινώνη-

1034 1756 1080 1774 τον
1111 1745 1275 1781 νηστεύοντα
1295 1745 1343 1772 καὶ
1368 1744 1584 1780 προσκλαίοντα“
1610 1744 1690 1779 ἡμεῖς
1715 1743 1743 1769 δὲ
1769 1743 1821 1769 ἐὰν

1035 1794 1140 1828 ἀποστῇ
1165 1791 1210 1819 τοῦ
1229 1792 1314 1818 κακοῦ
1333 1791 1402 1827 μετά
1418 1790 1614 1826 πληροφορίας,
1633 1789 1705 1824 διετῆ
1721 1789 1822 1824 χρόνον

1035 1838 1227 1873 ἀκοινώνητον,
1243 1836 1449 1874 ξηροφαγοῦντα
1468 1835 1529 1871 ὥρα
1547 1835 1656 1870 ὲννάτῃ,
1673 1834 1822 1869 μετανοίας

1037 1889 1059 1912 α’
1071 1893 1078 1901 ·
1094 1886 1117 1912 εί
1130 1885 1158 1911 δὲ
1171 1884 1270 1920 ἀμελῇ,
1282 1884 1318 1910 τὰ
1330 1883 1479 1910 δεκαπέντε
1492 1882 1540 1917 ἐτη
1558 1881 1701 1908 ὲκτελείτω
1713 1881 1744 1908 τὸ
1756 1882 1822 1907 ὲπι-

1035 1930 1136 1966 τίμιον.

1250 2016 1303 2045 κα’.
1321 2017 1392 2051 Περὶ
1413 2016 1608 2050 κτηνοόἁτου.

1079 2065 1107 2092 '0
1125 2065 1153 2090 ἐν
1169 2063 1277 2098 ἀλόγοις
1290 2063 1339 2096 τὴν
1354 2062 1547 2098 ἀσχημοσύνην
1563 2061 1732 2095 ποιούμενος,
1749 2060 1823 2086 κατὰ

1038 2111 1083 2138 τὸν
1114 2111 1190 2145 ἂγιον
1219 2109 1357 2136 Βασίλειον
1384 2111 1415 2134 ιε’
1439 2107 1485 2142 ἔτη
1515 2105 1695 2141 ἀκοινώνητος
1724 2105 1822 2131 ἔσται·

1038 2157 1118 2191 ἡμεῖς
1148 2155 1176 2182 δὲ
1206 2155 1252 2182 ἐὰν
1285 2153 1331 2180 τοῦ
1356 2153 1441 2180 κα.κοῦ
1469 2153 1586 2187 ἀποστῇ,
1617 2151 1690 2186 διετῆ
1723 2150 1823 2186 χρόνον

207 2204 309 2232 biennii
337 2203 650 2231 excommunicationeln
682 2203 706 2230 ei
735 2202 893 2234 inferimus,
925 2210 979 2229 cun

1040 2189 1220 2238 dicutvob‘t'qtov
1251 2198 1321 2227 εἶναι
1350 2199 1488 2235 ὁρίζομεν,
1521 2197 1728 2234 ξηροφαγοῦντα
1760 2197 1824 2232 ὥρᾳ.

206 2250 284 2277 arido
297 2249 358 2277 cibo
378 2249 445 2276 hora
461 2255 543 2280 nona,
561 2252 664 2274 etcum
688 2248 833 2275 metanmis
853 2248 988 2275 ducentis.

207 2296 284 2330 Quod
309 2296 332 2324 si
357 2294 517 2332 neglexerit,
540 2293 696 2329 quindecim
723 2301 858 2320 annorum
880 2299 989 2328 poenam

207 2351 238 2370 ex
242 2342 300 2378 pica
304 2347 324 2370 t.

477 2387 523 2414 22.
545 2386 584 2414 De
598 2387 709 2413 incestu.

243 2435 295 2468 Qui
312 2434 339 2462 in
358 2441 480 2462 sororem
496 2434 635 2468 propriam
658 2433 751 2468 lapsus
769 2431 861 2464 fuerit,
874 2431 990 2467 quinde-

208 2483 261 2510 cim
278 2481 358 2509 annis
373 2480 567 2509 communione
587 2483 689 2511 careat.
705 2483 786 2514 prout
800 2479 857 2506 vult
873 2486 987 2513 magnus

209 2527 338 2554 Basilius.
361 2525 419 2553 Nos
441 2530 544 2557 tamen,
559 2526 583 2552 si
598 2524 723 2559 posthinc
735 2524 837 2559 ﬂagitio
852 2524 990 2550 abstinue-

208 2573 256 2606 rit,
273 2571 435 2599 triennalem
452 2571 567 2606 poenam
579 2569 751 2597 decernimus
769 2570 839 2597 aridi
855 2569 908 2597 eihi
924 2569 990 2596 hora

209 2626 293 2652 nona,
308 2625 372 2645 cum
389 2617 514 2645 ducentis
531 2616 684 2644 metanmis.

406 2664 453 2692 2'5.
473 2663 511 2690 De
522 2664 623 2690 incestu
637 2670 697 2689 cum
715 2670 795 2689 nuru.

247 2710 299 2744 Qui
320 2710 348 2737 in
368 2717 468 2737 nurum
482 2709 574 2744 lapsus
589 2708 682 2740 fuerit,
707 2708 834 2735 undecim
858 2707 937 2735 annis
955 2715 989 2735 ex

210 2756 299 2785 sancti
321 2755 415 2783 Basilii
437 2755 573 2783 sententia
599 2759 676 2782 extra
698 2754 917 2782 communionem
941 2753 986 2782 sit.

248 2845 348 2874 “Prov.
366 2853 431 2879 xvn,
445 2844 481 2872 ‘23
497 2852 537 2880 gr.
575 2846 585 2860 "
598 2843 680 2872 Eccli.
699 2851 762 2877 xxx,
777 2843 821 2870 Ἡ.

1037 2247 1144 2283 ὲννὰτῃ,
1158 2246 1302 2282 μετανοίας
1316 2248 1339 2271 σ¹
1350 2253 1356 2259 ·
1373 2246 1397 2271 εί
1413 2245 1441 2271 δὲ
1456 2244 1554 2279 ἀμελῇ,
1566 2244 1602 2278 τα
1615 2243 1645 2269 ιε’
1659 2243 1707 2278 ειη
1719 2242 1823 2277 φυλατ-

1036 2293 1116 2321 τὲτω.

1108 2384 1160 2419 κβν.
1175 2382 1247 2417 Περὶ
1259 2381 1476 2416 ἁδελφομιείας
1490 2380 1556 2415 ἦτοι
1568 2379 1748 2415 αίμομιξίιις.

1083 2430 1113 2458 '0
1124 2431 1162 2461 si;
1177 2428 1292 2464 ἀδελφὴν
1307 2428 1375 2454 ῑδίαν
1388 2427 1544 2462 ἐμπίπτων,
1565 2425 1595 2452 ιε’
1610 2425 1657 2460 ἐτη
1672 2422 1825 2458 ἀκοινώνη-

1041 2485 1087 2507 τος
1097 2475 1167 2502 κατά
1175 2474 1220 2501 τὸν
1234 2475 1319 2510 μέγαν
1332 2473 1470 2500 Βασίλειον
1482 2480 1490 2488 ·
1504 2471 1564 2499 καθ’
1575 2471 1647 2506 ἡμᾶς
1658 2470 1686 2496 δὲ
1698 2469 1746 2496 ἐὰν
1756 2469 1825 2495 ἁπο-

1043 2523 1092 2557 στῇ
1113 2520 1161 2548 τοῦ
1173 2520 1269 2552 κακοῦ,
1288 2519 1381 2555 τριετῆ
1395 2518 1489 2554 χρόνον
1505 2516 1686 2552 ὲπιτιμᾶσθω,
1697 2515 1825 2551 ξηροφα-

1042 2567 1099 2601 γῶν
1114 2566 1174 2602 ὥρᾳ
1189 2565 1297 2600 ὲννάτῃ,
1312 2563 1456 2599 μετανοίας
1472 2562 1493 2590 σ¹
1503 2571 1510 2578 ·
1528 2562 1576 2589 ἐὰν
1592 2561 1620 2588 δὲ
1632 2560 1731 2596 ἀμελῇ,
1745 2560 1780 2586 τὰ
1794 2557 1824 2586 ιε’

1042 2613 1088 2649 ἔτη
1100 2612 1253 2640 ὲκτελείτω.

1138 2658 1192 2693 κγ’.
1208 2658 1277 2692 Περὶ
1290 2658 1409 2693 νύμφης
1422 2656 1531 2689 ausim;
1543 2653 1722 2690 αιμομιξιάς.

1083 2706 1114 2733 '0
1128 2706 1168 2738 είς
1183 2705 1292 2740 νύμφην
1306 2705 1459 2740 ἐμπίπτων,
1481 2706 1517 2730 ια’
1536 2701 1584 2737 ἔτη
1601 2701 1671 2728 κατὰ
1685 2700 1731 2726 τὸν
1746 2698 1823 2732 ἀγιον

1043 2753 1182 2782 Βασίλειον
1203 2751 1383 2788 ἀκοινώνητος
1403 2751 1477 2779 ἐστιν
1488 2758 1495 2766 ’
1510 2751 1591 2786 ἡμεῖς
1605 2749 1634 2775 δὲ
1649 2748 1696 2775 ἐὰν
1718 2745 1822 2780 ἀποστῇ
