1925 3088
188 138 254 171 1731

581 135 867 171 RESPONSIONES
884 140 935 170 AD
953 136 1222 172 INTERROGATA
1240 118 1417 177 cumbam.

1736 139 1805 173 1732

222 194 374 230 Respomid.
403 191 474 222 Olim
494 193 604 229 quidem
630 202 664 222 ex
683 195 809 229 [quadam
836 193 970 230 peculiari

1063 195 1240 229 Ἀπόκρισις.
1253 194 1340 221 Πάλαι
1356 194 1407 230 μὲν
1418 194 1450 221 ἐκ
1466 194 1538 226 τινος
1546 193 1692 231 συνὴθείας
1703 195 1804 223 latom-

184 241 386 269 consuetudine
405 241 432 267 in
456 247 554 276 magna
575 240 643 268 feria
663 241 759 276 quinta
776 241 902 268 homines
924 247 972 268 co-

186 288 329 315 medebant
347 294 458 314 caseum
471 291 499 314 et.
514 294 577 315 ova.
598 287 698 315 Verum
710 288 757 322 qui
776 291 870 322 postea
886 287 972 315 exsti-

185 337 278 360 terunt
292 333 397 364 Patres,
413 332 570 367 praedictam
589 340 646 360 rem
671 332 818 361 absurdam
842 337 973 368 reputan-

186 383 238 409 tes.
262 385 396 406 canonem
423 378 498 406 hunc
519 378 685 412 ediderunt;
714 386 804 413 neque
829 383 919 406 tamen
938 379 973 407 de

186 423 246 450 oleo
260 423 378 458 vinoque
398 423 425 450 id
441 423 641 459 inteiligebant.
663 423 771 451 Etenim
791 428 834 451 est
847 425 905 451 haec
925 432 973 451 su-

186 469 314 498 stentatio
335 473 364 496 et
384 469 508 497 solamen
532 477 565 497 ex
582 477 688 497 summa
719 469 863 497 alﬂictione
876 469 972 505 jejuhii

185 523 281 544 eorum
297 516 344 550 qui
359 516 451 543 divina
465 517 596 551 mysteria
613 521 736 544 sumunt.

221 561 250 588 2.
272 560 328 588 Im.
350 561 484 588 Similiter
499 561 533 589 de
550 566 644 589 sancta
658 561 818 588 Pentecoste
839 560 971 596 scriptum

186 611 240 638 est.
258 615 293 634 ne
314 615 385 643 genu
409 607 551 636 ﬂectamus
579 615 647 635 neve
672 607 786 634 omnino
806 607 971 642 jejunemus.

185 653 243 680 Cur
265 661 329 688 ergo
345 655 390 688 qui
409 654 436 681 iu
460 654 518 681 suis
537 654 614 681 cellis
639 654 770 685 resident.
796 653 823 680 id
840 660 895 680 non
914 660 973 680 seri

186 702 262 731 vant,
278 699 325 727 sed
347 704 373 726 ct
384 699 520 735 jejunant,
540 704 567 727 et
584 707 654 735 genu
671 700 784 727 ﬂectunt
799 703 854 726 tota
869 698 974 726 hebdo-

187 745 277 779 mada,
291 750 405 781 excepto
419 746 549 774 nimirum
573 746 693 774 Sabbato
705 753 737 773 ac
751 745 794 773 die
810 744 973 773 Dominieo?

221 834 299 869 Resp.
320 835 460 871 Evangelii
473 835 643 871 praedicatio,
658 834 813 863 communis
823 842 885 863 cum
900 838 973 862 esset

1022 241 1074 276 κῆς
1086 242 1118 276 τῇ
1132 241 1237 276 μεγάλῃ
1250 241 1364 277 πέμπτῃ
1374 241 1463 267 εσθιον
1473 241 1499 268 οἱ
1511 241 1649 277 ἄνθρωποι
1662 241 1743 277 τυρὸν
1758 243 1806 269 καὶ

1020 286 1081 322 ᾠά·
1099 287 1220 319 ἐλθόντες
1232 287 1261 314 δὲ
1275 286 1387 323 ὕστερον
1400 287 1426 314 oi
1444 287 1573 322 πατέρες,
1587 287 1635 315 καὶ
1649 287 1728 315 τοῦτο
1741 288 1806 316 ἄτο-

1020 341 1072 360 πον
1085 333 1249 368 διαγνόντες,
1264 332 1310 360 τὸν
1324 332 1427 360 κανόνα
1442 333 1536 359 τοῦτον
1552 332 1687 365 ἐξέθεντο,
1705 333 1736 360 οὺ
1752 334 1806 368 μὴν

1020 378 1050 405 δὲ
1064 378 1128 414 περὶ
1143 378 1234 405 ἐλαίου
1247 377 1296 405 καὶ
1306 377 1380 405 οίνου
1395 377 1478 404 τοῦτο
1491 377 1649 410 ὲξελὰϐοντο
1659 385 1667 393 '
1684 378 1806 413 συγκράο

1021 434 1100 462 τησις
1117 425 1172 462 γὰρ
1185 426 1264 453 τοῦτο
1278 425 1326 453 καὶ
1339 425 1501 461 παραμυθία
1516 425 1566 460 τῆς
1581 425 1669 461 ἄκρας
1681 433 1805 452 κακοπα-

1021 471 1097 503 θείας
1112 472 1145 498 ἐκ
1164 471 1291 507 νηστείας
1306 470 1361 499 τῶν
1379 471 1643 507 μεταλαμϐανόντων
1657 471 1712 498 τῶν
1726 470 1806 498 θείων
1825 463 1830 478 ι

1023 517 1192 553 μυστηρίων.

1058 561 1091 598 β’.
1109 562 1206 597 Ἐρώτ.
1231 562 1366 594 Ὡσαύτως
1381 561 1429 588 καὶ
1449 561 1513 596 περὶ
1530 561 1579 595 τῆς
1599 561 1682 594 ἁγίας
1701 561 1806 595 Πεντηὲ

1022 609 1123 643 κοστῆς
1138 609 1292 644 γέγραπται
1307 608 1345 644 μὴ
1363 607 1463 635 κλίνειν
1482 607 1584 642 γόνυ,ἢ
1601 607 1668 638 ὅλως
1679 607 1807 642 νηστείαν

1022 653 1210 689 ἐργάσασθαι⁶
1230 653 1289 685 πῶς
1308 651 1355 680 οὖν
1375 653 1400 680 oi
1426 653 1577 688 καθήμενοι
1597 654 1625 679 ἐν
1641 654 1698 684 τοῖς
1716 653 1808 679 αὐτῶν

1022 699 1140 730 κελλίοις
1154 699 1184 726 οὐ
1201 699 1280 726 τοῦτο
1294 699 1490 733 φυλάσσουσιν,
1503 699 1571 726 ἁλλὰ
1583 699 1630 725 καὶ
1646 699 1808 734 νηστεύουσι

1022 747 1070 773 καὶ
1079 746 1143 780 γόνυ
1159 745 1296 772 κλίνουσιν
1312 745 1377 780 ὅλην
1389 745 1438 782 τὴν
1451 745 1599 781 ἑϐδομάδα,
1617 745 1681 772 ἄνευ
1699 745 1808 772 Σαϐϐά-

1022 800 1068 818 του
1080 791 1202 826 δηλονότι
1216 790 1264 817 καὶ
1277 790 1441 826 Κυριακῆςς

1063 835 1165 862 Ἀπόνι.
1184 834 1222 861 Th
1237 835 1368 870 κήρυγμα
1385 835 1432 862 τοῦ
1445 835 1613 870 Εὐαγγελίου
1639 835 1728 862 κοινὸν
1756 835 1810 862 πάλ

187 880 238 907 toti
265 881 379 914 mundo,
410 888 553 916 nuperque
579 881 661 911 facta.
686 881 820 917 generalia
848 880 971 908 tradebat

1024 888 1059 918 σῃ
1082 882 1116 916 τῇ
1143 880 1290 916 οἰκουμένῃ
1309 900 1316 912 ,
1340 879 1389 907 καὶ
1413 881 1511 907 νεωστὶ
1542 879 1693 916 διδόμενον,
1724 879 1808 907 καθο-

186 927 267 954 etiam
285 932 430 962 praecepta.
444 926 477 954 Et
493 927 557 962 quia
579 926 680 955 Christi
704 927 869 955 resurrectio
880 934 896 954 a
911 926 971 961 ple-

186 972 280 1007 risque
303 981 356 1000 non
385 973 558 1005 credebatur,
581 973 616 1000 ob
639 980 699 1001 eam
724 972 892 1000 suadendam
918 972 971 1000 hoc

186 1016 269 1044 etiam
295 1017 436 1045 decretum
459 1017 562 1045 editum
580 1017 642 1050 fuit,
657 1021 752 1045 vetans
772 1017 972 1052 quodammodo

187 1069 222 1090 ac
241 1063 353 1096 docens,
371 1064 443 1098 quod
465 1063 547 1091 sicuti
564 1063 668 1099 peccati
688 1071 772 1091 causa
788 1063 888 1090 mortui
911 1070 972 1090 era-

185 1115 260 1141 mus,
283 1113 310 1136 et
326 1108 402 1136 humi
417 1109 509 1142 strati,
526 1117 578 1137 nec
604 1116 748 1145 resurgere
764 1108 897 1140 valentes.
917 1108 971 1136 nisi

185 1158 330 1188 appareret
351 1153 375 1181 is
395 1153 442 1189 qui
467 1161 519 1181 nos
536 1159 716 1181 revocaturus
732 1152 766 1179 ad
785 1152 870 1180 vitam
894 1157 970 1184 erat;

185 1199 228 1228 sic
250 1199 413 1227 adveniente
428 1200 576 1234 postremis
597 1199 776 1234 temporibus,
799 1199 847 1226 illo
861 1197 906 1225 cui
929 1205 972 1225 re.

185 1246 304 1281 positum
329 1249 389 1273 erat
399 1245 469 1278 ’°'”,
486 1245 595 1273 Christo
609 1245 664 1272 Deo
676 1249 780 1277 nostro,
795 1249 823 1271 et
835 1244 971 1279 impecca-

185 1291 233 1319 bili
244 1299 293 1326 pro
301 1291 419 1326 peccatis
427 1292 528 1319 nostris
542 1292 670 1327 patiente,
685 1299 736 1319 nos
755 1292 969 1324 resurreximus,

188 1345 221 1365 ac
249 1342 392 1372 propterea
415 1338 537 1373 mystcrii
562 1338 646 1372 hujus
670 1337 847 1365 conﬁrmandi
875 1344 970 1370 causa,

186 1389 275 1410 canon
300 1383 351 1410 iste
372 1383 499 1410 conditus
520 1382 581 1415 fuit,
609 1383 656 1418 qui
675 1387 702 1409 et
724 1382 778 1409 vim
795 1382 924 1415 obtinuit,
943 1386 972 1410 et

188 1427 282 1462 utique
297 1427 427 1455 obtineat.
447 1427 541 1463 Neque
554 1427 658 1455 idcirco
671 1432 762 1454 tamen
777 1431 892 1462 peccant
910 1433 971 1453 mod

186 1474 277 1507 nachi,
304 1474 430 1509 privatim
459 1474 503 1501 his
518 1474 614 1502 diebus
633 1481 705 1510 genu
732 1473 879 1501 ﬂectentes.
901 1472 969 1500 Nam

185 1528 247 1548 cum
262 1528 291 1548 se
306 1528 369 1548 reos
377 1521 434 1556 jam
449 1520 654 1552 constituerint,
671 1525 699 1548 et
710 1520 790 1556 quasi
805 1521 909 1549 carceri
921 1528 970 1548 voc

184 1568 303 1596 luntario
327 1568 552 1603 mancipaverint,
575 1575 683 1603 semper
704 1567 803 1595 debent
820 1567 855 1595 ad
881 1568 970 1595 Domi-

183 1622 250 1642 num
274 1615 403 1647 clamare,
437 1619 464 1642 et
486 1614 642 1641 humilitate
673 1621 722 1642 sua
747 1613 969 1641 misericordiam

184 1661 343 1697 implorare.
357 1660 451 1696 Neque
462 1661 535 1688 enim
548 1659 685 1688 monacho
710 1659 872 1688 solemnitas
881 1662 924 1687 est
942 1659 969 1687 in

183 1711 268 1740 terra,
283 1711 312 1734 ut
326 1707 438 1742 quidam
456 1707 534 1734 dixit.

217 1753 244 1781 3.
266 1753 321 1782 Int.
337 1754 364 1781 Si
390 1753 452 1789 quis
480 1758 538 1780 tum
563 1759 678 1780 numero
692 1756 749 1779 tum
767 1752 899 1792 qualitate
914 1760 970 1780 non

183 1807 278 1835 parum
294 1800 413 1836 peccatis
425 1799 582 1826 carnalibus
599 1802 685 1826 semet
708 1798 850 1833 impiavit;
873 1798 972 1826 deinde

182 1853 248 1873 vero
276 1846 310 1873 de
335 1846 378 1873 his
400 1844 555 1877 confessus,
579 1851 700 1879 congrua
724 1844 813 1879 culpis
834 1843 971 1878 ejusmodi

183 1893 303 1920 remedia
319 1893 423 1927 accepit
436 1892 544 1926 sibique
556 1891 682 1919 adhibuit
695 1900 702 1925 ;
715 1891 854 1926 quomodo
868 1899 972 1927 cogno-

183 1944 240 1967 scet
255 1939 383 1974 praedicta
399 1943 510 1973 peccata
534 1938 586 1965 sibi
613 1937 699 1965 fuisse
715 1938 841 1971 remissa,
860 1942 890 1966 ut
908 1945 971 1973 per-

182 1993 294 2013 suasum
328 1984 425 2013 habeat
455 1984 510 2012 tale
545 1991 577 2012 se
614 1984 715 2012 bonum
754 1991 818 2012 esse
858 1992 972 2013 assecu-

182 2036 239 2059 tum
250 2031 262 2058 τ

217 2077 294 2112 Resp.
311 2076 401 2105 Nemo
422 2084 542 2112 unquam
565 2076 767 2112 comperiretur
790 2077 923 2112 poenitere
945 2081 973 2105 et

181 2122 315 2155 conﬁteri,
333 2122 386 2150 nisi
405 2122 511 2150 ﬁrmam
531 2127 610 2150 antea
625 2129 702 2158 spem
722 2122 845 2155 haberet,
859 2123 933 2158 quod
947 2123 972 2151 si

182 2171 300 2202 sincere,
324 2169 448 2204 inquam,
473 2168 606 2197 conﬁtear
629 2174 656 2196 et
682 2168 836 2204 impositam
862 2176 971 2204 poenam

1023 927 1106 960 λικῶς
1136 927 1264 954 ἐποιείτω
1293 927 1343 954 καὶ
1369 927 1405 953 τὰ
1433 927 1625 962 ἐπιτάγματα·
1646 927 1694 954 καὶ
1716 927 1778 953 ἐπεὶ
1791 927 1809 962 ἡ

1023 972 1070 1000 τοῦ
1102 973 1220 1008 Χριστοῦ
1248 973 1400 1004 ἁνὰστασις
1428 974 1485 1004 τοῖς
1504 973 1611 1004 πολλοῖς
1642 973 1782 1007 ἠπιστεῖτο
1800 992 1809 1003 ,

1023 1019 1105 1055 πρὸς
1120 1019 1309 1055 πληροφορίαν
1337 1018 1441 1055 ταύτης
1461 1019 1645 1054 ἐδογματίσθτι
1676 1019 1752 1046 τουτὶ
1778 1019 1810 1046 τὺ

1022 1065 1121 1101 δόγμα,
1134 1065 1292 1101 διαγορεῦον
1310 1064 1411 1092 ὡσανεὶ
1431 1065 1480 1092 καὶ
1502 1066 1639 1098 διδάσκον,
1656 1066 1697 1092 ὅτι
1713 1063 1810 1101 ὥσπερ

1022 1112 1055 1146 τῇ
1081 1110 1202 1147 ἁμαρτίᾳ
1227 1111 1421 1147 ἐνεκρὼθημεν
1439 1111 1567 1143 πεσόντες
1591 1111 1676 1144 κάτω,
1701 1111 1749 1138 καὶ
1770 1110 1810 1148 μῆ

1023 1157 1166 1192 δυνάμενοι
1181 1157 1328 1193 ἀναστῆναι
1344 1158 1382 1193 μὴ
1396 1157 1560 1193 φαινομένου
1576 1157 1624 1184 τοῦ
1640 1159 1810 1193 ἀναστήσον-

1021 1212 1077 1236 τος,
1093 1203 1179 1236 οὕτως
1193 1204 1316 1236 ἐλθόντος
1331 1205 1360 1231 ἐν
1375 1204 1500 1236 ὑστάτοις
1523 1205 1629 1240 καιροῖς
1645 1203 1692 1231 τοῦ
1709 1201 1731 1238 ᾧ
1755 1206 1810 1231 ἀπ-

1021 1250 1110 1278 έκειτο
1138 1250 1258 1286 Χριστοῦ
1283 1250 1330 1277 τοῦ
1353 1250 1421 1278 Θεοῦ
1441 1251 1529 1286 ἡμῶν,
1549 1251 1596 1278 καὶ
1613 1250 1743 1282 παθόντος
1760 1252 1811 1278 ἁνδ

1022 1297 1188 1333 αμαρτήτως
1207 1297 1252 1324 διὰ
1267 1297 1317 1329 τὰς
1332 1296 1470 1333 ἁμαρτίας
1483 1297 1573 1332 ἡμῶν,
1592 1297 1674 1332 ἡμεῖς
1694 1296 1810 1330 ἀνέστη-

1022 1351 1090 1379 μεν·
1103 1343 1149 1370 διὰ
1161 1344 1241 1370 τοῦτο
1256 1343 1324 1377 πρὸς
1342 1343 1473 1370 πίστωσιν
1489 1342 1537 1369 τοῦ
1557 1343 1708 1379 μυστηρίου
1727 1342 1809 1379 ἐτέθη

1020 1389 1110 1416 οὑτοσὶ
1136 1390 1151 1416 ό
1176 1388 1276 1421 κανὼν,
1294 1389 1341 1416 καὶ
1355 1390 1500 1425 ἐκράτησε,
1517 1388 1565 1416 καὶ
1588 1389 1741 1424 κρατείτω·
1759 1388 1810 1415 οὐκ

1020 1436 1074 1471 ἄρα
1103 1435 1132 1462 δέ
1159 1435 1360 1472 ἁμαρτάνουσιν
1388 1436 1412 1462 el
1448 1435 1561 1471 μοναχοὶ
1592 1435 1715 1471 κρυφίως
1744 1435 1811 1469 γόνυ

1020 1482 1157 1514 κλίνοντες
1185 1483 1213 1509 ἐν
1241 1481 1354 1514 ταύταις
1372 1483 1434 1514 ταῖς
1463 1482 1600 1517 ἡμέραις·
1624 1482 1812 1516 κατακρίτους

1020 1528 1075 1564 γὰρ
1098 1528 1210 1560 ἑαυτοὺς
1232 1528 1405 1564 ποιήσαντες.
1425 1527 1473 1555 καὶ
1498 1527 1580 1554 οἱονεὶ⁸
1607 1526 1738 1558 ἑκουσίως
1760 1527 1812 1561 ἐμ-

1021 1573 1287 1610 πεφυλακισμένους,
1314 1573 1467 1608 ὀφείλουσιν
1493 1572 1539 1599 ἀεὶ
1566 1572 1630 1609 βοᾷν
1662 1571 1729 1607 πρὸς
1753 1571 1813 1603 K23-

1022 1629 1090 1657 ριον,
1105 1620 1151 1648 καὶ
1165 1619 1290 1655 ἐκζητεῖν
1303 1619 1348 1646 διὰ
1362 1618 1553 1651 ταπεινώσεως
1564 1619 1615 1655 τὴν
1626 1619 1811 1654 συμπάθειαν·

1021 1667 1052 1694 οὐ
1079 1666 1134 1702 γάρ
1157 1667 1216 1693 ἐστι
1234 1665 1344 1702 μονα)ίῷ
1365 1665 1412 1692 ἐπὶ
1424 1665 1476 1700 τῆς
1490 1665 1542 1701 γῆς
1556 1665 1648 1701 ἑορτὴ,
1672 1666 1744 1692 κατὰ
1764 1666 1813 1693 τὸν

1021 1713 1143 1740 είπόντα.

1056 1761 1091 1792 γ’.
1111 1757 1283 1792 Ἐρώτ.“Εὰν
1297 1757 1340 1788 τις
1354 1755 1462 1793 ἥμαρτε
1484 1756 1614 1792 ποσότητί
1629 1765 1659 1784 τε
1674 1757 1722 1784 καὶ
1733 1758 1812 1784 ποιῶ»

1021 1809 1082 1837 τητι
1097 1801 1147 1828 οὐκ
1168 1801 1247 1836 ὀλίγα
1262 1800 1318 1828 τῶν
1332 1801 1498 1836 σωματικῶν
1514 1802 1734 1837 ἁμαρτημάτων,
1751 1800 1814 1830 εἶτα

1021 1847 1249 1883 ἐξωμολογήσατο
1271 1848 1318 1874 καὶ
1343 1847 1453 1880 ἐδέξατο
1478 1848 1652 1883 προσήκοντα
1676 1849 1813 1883 φάρμακα

1021 1895 1078 1926 τοῖς
1099 1894 1233 1926 τοιούτοις
1255 1893 1456 1929 ἁμαρτήμασι,
1480 1894 1528 1921 καὶ
1551 1894 1698 1930 είργάσατο
1727 1895 1812 1927 αὑτέί,

1021 1940 1106 1968 πόθεν
1126 1940 1184 1977 ἔχει
1205 1940 1308 1975 γνῶναι
1322 1941 1347 1967 tl
1361 1940 1450 1967 ταῦτα
1464 1940 1498 1968 τὰ
1512 1941 1702 1978 προρρηθέντα
1717 1942 1814 1977 ἁμαρ-

1020 1987 1133 2021 τήματα
1156 1985 1233 2022 αὐτῷ
1255 1985 1408 2021 ἀφέθησαν,
1435 1985 1505 2013 ὥστε
1530 1986 1718 2022 πληροφορίαν
1735 1989 1814 2023 σχεῖν

1021 2032 1060 2068 τῷ
1073 2031 1199 2068 λογισμῷ
1212 2031 1277 2066 περὶ
1290 2031 1346 2059 τῶν
1360 2030 1492 2058 τοιούτων
1506 2031 1633 2066 ἁγαθῶν;

1063 2076 1165 2105 Ἀπόκ.
1190 2075 1324 2105 Οὐδέποτέ
1350 2084 1393 2108 τις
1414 2076 1572 2112 εὑρίσκεται
1597 2078 1737 2112 μετανοῶν
1762 2079 1813 2106 καὶ

1022 2123 1280 2159 ἐξομολογούμενος,
1296 2123 1320 2150 εί
1337 2123 1375 2159 μὴ
1386 2123 1495 2158 πρῶτον
1508 2123 1621 2158 βεϐαίαν
1633 2125 1683 2159 σχῇ
1699 2124 1811 2158 ἐλπίδα,

1021 2169 1063 2197 δτι
1075 2169 1140 2196 Ἐὰν
1158 2169 1400 2204 ἐξομολογήσωμαι
1415 2168 1552 2205 καθαρῶς,
1564 2169 1612 2196 καὶ
1622 2169 1761 2202 καταδέξω
1775 2170 1813 2197 τὰ

181 2216 333 2248 admittam,
356 2223 469 2250 prorsus
485 2214 553 2242 mibi
579 2215 707 2242 remissio
721 2214 777 2243 lict.
798 2214 868 2248 Quia
884 2216 968 2252 igitur

1024 2215 1157 2251 ἐπιτίμια,
1172 2216 1204 2242 ἐκ
1218 2215 1320 2247 παντὸς
1333 2215 1479 2251 γενήσεταί
1503 2223 1550 2250 μοι
1570 2214 1667 2250 ἄφεσις
1677 2222 1684 2229 ·
1699 2215 1762 2242 ἐπεὶ
1780 2216 1813 2243 δὲ

182 2263 309 2292 homines
322 2261 523 2290 multitudinem
548 2261 692 2295 culparum
707 2267 863 2289 nostrarum
877 2262 968 2290 consl-

181 2310 320 2343 deramus,
347 2309 463 2344 ideoque
478 2307 513 2335 de
534 2307 620 2335 multa
635 2315 699 2343 erga
719 2315 771 2335 nos
793 2307 840 2335 Dei
859 2309 969 2336 miseri-

181 2356 274 2384 cOrdia
304 2355 383 2390 quasi
401 2355 569 2387 dubitamus,
595 2353 699 2381 idcirco
722 2353 756 2381 ad
785 2353 968 2382 confessarios

181 2406 291 2429 nostros
309 2401 491 2436 confugimus,
516 2399 684 2435 postulantes
698 2399 804 2434 plenam
823 2408 872 2435 per
893 2401 969 2436 ipso-

180 2456 243 2476 rum
267 2454 365 2474 mantus
388 2447 590 2481 impositionem
620 2446 822 2480 remissionem,
845 2447 892 2482 qui
909 2455 970 2483 per-

181 2501 277 2522 sonam
303 2492 422 2521 tollentis
446 2496 558 2528 peccata
581 2497 674 2521 nostra
699 2498 895 2528 repraesentare
909 2501 970 2521 cre-

181 2541 294 2568 duntur.

217 2629 244 2656 ι.
264 2629 319 2656 ιηι.
336 2629 366 2656 Si
381 2629 443 2664 quis
469 2627 622 2663 peccaverit
647 2627 689 2655 vel
716 2633 845 2655 sermone
871 2626 971 2660 otioso,

181 2677 224 2704 vel
239 2675 429 2710 improbando,
455 2675 498 2704 vel
513 2674 719 2710 interrogando,
732 2672 774 2701 vel
789 2672 971 2708 stultiloquio,

218 2733 277 2750 '°'”
293 2732 361 2762 Gen.
375 2740 450 2766 χιιι,
468 2731 512 2760 lt).

1021 2260 1171 2298 ἀφορῶμεν
1185 2261 1209 2288 οί
1226 2259 1366 2296 ἂνθρωποι
1388 2261 1457 2296 πρὸς
1470 2259 1501 2287 τὸ
1523 2258 1626 2296 πλῆθος
1639 2256 1693 2287 τῶν
1705 2253 1811 2296 ἤμετέ-

1022 2316 1077 2344 ρων
1095 2307 1286 2342 πταισμάτων,
1301 2307 1349 2334 καὶ
1364 2307 1447 2334 οίονεὶ
1459 2307 1488 2334 ἐν
1506 2305 1649 2342 δισταγμῷ
1663 2306 1716 2334 τινι
1731 2308 1810 2342 εὑρι-

1022 2353 1145 2389 σκόμεθα
1158 2353 1208 2388 τῆς
1224 2352 1326 2387 πολλῆς
1339 2353 1409 2395 ,περὶ
1424 2352 1499 2388 ἡμᾶς
1509 2351 1557 2378 τοῦ
1574 2351 1642 2378 Θεοῦ
1657 2352 1812 2388 φιλανθρω-

1010 2399 1108 2431 πίας,
1131 2398 1177 2426 διὰ
1198 2398 1278 2425 τοῦτο
1293 2397 1506 2433 καταφεύγομεν
1531 2397 1599 2433 πρδς
1622 2398 1686 2430 τοὺς
1709 2398 1808 2426 ἀναδό-

1021 2453 1086 2481 χους
1100 2445 1139 2481 (5)
1153 2444 1243 2480 ἡμῶν,
1260 2443 1446 2478 ἐξαιτούμενοι
1462 2444 1514 2480 τὴν
1529 2443 1637 2471 τελείαν
1651 2444 1752 2479 ἄφεσιν
1765 2444 1812 2473 διὰ

1020 2491 1071 2527 τῆς
1096 2490 1248 2522 ἐπιθέσεως
1268 2489 1323 2517 τῶν
1345 2489 1446 2525 χειρῶν
1468 2490 1569 2523 αὐτῶν,
1592 2490 1812 2525 ἀντιπροσώπων

1021 2535 1092 2565 εἶναι
1123 2537 1339 2572 πεπιστωμένων
1367 2535 1416 2563 τοῦ
1444 2536 1568 2572 αἴροντος
1595 2536 1644 2569 τὰς
1671 2536 1811 2573 ἁμαρτίας

1022 2583 1204 2662 iu"Sttim'li'po'at'.
1223 2627 1286 2655 Ἐάν
1297 2636 1340 2660 τις
1355 2626 1499 2663 προσπέσῃ
1512 2625 1558 2653 διά
1568 2635 1597 2653 τε
1610 2626 1692 2661 λόγου
1707 2626 1807 2663 ἀργοῦ.

1022 2674 1040 2710 ἢ
1055 2675 1100 2702 διὰ
1115 2674 1318 2710 κατακρίσεως,
1333 2674 1351 2710 ἢ
1366 2672 1549 2709 ἀνακρίσεως,
1565 2671 1582 2708 ἢ
1599 2672 1808 2709 μωρολογιας,η

928 2777 1047 2807 NOTE.

217 2857 256 2897 (5)
276 2858 412 2899 ξΔνάδοχοι
427 2857 509 2894 vulgo
522 2857 654 2888 dicuntur
674 2862 834 2893 susceptor“
858 2858 887 2886 in
901 2857 1044 2892 baptismo.
1064 2856 1114 2887 llic
1129 2862 1220 2888 tamen
1236 2857 1405 2894 intelligendi
1428 2858 1555 2888 videntur
1567 2856 1750 2901 confemriia
