1925 3088
108 124 177 159 1733

705 124 736 155 8.
748 119 942 156 THEODORI
966 124 1139 157 STUDIT/E

1659 123 1728 158 1734

107 178 292 217 εὐτραπελίας
303 198 311 211 .
327 177 344 215 ἢ
359 177 447 210 ἄλλως
469 176 514 205 διὰ
529 177 654 213 γλώττης
669 177 821 214 ἁμαρτιας,
842 180 890 207 καὶ
903 198 909 212 λ

962 181 981 209 el
995 180 1100 215 iocosis
1120 179 1221 212 verbis.
1242 179 1284 207 vel
1304 179 1448 214 iactantia,
1473 184 1522 208 aut
1547 179 1602 208 alio
1627 180 1728 217 linguas

108 226 213 262 ιπιγνῷ
234 225 282 252 καὶ
308 224 438 260 καταγνῷ
462 223 571 256 ἑαυτοῦ,
596 223 624 250 τί
653 224 755 259 ὀφείλει
779 226 893 261 ποιῆσαι

108 272 272 308 ἁντισηκοῦν
287 273 328 304 είς
344 271 490 307 μετάνοιαν
501 270 581 304 ἀξίαν
593 271 642 299 καὶ
654 271 695 303 είς
705 271 892 308 πληροφορίαν

108 318 156 346 τοῦ
174 318 241 345 ἰδίου
254 317 385 352 λογισμοῦ
395 325 404 350 ;

94 356 100 390 .l
150 365 249 392 Ἀπόκ,
267 364 353 392 Τοῦτο
376 365 426 391 οὐκ
451 363 510 391 ἔστι
533 363 733 399 νομοκανόνου,
757 363 826 390 ἀλλὰ
845 365 895 400 τῆς

109 411 260 446 μσναχικῆς
272 429 280 441 .
303 410 352 436 καὶ
372 409 410 441 ὡς
432 409 465 436 ἂν
477 409 550 436 είποι
565 418 607 441 τις
621 410 796 445 κοινοᾱακῆς
808 419 894 438 κατα-

110 457 231 487 στάσεως
252 455 381 491 άκρίὸεια
394 475 401 488 ,
422 455 610 491 καθημερινὰς
625 455 721 490 ἔχοντα
742 457 791 488 τὰς
804 457 894 484 ιπιτι-

111 503 219 538 μήσεις,
234 502 250 537 ἢ
265 501 310 528 καὶ
323 501 533 536 ἑὸδομαδιαίας,
548 502 640 534 καθὼς
655 503 780 538 περιέχει
795 503 830 530 τὰ
845 502 894 529 τοῦ

111 548 190 583 ἁγίου
198 547 340 574 Βασιλείου
357 547 492 583 ὶνκρυφῆ,
501 547 612 574 καὶτῶν
626 548 697 582 μετὰ
708 547 796 575 ταῦτα
807 547 895 582 άγίων

110 594 252 630 Πατέρων.
267 592 329 620 Οἶόν
346 593 372 619 τί
386 601 474 628 φημι·
492 592 669 628 Ῥᾳθυμήσας
679 601 721 624 τις
738 593 786 620 καὶ
795 593 896 620 ἀπονυ-

112 639 213 671 στάξας
236 638 367 670 ἑκουσίως
388 639 418 664 ὲν
432 638 472 671 τῷ
494 637 585 674 δρθρῳ
606 638 656 673 οὐχ
678 638 796 674 εὑρέθη·
814 638 896 666 τοῦτο

111 684 380 720 ἐξομολογησάμενος
390 683 429 719 τῷ
443 684 531 719 Πατρὶ
545 684 742 717 αὑτοῦ,έλα6εν
755 685 895 720 ἐπιτίμιον

112 728 280 765 ξηροφαγίαν
296 729 379 765 ἄρτου
395 729 444 756 καὶ
458 728 564 762 ὕδατος,
581 730 630 757 καὶ
648 730 797 766 μετανοιῶν
812 731 894 758 ποσό-

110 784 193 808 τητος
218 775 305 802 τόσων
328 776 376 804 καὶ
390 776 478 803 τόσων
495 777 565 803 κατὰ
581 775 631 812 τὴν
645 777 754 812 ἡμέραν
773 777 894 812 ἐκείνην.

112 821 206 853 οὕτως
217 821 359 857 νοήσωμεν
373 822 421 848 καὶ
438 821 474 848 τὰ
487 821 569 848 λοιπὰ
584 822 654 849 κατὰ
667 823 768 858 τρόπον
783 823 896 851 παιδεύ-

112 877 182 900 σεως
196 867 380 904 εὑρισκόμενα
394 867 463 903 πρὸς
475 867 538 900 τοὺς
550 867 794 904 καταδιχομένσυς.

943 231 1054 263 peccato
1065 240 1080 260 γ
1089 231 1117 255 et
1130 231 1221 254 tamen
1245 226 1386 261 resipiscat
1399 231 1427 254 et
1443 232 1529 254 semet
1543 227 1728 262 condemnet;

942 273 1007 308 quid
1018 273 1043 300 ei
1054 273 1187 308 agendum
1201 276 1252 303 est.
1264 272 1337 306 quod
1357 271 1438 306 justm
1462 272 1628 306 pwnitenliat
1641 274 1730 308 sequi-

943 319 1053 354 polleat.
1068 324 1095 345 et
1107 318 1191 345 animi
1206 318 1248 345 sui
1267 318 1346 345 fidem
1362 317 1466 344 faciat?

980 364 1059 399 Resp.
1076 363 1132 392 Hoc
1146 371 1200 391 non
1227 364 1345 399 pertinet
1366 363 1400 390 ad
1424 371 1660 398 nomocanonem;
1681 364 1730 392 sed

943 414 985 439 est
999 410 1169 438 monacbalis
1184 418 1216 437 ac
1226 410 1309 437 veluti
1322 409 1494 438 cmnobiticae
1508 410 1571 437 vitae
1603 418 1728 438 severum

945 456 1085 489 cilicium,
1109 456 1296 491 quotidianam
1334 463 1416 491 agere
1443 455 1650 490 pmnitentiam,
1681 460 1732 483 aut

945 502 1196 535 hebdomadariam,
1219 503 1292 530 sicut
1309 506 1352 530 est
1372 502 1398 529 in
1422 502 1509 530 sancti
1535 501 1628 529 Basilii
1640 509 1729 530 secre-

944 547 1071 579 tioribus,
1097 552 1125 575 et
1151 553 1309 575 sanctorum
1343 547 1472 582 deinceps
1498 547 1622 579 Patrum.
1648 546 1731 575 Verbi

946 592 1044 627 gratia,
1059 592 1137 620 deses
1149 593 1248 628 aliquis
1263 598 1290 620 et
1307 593 1456 620 dormitans
1470 597 1578 626 sponte,
1596 592 1730 620 matutino

945 638 1034 666 oflicio
1060 646 1114 666 non
1145 638 1240 666 alluit:
1256 646 1338 673 quam
1366 646 1424 666 rem
1451 638 1525 665 Patri
1547 646 1597 666 suo
1613 639 1730 673 spiritali

945 684 1097 717 confessus,
1119 684 1286 719 paenitentiae
1295 685 1356 713 loco
1366 684 1473 720 accepit
1487 685 1628 712 aridorum
1641 692 1730 718 esum,

946 730 973 758 id
985 735 1027 758 est
1039 730 1117 765 panis
1134 735 1162 758 et
1178 737 1265 764 aquae,
1287 735 1314 757 et
1330 735 1434 758 certum
1460 735 1659 758 metanwarum
1678 738 1731 757 nu-

947 783 1052 803 merum
1069 775 1115 802 illo
1129 775 1174 803 die
1189 775 1385 803 faciendarum.
1412 775 1458 803 Sic
1471 776 1553 803 etiam
1567 776 1671 811 reliqua
1686 776 1730 802 in-

947 822 1109 857 telligemus.
1123 829 1184 854 quae
1203 822 1366 850 emendandi
1388 830 1471 850 causa
1492 827 1557 850 sunt
1579 823 1732 858 excogitata

945 875 1009 903 erga
1022 868 1083 895 illos
1097 868 1144 903 qui
1158 875 1190 895 ea
1209 867 1359 903 excipiunt.

547 1068 739 1115 P(EN./E
780 1066 1059 1114 MONASTE
1070 1068 1295 1116 [{IALES.

114 1242 171 1285 A':
182 1245 241 1285 Toj
266 1247 354 1285 dole}:
385 1245 502 1285 Πατρός
527 1245 615 1285 qua:
637 1243 899 1285 ualhdpqdomroﬁ

151 1281 302 1315 Θεοδώρου
322 1279 494 1315 ἡγουμένου
512 1279 572 1307 τῶν
593 1280 737 1307 Στουδίου
750 1279 899 1315 ἐπιτίμια.

149 1313 318 1350 Κοινὰντῆς
331 1313 412 1350 dine
428 1316 634 1350 ἀδελφότητος
657 1315 706 1341 ἐπὶ
725 1313 786 1341 τῶν
805 1321 900 1348 παραο

149 1349 359 1379 λειπόντώγέν
375 1349 413 1385 τῇ
427 1351 592 1384 Ἐκκλησίᾳ
601 1351 644 1383 είς
655 1350 709 1377 τὸν
724 1350 848 1376 κανόνα.

151 1419 232 1456 (Cod.
248 1419 311 1447 Vat.
333 1418 398 1451 rso,
424 1418 445 1446 ι.
467 1418 504 1445 eo
531 1417 559 1445 b.
588 1416 681 1445 Ottob.
705 1416 768 1449 550,
792 1416 812 1443 r.
829 1416 873 1443 μ.
886 1414 896 1452 1

115 1469 149 1493 α’.
167 1466 198 1492 '0
215 1465 252 1501 μὴ
265 1465 459 1500 εὑρισκόμενος
471 1465 511 1495 εις
526 1464 576 1499 τὴν
598 1463 700 1489 είσοδον
715 1462 761 1489 τοῦ
774 1462 852 1495 Δόξα
863 1462 899 1489 ἐν

114 1510 269 1544 ὑψίστοις,
281 1509 345 1536 ἄνευ
361 1508 525 1543 ἀσθενείαςῆ
534 1507 629 1542 ἐτέρας
643 1507 756 1542 εὐλόγου
769 1508 897 1543 κατοχῆς,

115 1555 145 1581 ἑν
161 1557 194 1590 τῇ
217 1554 328 1590 εὐλογίᾳ
349 1554 454 1590 μενέτω
469 1553 596 1588 κεκυφὼς
615 1553 695 1590 μέχρι
709 1553 899 1593 παρελεύσεῳς

116 1601 169 1628 τῶν
192 1601 328 1635 ἀδελφῶν,
353 1599 546 1635 ἐξαιτούμενος
570 1599 761 1635 συγχώρησιν·
786 1599 834 1626 καὶ
850 1596 898 1626 εἷθ’

117 1646 203 1678 οὕτως
217 1646 379 1682 λαμϐανέτω
395 1645 445 1680 τὴν
458 1644 594 1679 εὐλογίαν.

154 1693 186 1728 β’.
206 1691 236 1719 '0
260 1690 459 1726 ὑστερούμενος
479 1689 526 1717 τοῦ
548 1689 706 1725 ἐξαψάλμου
715 1696 740 1722 ι,
763 1698 902 1726 παρεστη-

118 1738 190 1764 κέτω
209 1737 239 1764 ὲν
259 1738 293 1772 τῇ
315 1735 456 1772 sparsit-‘1'
476 1736 501 1762 εί
517 1735 546 1762 δὲ
561 1735 762 1770 καθίσματοςδ,
780 1735 901 1770 βαλλέτω

118 1784 169 1810 ἀνὰ
186 1783 331 1820 μετανοίας
350 1782 391 1809 ιε’.
404 1782 482 1809 Μετὰ
495 1781 543 1808 τὸν
556 1781 711 1817 ἑξάψαλμον
723 1781 902 1817 ἐξερχόμενος

118 1830 135 1864 ἢ
150 1828 362 1864 περιερχόμενος
377 1827 441 1855 ἄνευ
457 1827 647 1863 ὑπομνήσεως,
661 1826 861 1862 παραστηκέτω
873 1827 902 1854 ἑν

119 1877 151 1911 τῇ
168 1875 303 1911 τραπέζῃ.

153 1924 189 1955 γ’.
209 1921 244 1948 '0
262 1920 300 1956 μὴ
323 1919 505 1955 ἀνιστάμενος
515 1919 568 1951 ἕως
579 1918 627 1946 τοῦ
642 1917 840 1953 πεντηκοστοῦ,
854 1917 902 1953 ξη-

121 1975 222 2004 ροφαγε
227 1966 285 1994 ίτω.

153 2013 184 2040 ἃ.
203 2013 232 2040 ’0
247 2013 293 2040 τὸν
311 2012 373 2040 ὅλον
391 2012 513 2039 κανόναο
530 2011 806 2047 άπολιμπανόμενος,
821 2010 904 2047 ξηρο-

121 2059 222 2094 φαγίαν
235 2058 384 2086 άκάθιστον
400 2057 583 2093 ὲπιτιμάσθω.

155 2108 187 2134 ε’.
207 2105 237 2132 Ὀ
258 2104 296 2140 μὴ
311 2103 421 2140 φθάνων
433 2104 473 2135 είς
487 2103 518 2130 τὸ
531 2103 672 2139 προοίμιον
687 2103 805 2138 ἑκάστης
818 2101 901 2138 ὧρας,

120 2150 159 2185 τῷ
177 2150 308 2185 ἐπιτιμίῳ
323 2148 516 2176 ὑποδαλλέσθω
528 2148 576 2175 τοῦ
593 2148 632 2185 μὴ
651 2148 847 2184 εὑρισκομένου
862 2149 903 2180 είς

121 2197 151 2223 τδ
164 2196 244 2228 Δόξα
258 2196 293 2222 ἐν
307 2195 460 2230 ὑψίστοις.

946 1243 968 1271 l.
999 1243 1092 1281 Sancti
1106 1242 1195 1281 Patris
1214 1243 1337 1281 nostri}!
1356 1242 1512 1281 confessoris
1523 1239 1656 1281 Theodori
1665 1253 1734 1281 prm-

982 1279 1047 1306 u’dis
1068 1279 1156 1306 Sludii
1182 1287 1273 1313 pmme.
1290 1277 1325 1304 Et
1354 1278 1438 1313 primo
1464 1279 1569 1313 quidem
1585 1277 1751 1309 comuiunes‘

982 1314 1210 1376 loligrulerm'laii
1225 1314 1350 1340 adversus
1369 1321 1412 1340 eos
1435 1314 1480 1348 qui
1504 1320 1597 1343 contra
1616 1318 1734 1353 regulum

982 1350 1011 1376 in
1051 1349 1145 1376 cclesia
1160 1353 1278 1376 peccant.

981 1350 1011 1376 in
1027 1349 1145 1376 Ecclesia
1159 1353 1278 1383 peccant.

986 1415 1012 1443 1.
1037 1414 1089 1448 Qui
1102 1423 1155 1443 non
1167 1415 1319 1443 interfuerit
1339 1415 1417 1443 initio
1431 1420 1529 1445 cantus
1541 1417 1635 1446 Gloria
1649 1419 1677 1445 in
1687 1427 1734 1446 es:-

950 1462 1037 1495 celtis,
1058 1462 1160 1497 absque
1175 1462 1332 1490 infirmitate
1346 1463 1388 1490 vel
1403 1463 1458 1490 alio
1472 1463 1606 1498 probabili
1618 1464 1735 1499 impedi-

952 1513 1053 1540 mento,
1074 1509 1137 1535 dum
1162 1509 1243 1536 datur
1257 1509 1418 1542 benedictio,
1449 1514 1557 1537 maneat
1578 1511 1736 1539 incurvatus

952 1554 979 1581 in
992 1554 1108 1581 transitu
1119 1553 1243 1587 fratrum,
1257 1555 1363 1582 veniam
1375 1559 1482 1590 petens;
1495 1560 1577 1591 atque
1589 1557 1625 1584 ita
1635 1557 1734 1586 deinde

950 1600 1066 1635 accipiat
1083 1600 1309 1629 benedictionem.

988 1690 1016 1717 Ξ.
1033 1690 1084 1723 Qui
1101 1698 1153 1718 non
1175 1689 1283 1719 aull‘erit
1293 1691 1479 1727 hexapsalmo,
1488 1697 1541 1720 stet
1555 1692 1587 1720 ad
1601 1700 1735 1720 mensam.

951 1736 1028 1769 Quod
1047 1736 1070 1763 si
1098 1737 1254 1764 cathismati
1281 1737 1410 1770 defuerit,
1434 1739 1569 1773 puniatur
1590 1738 1734 1766 metanmis

951 1782 1116 1817 quindecim.
1152 1781 1181 1809 Si
1212 1787 1274 1818 post
1303 1784 1507 1819 hexapsalmum
1539 1784 1655 1812 eriverit
1689 1789 1737 1812 aut

951 1829 1176 1861 obambulaverit,
1193 1829 1251 1857 siue
1267 1829 1461 1863 admonitione,
1481 1834 1535 1858 stet
1553 1838 1655 1859 mensae
1669 1836 1737 1859 tein-

952 1882 1018 1909 pore

987 1921 1014 1948 5.
1037 1921 1088 1954 Qui
1112 1928 1203 1950 rectus
1228 1930 1281 1949 non
1306 1923 1413 1950 steterit
1440 1930 1528 1959 usque
1545 1922 1579 1951 ad
1598 1923 1738 1958 psalmum

952 1966 1220 2002 quinquagesimum,
1236 1968 1319 1996 aridis
1329 1973 1471 1996 vescatur.

987 2013 1016 2040 4.
1035 2013 1086 2046 Qui
1107 2018 1194 2041 totum
1216 2022 1351 2042 canonem
1369 2015 1532 2048 deseruerit,
1559 2016 1646 2044 aridis
1662 2021 1739 2054 stans

953 2056 1025 2083 vesci
1037 2056 1175 2089 jubeatur.

989 2103 1016 2130 5.
1036 2102 1087 2136 Qui
1109 2111 1163 2131 non
1177 2103 1295 2132 adfuerit
1309 2104 1386 2132 initio
1404 2105 1538 2140 cujusque
1552 2105 1636 2138 horai.
1651 2106 1738 2134 eidem

954 2154 1041 2182 pcenaa
1065 2148 1226 2182 subjiciatur
1256 2153 1339 2185 atque
1361 2149 1406 2177 ille
1420 2151 1466 2184 qui
1486 2151 1580 2179 cantui
1601 2151 1695 2180 (-loria
1711 2153 1741 2179 in

953 2193 1063 2220 excellis
1074 2194 1202 2223 defuerit.

157 2245 195 2275 ς’.
210 2242 240 2269 '0
254 2241 512 2277 ἀπολιμπανόμενος
527 2240 574 2268 τοῦ
589 2241 772 2277 προκειμένου
782 2241 902 2278 ἑκάστης

990 2239 1017 2266 6.
1036 2239 1087 2273 Qui
1113 2241 1257 2270 recesserit
1285 2246 1348 2269 ante
1382 2242 1586 2278 responsorium
1609 2242 1741 2278 cujusque

123 2287 237 2326 ὥρας,ἢ
254 2288 301 2315 καὶ
311 2287 364 2320 ἕως
380 2287 484 2320 τέλους,
500 2287 700 2323 ξηροφαγείτω.

157 2332 191 2366 ζ’.
211 2333 240 2360 '0
265 2333 302 2369 μὴ
324 2333 518 2368 εὑρισκόμενος
541 2333 595 2360 άπὸ
619 2332 669 2367 τῆς
689 2332 844 2369 ὲνάρξεως,
866 2331 905 2368 τῷ

124 2378 255 2414 ἐπιτιμίῳ
269 2377 463 2405 ὑποϐαλλέσθω
485 2376 532 2404 τοῦ
548 2377 587 2412 μὴ
602 2376 798 2412 εὑρισκομένου
815 2377 855 2409 είς
875 2375 906 2403 τὸ

124 2424 202 2455 Δόξα
218 2425 253 2452 ἐν
265 2425 418 2458 ὑψίστοις.
852 2442 861 2453 ι

157 2473 195 2506 η’.
214 2471 243 2497 '0
255 2469 302 2496 τοῦ
315 2469 476 2505 permutat:
491 2469 528 2506 μὴ
541 2469 697 2504 ὑπακούων,
706 2470 908 2506 παραστηκέτω

125 2516 153 2543 ὲν
166 2517 200 2552 τῇ
212 2516 347 2552 τραπέζῃ.

161 2561 194 2588 θ’.
217 2560 246 2587 ’0
263 2561 438 2596 ὲναπομένων
452 2560 505 2594 ἔξω
522 2560 577 2589 τῶν
593 2561 693 2598 θυρῶν,
707 2560 907 2598 ξηροφαγείτω.

163 2609 192 2635 ιέ
208 2606 239 2633 '0
261 2607 298 2642 μὴ
316 2607 453 2634 κοινωνῶν
470 2607 529 2634 κατ’
548 2607 615 2634 ἰδίαν
639 2607 762 2643 γνώμην,
779 2608 910 2644 άφοριζέ-

128 2651 184 2679 σθω
197 2653 304 2688 ἡμέραν
321 2652 396 2688 μίαν.

164 2700 208 2724 ια’.
224 2697 253 2724 '0
269 2698 297 2724 ὲν
308 2697 436 2734 ἐπιτιμία
451 2697 499 2731 ὣν,
517 2698 564 2726 καὶ
580 2698 616 2734 μὴ
628 2698 829 2733 παριστάμενος
843 2699 912 2733 μετὰ

129 2741 182 2769 τῶν
197 2743 412 2777 κατηχουμένων
433 2743 461 2770 ὲν
478 2743 517 2779 τῷ
532 2744 649 2779 νάρθηκι
672 2744 721 2779 τῆς
742 2743 913 2778 λειτουργίας

132 2787 354 2824 ὶπιτελουμένης,
371 2790 515 2825 μετανοίας
530 2789 650 2824 βαλλέτω
666 2789 847 2825 πεντήκοντα.

957 2285 1041 2318 horae,
1058 2285 1100 2313 vel
1124 2287 1206 2314 etiam
1227 2291 1290 2315 ante
1301 2287 1362 2322 ejus
1392 2289 1484 2321 linem,
1498 2289 1582 2316 aridis
1604 2294 1741 2316 vescatur.

993 2330 1019 2358 'l.
1043 2329 1095 2363 Qui
1112 2331 1189 2358 initio
1208 2339 1261 2359 non
1276 2331 1440 2364 interfuerit,
1461 2332 1549 2360 eidem
1569 2339 1656 2367 poma:
1673 2333 1741 2360 sub-

956 2376 1067 2412 jiciatur
1089 2381 1170 2412 atque
1183 2377 1230 2405 ille
1244 2377 1291 2413 qui
1312 2377 1428 2406 defuerit
1440 2377 1532 2405 cantui
1548 2377 1641 2406 Gloria
1653 2378 1680 2406 in
1695 2385 1742 2405 ea:-

958 2421 1045 2450 celsis.

994 2468 1020 2496 8.
1036 2469 1087 2502 Qui
1100 2469 1236 2504 psalmum
1250 2470 1405 2505 magni/icui
1420 2477 1475 2498 non
1491 2470 1620 2502 audierit.
1642 2474 1695 2498 stet
1707 2470 1744 2498 ad

958 2523 1092 2543 mensam.

994 2559 1022 2587 9.
1037 2559 1089 2592 Qui
1103 2559 1234 2588 manserit
1248 2564 1326 2588 extra
1341 2559 1425 2593 fores,
1442 2560 1526 2588 aridis
1537 2566 1673 2589 vescatur.

997 2605 1039 2632 10.
1058 2605 1111 2638 Qui
1139 2613 1190 2633 sua
1217 2606 1357 2633 voluntate
1385 2613 1492 2634 sacram
1523 2606 1744 2634 communionem

963 2652 1096 2685 omiserit,
1112 2656 1189 2680 extra
1202 2652 1371 2680 consortium
1389 2652 1436 2679 ﬁat
1450 2659 1504 2680 uno
1521 2653 1576 2680 die.

1001 2698 1044 2726 Η.
1065 2697 1116 2731 Qui
1153 2706 1240 2733 poma:
1277 2698 1454 2733 suppositus.
1500 2706 1554 2725 non
1589 2697 1746 2725 interfuerit

965 2753 1026 2773 cum
1061 2745 1263 2773 catechumenis
1294 2745 1322 2771 in
1348 2744 1480 2772 narthece
1510 2744 1576 2772 dum
1606 2744 1746 2780 peragitur

964 2789 1086 2825 liturgia.
1102 2790 1245 2818 metanoeis
1259 2789 1419 2824 subjiciatur
1434 2790 1644 2826 quinquaginta.

167 2842 180 2856 ι
197 2836 308 2865 Confer.
320 2837 401 2867 Goar.
417 2847 444 2874 p.
459 2838 505 2872 27,
517 2838 550 2867 de
557 2838 674 2875 llexaps.
711 2838 726 2859 δ
743 2837 825 2868 Gou.
837 2838 902 2868 ibid.
918 2838 951 2868 de
962 2838 1133 2869 cathismate.
1171 2844 1183 2859 ι
1199 2837 1316 2874 Goar.p.
1329 2837 1374 2872 26,
1391 2837 1424 2867 de
1434 2845 1546 2867 canone.
