1925 3088
169 149 237 180 1ἲ3θ

765 141 885 174 ΡίΕΝΑζ
902 136 1230 170 MUNASTERIALES.

1735 127 1803 159 1740

204 207 250 233 ιιι.
262 205 290 232 Si
302 204 582 239 confringaturtesla,
591 207 619 229 ut
631 203 695 234 ulla,
710 207 757 229 aut
771 200 905 230 cacabus,
914 201 963 224 aut

1049 203 1091 230 μς
1101 213 1108 221 .
1131 193 1195 220 Ἐὰν
1213 190 1344 227 συντριεῇ
1361 189 1450 225 χύτρα
1463 187 1480 224 ἢ
1494 185 1695 223 πυροστάτηςῆ
1718 187 1804 212 κοικά-

169 252 312 283 cratieula,
329 255 376 278 aut
393 249 465 277 aliud
481 248 599 284 quodvis
611 248 735 276 culinarc
746 254 794 273 vas
809 253 840 272 ex
869 244 958 278 negle-

170 306 225 331 ctu,
239 303 346 327 centum
361 297 401 324 vel
415 296 546 324 ducentas
559 295 600 323 vel
614 299 751 322 trecentas
769 293 853 320 faciat
870 295 960 318 meta-

170 354 257 374 "(13215.

409 399 450 426 De
466 398 594 426 librorum
608 397 725 424 custode.

205 458 250 485 ΓΙ.
271 457 299 484 Si
317 456 378 491 quis
392 456 492 483 librum
509 455 654 490 acceperit,
672 460 760 488 neque
772 451 887 480 nitidum
902 458 960 478 ser-

170 507 285 535 ὐινυι-ιι,
299 502 339 529 vel
359 501 441 528 alium
473 500 595 535 attigerit
619 500 679 527 sine
706 497 888 533 permissione
901 495 961 530 ejus

170 550 216 583 qui
241 553 322 578 tenet.
336 547 377 574 vel
391 547 475 574 alium
496 545 653 580 quaesiverit
668 550 846 572 murmurans
863 546 961 576 praeter

171 595 247 621 illum
260 595 351 628 :quem
375 593 432 628 jam
456 595 608 627 acceperat,
629 598 743 625 prorsus
767 589 814 617 illo
839 589 883 615 die
905 594 959 614 non

171 641 337 675 impetrabit.

207 688 251 714 48.
269 687 440 714 Silibrorum
455 690 550 714 custos
565 684 682 712 debitam
699 682 871 711 sedulitatem
889 680 960 707 haud

171 743 226 770 pra:
241 743 270 762 se
290 734 392 767 tulerit,
410 733 494 760 libros
511 731 635 766 singulos
663 729 817 762 excutiens,
833 733 960 762 transpo-

171 788 250 811 nens.
265 780 375 814 pulvere
389 786 521 814 purgans.
544 776 630 804 aridis
643 781 780 803 vescatur.

205 826 250 852 49.
264 826 291 853 Si
306 826 367 860 quis
381 825 478 851 librum
495 823 597 850 abdens
613 823 640 849 in
650 821 797 851 ‘cubiculo,
817 820 891 847 hunc
902 818 962 854 pul-

172 871 287 899 sationis
305 876 426 906 tempore
451 869 557 898 custodi
574 876 628 896 non
652 866 811 899 reddiderit,
835 866 896 894 sine
914 866 961 892 ho-

171 924 249 945 uesta
259 925 353 950 (ιιι-κερ,
369 921 424 945 ειει
441 924 545 943 mensa:
560 920 693 949 tempore.

490 1010 528 1044 De
542 1020 643 1042 sutore.

206 1076 253 1105 50.
281 1074 310 1103 Si
338 1074 401 1110 quis
418 1081 450 1102 ex
477 1073 643 1108 negligentia
670 1072 796 1100 subulam
823 1074 871 1099 aut
889 1075 966 1099 suto-

173 1123 243 1151 rium
265 1119 349 1149 aliud'
365 1121 576 1148 instrumentum
594 1118 713 1154 fregerit,
731 1123 881 1145 metanmas
902 1124 967 1144 cen-

173 1173 242 1199 tum,
259 1172 284 1195 et
296 1166 505 1202 quinquaginta,
523 1169 549 1192 el
562 1164 672 1199 triginta
688 1163 784 1190 faciat.

210 1213 254 1240 51.
279 1212 308 1239 Si
332 1211 416 1239 coriis
432 1211 534 1238 abusus
559 1209 643 1238 fuerit
666 1215 710 1236 aut
739 1208 855 1239 malleis,
874 1215 901 1235 et
914 1206 966 1235 nisi

174 1259 248 1288 coria
265 1262 343 1286 caule
362 1257 500 1289 inciderit,
517 1256 670 1291 calceisque
702 1254 889 1290 supposuerit,
917 1254 966 1281 iis-

174 1305 235 1332 dem
252 1303 340 1338 pmnis
362 1303 499 1330 obnoxius
514 1307 584 1329 esto.

211 1351 255 1377 5‘2.
272 1349 301 1377 Si
316 1357 349 1377 ex
361 1350 492 1384 peculiari
502 1349 600 1376 aﬂ'ectu
608 1348 655 1376 det
662 1348 755 1380 alicui,
769 1352 817 1375 aut
830 1347 889 1375 sine
901 1354 968 1375 usus

176 1397 351 1430 necessitate,
364 1396 451 1424 aridis
467 1400 608 1423 vescatur.

451 1453 491 1481 De
506 1452 684 1488 catligrapho.

212 1513 257 1541 53.
270 1512 298 1540 Si
309 1516 411 1548 praeter
421 1519 503 1538 usum
516 1510 609 1546 gluten
622 1509 716 1537 fecerit
731 1509 812 1545 idque
821 1509 875 1538 situ
891 1516 966 1536 mar-

178 1565 279 1591 cescat,
295 1564 446 1586 metanteas
461 1558 543 1585 faciat
556 1558 767 1592 quinquaginta.

214 1605 258 1632 54.
276 1604 303 1631 Si
317 1604 388 1631 haud
405 1603 537 1630 mundum
553 1608 644 1630 Servet
657 1603 878 1638 quateruionem.
895 1602 970 1637 pari--

180 1656 275 1686 terque
291 1651 390 1678 librum
408 1650 481 1677 unde
508 1650 651 1681 exscribi‘t,
668 1657 756 1684 neque
776 1657 825 1677 suo
850 1654 972 1684 tempore

180 1703 327 1733 utrumque
342 1697 459 1731 operiat,
475 1703 564 1731 neque
592 1702 686 1723 curam
709 1699 787 1730 gerat
807 1695 972 1722 antisticho-

181 1752 252 1776 rum,
279 1748 455 1776 accentuum,
480 1734 508 1770 et
527 1743 793 1777 interpunctiouum,
821 1746 973 1769 mctanuaas

182 1791 263 1818 faciat
279 1791 388 1826 triginta
412 1797 495 1823 supra
511 1794 633 1817 centum.

216 1836 261 1863 55.
273 1836 301 1862 Si
317 1835 378 1870 quis
395 1834 554 1862 memoriter
568 1833 726 1861 recitaverit
744 1834 848 1868 scripta
859 1834 886 1860 in
902 1827 984 1860 lihro'

181 1883 253 1909 umle
266 1883 323 1916 ipse
343 1881 485 1913 exscribit,
498 1885 641 1914 separetur
654 1878 757 1906 triulu‘o.

217 1928 261 1956 56.
279 1927 306 1955 Si
329 1927 392 1962 quis
415 1927 476 1962 plus
490 1932 572 1961 quam
588 1930 631 1953 est
651 1924 678 1952 ln
696 1925 800 1960 scripto
822 1925 918 1961 legerit
938 1934 971 1953 ex

182 1982 215 2001 eo
231 1981 310 2008 quem
325 1973 456 2000 exscrihit
468 1972 549 2005 libro,
563 1971 648 1999 aridis
657 1976 794 2004 vescatur,

218 2020 262 2048 57.
278 2019 307 2047 Si
319 2027 351 2047 ex
366 2019 406 2046 ira
420 2018 555 2046 calamum
569 2017 693 2054 fregerit,
712 2022 862 2045 metanmas
889 2016 972 2045 faciat

183 2066 305 2100 triginta.

219 2111 263 2138 58.
284 2110 312 2137 Si
330 2110 398 2138 alter
417 2110 530 2137 alterius
551 2109 772 2145 quaternionem.
786 2108 890 2143 absque
905 2108 974 2135 scri-

182 2156 272 2184 bentis
288 2163 434 2188 consensu,
446 2155 497 2182 sibi
512 2155 688 2182 vindicaverit
701 2174 709 2186 ,
726 2158 877 2181 metanteas
893 2152 975 2180 faciat

184 2202 393 2238 quinquaginta.

218 2249 262 2276 59.
281 2248 308 2276 Si
324 2249 435 2275 minime
453 2247 684 2281 obtemperaverit
698 2246 840 2282 imperatis
853 2253 869 2273 a
882 2245 972 2281 primo

183 2295 362 2329 calligrapho,
379 2296 524 2328 separetur
539 2292 635 2319 biduo.

219 2341 263 2368 60.
281 2340 310 2367 Si
336 2340 440 2375 primus
458 2337 646 2373 calligraphus
664 2337 796 2373 peculiari
815 2337 907 2372 aliquo
930 2335 972 2365 af-

183 2385 255 2413 fectu
285 2393 367 2419 pensa
393 2383 575 2415 distribuerit,
600 2390 689 2418 neque
708 2383 778 2410 bene
800 2382 973 2409 membranas

184 2432 332 2468 paruvuril,
351 2436 378 2458 et
392 2432 486 2458 omnia
502 2430 607 2465 reliqua
622 2428 656 2457 ad
674 2428 806 2464 tegendos
826 2428 912 2455 libros
928 2427 972 2454 in-

184 2483 335 2506 strumenta
350 2498 358 2511 ,
375 2478 411 2505 ita
434 2481 464 2504 ut
488 2477 555 2504 nihil
577 2478 622 2503 liat
641 2474 737 2502 inutile
756 2481 851 2502 eorum
865 2481 926 2508 qua:
941 2472 975 2500 ad

185 2526 210 2552 id
239 2523 421 2552 ministerium
455 2521 602 2550 conferunt
620 2541 628 2553 .
658 2518 805 2548 metanteis
838 2519 976 2555 quinqua—

183 2577 258 2605 ginta
273 2573 301 2596 et
314 2573 424 2596 centum
442 2572 469 2596 et
485 2566 660 2602 separatione
675 2564 818 2601 puniatur.

495 2617 534 2651 De
555 2627 668 2650 sartore.

219 2684 264 2711 6L
280 2683 309 2711 Si
327 2691 360 2711 ex
378 2682 541 2717 negligentia
554 2679 665 2715 fregerit
677 2686 756 2706 acum
769 2683 817 2706 aut
833 2677 972 2709 forficcm,

185 2736 232 2758 aut
259 2731 402 2757 subtemen
425 2727 594 2759 conciderit,
614 2730 717 2753 vestem
746 2724 868 2755 sciderit,
887 2728 974 2751 meta-

185 2785 262 2805 weas
273 2777 354 2804 faciat
368 2775 491 2810 triginta,
503 2778 549 2801 aut
561 2772 771 2807 quinquaginta,
785 2776 831 2798 aut
852 2774 973 2798 centum.

223 2885 236 2899 ι·
253 2881 331 2905 Deest
350 2876 502 2913 hietitulus
513 2875 540 2903 iu
554 2875 615 2904 cod.

1011 242 1071 269 διον
1088 241 1105 277 ἢ
1121 239 1254 276 ἐσχάραῆ
1269 237 1333 266 ἄλλό
1347 246 1374 264 τι
1392 236 1490 268 σκεῦος
1504 234 1665 271 μαγειρικὸν
1678 234 1711 260 ὲκ
1722 241 1805 260 κατα-

1012 287 1182 323 φρονήσεως,
1193 285 1245 312 ἀνά
1263 288 1286 321 ρ’
1299 284 1347 311 καὶ
1365 285 1387 310 σθ
1406 282 1454 310 καὶ
1468 285 1491 308 τ’
1513 280 1670 317 μετανοίας.

1203 381 1272 417 Περὶ
1286 380 1340 408 τοῦ
1357 377 1608 413 βιϐλιοφύλακος.

1051 445 1107 481 μζ.
1130 444 1193 471 Ἐάν
1204 451 1247 474 τις
1272 441 1343 477 λάϐῃ
1373 439 1487 475 βιϐλίον,
1508 437 1556 464 καὶ
1583 435 1621 472 μὴ
1648 433 1803 470 φιλοκάλως

1013 479 1102 525 κρατῇ
1122 488 1198 519 αὐτὸ,
1214 487 1231 523 ἢ
1247 487 1350 522 ἅψηται
1379 485 1461 513 ἄλλου
1482 483 1547 510 ἄνευ
1571 483 1620 517 τῆς
1649 479 1804 516 ἐπιτροπῆς

1013 535 1060 563 τοῦ
1073 534 1250 569 κρατοῦντος.
1274 533 1290 568 ἢ
1310 531 1454 567 ὲπιζητοίη
1481 529 1576 564 ἓτερον
1599 529 1666 563 παρ’
1684 527 1698 553 ὃ
1723 525 1805 553 ἔλαϐε

1013 581 1166 618 γογγύςων,
1182 579 1220 616 μὴ
1234 579 1338 615 ἀψηται
1352 577 1421 610 ὅλως
1435 578 1468 613 τῇ
1486 576 1579 612 ἡμέρᾳ
1592 574 1696 610 ἐκείνῃ.

1051 666 1107 703 μη’.
1126 665 1189 693 Ἐὰν
1207 665 1221 692 ὁ
1235 662 1412 700 βιϐλιοφύλαξ
1431 662 1484 697 τὴν
1509 660 1623 688 δέουσαν
1646 656 1807 692 ἐπιμέλειαν

1016 714 1054 751 μὴ
1068 702 1264 745 ἐπιδείκνυται,
1277 710 1414 737 τινάσσων
1442 707 1490 736 καὶ
1511 703 1733 743 μεταποιὸἀζων
1758 702 1808 729 καὶ

1014 759 1162 796 κονιορτῶν
1177 758 1303 789 ἕκαστον,
1319 754 1522 792 ξηροφαγείτω.

1051 795 1105 843 μθί.
1123 806 1218 837 Ὅστις
1230 804 1328 840 εὑρεθῇ
1340 801 1528 838 ἀποκρύπτων
1542 799 1583 832 είς
1594 797 1742 833 κοιτάριον,
1760 795 1808 822 καλ¹

1017 841 1058 888 μὴή
1071 851 1142 879 κατὰ
1153 851 1199 879 τὸν
1217 849 1311 886 καιρὸν
1331 848 1378 876 τοῦ
1401 846 1577 883 κρούσματος
1593 844 1707 879 ἀποδοίη
1727 841 1810 869 τοῦτο

1015 897 1054 933 τῷ
1081 895 1285 933 βιϐλιοφύλακι,
1307 894 1372 921 ἄνευ
1396 892 1509 927 εὐλόγου
1534 890 1710 927 προφάσεως,
1731 895 1809 922 παρ-

1016 942 1157 979 εστηκέτω
1170 943 1199 969 ὲν
1209 942 1244 977 τῇ
1257 939 1394 977 τραπέζῃ.

1262 997 1334 1033 Περὶ
1345 996 1400 1024 τοῦ
1415 994 1563 1027 σκυτέως.

1052 1061 1084 1084 ν.
1105 1056 1171 1084 Ἐὰν
1183 1056 1216 1083 ὲκ
1225 1054 1457 1090 καταφρονήσεως
1465 1052 1554 1087 κλάσῃ
1565 1049 1700 1082 σουὸλίον,
1716 1048 1733 1084 ἢ
1746 1048 1811 1076 ἓτε-

1019 1112 1064 1140 ρον
1078 1102 1220 1138 ἐργαλεῖον
1240 1099 1449 1136 σκυτοτομικὸν,
1469 1098 1522 1126 ἀνά
1543 1096 1689 1134 μετανοίας
1707 1098 1741 1132 ρ’,
1762 1094 1812 1122 καὶ

1017 1154 1051 1183 ν’,
1066 1149 1115 1177 καὶ
1129 1149 1162 1176 λ’.

1052 1199 1102 1223 va’.
1122 1194 1187 1222 Ἐὰν
1206 1193 1420 1229 παραχρήσηται
1433 1191 1490 1223 τοῖς
1499 1190 1632 1227 δέρμασιν
1641 1189 1659 1224 ἢ
1673 1188 1734 1220 ταῖς
1740 1186 1813 1221 σφύο

1020 1251 1092 1279 ραις,
1107 1242 1155 1269 καὶ
1172 1240 1210 1276 μὴ
1231 1239 1302 1276 μετά
1316 1237 1467 1274 ἀσφαλείας
1476 1236 1614 1271 διακόπτῃ
1625 1235 1673 1262 καὶ
1685 1233 1814 1269 ὑποϐάλῃ

1018 1289 1047 1316 ιν
1061 1289 1119 1319 τοῖς
1133 1286 1316 1322 ὑποδήμασιν,
1331 1284 1419 1320 ὲχέτω
1428 1283 1464 1311 τὰ
1478 1283 1549 1310 αὺτά
1566 1281 1702 1316 ἐπιτίμια.

1054 1333 1108 1369 νβ’.
1127 1332 1191 1360 Ἐὰν
1209 1331 1380 1368 προσπαθῶς
1393 1330 1432 1366 δῷ
1448 1329 1514 1363 τινὶ,
1528 1329 1546 1365 ἢ
1563 1327 1612 1356 καὶ
1627 1326 1812 1363 ἀχρειάατως,

1020 1380 1052 1415 ξη
1057 1377 1225 1415 ροφαγείτω.

1230 1434 1301 1469 Περί
1314 1433 1368 1461 τοῦ
1377 1430 1597 1467 καλλιπρόφου.

1055 1488 1107 1524 νγ’.
1128 1488 1192 1515 Ἐὰν
1206 1488 1276 1525 ὑπὲρ
1290 1487 1340 1523 τὴν
1351 1486 1448 1523 χρείαν
1457 1486 1544 1514 ποιῶν
1553 1485 1663 1518 κόλλαν,
1678 1485 1754 1521 σήπῃ
1766 1484 1816 1512 αὖ.

1022 1535 1072 1571 τὴν
1082 1534 1127 1561 διὰ
1141 1535 1192 1569 τῆς
1205 1533 1360 1569 ἀπομονῆς,
1375 1532 1516 1569 μετάνοιαι
1533 1535 1565 1559 ν’.

1057 1579 1106 1608 νδ’.
1122 1579 1154 1606 El
1171 1580 1209 1615 μὴ
1225 1578 1378 1613 φιλοκάλως
1390 1578 1486 1613 κρατεί
1499 1576 1528 1604 τὸ
1541 1576 1692 1612 τετράδιον,
1706 1575 1755 1602 καὶ
1770 1575 1817 1602 τί-

1023 1625 1087 1661 θησι
1104 1625 1134 1652 τδ
1145 1625 1192 1660 ἀφ’
1207 1622 1237 1652 οὗ
1254 1625 1353 1660 γράφει
1367 1623 1481 1659 βιϐλίον,
1502 1623 1551 1650 καὶ
1567 1623 1663 1650 σκέπει
1680 1623 1710 1649 ὲν
1723 1621 1817 1658 καιρῷ

1022 1673 1152 1708 ἑκάτερα,
1186 1672 1235 1698 καὶ
1264 1671 1466 1706 παρατηρεῖται
1494 1669 1529 1697 τά.
1550 1677 1581 1696 τε
1604 1668 1748 1703 ἀντίστιχα
1768 1668 1818 1694 καὶ

1022 1719 1085 1750 τοὺς
1115 1718 1210 1749 τόνους
1242 1717 1290 1744 καὶ
1316 1715 1368 1748 τὰς
1396 1715 1525 1751 στιγμὰς,
1543 1713 1596 1742 ἀνὰ
1624 1713 1771 1750 μετανοίας
1782 1712 1818 1746 λ’,

1023 1765 1070 1792 καὶ
1087 1767 1120 1800 ρ’.

1058 1813 1106 1837 ve’.
1129 1809 1192 1836 Ἐάν
1204 1817 1247 1839 τις
1261 1807 1425 1843 ἐκστηθήσει
1438 1807 1471 1834 ὲκ
1485 1806 1539 1834 τῶν
1551 1806 1755 1842 γεγραμμένων
1767 1805 1818 1832 τοῦ

1023 1856 1054 1889 ἐξ
1068 1853 1098 1883 οὗ
1113 1855 1216 1891 γράφει
1232 1854 1349 1890 βιϐλίου,
1367 1852 1541 1889 ἀφοριζέσθω
1555 1853 1662 1888 ἡμέρας
1677 1855 1712 1887 γδ.

1058 1907 1114 1937 νς·’.
1131 1904 1165 1930 Et
1177 1912 1219 1934 τις
1234 1900 1387 1937 πλέονκτῶν
1402 1899 1603 1936 γεγραμμένων
1619 1896 1774 1933 ἀναγνώσει
1787 1896 1820 1931 ἐξ

1023 1947 1053 1977 οὒ
1068 1949 1170 1984 γράφει
1193 1947 1309 1983 βιᾶλίου,
1325 1945 1529 1982 ξηροφαγείτω.

1058 1993 1107 2025 νζ’.
1138 1993 1170 2019 Et
1202 1993 1235 2019 ἐκ
1264 1990 1353 2027 θυμοῦ
1388 1988 1530 2025 συντρίψει
1556 1987 1701 2024 κάλαμον,
1729 1986 1818 2022 μετά-

1023 2049 1094 2067 νοιαι
1109 2040 1142 2066 λ’.

1059 2089 1110 2121 νη’.
1124 2085 1157 2112 Et
1168 2084 1258 2120 ἐπάρῃ
1273 2083 1368 2119 ἔτερος
1388 2082 1483 2118 ἑτέρου
1504 2080 1644 2117 τετράδιον
1665 2078 1730 2107 ἀνευ
1745 2077 1820 2114 γνὼ-

1025 2140 1080 2168 μης
1095 2130 1143 2158 τοῦ
1158 2130 1323 2167 γράφοντος,
1338 2128 1479 2165 μετάνοιαι
1494 2126 1526 2156 ν’.

1060 2243 1111 2271 νθν.
1125 2242 1156 2270 Et
1176 2243 1214 2279 μὴ
1231 2241 1351 2278 στοιχείῃ
1373 2242 1431 2273 τοῖς
1452 2239 1657 2275 τετυπωμένοις
1674 2238 1751 2275 παρά
1767 2238 1818 2265 τοῦ

1025 2289 1137 2326 πρώτου
1165 2288 1365 2324 καλλιγράφου,
1379 2285 1554 2322 ἀφοριζέσθω
1569 2285 1676 2320 ἡμέρας
1686 2283 1743 2311 δύο.

1062 2335 1095 2368 ξ’.
1115 2334 1179 2361 Ἐὰν
1203 2334 1217 2360 ὁ
1238 2332 1520 2370 πρωτοκαλλιγράφος
1540 2329 1671 2366 ἐμπαθῶς
1699 2327 1819 2365 διανέμῃ

1025 2380 1059 2408 τὰ
1073 2380 1231 2416 ὲργόχειρα,
1247 2380 1295 2406 καὶ
1310 2380 1334 2406 εί
1352 2379 1391 2414 μὴ
1402 2377 1568 2413 περιστέλλῃ
1579 2375 1669 2407 καλῶς
1683 2374 1732 2407 τὰς
1743 2383 1818 2410 μεμ-

1025 2427 1129 2463 ϐράνας
1143 2426 1190 2453 καὶ
1217 2426 1306 2453 πάντα
1327 2425 1363 2451 τὰ
1385 2423 1561 2460 ἀμφιαστικὰ
1583 2422 1723 2458 ἐργαλεῖα,
1744 2422 1817 2448 ὥστε

1026 2471 1064 2509 μή
1080 2482 1106 2499 τι
1120 2471 1304 2507 ἀχρειωθῆναι
1315 2470 1370 2498 τῶν
1380 2469 1604 2505 χρησιμευὸντων
1614 2468 1655 2500 είς
1662 2467 1711 2503 τὴν
1722 2467 1817 2494 couti-

1024 2527 1075 2555 την
1086 2518 1235 2549 διακονίαν,
1261 2518 1313 2545 ἀνὰ
1334 2516 1478 2553 μετανοίας
1492 2518 1526 2550 ν’,
1543 2515 1591 2543 καὶ
1606 2518 1641 2551 ρ’,
1659 2515 1706 2542 καὶ
1719 2515 1817 2550 ἀφορι-

1028 2563 1097 2600 σμδν
1113 2563 1290 2599 ἐπιτίμησον.

1293 2608 1368 2652 Περί
1379 2617 1511 2646 deserat”)
1524 2624 1547 2646 ο.

1064 2677 1114 2710 ξα¹.
1139 2677 1201 2703 Ἐὰν
1214 2676 1247 2703 ὲκ
1261 2675 1492 2711 καταφρονήσεως
1516 2674 1647 2711 συντρίψῃ
1677 2673 1818 2710 βελόνηνῆ

1027 2724 1123 2759 ψαλία,
1143 2723 1160 2759 ἢ
1177 2723 1301 2758 συγκόψῃ
1324 2721 1429 2758 τροιάν,
1443 2721 1461 2757 ἢ
1482 2720 1610 2758 διασχίσῃ
1633 2721 1754 2757 ίμάτιον,
1770 2728 1820 2757 με·

1029 2769 1133 2796 τὰνοιαι
1151 2768 1184 2801 λ’,
1199 2768 1215 2804 ἢ
1231 2771 1263 2801 ν’,
1280 2768 1296 2802 ἢ
1314 2772 1347 2804 ρ’.
