1925 3088
106 187 167 221 1741

712 185 742 214 S.
756 182 953 214 THEODORI
969 182 1143 213 STUDITE.

1669 180 1736 214 1742

137 245 186 280 ξβκ
204 242 411 279 Εἰπαραϐλέψῃ
434 242 484 270 καὶ
506 242 538 270 τδ
563 241 645 278 τυχὸν
678 241 784 277 ῥάκιον,
811 241 828 276 ἢ
858 240 894 279 τάξ

978 239 1066 269 62.,Si
1077 239 1120 266 vel
1135 238 1257 266 lacerum
1273 237 1398 274 quamvis
1414 236 1593 274 Panniculum
1609 238 1736 273 neglexe-

106 291 279 326 ὴχρειωμένα
294 290 332 326 μὴ
355 289 532 324 ἀνακαινίσῃ,
556 289 605 316 καὶ
633 288 824 324 προσεμπαλοί
847 287 895 314 καὶ

107 337 317 372 ἁποφθειργοῖί,
351 337 396 363 καὶ
415 336 528 367 ἀπαθῶς
551 335 689 362 καταδιδοῖ
709 334 817 369 ἑκάστῳ
840 332 895 360 τῶν

107 383 225 418 ἀδελφῶν
250 383 300 415 τὰς
321 383 384 410 καθ’
397 381 548 417 ἑὸδομάδας
577 380 749 415 ὑπαλλαγὰς,
776 379 896 415 ξηροφα-

107 431 206 464 γείτω,
233 429 251 465 ἦ
288 428 511 464 παραστηκέτω,
531 426 549 461 ἦ
583 426 757 462 ἀψοριζέσθω
786 425 895 462 ἡμέραν

109 476 180 512 μίαν.

333 539 405 574 Περί
427 539 482 567 τοῦ
512 538 667 571 ὀστιαροῦ.

139 599 177 634 εγ’
195 599 259 626 Ἐὰν
272 599 285 626 ὁ
301 598 440 633 ὁστιὰριος
456 597 484 630 ἐξ
507 596 639 632 ἀμελείας
662 596 730 631 ἐάσῃ
753 595 784 622 τὺ
807 594 896 631 (mpii:-

108 652 172 679 ριον,
190 645 236 669 καὶ
252 642 364 677 γένηται
381 641 469 673 ἔξοδος
483 640 598 675 ἀδελφοῦ
620 641 748 676 λαθραία,
769 639 897 675 ἀφοριζέ-

108 690 160 716 σθω
178 688 316 722 ὲδδομὰδα
333 688 408 721 μίαν.

141 735 187 767 ξδ’.
220 735 283 761 Ἐὰν
307 735 340 760 ὲκ
368 733 601 769 καταφρονήσεως
627 732 694 767 ἐάσῃ
724 732 896 767 είσέρχεσθαι

108 782 242 817 κοσμικὰς
267 779 431 815 ἀποκρίσεις
450 780 526 815 παρὰ
540 779 594 806 τῶν
609 778 837 814 προσφοιτώντων
853 778 898 811 ξέ-

107 838 158 855 νων
172 829 200 854 ὲν
215 829 249 862 τῇ
266 828 345 862 μονῇ,
360 826 506 861 μετανοίας
523 828 556 861 ρ’.

143 875 188 906 ξέ.
210 874 273 900 Ἐὰν
289 874 326 909 μὴ
341 874 398 908 μετ’
416 872 561 903 εὐλαῆείας
573 872 639 898 διδοῖ
653 871 701 898 καὶ
715 870 841 907 λαμῦἀνῃ
851 870 897 897 λό-

946 286 992 319 rit,
1013 290 1060 313 aut
1082 284 1181 312 detrita
1208 292 1261 311 non
1286 284 1410 317 sarserit,
1435 291 1525 319 neque
1549 284 1693 312 i'nverterit
1709 289 1738 312 et

945 332 1078 368 pediculis
1093 331 1292 363 emundaverit,
1308 334 1336 358 et
1351 330 1405 358 nisi
1415 330 1603 358 indillerenter
1620 330 1738 366 singulis

945 377 1078 406 fratribus
1100 377 1207 405 dederit
1228 376 1378 404 mutatoria
1401 376 1616 404 hebdomadaria
1630 385 1638 409 ;
1652 377 1738 404 aridis

946 427 1083 456 vescatur,
1099 428 1147 450 aut
1161 426 1215 450 stet
1234 422 1260 449 in
1279 422 1340 450 loco
1356 421 1488 454 convivii,
1505 427 1553 450 aut
1566 430 1619 450 una
1636 422 1681 450 die
1694 430 1738 451 sc-

945 473 1068 503 paretur.

1255 533 1295 561 De
1304 534 1426 561 ostiario.

985 592 1030 619 63.
1047 592 1075 619 Si
1099 592 1230 619 ostiarius
1257 592 1370 626 ianuam
1389 592 1506 623 deserat,
1525 596 1553 619 et
1569 593 1737 620 clandestina

948 638 1043 665 fratris
1069 637 1191 672 egressio
1218 637 1368 672 contingat,
1395 642 1537 672 separetur
1565 645 1619 665 una
1635 638 1738 666 hebdo-

948 693 974 712 ιι]
979 685 1029 712 ada
1034 704 1040 711 .

985 731 1032 758 64.
1056 730 1085 758 Si
1116 731 1286 766 negligenter
1323 730 1396 758 sinat
1426 730 1565 758 introduci
1600 730 1739 758 mundana

947 783 1081 810 responsa
1098 783 1113 802 a
1126 776 1386 810 supervenientibus
1415 775 1569 810 hospitibus
1597 775 1625 802 in
1646 783 1741 802 mona-

966 822 1079 854 terium,
1103 829 1256 849 metanoaas
1276 826 1386 849 centum
1400 821 1492 849 faciat.

984 867 1028 895 65.
1044 868 1072 895 Si
1091 869 1180 895 minus
1200 868 1244 902 pie
1257 868 1299 896 vel
1315 868 1373 903 ipse
1389 868 1522 902 loquatur
1540 868 1582 895 vel
1598 868 1741 902 loquentes

108 929 153 954 γον
169 919 244 954 παρὰ
258 919 313 944 τῶν
327 917 541 952 ὲπιξενομένων,
557 916 573 951 ἦ
595 916 644 947 τὰς
656 915 753 950 φάσεις
768 915 805 950 μὴ
820 914 898 949 ποιῆ-

967 919 1078 941 xternos
1093 919 1141 941 aut
1157 915 1280 957 hospites
1291 915 1395 947 audiat,
1405 914 1447 941 vel
1457 921 1520 942 cum
1537 914 1652 949 praeside
1660 918 1742 949 prout

107 974 150 991 ται
168 964 235 999 πρὸς
256 963 302 989 τόν
323 964 474 998 ἡγούμενον
503 961 640 997 ἁρμοδίως
661 961 709 987 καὶ
729 960 896 997 πρεπόντως,

108 1010 159 1035 ἀνὰ
176 1009 322 1044 μετανοίας
342 1008 374 1043 ρ’.

144 1056 197 1087 ξς.
216 1054 279 1081 Ἐὰν
296 1055 325 1088 ἐξ
341 1053 506 1090 ἀπροσεξίας
527 1054 648 1089 ἀπολέσῃ
668 1053 798 1083 κλειδίον,
818 1053 899 1088 ξηρο-

109 1110 241 1137 φαγειτω.

335 1168 405 1203 Περὶ
419 1169 473 1196 τοῦ
491 1169 674 1203 νοσοκόμου.

145 1226 193 1260 ξςι.
217 1225 281 1253 Ἐὰν
295 1225 332 1261 μὴ
350 1226 515 1260 ἐπιμελῆται
534 1225 594 1252 καθ’
609 1227 672 1253 ὅσον
693 1225 805 1252 δυνατὸν
834 1225 900 1252 ἐκά-

111 1282 173 1299 στου
190 1273 243 1298 τῶν
263 1272 425 1308 ἀρρώστων,
440 1273 488 1298 καὶ
505 1272 632 1307 προσάγῃ
659 1271 696 1298 τὰ
710 1271 782 1298 κατά
807 1271 901 1307 χρείαν

109 1318 256 1353 ἁρμοδίως,
271 1318 342 1344 κατὰ
359 1318 393 1344 τὰ
408 1318 635 1353 διατετυπωμὲνα
650 1317 795 1352 ἐμμέτρως
808 1326 814 1332 ⁸
826 1317 900 1352 καὶῆ

110 1364 321 1399 ὑπερδᾲλλοι,ἣ
337 1365 385 1390 καὶ
411 1364 545 1397 ἐλλείψοι,
563 1364 703 1398 μετάνοιαι
734 1367 767 1396 ν’,
794 1363 840 1389 καὶ
868 1362 901 1398 ρ’,

111 1410 128 1444 ἢ
141 1410 332 1446 ξηροφαγείτω
345 1410 394 1437 καὶ
413 1409 588 1445 ὰφοριξέσθω
613 1410 719 1446 ἡμέραν
735 1410 813 1445 μίαν.

145 1498 196 1533 ξη’.
221 1497 286 1525 Ἐὰν
302 1498 340 1533 μὴ
357 1499 371 1525 ὁ
384 1499 611 1534 παρανοσοκόμος
627 1499 769 1535 στρωννύῃ
781 1499 828 1530 τὰς
845 1498 903 1524 κλί-

111 1554 159 1576 νας
171 1545 226 1572 τῶν
237 1545 366 1581 νοσερῶν,
377 1546 423 1572 καὶ
436 1546 550 1581 διατηρῇ
571 1546 661 1577 καλῶς
673 1546 708 1572 τὰ
718 1546 804 1576 ἔλαια,
818 1547 864 1572 καὶ
880 1547 903 1572 εἰ

949 970 999 997 par
1009 965 1051 989 est
1064 961 1197 995 decetque
1208 961 1292 989 verba
1313 969 1367 988 non
1394 960 1486 993 faciat,
1503 959 1647 988 metanmis
1677 967 1741 987 cen-

951 1012 1008 1036 tum
1023 1008 1163 1043 puniatur.

985 1052 1030 1079 66.
1054 1052 1082 1080 Si
1102 1060 1150 1087 per
1167 1051 1305 1079 incuriam
1326 1050 1488 1078 claviculam
1505 1050 1640 1082 amiserit,
1656 1050 1741 1077 aridis

949 1101 1089 1124 veSCatur.

1161 1166 1200 1193 De
1214 1165 1359 1192 nosocomii
1381 1167 1514 1192 curatore.

987 1224 1032 1251 67.
1046 1224 1073 1250 Si
1089 1223 1259 1259 singulorum
1273 1226 1439 1257 aegrotorum
1457 1229 1552 1250 curam
1569 1228 1617 1257 pro
1637 1219 1742 1248 viribus

952 1277 1007 1296 non
1033 1273 1125 1304 gerat,
1160 1277 1221 1303 quae
1248 1276 1317 1303 opus
1342 1268 1424 1295 fuerit
1450 1267 1645 1295 convenienter
1673 1273 1744 1302 prae-

953 1316 1041 1343 bendo
1068 1320 1095 1342 et
1121 1323 1170 1349 pro
1194 1322 1323 1342 mensura
1348 1314 1518 1349 praescripta,
1538 1321 1620 1348 quam
1635 1314 1679 1341 vel
1695 1321 1744 1341 ex-

954 1362 1031 1390 cedat
1043 1362 1085 1389 vel
1105 1358 1221 1393 minuat.
1238 1366 1392 1389 metanmas
1405 1361 1487 1388 faciat
1505 1361 1703 1396 quinquaginta
1717 1366 1744 1387 et

953 1414 1082 1441 centum,
1111 1409 1152 1435 vel
1179 1409 1264 1436 aridis
1293 1413 1429 1440 vescatur,
1456 1413 1485 1436 et
1516 1411 1659 1443 separetur
1687 1414 1744 1435 uno

954 1456 1007 1482 die.

989 1502 1033 1528 68.
1054 1501 1082 1528 Si
1103 1501 1254 1529 nosocomii
1271 1501 1476 1528 mansionarius
1491 1508 1546 1528 non
1566 1500 1695 1528 straverit
1707 1508 1744 1527 az-

956 1552 1094 1581 grolomm
1112 1548 1207 1579 lectos,
1226 1554 1276 1574 nec
1291 1551 1415 1574 sanctum
1443 1547 1533 1573 oleum
1563 1546 1630 1573 bene
1648 1553 1743 1573 serva—

112 1592 150 1626 μὴ
165 1591 217 1628 ἔχῃ
233 1592 379 1628 ἀκρίϐειαν
404 1593 485 1628 μέχρι
502 1594 549 1619 καί¹
562 1593 621 1624 ἑνὸς
635 1592 767 1625 κοκκίου,-
785 1593 900 1629 ξηροφα-

965 1594 1035 1624 ierit,
1062 1602 1113 1621 nec
1136 1594 1303 1628 diligentiam
1333 1601 1420 1628 usque
1457 1594 1490 1621 ad
1520 1602 1603 1620 unam
1634 1601 1744 1629 quoque

111 1638 204 1672 γείτω,
242 1639 289 1665 καί
317 1639 490 1674 ἁφοριζέσθω
508 1639 615 1674 ἡμέραν
632 1639 707 1674 μίαν.

149 1727 198 1762 ξθ’.
223 1728 286 1755 Ἐάν
301 1737 341 1760 τις
355 1728 403 1755 τοῦ
424 1729 575 1763 νοσοκόμου
601 1729 688 1764 χωρὶς
705 1728 837 1755 ἀναπέσοι
866 1729 905 1760 εἰς

112 1774 222 1809 κλίνην,
238 1774 254 1809 ἢ
270 1775 313 1800 κο.ὶ
332 1774 442 1807 ἀλλάξοι
458 1775 542 1810 ἀλλην
557 1774 634 1810 παρὰ
648 1775 697 1810 τὴν
714 1775 838 1801 δοθεῖσαν
855 1775 905 1801 αὖ·

113 1819 162 1854 τῷ,
181 1819 322 1854 μετάνοιαι
339 1826 369 1846 ν’.

149 1869 180 1893 o'.
205 1866 268 1892 Ἐὰν
283 1867 480 1902 παραχρῆσθαι
495 1867 553 1898 τοῖς
569 1866 745 1902 καρϐωνιοις,
763 1867 779 1902 ἢ
797 1867 905 1902 συντρί-

113 1913 151 1948 ψῃ
167 1913 199 1938 ὲκ
217 1913 355 1948 ῥᾳθυμίας
374 1922 400 1939 τι
416 1914 469 1940 τῶν
496 1914 683 1949 χαλκευτικῶν
712 1913 871 1949 ἐργαλείων,
888 1913 904 1949 ἦ

116 1959 280 1994 ἀπολέσῃ.ἢ
308 1960 371 1986 ἄνευ
389 1960 565 1995 προστάξεως
584 1959 654 1995 λάϐῃ
682 1960 795 1995 τίπαρά
822 1968 904 1992 τινος,

114 2006 161 2030 καὶ
177 2005 328 2040 ἐργάσηται
343 2006 496 2039 ἐργαλεῖον,
514 2006 546 2038 λ’,
563 2005 579 2040 ἣ
595 2005 627 2037 ν’,
649 2005 695 2031 καὶ
711 2008 733 2041 ρ’
754 2005 904 2041 μετάνοιαι,

114 2050 131 2085 ἡ
151 2050 199 2076 καὶ
215 2049 416 2085 ξηροφαγείτω.

360 2159 432 2194 Περὶ
451 2160 666 2196 κανδηλαρίου.
697 2183 705 2198 θ

149 2218 201 2242 02'.
223 2214 288 2242 Ἐὰν
305 2215 344 2252 μὴ
359 2217 470 2252 ποιῆται
487 2217 538 2253 τὴν
553 2218 624 2254 ἁφὴν
632 2218 683 2253 τῆς
698 2219 845 2259 κανδήλας,
858 2219 907 2246 καὶ

956 1640 1071 1673 pilulam
1101 1640 1370 1673 adbibuerit,aridis
1397 1646 1533 1673 vescatur,
1558 1645 1585 1668 et
1601 1645 1745 1675 separetur

957 1692 1011 1710 uno
1028 1684 1081 1711 die.

994 1729 1039 1757 69.
1062 1729 1153 1765 Siquis
1165 1731 1223 1758 sine
1237 1732 1388 1758 nosocomii
1407 1736 1534 1759 curatore
1546 1732 1572 1759 in
1594 1732 1694 1760 lertum
1717 1740 1747 1759 se

957 1776 1079 1809 recipiat,
1105 1775 1145 1803 vel
1172 1777 1245 1803 hunc
1272 1784 1332 1804 cum
1350 1777 1401 1804 sibi
1419 1778 1474 1812 jam
1489 1778 1554 1805 dato
1582 1783 1744 1809 commutet,

957 1825 1107 1848 nictanmas
1120 1821 1316 1857 quinquaginta
1329 1822 1421 1849 faciat.

992 1867 1036 1893 70.
1052 1867 1079 1894 Si
1101 1868 1265 1895 carbonibus
1280 1868 1420 1904 abutatur,
1438 1873 1485 1896 aut
1500 1877 1547 1904 per
1560 1869 1695 1897 incuriam
1710 1878 1747 1897 ae-

958 1920 1039 1939 neum
1054 1913 1164 1947 aliquod
1175 1902 1388 1941 instrumentum
1397 1902 1561 1950 confringat,
1579 1920 1626 1942 aut
1640 1916 1746 1950 perdat,

957 1961 1004 1983 aut
1021 1965 1073 1984 non
1087 1958 1183 1992 jussus
1212 1958 1361 1993 quidquam
1383 1959 1416 1986 ab
1436 1960 1529 1995 aliquo
1550 1961 1677 1995 accipiat,
1707 1963 1747 1988 fa-

957 2004 1066 2038 ciatque
1080 2003 1292 2031 instrumentum
1317 2005 1437 2040 aliquod,
1467 2007 1577 2041 triginta
1603 2011 1650 2034 aut
1665 2009 1748 2043 quin-

957 2048 1087 2083 quaginta
1108 2054 1134 2075 et
1151 2054 1258 2075 centum
1277 2052 1420 2078 metanoeis
1436 2053 1578 2086 puniatur,
1601 2053 1643 2080 vel
1664 2055 1746 2081 etiam

958 2095 1042 2121 aridis
1059 2099 1195 2122 vescatur.

1246 2160 1284 2188 De
1292 2160 1457 2191 lacunaria.

994 2217 1038 2244 7t.
1058 2216 1085 2245 Si
1108 2217 1262 2254 lampadem
1283 2227 1338 2246 non
1368 2220 1535 2253 accenderit.
1559 2230 1611 2251 nec
1626 2223 1750 2253 ecclesiae

117 2261 165 2296 τῆς
181 2261 332 2298 ἐκκλησίας
345 2263 495 2298 ἀξιολόγως
514 2265 562 2291 καὶ
582 2265 730 2301 ἐμμέτρως
746 2266 796 2299 τὰς
822 2266 900 2302 ἀρτύ-

965 2263 1151 2291 :onvenienter
1164 2263 1384 2300 suﬂlcienterque
1401 2266 1560 2295 conditurae
1579 2267 1684 2302 fecerit,
1702 2278 1751 2297 ne-

115 2315 183 2339 σεις,
201 2309 271 2344 μήτε
290 2309 514 2345 ὑπερϐαλλούσας
533 2312 603 2346 μήτε
624 2311 814 2344 ἐλλειπούσας,
841 2321 909 2348 προ-

115 2352 229 2387 μὺσσων
243 2354 291 2381 καὶ
306 2354 503 2391 ἀποκαθαίρων
527 2358 562 2383 τὰ
578 2357 652 2393 ρύπη
683 2358 739 2384 τῶν
767 2359 907 2395 κανδήλων

114 2398 190 2424 κατὰ
215 2398 246 2425 τὸ
262 2398 360 2432 εἰωθὸς
391 2402 441 2436 τῇς
461 2401 620 2437 ἑϐδομάδος,
641 2404 782 2437 μετάνοιαι
794 2406 828 2440 ρ’,
859 2404 907 2431 καὶ

115 2443 148 2478 ξη
152 2453 256 2479 ροφαγε
261 2444 320 2472 ίτω.

150 2489 200 2525 οβ’.
222 2490 287 2517 Ἐὰν
302 2491 437 2529 συντριψῃ
451 2492 595 2528 κανδήλαν,
611 2493 682 2520 κατὰ
694 2492 744 2529 τὴν
756 2492 837 2529 τιμὴν
858 2492 908 2528 Ιτῆς

114 2535 252 2570 κανδήλας
261 2536 349 2571 ἐχέτω
361 2537 392 2563 τὸ
403 2538 552 2573 ἐπιτίμιον.

151 2580 202 2615 of.
218 2581 281 2608 Ἐὰν
297 2582 451 2619 ἀδιαφόρως
460 2583 570 2618 καίηται
578 2582 612 2610 τὰ
622 2583 759 2618 παπύρια,
773 2584 910 2621 ἢποιῆται

114 2627 197 2662 χύσιν
210 2628 530 2665 ἁποκανδηλίσματος,ῆ
548 2630 636 2666 ἐξάψῃ
659 2630 777 2666 λάσρως,
805 2632 822 2667 ἦ
841 2632 904 2659 iam

114 2674 257 2711 στυγνάσῃ
271 2674 350 2710 παρὰ
364 2674 395 2701 τδ
411 2675 561 2710 προσῆκον,
576 2676 628 2702 ἀνὰ
646 2677 794 2711 μετανοίας
821 2676 854 2704 λ’.

149 2718 199 2751 96'.
216 2719 287 2746 Ἐὰν
298 2720 336 2755 μὴ
355 2719 475 2756 καθαιρῇ
489 2721 524 2747 τὰ
536 2721 727 2754 πολυκάνδηλα
749 2722 766 2757 ἢ
781 2721 815 2749 τὰ
844 2730 909 2758 κρε-

115 2764 260 2801 μαστάρια
274 2764 293 2800 ἢ
306 2765 340 2792 τὰ
353 2765 458 2798 ωύὸια,
471 2766 541 2793 ὥστε
557 2767 595 2803 μὴ
613 2768 641 2801 ὲε
665 2767 767 2800 ἰώσεως
792 2769 908 2804 ἀχριιω-

114 2810 189 2847 θείη,
209 2812 261 2838 ἀνὰ
273 2812 418 2848 μετανοίας
435 2812 469 2849 ρ’.

177 2900 190 2922 Ι
211 2900 291 2935 Puto,
305 2901 506 2938 ὰποφθειριζοι.

960 2317 1014 2345 que
1029 2310 1192 2339 immodicas
1213 2319 1302 2347 neque
1326 2312 1486 2346 del'ectivas,
1502 2315 1637 2343 emunctis
1650 2323 1751 2351 purga-

960 2356 1050 2391 tisque
1065 2355 1223 2392 lampadum
1240 2357 1378 2390 sordibus,
1393 2363 1476 2393 prout
1495 2367 1554 2387 mos
1568 2363 1610 2387 est
1628 2360 1656 2387 in
1683 2361 1752 2388 beb-

959 2401 1087 2433 domada,
1103 2406 1254 2431 metanceas
1278 2408 1388 2432 centum
1415 2404 1498 2433 faciat
1511 2409 1538 2434 et
1551 2410 1683 2442 praeterea
1699 2408 1752 2435 ari-

958 2447 1001 2475 dis
1013 2452 1150 2476 vescatur.

993 2493 1040 2521 72.
1060 2493 1088 2521 Si
1104 2494 1258 2530 lampadem
1274 2494 1397 2531 fregerit,
1424 2501 1506 2532 prout
1520 2496 1604 2525 fuerit
1615 2498 1751 2534 lampadis

958 2542 1087 2578 pretium,
1108 2550 1218 2579 pmnam
1234 2544 1344 2572 referat.

996 2589 1041 2616 75.
1061 2588 1091 2615 Si
1106 2589 1256 2617 ascitanter
1283 2590 1432 2618 inflammet
1450 2591 1575 2627 papyria,
1595 2596 1644 2620 aut
1667 2593 1751 2621 faciat

958 2634 1123 2669 lampadarii
1145 2635 1197 2663 olei
1215 2635 1387 2669 eﬂ'usionem,
1415 2641 1463 2664 aut
1487 2638 1592 2673 largius
1610 2639 1749 2674 incendat,

961 2685 1008 2708 aut
1024 2681 1132 2708 exiliter
1144 2686 1243 2717 praeter
1259 2683 1381 2717 modum,
1400 2688 1553 2713 metanwas
1574 2686 1695 2721 triginta.

996 2726 1041 2754 Ἠ.
1056 2727 1086 2755 Si
1099 2728 1240 2764 lampades
1270 2736 1324 2757 non
1343 2731 1543 2764 cmundaverit,
1559 2733 1600 2760 vel
1616 2732 1752 2768 pendulas

960 2774 1145 2806 coronas,vel
1165 2779 1337 2809 ornamenta,
1363 2777 1513 2811 quominus
1534 2778 1660 2815 rubigine
1687 2787 1751 2807 cor-

964 2823 1136 2854 rumpantur,
1155 2825 1306 2850 metanteas
1321 2826 1431 2851 centum
1446 2822 1539 2852 faciat.
