1925 3088
177 173 246 205 1743

762 170 881 200 1³01Νῶ
901 169 1228 201 MONASTEBIALES.

1732 168 1801 201 17H

167 253 170 255 λ
211 229 254 255 75.
265 227 294 255 Si
306 226 398 254 minus
408 228 457 252 aut
470 224 533 260 plus
542 231 623 259 quam
638 224 663 251 ei
674 226 862 260 praismiptum
880 223 963 252 fuerit

1048 228 1094 254 oe'.
1115 226 1178 252 Ἐὰν
1189 225 1302 262 ὲκλειψῃ
1315 226 1333 262 ἢ
1359 225 1504 262 προσθήσῃ
1519 224 1595 261 παρὰ
1619 225 1650 252 τὸ
1680 234 1798 262 προστα-

174 274 314 310 lampades
332 271 470 303 lliceudat,
488 271 523 298 ita
545 276 575 298 ut
593 272 682 306 ipsum
706 271 842 306 signiticet
858 275 964 306 tempus

174 320 356 349 sulemnitatis
373 318 500 350 Domini,
515 323 543 345 et
559 317 736 346 Dominicalis
757 318 822 351 diei,
839 322 868 345 et
885 324 964 345 com-

174 366 380 395 memorationis
404 368 576 396 sanctorum;
595 368 623 392 et
638 364 750 397 nisibis
766 367 842 392 terve
858 363 884 390 in
898 362 964 390 heb-

174 413 290 442 domada
310 411 441 448 templum
449 411 499 439 Dei
509 416 612 444 verrat,
626 414 778 438 metanmas
788 409 909 445 triginta.

461 512 501 540 De
516 511 670 539 hortulano.

210 570 256 598 '16.
273 569 301 598 Si
317 574 440 604 tempore
463 569 562 596 idoneo
577 576 634 596 non
655 567 756 596 severit
768 567 854 602 olera,
876 572 964 596 meta-

175 624 252 644 umas
266 615 477 651 quinquaginta.

210 662 327 690 77.Nisi
360 661 474 697 pulchre
501 660 664 692 excoluerit,
695 665 825 695 tanquam
854 659 965 687 Domini

175 709 344 744 paradisum,
370 706 548 735 commissum
568 705 622 733 sibi
651 705 771 738 hortum,
792 705 829 733 ita
854 710 884 739 ut
904 713 961 733 om-

175 763 211 782 ne
231 763 318 790 genus
351 754 455 782 olerum
482 751 647 779 fraternitati
665 751 768 779 aﬂatim
797 752 964 787 suppeditet,

176 805 328 828 metauceas
342 804 461 827 centum.

213 846 256 874 78.
273 845 302 873 Si
317 846 465 874 oscitanter
489 846 608 882 negligat
626 844 800 880 rigationem,
820 851 870 871 nec
889 843 963 879 iusta

177 900 305 920 mensura
320 893 449 928 adaquet,
466 897 617 920 metanceas
634 895 756 919 centum.

481 949 518 976 De
535 950 657 977 vinitore.

215 993 258 1021 79.
272 993 329 1021 Nisi
343 994 411 1021 bene
426 994 543 1021 coluerit
565 994 649 1021 vitem
671 993 792 1026 Domini,
807 997 964 1028 amputans,

176 1047 309 1076 purgans,
326 1039 446 1074 fodiens,
468 1039 560 1068 foveas
582 1048 730 1072 excavans,
744 1044 772 1067 et
786 1039 861 1067 omni
883 1039 965 1067 modo

176 1095 236 1114 eam
248 1087 362 1122 pulchre
375 1084 516 1120 excolens',
530 1091 681 1115 metanmas
700 1091 823 1115 centum.

487 1143 527 1172 De
541 1149 658 1172 aratore.

211 1202 258 1230 80.
282 1202 313 1230 Si
342 1202 384 1230 ira
408 1202 565 1238 impellente
602 1203 700 1231 bovem
723 1203 900 1239 percusserit,
918 1206 966 1230 aut

177 1248 349 1276 inconditum
365 1248 479 1276 verbum
504 1248 532 1276 in
543 1255 606 1277 eum
637 1248 798 1282 intenderit,
816 1253 966 1276 metanum

176 1295 282 1322 decem.

213 1339 258 1366 81.
274 1339 302 1366 Si
319 1339 397 1367 utilia
414 1339 466 1367 sibi
491 1346 553 1367 vasa
573 1343 600 1367 et
618 1339 801 1367 instrumenta
818 1338 966 1374 prudenter

177 1388 206 1413 et
217 1389 347 1413 accurate
362 1392 417 1413 non
433 1385 598 1418 servaverit,
614 1385 699 1413 aridis
712 1389 848 1413 vescatur.

396 1479 436 1508 De
448 1481 582 1515 hospitum
595 1485 744 1515 exceptare.

215 1526 260 1554 82.
270 1525 327 1554 Nisi
344 1526 414 1554 bene
427 1531 456 1554 et
465 1533 528 1554 cum
545 1525 703 1554 omnimoda
717 1525 816 1560 pietate
843 1525 966 1561 hospites

1014 271 1080 307 χθὲν
1097 271 1171 307 αὐτῷ
1187 272 1285 308 μέτρον
1299 272 1350 307 τῆς
1364 271 1438 307 ἁφῆς
1465 272 1521 298 τῶν
1549 272 1700 308 κανδὴλων,
1731 270 1802 300 ὥστε

1013 317 1160 353 γνωρίζειν
1176 318 1257 345 αὑτὸν
1267 318 1312 344 τὸν
1322 318 1418 353 καιρὸν
1426 318 1476 352 τῆς
1490 318 1657 353 Δεσποτικῆς
1671 319 1767 354 ἑορτῆς
1777 320 1802 351 ⁸,

1013 363 1062 390 καὶ
1078 363 1128 397 τῆς
1143 363 1297 398 Κυριακῆς,
1316 363 1368 398 τῆς
1384 363 1494 398 μνήμης
1506 363 1560 390 τῶν
1575 364 1671 397 ἁγίων,
1694 365 1742 390 καὶ
1755 365 1802 391 ἐὰν

1015 408 1054 444 μὴ
1067 409 1109 440 δὶς
1127 409 1174 436 καὶ
1182 409 1242 444 τρὶς
1257 409 1307 444 τῆς
1320 408 1468 444 ἑϐδομάδος
1483 408 1615 444 φιλοκαλῇ
1628 409 1674 436 τὸν
1683 409 1746 436 ναὸν
1754 409 1801 436 τοῦ

1013 454 1092 489 Θεοῦ,
1101 455 1154 483 ἀνά
1168 455 1314 490 μετανοίας
1327 453 1361 482 λ’.
1440 451 1441 454 “

1251 511 1323 545 Περὶ
1336 511 1390 539 τοῦ
1412 511 1565 545 κηπωροῦ.

1049 568 1104 598 ος⁸.
1128 566 1192 593 Ἐὰν
1211 566 1249 602 μὴ
1264 567 1294 593 ὲν
1319 566 1409 602 καιρῷ
1422 566 1535 602 ποιῆται
1551 567 1600 598 τὰς
1617 567 1721 603 σπορὰς
1746 568 1802 595 τῶν

1014 613 1150 648 λαχάνων,
1167 613 1311 648 μετάνοιαι
1325 615 1358 640 ν’.

1050 656 1098 690 οξ.
1118 658 1181 685 Ἐὰν
1195 658 1233 694 μὴ
1246 658 1395 694 καλλιεργῇ
1411 658 1449 690 ὡς
1462 658 1628 693 παράδεισον
1639 659 1742 694 Κυρίου
1757 660 1804 686 τδν

1015 703 1233 738 πεπιστευμένον
1248 703 1323 738 αὐτῷ
1337 703 1441 738 κῆπον,
1457 703 1529 730 ὥστε
1561 705 1691 739 imputo
1721 705 1804 732 αὑτὸν

1015 749 1050 784 τῇ
1076 748 1237 784 ἀδελφότητι
1260 749 1331 776 κατὰ
1365 749 1421 776 πᾶν
1449 747 1520 781 εἶδος
1548 748 1666 785 λαχάνου
1680 770 1688 781 ,
1717 759 1805 785 μετα-

1015 793 1089 825 νοίας
1108 797 1141 829 pf.

1050 843 1100 876 οη’.
1121 840 1184 867 Ἐὰν
1198 840 1353 876 ἀδιαφόρως
1372 841 1521 876 παραμελῇ
1538 841 1588 873 τὰς
1608 841 1731 876 ἀρδείας,
1756 842 1805 869 καὶ

980 900 1002 928 Β
1017 886 1056 923 μὴ
1071 887 1219 923 ἐμμέτρως
1232 887 1342 923 ποτίζῃ,
1361 887 1504 923 μετάνοιαι
1516 891 1549 923 pf.

1222 943 1294 978 Περὶ
1307 943 1362 971 τοῦ
1379 944 1601 979 ἀμπελουργοῦ.

1050 989 1100 1016 οϐ’.
1121 988 1184 1016 Ἐὰν
1201 989 1238 1025 μὴ
1252 989 1385 1025 φιλοκαλῇ
1396 990 1446 1025 τὴν
1457 989 1578 1025 ἄμπελον
1603 989 1719 1024 Κυρίου,
1743 990 1805 1016 δια-

1015 1034 1135 1070 τέμνων,
1152 1035 1302 1070 καθαίρων,
1320 1035 1458 1067 σκάπτων,
1485 1035 1633 1071 βοθρεύων,
1659 1037 1707 1063 καὶ
1733 1045 1805 1063 παν-

1015 1081 1097 1112 τοίως
1111 1081 1198 1117 αὐτὴν
1213 1081 1397 1116 καλλιεργῶν,
1414 1082 1561 1116 μετανοίας
1577 1081 1610 1116 ρ’.

1224 1137 1295 1172 Περὶ
1314 1137 1370 1165 τοῦ
1389 1137 1598 1172 ἀροτριῶν-τος.

1050 1198 1089 1222 π’.
1105 1194 1168 1222 Ἐὰν
1181 1194 1237 1223 ἀπὸ
1252 1195 1340 1230 θυμοῦ
1358 1195 1448 1231 πλήξῃ
1465 1195 1511 1223 τὸν
1525 1195 1601 1231 βοῦν,
1629 1195 1647 1232 ἢ
1673 1196 1806 1232 προσινέ-

1015 1247 1076 1275 γκοι
1089 1240 1166 1276 ῥῆμα
1183 1239 1311 1272 ἄτακτον,
1328 1240 1474 1275 μετανοίας
1486 1243 1512 1268 ι’.

1050 1334 1106 1358 πω.
1130 1331 1193 1359 Ἐὰν
1212 1330 1250 1366 μὴ
1263 1330 1298 1358 τὰ
1323 1330 1528 1366 χρησιμεύοντα
1548 1331 1625 1367 αὐτῷ
1645 1332 1730 1367 σκεύη
1755 1333 1807 1360 καὶ

1015 1377 1144 1413 ἔργαλεία
1161 1376 1220 1412 μετ’
1233 1377 1392 1413 ἐπιστήμης
1404 1377 1453 1404 καὶ
1466 1377 1628 1413 ἐπιμελείας
1638 1379 1738 1414 κρατῇ,
1753 1378 1807 1413 ξη-

1016 1423 1182 1460 ροφαγείτω.

1275 1479 1344 1514 Περὶ
1368 1478 1542 1514 ξενοδόχου.

1051 1524 1106 1561 πβ’.
1128 1525 1191 1553 Ἐὰν
1207 1525 1245 1561 μὴ
1259 1525 1427 1561 ὑποδέχηται
1442 1525 1534 1558 καλῶς
1547 1526 1611 1558 τοὺς
1626 1525 1718 1558 ξένους
1735 1527 1808 1562 μετὰ

179 1571 436 1606 £xceperit,lavans
455 1570 539 1606 pedes
565 1570 686 1603 illorum,
707 1570 734 1598 in
750 1571 885 1598 cubiculis
898 1578 964 1598 con-

1036 1570 1107 1606 άσης
1125 1570 1280 1603 εὐλαϐείας,
1305 1571 1410 1598 νίπτων
1436 1571 1501 1603 τοὺς
1522 1571 1607 1603 πόδας
1632 1571 1732 1606 αὐτῶν,
1757 1573 1809 1600 καὶ

182 1617 322 1644 venienter
336 1617 487 1650 collocaris,
503 1621 656 1644 metant‘eas
669 1622 791 1644 centum.

217 1664 260 1690 85.
277 1662 306 1689 Si
330 1662 431 1690 lectum
459 1670 513 1689 non
540 1663 677 1695 straverit,
705 1670 757 1689 nec
769 1670 830 1697 quae
851 1666 916 1690 sunt
939 1662 967 1689 in

184 1709 253 1736 cella
267 1708 388 1744 stragula
407 1708 562 1736 excusserit
581 1712 607 1736 et
632 1708 780 1741 curaverit,
811 1708 896 1736 aridis
921 1715 969 1736 ve-

182 1760 286 1782 ιωιιιτ.

218 1798 263 1825 84.
277 1798 410 1826 Similiter
425 1798 448 1826 si
465 1798 621 1826 cubiculum
644 1797 714 1826 bene
730 1805 784 1826 non
799 1799 971 1827 mandaverit

183 1845 256 1872 intra
272 1844 481 1872 hebdomadam.

499 1901 538 1927 De
550 1901 659 1934 pistore.

221 1956 266 1984 85.
286 1957 316 1984 Si
345 1957 408 1992 quis
435 1957 462 1984 in
483 1956 592 1984 ollicina
613 1956 732 1991 pauiticii
757 1958 839 1985 verba
864 1958 970 1993 fecerit,

186 1999 319 2028 fratribus
346 2008 443 2036 panem
485 2001 709 2034 elaborantibus,
751 2007 901 2031 metanceas
921 2003 972 2030 tri-

185 2049 271 2083 ginta.

221 2092 266 2119 86.
284 2091 313 2118 Si
340 2091 428 2127 pistor
465 2091 640 2119 immodicam
667 2096 868 2120 sarmentorum
894 2091 972 2120 llam-

187 2145 259 2164 mam
281 2137 412 2172 subjiciat
440 2143 487 2165 aut
508 2138 656 2172 lignorum,
669 2137 712 2164 vel
732 2138 802 2165 male
811 2146 907 2173 panem
925 2146 972 2166 co-

186 2188 264 2218 quat,
274 2187 424 2210 lnclanwas
440 2188 506 2210 tres.

442 2238 482 2266 De
497 2239 573 2273 fabro
593 2239 719 2274 lignario.

222 2284 267 2312 87.
285 2283 314 2312 Si
341 2284 442 2320 lignum
463 2285 553 2312 securi
581 2286 747 2319 pessumdet,
771 2285 812 2312 vel
829 2285 973 2316 abundan-

187 2330 242 2358 tius
261 2331 356 2363 cadat,
370 2330 412 2357 vel
434 2334 532 2364 praeter
555 2330 646 2358 datam
662 2339 820 2359 mensuram
837 2331 972 2364 concidat,

188 2377 230 2404 vel
246 2377 329 2404 etiam
345 2376 425 2403 aliter
439 2375 538 2404 efﬁciat
560 2375 668 2407 inutile.
693 2377 776 2404 aridis
791 2382 927 2405 vescatur.

223 2422 268 2448 88.
283 2422 311 2449 Si
339 2422 402 2456 quis
426 2421 572 2449 abstulerit
593 2421 816 2455 instrumentum,
842 2422 921 2450 labro
939 2422 974 2450 li-

188 2467 286 2502 gnain
303 2466 468 2499 inconsulto,
491 2466 533 2493 vel
563 2474 596 2494 ex
620 2466 674 2494 alia
690 2467 797 2496 ollicina
813 2468 970 2503 sumpserit,

189 2519 339 2540 melanwas
355 2511 563 2548 quinquaginta.

224 2557 270 2585 89.
286 2557 315 2584 Si
337 2557 550 2585 instrumentum
578 2558 795 2594 pessumdederit
822 2559 850 2587 in
875 2558 972 2595 quavis

188 2604 306 2637 olliciua,
337 2604 421 2633 aridis
445 2609 573 2633 vescatur
601 2609 628 2633 et
651 2605 834 2639 separationis
862 2613 972 2641 plenam

190 2649 258 2677 Iunt.

225 2696 269 2724 90,
289 2695 414 2731 Ruptura
429 2696 453 2724 si
472 2681 594 2724 evenerit
624 2697 716 2730 ascia,
733 2695 864 2729 terebelli,
880 2703 974 2729 serrae,

189 2741 306 2775 securis,
326 2740 369 2769 vel
401 2740 525 2776 cujusvis
542 2741 715 2775 ferramenti,
740 2745 890 2770 metanmas
909 2749 974 2770 cen-

192 2792 258 2814 ιυιι).

192 2922 195 2923 ν
226 2885 318 2914 ‘Vide
341 2886 474 2923 Caugium
500 2885 528 2914 in
543 2885 706 2912 Δεσποτικαὶ
716 2883 819 2919 ἑορταί.

1017 1615 1152 1648 κοιτάζων
1166 1617 1265 1649 αὐτοὺς
1279 1617 1428 1653 ἁρμοδίως,
1447 1617 1589 1653 μετάνοιαι
1606 1621 1639 1653 ρ’.

1053 1666 1110 1698 πγ’.
1131 1663 1193 1690 Ἐὰν
1224 1663 1292 1699 ἐάσῃ
1323 1663 1463 1699 ἄστρωτον
1476 1663 1526 1698 τὴν
1540 1663 1645 1699 κλίνην,
1665 1664 1713 1691 καὶ
1724 1664 1762 1700 μὴ
1771 1666 1810 1694 τὰ

1018 1710 1047 1737 ιν
1071 1711 1103 1745 τῇ
1119 1710 1243 1745 διακονίᾳ
1268 1710 1452 1745 σκεπάσματα
1477 1711 1657 1746 ὰνατινάσσῃ,
1682 1711 1730 1738 καὶ
1755 1721 1810 1739 πι-

1020 1758 1167 1792 ριποιῆται,
1181 1755 1212 1791 εη
1217 1756 1381 1791 ροφαγεὶτω.

1055 1802 1108 1829 πδ’.
1128 1802 1266 1834 Ὡσαύτως
1281 1802 1329 1830 καὶ
1352 1802 1401 1830 ἐὰν
1417 1802 1455 1839 μὴ
1465 1802 1598 1840 φιλοκαλῇ
1621 1803 1667 1830 τὸν
1687 1804 1812 1834 κοιτῶνα

1018 1847 1065 1876 διὰ
1077 1848 1126 1883 τῆς
1144 1848 1304 1884 ἑϐδομάδος.

1283 1905 1352 1939 Περὶ
1362 1904 1526 1940 μάγκιπος.

1055 1961 1109 1990 πε’.
1123 1962 1158 1989 Εἴ
1168 1971 1209 1994 τις
1223 1961 1337 1998 λαλήσει
1350 1963 1380 1989 ὲν
1392 1962 1430 1998 τῷ
1456 1963 1638 1999 ἁρτοκοπείῳ,
1652 1964 1708 1990 τῶν
1733 1964 1815 1992 ἁδελ-

1020 2007 1080 2043 φῶν
1093 2007 1156 2040 τοὺς
1172 2007 1271 2043 ἄρτους
1280 2008 1543 2044 ἁρτοκοποιούντων,
1551 2009 1691 2045 μετάνοιαι
1705 2009 1736 2036 λ’.

1056 2102 1117 2133 σις’.
1141 2098 1206 2126 Ἐὰν
1223 2099 1262 2134 μὴ
1278 2099 1292 2125 ὁ
1304 2098 1411 2134 μάγκιψ
1423 2098 1590 2135 συμμέτρως
1603 2099 1751 2126 ὑποὸἀλλοι
1760 2101 1813 2136 τὴν

1021 2145 1119 2172 καῦσιν
1134 2145 1188 2171 τῶν
1202 2145 1348 2179 φρυγάνων
1363 2145 1380 2181 ἢ
1398 2145 1452 2172 τῶν
1465 2144 1562 2178 ξύλων,
1593 2145 1611 2181 ἦ
1637 2145 1688 2181 ὲψῇ
1715 2147 1813 2179 κακῶς

1021 2190 1068 2217 τὸν
1086 2191 1178 2226 ἄρτον,
1193 2191 1333 2226 μετάνοιαι
1349 2193 1385 2225 γ’.

1262 2247 1332 2281 Περὶ
1345 2247 1399 2274 τοῦ
1414 2247 1566 2281 τέκτονος.

1056 2291 1111 2324 κζ’.
1133 2293 1196 2320 Ἐὰν
1208 2293 1329 2330 ἀφανίσῃ
1343 2293 1373 2320 τὸ
1382 2293 1573 2329 πελεκώμενον
1592 2293 1680 2328 ξύλον,
1694 2293 1712 2329 ἢ
1725 2295 1814 2330 ὕπερ-

1021 2337 1102 2374 κόψῃ,
1125 2338 1173 2364 καὶ
1187 2339 1264 2373 παρὰ
1279 2339 1309 2365 τὸ
1324 2338 1422 2374 μέτρον
1436 2339 1596 2375 παρακύψῃ,
1610 2339 1626 2374 ἢ
1647 2339 1694 2366 καὶ
1721 2339 1813 2372 ἄλλως

1021 2391 1080 2414 πως
1106 2382 1262 2418 ἅχρειώσει,
1278 2383 1309 2418 Er,
1314 2383 1481 2418 ροφαγείτω.

1056 2431 1113 2463 ἰι-η’.
1136 2429 1198 2456 Ἐὰν
1213 2429 1303 2465 ἐπάρῃ
1316 2438 1359 2461 τις
1376 2429 1518 2465 ἐργαλεῖον
1535 2429 1600 2457 ἄνευ
1619 2429 1666 2457 τοῦ
1683 2429 1814 2462 τέκτονος

1023 2473 1040 2510 ἢ
1056 2474 1086 2507 ἐξ
1101 2474 1185 2510 ἄλλης
1206 2474 1354 2508 διακονίας,
1373 2476 1513 2511 μετάνοιαι
1526 2479 1559 2504 ν’.

1060 2564 1116 2592 πθ’.
1135 2564 1199 2591 Ἐὰν
1212 2564 1333 2601 ἀπολέσῃ
1347 2565 1488 2601 ἐργαλεῖον
1501 2566 1547 2592 ἐπὶ
1560 2566 1649 2602 πάσης
1660 2566 1811 2599 διακονίας,

1025 2610 1224 2646 ξηροφαγείτω,
1253 2610 1300 2636 καὶ
1319 2610 1473 2646 ἀφορισμοῦ
1502 2611 1640 2646 ἐπιτίμιον
1661 2613 1759 2647 ἐχέτω.

1057 2699 1092 2731 ιιι.
1117 2697 1235 2732 κλάσμα
1259 2697 1309 2724 ἰὰν
1330 2697 1444 2734 γένηται
1475 2698 1641 2735 σκεπάρνου,
1670 2700 1812 2734 τερέτρου,

1024 2743 1144 2780 πρίονος,
1161 2743 1308 2778 πελέκεως,
1323 2744 1341 2780 ἦ
1357 2745 1403 2772 καὶ
1417 2741 1499 2773 ἄλλου
1512 2745 1596 2778 τινὸς,
1618 2745 1760 2781 μετάνοιαι
1774 2749 1811 2781 ρ’.
