1925 3088
144 142 213 174 1745

354 228 356 230 τ
392 199 464 232 Περὶ
487 199 540 227 τοῦ
555 200 709 234 nmmo.

178 243 232 279 ad.
261 244 326 271 Ἔάν
344 244 382 280 μὴ
398 244 448 280 τὴν
465 246 662 281 προσήκουσαν
678 246 838 282 ιπιμέλειαν
853 248 936 283 ﬁatﬁ-

143 298 189 316 ται
209 291 239 317 έν
263 290 321 320 τοῖς
347 290 486 325 κτήνεσιν,
501 290 590 318 είτουν
606 291 637 317 τὸ
650 292 679 317 ὲν
693 291 781 327 καιρῷ
805 291 876 328 ὕδωρ
897 293 937 319 δι-

142 335 218 362 δόναι
232 335 279 362 καὶ
299 335 350 370 τὴν
362 335 477 371 τροφὴν,
493 336 541 362 καὶ
554 336 731 371 στρωννύειν,
747 337 795 364 καὶ
808 337 937 370 ἀναξύειν

144 380 192 407 καὶ
207 379 375 415 φιλοκαλεῖν,
390 381 439 408 καὶ
456 380 667 418 ἀποκαθαίρειν,
695 384 742 411 καὶ
764 384 936 420 ψηκτρίξειν,

145 429 288 464 μετάνοιαι
300 429 333 456 λ’.

180 473 235 509 ιιβκ
253 474 317 502 Ἐὰν
330 474 398 502 πολὺ
425 475 578 512 κατελαὺνῃ
590 476 620 504 έν
634 476 672 512 τῷ
696 477 827 514 μύλωνιῆ
851 479 881 506 ὲν
888 479 936 507 ἄλ-

143 521 178 557 λῃ
191 521 255 556 ὀδῷ,
271 521 288 556 ἢ
307 521 526 559 καταρῤαϐδίζῃ,
554 523 572 558 ἢ
598 523 762 560 ἑπιφορτίζῃ
786 525 869 553 πλέον
888 525 936 553 τοῦ

143 565 262 598 δέοντος,
293 565 494 603 ξηροφαγείτω,
518 567 536 603 ἢ
563 568 611 596 καὶ
636 570 808 605 ἀφοριζέσθω
830 571 937 607 ἡμέραν

145 620 221 647 μιαν.

387 658 461 694 Περὶ
474 659 528 686 τοῦ
541 660 696 688 διακόνου.

179 705 235 737 ιιτν.
256 703 321 730 Ἐὰν
335 704 451 741 εἰσφέρῃ
467 705 574 739 λόγους,
592 705 608 741 ἢ
623 706 683 742 εῐδη
699 706 776 743 παρά
794 707 850 735 τῶν
883 707 937 740 ἔξω

143 748 253 785 ἥπαρά
276 750 331 778 τῶν
360 751 501 786 συγγενῶν
523 754 583 785 τοῖς
600 753 739 788 ἀδελφοῖς,
763 754 938 790 ἀφοριζέσοω

142 797 252 832 ἡμέραν
269 796 344 832 μίαν.

181 844 230 875 ιβ.
253 842 315 868 Ἑάν
329 843 360 868 ὲν
375 844 436 874 ταῖς
450 843 611 879 ἀγορασίαις
634 844 651 880 ἢ
678 845 708 872 ὲν
726 846 786 877 ταῖς
800 845 936 882 πράσεσι,

744 146 775 176 S.
794 145 988 177 THEODORI
1010 147 1183 178 STUDITJE

1710 149 1776 182 1746

1273 203 1310 232 Dc
1323 206 1355 239 ju
1359 205 1498 237 meritorio.

1022 249 1068 277 9i.
1084 248 1112 276 Si
1126 249 1245 277 debitam
1268 250 1457 284 junwntorum
1473 259 1568 279 curam
1583 258 1636 290 non
1649 253 1777 286 gesserit,

986 294 1045 322 sive
1059 299 1181 329 tempore
1205 295 1302 322 idoneo
1320 300 1415 330 potum
1442 301 1607 332 pastumque
1620 297 1777 331 praebendo.

987 340 1047 368 sive
1063 340 1196 368 stramine
1206 341 1430 376 subjiciendo,,et
1445 341 1578 376 tricando,
1592 347 1619 370 et
1633 342 1771 377 poliendo.

987 391 1020 411 ac
1047 385 1204 413 mundaudo
1234 389 1317 421 atque
1335 385 1542 421 destringendo,
1557 392 1708 415 metanmas
1729 389 1778 415 tri-

987 429 1074 465 ginta.

1024 476 1068 505 92.
1081 476 1109 504 Si
1125 476 1172 504 diu
1192 477 1336 512 agitaverit
1352 477 1380 504 in
1403 477 1522 512 pistrino
1541 477 1582 505 vel
1604 479 1631 506 in
1653 479 1710 510 via,
1729 486 1777 507 aut.

988 521 1063 556 virga
1080 521 1162 553 nimis
1181 521 1345 553 contuderit.
1367 521 1409 549 vel
1435 521 1495 556 plus
1514 529 1593 556 aequo
1607 529 1675 550 onus
1691 524 1778 559 impo-

987 567 1090 599 suerit,
1118 565 1202 593 aridis
1229 570 1333 599 utatur,
1367 565 1408 593 vel
1436 566 1518 593 etiam
1548 570 1690 600 separetur
1722 575 1777 593 uno

987 612 1041 640 die.

1283 655 1322 683 De
1335 655 1505 683 administro.

1024 702 1070 730 93.
1084 702 1113 730 Si
1128 701 1233 730 deferat
1244 709 1395 734 sermones,
1421 706 1469 728 aut
1496 710 1638 736 responsa,
1664 708 1711 729 aut
1734 711 1777 730 res

988 747 1154 774 aromaticas
1165 748 1199 774 ab
1207 746 1345 773 extraneis
1357 752 1405 773 aut
1423 746 1459 774 ab
1472 746 1598 774 allinibus
1611 747 1644 774 ad
1668 747 1776 778 fratres,

988 797 1130 827 separetur
1141 799 1196 819 uno
1209 791 1265 819 die.
1537 782 1543 790 ’

1024 837 1068 865 94.
1083 837 1111 864 Si
1127 837 1154 865 in
1176 836 1361 871 emptionibus
1375 841 1423 864 aut
1437 836 1641 865 venditionibus
1663 842 1778 865 conten-

143 887 322 923 διαμάχηται,
346 889 363 924 ἦ
392 888 596 925 παροξὺνηται,
626 879 650 926 ἢν
669 879 859 927 ὀρκοποιῆτάι,
886 892 933 919 καὶ

998 883 1072 917 ierit,
1093 888 1140 910 aut
1171 882 1368 913 excanduerit,
1385 886 1432 909 aut
1454 882 1597 918 iuraverit,
1615 887 1707 910 etnon
1729 891 1779 918 po-

145 932 184 968 μὴ
200 932 281 968 μέχρι
306 933 340 968 β’,
355 934 402 960 καὶ
415 937 439 968 γ’
470 935 563 969 φωνῆς
581 935 691 970 ποιῆται
708 936 758 971 τήν
780 944 811 963 τι
832 935 933 972 πράσιν

144 977 193 1004 καὶ
206 977 255 1014 τὴν
269 978 432 1015 ἀγορασίαν,
445 979 498 1006 ἀνά
511 980 656 1015 μετανοίας
673 981 706 1013 ν’,
719 981 768 1008 καὶ
777 984 811 1017 ρ’.

179 1067 231 1102 ιβ’.
254 1067 320 1096 Ἐὰν
335 1068 373 1104 μὴ
387 1068 458 1104 μετά
471 1070 667 1107 προσηκούσης
681 1069 825 1103 εὐλαϐείας
853 1071 935 1107 ποιῆ-

142 1122 189 1140 ται
199 1113 249 1145 τὰς
257 1113 311 1140 ἀπὸ
322 1113 370 1141 τοῦ
388 1116 572 1152 μοναστηρίου
589 1116 708 1149 ἐξόδους,
730 1116 801 1143 ὥστε
818 1116 877 1152 μετ’
891 1117 937 1143 εὑ-

143 1160 195 1194 χῆς
208 1160 372 1195 περιπατεῖν
386 1161 435 1187 καὶ
458 1161 640 1196 στιχολογίας,
668 1162 706 1198 μὴ
733 1162 936 1198 περιϐλεπόμε-

143 1213 190 1237 νος
216 1205 256 1237 εἰς
269 1206 429 1239 γυναικείας
447 1206 536 1242 ὄψεις,
550 1207 568 1243 ἢ
596 1208 663 1234 ἄλλα
675 1208 813 1244 ἀνωφελῆ.
834 1208 878 1235 ἵνα
906 1208 937 1235 τὸ

145 1253 209 1280 ὅσον
223 1252 268 1279 ἐπ’
282 1252 365 1280 αὐτὸν
376 1253 522 1288 δοξάζηται
541 1255 555 1281 ὸ
569 1254 636 1286 Θεὸς
652 1253 697 1281 διὰ
710 1254 761 1290 τῆς
787 1254 841 1281 τῶν
853 1253 938 1290 ὁρών-

143 1306 199 1325 των
216 1298 362 1333 ὠφελείας,
374 1298 565 1335 ξηροφαγείτω
579 1299 686 1337 ἡμέραν
703 1301 778 1335 μίαν.

266 1345 338 1379 Περὶ
350 1345 404 1372 τοῦ
420 1345 608 1374 διδασκάλου
625 1345 686 1373 τῶν
696 1347 823 1375 παίδων.

181 1392 239 1425 Ιιςν.
263 1390 328 1418 Ἐὰν
347 1390 386 1426 μὴ
407 1391 551 1427 σπλάγχνα
567 1392 718 1428 οίκτιρμῶν
733 1394 782 1420 καὶ
798 1394 938 1430 πατρικὴν

111 1428 119 1432 ’
143 1437 266 1464 διάθεσιν
281 1437 341 1474 ἔχῃ,
354 1437 426 1464 ὥστε
452 1438 597 1474 ἐκτρέφειν
622 1439 657 1465 τὰ
675 1440 761 1474 νήπια
784 1441 813 1466 ὲν
828 1428 939 1475 παιδείᾳ

145 1483 194 1510 καὶ
207 1483 333 1519 νουθεσίᾳ
348 1483 464 1518 Κυρίου,
476 1484 650 1520 ίμειρόμενος
678 1485 768 1512 αὐτῶν
792 1485 863 1518 κατά
884 1485 939 1520 ψυ-

144 1529 198 1564 χὴν
220 1529 268 1556 καὶ
289 1528 360 1556 κατά
375 1529 468 1565 σῶμα,
490 1529 613 1562 θάλπων,
631 1531 679 1557 καὶ
691 1532 832 1565 περιέπων
847 1533 940 1560 πᾶσαν

144 1575 195 1610 την
218 1573 380 1610 σωματικὴν
395 1574 485 1601 αὐτῶν
512 1575 682 1611 ἐπιμέλειαν,
708 1577 761 1604 ἀνά
791 1577 937 1612 μετανοίας

145 1624 169 1656 ρ’
186 1641 194 1654 ,
218 1621 267 1648 καὶ
293 1620 484 1656 ξηροφαγείτω
499 1642 508 1657 ,
539 1621 556 1658 ἢ
591 1622 765 1658 ἀφοριζέσθω
801 1623 937 1660 ἑϐδομάδα

147 1667 223 1702 μίαν.
696 1684 699 1687 -

181 1712 235 1746 κζ’.
249 1711 343 1739 Πάντα
354 1712 466 1748 αἰσχρὸν
477 1712 557 1747 λόγον
584 1712 601 1748 ἢ
626 1713 816 1746 ὀνειδιστικὸν,
848 1713 937 1750 πάρεξ

143 1757 200 1783 ¹τῶν
215 1757 355 1793 ἀρχόντων
367 1757 415 1784 καὶ
431 1757 615 1790 παιδευτικιῖκ
632 1759 720 1785 ταῦτα
739 1758 906 1794 λαλούντων,
921 1761 936 1787 ὁ

144 1803 272 1840 ἐκφέρων
290 1803 320 1830 ὲν
336 1804 370 1839 τῇ
382 1803 557 1840 ἀδελφότητι,
579 1803 632 1831 ἀνὰ
648 1804 794 1839 μετανοίας
805 1808 839 1833 ν’.

374 1891 447 1926 Περὶ
469 1892 524 1920 τοῦ
547 1892 718 1928 κοιτμήινοιιν.Δ

181 1938 237 1972 λη’.
259 1937 323 1964 Ἐὰν
349 1938 386 1974 μὴ
399 1939 440 1969 δὶς
458 1938 508 1972 τῆς
521 1938 671 1974 ἑϐδομάδος
683 1940 774 1967 πᾶσαν
789 1940 840 1977 τὴν
852 1941 936 1977 μονὴν

145 1983 289 2020 φιλοκαλῇ,
308 1983 450 2018 μετάνοιαι
464 1984 497 2016 ν’,
512 1984 529 2020 ἢ
547 1985 748 2021 ξηροφαγείτω.

337 2071 408 2105 Περὶ
431 2071 486 2098 τοῦ
512 2071 703 2107 κανονάρχου
714 2073 740 2101 ιι.

180 2117 234 2151 ιβ’.
261 2117 325 2144 Ἑάν
340 2117 418 2153 παρά
434 2117 484 2153 τὴν
498 2118 658 2154 ὡρισμένην
673 2118 758 2155 ὥραν,
771 2120 856 2155 ἦγουν
886 2120 934 2147 τοῦ

145 2163 325 2198 μεσονυκτίου
340 2163 371 2189 τὸ
387 2162 560 2199 καθημέραν,
577 2165 624 2190 καὶ
637 2164 685 2191 τοῦ
699 2167 933 2202 προμεσονυκτίου

987 932 1040 959 tius
1054 934 1117 964 post
1144 936 1228 956 unum
1248 933 1294 955 aut
1315 928 1430 955 alterum
1453 928 1565 955 verbum
1590 928 1774 955 venditionem

984 976 1206 1012 emptionemque
1230 973 1338 1008 fecerit,
1359 977 1511 1002 metanceas
1535 975 1733 1010 quinquaginta
1751 979 1778 1002 et

985 1027 1064 1050 centu
1070 1029 1095 1049 m

1021 1069 1066 1097 95.
1079 1069 1108 1096 Si
1123 1069 1227 1104 absque
1245 1077 1365 1106 congrua
1375 1069 1551 1105 religiositate
1566 1067 1599 1095 dc
1610 1066 1778 1095 monasterio

986 1114 1159 1149 egressiones
1179 1114 1260 1142 faciat
1274 1135 1282 1148 ,
1304 1115 1433 1142 videlicet
1464 1113 1602 1149 precative
1632 1113 1777 1140 ambulan-

986 1158 1032 1192 do,
1055 1158 1177 1193 psalmos
1203 1159 1354 1190 recilando,
1372 1149 1518 1185 muliebres
1529 1162 1656 1192 aspectus
1670 1157 1779 1190 aliaque

986 1212 1057 1232 vana
1073 1205 1194 1235 vitando.
1210 1210 1239 1231 ut
1250 1210 1384 1240 quantum
1403 1204 1431 1231 in
1447 1204 1507 1239 ipso
1517 1209 1559 1230 est
1571 1202 1642 1230 Deus
1659 1203 1779 1230 horrore-

988 1253 1043 1281 uir.
1056 1257 1119 1277 cum
1137 1251 1320 1285 spectantium
1338 1249 1466 1282 utilitate,
1482 1248 1567 1276 aridis
1581 1251 1708 1276 vescatur
1722 1254 1778 1275 uno

988 1295 1042 1323 die.

1209 1341 1248 1368 De
1263 1349 1404 1377 puerorum
1419 1341 1557 1376 magirlro.

1025 1385 1069 1413 96.
1083 1385 1110 1412 Si
1127 1385 1234 1413 viscera
1250 1385 1446 1414 misericordiae
1454 1391 1481 1413 et
1492 1390 1635 1421 paternum
1651 1383 1777 1412 affectum

993 1439 1048 1459 non
1070 1432 1180 1463 habt-at,
1193 1437 1222 1459 ut
1238 1440 1337 1467 pueros
1347 1432 1492 1467 disciplina
1510 1436 1536 1458 et
1550 1431 1661 1458 monitis
1671 1422 1778 1458 Domin'i

990 1477 1099 1511 educet,
1117 1478 1234 1513 diligens
1260 1485 1356 1504 eorum
1371 1477 1479 1504 animas
1494 1476 1576 1504 simul
1604 1480 1632 1504 et
1650 1483 1777 1510 corpora,

990 1521 1097 1556 fovens,
1121 1531 1286 1558 omnemque
1307 1523 1476 1557 corporalem
1493 1530 1587 1549 curam
1606 1522 1777 1557 impendens,

990 1574 1142 1596 melanmas
1158 1574 1267 1596 centum
1288 1569 1382 1603 faciat,
1408 1574 1435 1596 et
1456 1569 1596 1597 aridorum
1623 1577 1671 1597 esu
1695 1576 1778 1605 atque

987 1615 1069 1642 unius
1094 1615 1270 1642 hebdomadas
1286 1615 1458 1650 separatione
1475 1615 1614 1651 puniatur.

1022 1703 1068 1732 97.
1090 1703 1247 1738 Quamlibet
1271 1708 1377 1739 turpem
1402 1709 1448 1731 aut
1465 1704 1692 1731 contumeliosum
1718 1711 1777 1731 scr-

987 1758 1108 1783 monem,
1130 1750 1252 1784 exceptis
1276 1749 1440 1785 praesulibus
1462 1754 1489 1777 et
1515 1750 1549 1777 iis
1563 1750 1775 1785 quicorrigendi

987 1804 1071 1823 causa
1091 1797 1132 1823 sic
1145 1794 1294 1829 aliquando
1305 1795 1466 1831 loquuntur,
1480 1795 1503 1823 si
1524 1797 1586 1832 quis
1601 1803 1693 1824 coram
1720 1796 1776 1824 ira-

989 1843 1117 1871 ternitate
1126 1843 1283 1878 protulerit,
1299 1849 1450 1871 metanceas
1469 1844 1666 1880 quinquaginta
1682 1844 1774 1873 faciat.

1294 1887 1333 1916 De
1347 1889 1467 1916 atriensi.

1022 1935 1068 1963 98.
1084 1935 1198 1963 Nisibis
1224 1934 1435 1962 iuhebdomada
1461 1940 1547 1962 totum
1575 1936 1774 1963 monasterium

986 1981 1171 2014 mandaverit,
1189 1985 1334 2009 metantem
1350 1981 1557 2017 quinquaginta,
1577 1982 1618 2009 vel
1634 1982 1775 2010 aridorum

986 2034 1035 2055 esu
1046 2026 1186 2062 puniatur.

1261 2072 1300 2100 De
1321 2073 1497 2101 canonorcha.

1022 2118 1066 2147 99.
1081 2118 1110 2146 Si
1128 2123 1226 2154 praeter
1244 2117 1383 2146 deﬁnitam
1414 2119 1521 2152 horam,
1548 2119 1574 2147 id
1596 2124 1639 2148 est
1664 2125 1774 2148 noctem

987 2164 1130 2191 dimidiam
1146 2163 1279 2198 quotidie,
1295 2168 1323 2190 et
1331 2168 1394 2191 ante
1408 2164 1550 2191 dimidium
1562 2166 1650 2194 noctis
1660 2166 1703 2193 die
1718 2167 1774 2193 Do-

142 2210 175 2236 τδ
187 2209 258 2236 κατά
270 2209 413 2245 Κυριακὴν
424 2210 474 2237 ὓπε
480 2209 624 2246 ρϐἀλλωνῆ
639 2211 781 2244 ἑλλείπων,
795 2213 845 2248 τὴν
857 2222 935 2240 πνευ-

998 2211 1104 2242 minico,
1128 2210 1265 2237 excedens
1281 2214 1328 2237 aut
1348 2210 1486 2242 minuens,
1510 2211 1661 2246 spiritalem
1679 2212 1772 2240 tubam

145 2256 265 2290 ματικὴν
279 2256 475 2292 καταφρονήσῃ
488 2255 637 2291 σάλπιγγα,
654 2257 705 2284 ἀνὰ
730 2259 875 2293 μετανοίας
898 2260 932 2294 λ’,

144 2303 192 2329 καὶ
207 2305 240 2335 ν’,
253 2302 301 2329 καὶ
320 2306 353 2337 ρ’.

180 2350 214 2383 ρ’.
233 2348 297 2374 Ἐὰν
312 2348 350 2383 μὴ
368 2348 458 2376 πᾶσαν
472 2347 548 2384 ὥραν
573 2348 765 2385 λιιτουργικὴν
794 2350 932 2386 ὲγκαίρως

145 2393 278 2430 σημαίνῃ,
294 2394 343 2430 τὴν
362 2393 532 2430 ἀδελφότητα
545 2394 646 2426 καλῶν,
661 2395 802 2430 μετάνοιαι
818 2394 853 2430 ρ’.

180 2484 232 2517 pa’.
255 2480 318 2508 Ἐὰν
332 2480 494 2516 καταληφθῇ
508 2480 579 2508 κατά
589 2481 756 2517 πρόσκλησιν
771 2482 788 2518 ἢ
810 2481 934 2517 προαπά-

143 2527 220 2554 ὑειαν
234 2527 382 2554 εἰσϐάλλων
402 2527 528 2562 ἀδελφὺν,
545 2528 573 2554 εῖ
600 2536 630 2554 τι
661 2528 730 2564 πρὸς
761 2528 932 2563 κατάγνωσιν

142 2574 160 2609 ἢ
190 2574 239 2600 καὶ
252 2573 424 2608 ἀποστερῶν,
440 2573 457 2609 ἢ
473 2573 520 2600 καὶ
546 2573 783 2610 ὑπερ-πλεονάζων,
811 2573 933 2609 ξηροφα-

143 2627 174 2654 γε
179 2619 237 2646 ίτω.

180 2664 233 2701 ρβ’.
253 2663 317 2692 Ἐὰν
332 2664 370 2701 μὴ
387 2665 438 2699 τὴν
448 2664 563 2692 δέουσαν
585 2665 745 2700 ἐπιμέλειαν
770 2666 818 2692 καὶ
847 2665 932 2692 καθα-

144 2711 273 2747 ρειότητα
289 2711 458 2738 ἐνδείκνυται
472 2711 502 2738 ὲν
512 2712 570 2742 τοῖς
585 2711 788 2746 πρωτολογίοις,
805 2710 847 2743 εἷς
856 2720 886 2737 τε
897 2711 932 2738 τὰ

143 2757 277 2784 κοντάκια
293 2758 334 2789 ιίς
349 2757 466 2784 ἕκαστον
483 2756 585 2793 βιϐλίον
599 2757 614 2783 ὃ
636 2757 792 2793 ἐπικρατεῖ,
807 2757 881 2788 ὅπως
893 2756 931 2792 μὴ

984 2256 1144 2291 neglexerit,
1161 2260 1311 2283 metamus
1339 2256 1450 2291 triginta
1471 2260 1498 2284 et
1521 2257 1721 2293 quinquaginta
1745 2263 1772 2286 et

984 2307 1106 2330 centum.

1021 2348 1083 2376 {00.
1097 2347 1155 2375 Nisi
1174 2355 1284 2376 omnem
1298 2348 1394 2375 horam
1411 2348 1565 2383 liturgicam
1581 2353 1702 2384 tempore
1719 2358 1770 2378 suo

986 2393 1182 2427 designaverit,
1224 2392 1425 2421 fraternitatem
1464 2394 1598 2427 vocando,
1620 2399 1773 2423 metanmas

984 2443 1104 2467 centum.

1022 2484 1085 2512 101.
1106 2484 1135 2512 Si
1159 2485 1183 2512 is
1208 2485 1428 2520 deprehendatur
1452 2486 1546 2514 favore
1562 2491 1610 2514 aut
1640 2487 1771 2522 peculiari

986 2531 1085 2558 aﬂ‘ectu
1103 2531 1214 2558 fratrem
1232 2531 1378 2566 prosequi,
1398 2532 1439 2559 vel
1451 2533 1533 2559 etiam
1549 2533 1707 2568 improbare
1720 2534 1771 2561 mi-

984 2584 1037 2605 nus
1051 2581 1100 2604 aut
1116 2577 1178 2612 plus
1189 2584 1278 2612 aquo,
1294 2577 1380 2604 aridis
1398 2582 1534 2606 vescatur.

1022 2663 1083 2691 102.
1102 2662 1131 2690 Si
1143 2663 1260 2691 debitam
1276 2670 1372 2690 curam
1386 2667 1413 2690 et
1433 2663 1593 2690 munditiem
1612 2671 1667 2691 non
1692 2663 1770 2691 adhi-

984 2710 1076 2737 huerit
1092 2710 1119 2737 in
1145 2709 1318 2744 protologiis,
1340 2714 1367 2738 et
1390 2717 1453 2746 erga
1479 2710 1615 2743 contacia,
1644 2715 1672 2737 et
1695 2710 1768 2737 circa

985 2756 1111 2792 quemvis
1126 2756 1225 2784 librum
1242 2756 1390 2791 possideat,
1414 2756 1561 2792 quominus
1583 2756 1709 2792 depereat
1727 2764 1756 2784 ve

177 2856 194 2877 ι
211 2855 312 2884 Confer
328 2855 442 2884 Studitae
449 2863 559 2885 carmen
576 2855 616 2890 X;
634 2855 672 2884 De
684 2855 856 2885 canonarcha
871 2855 954 2888 Goar,
975 2863 1004 2890 p.
1019 2855 1065 2889 93,
1079 2855 1259 2891 etCangium.
