1925 3088
160 140 227 173 Ῑῖιτ

754 141 783 170 S.
803 139 1002 171 THEODORI
1016 140 1191 172 STUDI’I‘M

1720 140 1787 173 1148

157 198 306 233 iactatione
331 201 542 235 praeeutorum,
563 198 605 225 vel
630 205 663 225 ex
693 197 867 233 impendente
880 197 948 225 lant-

1021 199 1136 234 χρειωθῇ
1142 198 1159 234 ἢ
1166 199 1199 225 ὲκ
1205 197 1286 225 σάλου
1293 197 1348 225 τῶν
1354 197 1604 234 κανοναρχούντων,
1613 197 1630 233 ἢ
1641 196 1671 231 ἐξ
1679 197 1792 225 ἐπιστα-

158 243 237 278 pade,
252 243 294 271 vel
314 243 462 271 cerotnatis
481 243 624 277 eil'usione,
643 243 686 270 vel
710 243 838 271 sordibus
854 247 883 270 et
900 250 948 271 su-

156 290 223 317 dore
237 297 348 322 manus,
361 293 452 317 rectus
467 294 521 317 stet
532 295 608 317 extra
622 290 734 325 januam
751 289 876 317 triclinii.

200 336 263 363 105.
277 335 306 362 Si
327 335 461 362 lecturum
478 335 520 362 vel
545 335 666 370 psalmos
692 339 866 362 cantaturum
892 341 947 362 non

157 383 366 420 pt-aamonuerit,
390 386 421 409 ut
433 386 546 417 paratus
571 382 774 417 meditatusque
790 381 825 409 ad
844 381 949 409 alteru-

157 436 225 458 tratn
241 437 298 457 rem
314 428 435 461 accedat,
451 433 602 456 metauoeas
617 428 724 463 viginti,

194 475 255 503 104.
274 474 303 502 Si
317 475 380 510 quis
396 482 484 501 canon
499 482 553 502 non
576 474 661 502 fuerit
685 478 814 502 cantatus
837 473 950 509 proprio

157 521 210 554 die,
225 525 377 549 tnetanmas
392 525 514 547 centum.

452 565 493 593 De
507 565 657 593 taxiarcha.

194 614 257 642 105.
268 612 326 641 Nisi
340 616 444 640 rectum
458 611 585 639 ordinem
597 611 662 646 ,ipse
680 611 786 646 printus
800 611 950 644 custodiat,

159 661 258 688 deinde
285 666 336 694 pro
364 658 408 686 sui
427 657 509 685 officii
542 661 674 692 potestate
692 658 820 685 eumdem
845 658 873 685 in
889 658 951 685 uni-

159 714 239 735 versa
257 705 430 733 fraternitate
454 704 581 736 retineat.
595 708 622 731 et
651 704 704 731 nisi
729 711 826 731 omnes
848 711 950 732 conve-

160 753 272 780 nienter
291 750 319 778 in
332 750 417 777 choro
429 749 570 784 disponat.
584 754 611 776 et
625 748 653 775 in
671 749 768 783 primis
783 755 950 784 opportune,

160 805 208 833 pro
217 800 307 829 aetate,
326 795 434 830 peritia,
455 798 483 822 et
506 794 582 822 vocis
600 794 744 821 harmonia
760 802 767 826 ;
801 799 951 823 metanasas

160 843 243 872 faciat
258 841 382 877 triginta,
398 845 426 868 et
444 839 655 876 quinquaginta,
675 844 831 867 etcentum.

1002 243 1061 275 σίας
1068 243 1235 279 κανδήλας,ἥ
1244 243 1275 276 ἐξ
1281 243 1420 279 ὲκχύσεως
1425 252 1460 279 κη
1465 243 1574 280 ραψίας,
1583 243 1600 278 ἢ
1607 244 1639 270 ὲκ
1650 243 1737 279 ῥύπου
1744 243 1792 270 καὶ

1002 289 1162 325 ἱδρωμὰτων
1168 289 1269 325 χειρὸς,
1277 290 1486 325 παραστάσιμον
1493 291 1522 317 ὲν
1528 291 1579 325 τῇτ
1592 289 1700 326 ραπέζῃ
1707 289 1770 322 ἐξω.

1037 337 1091 370 ργ’.
1119 335 1182 361 Ἐὰν
1196 334 1259 370 [μὴ]
1268 335 1389 370 προλέγῃ
1399 335 1439 370 τῷ
1455 335 1579 370 μέλλοντι
1593 333 1792 369 ἀναγινώσκειν

1002 380 1019 415 ἢ
1036 380 1161 415 ψάλλειν,
1175 380 1213 412 ὡς
1226 380 1501 416 προκατηρτισμένον
1514 378 1585 407 εῖναι
1599 380 1647 408 καὶ
1665 380 1793 416 διεσκεμ-

1005 426 1085 462 μένον
1103 426 1142 457 είς
1155 426 1285 462 ἑκάτερα,
1302 426 1355 453 ἀνὰ
1371 426 1516 460 μετανοίας
1526 425 1560 454 κ’.

1041 469 1088 506 ρδ’.
1109 470 1173 497 Ἐὰν
1186 470 1324 506 ἁπομείνῃ
1347 469 1439 497 κανὼν
1460 470 1499 506 μὴ
1514 470 1629 505 ψαλθεὶς
1655 470 1727 498 κατὰ
1744 470 1794 505 τὴν

1003 516 1116 544 δέουσαν
1127 516 1248 552 ἡμέραν,
1266 516 1407 552 μετάνοιαι
1422 519 1454 551 ρ’.

1219 561 1290 596 Περὶ
1311 561 1365 589 τοῦ
1376 561 1539 596 ταξιάρχου
1557 563 1581 590 Ι.

1040 606 1090 643 ρε’.
1107 607 1203 634 Πᾶσαν
1213 607 1341 640 εὐταξίαν
1355 608 1380 634 εί
1403 607 1441 643 μὴ
1458 608 1598 642 φυλάττοι.
1618 608 1726 644 πρῶτον
1742 609 1794 636 αὒ-

1004 655 1060 687 τὸς,
1073 654 1170 681 ἔπειτα
1183 654 1216 680 δι’
1229 653 1353 686 ἐξουσίας
1365 654 1415 689 τῆς
1427 654 1533 686 οἰκείας
1549 655 1686 686 διακονίας
1703 664 1795 691 παρα-

1003 701 1074 736 τηρῇ
1091 701 1139 727 καὶ
1155 700 1185 727 ὲν
1201 699 1276 736 πάσῃ
1294 701 1328 735 τῇ
1343 699 1516 735 ἀδελφότητι,
1529 699 1600 726 ὥστε
1620 703 1796 736 χοροστατεῖν

1005 747 1106 778 αὐτοὺς
1116 747 1254 782 ἁρμοδίως
1262 766 1270 779 ,
1288 746 1337 773 καὶ
1351 746 1468 782 μάλιστα
1479 747 1508 773 ὲν
1520 746 1611 782 καιρῷ
1620 747 1796 782 καταλλήλως

1005 793 1075 827 πρὸς
1092 792 1200 828 ἡλικίαν
1214 792 1263 820 καὶ
1276 793 1326 824 τὰς
1337 792 1456 827 εἰδήσεις
1473 792 1523 819 καὶ
1533 792 1584 825 τὰς
1613 793 1796 829 εὑφωνήσεις,

1004 838 1060 866 ἀνὰ
1074 839 1107 871 λ’,
1122 838 1169 866 καὶ
1185 841 1218 871 ν’,
1235 838 1283 866 καὶ
1298 841 1321 875 ρ’
1336 838 1492 874 μετανοίας.

195 889 259 918 106.
278 888 337 916 Nisi
362 887 538 915 matriculam
565 886 662 914 sedulo
689 889 794 916 teneat,
825 890 855 913 ut
885 885 956 913 sciat

1024 901 1032 909 .
1043 887 1099 921 pg‘.
1120 885 1184 911 Ἐὰν
1200 884 1279 920 μὴτὸ
1292 884 1437 920 ματρίκιον
1467 886 1556 920 κρατῇ
1582 885 1730 918 ἐπιπόνως,
1756 885 1798 917 είς

162 935 389 970 uniuscujusque
402 933 529 969 gradum,
553 936 581 959 et
604 932 689 959 totius
707 931 887 959 fraternitatis
904 940 956 959 nll-

162 981 279 1015 merum,
292 981 410 1016 ideoque
420 979 538 1015 negligat
547 977 691 1006 defunctos
701 977 855 1013 signiﬁcare
863 982 957 1012 proto-

161 1028 279 1056 diaeono
295 1028 341 1062 qui
359 1029 444 1062 ponat
466 1025 493 1052 in
518 1023 656 1060 diptycltis
686 1031 693 1050 :
718 1028 746 1050 et
771 1023 794 1050 si
819 1024 865 1058 qui
887 1024 956 1050 iusi-

162 1075 270 1110 pieuter
287 1072 460 1108 din‘ugerint,
470 1078 519 1099 eos
543 1069 692 1105 quaerendo
715 1077 768 1097 non
783 1074 875 1098 teneat
889 1078 898 1103 ;
914 1069 957 1097 vel

162 1122 186 1149 si
202 1120 268 1156 quid
285 1119 361 1147 aliud
385 1116 548 1154 hujusmodi
561 1116 700 1149 inciderit,
717 1120 871 1144 metanteas
890 1123 956 1144 cen-

162 1173 220 1195 tum
235 1166 327 1194 faciat.

199 1213 263 1240 107-.
273 1212 302 1240 Si
316 1219 395 1239 sacra
405 1209 491 1238 divini
500 1209 820 1238 sacriﬂciiinstrumenta
830 1215 884 1236 non
893 1215 957 1236 cutn

164 1261 266 1287 timore
279 1262 307 1286 et
321 1263 441 1286 tremore
468 1260 633 1289 contrectet,
651 1256 687 1284 ita
711 1262 742 1284 ut
760 1262 811 1283 suo
835 1259 959 1290 tempore

164 1304 353 1332 venerabilem
369 1310 494 1331 mensam
518 1303 629 1335 vestiat,
644 1310 696 1330 nec
714 1309 768 1329 non
783 1306 881 1329 caetera
903 1301 959 1336 spi-

165 1350 258 1378 uitalia
284 1349 404 1384 liturgiae
432 1349 552 1381 cimelia.
578 1353 606 1376 et
628 1349 681 1376 nisi
711 1348 794 1383 plicet
819 1355 959 1383 superque

166 1396 292 1431 imponat
321 1399 489 1431 tegumenta,
509 1398 662 1422 metanuaas
689 1394 814 1428 triginta,
831 1399 858 1422 et
876 1394 960 1429 quin-

140 1470 142 1472 .
165 1443 308 1479 quaginta.

476 1487 516 1515 De
538 1492 648 1515 textore.

1006 930 1038 958 τὸ
1052 930 1151 957 εἰδέναι
1165 930 1226 962 ἐνὸς
1241 930 1358 957 ἑκάστου
1373 929 1421 956 τὸν
1434 929 1550 966 βαθμὸν,
1560 931 1608 958 καὶ
1619 930 1665 957 τὸν
1679 930 1798 967 ἀριθμου

1006 977 1056 1012 τῆς
1081 971 1146 1011 ὅλης
1164 975 1356 1012 ἀδελφότητος,
1375 976 1419 1002 ῐνα
1430 977 1493 1007 τοὺς
1504 976 1723 1012 κεκοιμημένους
1741 985 1798 1002 πα-

1009 1022 1154 1058 ραπέμψαι
1166 1022 1355 1058 ἐγγράφεσθαι
1364 1022 1403 1057 τῷ
1418 1022 1630 1058 πρωτοδιακὸνῳ
1642 1023 1671 1049 ὲν
1688 1024 1745 1054 τοῖς
1760 1023 1800 1050 δι-
1837 1042 1839 1044 -

1007 1068 1122 1104 πτύχοις
1134 1076 1142 1084 ·
1156 1068 1219 1100 τοὺς
1236 1069 1258 1095 δ’
1274 1067 1304 1100 ἐξ
1320 1067 1448 1099 ἀϐουλίας
1463 1068 1671 1104 ὑποδράσαντας
1691 1068 1737 1095 διὰ
1752 1069 1801 1105 ζη-

1007 1115 1114 1151 τήσεως
1128 1115 1251 1150 κατέχοι,
1263 1114 1312 1141 καὶ
1326 1114 1352 1141 εί
1363 1122 1391 1140 τι
1404 1113 1468 1141 ἄλλο
1498 1114 1648 1147 ἑπιὸάλλοι,
1669 1115 1721 1142 ἀνὰ
1750 1124 1802 1150 με-

1007 1161 1118 1192 τανοίας
1137 1163 1170 1195 ρ’.

1045 1206 1097 1242 ρξ’.
1118 1206 1182 1234 Ἐὰν
1196 1206 1235 1242 μὴ
1247 1206 1281 1234 τὰ
1297 1199 1363 1242 ιερὰ¹
1375 1205 1424 1233 καὶ
1436 1206 1496 1233 θεῖα
1512 1205 1674 1242 ἀναθύματα
1692 1206 1700 1232 i
1731 1207 1804 1242 μετὰ

1009 1252 1093 1287 φόὃου
1109 1253 1156 1280 καὶ
1171 1253 1274 1289 τρόμου
1290 1252 1501 1293 διαχειρίζηται,
1512 1252 1584 1279 ὥστε
1601 1252 1652 1284 τὰς
1661 1253 1732 1279 κατὰ
1743 1261 1804 1279 και-

1011 1299 1057 1336 ρδν
1074 1299 1234 1332 ὑπενδύσεις
1248 1299 1383 1326 ποιεῖσθαι
1406 1298 1457 1334 τῆς
1486 1298 1561 1329 θείας
1584 1298 1725 1334 τραπέζης
1754 1299 1804 1326 καὶ

1009 1343 1064 1371 τῶν
1095 1345 1182 1372 ἄλλων
1201 1344 1395 1380 πνευματικῶν
1423 1342 1603 1380 ιερουργικῶν
1631 1344 1802 1379 κειμηλίων·

1010 1390 1060 1416 καὶ
1078 1391 1103 1417 εί
1127 1390 1165 1426 μὴ
1180 1390 1271 1416 διπλοῖ
1283 1389 1331 1416 καὶ
1347 1389 1456 1425 τίθησιν
1483 1389 1688 1424 ὲπισπάστρας,
1715 1390 1804 1424 μετά-

1009 1444 1080 1464 νοιαι
1098 1438 1132 1470 λ’,
1148 1436 1196 1463 καὶ
1208 1435 1241 1463 ν’.

1239 1481 1311 1516 Περὶ
1340 1481 1396 1509 τοῦ
1422 1481 1571 1516 ὐφάντου.

205 1534 267 1562 108.
284 1533 344 1562 Nisi
359 1534 418 1570 ipse
434 1534 541 1570 primus
555 1541 635 1561 mane
647 1533 794 1562 distribuat
813 1532 959 1568 unicuique

1049 1531 1101 1563 ρη’.
1125 1527 1188 1555 Ἐὰν
1203 1527 1241 1564 μὴ
1256 1529 1270 1554 ἡ
1286 1528 1396 1564 πρῶτος
1420 1528 1530 1564 ἐπιδιδῷ
1557 1528 1679 1563 πρωῖθεν
1695 1529 1807 1564 ἑκάστῳ

167 1588 296 1616 pensum,
314 1581 417 1616 detque
426 1587 538 1616 operam
553 1588 588 1607 ne
599 1580 662 1616 quis
676 1580 723 1607 tiat
742 1580 847 1607 abusus
865 1579 892 1606 in
905 1579 963 1606 vol-

168 1627 274 1655 lt-ribus
289 1631 317 1654 et
340 1626 428 1654 laneis
451 1626 630 1660 staminibus,
657 1631 810 1654 mctanmas
826 1626 963 1660 quinqua-

167 1672 253 1707 ginta.

204 1717 265 1745 109.
283 1717 311 1745 Si
324 1717 516 1753 perincuriam
529 1717 682 1753 praeciderit
704 1717 856 1751 sttbtemen,
870 1717 911 1745 vel
924 1718 963 1746 ira

134 1779 135 1782 η
169 1768 323 1792 commotus
332 1763 466 1799 pectinem
474 1763 748 1800 fregerit,metan(eas
755 1765 962 1800 quinquaginta.

205 1810 269 1837 110.
296 1809 355 1837 Nisi
377 1810 506 1837 decenter
532 1814 663 1837 taxantur
684 1810 794 1843 tunicae,
809 1815 917 1838 servata
936 1811 963 1838 in

169 1855 288 1884 texendo
316 1860 344 1883 et
368 1855 483 1883 ﬁmbriae
497 1855 646 1887 densitate.
672 1860 700 1883 et
735 1856 771 1882 [ili
794 1856 962 1891 aequalitate,

168 1907 197 1930 et
211 1909 311 1930 manus
325 1902 455 1938 puritate,
474 1906 628 1930 tnetanceas
653 1901 853 1937 quinquaginta
864 1899 962 1930 iaciat.

169 1989 206 2020 ιι.
233 1989 406 2026 Quotidianae
433 1990 621 2018 monachorum
647 1999 729 2026 paena:
758 2000 774 2019 a
797 1992 964 2020 sanctissimo

286 2025 369 2053 Patre
387 2031 477 2053 nostro
493 2026 629 2055 Theodoro
646 2025 819 2063 prwscriptw.

226 2105 253 2133 Ι.
270 2105 310 2134 De
323 2106 452 2134 monacho
466 2114 573 2134 carnem
587 2107 657 2134 clam
673 2107 822 2136 comedent:
835 2114 914 2136 extra

474 2142 669 2177 inﬁrmitatem.

207 2187 259 2222 Qui
277 2195 389 2216 carnem
400 2188 472 2216 clam
485 2188 636 2216 comederit
646 2190 751 2224 absque
766 2190 928 2218 necessitate
937 2197 964 2218 et

1014 1573 1045 1600 τδ
1056 1573 1147 1609 ἔργον,
1156 1574 1204 1600 καὶ
1216 1573 1343 1608 φυλάττοι
1351 1573 1430 1600 τοῦτο
1441 1573 1478 1609 μὴ
1489 1573 1617 1608 γενέσθαι
1631 1574 1808 1610 παράχρησίν

1013 1628 1076 1648 τινα
1099 1619 1128 1647 ἐν
1140 1628 1170 1646 τε
1186 1620 1241 1651 τοῖς
1259 1619 1343 1654 ἐρίοις
1358 1619 1406 1646 καὶ
1416 1620 1471 1650 τοῖς
1482 1619 1684 1655 ὲριουργηθεῖσι
1700 1623 1807 1656 στήμο-

1015 1673 1068 1697 σιν,
1092 1665 1144 1692 ἀνὰ
1175 1665 1320 1699 μετανοίας
1346 1667 1380 1691 ν’.

1051 1711 1102 1746 ρθ’.
1111 1710 1173 1738 Ἐὰν
1184 1710 1214 1743 ἐξ
1221 1709 1352 1745 ἀμελείας
1361 1709 1476 1746 διακόψῃ
1484 1710 1608 1746 τροιὰν,ἢ
1617 1711 1648 1737 ὲκ
1657 1711 1745 1746 θυμοῦ
1753 1720 1809 1738 κα-

1014 1757 1049 1784 τὰ
1059 1757 1110 1792 τῆς
1116 1756 1241 1792 κερκίδος
1249 1755 1371 1791 κινηθεὶς
1379 1756 1513 1791 συντρίψῃ
1522 1756 1766 1792 αὑτὴν,μετάνοιαι
1774 1760 1808 1785 ν’.

1052 1805 1095 1839 ρι’.
1119 1803 1182 1829 Ἐὰν
1198 1802 1238 1839 μὴ
1254 1802 1415 1838 πρεπόντως
1429 1802 1585 1836 ὑφαίνοιντο
1593 1803 1617 1828 οι
1632 1802 1744 1838 χιτῶνες
1756 1812 1810 1830 πα-

1016 1847 1228 1884 ρατηρουμένης
1250 1848 1279 1874 ἐν
1296 1848 1330 1883 τῇ
1346 1848 1467 1884 ὑφανσίᾳ
1487 1848 1535 1875 καὶ
1565 1847 1690 1883 λώματος
1717 1849 1811 1876 στιϐα-

1016 1894 1128 1929 ρόσητος
1152 1894 1198 1920 καὶ
1226 1894 1372 1929 ίσονημίας
1396 1894 1444 1920 καὶ
1471 1893 1694 1930 καθαροχειρίας,
1722 1896 1810 1930 μετὰ-

1016 1949 1087 1968 νοιαι
1114 1940 1154 1976 (5)
1180 1940 1362 1975 πεντήκοντα.

1016 1997 1054 2025 Β’.
1072 1996 1115 2036 Τᾲ.
1128 1997 1310 2036 καθημερινὰ
1326 1997 1458 2036 squ-Qua
1470 1997 1507 2036 (6)
1522 1996 1741 2036 uitat-7110141161»-
1760 1999 1812 2036 ἐξι-

1051 2032 1173 2069 τεθέςνῖα
1202 2032 1283 2066 παρὰ
1311 2032 1365 2058 τοῦ
1392 2032 1558 2059 ὀσιωτάτου
1583 2032 1698 2067 [Ιατρὸξ
1723 2034 1813 2069 ἡμῶν

1052 2067 1214 2101 Θεοδώρου.

1015 2117 1052 2141 α’.
1076 2112 1292 2148 Περὶμοναχοῦ
1311 2112 1470 2146 ἐσθίοντος
1499 2112 1571 2147 κρέα
1584 2112 1692 2147 λάθρα,
1718 2114 1812 2148 ἐκτὸς

1322 2148 1494 2181 ἀσθενείας.

1058 2195 1088 2222 '0
1103 2195 1174 2231 κρέα
1192 2194 1407 2231 λαθροφαγήσας
1429 2195 1508 2227 ἐκτὸς
1524 2195 1648 2230 ἀνάγκης
1673 2196 1719 2222 καὶ
1733 2196 1814 2224 εὐλο-

172 2235 282 2262 abbatis
301 2234 499 2266 benedictione,
517 2235 540 2262 is
556 2236 704 2264 obsonium
721 2241 770 2264 aut
794 2244 845 2264 ova
858 2242 905 2265 aut
919 2246 959 2265 ca-

1021 2241 1079 2275 γίας
1092 2228 1139 2267 τοί)
1154 2228 1272 2275 Πατρὸς,
1286 2228 1410 2274 ὀψάριον,
1427 2239 1541 2276 ἢώὺν,ἢ
1552 2228 1632 2275 τυρὸν
1647 2240 1684 2276 μὴ
1697 2241 1813 2267 ἐσθιέτω

172 2289 250 2308 seum
281 2288 330 2316 per
342 2280 401 2308 dies
416 2280 597 2315 quadraginta
608 2288 662 2308 non
676 2282 809 2309 comedat.
825 2282 963 2317 Scriptum

171 2333 214 2355 est
227 2327 300 2354 enim
311 2336 318 2354 :
337 2326 372 2354 Et
400 2326 492 2354 carnis
505 2335 597 2353 curam
619 2335 650 2354 ne
662 2327 779 2362 feceritis
791 2328 826 2354 ad
841 2329 965 2364 concupi-

171 2372 300 2399 scentiam
311 2371 333 2387 ¹⁰
349 2371 400 2406 (8).

205 2418 228 2434 "
250 2417 331 2445 Rom.
347 2425 408 2449 xttt.
426 2417 473 2448 Η.

176 2477 184 2496 ι
203 2463 306 2491 Confer
326 2462 442 2491 Studilae
453 2470 538 2490 carm.
554 2469 592 2489 ΣΙ.
631 2461 640 2486 i
656 2460 693 2488 lta
706 2461 797 2494 codd.,
813 2462 846 2489 θυ
863 2471 916 2490 non
931 2463 968 2493 θε.

1017 2286 1125 2322 ὴμέρας
1140 2289 1176 2321 μ’·
1186 2286 1341 2320 γέγραπται
1350 2285 1415 2320 γάρ·
1422 2286 1477 2313 Καὶ
1484 2285 1539 2321 τῆς
1545 2288 1658 2321 σαρκὸς
1666 2288 1814 2322 πρόνοιαν

1015 2332 1059 2368 μὴ
1070 2331 1182 2359 ποιεῖτε
1195 2333 1240 2364 εις
1250 2331 1410 2367 ἐπιθυμίαν
1418 2332 1469 2368 (7).

930 2511 1048 2540 ΝοτΑς.
1061 2505 1067 2515 ’

209 2557 249 2592 (5)
268 2557 339 2591 Quid
367 2557 404 2586 sit
430 2561 579 2589 matanma,
597 2555 675 2592 satis
698 2555 778 2592 docet
799 2557 919 2585 Goarius
934 2558 961 2585 in

174 2590 344 2628 Euclioiogio
368 2601 398 2628 p.
414 2593 459 2625 to.
477 2599 575 2627 nempe
596 2590 670 2628 illam
687 2599 707 2628 a_
720 2590 832 2628 Graecis,
847 2601 963 2628 praeser-

173 2628 224 2656 tim
245 2626 401 2660 ttionachis.
422 2628 524 2664 duplici
541 2626 708 2664 inodo__ii_eri
724 2635 731 2652 :
750 2627 790 2654 vel
821 2626 905 2659 enim.
922 2629 965 2656 itt-

174 2664 245 2699 quit,
258 2671 307 2691 ore
319 2661 501 2698 manibusque
514 2661 700 2699 terraeqatllxis,
715 2670 776 2689 cum
789 2670 906 2697 genuum
923 2665 965 2690 in-

174 2697 293 2727 ﬂexione
306 2697 522 2735 pt'ofundissime
538 2697 708 2735 inclinantur
721 2701 749 2724 et
765 2699 964 2735 procumbunt,

174 2740 202 2762 et
225 2739 293 2762 tunc
307 2732 350 2763 cst
372 2734 502 2770 μετάνοια
524 2732 643 2769 μεγάλη.
661 2739 726 2770 quae
737 2733 820 2759 etiam
845 2735 965 2770 στρῳτή.

175 2770 206 2797 Si
215 2777 279 2797 vero
292 2767 382 2798 minus
396 2777 497 2805 corpus
511 2767 662 2805 inﬂectaut,
674 2767 774 2795 dicitur
788 2767 885 2804 μικρὰζ
897 2767 966 2796 Cum

175 2806 347 2841 veroplurcs
375 2802 560 2841 persolvunt,»
574 2802 702 2841 ultitnas_
718 2810 824 2841 semper
840 2802 968 2841 "minores

175 2845 199 2867 ct
214 2837 333 2903 nrtiimres
352 2837 467 2874 t'a'ciunt,
480 2839 618 2874 simulque
632 2837 834 2867 oratiunculam
848 2840 966 2876 aliquant

175 2882 225 2903 pro
236 2880 324 2903 erunt.

175 2880 324 2910 proteram.

1054 2559 1071 2586 6
1087 2559 1127 2587 De
1142 2559 1300 2587 Graecorum
1317 2561 1451 2595 epitimiis
1472 2567 1562 2591 exstat
1580 2563 1612 2591 L.
1637 2564 1729 2591 Allatii
1757 2572 1813 2591 non

1017 2595 1100 2629 longa
1125 2595 1243 2629 epistola
1262 2596 1294 2623 ad
1310 2594 1374 2624 Job.
1389 2596 1525 2626 Morinum
1539 2600 1611 2626 inter
1632 2600 1813 2627 miscellanea

1018 2630 1183 2667 Baluaij_etl.
1202 2638 1266 2658 nov.
1284 2635 1303 2657 t.
1319 2630 1364 2662 Ill.
1377 2639 1404 2667 p.
1421 2632 1483 2660 “5.

1056 2665 1094 2700 (7)
1113 2664 1195 2706 \fides
1211 2673 1325 2706 novum,
1340 2664 1425 2694 imino
1438 2668 1570 2706 alienum,
1592 2668 1699 2706 Paulini
1714 2675 1815 2706 textus

1020 2701 1192 2741 propositum
1207 2708 1222 2727 a
1234 2701 1340 2742 Studita
1350 2710 1472 2744 sensum.
1488 2704 1578 2766 iConl'.
1592 2706 1624 2732 ad
1637 2704 1697 2732 Gal.
1714 2704 1744 2731 V.
1758 2705 1814 2745 16.)

1020 2735 1108 2763 ῦνωει
1122 2736 1384 2775 qtttdettt_objtc1unt
1395 2740 1605 2775 nobtsﬂ.attnts.
1622 2741 1694 2775 quod
1723 2747 1812 2767 nostri

1021 2772 1150 2810 monachi
1161 2771 1291 2810 carnibus
1304 2779 1461 2810 vescantur.
1473 2774 1585 2802 Mal‘tctl.
1596 2771 1702 2803 Cotum.
1713 2784 1739 2810 p.
1751 2776 1814 2803 55L

1059 2805 1098 2841 (8)
1110 2806 1210 2834 Confer
1224 2808 1434 2836 constitutiones
1448 2809 1608 2838 Studitanas
1623 2819 1651 2838 n.
1667 2805 1815 2838 ﬁfﬁtimn

1021 2842 1207 2882 cogitationes
1222 2843 1386 2882 monachum
1401 2845 1494 2882 abbati
1498 2853 1557 2882 suo
1569 2846 1692 2875 revelare
1702 2847 1816 2875 mandat

1023 2876 1052 2904 ὃ.
1069 2876 1207 2906 Benedicti
1221 2877 1324 2914 Regula
1336 2886 1397 2915 cap.
1412 2880 1438 2909 4.
1454 2884 1483 2909 et
1495 2881 1522 2909 ’1.
