1925 3088
168 144 232 180 1751

205 205 249 232 13.
264 203 316 237 Qui
333 206 479 238 postquam
496 201 522 228 in
537 205 630 228 sancla
658 201 866 236 quadragesima
882 199 954 233 jcju-
969 201 995 231 Α

169 251 284 282 naverit,
303 249 369 277 feria
394 256 492 283 magna
518 248 625 283 quinta,
650 247 836 275 distinctionis
858 253 951 278 causa,

166 297 304 332 jrjunium
330 295 454 329 solverit,
480 294 504 322 is
526 299 610 321 totam
639 293 802 320 dehonestat
831 295 957 320 sanclam

166 342 414 378 quadragesitnam.

203 388 247 417 M.
264 387 292 414 Si
318 388 479 422 ignoranter
493 386 686 414 antimensiurn
699 385 784 413 lotum
798 384 892 417 fuerit,
902 392 955 412 non

167 434 320 470 polluitur;
338 433 403 469 quia
419 433 445 460 in
465 433 527 468 ipso
543 431 726 460 sanctificatio
743 437 853 465 manet;
869 438 957 466 neque

167 488 211 508 res
222 487 313 512 sacra,
328 479 358 506 ιιι
371 477 496 514 profana.

202 526 247 554 15.
266 525 294 552 Si
307 526 370 560 quis
398 524 530 552 sacerdos
556 527 618 558 post
636 524 749 551 missam
769 523 913 554 vomuerit,
932 522 955 550 si

166 574 218 600 lmc
239 572 275 599 ob
288 571 427 606 crapulam
440 570 464 597 ei
478 570 602 605 contigit,
625 570 722 597 diebus
737 569 854 604 integris
874 575 954 596 sexa-

166 618 239 652 ginta
255 617 292 645 sit
307 620 396 644 'extra
410 616 644 646 communionem.
671 615 811 650 jejunans.
838 618 864 641 et
882 614 956 641 mille

165 663 290 698 quotidie
313 667 464 690 mctanuaas
485 661 599 689 faciens:
625 661 668 688 sin
689 665 785 688 contra
808 668 842 687 ex
862 660 955 694 aliqua

165 708 324 736 Valetudine
347 707 372 734 id
402 714 500 741 passus
523 706 569 737 sit,
599 705 697 732 diebus
729 710 833 739 septem
866 712 955 740 paena:

165 752 280 783 suberit,
301 751 438 786 facietque
450 755 600 778 metanmas
612 749 708 785 viginti
722 750 855 785 quinque.

202 799 247 826 16.
262 798 290 826 Si
301 798 365 833 quis
381 798 479 825 canoni
496 797 624 829 deluerlt,
647 796 733 824 aridis
757 800 885 823 vescatur
900 803 956 822 uno

166 844 220 876 die,
236 848 263 871 et
276 843 359 871 faciat
378 847 531 870 metanteas
548 847 670 868 centum.

761 142 791 172 S.
812 139 1008 172 THEODORI
1021 135 1195 168 STUDIT/E

1725 134 1795 168 1752

1043 199 1088 230 ιγ’.
1108 196 1137 222 Ὀ
1150 197 1184 231 τῇ
1205 195 1271 231 ἁγίᾳ
1282 193 1494 230 Τεσσαρακοστῇ
1516 190 1664 228 νηστεύων,
1687 193 1737 221 καὶ
1762 196 1797 230 τῇ

1012 243 1118 289 μεγοάλῃ
1134 242 1249 277 πέμπτῃ
1275 241 1346 268 λύων
1376 241 1447 276 λόγῳ
1474 239 1648 275 διακρίσεως,
1668 239 1798 275 ἀτιμάζει

1006 287 1070 326 ὃλην
1086 289 1134 325 τὴν
1154 288 1235 323 ἁγίαν
1248 287 1487 324 Τεσσαρακοστήν.

1045 378 1085 405 ιδ’.
1107 377 1170 404 Ἐὰν
1184 376 1256 404 κατὰ
1269 377 1382 411 ἄγνοιαν
1396 376 1484 412 πλυθῇ
1500 375 1679 410 άντιμίνσιον,
1699 375 1730 402 οὗ
1747 383 1799 410 μο-

1006 424 1115 451 λύνεται
1127 431 1134 438 ·
1148 424 1162 450 ὁ
1172 423 1227 459 γὰρ
1243 422 1378 458 ἁγιασμὸς
1391 423 1420 449 ὲν
1433 422 1509 458 αὺτῷ
1523 422 1595 449 ἐστιν
1605 421 1636 449 τὸ
1648 421 1702 457 γὰρ
1715 422 1799 457 ἱερὸν,

1007 470 1107 505 μιαρὸν
1119 469 1150 497 οὐ
1170 469 1288 503 γίνεται.

1045 519 1086 542 ιε’.
1109 516 1138 542 '0
1151 515 1207 542 ἀπὸ
1217 515 1391 551 λειτουργίας
1406 515 1494 550 ἱερεὺς
1510 514 1623 550 ὲμέσας,
1641 514 1665 541 ει
1680 514 1731 549 μιν
1743 513 1799 541 ἀπὸ

1010 559 1233 599 γαστριμαργίας
1247 561 1328 589 τοῦτο
1343 561 1485 592 πέπονθεν,
1499 561 1607 596 ἡμέρας
1626 559 1647 593 ξ’
1655 559 1798 595 πληρώσει

1009 609 1097 645 μένων
1106 608 1299 644 ἀκοινώνητος,
1310 607 1449 644 νηστεύων
1458 608 1505 634 καὶ
1516 606 1629 642 πληρῶν
1658 606 1719 634 καθ’
1732 606 1799 634 ἑκά-

1007 663 1074 690 στην
1089 654 1196 690 ἡμέραν
1207 653 1352 689 μετανοίας
1367 652 1468 689 χιλίαςδ
1479 653 1504 680 ει
1516 653 1544 680 δὲ
1557 653 1611 679 ἀπὸ
1618 652 1721 688 βλάϐης
1736 653 1799 687 ιγέ-

1006 699 1195 735 νετο,ἡμέρας
1220 699 1241 731 ζ’
1255 699 1311 732 ἔξει
1325 699 1355 726 τὸ
1368 698 1516 733 ἐπιτίμιον,
1533 698 1618 725 ποιῶν
1640 699 1688 725 καὶ
1713 707 1798 734 μετα-

1006 745 1082 776 νοίας
1099 745 1149 773 κε’.

1044 795 1091 825 ις’.
1105 791 1138 819 Et
1147 800 1189 823 τις
1199 791 1358 826 καταλείψει
1368 791 1414 818 τὶιν
1427 790 1618 827 κανόναμολί),
1629 791 1800 827 ξηροφαγίαν

1007 837 1117 874 ἡμέραν
1135 837 1199 872 μίαν
1210 837 1332 869 ποιείτω.
1350 837 1399 864 καὶ
1413 838 1558 872 μετανοίας
1573 841 1606 873 ρ’.

202 891 246 917 17.
264 889 293 917 Si
307 889 369 924 quis
384 889 510 924 lychnlco
526 895 581 915 non
597 887 753 915 interfuerit
773 891 821 914 aut
832 886 954 921 comple-

1041 883 1084 916 ιζ’.
1110 878 1144 909 Εἴ
1162 891 1205 914 τις
1229 882 1372 918 ἀπολείψει
1394 883 1442 910 τοῦ
1460 883 1600 919 λυχνικοῦ,
1617 882 1636 919 ἢ
1656 883 1710 910 τῶν
1731 884 1800 911 ἀπο-

168 936 248 969 torio,
263 935 356 963 vinum
372 942 427 962 una
440 934 484 961 die
499 941 554 961 non
566 933 652 966 bibat,
663 938 690 961 et
710 933 792 960 faciat
807 931 957 960 tnetanoe'as

166 981 376 1018 quinquaginta.

202 1028 246 1056 18.
264 1027 293 1055 Si
310 1027 374 1063 quis
388 1027 469 1060 hora,
490 1033 546 1062 qua
563 1025 671 1061 eulogia
686 1025 778 1058 datur,
790 1025 959 1060 negligenter

167 1075 294 1107 abfuerit,
302 1074 409 1110 jejunet
419 1080 508 1108 usque
524 1072 559 1100 ad
573 1079 728 1108 vesperam,
739 1079 802 1099 cum
814 1071 958 1099 metauaais

168 1121 376 1156 quinquaginta.

206 1166 249 1194 l9.
273 1165 302 1193 Si
323 1166 386 1200 quis
398 1163 566 1192 monasterio
583 1163 752 1199 egrediatur,
770 1162 872 1197 absque
888 1168 959 1196 prae-

170 1213 251 1247 positi
273 1212 414 1243 facultate,
439 1215 551 1238 maneat
577 1215 653 1237 extra
666 1209 886 1237 communionem
904 1214 958 1235 una

170 1256 350 1288 hebdomada,
369 1263 430 1283 cum
447 1255 593 1283 metanoeis
610 1254 804 1289 quadraginta.

203 1302 249 1330 20.
267 1302 294 1329 Si
309 1302 372 1337 quis
386 1302 489 1336 aliquid
511 1300 667 1336 possederit
688 1299 776 1327 inscio
800 1298 959 1334 praeposito,

169 1348 206 1375 sit
231 1353 310 1375 extra
328 1347 553 1375 communionem
570 1346 667 1374 diebus
689 1345 856 1381 quindecim,
875 1345 961 1373 aridis

171 1402 284 1422 \escens
294 1394 362 1422 hora
372 1401 457 1426 nona,
471 1401 534 1420 cum
548 1393 695 1421 metanteis
706 1392 917 1428 quinquaginta.

204 1440 251 1468 2|.
273 1439 303 1467 Si
332 1439 395 1474 quis
408 1447 470 1466 cutn
486 1439 579 1474 aliquo
593 1439 802 1474 conspiraverit,
826 1443 873 1466 aut
891 1438 961 1465 clam

170 1487 204 1514 de
223 1485 390 1513 monasterio
411 1485 568 1518 recesserit,
582 1485 619 1513 sit
633 1490 709 1512 extra
740 1484 961 1512 communionem

172 1533 269 1561 diebus
286 1533 411 1568 triginta,
428 1532 547 1568 ciboque
561 1532 638 1560 arido
649 1537 739 1566 utens,
755 1537 904 1560 metanceas
920 1532 962 1559 fa-

171 1582 226 1608 ciat
237 1584 356 1608 centum.

207 1627 254 1654 22.
269 1627 298 1654 Si
312 1627 376 1663 quis
388 1627 546 1662 impositam
567 1633 583 1654 a
606 1625 752 1661 praeposito
775 1632 884 1660 poenam
906 1632 962 1652 nou

173 1674 371 1706 observaverit,
381 1678 524 1708 separetur
536 1672 707 1701 ltebdomada
716 1678 770 1699 una
788 1679 803 1698 a
819 1670 961 1703 fratribus,

172 1726 236 1747 cum
255 1719 318 1747 cibo
346 1719 441 1752 arido,
462 1724 489 1747 et
519 1718 688 1755 quotidianis
721 1717 867 1745 metanmis
900 1724 964 1744 cen-

172 1768 240 1792 tum.

206 1811 253 1838 23.
272 1810 302 1838 Si
319 1810 383 1845 quis
411 1809 503 1837 fratris
528 1809 642 1837 alterius
656 1813 771 1842 vestem,
793 1813 841 1835 aut
856 1806 963 1842 quidvis

175 1857 249 1884 aliud
265 1861 366 1891 praeter
384 1856 458 1883 illius
470 1855 640 1882 voluntatem
651 1855 756 1888 tulerit,
776 1854 869 1881 triduo
879 1852 963 1880 aridis

173 1909 300 1931 vescatur
317 1910 379 1930 cum
393 1907 503 1930 centum
517 1901 672 1928 metanmis.

209 1949 256 1976 2L
283 1948 313 1975 Si
333 1949 396 1983 quis
412 1947 634 1982 deprehendatur
658 1950 741 1974 noctu
766 1945 836 1973 clam
859 1945 964 1973 versari

173 2002 236 2023 cum
251 1995 353 2030 aliquo,
383 1997 431 2021 aut
447 1993 546 2021 cubilis
560 1993 650 2020 locum
681 1993 872 2025 mutare,‘aut
896 1991 965 2019 foris

177 2047 299 2072 manere,
315 2039 377 2066 sine
392 2037 531 2074 prapositi
547 2041 627 2070 nutu,
643 2041 785 2071 separetur
796 2036 965 2063 una'bebdo-

176 2085 267 2116 tuada.
286 2084 374 2112 aridis
386 2088 478 2116 utens,
498 2091 560 2111 cum
575 2082 748 2118 septuaginta
763 2082 919 2109 metanteis.

211 2130 257 2157 25.
272 2129 422 2164 Praeposito
445 2136 501 2156 non
515 2132 665 2160 annuente,
681 2128 702 2155 si
714 2127 777 2162 quis
795 2126 880 2154 frater
895 2133 965 2161 opus

176 2183 257 2203 suum
270 2175 397 2202 utanuale
405 2174 562 2206 mutaverit,
571 2173 666 2201 diebus
677 2172 858 2208 quadraginta
871 2179 965 2199 vesca-

178 2227 221 2249 lur
231 2221 329 2253 aridis,
345 2227 408 2248 cum
428 2220 573 2247 metanosis
584 2219 732 2254 octoginta.

1007 929 1135 960 δείπνων,
1157 926 1264 964 ἡμέραν
1291 930 1356 964 μίαν
1379 927 1451 957 οἶνον
1473 929 1511 966 μὴ
1538 931 1635 963 πιέτω,
1652 925 1799 965 μετανοίας

1008 975 1097 1001 Δποιῶν
1112 978 1143 1002 ν’.

1045 1019 1090 1057 ιη’.
1106 1021 1201 1053 Ὅστις
1212 1021 1241 1048 ὲν
1253 1023 1286 1057 τῇ
1298 1021 1357 1057 ὥρᾳ
1370 1021 1420 1056 τῆς
1431 1021 1532 1055 δόσεως
1545 1021 1597 1056 τῆς
1608 1020 1733 1055 εὐλογίας
1745 1021 1801 1048 λεί-

1008 1065 1054 1100 ψει
1079 1066 1152 1093 κατὰ
1172 1066 1313 1101 ἀμέλειαν,
1330 1066 1484 1102 νηστευέτω
1504 1066 1637 1101 ἓωςιόψὲ,
1655 1067 1701 1093 καὶ
1717 1075 1801 1102 μετα·

1008 1111 1082 1143 νοίας
1095 1112 1206 1138 ποιείτω
1217 1109 1248 1139 ν’.

1046 1157 1089 1184 ιϐ’.
1105 1157 1139 1184 Et
1151 1166 1193 1189 τις
1204 1157 1306 1190 ἐξέλθοι
1319 1157 1366 1184 τοῦ
1386 1157 1568 1193 μοναστηρίου
1589 1155 1674 1193 χωρὶς
1688 1156 1740 1190 τῆς
1751 1156 1799 1184 τοῦ

1008 1203 1163 1239 ἡγουμένου
1175 1203 1363 1239 παραθέσεως,
1376 1204 1481 1239 μενέτω
1492 1203 1674 1239 ἀκοινώνητος
1684 1203 1800 1239 ἑϐδομά-

1009 1249 1043 1276 δα
1057 1249 1132 1284 μίαν,
1148 1249 1293 1284 μετανοίας
1306 1249 1392 1276 ποιῶν
1405 1248 1452 1284 μ’.-

1046 1296 1081 1321 κ¹.
1098 1294 1131 1320 El'
1144 1303 1186 1326 τις
1198 1295 1328 1329 κτήσεται
1343 1295 1459 1330 πρᾶγμα
1473 1293 1558 1330 χωρὶς
1571 1293 1618 1320 τοῦ
1634 1294 1800 1330 ἡγουμένω,

1012 1341 1119 1376 μενέτω
1134 1340 1317 1376 ἀκοινώνητος
1337 1340 1445 1376 ἡμέρας
1459 1343 1500 1374 ιε’,
1514 1340 1678 1376 ξηροφαγῶν
1689 1341 1749 1377 ὦρᾳ
1766 1340 1802 1375 θ’,

1011 1387 1058 1414 καὶ
1073 1386 1218 1422 μετανοίας
1230 1387 1313 1413 ποιῶν
1325 1386 1357 1414 ν’.

1046 1435 1099 1458 ια’.
1115 1431 1149 1458 Et
1162 1440 1205 1463 τις
1221 1432 1364 1458 συνδυάσει
1392 1432 1463 1467 μετά
1481 1438 1564 1465 τινος,
1591 1432 1608 1468 ἢ
1629 1433 1802 1468 ἀναχωρήσει

1012 1478 1058 1505 τοῦ
1073 1478 1256 1514 μοναστηρίου
1269 1478 1371 1514 κρύφα,
1387 1479 1492 1513 μενέτω
1503 1479 1685 1515 ἀκοινώνητος
1695 1479 1803 1516 ἡμέρας

1012 1523 1045 1557 λ’,
1059 1523 1231 1559 ξηροφαγῶν,
1245 1525 1293 1550 καὶ
1308 1523 1454 1558 μετανοίας
1467 1523 1552 1551 ποιῶν
1565 1527 1597 1560 ρ’.

1048 1600 1100 1650 κβί.
1125 1612 1161 1642 Εἴ
1176 1624 1217 1648 τις
1233 1615 1324 1642 λαϐὼν
1342 1615 1479 1650 ἐπιτίμιον
1495 1616 1571 1652 παρὰ
1587 1616 1633 1643 τοῦ
1648 1617 1803 1652 ἡγουμένου

1015 1660 1052 1695 μὴ
1069 1660 1194 1695 φυλάξει,
1208 1661 1381 1696 ἀφοριξέσθω
1394 1659 1530 1696 ἑϐδομάδα
1548 1661 1614 1696 μίαν
1625 1662 1675 1697 τῆς
1688 1662 1803 1697 ἁδελφό-

1012 1715 1104 1778 ἷητοέ,
1124 1706 1298 1742 ξηροφαγῶν,
1313 1707 1361 1734 καὶ
1377 1707 1523 1743 μετανοίας
1539 1707 1625 1734 ποιῶν
1640 1708 1805 1744 καθημέραν

1030 1760 1080 1778 κατ
1097 1761 1122 1778 ν.
1719 1756 1730 1766 ⁸

1049 1800 1103 1831 κγ’.
1121 1797 1156 1824 Εἴ
1167 1805 1210 1829 τις
1223 1797 1338 1832 ἀδελφοῦ
1352 1798 1468 1833 ἱμάτιον,
1483 1795 1499 1833 ἥ
1517 1797 1582 1824 ἄλλο
1595 1807 1622 1825 τι
1639 1799 1714 1834 παρὰ
1733 1799 1806 1834 γνῶ.

1015 1851 1070 1878 μην
1083 1843 1166 1870 αὐτοῦ
1181 1844 1302 1878 φορέσει,
1321 1844 1429 1880 ἡμέρας
1444 1846 1519 1881 τρεῖς
1535 1843 1736 1881 ξηροφαγείτω,
1752 1855 1802 1882 με-

1015 1889 1124 1920 τανοίας
1142 1889 1228 1916 ποιῶν
1245 1889 1354 1917 ἑκατόν.

999 1944 1003 1948 -
1050 1934 1099 1961 κδ’.
1120 1935 1154 1960 El
1169 1942 1211 1966 τις
1231 1934 1329 1970 εὑρεθῇ
1346 1935 1379 1970 τῇ
1393 1936 1472 1962 νυκτὶ
1492 1935 1600 1968 ίδιάζων
1622 1936 1715 1972 κρύφα
1732 1936 1806 1972 μετὰ

1014 1988 1096 2012 τινος,
1112 1979 1128 2015 ἢ
1143 1979 1285 2007 ἀλλάσσων
1302 1980 1348 2006 τὸν
1360 1981 1442 2008 τόπον
1455 1981 1502 2008 τοῦ
1517 1982 1666 2017 κοιταρίου,
1681 1982 1698 2017 ἢ
1715 1983 1807 2018 μένων

1013 2024 1067 2057 ἔξω
1087 2025 1171 2060 χωρὶς
1190 2025 1241 2060 τῆς
1255 2025 1303 2052 τοῦ
1318 2026 1470 2062 ἡγουμένου
1488 2027 1610 2063 γνώμης,
1633 2029 1807 2064 ἀφοριζέσθω

1015 2071 1163 2106 ιϐδομάδα,
1180 2071 1354 2108 ξηροφαγῶν,
1371 2074 1517 2108 μετανοίας
1531 2074 1617 2102 ποιῶν
1630 2078 1661 2102 o’.

1050 2121 1100 2145 κε’.
1114 2117 1167 2144 Τοῦ
1182 2118 1336 2153 ἡγουμένου
1355 2119 1392 2154 μὴ
1407 2120 1612 2155 ἐπιτρέψαντος,
1625 2121 1674 2148 ἑὰν
1690 2121 1808 2156 ἀδελφὸς

1015 2164 1118 2200 ἀλλάξῃ
1133 2164 1163 2191 τὸ
1177 2165 1345 2200 ὲργόχειρον,
1357 2166 1465 2201 ἡμέρας
1487 2166 1514 2201 μ’
1530 2166 1731 2202 ξηροφαγείτω,
1755 2175 1807 2202 με·

1015 2211 1124 2242 τανοίας
1139 2211 1224 2236 ποιῶν
1243 2213 1280 2238 π’.

212 2268 259 2295 26.
285 2267 314 2295 Si
331 2267 394 2302 quis
412 2273 469 2293 rem
489 2273 566 2293 suam
590 2265 709 2300 aliquam
735 2271 797 2291 cum
813 2263 867 2290 alio
883 2261 957 2289 fratri

1052 2258 1108 2287 κς-’.
1127 2255 1160 2281 Et
1176 2263 1218 2286 τις
1234 2255 1352 2291 πρᾶγμα
1374 2255 1472 2282 ἑαυτοῦ
1497 2255 1606 2288 ἀλλάξει
1633 2257 1702 2291 μετά
1721 2265 1806 2291 τινος,

178 2313 403 2346 (ommutavcrit,
420 2312 580 2340 inconsulto
594 2310 753 2346 praposito,
766 2309 809 2337 vel
835 2309 892 2344 ipse
919 2315 968 2343 per

177 2370 206 2389 sc
222 2360 410 2396 acquisiverit,
437 2363 485 2386 aut
505 2358 539 2384 ab
554 2357 647 2391 aliquo
659 2346 805 2391 acceperit,
825 2360 968 2390 separetur

178 2408 277 2436 diebus
292 2407 449 2438 duodecim,
464 2410 491 2432 ct
506 2409 660 2431 mctanmas
676 2403 812 2437 octoginta
830 2401 923 2429 faciat.

212 2453 258 2481 27.
276 2453 304 2480 Si
333 2452 397 2487 quis
421 2457 498 2478 extra
523 2457 646 2478 mensam
671 2447 838 2479 comederit,
864 2446 969 2480 absque

178 2498 318 2535 praepositi
336 2497 537 2528 benedictione,
554 2495 596 2522 vel
605 2500 683 2522 extra
700 2493 897 2525 infirmitatem,
913 2491 969 2518 ari-

178 2548 221 2576 dis
234 2546 326 2574 triduo
339 2548 479 2577 vescatur,
491 2551 554 2570 cum
569 2541 714 2570 metanceis
722 2539 857 2568 ducuntis.

212 2634 259 2662 '28.
272 2632 300 2660 Si
312 2632 374 2668 quis
383 2635 444 2666 post
452 2629 658 2664 completorium
667 2627 809 2655 comedere
817 2624 968 2660 deprchen-

178 2681 269 2712 datur,
285 2678 370 2706 aridis
390 2677 529 2705 nutriatur
552 2682 606 2702 una
633 2673 815 2701 hebdomada.
830 2671 859 2698 Si
876 2675 967 2698 autem

180 2727 273 2754 ridens
293 2723 491 2759 comperiatur,
511 2725 663 2748 metanteas
679 2719 763 2746 faciat
779 2717 920 2744 ducentas.

1015 2302 1101 2337 χωρὶς
1123 2301 1170 2328 τοῦ
1196 2302 1361 2337 ἡγουμένου,
1389 2302 1405 2337 ἢ
1432 2302 1479 2336 ἀφ’
1503 2302 1600 2329 ἑαυτοῦ
1623 2303 1764 2338 κτήσεται,
1788 2303 1806 2339 ἢ

1015 2347 1087 2384 λάϐῃ
1102 2348 1179 2383 παρά
1193 2356 1276 2381 τινος,
1293 2347 1465 2383 ἀφοριζέσθω
1480 2348 1589 2384 ἡμέρας
1603 2347 1646 2383 ιβ’,
1661 2349 1809 2384 μετανοίας

1016 2394 1102 2420 ποιῶν
1112 2397 1149 2421 π’.

1053 2441 1104 2472 κζ’.
1130 2440 1165 2467 Εἴ
1188 2449 1230 2473 τις
1258 2440 1311 2473 ἔξω
1335 2441 1387 2475 τῆς
1402 2440 1543 2476 τραπέζης
1566 2440 1662 2472 ἐσθίει,
1685 2441 1733 2474 τῆς
1759 2440 1809 2467 τοῦ

1022 2487 1175 2522 ἡγουμένου
1196 2487 1280 2522 χωρὶς
1303 2485 1470 2523 εὐλογίας,ἢ
1494 2486 1650 2522 ἀρρωστίας
1672 2486 1744 2521 δίχα,
1763 2486 1811 2522 ξη-

1022 2533 1176 2568 ροφαγείτω
1203 2533 1418 2569 ἡμέραςτρεῖς,
1442 2532 1527 2559 ποιῶν
1551 2532 1696 2568 μετανοίας
1719 2532 1811 2559 διακο-

1021 2579 1092 2610 σίας.

1056 2624 1110 2660 κη’.
1130 2625 1166 2652 El
1189 2633 1231 2657 τις
1259 2624 1329 2659 μετὰ
1350 2624 1385 2652 τὰ
1406 2624 1556 2652 ἀπόδειπνα
1578 2623 1676 2660 εὑρεθῇ
1700 2623 1810 2656 ἐσθίων,

1023 2669 1214 2705 ξηροφαγείτω
1225 2669 1360 2706 ἑϐδομάδα
1372 2678 1379 2685 ·
1393 2670 1418 2697 εἰ
1430 2670 1458 2711 6‘s
1472 2669 1570 2706 εὑρεθῇ
1585 2669 1683 2704 γελῶν,
1699 2669 1812 2696 ποιείτω

1023 2715 1166 2753 μετανοίας
1182 2719 1215 2744 σί,

913 2807 1031 2837 ΝΟΤΛΕ.

216 2863 284 2898 (50³)
299 2862 390 2890 Ganon
404 2866 446 2890 est
471 2868 535 2897 pars
558 2858 637 2888 oﬂicii
657 2857 825 2885 Graecorum.
