1925 3088
145 154 213 189 2753

137 258 288 293 ἑγειρὲσθω
298 258 389 290 εὐθὺς,
404 259 490 285 ποιῶν
501 259 646 294 μετανοίας
660 262 694 295 ρ’.

174 303 205 330 λ’.
221 304 254 330 El
265 312 307 335 τις
327 303 443 339 λυπήσει
461 303 507 330 τὸν
526 301 639 338 ἀδελφὸν
659 303 752 336 αὑτοῦ,
768 304 817 330 καὶ
838 312 924 331 κατα-

136 350 276 385 φρονήσας
304 349 341 384 μὴ
359 349 500 384 διαλλαγῇ,
524 349 582 376 ἁλλ’
605 350 652 376 ἐπὶ
677 349 716 384 τῷ
740 348 923 385 παροργισμῷ

139 395 229 431 μείνῃ,
253 395 425 430 ἀφοριζὲσθω
443 395 594 431 ἑὸδομάδας
615 395 673 430 δύο,
697 395 859 431 ξηροφαγῶν
876 394 924 422 κάὶ

74 473 78 475 Δ
137 441 223 467 ποιῶν
242 441 387 476 μετανοίας
403 444 436 468 ν’.

171 484 222 512 λα’.
242 486 276 512 EE
288 494 330 517 τις
344 486 374 512 ὲν
388 485 478 521 ἡμέρᾳ
490 486 540 521 τῆς
551 485 723 521 λειτουργίας
738 486 769 513 οὒ
783 486 923 522 μεταλαμ-

137 531 223 564 ϐάνει,
236 532 340 558 εἰπάτω
351 531 381 558 τὸ
396 533 482 558 αἴτιον
492 539 499 547 ’
523 532 547 558 εί
568 532 598 559 δὲ
616 533 654 568 μὴ
672 532 756 566 εῐποι,
769 533 923 569 νηστευέτω

135 578 188 609 ἕως
198 577 258 613 ὀψὲ,
271 577 356 604 ποιῶν
374 577 518 613 μετανοίας
531 577 563 605 il.

171 624 222 660 λβ’.
239 624 334 656 Ὀστις
350 625 391 650 ἐνὶ
402 624 458 650 τῶν
473 624 597 658 ἀδελφῶν
611 623 779 659 προσπαθῶς
801 625 862 660 μετ’
874 624 923 651 αὺ-

134 670 182 698 τοῦ
204 669 353 705 ψιθυρίζει,
376 669 601 705 ἀφοριζὲσθωσαν
621 670 647 696 oi.
665 669 723 702 δύο,
738 671 791 702 ἕως
804 670 838 697 ἂν
853 671 922 697 ἀπο-

135 716 235 744 στῶσιν
249 716 383 752 ὰλλήλων,
399 715 539 747 ποιοῦντες
557 715 610 743 ἀνὰ
631 716 775 751 μετανοίας
794 719 826 752 ρ’.

169 806 220 841 λγ.
235 806 331 838 Ὅστις
342 805 484 840 ἀπολείψει
496 806 536 837 είς
546 804 595 840 τὴν
606 803 693 840 ἀρχὴν
705 803 823 840 ἑκάστης
833 804 922 840 ψαλμ-

134 853 227 889 ῳδίας,
253 853 338 888 χωρὶς
364 852 503 883 διακονίας
529 850 546 887 ἢ
570 850 735 886 προφάσεως
756 851 921 886 ἀναγκαίας.

134 899 247 926 ποιείτω
262 899 407 934 μετανοίας
420 902 454 934 ρ’.
746 922 748 924 τ

169 946 216 973 λδν.
232 946 327 978 Ὅστις
341 946 373 972 ὲκ
389 945 526 982 ῥᾳθυμίας
536 946 623 982 λείψοι
636 943 684 973 τοῦ
697 945 819 977 κανόνος,
838 944 855 980 ἢ
867 943 922 970 ἀπὸ

133 991 271 1028 λυχνικοῦ,
291 992 309 1027 ἢ
323 991 408 1027 ἄλλης
421 991 592 1027 ψαλμῳδίας,
608 990 798 1027 ξηροφαγείτω
813 989 921 1025 ἡμέραν

135 1041 211 1077 μίαν,
225 1039 311 1066 ποιῶν
326 1038 469 1075 μετανοίας
483 1042 517 1075 ρ’.

167 1086 216 1114 λε’.
240 1085 335 1116 ὀστις
357 1084 429 1111 κατὰ
449 1084 580 1119 ἀμέλειαν
598 1084 628 1110 οὐ
649 1082 757 1111 καθίσει
780 1081 849 1116 μετὰ
865 1081 921 1108 τῶν

133 1131 258 1167 ἀδελφῶν
282 1131 324 1163 είς
345 1130 395 1166 τὴν
415 1129 569 1166 τράπεζαν,
587 1130 742 1166 νηστευὲτω
763 1128 855 1155 λοιπὸν
868 1127 921 1160 ἓως

132 1177 222 1255 ὑφέξει.
236 1221 331 1253 ὀδ-τις
346 1220 412 1248 ἄνευ
432 1220 558 1256 ἀνάγκης
578 1219 733 1256 προεγερθῇ
751 1218 802 1254 τῆς
816 1216 922 1253 τραπέ-

132 1269 194 1305 ζης,
217 1268 293 1304 τρεῖς
315 1266 421 1303 ἡμέρας
444 1264 514 1293 οίνον
533 1266 571 1302 μὴ
587 1265 718 1298 πινέσθω,
733 1264 818 1292 ποιῶν
836 1271 921 1299 μετα-

132 1315 322 1392 νολῗβὸστις
336 1358 491 1394 ἀργολογεϊ,
504 1356 521 1393 ἢ
532 1357 687 1393 εὖτράπελα
698 1356 845 1392 φθέγγεται
853 1354 921 1390 (Η).

133 1405 206 1434 οἶνον
229 1405 266 1441 μὴ
283 1405 386 1433 πινέτω
401 1403 451 1440 τὴν
468 1403 576 1440 ἡμέραν
594 1403 713 1440 ἐκείνην,
733 1401 819 1429 ποιῶν
838 1408 922 1436 μεται

132 1452 267 1534 vagiit!
280 1505 324 1530 τις
335 1496 390 1524 τῶν
403 1495 607 1530 παιδευομένων
621 1494 684 1522 τινὰ
697 1495 741 1523 διὰ
754 1497 866 1533 σφάλμα
877 1498 923 1525 tx-

132 1546 250 1579 δικήσει,
275 1543 464 1580 ξηροφαγείτω
492 1541 628 1579 ἑϐδομάδα
651 1543 729 1578 μίαν,
753 1544 839 1571 ποιῶν
860 1545 920 1572 καθ’
936 1565 957 1585 ρ

133 1591 242 1626 ἡμέραν
258 1590 402 1625 μετανοίας
417 1593 451 1626 ρ’.

168 1636 219 1663 λθ’.
236 1636 269 1663 EE
285 1644 326 1668 τις
346 1636 505 1671 πολεμεῖται
519 1636 560 1667 είς
574 1635 715 1672 πορνείαν,
731 1635 923 1672 ξηροφαγείτω

133 1682 241 1717 ἡμέρας
257 1683 283 1717 μ’
296 1689 303 1697 ·
320 1681 345 1707 εί
362 1680 390 1707 δὲ
407 1679 445 1715 μὴ
457 1679 591 1707 παύσεται
615 1682 629 1707 ὁ
644 1680 774 1715 πόλεμος,
790 1680 842 1712 ἕως
858 1681 924 1708 ἀνα⁹

134 1727 269 1753 παύσεται
294 1726 496 1762 ξηροφαγείτω,
517 1725 601 1752 ποιῶν
618 1725 762 1762 μετανοίας
783 1726 829 1753 τὸν
843 1727 924 1762 νυχθ-

223 1781 286 1800 ντ.

223 1781 237 1798 ν
278 1792 286 1800 .

134 1773 308 1854 ἡμιῗοεῐττις
325 1817 470 1854 χαρίζεταί
488 1826 542 1844 τινι
566 1817 598 1845 τδ
617 1817 734 1845 παλαιὸν
755 1817 838 1845 αὑτοῦ
858 1817 923 1854 ίμά-

133 1875 201 1898 τιον,
215 1865 298 1900 χωρὶς
313 1864 466 1900 ἐπιτροπῆς
477 1863 524 1890 τοῦ
540 1863 705 1899 ἡγουμένου,
731 1864 924 1900 ξηροφαγείτω

134 1909 268 1945 ἐὸδομάδα
283 1909 357 1944 μίαν,
369 1908 455 1935 ποιῶν
470 1909 614 1944 μετανοίας
629 1908 660 1941 ξ’.

170 1960 225 1992 μα’.
253 1956 287 1983 El
302 1964 344 1987 τις
366 1955 531 1990 ὲνυπνιασθῇ
549 1955 589 1986 είς
613 1955 754 1990 πορνείαν,
774 1955 924 1991 ἀκοινώνη-

132 2011 178 2034 τος
199 2002 276 2029 ἔσται
296 2001 346 2037 τὴν
361 2001 471 2036 ἡμέραν
488 2001 608 2035 ἐκείνην,
623 2001 708 2028 ποιῶν
725 2001 869 2036 μετανοίας
885 2001 922 2037 μ’,

132 2047 221 2081 λέγων
233 2046 280 2072 τὸν
294 2045 315 2073 ν’
327 2045 447 2081 ψαλμὸν,
462 2046 510 2072 καὶ
523 2045 565 2078 τὸ,
576 2046 676 2080 Κύριε,
692 2045 836 2081 ἐλέησον,
855 2048 922 2074 ἐκα-

131 2093 187 2120 τόν.

170 2137 225 2173 μβ’.
245 2137 275 2164 ’0
288 2137 410 2173 μαλακὸς
425 2137 531 2174 ἡμέρας
547 2137 575 2174 μ’
591 2137 774 2174 ἀκοινώνητος
789 2137 870 2166 ἔστω.

170 2229 226 2260 μγ’.
245 2225 274 2253 '0
289 2225 408 2260 ψεύστης
423 2225 494 2252 ἔστω
510 2225 693 2260 ἀκοινώνητος
706 2226 812 2262 ἡμέρας
832 2229 869 2261 μ’.

172 2271 224 2307 με’.
249 2272 278 2297 'O
293 2270 444 2302 κατάλαλος
456 2271 557 2306 ὁμοίως
573 2272 678 2306 ἡμέρας
691 2275 728 2306 μ’.

171 2318 223 2351 με’.
243 2315 272 2341 Ὀ
288 2315 446 2350 βλάσφημος
462 2315 534 2342 κατὰ
544 2316 633 2343 πάντα
647 2318 748 2353 τρόπον
765 2317 812 2344 καὶ
830 2319 921 2345 ὁπωσι

133 2361 245 2395 δήποτε,
274 2360 370 2392 ἄλαλος
393 2360 464 2387 ἔστω
485 2361 592 2396 ἡμέρας
614 2364 651 2397 μ’,
675 2363 760 2389 ποιῶν
778 2364 922 2399 μετανοίας

133 2407 195 2433 καθ’
209 2406 317 2441 ἡμέραν
328 2404 360 2432 ν’.

599 156 868 190 MONACHORUM
899 156 1018 190 PfEN/E
1050 156 1297 195 QUOTIDIANE

174 214 226 241 κε’.
241 214 276 241 Εἴ
292 221 335 245 τις
351 212 381 240 ἑν
399 213 522 250 τραπέζῃ
539 215 726 249 συντυγχάνει,
743 214 760 250 ἢ
776 214 923 249 γελοιάζει,
937 217 962 246 Α

1692 153 1760 188 1754

1009 214 1055 242 29.
1079 215 1107 242 Si
1125 215 1187 250 quis
1208 215 1236 242 in
1251 221 1345 242 mensa
1359 213 1468 242 locutus
1489 213 1571 242 fuerit
1597 213 1760 243 autriscrit.

974 260 1066 288 statim
1083 267 1198 294 surgens
1212 259 1297 286 faciat
1313 263 1463 287 metant‘eas
1477 263 1599 286 centum.

1008 305 1053 333 50.
1071 304 1100 332 Si
1121 305 1184 340 quis
1219 305 1297 332 fratri
1324 313 1376 332 suo
1391 305 1542 332 molestiam
1573 304 1716 336 creaverit,
1734 308 1762 331 et

973 350 1072 378 deinde
1086 350 1259 377 reconciliari
1273 349 1434 385 neglexerit,
1450 349 1496 377 sed
1513 350 1540 377 in
1551 350 1689 377 simultate
1701 357 1761 383 per-

975 395 1120 427 manserit,
1141 399 1286 430 separetur
1300 395 1408 422 duabus
1422 394 1702 427 hebdomadis,aridis
1716 402 1761 421 νει

973 449 1064 474 scens,
1082 449 1144 468 cum
1161 441 1304 468 metanoeis
1319 440 1527 476 quinquaginta.

1008 487 1052 514 51.
1068 486 1099 513 Si
1109 486 1170 521 quis
1184 485 1228 513 die
1242 486 1369 521 liturgico
1380 485 1580 513 Eucharistiam
1594 493 1648 512 non
1658 489 1760 518 sumat,

973 532 1013 560 rei
1027 540 1140 560 causam
1163 532 1246 560 dicat.
1265 532 1294 559 Si
1312 539 1366 559 non
1378 531 1489 564 dixerit,
1504 531 1611 566 jejunet
1624 539 1712 566 usque
1726 532 1761 558 atl

972 586 1125 614 vesperam,
1137 586 1200 606 cum
1217 578 1360 605 metanmis
1373 577 1585 613 quinquaginta.

1009 623 1054 651 52.
1081 622 1110 650 Si
1137 623 1200 658 quis
1227 629 1260 650 ex
1282 623 1413 658 peculiari
1424 630 1488 658 erga
1509 621 1622 649 fratrem
1644 623 1761 657 aliquem

972 669 1081 702 aﬂectu,
1098 677 1162 697 cum
1176 677 1209 697 eo
1223 670 1360 700 mussitet.
1375 674 1537 704 separentur
1565 669 1657 701 ambo,
1674 670 1762 696 donec

972 715 1146 742 sodalitatem
1163 715 1305 749 dirimant,
1336 715 1493 749 faciantque
1520 718 1670 742 metauoeas
1696 722 1763 742 cene

971 765 1042 788 tum.
1402 786 1408 791 ν

1005 806 1051 834 55.
1072 805 1175 841 Siquis
1186 805 1408 841 uniuscujmque
1430 806 1590 841 psalmodia:
1617 807 1697 834 initio
1714 807 1763 834 de-

972 853 1063 884 fuerit,
1084 861 1173 888 neque
1199 854 1366 887 ministerio,
1384 861 1473 890 neque
1497 862 1588 882 causa
1607 855 1762 883 necessaria

975 898 1134 934 impeditus,
1150 905 1260 927 centum
1280 900 1363 928 faciat
1377 905 1539 928 metauceas.

1009 946 1055 974 54.
1067 946 1094 974 Si
1106 946 1169 982 quis
1185 946 1221 974 ob
1235 947 1373 982 pigritiam
1405 948 1503 974 canoni
1519 955 1573 974 non
1596 947 1761 980 interfuerit,

973 996 1020 1018 aut
1035 991 1178 1027 lychnico,
1205 997 1253 1019 aut
1267 992 1312 1020 alii
1337 992 1497 1028 psalmodia:
1517 993 1598 1028 parti,
1614 993 1699 1021 aridis
1716 1001 1763 1021 ve—

974 1041 1068 1065 scatur
1083 1045 1138 1064 uno
1157 1037 1211 1069 die,
1230 1045 1293 1064 cum
1310 1038 1455 1065 metanueis
1471 1043 1592 1065 centum.

1009 1082 1054 1109 ⁸55,
1067 1082 1096 1110 Si
1110 1082 1173 1117 quis
1189 1083 1225 1110 ob
1238 1082 1392 1110 socordiam
1404 1090 1458 1110 non
1473 1083 1575 1110 sederit
1587 1091 1649 1110 cum
1668 1083 1763 1110 fratri-

973 1127 1025 1156 bus
1055 1128 1090 1156 ad
1116 1136 1251 1163 mensam,
1276 1128 1383 1164 jejunet
1401 1128 1501 1156 deinde
1516 1136 1604 1164 usque
1615 1128 1649 1155 ad
1663 1135 1761 1163 vespe-

973 1182 1044 1202 ram.

1010 1218 1055 1246 56.
1068 1218 1096 1245 Si
1111 1219 1175 1254 quis
1200 1219 1260 1247 sine
1275 1219 1440 1247 necessitate
1466 1224 1530 1246 ante
1545 1219 1614 1246 alios
1629 1227 1644 1246 a
1666 1226 1762 1247 mensa

974 1265 1136 1298 surrexerit,
1153 1265 1246 1292 triduo
1255 1265 1349 1292 vinum
1368 1272 1423 1292 non
1443 1264 1529 1298 bibat,
1548 1264 1653 1292 faciens
1679 1264 1762 1292 simul

974 1313 1127 1337 metanteas
1146 1315 1267 1337 centum.

1007 1356 1052 1383 57.
1066 1355 1118 1389 Qui
1129 1356 1217 1384 otiosa
1226 1357 1308 1384 verba
1325 1360 1373 1384 aut
1378 1355 1473 1391 jocosa
1491 1355 1650 1387 effutiverit,
1667 1355 1760 1383 viuum

974 1409 1007 1429 ne
1026 1402 1103 1430 bibat
1119 1402 1163 1430 die
1181 1402 1240 1435 illo,
1265 1402 1314 1430 sed
1339 1401 1522 1437 quadraginta
1548 1406 1698 1429 tuetanceas
1719 1401 1761 1429 fa-

974 1448 1038 1476 ciat.
1166 1439 1177 1451 ’

1009 1493 1055 1522 58.
1081 1493 1111 1522 Si
1130 1494 1203 1530 {quis
1217 1495 1348 1530 aliquem,
1365 1496 1413 1531 qui
1438 1497 1474 1524 ob
1498 1495 1606 1531 cuipam
1620 1500 1761 1524 correctus

975 1540 1068 1573 fuerit,
1083 1540 1223 1575 defendat,
1251 1541 1336 1570 aridis
1360 1548 1489 1569 vescatur
1505 1550 1558 1570 una
1579 1541 1760 1574 hebdomade,

976 1594 1037 1614 cum
1058 1587 1202 1615 metanueis
1218 1588 1385 1623 quotidianis
1397 1593 1520 1616 centum.

1011 1633 1057 1661 59.
1074 1633 1103 1661 Si
1122 1634 1184 1669 quis
1204 1638 1326 1662 tentatur
1343 1635 1376 1662 ad
1392 1634 1596 1668 fornicandum,
1620 1635 1696 1662 arida
1715 1641 1765 1662 co-

977 1680 1067 1707 medat
1089 1679 1185 1708 diebus
1209 1680 1401 1716 quadraginta.
1421 1681 1500 1714 Quod
1528 1682 1550 1710 si
1568 1681 1681 1709 tentatio
1707 1689 1762 1708 non

975 1726 1093 1759 desinat,
1116 1726 1210 1754 tandiu
1230 1727 1316 1756 aridis
1338 1733 1464 1755 vescatur
1478 1727 1567 1756 donec
1578 1735 1608 1755 ea
1627 1728 1762 1763 quiescat,

977 1772 1114 1807 faciatque
1128 1773 1174 1801 diu
1193 1778 1332 1809 noctuque
1346 1778 1499 1802 metanmas
1511 1779 1656 1802 trecentas.

1012 1817 1057 1844 ιο.
1075 1817 1103 1845 Si
1117 1818 1179 1853 quis
1191 1818 1274 1846 alicui
1285 1823 1403 1846 veterem
1415 1826 1494 1846 suam
1507 1824 1609 1846 vestem
1620 1819 1762 1855 largiatur,

976 1864 1036 1892 sine
1047 1865 1184 1900 praepositi
1199 1865 1321 1898 licentia,
1341 1865 1424 1893 aridis
1437 1869 1566 1893 vescatur
1581 1873 1635 1893 una
1657 1865 1764 1894 hebdo-

979 1911 1070 1945 mada,
1088 1918 1150 1938 cum
1165 1911 1313 1939 metanteis
1329 1912 1482 1946 sexaginta.

1012 1955 1058 1981 Μ.
1084 1953 1113 1982 Si
1138 1955 1200 1990 quis
1229 1956 1348 1983 somniet
1380 1955 1601 1989 fornicationem,
1628 1956 1764 1984 abstineat

976 2000 1169 2027 communione
1184 1999 1298 2032 dieillo,
1315 1999 1397 2028 faciat
1411 2006 1559 2028 metanteas
1571 1997 1777 2037 quadraginta,'

977 2045 1128 2081 recitetque
1143 2046 1280 2081 psalmum
1290 2046 1560 2082 quinquagesimum,
1577 2055 1638 2075 cum
1651 2047 1764 2076 Domine

976 2089 1097 2116 miserere
1111 2090 1224 2117 centies.

1011 2133 1057 2161 42.
1080 2133 1169 2162 Mollis
1187 2135 1293 2170 absque
1316 2135 1510 2163 communione
1524 2136 1560 2164 sit
1585 2135 1681 2164 diebus
1697 2143 1752 2173 qua

975 2178 1110 2213 draginta.

1011 2224 1056 2251 45.
1072 2223 1187 2252 Mendax
1202 2224 1267 2252 item
1283 2225 1380 2254 diebus
1401 2225 1592 2261 quadraginta.

1013 2269 1055 2297 ιι.
1075 2270 1251 2298 Obtrectator
1262 2271 1390 2299 similiter
1406 2272 1503 2300 diebus
1519 2274 1710 2310 quadraginta.

1009 2313 1055 2340 45.
1080 2314 1263 2350 Blasphemus
1288 2317 1494 2351 quomodolibet
1518 2323 1546 2345 et
1574 2319 1763 2353 quandolibet,

974 2365 1072 2388 mutus
1086 2362 1122 2387 sit
1137 2361 1234 2389 diebus
1251 2363 1444 2399 quadraginta,
1459 2371 1522 2391 cum
1538 2365 1683 2392 mctanmis
1694 2372 1763 2399 quo-

974 2405 1040 2432 tidie
1056 2406 1264 2442 quinquaginta.

169 2439 235 2488 pg’.
252 2439 314 2479 Ἐὰν
329 2452 414 2479 Θέλων
434 2461 477 2484 τις
497 2455 704 2491 μιαροφαγήσῃ,
719 2454 789 2482 ἔστω
804 2455 920 2483 ἀκοινώ-

1011 2451 1057 2478 46.
1076 2452 1105 2479 Si
1120 2453 1182 2487 quis
1198 2453 1268 2481 cibis
1284 2455 1376 2482 velitis
1392 2462 1529 2490 vescatur,
1542 2456 1578 2484 sit
1595 2461 1672 2485 extra
1687 2465 1761 2485 com-

131 2505 212 2534 νητος
227 2497 274 2534 ἐτη
291 2501 310 2524 ε’
324 2506 331 2514 ο
348 2498 373 2524 εί
385 2498 414 2524 δὲ
427 2499 460 2526 ἐκ
472 2499 532 2534 βίας
547 2500 627 2527 τοῦτο
639 2500 723 2536 πάθῃ,
738 2502 845 2537 ἡμέρας
856 2511 920 2529 τεσ-

132 2552 166 2571 σα
171 2544 299 2579 ράκοντα.

169 2590 224 2624 μζ¹.
248 2589 312 2616 Ἐὰν
335 2590 451 2625 μοναχδς
467 2590 619 2627 μεγαλόσχη
625 2600 675 2626 μος
689 2591 760 2627 πέσῃ
771 2593 811 2623 εἰς
824 2593 919 2625 πάθος,

130 2635 202 2662 ἔστω
217 2636 400 2672 ἀκοινώνητος
418 2636 465 2672 ἔτη
487 2639 507 2664 ε’
521 2645 527 2652 ·
549 2638 574 2664 εί
597 2638 626 2664 δὲ
650 2638 848 2674 μικρὸσχημος,
873 2639 919 2674 ἐτη

973 2498 1131 2524 munionem
1146 2500 1224 2526 annis
1238 2500 1370 2536 quinque.
1383 2502 1460 2536 Quod
1477 2503 1500 2530 si
1517 2507 1628 2531 coactus
1645 2504 1698 2531 hoc
1721 2504 1763 2531 fe-

973 2544 1052 2576 cerit,
1070 2544 1167 2572 diebus
1179 2546 1370 2582 quadraginta,

1011 2591 1057 2618 47.
1077 2591 1105 2618 Si
1119 2593 1273 2620 monacltus
1289 2593 1380 2628 magni
1396 2593 1544 2622 schematis
1560 2595 1666 2622 labatur
1683 2596 1708 2622 in
1721 2596 1763 2622 iu-

975 2638 1096 2671 xuriam,
1114 2638 1150 2665 sit
1164 2643 1241 2666 extra
1266 2639 1490 2668 communionem
1513 2642 1722 2677 quinqucnnio:
1738 2642 1762 2669 si

891 2727 1007 2757 ΝΟΤιΕ.

166 2802 224 2836 (il)
239 2802 358 2839 Sanctus
373 2803 537 2832 Benedictus
551 2804 619 2839 Reg.
635 2811 695 2839 cap.
712 2803 729 2831 6
744 2813 751 2831 :
769 2813 778 2830 ι
794 2804 923 2832 Scurrili-

132 2843 200 2864 tates
213 2837 252 2864 vel
265 2839 341 2865 verba
356 2839 441 2865 otiosa
456 2844 481 2866 et
492 2840 575 2866 risum
587 2837 728 2870 moventia.
739 2844 837 2867 a'terna
848 2840 923 2867 clau—

129 2881 196 2901 sura
210 2874 238 2900 in
249 2874 368 2901 omnibus
382 2874 447 2902 locis
464 2875 621 2902 damnamus
633 2882 642 2907 ;
653 2879 678 2902 et
692 2875 726 2902 ad
738 2876 805 2903 talia
819 2875 924 2909 eloquia

975 2807 1261 2845 discipulumuaperire
1279 2816 1308 2835 os
1330 2817 1381 2836 non
1400 2809 1588 2845 permittimus.
1615 2819 1625 2836 ›
1646 2809 1756 2845 Legatul

977 2841 1014 2881 ibi
1037 2842 1161 2881 Martenii
1177 2841 1414 2881 Commentarius.
1432 2844 1533 2873 Eadem
1552 2853 1635 2881 porro
1650 2841 1760 2874 senten-

977 2878 1015 2905 tia
1030 2883 1072 2905 est
1091 2878 1118 2906 ὃ.
1136 2877 1229 2906 Basilii
1244 2879 1339 2907 Const.
1358 2888 1417 2915 cap.
1437 2880 1478 2908 i2.
