1925 3088
153 114 222 147 1755

150 217 272 245 nialibus
286 223 399 252 quoque
411 216 512 243 valeat.

188 264 234 291 48.
256 263 286 290 Si
301 263 453 290 monachus
465 261 560 290 ebrius
573 261 630 293 ﬁat.
649 261 785 288 habeatur
799 265 831 288 ut
854 259 942 288 forni-

153 309 256 340 carius,
270 314 297 336 et
309 308 343 336 sit
356 313 431 335 extra
444 306 664 335 communionem
685 306 805 334 biennio.

190 356 236 383 49.
249 355 278 382 Si
295 355 322 382 iu
340 354 448 390 publico
463 353 564 385 riserit,
586 353 622 380 sit
635 357 712 381 extra
719 351 942 380 communionem

153 399 252 426 diebus
268 397 448 433 quadraginta
455 418 462 425 .

189 443 234 471 50.
254 441 282 469 Si
304 441 340 469 ob
355 441 495 476 crapulam
515 440 664 472 vomuerit,
681 439 717 467 sit
740 439 845 475 pariter
864 443 943 467 extra

153 488 376 517 communionem
392 487 489 514 diebus
503 487 695 522 quadraginta.

190 535 235 562 5i.
253 534 282 562 Si
296 533 387 569 magni
413 532 563 560 schematis
578 532 731 560 monachus
746 532 806 560 sine
834 531 945 560 cucullo

154 589 206 610 suo
224 579 417 612 ambulaverit,
447 578 483 606 sit
498 582 577 605 extra
603 577 823 605 communionem
848 577 945 605 diebus

155 626 347 662 quadraginta.
369 624 463 660 Neque
480 624 556 652 enim
573 623 600 651 in
619 624 679 658 ejus
700 628 836 658 potestate
847 626 900 655 est,
916 627 946 650 ut

155 673 216 702 sine
232 671 380 701 schematis
388 670 594 706 suiinsiguibus
609 667 747 705 operetur,
761 673 808 697 aut
815 669 945 703 dormiat,

155 723 203 747 aut
217 719 438 755 quandocunque
455 718 497 745 vel
508 717 630 752 quolibet
646 716 780 744 ambulet.

191 765 237 793 52.
253 764 282 793 Si
297 766 361 800 quis
375 763 578 792 contradixerit
595 761 707 798 praesidi
724 768 787 794 suo,
805 760 848 788 vel
863 759 946 788 alicui

156 811 247 846 fratri,
258 811 292 839 sit
305 814 384 838 extra
400 809 624 838 communionem
639 807 737 836 diebus
751 806 945 842 quadraginta.

194 900 238 928 55.
252 899 404 928 Monachus
417 900 465 935 qui
485 906 547 927 cum
579 897 759 926 saecularibus
774 896 802 924 in
822 895 949 924 convivio

159 947 271 980 sederit.
291 947 329 975 sit
357 951 435 976 extra
451 946 677 975 communionem
709 943 806 972 diebus
829 943 949 979 quadra-

159 993 245 1030 ginta.

195 1040 241 1069 54.
268 1039 297 1068 Si
316 1039 470 1068 monachus
483 1043 533 1067 aut
554 1038 683 1066 monialis
716 1036 884 1065 monasterio
899 1042 951 1063 suo

159 1086 315 1122 dill‘ugiant,
334 1093 443 1121 pinnam
457 1083 752 1112 excommunicationis
764 1082 950 1111 duodecennis

161 1130 316 1158 incurrunt.
330 1129 358 1156 Si
375 1136 440 1156 vero
464 1128 558 1155 vitiata
575 1128 667 1155 anima
685 1128 755 1154 clam
783 1125 951 1154 monasterio

161 1183 191 1203 se
203 1173 397 1207 subduxerint,
417 1180 487 1208 opus
501 1177 545 1201 est
567 1177 597 1199 ut
620 1172 647 1199 hi
667 1172 787 1207 aliquem
805 1172 949 1206 probatum

161 1219 327 1248 monachum
341 1219 492 1251 inveniant,
508 1218 589 1253 eique
603 1225 691 1252 pauca
705 1225 737 1245 ex
757 1218 851 1245 multis
864 1217 951 1253 signi-

162 1266 254 1297 ﬁcent,
281 1273 343 1300 quae
374 1265 407 1292 ad
433 1265 473 1292 rei
499 1264 719 1291 emendationem
737 1264 899 1297 conferant;
923 1268 953 1291 ut

162 1318 210 1345 per
224 1310 375 1338 sacerdotis
392 1310 564 1345 prudentiam
594 1309 767 1337 reconciliari
788 1310 953 1345 praesidibus

162 1357 222 1385 suis
255 1357 371 1392 possint,
400 1361 427 1385 et
453 1357 481 1384 in
512 1356 623 1392 propria
637 1357 815 1389 monasteria.
848 1356 952 1385 sanatis

163 1402 264 1431 anima;
276 1403 376 1438 culpis,
394 1403 505 1430 reverti.

748 112 780 143 S.
797 111 993 142 THEODORI
1014 111 1187 143 ΞΤῘΙΒΙΤΑΞ
1714 111 1785 137 1755
1840 153 1846 155 Δ

153 180 218 200 vero
237 170 314 207 parvi
328 169 488 204 schematis,
511 168 632 197 biennio.
646 167 748 198 Eadem
764 169 809 197 lex
831 169 866 197 de
880 175 941 196 mo-

1019 168 1059 195 io-
1088 170 1103 196 6
1126 169 1207 201 αὐτὸς
1229 167 1260 196 δὶ
1285 167 1349 205 δρος
1373 165 1512 206 κρατείτω
1553 163 1603 192 καὶ
1622 162 1670 190 ιπὶ
1700 171 1785 198 μονα-

1714 105 1785 137 1756

995 223 1106 251 στριων.

1031 265 1087 297 μη¹.
1113 261 1177 288 Ἐὰν
1191 260 1308 297 μοναχδς
1324 259 1439 295 μεθύση,
1456 258 1634 294 ὲπύρνευσεν,
1651 255 1700 282 καὶ
1714 255 1787 282 ἔστω

994 307 1178 342 ἀκοινώνητος
1193 307 1241 342 ἐτη
1254 307 1311 333 δύο.

1032 352 1086 388 μθ’.
1108 352 1171 380 Ἐὰν
1195 352 1242 379 ἐπὶ
1262 352 1350 387 δήμου
1372 349 1487 386 γελάσῃ,
1508 348 1580 376 ἔστω
1603 348 1788 383 ἀκοινώνητος

995 399 1102 435 ἡμέρας
1119 402 1155 435 μί
1741 400 1744 401 ⁷

1029 447 1062 471 νί.
1081 444 1144 471 Ἐὰν
1159 444 1214 470 ἀπδ
1229 441 1455 479 γαστριμαργίας
1474 439 1573 477 έμέσῂ,
1590 439 1691 476 ὁμοίως
1708 439 1788 466 ἀκοι-

995 489 1113 526 νώνητος
1124 490 1194 517 έστω
1204 490 1311 525 ὴμέρας
1322 488 1359 524 μ’.

1031 539 1082 564 va’.
1101 536 1164 564 Ἐὰν
1178 535 1353 572 περιπατήσῃ
1367 533 1575 570 μεγαλόσχημος
1588 532 1653 560 ἀνευ
1663 531 1712 559 τοῦ
1724 540 1790 558 κου-

995 582 1121 610 κουλλίου
1136 582 1231 615 αὐτοῦ,
1248 582 1319 609 ἔστω
1342 580 1525 615 ἀκοινώνητος
1545 579 1653 614 ἡμέρας
1670 581 1710 614 μ”
1738 578 1790 604 οὐκ

996 627 1054 663 ἔχει
1071 627 1126 663 γὰρ
1141 626 1267 660 ἐξουσίαν
1282 625 1403 657 τοιοῦτος
1421 624 1486 652 ἄνευ
1510 623 1565 651 τῶν
1580 623 1724 659 συμϐόλων
1738 622 1788 650 τοῦ

996 674 1075 708 ἀγίου
1091 673 1231 709 σχήματος
1245 670 1428 708 ἐργάσασθαι,
1442 670 1460 706 ἢ
1477 669 1655 706 κοιμηθῆναι,
1670 669 1688 705 ἢ
1705 677 1788 705 περι-

997 718 1119 754 πατῆσαί
1131 727 1196 745 ποτε
1213 717 1344 745 πούποτε.

1031 762 1082 798 νβ’.
1103 762 1166 789 Ἐὰν
1179 761 1390 798 ἀντιλογήσηταί
1401 770 1443 793 τις
1454 759 1494 796 τῷ
1506 758 1659 797 προεστῶτι
1667 758 1762 791 αὐτοῦ,
1770 759 1789 795 ἧ

997 817 1050 836 τινι
1064 808 1173 844 ἀδελφῷ
1188 807 1283 842 αὑτοῦ,
1296 807 1369 836 ιστω
1392 807 1575 842 ἀκοινώνητος
1601 805 1709 842 ἡμέρας
1724 814 1789 832 τεσ-

999 855 1166 892 σαράκοντα.

1034 900 1086 935 νγ’.
1104 900 1168 927 Ἐὰν
1184 899 1253 935 μετὰ
1268 899 1410 935 κοσμικῶν
1424 898 1526 935 καθίσῃ
1541 898 1658 935 μοναχδς
1667 898 1708 931 είς
1720 907 1792 934 συμ-

999 946 1106 980 πόσιον,
1120 946 1193 973 ἔστω
1205 945 1389 981 ἀκοινώνητος
1402 945 1509 981 ἡμέρας
1525 948 1562 981 μ’.

1036 1032 1083 1060 vd’.
1107 1032 1170 1060 Ἐὰν
1185 1031 1301 1068 μοναχὺς
1321 1031 1338 1066 ἢ
1354 1031 1459 1067 μοναχῆ
1476 1030 1524 1058 τοῦ
1542 1030 1725 1067 μοναστηρίου
1739 1032 1791 1057 αὐ-

1001 1079 1056 1105 τῶν
1081 1077 1283 1112 ἀποδράσωσιν,
1302 1076 1410 1112 έχουσιν
1429 1076 1629 1112 ἀκοινωνησίας
1651 1076 1793 1109 ἐπιτίμιον

1001 1124 1049 1160 ἐτη
1066 1124 1100 1159 ιβ’
1111 1133 1118 1139 ·
1139 1124 1163 1150 εί
1179 1123 1207 1150 δέ
1227 1131 1260 1158 γε
1276 1123 1347 1150 κατὰ
1365 1122 1455 1158 ψυχὴν
1467 1122 1639 1158 βλάπτωνται
1654 1122 1701 1149 καὶ
1716 1121 1794 1154 ἐξέλ-

1002 1169 1069 1197 θωσι
1084 1169 1221 1204 λαθραίως
1235 1168 1290 1196 τῶν
1306 1167 1508 1204 μοναστηρίων,
1523 1168 1563 1194 δεῖ
1579 1167 1689 1197 τούτους
1701 1167 1793 1202 εὑρεῖν

1001 1215 1112 1251 δόκιμον
1129 1215 1257 1250 μοναχὸν,
1272 1214 1322 1241 καὶ
1333 1215 1366 1241 ὲκ
1381 1213 1435 1240 τῶν
1450 1213 1557 1241 πολλῶν
1567 1213 1646 1248 ὀλίγα
1660 1213 1794 1246 ἀναγγεῖ-

1003 1262 1047 1288 λαι
1059 1261 1134 1296 σὺτῷ
1146 1261 1214 1297 πρὸς
1230 1261 1375 1296 διόρθωσιν
1389 1260 1438 1294 τῆς
1453 1260 1546 1291 αἰτίας
1555 1259 1602 1286 τοῦ
1616 1258 1792 1295 πράγματος,

1003 1307 1048 1335 ίνα
1063 1307 1107 1334 διὰ
1120 1309 1170 1342 τῆς
1183 1307 1317 1339 συνέσεως
1333 1306 1380 1334 τοῦ
1396 1307 1491 1342 ίερέως
1506 1305 1640 1342 δυνηθῶσι
1658 1305 1795 1332 καταλλα-

1003 1353 1087 1389 γῆναι
1096 1355 1153 1386 τοῖς
1172 1353 1342 1389 προεστῶσιν
1354 1352 1455 1384 αὐτῶν,
1469 1352 1516 1379 καὶ
1531 1351 1739 1386 ὑποστρέψωσιν
1753 1351 1795 1382 είς

1003 1399 1038 1427 τὰ
1065 1400 1119 1426 ῐδια
1147 1400 1326 1435 μοναστήρια,
1357 1398 1557 1435 διορθουμένων
1583 1397 1638 1425 τῶν
1667 1396 1796 1433 ψυχικῶν

1006 1447 1183 1481 σφαλμάτων.

201 1490 246 1519 55.
262 1491 410 1519 Monachus
422 1491 470 1527 qui
485 1491 636 1519 comederit
653 1496 701 1519 aut
727 1492 827 1520 biberit
843 1496 905 1518 ante
922 1491 953 1519 li-

1040 1496 1087 1521 νε’.
1107 1492 1232 1528 Μοναχὸς
1264 1492 1361 1527 φαγὼς
1391 1492 1408 1528 ἢ
1438 1491 1509 1520 πιὼν
1536 1491 1590 1527 πρὸ
1621 1491 1672 1526 τῆς
1692 1490 1798 1519 ἀτιοὶὺ-

164 1544 227 1564 nem
241 1544 387 1572 synaxeos,
408 1536 491 1565 faciat
504 1537 538 1565 ad
564 1535 686 1565 mensam
708 1543 859 1565 metauwas
870 1537 952 1572 quin-

165 1583 307 1618 quaginta.

202 1627 282 1656 56.Si
297 1629 359 1663 quis
371 1628 521 1658 monachus
534 1629 630 1665 synaxi
643 1629 670 1656 in
680 1628 797 1656 ecclesia
810 1628 955 1661 assistens,

165 1673 240 1701 haud
256 1681 343 1709 usque
356 1674 390 1702 ad
412 1673 492 1701 linem
516 1674 551 1701 ibi
572 1674 734 1709 reperiatur,
748 1678 861 1708 excepto
875 1681 956 1708 supe—

167 1719 249 1746 rioris
260 1719 352 1754 jussu,
373 1725 421 1747 aut
444 1727 543 1755 magna
566 1720 738 1752 necessitate,
764 1719 844 1747 faciat
867 1724 954 1746 meta.

168 1771 245 1792 uaeas
255 1765 446 1800 quadraginta,
457 1765 594 1800 totiesque
604 1765 678 1793 dicat
691 1765 814 1798 Domine,
822 1766 955 1792 miserere.

203 1812 247 1839 57.
265 1811 292 1839 Si
303 1812 455 1841 mOnachus
468 1820 530 1840 cum
539 1813 600 1840 aliis
613 1813 757 1840 monachis
771 1812 806 1839 ob
818 1812 958 1847 quodlibet

169 1859 309 1892 negotium
341 1859 574 1894 conspirationem
597 1858 702 1891 fecerit.
733 1863 841 1886 centum
875 1857 960 1886 faciat

169 1909 330 1937 metanmas,
348 1909 376 1932 et
390 1905 475 1932 biduo
493 1910 622 1933 vescatur
638 1904 724 1932 aridis
745 1911 868 1939 vespere.

205 1947 250 1975 58.
272 1947 377 1984 Siquis
408 1949 560 1977 monachus
576 1949 729 1977 discinctus
757 1949 785 1976 in
811 1949 882 1977 lecto
908 1956 960 1977 suo

169 1994 320 2027 dortnierit,
334 2001 485 2024 metanceas
500 1995 583 2023 faciat
600 1995 811 2031 quinquaginta.

205 2041 251 2068 59.
265 2041 293 2068 Si
314 2042 376 2077 quis
397 2042 551 2070 monachus
566 2043 594 2070 in
608 2043 706 2070 balneo
735 2043 893 2070 unctionem
918 2041 959 2070 {e-

171 2087 249 2121 cerit,
267 2094 419 2117 metanteas
430 2093 493 2125 agat
517 2093 665 2118 trecentas.
681 2088 828 2117 Saecularis
854 2092 959 2122 autem,

172 2139 298 2165 centum,
314 2140 428 2170 uterque
443 2143 508 2163 vero
521 2135 557 2163 sit
568 2140 646 2163 extra
661 2135 884 2163 communionem
897 2134 963 2162 heb-

172 2179 288 2206 domada
306 2187 370 2207 una.

207 2224 252 2252 60.
267 2224 416 2253 Monachus
437 2226 484 2261 qui
504 2225 531 2253 in
560 2233 630 2261 pago
658 2226 702 2254 vel
718 2225 801 2254 etiam
821 2225 959 2258 coenobio,

173 2271 235 2298 sine
249 2271 386 2306 praepositi
400 2272 443 2299 sui
469 2272 660 2300 benedictione
676 2280 732 2300 uno
757 2279 872 2307 vespere
895 2272 960 2299 dor-

172 2318 275 2351 mierit,
305 2318 426 2352 vigilabit
439 2323 519 2346 nocte
548 2318 653 2354 integra
676 2318 780 2347 faciens
809 2323 962 2346 metanteas

173 2369 283 2392 centqu
300 2365 509 2401 quinquaginta.

209 2411 253 2439 6i.
274 2411 424 2439 Monachus
437 2411 485 2447 qui
503 2412 529 2439 in
550 2412 647 2448 synaxi
660 2412 763 2445 riserit,
781 2413 963 2449 quadraginta

174 2463 327 2486 metanoeas
340 2457 433 2486 faciat.

209 2505 254 2533 62.
276 2505 424 2533 Monachus
439 2510 486 2533 aut
501 2505 652 2538 saecularis,
673 2505 719 2540 qui
741 2513 794 2532 non
810 2505 863 2533 sub
882 2513 961 2541 poena

173 2552 306 2580 canonica
321 2552 498 2585 constitutus,
513 2559 560 2586 per
570 2552 750 2587 quadraginta
762 2551 822 2580 dies
839 2560 964 2580 commu-

174 2600 284 2627 nionem
301 2599 468 2635 negligenter
481 2598 617 2630 omiserit,
640 2606 713 2626 anno
734 2606 791 2625 uno
820 2603 964 2633 separetur

173 2645 208 2672 ab
223 2644 350 2673 ecclesia.

209 2691 254 2718 65.
275 2689 424 2718 Monachus
438 2689 486 2725 qui
508 2697 571 2717 eum
589 2689 702 2717 moniali
725 2697 783 2716 rem
814 2689 961 2723 habuerit,

175 2741 320 2770 postquam
351 2734 379 2762 hi
409 2742 426 2762 a
457 2739 568 2770 peccato
594 2735 780 2768 cessaverint,
812 2735 963 2770 puniantur

175 2780 304 2809 triennali
323 2780 620 2809 excommunicatione.

214 2820 260 2854 θι.
276 2825 423 2855 Saecularis
445 2825 574 2855 sacerdos
588 2825 635 2862 qui
651 2825 863 2861 sacriﬁcaverit,
881 2831 908 2855 et
931 2834 964 2854 ex

1006 1547 1075 1571 σεως
1091 1539 1141 1573 τῆς
1158 1538 1304 1572 συνάξεως,
1326 1537 1438 1565 ποιείτω
1460 1538 1489 1564 ὲν
1503 1538 1538 1574 τῇ
1558 1535 1687 1573 τραπέζῃ
1710 1544 1797 1572 μετα-

1005 1585 1080 1615 νοίας
1093 1588 1126 1613 ν’.

1041 1629 1095 1664 νς’.
1116 1630 1179 1658 Ἐὰν
1193 1629 1308 1666 μοναχδς
1323 1630 1432 1657 ἵσταται
1451 1630 1491 1661 εἰς
1506 1629 1617 1662 σύναξιν
1628 1629 1680 1663 τῆς
1694 1628 1796 1662 ἐκκλη-

1007 1677 1078 1710 σίας,
1095 1677 1142 1704 xui.
1157 1677 1198 1708 είς
1211 1676 1243 1703 τδ
1256 1676 1332 1708 τέλος
1344 1676 1393 1711 οὐχ
1407 1676 1505 1712 εὑρεθῇ
1521 1676 1607 1712 χωρὶς
1621 1675 1799 1711 προστάξεως

1007 1723 1054 1750 τοῦ
1071 1722 1240 1758 μειζοτέραν.
1253 1722 1270 1758 ἢ
1286 1723 1370 1757 χωρὶς
1385 1722 1506 1757 μεγάλης
1521 1723 1657 1757 ἀνάγκης,
1684 1721 1798 1748 ποιείτω

1009 1768 1154 1804 μετανοίας
1170 1771 1207 1803 μ’.
1222 1767 1324 1802 λεγέτω
1333 1767 1374 1800 τὺ,
1384 1768 1481 1802 Κύριε,
1491 1768 1633 1802 ἐλέησον,
1651 1767 1688 1803 μ’.

1043 1814 1092 1845 νζ¹.
1108 1813 1143 1841 El
1155 1822 1197 1846 τις
1209 1813 1326 1849 μοναχὺς
1341 1813 1479 1849 φρατρίας
1494 1814 1568 1840 ποιεῖ
1597 1812 1668 1848 μετά
1695 1811 1800 1847 ἑτέρων

1010 1859 1134 1895 μοναχῶν
1159 1859 1198 1891 είς
1230 1859 1387 1894 οἱονδήποτε
1410 1859 1538 1894 πρᾶγμα,
1572 1857 1685 1885 ποιείτω
1716 1865 1802 1892 μετα-

1009 1905 1083 1937 νοίας
1105 1908 1138 1941 ρ’,
1173 1904 1337 1941 ξηροφαγῶν
1349 1904 1402 1936 ἕως
1414 1905 1534 1940 ἑσπέρας
1548 1905 1655 1940 ἡμέρας
1670 1903 1728 1931 δύο.

1045 1955 1096 1987 νη¹.
1111 1951 1147 1979 Et
1157 1960 1200 1984 τις
1213 1951 1329 1987 μοναχὺς
1349 1950 1471 1983 ἄζωστος
1485 1951 1616 1986 κοιμᾶται
1639 1950 1679 1982 εἰς
1690 1949 1741 1985 τὴν
1752 1949 1803 1976 αὐ-

1010 1998 1059 2026 τοῦ
1080 1998 1186 2034 κοίτην,
1203 1997 1316 2024 ποιείτω
1330 1997 1476 2033 μετανοίας
1491 2000 1524 2024 v’.

1045 2044 1094 2072 νϐ’.
1110 2044 1145 2072 Ei
1159 2053 1202 2076 τις
1218 2044 1334 2080 μοναχδς
1348 2044 1377 2070 ὲν
1391 2043 1525 2079 βαλανείῳ
1549 2043 1655 2079 χρίσμα
1679 2043 1801 2077 ποιήσει.

1011 2091 1122 2118 ποιείτω
1137 2090 1282 2126 μετανοίας
1295 2093 1329 2123 τ’,
1344 2090 1359 2116 6
1373 2090 1403 2117 δὲ
1430 2089 1565 2125 κοσμικδς
1579 2092 1603 2126 ρ’
1615 2097 1623 2103 ·
1635 2088 1758 2115 εστωσαν
1772 2088 1802 2114 δὲ

1011 2137 1163 2174 ἀμφότεροι
1177 2137 1366 2173 ἀφωρισμένοι
1381 2136 1516 2172 ἑϐδομάδα
1534 2135 1609 2170 μίαν.

1048 2227 1080 2262 ε’.
1093 2228 1217 2264 Μοναχδς
1228 2228 1257 2255 ὲν
1268 2227 1346 2263 χώρα
1359 2228 1375 2264 ἢ
1389 2227 1514 2261 κοινοὸίῳ
1524 2226 1589 2254 ἀνευ
1599 2226 1649 2262 τῆς
1659 2224 1706 2252 τοῦ
1717 2225 1804 2260 ἡγου-

1014 2274 1095 2310 μένου
1114 2274 1197 2310 εὐχῆς
1207 2273 1348 2309 κοιμηθεὶς
1364 2273 1428 2308 μίαν
1445 2273 1576 2307 ἑσπέραν,
1593 2271 1664 2298 ἔστω
1686 2271 1803 2306 ἱστάμε-

1012 2328 1056 2352 νος
1066 2319 1152 2347 νύκτα
1166 2319 1322 2354 ὀλόκληρον,
1335 2318 1420 2345 ποιῶν
1441 2317 1588 2353 μετανοίας
1604 2316 1654 2352 ρν’.

1049 2410 1099 2445 ξαν.
1113 2409 1237 2445 Μοναχδς
1253 2408 1282 2436 ιν
1299 2408 1407 2441 συνάξει
1431 2407 1549 2443 γελάσας
1559 2426 1568 2441 ,
1584 2406 1697 2434 ποιείτω
1719 2414 1806 2442 μετα-

1014 2457 1088 2488 νοίας
1103 2459 1140 2492 μ’.

1051 2503 1100 2538 ξβί.
1113 2501 1237 2536 Μοναχὸς
1255 2501 1271 2536 ἢ
1288 2499 1421 2535 κοσμικὸς
1447 2499 1485 2536 μὴ
1503 2498 1540 2526 ῶν
1560 2499 1804 2535 ὲπιτετιμημένος.

1015 2551 1063 2578 καὶ
1090 2548 1231 2583 ἀμελήσας
1247 2546 1354 2582 ἡμέρας
1383 2549 1409 2581 μ’
1430 2546 1469 2581 μὴ
1492 2545 1666 2580 κοινωνῆσαι,
1678 2545 1806 2571 ὲνιαυτδν

1015 2594 1173 2632 χωριζέσθω
1185 2594 1235 2627 τῆς
1250 2592 1408 2628 ἐκκλησίας.

1051 2684 1101 2719 ξγθ.
1116 2681 1241 2717 Μοναχδς
1258 2681 1407 2717 μοναστρία
1416 2680 1597 2716 συμφθαρεὶς,
1609 2679 1677 2716 μετά
1691 2680 1722 2707 τδ
1733 2679 1806 2707 παύ-

1017 2731 1116 2759 σασθαι
1142 2730 1240 2761 αὐτοὺς
1261 2729 1311 2763 τῆς
1334 2727 1482 2764 ἁμαρτίας,
1505 2727 1644 2764 ιχέτωσαν
1667 2727 1807 2763 ἐπιτίμιον

1015 2776 1214 2812 ἀκοινωνησίας
1227 2775 1274 2811 ἔτη
1286 2778 1321 2810 γ’.

1052 2823 1098 2857 ξδ’.
1119 2822 1219 2859 Ἱερείις
1233 2820 1364 2857 κοσμικδς
1377 2821 1570 2856 ἱερουργήσας,
1587 2821 1631 2848 καὶ
1644 2821 1674 2848 ιιι
1698 2827 1807 2854 γαστρι-
