1925 3088
125 134 195 169 175⁷1

588 137 713 174 CANON
732 138 775 170 IN
793 138 1070 171 ADORATIONEM
1090 140 1124 173 S.
1142 140 1290 175 ERUCIS.

1687 141 1756 175 1758

126 192 248 229 μαρτιας
265 192 368 228 lpida;
387 193 422 229 τῇ
444 194 513 231 αὐτῇ
537 193 641 231 ἡμέρᾳ,
665 194 752 231 ιχέτω
778 195 915 231 ἐπιτίμιον

990 197 1076 231 'apula
1102 196 1146 224 die
1172 197 1269 225 eadem
1284 196 1420 225 vomuerit
1431 216 1441 231 ,
1459 196 1513 225 hac
1531 204 1611 232 paena
1625 197 1757 226 multetur

125 239 234 276 ἡμέρας
250 242 277 274 μ’
293 238 341 267 τοῦ
355 239 394 275 μὴ
410 240 598 276 ἱερουργῆσαι.

160 285 255 319 ξε¹.Εῐ
266 294 309 318 τις
333 286 385 313 ὑπὸ
402 286 450 313 τοῦ
471 287 595 315 διαϐόλου
619 287 824 324 πολεμούμενος
846 288 914 316 ἀπο-

126 332 280 367 σκιρτήσει,
298 331 347 358 καὶ
361 331 444 359 πάλιν
460 334 579 368 στραφῇ,
595 333 651 369 ἔχει
668 334 806 369 ἐπιτίμιον
818 335 914 370 χρόνον

125 377 183 404 ἕνα.
199 376 230 403 El
240 377 270 404 δὲ
285 377 330 404 καὶ
346 377 386 411 εἰς
401 377 450 413 τὴν
462 376 536 413 ὤραν
545 377 593 405 τοῦ
608 378 723 406 θανάτου
739 378 823 406 αὑτοῦ
836 387 916 414 μετα-

125 424 228 457 νοήσει,
246 422 353 457 δέχεται
367 423 447 450 αὑτὸν
468 424 483 450 6
502 424 586 457 Θεός·
603 425 703 461 ἠλέησε
724 425 778 461 γὰρ
801 425 882 452 αὐτὴν
901 425 915 452 ὁ

126 469 245 504 Χριστὸς
270 469 366 497 εἰπών’
389 470 469 505 Χαρά
495 471 599 505 γίνεται
618 472 648 498 ὲν
675 471 783 508 οὐρανῷ
806 471 853 499 ἐπὶ
875 472 916 499 ἐνὶ

128 514 283 550 ἁμαρτωλῷ
301 515 485 550 μενανοοῦντι.

967 247 998 270 ut
1009 242 1191 278 quadraginta
1205 242 1303 270 diebus
1315 243 1498 271 sacriﬁcando
1513 243 1549 271 sit
1564 243 1738 272 interdictas.

1002 289 1046 317 65.
1065 289 1094 316 Si
1117 289 1182 325 quis
1206 294 1380 325 oppugnatus
1403 297 1419 317 a
1440 289 1550 317 diabolo
1563 289 1757 324 prevaricatus

967 335 1061 369 fuerit,
1081 336 1130 364 sed
1151 341 1247 371 postea
1265 335 1421 370 resipuerit,
1434 335 1499 362 anni
1517 334 1599 363 unius
1619 335 1756 370 poeniten-

969 382 1006 409 tia
1019 381 1158 409 multetur.
1177 381 1255 415 Quod
1266 382 1289 409 si
1306 387 1398 409 tamen
1413 381 1439 408 in
1452 381 1512 416 ipso
1530 381 1628 409 mortis
1641 381 1758 408 articulo

968 428 1135 463 paenituerit,
1160 427 1258 462 recipit
1273 435 1335 454 eum
1361 426 1445 454 Deus.
1463 426 1585 461 Namque
1599 426 1624 454 ei
1649 426 1756 454 veniam

969 474 1083 502 contulit
1094 473 1220 501 Christus
1235 473 1327 501 verbis
1345 473 1399 501 illis
1414 482 1422 500 :
1438 472 1572 500 Gaudium
1592 477 1634 500 est
1648 472 1675 499 in
1687 472 1757 500 ccelo

970 527 1054 554 super
1069 526 1125 547 uno
1141 523 1286 555 peccatore
1304 519 1494 554 panitentiam
1513 522 1620 552 agente.
1645 544 1649 547 _

131 610 1753 630 Μ

765 690 834 718 ΤΟΥ
855 690 959 718 ΑΙΊΟΥ
988 690 1125 717 ΠΑΤΡΟΣ

417 776 822 835 ΘΕΟΔΩΡΟΥ
857 775 1008 834 ΤΟΥ
1037 776 1459 835 ΣΤΟΥΔΙΤΟΥ

403 888 598 932 ΚΑΝΩΝ
625 888 710 932 ΕΙΣ
724 888 839 932 ΤΗΝ
857 887 1483 934 ΣΤΑΥΡΟΠΡΟΣΚΥΝΗΣΙΝ.

453 1065 512 1121 S.
537 1124 540 1128 ,
568 1066 632 1121 Ρ.
690 1064 928 1122 THEOD

990 1066 1059 1122 BI
1107 1065 1445 1124 STUDlT/E

421 1184 617 1232 CANON
656 1185 721 1230 IN
757 1184 1198 1231 ADORATIONEM
1236 1186 1463 1231 CRUCIS.

667 1282 817 1319 (GnE'rssn.
836 1283 873 1310 De
893 1282 988 1315 Cruce,
1007 1287 1028 1311 t.
1050 1282 1095 1317 lll,
1112 1291 1141 1319 p.
1156 1283 1232 1319 521.)

472 1435 539 1472 om
556 1436 594 1464 A’.

174 1483 359 1520 Πανηγύρεως
373 1482 474 1518 ἡμέρα.
497 1483 537 1518 Τῇ
553 1483 660 1518 ἐγέρσει
675 1484 794 1520 Χριστοῦ
812 1486 926 1518 θάνατος

140 1529 255 1565 φροῦδος
283 1529 373 1564 ὤφθη,
404 1528 478 1563 ζωῆς
508 1528 644 1556 ἀνέτειλεν
675 1530 758 1565 αὐγὴ.
791 1531 806 1558 ό
840 1531 926 1567 Ἀδὰμ

139 1574 290 1608 ἐξαναστὰς
305 1573 412 1611 χορεύει
431 1575 514 1610 χαρᾷ.
533 1573 573 1600 διὸ
594 1573 772 1611 ἀλαλάζωμεν
794 1576 927 1604 ἐπινίκιον

139 1620 257 1656 ᾄδοντες.

172 1666 393 1702 προσκυνήσεως
414 1666 506 1701 ἡμέρα
529 1666 574 1694 τοῦ
595 1667 686 1702 τιμίου
703 1668 831 1703 σταυροῦ,
850 1668 927 1695 δεῦτε

141 1712 210 1747 πρὸς
225 1711 320 1738 τοῦτον
334 1712 443 1743 πάντες.
457 1712 512 1747 Τῆς
526 1712 581 1747 γὰρ
591 1713 728 1748 ὲγέρσεως
743 1713 861 1748 Χριστοῦ
878 1714 927 1746 τὰς

140 1758 228 1791 αὐγὰς
239 1757 399 1792 φωτοσολῶν
412 1758 570 1793 προτίθεται
581 1758 639 1792 νῦν,
648 1758 730 1786 αὑτὸν
740 1759 928 1794 ἀσπασώμεθα

139 1804 265 1840 ψυχικῶς
280 1804 469 1840 ἀγαλλόμενοι.

184 1851 358 1884 Ἐπιφάνηθι,
369 1851 383 1877 ὁ
403 1851 490 1886 μέγας
514 1850 561 1878 τοῦ
573 1851 677 1887 Κυρίου
694 1851 820 1888 σταυρὸς.
837 1851 928 1885 Δεϊξόν

142 1904 187 1930 μοι
220 1895 282 1930 litim:
309 1895 384 1922 Θείαν
414 1897 463 1931 τῆς
491 1895 657 1932 ὼραιότητός
687 1905 734 1923 σου
767 1896 826 1930 νῦν,
855 1898 930 1931 ἄξιον

141 1939 283 1976 [ἀξίωσον]
300 1940 491 1976 προσκυνητὴν
519 1941 647 1973 αὶνέσεὼς
673 1950 730 1969 σου.
752 1943 808 1969 Καὶ
821 1943 876 1978 γὰρ
892 1943 930 1975 ὡς

140 1986 258 2022 ἐμψύχῳ
271 1995 323 2017 σοι,
337 1987 384 2013 καὶ
399 1986 492 2021 φωνῶ,
507 1987 555 2013 καὶ
567 1986 805 2022 προσπτύσσομαι.

177 2033 369 2060 Αἰνεσάτωσαν
395 2031 547 2068 συμφώνως
566 2032 691 2068 οὐρανὸς.
718 2033 764 2060 καὶ
784 2034 801 2070 ἡ
827 2033 873 2069 γῆ.
889 2034 931 2061 δτι

142 2080 288 2115 πρόκειται
303 2080 385 2106 πᾶσιν
396 2080 410 2106 ὁ
421 2079 651 2114 παμμακάριστος
663 2079 788 2115 σταυρὸς,
800 2076 823 2114 ᾦ
832 2080 931 2114 παγεὶς

1311 1437 1380 1465 ODA
1399 1439 1420 1466 l.

1011 1483 1074 1512 Dies
1088 1484 1189 1512 laetitia!
1205 1489 1256 1512 est.
1268 1485 1370 1512 Christi
1387 1485 1596 1513 resuscitatione
1608 1493 1682 1514 mors
1698 1494 1764 1515 eva-

976 1532 1045 1563 nuit,
1063 1531 1123 1557 vita:
1138 1531 1267 1565 splendor
1281 1531 1404 1564 exstitit;
1423 1531 1510 1558 Adam
1528 1539 1674 1567 resurgens
1698 1540 1762 1560 cum

977 1576 1076 1611 gaudio
1086 1575 1201 1603 choreas
1213 1575 1297 1607 ducit,
1318 1580 1460 1610 propterea
1471 1576 1621 1611 jubilemus
1639 1577 1763 1606 victricia

977 1623 1100 1650 carmina
1111 1622 1300 1649 concinentes.

1012 1668 1128 1696 Advenit
1146 1668 1202 1696 dies
1218 1667 1350 1695 adorandi
1366 1668 1514 1702 pretiosam
1528 1674 1637 1694 crucem
1652 1667 1766 1700 ;adeste

978 1721 1083 1742 omnes.
1098 1713 1208 1741 Jaciens
1226 1713 1299 1741 enim
1316 1711 1530 1740 resurrectionis
1542 1711 1643 1739 Christi
1661 1712 1766 1740 lucidos

980 1761 1085 1792 radios,
1101 1769 1174 1788 nunc
1194 1763 1314 1796 prostat;
1330 1767 1390 1787 eam
1403 1759 1518 1794 proinde
1533 1759 1649 1794 spiritali
1667 1759 1767 1794 gaudio

979 1806 1051 1843 pleni
1066 1806 1263 1842 amplectamur
1279 1809 1306 1832 et
1318 1805 1522 1832 exesculemur.

1015 1851 1164 1888 Appareto,
1177 1859 1194 1879 ο
1206 1851 1340 1878 immensa
1360 1850 1469 1878 Domini
1484 1857 1563 1882 crux,
1574 1849 1687 1877 ostende
1700 1848 1768 1876 mihi

980 1906 1056 1926 nunc
1072 1898 1192 1926 divinam
1208 1897 1306 1924 faciem
1319 1895 1472 1923 venustatis
1486 1898 1548 1922 tuaz.
1566 1894 1683 1929 Dignare
1703 1894 1769 1921 ado-

981 1947 1114 1974 ratorem,
1129 1945 1158 1969 ut
1170 1941 1307 1976 praeconia
1321 1944 1369 1967 tua
1381 1939 1518 1966 decantet.
1539 1937 1606 1965 Nam
1623 1942 1652 1965 ut
1667 1945 1728 1965 cum
1741 1945 1771 1965 re

982 1989 1103 2016 animata
1115 1992 1204 2016 tecum
1219 1987 1330 2022 loquor.
1347 1990 1430 2021 teque
1447 1985 1609 2020 amplector.

1018 2033 1125 2061 Laudes
1140 2040 1259 2060 consona
1276 2039 1344 2059 voce
1362 2031 1508 2059 decantent
1520 2030 1619 2057 coelum
1642 2034 1670 2057 et
1686 2034 1770 2061 terra,

985 2078 1049 2113 quia
1060 2078 1189 2106 omnibus
1204 2084 1273 2104 crux
1281 2076 1440 2104 beatissima
1458 2075 1597 2110 proposita
1614 2079 1667 2107 est,
1682 2075 1771 2107 inqua

145 2112 310 2162 σοιματικὼς
327 2125 409 2160 ἐτύθη
429 2112 653 2161 Χριστὸς,γαὺτδν
670 2112 859 2162 ἀσπασώμεθα
877 2112 928 2160 itu.

990 2112 1112 2152 Christus
1129 2131 1181 2151 suo
1200 2129 1316 2158 corpore
1344 2122 1415 2149 ﬁxus
1436 2121 1593 2148 immolatus
1613 2125 1666 2153 est,
1685 2120 1772 2154 ipsam

145 2173 230 2209 χικῶς
243 2171 435 2207 ἀγαλλόμενοι.

464 2216 627 2252 Τριαδικόν.

179 2264 215 2291 Ὧ
230 2265 317 2300 Τριὰς
330 2266 386 2295 τοϊς
406 2265 604 2301 χαρακτῆρσιν,
626 2260 649 2290 ὦ
672 2262 754 2298 μονὰς
775 2264 809 2299 τῇ
831 2263 934 2299 μορφῇ,

144 2312 248 2346 Πάτερ,
274 2310 322 2338 Υἱὲ
351 2311 399 2338 καὶ
423 2312 544 2346 Πνεῦμα.
565 2311 600 2337 Ἡ
627 2309 796 2345 ὁμοδύναμος
822 2309 884 2342 ὲνὰς
906 2310 935 2336 ὲν

147 2358 244 2393 βουλῇ.
258 2358 305 2384 καὶ
323 2357 442 2393 θελήσει,
465 2358 513 2384 καὶ
534 2357 652 2393 κράτους
676 2355 758 2391 ἀρχῇ,
774 2355 820 2382 τὸν
832 2355 936 2391 κόσμον

148 2412 196 2430 σου
210 2403 342 2438 φύλαττε,
355 2403 405 2438 τὴν
420 2403 533 2438 εἰρήνην
548 2400 731 2438 βραϐεύουσα.

458 2447 626 2475 Θεοτόκιον.

185 2494 288 2530 Πεῖραν
302 2494 371 2526 ὅλως
387 2495 404 2529 ἡ
414 2493 551 2530 Παρθένος
570 2493 608 2528 μὴ
623 2488 710 2520 εἰδυῖα
723 2491 830 2527 ἀνδρὸς,
850 2491 937 2518 ἄσπο-

150 2548 196 2577 ρον
220 2541 324 2572 τίκτεις
351 2539 461 2576 βρέφος,
480 2539 615 2574 ἄχραντον
640 2538 732 2574 φέρεις
755 2536 876 2569 τοκετὺν,
893 2535 939 2564 τδν

149 2587 205 2613 τῶν
230 2587 299 2613 ὅλων
321 2585 436 2622 ποιητὴν
454 2585 570 2621 Χριστὸν
586 2584 631 2610 τὸν
647 2583 723 2616 Θεὸν,
748 2582 828 2610 αὑτὸν
843 2582 939 2609 ἐκδυσ-

150 2632 262 2668 ώπησον
275 2631 434 2668 εῑρηνεῦσαι
445 2631 480 2658 τὰ
496 2631 651 2666 σύμπαντα.

455 2678 636 2706 Καταόασια.

193 2723 222 2752 ὐ
236 2725 374 2753 θειότατος
386 2724 564 2761 προετύπωσε
573 2723 657 2750 πάλαι
667 2722 768 2756 Μωσῆς
781 2721 809 2748 ὲν
824 2719 942 2756 Ἐρυθρᾷ

985 2170 1056 2198 laetis
1075 2169 1214 2197 mentibus
1227 2167 1393 2196 osculemur.

1297 2212 1460 2240 Triadicum.

1017 2261 1040 2290 0
1064 2262 1186 2289 Trinitas
1205 2259 1341 2296 personis,
1377 2266 1394 2286 ο
1419 2259 1510 2285 unitas
1543 2261 1653 2287 natura,
1684 2255 1773 2286 Paw,

985 2308 1049 2341 Fili,
1066 2313 1093 2336 et
1108 2308 1226 2343 Spiritus
1237 2310 1341 2335 sancte.
1354 2304 1451 2333 Unitas
1464 2305 1586 2340 ejusdem
1600 2307 1627 2330 et
1663 2302 1775 2336 aequalis

986 2355 1114 2391 potentiae
1152 2353 1280 2386 consilio,
1315 2352 1468 2384 voluntate,
1488 2353 1631 2385 potestate,
1661 2349 1775 2383 llnpt'lin

987 2401 1119 2430 mundum
1136 2403 1214 2428 tuum
1236 2398 1356 2431 custodi,
1371 2405 1521 2432 pacemque
1540 2395 1671 2423 concede.

1297 2444 1478 2472 Theatoct‘um.

1025 2491 1145 2521 Omnino
1163 2498 1261 2526 expers
1273 2490 1338 2522 viri,
1354 2489 1413 2517 sine
1425 2488 1529 2516 semine
1538 2487 1613 2522 paris
1632 2486 1754 2513 infant-H-

988 2544 1152 2575 partumque
1175 2537 1249 2574 geris
1264 2536 1481 2566 immaculatum,
1497 2533 1628 2569 iomnium
1652 2531 1741 2558 cntuii'

991 2593 1048 2612 rem
1056 2584 1196 2612 Christum
1207 2583 1304 2616 Deum,
1317 2582 1405 2617 ipsum
1415 2587 1509 2613 exora,
1522 2583 1552 2606 ut
1562 2578 1668 2606 cunctis
1686 2585 1726 2611 pm
1738 2590 1740 2597 π

991 2630 1134 2666 largiatur.

1303 2672 1459 2701 Catabasia.

1027 2721 1099 2750 Olim
1114 2721 1224 2749 divinus
1236 2719 1344 2755 Moyses
1373 2717 1556 2754 praellguravit
1570 2723 1677 2744 crucum
1695 2719 1780 2747 tuam,

152 2771 276 2807 θαλάσσῃ
291 2759 455 2803 διαϐιϐάσας
476 2770 584 2806 Ἰσραὴλ
609 2769 654 2796 τὸν
678 2767 793 2803 σταυρόν
814 2775 873 2800 σου,
890 2767 928 2802 τὴ¹

994 2766 1141 2794 traducens
1156 2765 1287 2801 populum
1302 2763 1482 2791 lsraeliticum
1495 2769 1543 2796 per
1559 2768 1633 2788 mare
1645 2759 1781 2790 Rubrum,

153 2817 241 2853 ὑγρὰν
255 2819 288 2853 τῇ
301 2817 392 2852 ῥάϐδῳ
405 2815 508 2854 τεμὼν,
521 2816 593 2852 ᾠδὴν
602 2823 643 2842 σοι
657 2813 757 2847 ἐξόδιον
767 2813 942 2849 ἀναμέλπων,

153 2863 256 2897 Χριστὲ
270 2865 285 2891 6
299 2863 376 2896 Θεὸς.

996 2813 1071 2848 virga
1088 2811 1168 2848 aquis
1178 2809 1289 2842 divisis;
1306 2808 1443 2837 canticum
1453 2808 1544 2836 exitus
1555 2805 1709 2835 celebrandi
1721 2811 1784 2840 gra-

996 2859 1034 2886 tia
1048 2857 1108 2889 tibi.
1129 2856 1235 2886 Christe
1250 2855 1331 2886 Deus.
1345 2854 1505 2894 decantatis.
