1925 3088
183 127 254 164 1759

527 185 596 214 0οΔ
616 185 649 214 ll.

217 232 328 264 Adeste,
347 239 449 259 novum
465 233 602 260 canticum
632 237 786 266 cantemus,
806 232 975 260 destructio-

182 287 244 307 nem
257 278 355 306 inferni
371 278 550 306 celebrantes.
568 277 636 305 Nam
652 276 779 306 Christus
796 286 830 305 ex
849 277 976 313 sepulcro

183 325 300 358 exstitit,
317 325 424 353 devicta
435 329 535 357 morte,
547 325 736 360 omnibusque
752 324 873 352 solvatis.

218 373 319 401 Adeste
339 373 440 406 ﬁdeles,
466 372 629 400 hauriamus
649 378 682 400 ex
706 372 781 400 fonte
808 373 976 401 scaturiente

183 426 238 446 non
254 426 354 453 aquam
369 417 591 453 corruptibilem,
612 418 658 445 sed
676 417 777 445 fontem
792 418 975 447 illuminatio—

184 464 237 497 nis,
255 464 415 492 adoratione
429 464 531 494 crucis.
545 464 571 490 in
583 471 637 499 qua
649 468 675 491 et
689 464 851 499 gloriamur.

214 508 301 542 Quam
313 509 378 536 olim
393 507 499 544 Moyses
513 509 640 537 manibus
658 506 850 545 przeligurabat
864 517 973 537 crucem

182 556 259 580 tuam
277 560 349 580 nunc
359 553 528 585 osculantes,
541 553 653 579 Amalec
668 553 818 588 spiritalem
841 554 866 581 in
883 553 974 588 fugam

182 597 327 629 vertimus,
343 596 470 629 Domine,
487 604 536 631 per
549 604 630 631 quam
644 598 726 624 etiam
751 597 848 625 salvati
865 605 973 626 sumus.

216 643 310 671 Oculis
331 648 359 671 et
376 643 457 671 labiis
470 644 548 678 puris
567 644 757 672 exsultationis
775 645 860 673 melos
876 646 974 673 modu-

182 690 271 718 lantes
286 689 394 717 Domini
409 697 520 718 crucem
537 698 601 718 cum
617 691 718 727 gaudio
737 692 884 720 adoremus
897 693 974 728 plau-

183 734 279 762 dentes
294 734 322 762 in
341 734 467 763 canticis.

489 777 654 806 Triadicum.

218 824 309 853 Unum
323 825 348 853 in
365 825 453 853 tribus
464 825 657 860 hypostasibus
680 825 765 853 Deum
784 826 912 862 principii
924 835 974 855 ex-

779 132 810 163 S.
828 132 1028 164 THEODORI
1046 133 1222 165 STUDITIE

1752 134 1822 167 1760

1057 216 1061 220 ,
1364 186 1431 223 om
1448 185 1484 216 sv.

1061 232 1157 266 Δεῦτε,
1174 231 1251 268 ᾆσμα
1263 231 1373 268 ᾷσωμεν
1396 232 1490 259 καινὸν
1512 231 1563 265 τὴν
1584 231 1734 259 κατάλυσιν
1755 233 1821 268 ᾅδου

1027 279 1271 314 πανηγυρίζοντες.
1300 278 1348 304 Ἐκ
1373 278 1427 313 γὰρ
1449 278 1497 305 τοῦ
1524 278 1611 312 τάφου
1627 278 1745 313 Χριστὸς
1772 279 1823 305 άν-

1027 325 1104 361 έστη,
1119 325 1165 352 τὸν
1178 325 1296 352 θάνατον
1311 323 1380 350 ἐλὼν
1395 324 1443 351 καὶ
1461 323 1551 356 σώσας
1561 325 1596 351 τὰ
1608 324 1765 359 σύμπαντα.

1060 370 1143 398 Δεῦτε
1159 370 1335 406 ἀρυσώμεθα,
1346 369 1449 401 πιστοὶ,
1464 370 1551 396 οὺκὲκ
1562 369 1666 405 κρήνης
1683 369 1822 405 βρυούσης

1026 416 1098 452 ὕδωρ
1115 416 1303 453 φθειρόμενον,
1316 415 1386 443 ἀλλὰ
1409 416 1502 452 πηγὴν
1523 415 1679 451 φωτισμοῦ,
1700 416 1821 451 σταυροῦ

1026 463 1210 499 προσκυνήσει
1221 462 1269 490 τοῦ
1282 462 1412 499 Χριστοῦ,
1431 463 1459 489 ὲν
1476 459 1499 497 ᾧ
1514 462 1562 489 καὶ
1578 462 1756 498 καυχώμεθα.

1061 509 1149 537 Πάλαι
1163 509 1193 536 ὃν
1209 510 1310 537 ὲτὺπου
1327 509 1451 544 Μωῡσῆς
1464 509 1525 540 ταῖς
1543 508 1686 544 παλάμαις
1702 510 1822 544 σταυρόν

1025 564 1072 582 σου
1087 554 1135 582 νῦν
1149 555 1415 591 προσπτυσσόμενοι,
1442 555 1488 582 τὸν
1503 555 1599 591 νοητὸν
1619 555 1744 591 Ἀμαλὴκ
1758 564 1822 592 τρο-

1025 601 1162 636 πούμεθα,
1174 602 1297 628 Δέσποτα
1312 600 1409 636 Κύριε,
1421 600 1455 627 δι’
1468 596 1499 627 οὗ
1513 601 1561 626 καὶ
1575 600 1747 635 σεσώσμεθα.

1062 647 1188 681 Ὀμμασι
1209 647 1258 674 καὶ
1276 646 1396 682 χείλεσιν
1411 647 1504 681 ἁγνοῖς
1517 646 1716 680 ἁνακρούοντες
1738 646 1820 683 μέλος

1023 691 1221 726 ἀγαλλιάσεως,
1232 691 1279 719 τὸν
1293 691 1340 719 τοῦ
1356 691 1461 727 Κυρίου
1477 691 1593 726 σταυρὸν
1610 692 1684 727 χαρᾷ
1697 700 1820 727 προσκυ-

1024 738 1152 773 νήσωμεν
1165 738 1256 764 πιστοὶ
1270 737 1432 773 κροτοῦντες
1445 738 1474 764 ἐν
1490 737 1622 774 ᾅσμασιν.

1316 783 1481 818 Τριαδικόν.

1060 827 1129 855 Ἕνα
1144 828 1310 856 ὑποστάσεσι
1325 828 1400 864 τρισὶ
1413 827 1479 855 Θεὸν
1494 828 1612 863 ἄναρχον
1630 828 1712 860 σέϐω,
1727 828 1765 864 μὴ
1780 828 1820 856 δι-

180 874 286 905 partem
303 869 374 902 colo,
398 877 450 896 non
469 869 618 897 discretum
645 870 765 898 essentia
781 860 902 903 Patrem,
927 870 971 899 Fi-

1035 873 1188 909 ιιρούμενον
1207 875 1240 910 τῇ
1255 875 1305 910 τῆς
1319 860 1413 906 οῦσίας
1428 875 1519 910 μορφῇ
1543 860 1664 909 Πατέρα,
1683 860 1819 906 Υίόνξκαὶ

182 915 262 948 lium,
284 921 311 943 et
332 915 465 950 Spiritum
488 915 640 950 vivilicum,
667 916 694 943 in
719 924 836 952 quorum
862 917 975 946 nomine

182 961 313 997 baptizati
328 969 426 990 sumus

486 1009 668 1039 Theolocium.

219 1055 247 1083 In
260 1055 328 1083 rubo
354 1056 418 1083 olim
450 1056 558 1092 Moyses
591 1055 752 1091 mysterium
781 1058 857 1082 tuum
884 1053 974 1090 typice

180 1099 260 1133 vidit,
281 1109 297 1129 ο
313 1102 477 1129 veneranda.
499 1101 533 1129 Ut
545 1102 619 1129 enim
637 1101 713 1128 illum
727 1101 849 1134 ﬂamma,
863 1101 902 1129 sic
913 1104 974 1128 ute-

178 1153 243 1174 rum
262 1152 338 1175 tuum
355 1149 426 1184 ignis
441 1149 597 1176 Divinitatis
616 1157 671 1177 non
687 1148 804 1177 adussit.
887 1140 889 1143 I

498 1194 655 1222 Cutabasia.

214 1239 352 1268 Conlirma
363 1248 416 1274 me,
435 1240 561 1274 Domine,
575 1248 658 1268 cruce
672 1245 719 1268 tua
730 1241 758 1268 in
768 1244 845 1276 petra
856 1240 928 1274 ﬁdei,
937 1247 973 1269 ne

180 1294 259 1314 mens
278 1294 337 1314 mea
358 1287 541 1321 impressione
561 1287 665 1314 inimici
684 1287 868 1315 concutiatur.
890 1287 972 1317 Solus

175 1332 253 1360 enim
272 1337 384 1360 sanctus
399 1340 440 1360 es.

511 1388 582 1418 ODA
600 1388 648 1419 ΠΙ.

213 1448 283 1475 Ecce
298 1447 418 1476 surrexit
433 1448 571 1481 Christus,
589 1449 629 1476 ait
648 1447 770 1484 Angelus
782 1448 815 1476 ad
828 1448 968 1482 mulieres,

176 1501 241 1528 quae
255 1498 391 1529 unguenta
403 1493 554 1521 aﬂ‘erebant
566 1503 574 1522 :
586 1494 623 1521 Ne
633 1494 755 1529 ploretis.
769 1494 873 1522 Euntes
885 1494 969 1522 dicite

1024 918 1139 955 Πνεῦμα
1154 919 1220 953 ζῶν,
1237 921 1267 947 ἐν
1280 917 1321 951 οἷς
1338 919 1555 955 βεϐαπτὶσμεθα.

1335 1009 1504 1047 Θεᾳτόκιον.

1065 1057 1109 1084 Ἐν
1126 1057 1201 1093 βάτῳ
1219 1057 1324 1092 Μωσῆς
1343 1065 1392 1083 σου
1406 1057 1531 1089 τυπικῶς
1549 1059 1580 1084 τὸ
1598 1056 1746 1093 μυστήριον
1762 1055 1815 1082 πά-

1022 1102 1079 1136 λαι,
1097 1102 1195 1137 σεμνὴ,
1213 1101 1347 1142 ἑώρακεν.
1370 1102 1415 1135 Ὧς
1440 1103 1496 1138 γὰρ
1519 1102 1627 1138 ἐκείνην
1649 1103 1666 1137 ἡ
1693 1101 1770 1137 φλὺξ,
1787 1101 1818 1128 τδ

1022 1147 1079 1183 πῦρ
1094 1147 1223 1183 θεότητος
1237 1147 1288 1182 τὴν
1305 1147 1355 1183 σὴν
1367 1147 1451 1182 νηδὺν
1462 1148 1494 1175 οὐ
1509 1148 1682 1183 κατέφλεξεν.

1328 1194 1512 1222 Καταεασία.

1057 1239 1224 1276 Στερὲωσον,
1238 1239 1364 1267 Δέσποτα
1374 1239 1472 1276 Κύριε,
1485 1239 1525 1275 τῷ
1539 1239 1649 1275 σταυρῷ
1663 1248 1711 1266 σου
1727 1240 1756 1266 ὲν
1767 1238 1819 1265 πέ-

1020 1294 1074 1323 τρᾳ.
1085 1294 1120 1321 με
1129 1287 1162 1322 τῇ
1171 1286 1220 1322 τῆς
1226 1286 1357 1318 πίστεως,
1366 1286 1404 1321 μὴ
1414 1285 1578 1321 σαλευθῆναι
1586 1286 1632 1312 τὸν
1643 1284 1705 1312 νοῦν
1717 1284 1818 1320 ἐχθροῦ

1020 1332 1187 1368 προσϐολαῖς
1202 1332 1249 1360 τοῦ
1261 1330 1421 1368 δυσμενοῦς.
1440 1332 1529 1365 Μόνος
1543 1332 1599 1368 γὰρ
1613 1329 1638 1359 εἷ
1653 1331 1742 1366 ἅγιος.

1347 1389 1415 1425 om
1435 1389 1474 1416 ιν.

1060 1443 1126 1471 Ἰδοὺ
1139 1443 1238 1479 ἀνέστη
1252 1445 1267 1471 ὁ
1278 1444 1407 1479 Χριστὸς,
1421 1444 1482 1477 ταῖς
1504 1444 1671 1480 μυροφόροις
1692 1444 1818 1479 γυναιξὶν

1019 1489 1135 1524 ἄγγελός
1153 1497 1231 1525 φησι·
1245 1490 1292 1526 Μή
1307 1490 1442 1525 θρηνεῖτε,
1458 1490 1622 1527 πορεύθητε,
1639 1491 1737 1517 είπατε
1759 1491 1818 1522 τοῖς

134 1532 143 1539 ’
176 1539 311 1574 apostolis
325 1548 331 1566 :
346 1539 478 1573 Gaudete,
493 1540 574 1568 hodie
592 1541 667 1568 salus
684 1541 786 1567 mundo
803 1541 903 1568 accidit
919 1550 926 1569 :
941 1545 969 1569 et

1035 1536 1188 1569 ηποστόλοις·
1204 1536 1335 1573 Χαίρετε,
1349 1537 1471 1573 σήμερον
1487 1537 1612 1573 σωτηρία
1622 1537 1662 1574 τῷ
1678 1537 1786 1573 κόσμῳ,
1798 1537 1816 1573 ή

179 1586 304 1621 tyrannis
322 1586 426 1614 inimici
449 1593 497 1621 per
513 1590 628 1614 mortem
640 1586 773 1614 dissoluta
787 1591 838 1614 est.

213 1631 333 1659 Viviﬁcze
353 1631 444 1659 crucis
473 1636 527 1659 tua:
557 1632 690 1660 hodierna
719 1633 763 1660 die
786 1633 970 1661 celebritatem

178 1677 322 1708 obeuntes,
344 1678 530 1714 prolusioaem
541 1678 689 1714 quamdam
710 1678 880 1707 instituimus
906 1686 972 1707 san-

177 1724 310 1752 ctiSsiinm
324 1725 461 1759 passionis
473 1730 534 1758 tuae,
548 1732 630 1760 quam
646 1729 676 1752 ut
689 1725 871 1761 omnipotens,
883 1725 912 1752 in
924 1733 972 1754 sa-

179 1771 262 1798 lutem
279 1771 373 1798 mundi
390 1776 521 1806 operatus
534 1779 576 1800 es.

212 1849 298 1877 llodie
319 1849 448 1885 gaudium
470 1849 579 1877 exsistit
598 1849 626 1876 in
648 1848 718 1877 caelo
745 1853 774 1877 et
801 1854 884 1882 terra,
904 1849 971 1885 quia

178 1896 268 1923 crucis
287 1895 396 1930 signum
419 1894 523 1922 mundo
544 1894 691 1927 illucescit,
722 1902 789 1922 crux
809 1898 850 1922 ter
875 1894 970 1929 beata;

178 1950 238 1978 qua:
252 1941 392 1978 proposita
404 1941 520 1976 gratiam
536 1948 684 1976 perennem
703 1941 798 1969 stillat.

214 2030 285 2064 Quid
310 2030 369 2062 tibi,
393 2030 517 2062 Christe,
546 2030 743 2063 retribuemus,
762 2030 835 2066 quod
861 2030 970 2066 copiam

179 2076 259 2104 nobis
278 2075 368 2103 fecisti
389 2077 573 2104 venerandam
592 2083 703 2104 crucem
725 2081 799 2104 tuam
824 2076 968 2110 adorandi,

179 2122 205 2148 in
229 2129 282 2156 qua
303 2122 494 2149 sanctissimus
512 2127 575 2149 tuus
594 2122 707 2157 sanguis
733 2121 838 2150 eﬂ‘usus
855 2126 907 2155 est,
924 2122 969 2150 cui

177 2169 258 2197 etiam
277 2177 342 2197 caro
362 2174 408 2196 tua
423 2169 509 2197 clavis
532 2173 574 2197 est
590 2170 692 2197 allixa?
708 2177 791 2206 quam
809 2170 968 2198 osculantes

175 2216 280 2252 gratias
297 2215 343 2243 tibi
359 2216 552 2252 persolvimus.

493 2262 660 2290 Triadicum.

211 2309 299 2337 Unius
312 2309 420 2337 deitatis
437 2313 492 2337 tres
507 2310 670 2345 hypostases
685 2309 886 2338 indivisihiliter
900 2306 969 2338 sim-

175 2356 256 2392 plicis
271 2361 375 2384 naturm
393 2356 510 2391 prmdico
525 2361 551 2384 et
565 2364 695 2391 agnosco,
714 2357 824 2384 Patrem
841 2357 968 2393 principii

178 2406 329 2436 expertem,
348 2401 459 2434 Filium,
484 2406 512 2429 et
524 2401 656 2437 Spiritum
675 2408 818 2436 .sanctum,
843 2402 968 2437 ejusdem

177 2447 240 2475 solii
259 2448 474 2475 dominationem
489 2455 584 2480 unam,
598 2448 713 2484 aequalis
725 2448 869 2484 potestatis
885 2456 967 2476 unam

177 2492 327 2527 potentiam
343 2492 548 2528 sempiternam.

478 2539 659 2567 Theatacium.

212 2584 276 2611 Sola
292 2587 320 2611 tu
332 2585 485 2613 castissima
505 2587 576 2614 inter
592 2587 722 2615 mulieres
751 2586 917 2614 miraculum
937 2594 968 2615 es

176 2628 334 2657 admirabile
361 2634 389 2657 et
405 2632 589 2658 tremendum.
603 2631 735 2660 Naturam
760 2633 832 2660 enim
857 2632 966 2661 novasti

176 2675 236 2700 sine
247 2674 352 2702 semine
368 2675 536 2711 concipiens,
559 2681 587 2704 et
602 2681 663 2712 post
690 2681 798 2713 partum
815 2677 903 2713 virgo,
937 2681 969 2706 ut

176 2724 267 2753 antea,
286 2728 460 2756 permanens.
482 2723 570 2751 Verus
588 2723 664 2751 enirn
683 2723 756 2751 Deus
769 2729 821 2757 est,
833 2724 879 2759 qui
893 2732 927 2752 ex
941 2729 968 2752 te
1002 2752 1008 2756 ί

177 2770 258 2795 natus
268 2771 319 2794 est.

495 2813 648 2842 Catubasia.

212 2855 283 2885 Cum
301 2861 339 2888 te.
354 2865 372 2886 ο
387 2861 485 2893 potens
512 2858 553 2886 sol
564 2857 592 2886 in
603 2865 686 2887 cruce
703 2859 885 2895 conspiceret,
899 2859 965 2888 hor-

1022 1582 1152 1618 τυραννὶς
1162 1582 1210 1609 τοῦ
1224 1582 1324 1618 ἐχθροῦ
1339 1582 1455 1610 θανάτου
1472 1583 1593 1610 λέλυται.

1057 1628 1112 1656 Τοῦ
1134 1628 1277 1665 ζωηφόρου
1301 1637 1349 1656 σου
1375 1629 1493 1664 σταυροῦ
1516 1629 1567 1666 τὴν
1592 1630 1817 1665 προσκυνήσιμον

1021 1675 1110 1711 χαρὰν
1134 1676 1264 1711 σήμερον,
1290 1675 1404 1711 Χριστὲ,
1439 1675 1615 1707 ὑπαντῶντες
1647 1676 1817 1712 προπομπὴν

1020 1719 1173 1755 ποιούμεθα
1192 1719 1240 1746 τοῦ
1262 1719 1397 1754 παναγιου
1414 1719 1519 1752 πάθους
1536 1728 1596 1750 σου.
1611 1720 1681 1755 ὅπερ
1705 1722 1746 1752 είς
1760 1729 1816 1747 σωκ

1019 1766 1119 1802 τηρίαν
1129 1765 1176 1792 τοῦ
1192 1765 1294 1802 κόσμου
1303 1765 1508 1801 ὲναπειργάσω,
1516 1765 1623 1802 Σωτὴρ,
1636 1766 1675 1798 ὡς
1687 1766 1817 1794 παντοδὺ-

1019 1820 1118 1848 ναμος.

1056 1858 1180 1894 Σήμερον
1203 1858 1308 1893 γίνεται
1335 1858 1408 1894 χαρὰ
1431 1859 1462 1886 ὲν
1481 1859 1589 1895 οὐρανῷ
1605 1859 1655 1886 καὶ
1686 1858 1734 1885 ἐπὶ
1750 1858 1815 1894 γῆς,

1019 1903 1062 1930 ὅτι
1089 1904 1135 1931 τοῦ
1164 1904 1282 1940 σταυροῦ
1306 1903 1337 1932 τὸ
1361 1905 1475 1939 σημεῖον
1504 1904 1600 1939 κόσμῳ
1621 1902 1815 1939 ἐμφανίζεται.

1019 1950 1140 1986 Σταυρὺς
1152 1950 1167 1977 ὀ
1182 1950 1428 1987 τρισμακάριστος,
1444 1947 1523 1982 οὗτος
1534 1950 1677 1986 προτεθεὶς
1691 1949 1814 1977 ἀναϐλύ-

1020 1996 1062 2028 ζει
1076 1997 1156 2032 χάριν
1170 1996 1296 2025 ἀένναον.

1054 2043 1088 2069 Τί
1099 2051 1141 2069 σοι
1152 2043 1347 2079 προσάξωμεν,
1357 2043 1471 2079 Χριστὲ,
1484 2043 1525 2070 ὅτι
1538 2042 1584 2070 τὸν
1595 2042 1686 2077 τίμιον
1697 2041 1815 2077 σταυρὸν

1018 2087 1138 2121 δέδωκας
1151 2090 1217 2125 ἡμῖν
1229 2089 1427 2125 προσκυνῆσαι,
1439 2091 1467 2117 ἑν
1482 2086 1504 2124 ᾧ
1517 2089 1547 2116 τὸ
1556 2089 1688 2123 πανάγιον
1700 2096 1815 2115 κατεκε-

1019 2132 1092 2169 νώθη
1116 2131 1188 2169 αἷμά
1206 2142 1265 2165 σου,
1280 2131 1303 2168 ᾧ
1317 2134 1364 2160 καὶ
1382 2135 1400 2169 ὴ
1415 2134 1484 2169 σάρξ
1506 2143 1553 2161 σου
1567 2133 1643 2169 ἥλοις
1658 2134 1764 2170 suam;
1783 2133 1814 2161 ὃν

1018 2177 1205 2214 ἀσπαζόμενοι
1221 2178 1270 2206 νῦν
1287 2179 1503 2215 εὐχαριστοῦμεν
1520 2188 1572 2207 σοι.

1337 2268 1502 2303 Τριαδικόν.

1053 2312 1130 2344 Mai;
1152 2311 1280 2348 θεότητος
1303 2313 1380 2349 ὑμῶν
1408 2315 1484 2350 τρεῖς
1508 2314 1672 2346 ὑποστάσεις
1700 2313 1814 2349 ἀμερῶς

1020 2357 1128 2393 φύσεως
1137 2358 1226 2393 ἁπλῆς
1238 2358 1405 2394 δογματίζω,
1415 2359 1461 2386 τὸν
1472 2359 1581 2395 Πατέρα
1593 2361 1722 2395 ἄναρχον,
1734 2359 1812 2392 Υἱδν,

1018 2407 1066 2434 καὶ
1078 2405 1191 2440 Πνεῦμα
1207 2405 1296 2439 ἅγιον,
1311 2405 1468 2441 σύνθρονον,
1485 2406 1634 2442 κυριότητα
1653 2406 1728 2442 μίαν,
1742 2405 1813 2441 ὁμο-

1018 2452 1155 2480 6ασίλειον
1167 2450 1197 2478 ἓν
1212 2450 1316 2487 κράτος
1327 2451 1424 2480 ἀΐδιον.

1334 2538 1500 2566 Θεοτόκιον.

1053 2583 1128 2619 Μόνη
1142 2584 1245 2620 ἐφάνης
1258 2584 1397 2620 γυναικῶν
1408 2584 1502 2620 χρῆμα
1514 2583 1728 2618 πανθαύμαστον
1740 2583 1813 2620 ἁγνὴ

1018 2629 1136 2663 πρᾶγμα
1152 2629 1278 2665 φοϐερόν.
1300 2629 1356 2664 Τὴν
1374 2629 1429 2664 γὰρ
1444 2628 1525 2662 φύσιν
1543 2629 1575 2655 σὺ
1592 2629 1812 2664 ὲκαινοτόμησας

1017 2675 1082 2702 ἄνευ
1095 2675 1198 2711 σπορᾶς
1213 2676 1351 2712 κυήσασα,
1367 2675 1483 2710 μείνασα
1497 2674 1578 2702 πάλιν
1592 2675 1629 2708 ὡς
1643 2676 1710 2712 πρὶν
1737 2684 1794 2710 παρ

1018 2720 1104 2753 θένος.
1129 2720 1158 2748 Ὀ
1181 2720 1321 2755 γεννηθεὶς
1345 2720 1400 2756 γὰρ
1427 2722 1460 2747 ἐκ
1482 2719 1530 2746 σοῦ
1555 2721 1622 2753 Θεός
1645 2721 1719 2747 ἐστιν
1742 2721 1797 2755 ἁλη

1017 2767 1079 2803 θής.

1320 2814 1502 2842 Καταϐασία.

1059 2859 1122 2888 Ἐπὶ
1140 2860 1258 2897 σταυροῦ
1283 2869 1324 2895 σε,
1339 2861 1447 2895 δυνατὲ,
1467 2861 1581 2898 φωστὴρ
1598 2862 1613 2888 ὀ
1629 2860 1714 2897 μέγας
1739 2868 1810 2887 κατ·
