1925 3088
121 169 186 202 1761

596 173 721 204 CANON
734 173 776 204 IN
795 171 1072 203 ADORATIONEM
1088 172 1118 202 S.
1133 171 1280 202 CRUClS.

1684 170 1753 203 i762

121 228 183 255 ιδὼν
211 228 307 263 τρόμῳ
338 227 469 264 δπαρθεὶς
502 228 552 261 τὰς
585 229 697 263 ἀκτῖνας
728 230 908 259 συνέστειλεν.

977 236 1025 256 ore
1040 228 1181 263 perculsus
1199 227 1289 254 radios
1299 226 1436 255 contraxit
1446 230 1473 255 et
1484 226 1645 255 abscondit:
1662 228 1754 255 Omnis

120 275 232 311 ἔκρυψε,
246 276 322 303 πᾶσα
335 276 364 302 δὲ
378 275 467 308 κτίσις
489 275 611 312 ὕμνησεν
633 277 663 304 ὲν
689 276 764 312 φόϐῳ
789 277 839 312 τὴν
859 278 911 311 σὴν

121 321 326 358 μακροθυμίαν.
344 322 399 349 Καὶ
413 322 468 358 γὰρ
482 322 605 359 ἐπλήσθη
618 323 636 360 ή
649 323 687 358 γῆ
701 323 753 358 τῆς
768 322 821 358 σῆς
835 321 911 349 αίνέ-

121 377 202 399 σεως.

451 434 519 471 om
538 435 576 463 A'.

103 511 106 526 Ξ
163 500 314 533 Ἐνὲτειλας
334 501 389 528 ἀπὸ
410 501 459 528 τοῦ
478 501 576 536 τάφου,
590 501 687 529 ἄδυτον
706 502 792 536 φάος·
807 501 849 538 τῷ
862 501 910 529 κό-

121 555 184 582 σμῳ
207 547 372 582 ἀστράπτων
396 547 446 581 τὴν
460 561 464 566 ο
477 547 650 583 ἀφθαρσίαν,
673 547 839 583 ὲκμειώσας,
854 547 911 575 Κύ-

122 602 175 628 ριε.
189 593 306 620 θανάτου
319 593 368 629 τὴν
385 594 537 630 κατήφειαν
553 595 587 622 ἐκ
600 594 655 622 τῶν
665 595 791 630 περάτων
810 594 848 627 ὡς
865 593 911 622 εὖ·

122 639 286 674 σπλαγχνος.

156 685 356 720 Προσέλθωμεν
370 685 569 720 κεκαθαρμένοι
584 687 616 721 τῇ
628 685 786 722 ἐγκρατείᾳ,
800 686 910 722 θερμῶς

120 732 377 766 προσπτυσσόμενοι
410 732 440 757 ὲν
466 731 570 758 αἰνέσει
593 731 672 765 ξύλον
703 732 733 759 τὸ
763 732 908 767 πανάγιον,

119 778 150 804 ὲν
175 775 197 811 ᾧ
215 778 332 813 Χριστὸς
356 777 557 813 σταυρούμενος
578 777 663 805 ἔσωσε
678 778 791 814 κόσμον,
806 779 844 811 ὡς
865 778 910 806 εὐ-

121 822 286 858 σπλαγχνος.

156 869 323 905 Χορεύουσιν
337 869 366 896 ὲν
385 870 539 906 εὐφροσύνῃ
552 870 675 904 ἀγγέλων
686 870 778 903 τάξεις
790 870 909 905 σήμερον

960 281 1026 302 vero
1037 277 1164 302 creatura
1181 272 1329 300 celebravit
1344 280 1406 299 cum
1429 277 1503 300 metu
1517 273 1753 308 longanimitatcm

961 324 1046 348 tuam.
1062 319 1169 348 Etenim
1187 320 1269 347 laude
1285 324 1329 347 tua
1341 323 1413 347 terra
1429 319 1540 355 impleta
1554 323 1609 348 est.

1284 427 1352 455 ODA
1374 427 1422 456 IV.

995 494 1175 523 Exstitistiex
1199 495 1337 530 sepulcro,
1352 503 1369 523 ο
1390 495 1481 523 lumen
1509 503 1650 530 nunquam
1676 496 1752 523 occi-

959 541 1047 573 dens;
1063 542 1165 569 mundo
1182 541 1415 570 immortalitatem
1433 541 1582 573 irradians,
1600 543 1753 576 mortisque

960 594 1118 620 mcerorem,
1138 592 1270 622 tanquam
1291 588 1462 621 misericors,
1486 595 1521 615 ex
1553 591 1634 616 terra:
1650 588 1753 615 ﬁnibus

959 632 1098 668 expulisti.

990 679 1327 718 Accedamus‘expurgati
1353 679 1535 713 continentia,
1567 684 1594 707 et
1616 679 1752 707 ferventer

948 727 1158 762 ‘amplectamur
1173 727 1392 754 sacratissimum
1408 727 1512 762 lignum
1527 734 1581 754 non
1590 726 1650 754 sine
1663 726 1751 753 laudi-

958 772 1020 806 bus,
1037 773 1063 799 in
1078 779 1134 807 quo
1159 771 1287 799 Christus
1305 771 1456 799 crucilixus
1471 771 1605 799 mundum
1621 770 1750 803 servavit,

959 822 1089 853 tanquam
1104 817 1272 845 misericors.

992 862 1078 890 llodie
1092 863 1209 890 chomas
1220 870 1283 890 cum
1300 863 1395 890 laetitia
1408 863 1515 890 ducunt
1528 861 1689 897 angelorum
1706 868 1753 888 or.

122 915 241 949 σταυροῦ
254 924 301 942 σου
316 917 350 951 τῇ
364 904 558 951 προσκυνήσξι.
581 916 625 942 Ἐν
639 915 713 950 αὐτῷ
728 915 781 951 γὰρ
795 904 909 951 τέθραυ-

979 911 1037 938 ines
1051 910 1086 937 ob
1104 909 1193 937 crucis
1207 913 1259 937 tum
1273 909 1481 942 adorationem;
1496 908 1522 935 in
1539 908 1584 936 illa
1605 907 1678 935 enim
1694 907 1751 933 da:-

122 970 173 992 κας
188 961 238 992 τὰς
251 961 305 987 τῶν
318 961 456 997 δαιμόνων
471 961 627 997 φάλαγγας,
641 961 744 994 σώσας,
755 961 867 997 Χριστὲ,
879 961 910 989 τὺ

121 1005 306 1040 ἀνθρώπινον.

158 1051 326 1086 Παράδεισος
339 1051 420 1083 ἄλλος
434 1051 558 1088 ἐγνώσθη
578 1052 595 1088 ἡ
617 1051 776 1088 Ἐκκλησία,
789 1051 828 1084 ὡς
847 1052 912 1087 πρὶν

123 1095 202 1129 ξύλον
217 1096 316 1131 ἔχουσα
333 1096 474 1132 ζωηφόρον
488 1097 534 1124 τὸν
546 1097 662 1133 σταυρόν
678 1106 736 1128 σου,
750 1097 849 1133 Κύριε.
866 1096 913 1129 Ἐξ

121 1138 154 1168 οὗ
170 1140 215 1168 διὰ
230 1141 438 1177 προσψαύσεως,
455 1141 606 1175 ἀθανασίας
622 1143 781 1178 μετέγομεν.

437 1231 602 1265 Τριαΰικόν.

159 1273 319 1310 Συνὰναρχα
329 1274 392 1311 τρία
402 1275 507 1308 δοξάζω
520 1276 586 1312 μιᾶς
598 1275 703 1309 οὐσίας,
718 1275 785 1303 Θεὸν
797 1275 843 1303 τὸν
858 1276 915 1304 Πα-

122 1320 201 1354 τέρα,
212 1319 277 1347 Υίδν
287 1321 334 1347 καὶ
347 1321 469 1356 Πνεῦμα,
482 1321 541 1356 φῶς
551 1322 580 1350 ἓν
591 1321 915 1358 τριλαμπέστατον,ὸρο·

124 1366 226 1401 κρατὶς
240 1365 384 1401 βασίλειον,
399 1368 430 1395 ὲν
445 1368 592 1404 ἀσυγχύτῳ
605 1368 758 1404 ταυτότητι.

437 1458 602 1487 Θεοτόκιον.

167 1501 304 1538 Ἐκύησας
320 1502 429 1537 φύσεως
453 1504 540 1540 νόμῳ,
572 1504 630 1531 ἀλλ’
653 1503 723 1540 ὑπὲρ
747 1503 839 1539 νόμον.
863 1503 915 1531 Σοῦ

125 1548 182 1584 γὰρ
200 1548 283 1584 μόνης
297 1549 415 1584 ἄσπορος
431 1550 449 1585 ἡ
462 1549 555 1585 λοχεία
570 1550 684 1586 φρικτδς
703 1551 751 1577 καὶ
770 1550 916 1586 νοούμενος

126 1595 142 1621 ὸ
166 1594 267 1629 τρόπος
297 1594 344 1621 καὶ
373 1594 520 1631 λεγόμενος
549 1595 597 1623 τοῦ
625 1595 738 1624 τοκετοῦ
763 1604 822 1629 σου,
846 1604 916 1624 παν-

127 1642 239 1677 ἀμωμε.

428 1689 609 1716 Κατασασια.

170 1734 358 1770 ὀρθρίζοντὲς
366 1742 397 1761 σε
417 1734 602 1770 ἁνυμνοῦμεν,
617 1734 713 1770 Σωτὴρ
734 1733 782 1761 τοῦ
799 1734 915 1768 κόσμου,

126 1781 240 1816 εἰρήνην
256 1780 402 1815 εὑράμενοι
417 1780 457 1815 τῷ
477 1780 585 1816 σταυρῷ
603 1789 659 1813 σου,
680 1780 714 1807 δι’
729 1776 760 1807 οὗ
777 1780 917 1807 ἀνεκαίνι-

127 1835 178 1858 σας
204 1826 235 1853 τὸ
250 1826 329 1860 γένος
352 1825 382 1852 τὸ
401 1825 583 1862 ἀνθρώπινον,
599 1826 657 1862 φῶς
680 1826 750 1864 πρὸς
765 1826 917 1862 ἀνέσπερον

126 1873 201 1908 ἄγων
216 1873 303 1909 ἡμᾶς.

442 1941 508 1977 om
527 1941 564 1969 E'.

166 2004 300 2042 ’Ἀνέστης
325 2007 371 2034 τὸν
396 2006 510 2034 θάνατον
532 2006 664 2043 θραύσας,
685 2006 798 2043 Χριστὲ,
821 2006 916 2043 ὥσπερ

127 2052 215 2087 μέγας
235 2052 370 2087 βασιλεὺς,
388 2053 420 2079 ὲκ
435 2053 491 2079 τῶν
511 2052 575 2089 ᾅδου
597 2052 718 2088 ταμείων
744 2053 917 2085 ἀνακαλέσας

125 2099 201 2133 ἡμᾶς
217 2100 257 2131 εἰς
269 2098 419 2126 ἀπόλαυσιν
430 2099 570 2134 βασιλείας
585 2099 720 2135 οὐρανῶν,
733 2100 773 2132 εἰς
786 2099 839 2135 γῆν
850 2099 917 2127 ἀθα-

125 2144 233 2171 vastae.

163 2153 189 2171 αι
225 2163 233 2171 .

163 2153 333 2226 Κέτοῦντες
358 2191 388 2218 ὲν
411 2190 516 2227 ᾅσμασι
544 2190 627 2223 θείοις
653 2191 747 2218 πιστοὶ
776 2190 917 2223 ἀλαλάξω-

960 963 1073 983 monum
1090 960 1213 983 catervas
1236 954 1397 988 vulnerasti,
1420 953 1541 986 Christe,
1567 952 1690 980 humano
1705 959 1753 985 ge-

961 1008 1026 1029 nere
1041 1004 1162 1028 servato.

996 1048 1072 1075 Alter
1088 1047 1231 1083 paradisus
1241 1046 1336 1075 eﬂ'ecta
1349 1051 1393 1074 est
1402 1046 1536 1077 Ecclesia,
1549 1053 1611 1081 quae
1624 1050 1652 1073 ut
1664 1045 1751 1079 prius,

961 1091 1098 1120 viviﬁcum
1112 1092 1216 1128 lignum
1234 1092 1367 1127 possidet,
1384 1093 1528 1123 nimirum,
1538 1099 1648 1118 crucem
1662 1096 1749 1120 tuam.

962 1138 1088 1166 Domine.
1096 1139 1138 1167 Ex
1147 1139 1227 1175 cujus
1237 1143 1367 1167 contactu
1381 1138 1595 1166 immortalitatis
1605 1137 1754 1173 participes

961 1184 1106 1213 elﬁcimur.

1275 1230 1440 1258 Triadicum.

997 1275 1066 1304 Tres
1093 1283 1225 1312 personas
1249 1277 1320 1304 initii
1342 1281 1481 1312 expertes,
1518 1276 1602 1304 unius
1627 1275 1755 1303 essentian

963 1321 1096 1358 gloriﬂco,
1109 1322 1194 1350 Deum
1203 1322 1325 1355 Patrem,
1349 1322 1460 1356 Filium,
1495 1326 1523 1350 et
1537 1321 1667 1357 Spiritum
1688 1329 1751 1348 sau-

963 1372 1049 1401 ctum,
1057 1368 1149 1396 lumen
1162 1376 1245 1396 unum
1257 1369 1487 1404 iulgentissimum
1496 1368 1618 1404 ejusdem
1627 1370 1756 1403 potentias

963 1417 991 1442 et
1003 1415 1079 1450 regni
1096 1415 1238 1443 inconfusa
1253 1416 1357 1443 unitate
1370 1423 1419 1443 seu
1439 1415 1594 1443 identitate.

975 1460 977 1463 ’
1268 1459 1451 1489 Theolocium.

996 1503 1112 1543 Uterum
1129 1506 1240 1542 gestasti
1254 1511 1360 1534 naturae
1379 1506 1449 1541 lege,
1474 1505 1522 1534 sed
1556 1513 1639 1540 supra
1656 1505 1754 1540 legem.

966 1549 1043 1578 Tuus
1057 1552 1130 1579 enim
1142 1552 1316 1580 solummodo
1330 1556 1428 1587 partus
1447 1556 1489 1579 est
1516 1551 1622 1586 absque
1639 1550 1752 1579 semine.

965 1597 1135 1625 Tremendum
1153 1602 1181 1625 et
1198 1597 1318 1633 cogitatu
1337 1601 1364 1625 et
1382 1596 1459 1625 dictu
1470 1601 1513 1625 est
1534 1601 1631 1632 partus
1649 1600 1726 1630 tuus,
1740 1603 1758 1622 0

966 1643 1154 1671 immaculata.

1289 1687 1445 1716 Catabasia.

1001 1733 1127 1762 Diluculo
1137 1733 1309 1762 celebramus
1323 1739 1361 1766 te,
1375 1733 1502 1761 Salvator
1515 1733 1622 1765 mundi,
1634 1739 1701 1768 pace
1709 1739 1760 1767 per

966 1788 1074 1809 crucem
1096 1785 1171 1808 tuam
1191 1780 1312 1812 inventa,
1326 1787 1380 1815 qua
1402 1787 1490 1815 genus
1506 1779 1659 1807 humanum
1675 1785 1758 1813 repa-

966 1827 1045 1859 rasti,
1057 1834 1164 1863 nosque
1176 1825 1211 1854 ad
1236 1825 1330 1855 lumen
1352 1825 1446 1854 omnis
1463 1832 1580 1854 occasus
1593 1831 1693 1860 expers
1713 1824 1761 1851 ad»

966 1874 1078 1903 duxisti.

1302 1941 1374 1971 ODA
1400 1941 1433 1970 ιτ.
1478 1946 1484 1952 ‘

1002 2010 1198 2044 llesurrexisti,
1219 2010 1338 2045 Christe,
1355 2010 1499 2039 vulnerata
1510 2012 1610 2043 morte.
1626 2013 1759 2044 tanquam

967 2062 1064 2093 potens
1081 2065 1138 2091 rex,
1153 2057 1244 2090 nobis,
1259 2062 1292 2100 ex
1309 2057 1368 2085 orci
1391 2056 1546 2085 recessibus
1559 2055 1593 2083 ad
1605 2056 1759 2091 voluptates

967 2104 1042 2140 regni
1056 2104 1199 2138 caelorum,
1214 2109 1369 2139 terramque
1380 2103 1596 2132 immortalitatis
1610 2103 1757 2131 revocatis.

1005 2192 1171 2220 Plaudentes
1201 2192 1229 2220 in
1255 2192 1371 2220 canticis
1395 2192 1489 2221 ﬁdeles
1513 2192 1663 2228 jubilemus
1690 2191 1757 2225 Deo,

128 2244 180 2271 μεν
188 2236 264 2271 Θεῷ,
281 2236 327 2263 τὸν
346 2237 462 2273 σταυρὸν
479 2236 526 2264 τοῦ
545 2237 649 2272 Κυρίου
664 2236 914 2272 κατασπαζόμενοι.

977 2246 1078 2267 trucem
1099 2238 1210 2266 Domini
1231 2239 1399 2267 osculantes.
1418 2238 1553 2270 Omnibus
1569 2240 1641 2271 enim
1663 2238 1757 2270 mundi

132 2281 293 2318 ’Δγιότητος
309 2282 456 2315 ἀναϐλύζει
476 2283 531 2319 γὰρ
549 2282 641 2319 πηγὴν
662 2283 729 2311 πᾶσι
749 2283 806 2314 τοῖς
830 2283 859 2309 ὲν
877 2281 918 2317 τῷ

128 2329 237 2364 κόσμῳ.

165 2374 322 2410 Πληροῦται
337 2375 354 2410 ἡ
371 2375 585 2412 ᾀσματογράφος
601 2376 690 2412 φωνή.
708 2375 920 2411 Προσκυνοῦμεν

127 2419 183 2454 γὰρ
202 2419 258 2445 ἰδοὺ
282 2418 336 2446 τῶν
350 2419 494 2455 ἀχράντων
517 2420 607 2448 ποδῶν
630 2429 678 2447 σου
711 2420 742 2447 τὸ
762 2419 917 2452 ὑποπόδιον,

128 2465 334 2500 παντοδύναμε,
346 2465 392 2493 τὸν
407 2467 523 2502 σταυρόν
538 2475 585 2494 σου
602 2467 648 2494 τὸν
660 2466 770 2501 σεπτὸν,
782 2466 812 2494 τὸ
821 2466 919 2502 τριπό-

128 2511 210 2546 θητον
228 2511 316 2544 ξύλον.

167 2558 200 2583 ’Ὁ
227 2556 280 2583 εἶδε
305 2558 384 2591 ξύλον
406 2558 446 2594 τῷ
464 2558 503 2594 σῷ
519 2559 593 2595 ἄρτῳ
614 2559 720 2594 βληθὲν,
738 2558 886 2594 προφητῶν
905 2559 920 2586 ό

128 2602 286 2638 Θρῃνητὴς,
295 2603 340 2630 τὸν
351 2604 466 2640 σταυρόν
482 2613 539 2637 σου,
549 2605 701 2640 οίκτίρμον,
710 2604 920 2639 κατασπαζόμε-

127 2656 181 2677 νοι.
194 2648 368 2683 ἀνυμνοῦμέν
384 2657 431 2675 σου
447 2649 482 2676 τά
492 2649 580 2685 δεσμὰ
593 2650 640 2678 καὶ
649 2649 699 2686 τὴν
708 2650 806 2685 ταφὴν,
819 2649 920 2685 λόγχην

127 2701 158 2720 τε
170 2695 217 2720 καὶ
233 2694 297 2725 τοὺς
313 2694 405 2730 ἥλους.
683 2730 686 2733 ,

170 2740 232 2767 Ἐπ’
243 2739 337 2776 ὤμων,
355 2741 438 2777 ὅνπερ
449 2741 594 2774 κατεδέξω,
609 2741 722 2777 Χριστὲ,
737 2741 831 2777 φέρειν
842 2741 920 2775 ἅγιον

128 2785 257 2821 σταυρὸν,
281 2786 329 2812 καὶ
355 2786 385 2813 ὲν
407 2786 495 2822 τούτῳ
516 2786 634 2822 ἀρθῆναι
659 2786 706 2812 καὶ
729 2785 919 2821 σταυρωθῆναι

129 2832 232 2867 σαρκὶ,
263 2833 518 2868 προσπτυσσόμενοι
553 2831 723 2868 κομιζόμεθα
754 2831 831 2867 ἰσχὺν
857 2831 918 2859 κατ’

129 2876 239 2914 δχθρῶν
254 2878 387 2913 ἀοράτων.

969 2285 1066 2313 incolis
1081 2283 1184 2312 ﬂuenta
1198 2285 1352 2313 sanctitatis
1368 2286 1493 2315 scaturit.

1004 2372 1136 2409 lmpletur
1146 2372 1300 2402 Psalmista:
1309 2374 1463 2403 oraculum.
1482 2373 1553 2401 Ecce
1568 2372 1640 2400 enim
1657 2371 1758 2399 adora.

969 2427 1032 2448 mus
1060 2419 1297 2448 immaculatorum
1326 2420 1426 2455 pedum
1454 2424 1565 2447 tuorum
1594 2418 1757 2450 scabellum.

970 2473 1080 2494 crucem
1099 2470 1175 2493 tuam
1189 2466 1383 2499 venerandam,
1395 2465 1662 2494 desideratissimum
1685 2465 1753 2493 illud

968 2511 1084 2547 lignum.

1005 2556 1132 2593 Lignum.
1148 2557 1222 2593 quod
1237 2558 1264 2586 in
1280 2565 1380 2593 panem
1391 2562 1470 2586 tuum
1490 2557 1618 2590 missum,
1632 2556 1702 2585 vidit
1714 2555 1759 2584 ιε,

969 2606 1081 2639 remias,
1093 2614 1202 2634 crucem
1223 2607 1329 2636 scilicet
1347 2614 1434 2640 tuam,
1452 2615 1474 2636 ο,
1490 2607 1658 2637 misericors,
1677 2613 1759 2634 oscu-

969 2650 1067 2684 lantes,
1098 2651 1270 2680 celebramus
1300 2652 1409 2680 vincula
1434 2656 1491 2686 tua,
1520 2656 1548 2680 et
1575 2651 1756 2687 sepulturam,

969 2696 1093 2724 lanceam
1106 2702 1133 2724 et
1145 2697 1249 2727 clavos.

1006 2741 1066 2769 Vim
1080 2746 1107 2769 et
1117 2744 1203 2771 robur
1220 2743 1353 2772 adversus
1375 2742 1585 2779 inaspectabiles
1604 2742 1698 2769 hostes
1712 2748 1757 2768 re-

968 2794 1120 2824 portamus,
1136 2790 1245 2825 quando
1263 2791 1454 2826 amplectimur
1469 2797 1591 2821 crucem.
1607 2795 1688 2824 quam
1706 2787 1757 2814 bu-

968 2835 1052 2862 meris
1071 2836 1124 2863 tuis
1144 2842 1262 2871 gestare,
1287 2841 1316 2864 et
1338 2836 1442 2869 subire,
1470 2840 1498 2865 et
1520 2836 1547 2863 in
1574 2843 1607 2862 ea
1635 2833 1757 2868 cruciﬂgi

969 2879 1095 2915 dignatus
1111 2888 1153 2909 es.
1512 2888 1518 2895 ”
