  <div class='ocr_page' id='page_1' title='image "/cluster/home/n/w/nwhite01/storage/ocr_20150623/99/njp.32101010943858/953.png"; bbox 0 0 1925 3088; ppageno 0'>
   <div class='ocr_carea' id='block_1_1' title="bbox 147 163 237 196">
    <p class='ocr_par' dir='ltr' id='par_1_1' title="bbox 147 163 237 196">
     <span class='ocr_line' id='line_1_1' title="bbox 147 163 237 196; baseline -0.011 0"><span class='ocrx_word' id='word_1_1' title='bbox 147 163 151 166; x_wconf 75' lang='grc'><em>’</em></span> <span class='ocrx_word' id='word_1_2' title='bbox 171 164 237 196; x_wconf 83' lang='lat'><strong>1763</strong></span> 
     </span>
    </p>
   </div>
   <div class='ocr_carea' id='block_1_2' title="bbox 478 216 646 246">
    <p class='ocr_par' dir='ltr' id='par_1_2' title="bbox 478 216 646 246">
     <span class='ocr_line' id='line_1_2' title="bbox 478 216 646 246; baseline 0.012 -2"><span class='ocrx_word' id='word_1_3' title='bbox 478 216 646 246; x_wconf 76' lang='lat' dir='ltr'><strong>Triadicum.</strong></span> 
     </span>
    </p>
   </div>
   <div class='ocr_carea' id='block_1_3' title="bbox 207 262 958 298">
    <p class='ocr_par' dir='ltr' id='par_1_3' title="bbox 207 262 958 298">
     <span class='ocr_line' id='line_1_3' title="bbox 207 262 958 298; baseline 0 -8"><span class='ocrx_word' id='word_1_4' title='bbox 207 263 343 290; x_wconf 74' lang='lat' dir='ltr'><strong>llnilatem</strong></span> <span class='ocrx_word' id='word_1_5' title='bbox 354 262 442 290; x_wconf 88' lang='lat' dir='ltr'><strong>tribus</strong></span> <span class='ocrx_word' id='word_1_6' title='bbox 453 264 743 298; x_wconf 84' lang='lat' dir='ltr'><strong>personisdistiuctam</strong></span> <span class='ocrx_word' id='word_1_7' title='bbox 755 267 782 290; x_wconf 85' lang='lat' dir='ltr'><strong>et</strong></span> <span class='ocrx_word' id='word_1_8' title='bbox 795 262 958 291; x_wconf 72' lang='lat' dir='ltr'><strong>Trinitatem</strong></span> 
     </span>
    </p>
   </div>
   <div class='ocr_carea' id='block_1_4' title="bbox 170 308 960 343">
    <p class='ocr_par' dir='ltr' id='par_1_4' title="bbox 170 308 960 343">
     <span class='ocr_line' id='line_1_4' title="bbox 170 308 960 343; baseline 0 -9"><span class='ocrx_word' id='word_1_9' title='bbox 170 309 195 334; x_wconf 86' lang='lat' dir='ltr'><strong>in</strong></span> <span class='ocrx_word' id='word_1_10' title='bbox 213 316 264 334; x_wconf 85' lang='lat' dir='ltr'><strong>una</strong></span> <span class='ocrx_word' id='word_1_11' title='bbox 277 312 372 334; x_wconf 89' lang='lat' dir='ltr'><strong>natura</strong></span> <span class='ocrx_word' id='word_1_12' title='bbox 386 308 528 334; x_wconf 80' lang='lat' dir='ltr'><strong>adoratam</strong></span> <span class='ocrx_word' id='word_1_13' title='bbox 540 308 659 340; x_wconf 86' lang='lat' dir='ltr'><strong>celebro,</strong></span> <span class='ocrx_word' id='word_1_14' title='bbox 668 312 725 335; x_wconf 88' lang='lat' dir='ltr'><strong>tres</strong></span> <span class='ocrx_word' id='word_1_15' title='bbox 736 309 784 343; x_wconf 87' lang='lat' dir='ltr'><strong>qui</strong></span> <span class='ocrx_word' id='word_1_16' title='bbox 798 308 880 335; x_wconf 88' lang='lat' dir='ltr'><strong>simul</strong></span> <span class='ocrx_word' id='word_1_17' title='bbox 896 313 960 336; x_wconf 78' lang='lat' dir='ltr'><strong>sunt</strong></span> 
     </span>
    </p>
   </div>
   <div class='ocr_carea' id='block_1_5' title="bbox 171 353 957 388">
    <p class='ocr_par' dir='ltr' id='par_1_5' title="bbox 171 353 957 388">
     <span class='ocr_line' id='line_1_5' title="bbox 171 353 957 388; baseline -0.001 -7"><span class='ocrx_word' id='word_1_18' title='bbox 171 357 215 381; x_wconf 76' lang='lat' dir='ltr'><strong>lux</strong></span> <span class='ocrx_word' id='word_1_19' title='bbox 231 354 309 386; x_wconf 76' lang='lat' dir='ltr'><strong>trina,</strong></span> <span class='ocrx_word' id='word_1_20' title='bbox 324 354 446 385; x_wconf 84' lang='lat' dir='ltr'><strong>Patrem,</strong></span> <span class='ocrx_word' id='word_1_21' title='bbox 462 359 488 381; x_wconf 91' lang='lat' dir='ltr'><strong>et</strong></span> <span class='ocrx_word' id='word_1_22' title='bbox 500 353 610 387; x_wconf 84' lang='lat' dir='ltr'><strong>Filium,</strong></span> <span class='ocrx_word' id='word_1_23' title='bbox 632 358 659 381; x_wconf 89' lang='lat' dir='ltr'><strong>et</strong></span> <span class='ocrx_word' id='word_1_24' title='bbox 672 353 805 388; x_wconf 89' lang='lat' dir='ltr'><strong>Spiritum</strong></span> <span class='ocrx_word' id='word_1_25' title='bbox 822 358 957 381; x_wconf 87' lang='lat' dir='ltr'><strong>sanctum.</strong></span> 
     </span>
    </p>
   </div>
   <div class='ocr_carea' id='block_1_6' title="bbox 477 441 660 470">
    <p class='ocr_par' dir='ltr' id='par_1_6' title="bbox 477 441 660 470">
     <span class='ocr_line' id='line_1_6' title="bbox 477 441 660 470; baseline 0.005 -1"><span class='ocrx_word' id='word_1_26' title='bbox 477 441 660 470; x_wconf 75' lang='lat' dir='ltr'><strong>Tlieolocium.</strong></span> 
     </span>
    </p>
   </div>
   <div class='ocr_carea' id='block_1_7' title="bbox 202 488 962 516">
    <p class='ocr_par' dir='ltr' id='par_1_7' title="bbox 202 488 962 516">
     <span class='ocr_line' id='line_1_7' title="bbox 202 488 962 516; baseline 0.001 -2"><span class='ocrx_word' id='word_1_27' title='bbox 202 488 393 515; x_wconf 79' lang='lat' dir='ltr'><strong>Miraculorum</strong></span> <span class='ocrx_word' id='word_1_28' title='bbox 405 489 527 515; x_wconf 88' lang='lat' dir='ltr'><strong>omnium</strong></span> <span class='ocrx_word' id='word_1_29' title='bbox 545 488 695 515; x_wconf 63' lang='lat' dir='ltr'><strong>maximum</strong></span> <span class='ocrx_word' id='word_1_30' title='bbox 711 488 873 516; x_wconf 83' lang='lat' dir='ltr'><strong>miraculum</strong></span> <span class='ocrx_word' id='word_1_31' title='bbox 890 488 918 515; x_wconf 94' lang='lat' dir='ltr'><strong>in</strong></span> <span class='ocrx_word' id='word_1_32' title='bbox 935 492 962 515; x_wconf 90' lang='lat' dir='ltr'><strong>te</strong></span> 
     </span>
    </p>
   </div>
   <div class='ocr_carea' id='block_1_8' title="bbox 171 531 962 568">
    <p class='ocr_par' dir='ltr' id='par_1_8' title="bbox 171 531 962 568">
     <span class='ocr_line' id='line_1_8' title="bbox 171 531 962 568; baseline 0.001 -10"><span class='ocrx_word' id='word_1_33' title='bbox 171 533 308 567; x_wconf 75' lang='lat' dir='ltr'><strong>apparuit,</strong></span> <span class='ocrx_word' id='word_1_34' title='bbox 335 533 435 559; x_wconf 78' lang='lat' dir='ltr'><strong>intacta</strong></span> <span class='ocrx_word' id='word_1_35' title='bbox 454 531 548 568; x_wconf 80' lang='lat' dir='ltr'><strong>Virgo.</strong></span> <span class='ocrx_word' id='word_1_36' title='bbox 570 532 678 568; x_wconf 77' lang='lat' dir='ltr'><strong>Agnum</strong></span> <span class='ocrx_word' id='word_1_37' title='bbox 702 532 787 564; x_wconf 72' lang='lat' dir='ltr'><strong>enim.</strong></span> <span class='ocrx_word' id='word_1_38' title='bbox 813 533 862 566; x_wconf 87' lang='lat' dir='ltr'><strong>qui</strong></span> <span class='ocrx_word' id='word_1_39' title='bbox 890 533 962 560; x_wconf 86' lang='lat' dir='ltr'><strong>tollit</strong></span> 
     </span>
    </p>
   </div>
   <div class='ocr_carea' id='block_1_9' title="bbox 171 578 961 614">
    <p class='ocr_par' dir='ltr' id='par_1_9' title="bbox 171 578 961 614">
     <span class='ocr_line' id='line_1_9' title="bbox 171 578 961 614; baseline -0.001 -8"><span class='ocrx_word' id='word_1_40' title='bbox 171 585 281 614; x_wconf 83' lang='lat' dir='ltr'><strong>peccata</strong></span> <span class='ocrx_word' id='word_1_41' title='bbox 293 578 396 608; x_wconf 90' lang='lat' dir='ltr'><strong>mundi.</strong></span> <span class='ocrx_word' id='word_1_42' title='bbox 414 584 442 605; x_wconf 89' lang='lat' dir='ltr'><strong>tu</strong></span> <span class='ocrx_word' id='word_1_43' title='bbox 458 579 483 605; x_wconf 95' lang='lat' dir='ltr'><strong>in</strong></span> <span class='ocrx_word' id='word_1_44' title='bbox 502 584 579 605; x_wconf 90' lang='lat' dir='ltr'><strong>utero</strong></span> <span class='ocrx_word' id='word_1_45' title='bbox 595 579 707 613; x_wconf 77' lang='lat' dir='ltr'><strong>gestasti</strong></span> <span class='ocrx_word' id='word_1_46' title='bbox 724 588 729 605; x_wconf 94' lang='lat'><strong>:</strong></span> <span class='ocrx_word' id='word_1_47' title='bbox 753 587 832 612; x_wconf 81' lang='lat' dir='ltr'><strong>queui</strong></span> <span class='ocrx_word' id='word_1_48' title='bbox 854 579 961 606; x_wconf 86' lang='lat' dir='ltr'><strong>indesi-</strong></span> 
     </span>
    </p>
   </div>
   <div class='ocr_carea' id='block_1_10' title="bbox 172 624 960 659">
    <p class='ocr_par' dir='ltr' id='par_1_10' title="bbox 172 624 960 659">
     <span class='ocr_line' id='line_1_10' title="bbox 172 624 960 659; baseline 0 -7"><span class='ocrx_word' id='word_1_49' title='bbox 172 630 268 652; x_wconf 83' lang='lat' dir='ltr'><strong>nenter</strong></span> <span class='ocrx_word' id='word_1_50' title='bbox 279 633 327 659; x_wconf 90' lang='lat' dir='ltr'><strong>pro</strong></span> <span class='ocrx_word' id='word_1_51' title='bbox 340 624 431 656; x_wconf 87' lang='lat' dir='ltr'><strong>nobis,</strong></span> <span class='ocrx_word' id='word_1_52' title='bbox 449 624 494 658; x_wconf 86' lang='lat' dir='ltr'><strong>qui</strong></span> <span class='ocrx_word' id='word_1_53' title='bbox 515 624 611 651; x_wconf 88' lang='lat' dir='ltr'><strong>laudes</strong></span> <span class='ocrx_word' id='word_1_54' title='bbox 632 629 693 651; x_wconf 86' lang='lat' dir='ltr'><strong>tuas</strong></span> <span class='ocrx_word' id='word_1_55' title='bbox 706 624 890 656; x_wconf 85' lang='lat' dir='ltr'><strong>conciuimus,</strong></span> <span class='ocrx_word' id='word_1_56' title='bbox 914 625 960 652; x_wconf 87' lang='lat' dir='ltr'><strong>de-</strong></span> 
     </span>
    </p>
   </div>
   <div class='ocr_carea' id='block_1_11' title="bbox 171 679 294 706">
    <p class='ocr_par' dir='ltr' id='par_1_11' title="bbox 171 679 294 706">
     <span class='ocr_line' id='line_1_11' title="bbox 171 679 294 706; baseline 0 -8"><span class='ocrx_word' id='word_1_57' title='bbox 171 679 294 706; x_wconf 81' lang='lat' dir='ltr'><strong>precare.</strong></span> 
     </span>
    </p>
   </div>
   <div class='ocr_carea' id='block_1_12' title="bbox 481 716 640 743">
    <p class='ocr_par' dir='ltr' id='par_1_12' title="bbox 481 716 640 743">
     <span class='ocr_line' id='line_1_12' title="bbox 481 716 640 743; baseline -0.013 0"><span class='ocrx_word' id='word_1_58' title='bbox 481 716 640 743; x_wconf 72' lang='lat' dir='ltr'><strong>Catabasia.</strong></span> 
     </span>
    </p>
   </div>
   <div class='ocr_carea' id='block_1_13' title="bbox 206 759 962 798">
    <p class='ocr_par' dir='ltr' id='par_1_13' title="bbox 206 759 962 798">
     <span class='ocr_line' id='line_1_13' title="bbox 206 759 962 798; baseline 0 -10"><span class='ocrx_word' id='word_1_59' title='bbox 206 762 310 798; x_wconf 82' lang='lat' dir='ltr'><strong>Typum</strong></span> <span class='ocrx_word' id='word_1_60' title='bbox 322 761 524 788; x_wconf 75' lang='lat' dir='ltr'><strong>divimeCrucis</strong></span> <span class='ocrx_word' id='word_1_61' title='bbox 537 759 810 796; x_wconf 65' lang='lat' dir='ltr'><strong>prmliguravillouas</strong></span> <span class='ocrx_word' id='word_1_62' title='bbox 824 759 851 786; x_wconf 92' lang='lat' dir='ltr'><strong>in</strong></span> <span class='ocrx_word' id='word_1_63' title='bbox 867 765 962 788; x_wconf 86' lang='lat' dir='ltr'><strong>ventre</strong></span> 
     </span>
    </p>
   </div>
   <div class='ocr_carea' id='block_1_14' title="bbox 171 805 961 842">
    <p class='ocr_par' dir='ltr' id='par_1_14' title="bbox 171 805 961 842">
     <span class='ocr_line' id='line_1_14' title="bbox 171 805 961 842; baseline 0 -9"><span class='ocrx_word' id='word_1_64' title='bbox 171 807 234 835; x_wconf 76' lang='lat' dir='ltr'><strong>ceti.</strong></span> <span class='ocrx_word' id='word_1_65' title='bbox 259 807 386 842; x_wconf 75' lang='lat' dir='ltr'><strong>expansis</strong></span> <span class='ocrx_word' id='word_1_66' title='bbox 411 807 548 836; x_wconf 84' lang='lat' dir='ltr'><strong>manibus.</strong></span> <span class='ocrx_word' id='word_1_67' title='bbox 566 806 733 841; x_wconf 72' lang='lat' dir='ltr'><strong>exsiluitque</strong></span> <span class='ocrx_word' id='word_1_68' title='bbox 756 805 902 832; x_wconf 81' lang='lat' dir='ltr'><strong>incolumis</strong></span> <span class='ocrx_word' id='word_1_69' title='bbox 928 813 961 833; x_wconf 76' lang='lat' dir='ltr'><strong>ex</strong></span> 
     </span>
    </p>
   </div>
   <div class='ocr_carea' id='block_1_15' title="bbox 173 849 623 887">
    <p class='ocr_par' dir='ltr' id='par_1_15' title="bbox 173 849 623 887">
     <span class='ocr_line' id='line_1_15' title="bbox 173 849 623 887; baseline 0 -7"><span class='ocrx_word' id='word_1_70' title='bbox 173 854 273 887; x_wconf 80' lang='lat' dir='ltr'><strong>bellua,</strong></span> <span class='ocrx_word' id='word_1_71' title='bbox 286 849 388 880; x_wconf 76' lang='lat' dir='ltr'><strong>virtute</strong></span> <span class='ocrx_word' id='word_1_72' title='bbox 408 859 466 885; x_wconf 86' lang='lat' dir='ltr'><strong>tua,</strong></span> <span class='ocrx_word' id='word_1_73' title='bbox 493 852 623 880; x_wconf 83' lang='lat' dir='ltr'><strong>Verbum.</strong></span> 
     </span>
    </p>
   </div>
   <div class='ocr_carea' id='block_1_16' title="bbox 479 941 651 968">
    <p class='ocr_par' dir='ltr' id='par_1_16' title="bbox 479 941 651 968">
     <span class='ocr_line' id='line_1_16' title="bbox 479 941 651 968; baseline -0.006 0"><span class='ocrx_word' id='word_1_74' title='bbox 479 941 651 968; x_wconf 81' lang='lat' dir='ltr'><strong>Idiontelum.</strong></span> 
     </span>
    </p>
   </div>
   <div class='ocr_carea' id='block_1_17' title="bbox 207 985 960 1022">
    <p class='ocr_par' dir='ltr' id='par_1_17' title="bbox 207 985 960 1022">
     <span class='ocr_line' id='line_1_17' title="bbox 207 985 960 1022; baseline -0.003 -8"><span class='ocrx_word' id='word_1_75' title='bbox 207 987 343 1014; x_wconf 77' lang='lat' dir='ltr'><strong>Flammea</strong></span> <span class='ocrx_word' id='word_1_76' title='bbox 358 989 515 1022; x_wconf 79' lang='lat' dir='ltr'><strong>rnompluea</strong></span> <span class='ocrx_word' id='word_1_77' title='bbox 527 994 580 1013; x_wconf 87' lang='lat' dir='ltr'><strong>non</strong></span> <span class='ocrx_word' id='word_1_78' title='bbox 587 986 707 1014; x_wconf 75' lang='lat' dir='ltr'><strong>custodit</strong></span> <span class='ocrx_word' id='word_1_79' title='bbox 718 985 835 1020; x_wconf 85' lang='lat' dir='ltr'><strong>amplius</strong></span> <span class='ocrx_word' id='word_1_80' title='bbox 851 989 960 1021; x_wconf 86' lang='lat' dir='ltr'><strong>portam</strong></span> 
     </span>
    </p>
   </div>
   <div class='ocr_carea' id='block_1_18' title="bbox 172 1031 961 1068">
    <p class='ocr_par' dir='ltr' id='par_1_18' title="bbox 172 1031 961 1068">
     <span class='ocr_line' id='line_1_18' title="bbox 172 1031 961 1068; baseline -0.003 -8"><span class='ocrx_word' id='word_1_81' title='bbox 172 1033 306 1068; x_wconf 85' lang='lat' dir='ltr'><strong>paradisi;</strong></span> <span class='ocrx_word' id='word_1_82' title='bbox 329 1033 428 1060; x_wconf 84' lang='lat' dir='ltr'><strong>etenim</strong></span> <span class='ocrx_word' id='word_1_83' title='bbox 450 1033 620 1066; x_wconf 82' lang='lat' dir='ltr'><strong>inopinatum</strong></span> <span class='ocrx_word' id='word_1_84' title='bbox 637 1032 795 1066; x_wconf 80' lang='lat' dir='ltr'><strong>supervenit</strong></span> <span class='ocrx_word' id='word_1_85' title='bbox 808 1031 961 1065; x_wconf 84' lang='lat' dir='ltr'><strong>vinculum,</strong></span> 
     </span>
    </p>
   </div>
   <div class='ocr_carea' id='block_1_19' title="bbox 172 1076 964 1111">
    <p class='ocr_par' dir='ltr' id='par_1_19' title="bbox 172 1076 964 1111">
     <span class='ocr_line' id='line_1_19' title="bbox 172 1076 964 1111; baseline -0.001 -6"><span class='ocrx_word' id='word_1_86' title='bbox 172 1078 263 1105; x_wconf 86' lang='lat' dir='ltr'><strong>crucis</strong></span> <span class='ocrx_word' id='word_1_87' title='bbox 274 1077 399 1105; x_wconf 82' lang='lat' dir='ltr'><strong>videlicet</strong></span> <span class='ocrx_word' id='word_1_88' title='bbox 413 1077 531 1111; x_wconf 72' lang='lat' dir='ltr'><strong>lignum.</strong></span> <span class='ocrx_word' id='word_1_89' title='bbox 547 1076 643 1104; x_wconf 85' lang='lat' dir='ltr'><strong>Mortis</strong></span> <span class='ocrx_word' id='word_1_90' title='bbox 660 1077 801 1109; x_wconf 86' lang='lat' dir='ltr'><strong>stimulus,</strong></span> <span class='ocrx_word' id='word_1_91' title='bbox 824 1081 852 1104; x_wconf 90' lang='lat' dir='ltr'><strong>et</strong></span> <span class='ocrx_word' id='word_1_92' title='bbox 867 1078 964 1105; x_wconf 85' lang='lat' dir='ltr'><strong>mortis</strong></span> 
     </span>
    </p>
   </div>
   <div class='ocr_carea' id='block_1_20' title="bbox 172 1121 958 1158">
    <p class='ocr_par' dir='ltr' id='par_1_20' title="bbox 172 1121 958 1158">
     <span class='ocr_line' id='line_1_20' title="bbox 172 1121 958 1158; baseline -0.001 -8"><span class='ocrx_word' id='word_1_93' title='bbox 172 1124 288 1151; x_wconf 78' lang='lat' dir='ltr'><strong>victoria</strong></span> <span class='ocrx_word' id='word_1_94' title='bbox 311 1123 423 1158; x_wconf 77' lang='lat' dir='ltr'><strong>depulsa</strong></span> <span class='ocrx_word' id='word_1_95' title='bbox 449 1127 501 1150; x_wconf 90' lang='lat' dir='ltr'><strong>est.</strong></span> <span class='ocrx_word' id='word_1_96' title='bbox 535 1122 654 1150; x_wconf 83' lang='lat' dir='ltr'><strong>Astitisti</strong></span> <span class='ocrx_word' id='word_1_97' title='bbox 690 1128 794 1155; x_wconf 87' lang='lat' dir='ltr'><strong>autem,</strong></span> <span class='ocrx_word' id='word_1_98' title='bbox 818 1121 958 1155; x_wconf 77' lang='lat' dir='ltr'><strong>Servatur,</strong></span> 
     </span>
    </p>
   </div>
   <div class='ocr_carea' id='block_1_21' title="bbox 173 1168 965 1204">
    <p class='ocr_par' dir='ltr' id='par_1_21' title="bbox 173 1168 965 1204">
     <span class='ocr_line' id='line_1_21' title="bbox 173 1168 965 1204; baseline 0 -8"><span class='ocrx_word' id='word_1_99' title='bbox 173 1170 236 1202; x_wconf 77' lang='lat' dir='ltr'><strong>illis,</strong></span> <span class='ocrx_word' id='word_1_100' title='bbox 261 1169 307 1204; x_wconf 89' lang='lat' dir='ltr'><strong>qui</strong></span> <span class='ocrx_word' id='word_1_101' title='bbox 333 1169 403 1202; x_wconf 87' lang='lat' dir='ltr'><strong>apud</strong></span> <span class='ocrx_word' id='word_1_102' title='bbox 434 1168 538 1196; x_wconf 81' lang='lat' dir='ltr'><strong>inferos</strong></span> <span class='ocrx_word' id='word_1_103' title='bbox 566 1171 656 1201; x_wconf 84' lang='lat' dir='ltr'><strong>erant,</strong></span> <span class='ocrx_word' id='word_1_104' title='bbox 677 1168 800 1195; x_wconf 79' lang='lat' dir='ltr'><strong>clamans</strong></span> <span class='ocrx_word' id='word_1_105' title='bbox 827 1177 834 1197; x_wconf 92' lang='lat'><strong>:</strong></span> <span class='ocrx_word' id='word_1_106' title='bbox 863 1168 965 1196; x_wconf 86' lang='lat' dir='ltr'><strong>intrate</strong></span> 
     </span>
    </p>
   </div>
   <div class='ocr_carea' id='block_1_22' title="bbox 173 1214 499 1248">
    <p class='ocr_par' dir='ltr' id='par_1_22' title="bbox 173 1214 499 1248">
     <span class='ocr_line' id='line_1_22' title="bbox 173 1214 499 1248; baseline 0 -6"><span class='ocrx_word' id='word_1_107' title='bbox 173 1216 271 1242; x_wconf 86' lang='lat' dir='ltr'><strong>iterum</strong></span> <span class='ocrx_word' id='word_1_108' title='bbox 289 1214 316 1240; x_wconf 91' lang='lat' dir='ltr'><strong>iu</strong></span> <span class='ocrx_word' id='word_1_109' title='bbox 327 1214 499 1248; x_wconf 81' lang='lat' dir='ltr'><strong>paradisum.</strong></span> 
     </span>
    </p>
   </div>
   <div class='ocr_carea' id='block_1_23' title="bbox 525 1259 624 1288">
    <p class='ocr_par' dir='ltr' id='par_1_23' title="bbox 525 1259 624 1288">
     <span class='ocr_line' id='line_1_23' title="bbox 525 1259 624 1288; baseline 0.01 -1"><span class='ocrx_word' id='word_1_110' title='bbox 525 1259 624 1288; x_wconf 74' lang='lat' dir='ltr'><strong>(Eous.</strong></span> 
     </span>
    </p>
   </div>
   <div class='ocr_carea' id='block_1_24' title="bbox 209 1306 966 1341">
    <p class='ocr_par' dir='ltr' id='par_1_24' title="bbox 209 1306 966 1341">
     <span class='ocr_line' id='line_1_24' title="bbox 209 1306 966 1341; baseline 0.001 -7"><span class='ocrx_word' id='word_1_111' title='bbox 209 1306 278 1335; x_wconf 91' lang='lat' dir='ltr'><strong>Tres</strong></span> <span class='ocrx_word' id='word_1_112' title='bbox 291 1315 387 1335; x_wconf 84' lang='lat' dir='ltr'><strong>cruces</strong></span> <span class='ocrx_word' id='word_1_113' title='bbox 401 1307 460 1334; x_wconf 83' lang='lat' dir='ltr'><strong>ﬁxit</strong></span> <span class='ocrx_word' id='word_1_114' title='bbox 474 1306 581 1334; x_wconf 82' lang='lat' dir='ltr'><strong>Pilatus</strong></span> <span class='ocrx_word' id='word_1_115' title='bbox 597 1307 624 1334; x_wconf 91' lang='lat' dir='ltr'><strong>in</strong></span> <span class='ocrx_word' id='word_1_116' title='bbox 637 1306 784 1341; x_wconf 76' lang='lat' dir='ltr'><strong>Golgotlia.</strong></span> <span class='ocrx_word' id='word_1_117' title='bbox 798 1306 869 1333; x_wconf 81' lang='lat' dir='ltr'><strong>Duas</strong></span> <span class='ocrx_word' id='word_1_118' title='bbox 879 1307 966 1335; x_wconf 84' lang='lat' dir='ltr'><strong>latro-</strong></span> 
     </span>
    </p>
   </div>
   <div class='ocr_carea' id='block_1_25' title="bbox 174 1353 965 1388">
    <p class='ocr_par' dir='ltr' id='par_1_25' title="bbox 174 1353 965 1388">
     <span class='ocr_line' id='line_1_25' title="bbox 174 1353 965 1388; baseline 0.003 -8"><span class='ocrx_word' id='word_1_119' title='bbox 174 1353 268 1385; x_wconf 89' lang='lat' dir='ltr'><strong>nibus,</strong></span> <span class='ocrx_word' id='word_1_120' title='bbox 285 1357 312 1380; x_wconf 85' lang='lat' dir='ltr'><strong>et</strong></span> <span class='ocrx_word' id='word_1_121' title='bbox 324 1361 405 1380; x_wconf 91' lang='lat' dir='ltr'><strong>unam</strong></span> <span class='ocrx_word' id='word_1_122' title='bbox 419 1353 480 1380; x_wconf 70' lang='lat' dir='ltr'><strong>vita:</strong></span> <span class='ocrx_word' id='word_1_123' title='bbox 498 1353 633 1387; x_wconf 71' lang='lat' dir='ltr'><strong>largitori,</strong></span> <span class='ocrx_word' id='word_1_124' title='bbox 653 1361 735 1388; x_wconf 89' lang='lat' dir='ltr'><strong>quam</strong></span> <span class='ocrx_word' id='word_1_125' title='bbox 750 1360 778 1380; x_wconf 89' lang='grc' dir='ltr'>ιιι</span> <span class='ocrx_word' id='word_1_126' title='bbox 791 1353 857 1381; x_wconf 83' lang='lat' dir='ltr'><strong>vidit</strong></span> <span class='ocrx_word' id='word_1_127' title='bbox 868 1354 965 1386; x_wconf 80' lang='lat' dir='ltr'><strong>Orcus.</strong></span> 
     </span>
    </p>
   </div>
   <div class='ocr_carea' id='block_1_26' title="bbox 174 1397 966 1434">
    <p class='ocr_par' dir='ltr' id='par_1_26' title="bbox 174 1397 966 1434">
     <span class='ocr_line' id='line_1_26' title="bbox 174 1397 966 1434; baseline 0.003 -10"><span class='ocrx_word' id='word_1_128' title='bbox 174 1398 243 1424; x_wconf 80' lang='lat' dir='ltr'><strong>dixit</strong></span> <span class='ocrx_word' id='word_1_129' title='bbox 255 1397 352 1425; x_wconf 84' lang='lat' dir='ltr'><strong>inferni</strong></span> <span class='ocrx_word' id='word_1_130' title='bbox 372 1397 613 1426; x_wconf 83' lang='lat' dir='ltr'><strong>incolis:Soda|es</strong></span> <span class='ocrx_word' id='word_1_131' title='bbox 629 1399 680 1425; x_wconf 92' lang='lat' dir='ltr'><strong>mei</strong></span> <span class='ocrx_word' id='word_1_132' title='bbox 697 1403 724 1425; x_wconf 92' lang='lat' dir='ltr'><strong>et</strong></span> <span class='ocrx_word' id='word_1_133' title='bbox 741 1399 892 1433; x_wconf 78' lang='lat' dir='ltr'><strong>adjutores,</strong></span> <span class='ocrx_word' id='word_1_134' title='bbox 903 1399 966 1434; x_wconf 86' lang='lat' dir='ltr'><strong>quis</strong></span> 
     </span>
    </p>
   </div>
   <div class='ocr_carea' id='block_1_27' title="bbox 174 1443 966 1479">
    <p class='ocr_par' dir='ltr' id='par_1_27' title="bbox 174 1443 966 1479">
     <span class='ocr_line' id='line_1_27' title="bbox 174 1443 966 1479; baseline 0.003 -10"><span class='ocrx_word' id='word_1_135' title='bbox 174 1448 225 1473; x_wconf 87' lang='lat' dir='ltr'><strong>est.</strong></span> <span class='ocrx_word' id='word_1_136' title='bbox 239 1443 286 1478; x_wconf 91' lang='lat' dir='ltr'><strong>qui</strong></span> <span class='ocrx_word' id='word_1_137' title='bbox 299 1443 407 1471; x_wconf 78' lang='lat' dir='ltr'><strong>clavum</strong></span> <span class='ocrx_word' id='word_1_138' title='bbox 426 1444 452 1470; x_wconf 93' lang='lat' dir='ltr'><strong>in</strong></span> <span class='ocrx_word' id='word_1_139' title='bbox 467 1448 561 1477; x_wconf 88' lang='lat' dir='ltr'><strong>pectus</strong></span> <span class='ocrx_word' id='word_1_140' title='bbox 576 1452 666 1471; x_wconf 80' lang='lat' dir='ltr'><strong>Ineunt</strong></span> <span class='ocrx_word' id='word_1_141' title='bbox 684 1444 789 1478; x_wconf 78' lang='lat' dir='ltr'><strong>adigit?</strong></span> <span class='ocrx_word' id='word_1_142' title='bbox 811 1444 966 1479; x_wconf 82' lang='lat' dir='ltr'><strong>Derepente</strong></span> 
     </span>
    </p>
   </div>
   <div class='ocr_carea' id='block_1_28' title="bbox 173 1487 964 1523">
    <p class='ocr_par' dir='ltr' id='par_1_28' title="bbox 173 1487 964 1523">
     <span class='ocr_line' id='line_1_28' title="bbox 173 1487 964 1523; baseline 0.004 -10"><span class='ocrx_word' id='word_1_143' title='bbox 173 1487 328 1514; x_wconf 78' lang='lat' dir='ltr'><strong>vulneravit</strong></span> <span class='ocrx_word' id='word_1_144' title='bbox 341 1496 384 1515; x_wconf 91' lang='lat' dir='ltr'><strong>me</strong></span> <span class='ocrx_word' id='word_1_145' title='bbox 393 1488 500 1520; x_wconf 87' lang='lat' dir='ltr'><strong>lancea,</strong></span> <span class='ocrx_word' id='word_1_146' title='bbox 509 1493 536 1515; x_wconf 89' lang='lat' dir='ltr'><strong>et</strong></span> <span class='ocrx_word' id='word_1_147' title='bbox 547 1488 715 1523; x_wconf 82' lang='lat' dir='ltr'><strong>disrumpar.</strong></span> <span class='ocrx_word' id='word_1_148' title='bbox 729 1488 860 1516; x_wconf 88' lang='lat' dir='ltr'><strong>Interiora</strong></span> <span class='ocrx_word' id='word_1_149' title='bbox 874 1489 964 1523; x_wconf 86' lang='lat' dir='ltr'><strong>doleo,</strong></span> 
     </span>
    </p>
   </div>
   <div class='ocr_carea' id='block_1_29' title="bbox 173 1534 965 1568">
    <p class='ocr_par' dir='ltr' id='par_1_29' title="bbox 173 1534 965 1568">
     <span class='ocr_line' id='line_1_29' title="bbox 173 1534 965 1568; baseline 0.005 -9"><span class='ocrx_word' id='word_1_150' title='bbox 173 1538 294 1561; x_wconf 83' lang='lat' dir='ltr'><strong>ventrem</strong></span> <span class='ocrx_word' id='word_1_151' title='bbox 311 1542 400 1562; x_wconf 91' lang='lat' dir='ltr'><strong>meum</strong></span> <span class='ocrx_word' id='word_1_152' title='bbox 420 1534 510 1562; x_wconf 88' lang='lat' dir='ltr'><strong>doleo.</strong></span> <span class='ocrx_word' id='word_1_153' title='bbox 527 1534 631 1562; x_wconf 89' lang='lat' dir='ltr'><strong>Sensus</strong></span> <span class='ocrx_word' id='word_1_154' title='bbox 647 1543 725 1562; x_wconf 88' lang='lat' dir='ltr'><strong>meus</strong></span> <span class='ocrx_word' id='word_1_155' title='bbox 735 1541 762 1562; x_wconf 90' lang='lat' dir='ltr'><strong>et</strong></span> <span class='ocrx_word' id='word_1_156' title='bbox 776 1535 889 1568; x_wconf 77' lang='lat' dir='ltr'><strong>Spiritus</strong></span> <span class='ocrx_word' id='word_1_157' title='bbox 907 1541 965 1563; x_wconf 93' lang='lat' dir='ltr'><strong>tur-</strong></span> 
     </span>
    </p>
   </div>
   <div class='ocr_carea' id='block_1_30' title="bbox 173 1581 961 1616">
    <p class='ocr_par' dir='ltr' id='par_1_30' title="bbox 173 1581 961 1616">
     <span class='ocr_line' id='line_1_30' title="bbox 173 1581 961 1616; baseline 0.004 -9"><span class='ocrx_word' id='word_1_158' title='bbox 173 1581 282 1611; x_wconf 82' lang='lat' dir='ltr'><strong>bantur,</strong></span> <span class='ocrx_word' id='word_1_159' title='bbox 302 1589 439 1616; x_wconf 75' lang='lat' dir='ltr'><strong>cogorque</strong></span> <span class='ocrx_word' id='word_1_160' title='bbox 457 1582 556 1616; x_wconf 79' lang='lat' dir='ltr'><strong>ejicere</strong></span> <span class='ocrx_word' id='word_1_161' title='bbox 570 1583 659 1609; x_wconf 88' lang='lat' dir='ltr'><strong>denuo</strong></span> <span class='ocrx_word' id='word_1_162' title='bbox 676 1582 809 1609; x_wconf 83' lang='lat' dir='ltr'><strong>Adamum</strong></span> <span class='ocrx_word' id='word_1_163' title='bbox 825 1587 852 1610; x_wconf 89' lang='lat' dir='ltr'><strong>et</strong></span> <span class='ocrx_word' id='word_1_164' title='bbox 862 1583 961 1610; x_wconf 81' lang='lat' dir='ltr'><strong>Adami</strong></span> 
     </span>
    </p>
   </div>
   <div class='ocr_carea' id='block_1_31' title="bbox 173 1628 967 1664">
    <p class='ocr_par' dir='ltr' id='par_1_31' title="bbox 173 1628 967 1664">
     <span class='ocr_line' id='line_1_31' title="bbox 173 1628 967 1664; baseline 0.005 -11"><span class='ocrx_word' id='word_1_165' title='bbox 173 1632 297 1662; x_wconf 84' lang='lat' dir='ltr'><strong>posteros</strong></span> <span class='ocrx_word' id='word_1_166' title='bbox 314 1628 379 1655; x_wconf 85' lang='lat' dir='ltr'><strong>mihi</strong></span> <span class='ocrx_word' id='word_1_167' title='bbox 393 1637 441 1663; x_wconf 89' lang='lat' dir='ltr'><strong>per</strong></span> <span class='ocrx_word' id='word_1_168' title='bbox 454 1629 558 1664; x_wconf 73' lang='lat' dir='ltr'><strong>lignum</strong></span> <span class='ocrx_word' id='word_1_169' title='bbox 575 1629 673 1662; x_wconf 81' lang='lat' dir='ltr'><strong>datos;</strong></span> <span class='ocrx_word' id='word_1_170' title='bbox 699 1637 759 1656; x_wconf 90' lang='lat' dir='ltr'><strong>nam</strong></span> <span class='ocrx_word' id='word_1_171' title='bbox 775 1630 878 1664; x_wconf 74' lang='lat' dir='ltr'><strong>lignum</strong></span> <span class='ocrx_word' id='word_1_172' title='bbox 898 1630 967 1658; x_wconf 84' lang='lat' dir='ltr'><strong>istos</strong></span> 
     </span>
    </p>
   </div>
   <div class='ocr_carea' id='block_1_32' title="bbox 173 1673 626 1710">
    <p class='ocr_par' dir='ltr' id='par_1_32' title="bbox 173 1673 626 1710">
     <span class='ocr_line' id='line_1_32' title="bbox 173 1673 626 1710; baseline 0.004 -9"><span class='ocrx_word' id='word_1_173' title='bbox 173 1673 273 1701; x_wconf 86' lang='lat' dir='ltr'><strong>iterum</strong></span> <span class='ocrx_word' id='word_1_174' title='bbox 293 1674 321 1701; x_wconf 91' lang='lat' dir='ltr'><strong>iu</strong></span> <span class='ocrx_word' id='word_1_175' title='bbox 332 1675 492 1710; x_wconf 87' lang='lat' dir='ltr'><strong>paradisum</strong></span> <span class='ocrx_word' id='word_1_176' title='bbox 507 1675 626 1703; x_wconf 86' lang='lat' dir='ltr'><strong>inducit.</strong></span> 
     </span>
    </p>
   </div>
   <div class='ocr_carea' id='block_1_33' title="bbox 507 1793 638 1823">
    <p class='ocr_par' dir='ltr' id='par_1_33' title="bbox 507 1793 638 1823">
     <span class='ocr_line' id='line_1_33' title="bbox 507 1793 638 1823; baseline 0.015 -2"><span class='ocrx_word' id='word_1_177' title='bbox 507 1793 576 1822; x_wconf 79' lang='lat' dir='ltr'><strong>ODA</strong></span> <span class='ocrx_word' id='word_1_178' title='bbox 591 1794 638 1823; x_wconf 78' lang='lat' dir='ltr'><strong>Vl.</strong></span> 
     </span>
    </p>
   </div>
   <div class='ocr_carea' id='block_1_34' title="bbox 212 1869 966 1906">
    <p class='ocr_par' dir='ltr' id='par_1_34' title="bbox 212 1869 966 1906">
     <span class='ocr_line' id='line_1_34' title="bbox 212 1869 966 1906; baseline 0.007 -10"><span class='ocrx_word' id='word_1_179' title='bbox 212 1869 407 1903; x_wconf 73' lang='lat' dir='ltr'><strong>Resurrexisti,</strong></span> <span class='ocrx_word' id='word_1_180' title='bbox 430 1870 554 1903; x_wconf 83' lang='lat' dir='ltr'><strong>Domine,</strong></span> <span class='ocrx_word' id='word_1_181' title='bbox 573 1878 606 1898; x_wconf 80' lang='lat' dir='ltr'><strong>ex</strong></span> <span class='ocrx_word' id='word_1_182' title='bbox 640 1871 767 1906; x_wconf 88' lang='lat' dir='ltr'><strong>sepulcro</strong></span> <span class='ocrx_word' id='word_1_183' title='bbox 798 1873 878 1900; x_wconf 87' lang='lat' dir='ltr'><strong>tertia</strong></span> <span class='ocrx_word' id='word_1_184' title='bbox 911 1873 966 1906; x_wconf 89' lang='lat' dir='ltr'><strong>die,</strong></span> 
     </span>
    </p>
   </div>
   <div class='ocr_carea' id='block_1_35' title="bbox 174 1915 967 1951">
    <p class='ocr_par' dir='ltr' id='par_1_35' title="bbox 174 1915 967 1951">
     <span class='ocr_line' id='line_1_35' title="bbox 174 1915 967 1951; baseline 0.006 -9"><span class='ocrx_word' id='word_1_185' title='bbox 174 1918 306 1948; x_wconf 80' lang='lat' dir='ltr'><strong>tanquam</strong></span> <span class='ocrx_word' id='word_1_186' title='bbox 323 1915 476 1949; x_wconf 80' lang='lat' dir='ltr'><strong>dormiens,</strong></span> <span class='ocrx_word' id='word_1_187' title='bbox 493 1916 632 1951; x_wconf 88' lang='lat' dir='ltr'><strong>percussis</strong></span> <span class='ocrx_word' id='word_1_188' title='bbox 644 1917 734 1944; x_wconf 86' lang='lat' dir='ltr'><strong>divina</strong></span> <span class='ocrx_word' id='word_1_189' title='bbox 750 1918 851 1946; x_wconf 87' lang='lat' dir='ltr'><strong>virtute</strong></span> <span class='ocrx_word' id='word_1_190' title='bbox 866 1919 967 1947; x_wconf 83' lang='lat' dir='ltr'><strong>inferni</strong></span> 
     </span>
    </p>
   </div>
   <div class='ocr_carea' id='block_1_36' title="bbox 174 1959 993 2010">
    <p class='ocr_par' dir='ltr' id='par_1_36' title="bbox 174 1959 993 2010">
     <span class='ocr_line' id='line_1_36' title="bbox 174 1959 993 2010; baseline 0.007 -23"><span class='ocrx_word' id='word_1_191' title='bbox 174 1960 346 1988; x_wconf 86' lang='lat' dir='ltr'><strong>custodibus.</strong></span> <span class='ocrx_word' id='word_1_192' title='bbox 363 1961 550 1997; x_wconf 75' lang='lat' dir='ltr'><strong>Excitatisque</strong></span> <span class='ocrx_word' id='word_1_193' title='bbox 562 1970 658 1990; x_wconf 87' lang='lat' dir='ltr'><strong>rursus</strong></span> <span class='ocrx_word' id='word_1_194' title='bbox 673 1971 688 1991; x_wconf 87' lang='lat' dir='ltr'><strong>a</strong></span> <span class='ocrx_word' id='word_1_195' title='bbox 707 1968 734 1991; x_wconf 93' lang='lat' dir='ltr'><strong>te</strong></span> <span class='ocrx_word' id='word_1_196' title='bbox 749 1964 846 1999; x_wconf 86' lang='lat' dir='ltr'><strong>primis</strong></span> <span class='ocrx_word' id='word_1_197' title='bbox 864 1973 967 2010; x_wconf 56' lang='lat' dir='ltr'><strong>par‘en-</strong></span> <span class='ocrx_word' id='word_1_198' title='bbox 991 1959 993 1961; x_wconf 57' lang='grc'><em>’</em></span> 
     </span>
    </p>
   </div>
   <div class='ocr_carea' id='block_1_37' title="bbox 175 2005 966 2044">
    <p class='ocr_par' dir='ltr' id='par_1_37' title="bbox 175 2005 966 2044">
     <span class='ocr_line' id='line_1_37' title="bbox 175 2005 966 2044; baseline 0.008 -12"><span class='ocrx_word' id='word_1_199' title='bbox 175 2005 260 2038; x_wconf 80' lang='lat' dir='ltr'><strong>tibus,</strong></span> <span class='ocrx_word' id='word_1_200' title='bbox 276 2006 323 2041; x_wconf 87' lang='lat' dir='ltr'><strong>qui</strong></span> <span class='ocrx_word' id='word_1_201' title='bbox 340 2006 416 2034; x_wconf 85' lang='lat' dir='ltr'><strong>solus</strong></span> <span class='ocrx_word' id='word_1_202' title='bbox 429 2015 459 2034; x_wconf 85' lang='lat' dir='ltr'><strong>es</strong></span> <span class='ocrx_word' id='word_1_203' title='bbox 470 2007 637 2041; x_wconf 79' lang='lat' dir='ltr'><strong>benedictus</strong></span> <span class='ocrx_word' id='word_1_204' title='bbox 654 2012 682 2037; x_wconf 80' lang='lat' dir='ltr'><strong>et</strong></span> <span class='ocrx_word' id='word_1_205' title='bbox 704 2009 840 2044; x_wconf 75' lang='lat' dir='ltr'><strong>gloriosus</strong></span> <span class='ocrx_word' id='word_1_206' title='bbox 851 2005 966 2038; x_wconf 72' lang='lat' dir='ltr'><strong>Patrum</strong></span> 
     </span>
    </p>
   </div>
   <div class='ocr_carea' id='block_1_38' title="bbox 175 2050 259 2078">
    <p class='ocr_par' dir='ltr' id='par_1_38' title="bbox 175 2050 259 2078">
     <span class='ocr_line' id='line_1_38' title="bbox 175 2050 259 2078; baseline 0 0"><span class='ocrx_word' id='word_1_207' title='bbox 175 2050 259 2078; x_wconf 82' lang='lat' dir='ltr'><strong>Deus.</strong></span> 
     </span>
    </p>
   </div>
   <div class='ocr_carea' id='block_1_39' title="bbox 211 2095 965 2138">
    <p class='ocr_par' dir='ltr' id='par_1_39' title="bbox 211 2095 965 2138">
     <span class='ocr_line' id='line_1_39' title="bbox 211 2095 965 2138; baseline 0.009 -15"><span class='ocrx_word' id='word_1_208' title='bbox 211 2095 239 2124; x_wconf 78' lang='lat' dir='ltr'><strong>in</strong></span> <span class='ocrx_word' id='word_1_209' title='bbox 258 2097 373 2125; x_wconf 80' lang='lat' dir='ltr'><strong>canticis</strong></span> <span class='ocrx_word' id='word_1_210' title='bbox 386 2098 571 2133; x_wconf 87' lang='lat' dir='ltr'><strong>tripudiantes</strong></span> <span class='ocrx_word' id='word_1_211' title='bbox 583 2101 754 2129; x_wconf 78' lang='lat' dir='ltr'><strong>exsultemus</strong></span> <span class='ocrx_word' id='word_1_212' title='bbox 763 2102 843 2130; x_wconf 88' lang='lat' dir='ltr'><strong>hodie</strong></span> <span class='ocrx_word' id='word_1_213' title='bbox 857 2103 965 2138; x_wconf 91' lang='lat' dir='ltr'><strong>populi,</strong></span> 
     </span>
    </p>
   </div>
   <div class='ocr_carea' id='block_1_40' title="bbox 176 2142 967 2181">
    <p class='ocr_par' dir='ltr' id='par_1_40' title="bbox 176 2142 967 2181">
     <span class='ocr_line' id='line_1_40' title="bbox 176 2142 967 2181; baseline 0.011 -13"><span class='ocrx_word' id='word_1_214' title='bbox 176 2142 267 2170; x_wconf 82' lang='lat' dir='ltr'><strong>crucis</strong></span> <span class='ocrx_word' id='word_1_215' title='bbox 279 2143 441 2172; x_wconf 86' lang='lat' dir='ltr'><strong>adoratione</strong></span> <span class='ocrx_word' id='word_1_216' title='bbox 451 2145 528 2173; x_wconf 93' lang='lat' dir='ltr'><strong>illum</strong></span> <span class='ocrx_word' id='word_1_217' title='bbox 541 2165 548 2177; x_wconf 85' lang='lat'><strong>.</strong></span> <span class='ocrx_word' id='word_1_218' title='bbox 562 2147 610 2181; x_wconf 85' lang='lat' dir='ltr'><strong>qui</strong></span> <span class='ocrx_word' id='word_1_219' title='bbox 639 2147 666 2174; x_wconf 90' lang='lat' dir='ltr'><strong>in</strong></span> <span class='ocrx_word' id='word_1_220' title='bbox 680 2155 711 2175; x_wconf 85' lang='lat' dir='ltr'><strong>ea</strong></span> <span class='ocrx_word' id='word_1_221' title='bbox 733 2148 805 2176; x_wconf 79' lang='lat' dir='ltr'><strong>ﬁxus</strong></span> <span class='ocrx_word' id='word_1_222' title='bbox 818 2153 872 2181; x_wconf 81' lang='lat' dir='ltr'><strong>est,</strong></span> <span class='ocrx_word' id='word_1_223' title='bbox 886 2148 967 2177; x_wconf 88' lang='lat' dir='ltr'><strong>Chri-</strong></span> 
     </span>
    </p>
   </div>
   <div class='ocr_carea' id='block_1_41' title="bbox 177 2188 964 2225">
    <p class='ocr_par' dir='ltr' id='par_1_41' title="bbox 177 2188 964 2225">
     <span class='ocr_line' id='line_1_41' title="bbox 177 2188 964 2225; baseline 0.009 -11"><span class='ocrx_word' id='word_1_224' title='bbox 177 2192 235 2215; x_wconf 90' lang='lat' dir='ltr'><strong>tum</strong></span> <span class='ocrx_word' id='word_1_225' title='bbox 248 2188 443 2223; x_wconf 78' lang='lat' dir='ltr'><strong>gloriﬁcantes.</strong></span> <span class='ocrx_word' id='word_1_226' title='bbox 459 2191 507 2225; x_wconf 90' lang='lat' dir='ltr'><strong>qui</strong></span> <span class='ocrx_word' id='word_1_227' title='bbox 520 2191 597 2219; x_wconf 91' lang='lat' dir='ltr'><strong>solus</strong></span> <span class='ocrx_word' id='word_1_228' title='bbox 603 2191 676 2220; x_wconf 88' lang='lat' dir='ltr'><strong>Deus</strong></span> <span class='ocrx_word' id='word_1_229' title='bbox 687 2192 798 2220; x_wconf 83' lang='lat' dir='ltr'><strong>Patrum</strong></span> <span class='ocrx_word' id='word_1_230' title='bbox 807 2197 964 2221; x_wconf 86' lang='lat' dir='ltr'><strong>nostrorum</strong></span> 
     </span>
    </p>
   </div>
   <div class='ocr_carea' id='block_1_42' title="bbox 177 2233 600 2271">
    <p class='ocr_par' dir='ltr' id='par_1_42' title="bbox 177 2233 600 2271">
     <span class='ocr_line' id='line_1_42' title="bbox 177 2233 600 2271; baseline 0.009 -10"><span class='ocrx_word' id='word_1_231' title='bbox 177 2233 337 2262; x_wconf 83' lang='lat' dir='ltr'><strong>benedictus</strong></span> <span class='ocrx_word' id='word_1_232' title='bbox 351 2239 393 2262; x_wconf 86' lang='lat' dir='ltr'><strong>est</strong></span> <span class='ocrx_word' id='word_1_233' title='bbox 406 2239 434 2262; x_wconf 87' lang='lat' dir='ltr'><strong>et</strong></span> <span class='ocrx_word' id='word_1_234' title='bbox 451 2236 600 2271; x_wconf 74' lang='lat' dir='ltr'><strong>gloriosus.</strong></span> 
     </span>
    </p>
   </div>
   <div class='ocr_carea' id='block_1_43' title="bbox 212 2277 966 2313">
    <p class='ocr_par' dir='ltr' id='par_1_43' title="bbox 212 2277 966 2313">
     <span class='ocr_line' id='line_1_43' title="bbox 212 2277 966 2313; baseline 0.008 -6"><span class='ocrx_word' id='word_1_235' title='bbox 212 2279 265 2313; x_wconf 85' lang='lat' dir='ltr'><strong>Qui</strong></span> <span class='ocrx_word' id='word_1_236' title='bbox 295 2277 406 2313; x_wconf 78' lang='lat' dir='ltr'><strong>fecisti&#39;,</strong></span> <span class='ocrx_word' id='word_1_237' title='bbox 433 2285 463 2308; x_wconf 90' lang='lat' dir='ltr'><strong>ut</strong></span> <span class='ocrx_word' id='word_1_238' title='bbox 489 2289 557 2310; x_wconf 84' lang='lat' dir='ltr'><strong>crux</strong></span> <span class='ocrx_word' id='word_1_239' title='bbox 580 2287 625 2310; x_wconf 88' lang='lat' dir='ltr'><strong>tua</strong></span> <span class='ocrx_word' id='word_1_240' title='bbox 660 2284 835 2312; x_wconf 82' lang='lat' dir='ltr'><strong>mortalitatis</strong></span> <span class='ocrx_word' id='word_1_241' title='bbox 862 2285 966 2313; x_wconf 86' lang='lat' dir='ltr'><strong>instru-</strong></span> 
     </span>
    </p>
   </div>
   <div class='ocr_carea' id='block_1_44' title="bbox 177 2326 968 2364">
    <p class='ocr_par' dir='ltr' id='par_1_44' title="bbox 177 2326 968 2364">
     <span class='ocr_line' id='line_1_44' title="bbox 177 2326 968 2364; baseline 0.006 -10"><span class='ocrx_word' id='word_1_242' title='bbox 177 2331 298 2354; x_wconf 86' lang='lat' dir='ltr'><strong>mentum</strong></span> <span class='ocrx_word' id='word_1_243' title='bbox 333 2326 412 2354; x_wconf 83' lang='lat' dir='ltr'><strong>ﬁeret</strong></span> <span class='ocrx_word' id='word_1_244' title='bbox 448 2327 521 2359; x_wconf 84' lang='lat' dir='ltr'><strong>vitae.</strong></span> <span class='ocrx_word' id='word_1_245' title='bbox 551 2329 629 2364; x_wconf 88' lang='lat' dir='ltr'><strong>quasi</strong></span> <span class='ocrx_word' id='word_1_246' title='bbox 655 2329 773 2363; x_wconf 79' lang='lat' dir='ltr'><strong>oﬂicina,</strong></span> <span class='ocrx_word' id='word_1_247' title='bbox 799 2331 848 2358; x_wconf 88' lang='lat' dir='ltr'><strong>toti</strong></span> <span class='ocrx_word' id='word_1_248' title='bbox 865 2332 968 2360; x_wconf 89' lang='lat' dir='ltr'><strong>mundo</strong></span> 
     </span>
    </p>
   </div>
   <div class='ocr_carea' id='block_1_45' title="bbox 178 2372 968 2410">
    <p class='ocr_par' dir='ltr' id='par_1_45' title="bbox 178 2372 968 2410">
     <span class='ocr_line' id='line_1_45' title="bbox 178 2372 968 2410; baseline 0.008 -11"><span class='ocrx_word' id='word_1_249' title='bbox 178 2372 388 2406; x_wconf 83' lang='lat' dir='ltr'><strong>desiderabilis,</strong></span> <span class='ocrx_word' id='word_1_250' title='bbox 418 2377 554 2409; x_wconf 85' lang='lat' dir='ltr'><strong>quotquot</strong></span> <span class='ocrx_word' id='word_1_251' title='bbox 594 2382 655 2402; x_wconf 82' lang='lat' dir='ltr'><strong>eam</strong></span> <span class='ocrx_word' id='word_1_252' title='bbox 694 2376 830 2410; x_wconf 81' lang='lat' dir='ltr'><strong>adorant,</strong></span> <span class='ocrx_word' id='word_1_253' title='bbox 866 2377 968 2405; x_wconf 87' lang='lat' dir='ltr'><strong>sancti-</strong></span> 
     </span>
    </p>
   </div>
   <div class='ocr_carea' id='block_1_46' title="bbox 179 2419 968 2455">
    <p class='ocr_par' dir='ltr' id='par_1_46' title="bbox 179 2419 968 2455">
     <span class='ocr_line' id='line_1_46' title="bbox 179 2419 968 2455; baseline 0.006 -8"><span class='ocrx_word' id='word_1_254' title='bbox 179 2420 241 2452; x_wconf 74' lang='lat' dir='ltr'><strong>ﬁca,</strong></span> <span class='ocrx_word' id='word_1_255' title='bbox 261 2419 307 2454; x_wconf 87' lang='lat' dir='ltr'><strong>qui</strong></span> <span class='ocrx_word' id='word_1_256' title='bbox 342 2419 417 2448; x_wconf 85' lang='lat' dir='ltr'><strong>solus</strong></span> <span class='ocrx_word' id='word_1_257' title='bbox 445 2428 477 2449; x_wconf 84' lang='lat' dir='ltr'><strong>es</strong></span> <span class='ocrx_word' id='word_1_258' title='bbox 496 2420 568 2449; x_wconf 73' lang='lat' dir='ltr'><strong>Deus</strong></span> <span class='ocrx_word' id='word_1_259' title='bbox 587 2420 700 2449; x_wconf 89' lang='lat' dir='ltr'><strong>Patrum</strong></span> <span class='ocrx_word' id='word_1_260' title='bbox 713 2441 722 2455; x_wconf 85' lang='lat'><strong>,</strong></span> <span class='ocrx_word' id='word_1_261' title='bbox 753 2422 916 2452; x_wconf 85' lang='lat' dir='ltr'><strong>benedictus</strong></span> <span class='ocrx_word' id='word_1_262' title='bbox 938 2429 968 2452; x_wconf 88' lang='lat' dir='ltr'><strong>et</strong></span> 
     </span>
    </p>
   </div>
   <div class='ocr_carea' id='block_1_47' title="bbox 178 2465 326 2500">
    <p class='ocr_par' dir='ltr' id='par_1_47' title="bbox 178 2465 326 2500">
     <span class='ocr_line' id='line_1_47' title="bbox 178 2465 326 2500; baseline 0.007 -9"><span class='ocrx_word' id='word_1_263' title='bbox 178 2465 326 2500; x_wconf 69' lang='lat' dir='ltr'><strong>gloriosus.</strong></span> 
     </span>
    </p>
   </div>
   <div class='ocr_carea' id='block_1_48' title="bbox 213 2511 967 2549">
    <p class='ocr_par' dir='ltr' id='par_1_48' title="bbox 213 2511 967 2549">
     <span class='ocr_line' id='line_1_48' title="bbox 213 2511 967 2549; baseline 0.008 -12"><span class='ocrx_word' id='word_1_264' title='bbox 213 2511 265 2544; x_wconf 82' lang='lat' dir='ltr'><strong>Qui</strong></span> <span class='ocrx_word' id='word_1_265' title='bbox 277 2511 353 2540; x_wconf 89' lang='lat' dir='ltr'><strong>solus</strong></span> <span class='ocrx_word' id='word_1_266' title='bbox 366 2518 397 2539; x_wconf 85' lang='lat' dir='ltr'><strong>es</strong></span> <span class='ocrx_word' id='word_1_267' title='bbox 407 2511 565 2540; x_wconf 84' lang='lat' dir='ltr'><strong>misericors</strong></span> <span class='ocrx_word' id='word_1_268' title='bbox 577 2517 605 2540; x_wconf 90' lang='lat' dir='ltr'><strong>et</strong></span> <span class='ocrx_word' id='word_1_269' title='bbox 618 2513 888 2549; x_wconf 84' lang='lat' dir='ltr'><strong>clemens,illumina,</strong></span> <span class='ocrx_word' id='word_1_270' title='bbox 901 2523 967 2544; x_wconf 86' lang='lat' dir='ltr'><strong>san-</strong></span> 
     </span>
    </p>
   </div>
   <div class='ocr_carea' id='block_1_49' title="bbox 181 2556 965 2595">
    <p class='ocr_par' dir='ltr' id='par_1_49' title="bbox 181 2556 965 2595">
     <span class='ocr_line' id='line_1_49' title="bbox 181 2556 965 2595; baseline 0.006 -12"><span class='ocrx_word' id='word_1_271' title='bbox 181 2556 252 2584; x_wconf 86' lang='lat' dir='ltr'><strong>tillca</strong></span> <span class='ocrx_word' id='word_1_272' title='bbox 268 2563 326 2589; x_wconf 83' lang='lat' dir='ltr'><strong>eos,</strong></span> <span class='ocrx_word' id='word_1_273' title='bbox 341 2557 388 2592; x_wconf 89' lang='lat' dir='ltr'><strong>qui</strong></span> <span class='ocrx_word' id='word_1_274' title='bbox 404 2564 513 2585; x_wconf 85' lang='lat' dir='ltr'><strong>crucem</strong></span> <span class='ocrx_word' id='word_1_275' title='bbox 526 2562 600 2585; x_wconf 88' lang='lat' dir='ltr'><strong>tuam</strong></span> <span class='ocrx_word' id='word_1_276' title='bbox 616 2558 793 2594; x_wconf 88' lang='lat' dir='ltr'><strong>divinamque</strong></span> <span class='ocrx_word' id='word_1_277' title='bbox 808 2560 965 2595; x_wconf 71' lang='lat' dir='ltr'><strong>paesionem</strong></span> 
     </span>
    </p>
   </div>
   <div class='ocr_carea' id='block_1_50' title="bbox 179 2602 968 2638">
    <p class='ocr_par' dir='ltr' id='par_1_50' title="bbox 179 2602 968 2638">
     <span class='ocr_line' id='line_1_50' title="bbox 179 2602 968 2638; baseline 0.009 -10"><span class='ocrx_word' id='word_1_278' title='bbox 179 2606 336 2629; x_wconf 77' lang='lat' dir='ltr'><strong>reverenter</strong></span> <span class='ocrx_word' id='word_1_279' title='bbox 349 2602 481 2636; x_wconf 85' lang='lat' dir='ltr'><strong>adorant,</strong></span> <span class='ocrx_word' id='word_1_280' title='bbox 500 2604 547 2638; x_wconf 91' lang='lat' dir='ltr'><strong>qui</strong></span> <span class='ocrx_word' id='word_1_281' title='bbox 563 2604 638 2632; x_wconf 79' lang='lat' dir='ltr'><strong>solus</strong></span> <span class='ocrx_word' id='word_1_282' title='bbox 651 2612 682 2633; x_wconf 84' lang='lat' dir='ltr'><strong>es</strong></span> <span class='ocrx_word' id='word_1_283' title='bbox 696 2604 769 2633; x_wconf 87' lang='lat' dir='ltr'><strong>Deus</strong></span> <span class='ocrx_word' id='word_1_284' title='bbox 784 2605 898 2634; x_wconf 82' lang='lat' dir='ltr'><strong>Patrum</strong></span> <span class='ocrx_word' id='word_1_285' title='bbox 922 2607 968 2635; x_wconf 87' lang='lat' dir='ltr'><strong>be-</strong></span> 
     </span>
    </p>
   </div>
   <div class='ocr_carea' id='block_1_51' title="bbox 180 2647 508 2683">
    <p class='ocr_par' dir='ltr' id='par_1_51' title="bbox 180 2647 508 2683">
     <span class='ocr_line' id='line_1_51' title="bbox 180 2647 508 2683; baseline 0.009 -9"><span class='ocrx_word' id='word_1_286' title='bbox 180 2647 305 2675; x_wconf 86' lang='lat' dir='ltr'><strong>nedictus</strong></span> <span class='ocrx_word' id='word_1_287' title='bbox 317 2651 346 2675; x_wconf 88' lang='lat' dir='ltr'><strong>et</strong></span> <span class='ocrx_word' id='word_1_288' title='bbox 361 2648 508 2683; x_wconf 69' lang='lat' dir='ltr'><strong>gloriosus.</strong></span> 
     </span>
    </p>
   </div>
   <div class='ocr_carea' id='block_1_52' title="bbox 495 2693 659 2724">
    <p class='ocr_par' dir='ltr' id='par_1_52' title="bbox 495 2693 659 2724">
     <span class='ocr_line' id='line_1_52' title="bbox 495 2693 659 2724; baseline 0.018 -3"><span class='ocrx_word' id='word_1_289' title='bbox 495 2693 659 2724; x_wconf 77' lang='lat' dir='ltr'><strong>Triadicum.</strong></span> 
     </span>
    </p>
   </div>
   <div class='ocr_carea' id='block_1_53' title="bbox 217 2738 967 2775">
    <p class='ocr_par' dir='ltr' id='par_1_53' title="bbox 217 2738 967 2775">
     <span class='ocr_line' id='line_1_53' title="bbox 217 2738 967 2775; baseline 0.007 -9"><span class='ocrx_word' id='word_1_290' title='bbox 217 2738 304 2767; x_wconf 85' lang='lat' dir='ltr'><strong>Unam</strong></span> <span class='ocrx_word' id='word_1_291' title='bbox 329 2739 357 2767; x_wconf 91' lang='lat' dir='ltr'><strong>in</strong></span> <span class='ocrx_word' id='word_1_292' title='bbox 377 2738 466 2767; x_wconf 80' lang='lat' dir='ltr'><strong>tribus</strong></span> <span class='ocrx_word' id='word_1_293' title='bbox 491 2740 684 2775; x_wconf 83' lang='lat' dir='ltr'><strong>hypostasibus</strong></span> <span class='ocrx_word' id='word_1_294' title='bbox 700 2749 817 2770; x_wconf 83' lang='lat' dir='ltr'><strong>veneror</strong></span> <span class='ocrx_word' id='word_1_295' title='bbox 839 2742 967 2771; x_wconf 84' lang='lat' dir='ltr'><strong>divinita-</strong></span> 
     </span>
    </p>
   </div>
   <div class='ocr_carea' id='block_1_54' title="bbox 182 2784 965 2823">
    <p class='ocr_par' dir='ltr' id='par_1_54' title="bbox 182 2784 965 2823">
     <span class='ocr_line' id='line_1_54' title="bbox 182 2784 965 2823; baseline 0.009 -13"><span class='ocrx_word' id='word_1_296' title='bbox 182 2788 247 2811; x_wconf 85' lang='lat' dir='ltr'><strong>tem.</strong></span> <span class='ocrx_word' id='word_1_297' title='bbox 260 2784 320 2812; x_wconf 82' lang='lat' dir='ltr'><strong>Lux</strong></span> <span class='ocrx_word' id='word_1_298' title='bbox 333 2784 406 2812; x_wconf 88' lang='lat' dir='ltr'><strong>enim</strong></span> <span class='ocrx_word' id='word_1_299' title='bbox 422 2785 503 2812; x_wconf 81' lang='lat' dir='ltr'><strong>Pater</strong></span> <span class='ocrx_word' id='word_1_300' title='bbox 516 2790 576 2819; x_wconf 82' lang='lat' dir='ltr'><strong>est;</strong></span> <span class='ocrx_word' id='word_1_301' title='bbox 593 2786 640 2814; x_wconf 79' lang='lat' dir='ltr'><strong>lux</strong></span> <span class='ocrx_word' id='word_1_302' title='bbox 657 2785 754 2819; x_wconf 80' lang='lat' dir='ltr'><strong>Filius.</strong></span> <span class='ocrx_word' id='word_1_303' title='bbox 766 2787 812 2814; x_wconf 74' lang='lat' dir='ltr'><strong>lux</strong></span> <span class='ocrx_word' id='word_1_304' title='bbox 825 2788 945 2823; x_wconf 79' lang='lat' dir='ltr'><strong>Spiritus</strong></span> <span class='ocrx_word' id='word_1_305' title='bbox 957 2798 965 2823; x_wconf 85' lang='lat'><strong>;</strong></span> 
     </span>
    </p>
   </div>
   <div class='ocr_carea' id='block_1_55' title="bbox 187 2829 966 2865">
    <p class='ocr_par' dir='ltr' id='par_1_55' title="bbox 187 2829 966 2865">
     <span class='ocr_line' id='line_1_55' title="bbox 187 2829 966 2865; baseline 0.009 -9"><span class='ocrx_word' id='word_1_306' title='bbox 187 2835 249 2863; x_wconf 70' lang='lat' dir='ltr'><strong>quae</strong></span> <span class='ocrx_word' id='word_1_307' title='bbox 260 2829 308 2857; x_wconf 79' lang='lat' dir='ltr'><strong>lux</strong></span> <span class='ocrx_word' id='word_1_308' title='bbox 322 2829 492 2858; x_wconf 84' lang='lat' dir='ltr'><strong>indivisibilis</strong></span> <span class='ocrx_word' id='word_1_309' title='bbox 503 2837 668 2865; x_wconf 83' lang='lat' dir='ltr'><strong>permanens</strong></span> <span class='ocrx_word' id='word_1_310' title='bbox 683 2831 711 2859; x_wconf 92' lang='lat' dir='ltr'><strong>in</strong></span> <span class='ocrx_word' id='word_1_311' title='bbox 729 2839 783 2859; x_wconf 86' lang='lat' dir='ltr'><strong>una</strong></span> <span class='ocrx_word' id='word_1_312' title='bbox 798 2837 897 2863; x_wconf 85' lang='lat' dir='ltr'><strong>natura</strong></span> <span class='ocrx_word' id='word_1_313' title='bbox 913 2835 966 2862; x_wconf 76' lang='lat' dir='ltr'><strong>tri~</strong></span> 
     </span>
    </p>
   </div>
   <div class='ocr_carea' id='block_1_56' title="bbox 181 2874 828 2913">
    <p class='ocr_par' dir='ltr' id='par_1_56' title="bbox 181 2874 828 2913">
     <span class='ocr_line' id='line_1_56' title="bbox 181 2874 828 2913; baseline 0.006 -11"><span class='ocrx_word' id='word_1_314' title='bbox 181 2874 290 2911; x_wconf 63' lang='lat' dir='ltr'><strong>iusque</strong></span> <span class='ocrx_word' id='word_1_315' title='bbox 308 2881 486 2911; x_wconf 73' lang='lat' dir='ltr'><strong>personarum</strong></span> <span class='ocrx_word' id='word_1_316' title='bbox 498 2876 579 2911; x_wconf 81' lang='lat' dir='ltr'><strong>quasi</strong></span> <span class='ocrx_word' id='word_1_317' title='bbox 595 2877 678 2906; x_wconf 82' lang='lat' dir='ltr'><strong>radiis</strong></span> <span class='ocrx_word' id='word_1_318' title='bbox 695 2877 828 2913; x_wconf 76' lang='lat' dir='ltr'><strong>splendet.</strong></span> 
     </span>
    </p>
   </div>
   <div class='ocr_carea' id='block_1_57' title="bbox 763 161 1204 194">
    <p class='ocr_par' dir='ltr' id='par_1_57' title="bbox 763 161 1204 194">
     <span class='ocr_line' id='line_1_57' title="bbox 763 161 1204 194; baseline 0 -2"><span class='ocrx_word' id='word_1_319' title='bbox 763 163 794 194; x_wconf 88' lang='lat' dir='ltr'><strong>S.</strong></span> <span class='ocrx_word' id='word_1_320' title='bbox 813 161 1010 192; x_wconf 78' lang='lat' dir='ltr'><strong>THEODORI</strong></span> <span class='ocrx_word' id='word_1_321' title='bbox 1030 161 1204 193; x_wconf 64' lang='lat' dir='ltr'><strong>STUDITM</strong></span> 
     </span>
    </p>
   </div>
   <div class='ocr_carea' id='block_1_58' title="bbox 1730 158 1800 192">
    <p class='ocr_par' dir='ltr' id='par_1_58' title="bbox 1730 158 1800 192">
     <span class='ocr_line' id='line_1_58' title="bbox 1730 158 1800 192; baseline 0.014 -2"><span class='ocrx_word' id='word_1_322' title='bbox 1730 158 1800 192; x_wconf 67' lang='grc'><strong>1764</strong></span> 
     </span>
    </p>
   </div>
   <div class='ocr_carea' id='block_1_59' title="bbox 1319 216 1487 252">
    <p class='ocr_par' dir='ltr' id='par_1_59' title="bbox 1319 216 1487 252">
     <span class='ocr_line' id='line_1_59' title="bbox 1319 216 1487 252; baseline 0 -8"><span class='ocrx_word' id='word_1_323' title='bbox 1319 216 1487 252; x_wconf 76' lang='grc' dir='ltr'>Τριαϐικόν.</span> 
     </span>
    </p>
   </div>
   <div class='ocr_carea' id='block_1_60' title="bbox 1045 260 1856 299">
    <p class='ocr_par' dir='ltr' id='par_1_60' title="bbox 1045 260 1856 299">
     <span class='ocr_line' id='line_1_60' title="bbox 1045 260 1856 299; baseline -0.005 -9"><span class='ocrx_word' id='word_1_324' title='bbox 1045 263 1156 290; x_wconf 81' lang='grc' dir='ltr'>Μονάδα</span> <span class='ocrx_word' id='word_1_325' title='bbox 1171 262 1245 299; x_wconf 78' lang='grc' dir='ltr'>τρισὶ</span> <span class='ocrx_word' id='word_1_326' title='bbox 1267 263 1455 298; x_wconf 78' lang='grc' dir='ltr'><strong>χαρακτῆρσιν</strong></span> <span class='ocrx_word' id='word_1_327' title='bbox 1474 261 1562 297; x_wconf 80' lang='grc' dir='ltr'>ὕμνῶ,</span> <span class='ocrx_word' id='word_1_328' title='bbox 1585 260 1632 288; x_wconf 74' lang='grc' dir='ltr'>καὶ</span> <span class='ocrx_word' id='word_1_329' title='bbox 1646 260 1751 296; x_wconf 80' lang='grc' dir='ltr'>Τριάδα</span> <span class='ocrx_word' id='word_1_330' title='bbox 1772 261 1801 286; x_wconf 77' lang='grc' dir='ltr'>ἐν</span> <span class='ocrx_word' id='word_1_331' title='bbox 1853 268 1856 270; x_wconf 59' lang='grc'>⁷</span> 
     </span>
    </p>
   </div>
   <div class='ocr_carea' id='block_1_61' title="bbox 1012 306 1800 345">
    <p class='ocr_par' dir='ltr' id='par_1_61' title="bbox 1012 306 1800 345">
     <span class='ocr_line' id='line_1_61' title="bbox 1012 306 1800 345; baseline -0.006 -9"><span class='ocrx_word' id='word_1_332' title='bbox 1012 310 1061 345; x_wconf 80' lang='grc' dir='ltr'><strong>μιᾷ</strong></span> <span class='ocrx_word' id='word_1_333' title='bbox 1076 309 1156 344; x_wconf 82' lang='grc' dir='ltr'>φύσει</span> <span class='ocrx_word' id='word_1_334' title='bbox 1171 308 1423 344; x_wconf 78' lang='grc' dir='ltr'><strong>προσκυνουμένην,</strong></span> <span class='ocrx_word' id='word_1_335' title='bbox 1441 308 1507 335; x_wconf 78' lang='grc' dir='ltr'>Θεὸν</span> <span class='ocrx_word' id='word_1_336' title='bbox 1531 307 1565 334; x_wconf 81' lang='grc' dir='ltr'>τὰ</span> <span class='ocrx_word' id='word_1_337' title='bbox 1580 307 1644 342; x_wconf 86' lang='grc' dir='ltr'>τρία</span> <span class='ocrx_word' id='word_1_338' title='bbox 1660 306 1729 341; x_wconf 80' lang='grc' dir='ltr'>ὁμοῦ</span> <span class='ocrx_word' id='word_1_339' title='bbox 1744 306 1800 340; x_wconf 64' lang='grc' dir='ltr'>φῶς</span> 
     </span>
    </p>
   </div>
   <div class='ocr_carea' id='block_1_62' title="bbox 1010 352 1802 390">
    <p class='ocr_par' dir='ltr' id='par_1_62' title="bbox 1010 352 1802 390">
     <span class='ocr_line' id='line_1_62' title="bbox 1010 352 1802 390; baseline -0.005 -8"><span class='ocrx_word' id='word_1_340' title='bbox 1010 355 1158 390; x_wconf 87' lang='grc' dir='ltr'>τρισὴλιον,</span> <span class='ocrx_word' id='word_1_341' title='bbox 1189 354 1234 380; x_wconf 81' lang='grc' dir='ltr'>τὸν</span> <span class='ocrx_word' id='word_1_342' title='bbox 1260 354 1382 389; x_wconf 82' lang='grc' dir='ltr'><strong>Πατέρα,</strong></span> <span class='ocrx_word' id='word_1_343' title='bbox 1412 354 1458 381; x_wconf 77' lang='grc' dir='ltr'>καὶ</span> <span class='ocrx_word' id='word_1_344' title='bbox 1486 352 1562 385; x_wconf 81' lang='grc' dir='ltr'>Υἱδν,</span> <span class='ocrx_word' id='word_1_345' title='bbox 1587 352 1635 379; x_wconf 75' lang='grc' dir='ltr'>καὶ</span> <span class='ocrx_word' id='word_1_346' title='bbox 1664 352 1694 378; x_wconf 80' lang='grc' dir='ltr'>τὸ</span> <span class='ocrx_word' id='word_1_347' title='bbox 1725 352 1802 386; x_wconf 73' lang='grc' dir='ltr'>ἅγιον</span> 
     </span>
    </p>
   </div>
   <div class='ocr_carea' id='block_1_63' title="bbox 1012 399 1137 435">
    <p class='ocr_par' dir='ltr' id='par_1_63' title="bbox 1012 399 1137 435">
     <span class='ocr_line' id='line_1_63' title="bbox 1012 399 1137 435; baseline 0 -9"><span class='ocrx_word' id='word_1_348' title='bbox 1012 399 1137 435; x_wconf 86' lang='grc' dir='ltr'>Πνεῦμα.</span> 
     </span>
    </p>
   </div>
   <div class='ocr_carea' id='block_1_64' title="bbox 1323 447 1492 474">
    <p class='ocr_par' dir='ltr' id='par_1_64' title="bbox 1323 447 1492 474">
     <span class='ocr_line' id='line_1_64' title="bbox 1323 447 1492 474; baseline -0.018 0"><span class='ocrx_word' id='word_1_349' title='bbox 1323 447 1492 474; x_wconf 79' lang='grc' dir='ltr'>Θεοτόκιον,</span> 
     </span>
    </p>
   </div>
   <div class='ocr_carea' id='block_1_65' title="bbox 1051 488 1802 530">
    <p class='ocr_par' dir='ltr' id='par_1_65' title="bbox 1051 488 1802 530">
     <span class='ocr_line' id='line_1_65' title="bbox 1051 488 1802 530; baseline -0.009 -9"><span class='ocrx_word' id='word_1_350' title='bbox 1051 494 1202 530; x_wconf 85' lang='grc' dir='ltr'>Θαυμάτων</span> <span class='ocrx_word' id='word_1_351' title='bbox 1216 493 1246 520; x_wconf 73' lang='grc' dir='ltr'><strong>τδ</strong></span> <span class='ocrx_word' id='word_1_352' title='bbox 1263 493 1391 528; x_wconf 70' lang='grc' dir='ltr'>μέγιστον</span> <span class='ocrx_word' id='word_1_353' title='bbox 1403 491 1496 525; x_wconf 87' lang='grc' dir='ltr'>θαῦμα</span> <span class='ocrx_word' id='word_1_354' title='bbox 1509 490 1539 516; x_wconf 76' lang='grc' dir='ltr'>ὲν</span> <span class='ocrx_word' id='word_1_355' title='bbox 1554 488 1596 516; x_wconf 67' lang='lat'><strong>601</strong></span> <span class='ocrx_word' id='word_1_356' title='bbox 1613 488 1701 523; x_wconf 78' lang='grc' dir='ltr'>ὤφθη,</span> <span class='ocrx_word' id='word_1_357' title='bbox 1719 488 1802 515; x_wconf 81' lang='grc' dir='ltr'>ἀσπι-</span> 
     </span>
    </p>
   </div>
   <div class='ocr_carea' id='block_1_66' title="bbox 1012 535 1803 575">
    <p class='ocr_par' dir='ltr' id='par_1_66' title="bbox 1012 535 1803 575">
     <span class='ocr_line' id='line_1_66' title="bbox 1012 535 1803 575; baseline -0.011 -7"><span class='ocrx_word' id='word_1_358' title='bbox 1012 541 1042 567; x_wconf 81' lang='grc' dir='ltr'>λε</span> <span class='ocrx_word' id='word_1_359' title='bbox 1072 541 1182 575; x_wconf 82' lang='grc' dir='ltr'>Ἀμνάς.</span> <span class='ocrx_word' id='word_1_360' title='bbox 1204 540 1255 566; x_wconf 77' lang='grc' dir='ltr'><strong>Τὸν</strong></span> <span class='ocrx_word' id='word_1_361' title='bbox 1272 539 1327 574; x_wconf 89' lang='grc' dir='ltr'><strong>γὰρ</strong></span> <span class='ocrx_word' id='word_1_362' title='bbox 1348 538 1462 573; x_wconf 78' lang='grc' dir='ltr'>αἴροντα</span> <span class='ocrx_word' id='word_1_363' title='bbox 1479 535 1583 569; x_wconf 82' lang='grc' dir='ltr'>κόσμου</span> <span class='ocrx_word' id='word_1_364' title='bbox 1598 535 1648 568; x_wconf 80' lang='grc' dir='ltr'>τὴν</span> <span class='ocrx_word' id='word_1_365' title='bbox 1664 535 1803 569; x_wconf 80' lang='grc' dir='ltr'><strong>ἁμαρτίαν</strong></span> 
     </span>
    </p>
   </div>
   <div class='ocr_carea' id='block_1_67' title="bbox 1012 579 1803 621">
    <p class='ocr_par' dir='ltr' id='par_1_67' title="bbox 1012 579 1803 621">
     <span class='ocr_line' id='line_1_67' title="bbox 1012 579 1803 621; baseline -0.009 -9"><span class='ocrx_word' id='word_1_366' title='bbox 1012 585 1109 621; x_wconf 76' lang='grc' dir='ltr'>’Δμνδν</span> <span class='ocrx_word' id='word_1_367' title='bbox 1127 584 1296 620; x_wconf 80' lang='grc' dir='ltr'>ἀπεκύησας,</span> <span class='ocrx_word' id='word_1_368' title='bbox 1312 584 1341 611; x_wconf 81' lang='grc' dir='ltr'>ὃν</span> <span class='ocrx_word' id='word_1_369' title='bbox 1352 581 1471 617; x_wconf 76' lang='grc' dir='ltr'>δυσώπιι</span> <span class='ocrx_word' id='word_1_370' title='bbox 1490 580 1607 612; x_wconf 76' lang='grc' dir='ltr'><strong>ἐκτενῶς</strong></span> <span class='ocrx_word' id='word_1_371' title='bbox 1621 579 1692 615; x_wconf 76' lang='grc' dir='ltr'>ὑπὲρ</span> <span class='ocrx_word' id='word_1_372' title='bbox 1704 579 1759 606; x_wconf 85' lang='grc' dir='ltr'><strong>τῶν</strong></span> <span class='ocrx_word' id='word_1_373' title='bbox 1772 586 1803 605; x_wconf 83' lang='grc' dir='ltr'>σε</span> 
     </span>
    </p>
   </div>
   <div class='ocr_carea' id='block_1_68' title="bbox 1013 631 1180 667">
    <p class='ocr_par' dir='ltr' id='par_1_68' title="bbox 1013 631 1180 667">
     <span class='ocr_line' id='line_1_68' title="bbox 1013 631 1180 667; baseline -0.012 -8"><span class='ocrx_word' id='word_1_374' title='bbox 1013 632 1027 659; x_wconf 84' lang='grc' dir='ltr'>ὑ</span> <span class='ocrx_word' id='word_1_375' title='bbox 1032 631 1180 667; x_wconf 81' lang='grc' dir='ltr'>μνούντων.</span> 
     </span>
    </p>
   </div>
   <div class='ocr_carea' id='block_1_69' title="bbox 1316 715 1500 744">
    <p class='ocr_par' dir='ltr' id='par_1_69' title="bbox 1316 715 1500 744">
     <span class='ocr_line' id='line_1_69' title="bbox 1316 715 1500 744; baseline -0.005 0"><span class='ocrx_word' id='word_1_376' title='bbox 1316 715 1500 744; x_wconf 80' lang='grc' dir='ltr'>Καταϐασία.</span> 
     </span>
    </p>
   </div>
   <div class='ocr_carea' id='block_1_70' title="bbox 1049 759 1805 797">
    <p class='ocr_par' dir='ltr' id='par_1_70' title="bbox 1049 759 1805 797">
     <span class='ocr_line' id='line_1_70' title="bbox 1049 759 1805 797; baseline -0.008 -6"><span class='ocrx_word' id='word_1_377' title='bbox 1049 764 1103 791; x_wconf 79' lang='grc' dir='ltr'><strong>Τὸν</strong></span> <span class='ocrx_word' id='word_1_378' title='bbox 1118 763 1203 791; x_wconf 82' lang='grc' dir='ltr'>τύπον</span> <span class='ocrx_word' id='word_1_379' title='bbox 1228 763 1276 789; x_wconf 84' lang='grc' dir='ltr'><strong>τοῦ</strong></span> <span class='ocrx_word' id='word_1_380' title='bbox 1291 762 1365 789; x_wconf 74' lang='grc' dir='ltr'>θείου</span> <span class='ocrx_word' id='word_1_381' title='bbox 1390 760 1509 797; x_wconf 87' lang='grc' dir='ltr'>σταυροῦ</span> <span class='ocrx_word' id='word_1_382' title='bbox 1537 760 1641 792; x_wconf 79' lang='grc' dir='ltr'>Ἰωνᾶς,</span> <span class='ocrx_word' id='word_1_383' title='bbox 1662 760 1691 786; x_wconf 78' lang='grc' dir='ltr'>ὲν</span> <span class='ocrx_word' id='word_1_384' title='bbox 1713 759 1805 795; x_wconf 80' lang='grc' dir='ltr'>κοιλίᾳ</span> 
     </span>
    </p>
   </div>
   <div class='ocr_carea' id='block_1_71' title="bbox 1012 805 1804 844">
    <p class='ocr_par' dir='ltr' id='par_1_71' title="bbox 1012 805 1804 844">
     <span class='ocr_line' id='line_1_71' title="bbox 1012 805 1804 844; baseline -0.008 -7"><span class='ocrx_word' id='word_1_385' title='bbox 1012 810 1060 837; x_wconf 84' lang='grc' dir='ltr'><strong>τοῦ</strong></span> <span class='ocrx_word' id='word_1_386' title='bbox 1091 811 1202 844; x_wconf 80' lang='grc' dir='ltr'>κήτους,</span> <span class='ocrx_word' id='word_1_387' title='bbox 1226 808 1388 844; x_wconf 85' lang='grc' dir='ltr'>τεταμέναις</span> <span class='ocrx_word' id='word_1_388' title='bbox 1413 807 1563 841; x_wconf 77' lang='grc' dir='ltr'><strong>παλάμαις,</strong></span> <span class='ocrx_word' id='word_1_389' title='bbox 1591 805 1804 840; x_wconf 76' lang='grc' dir='ltr'>προδιεχάραξε,</span> 
     </span>
    </p>
   </div>
   <div class='ocr_carea' id='block_1_72' title="bbox 1013 846 1802 891">
    <p class='ocr_par' dir='ltr' id='par_1_72' title="bbox 1013 846 1802 891">
     <span class='ocr_line' id='line_1_72' title="bbox 1013 846 1802 891; baseline -0.008 -9"><span class='ocrx_word' id='word_1_390' title='bbox 1013 855 1061 882; x_wconf 81' lang='grc' dir='ltr'>καὶ</span> <span class='ocrx_word' id='word_1_391' title='bbox 1071 855 1182 891; x_wconf 78' lang='grc' dir='ltr'>ἀνέθορε</span> <span class='ocrx_word' id='word_1_392' title='bbox 1201 846 1372 888; x_wconf 79' lang='grc' dir='ltr'>σεσωσμένος</span> <span class='ocrx_word' id='word_1_393' title='bbox 1391 852 1438 879; x_wconf 82' lang='grc' dir='ltr'><strong>τοῦ</strong></span> <span class='ocrx_word' id='word_1_394' title='bbox 1458 851 1541 887; x_wconf 82' lang='grc' dir='ltr'>θηρὸς</span> <span class='ocrx_word' id='word_1_395' title='bbox 1559 852 1593 887; x_wconf 79' lang='grc' dir='ltr'><strong>τῇ</strong></span> <span class='ocrx_word' id='word_1_396' title='bbox 1610 851 1725 886; x_wconf 78' lang='grc' dir='ltr'><strong>δυνάμει</strong></span> <span class='ocrx_word' id='word_1_397' title='bbox 1741 859 1802 883; x_wconf 74' lang='grc' dir='ltr'>σου,</span> 
     </span>
    </p>
   </div>
   <div class='ocr_carea' id='block_1_73' title="bbox 982 897 1099 936">
    <p class='ocr_par' dir='ltr' id='par_1_73' title="bbox 982 897 1099 936">
     <span class='ocr_line' id='line_1_73' title="bbox 982 897 1099 936; baseline -0.009 -7"><span class='ocrx_word' id='word_1_398' title='bbox 982 897 1005 925; x_wconf 81' lang='grc' dir='ltr'><strong>Β</strong></span> <span class='ocrx_word' id='word_1_399' title='bbox 1016 902 1099 936; x_wconf 85' lang='grc' dir='ltr'>Λόγε.</span> 
     </span>
    </p>
   </div>
   <div class='ocr_carea' id='block_1_74' title="bbox 1238 944 1582 979">
    <p class='ocr_par' dir='ltr' id='par_1_74' title="bbox 1238 944 1582 979">
     <span class='ocr_line' id='line_1_74' title="bbox 1238 944 1582 979; baseline -0.009 -6"><span class='ocrx_word' id='word_1_400' title='bbox 1238 945 1407 973; x_wconf 79' lang='grc' dir='ltr'>Κοντάκιον</span> <span class='ocrx_word' id='word_1_401' title='bbox 1419 944 1582 979; x_wconf 78' lang='grc' dir='ltr'>ιδιόμελον.</span> 
     </span>
    </p>
   </div>
   <div class='ocr_carea' id='block_1_75' title="bbox 1048 989 1806 1027">
    <p class='ocr_par' dir='ltr' id='par_1_75' title="bbox 1048 989 1806 1027">
     <span class='ocr_line' id='line_1_75' title="bbox 1048 989 1806 1027; baseline -0.004 -7"><span class='ocrx_word' id='word_1_402' title='bbox 1048 992 1148 1020; x_wconf 80' lang='grc' dir='ltr'><strong>Οὐκέτι</strong></span> <span class='ocrx_word' id='word_1_403' title='bbox 1161 991 1275 1027; x_wconf 83' lang='grc' dir='ltr'>φλογίνη</span> <span class='ocrx_word' id='word_1_404' title='bbox 1297 991 1420 1026; x_wconf 78' lang='grc' dir='ltr'>ῥομφαία</span> <span class='ocrx_word' id='word_1_405' title='bbox 1435 990 1565 1025; x_wconf 80' lang='grc' dir='ltr'><strong>φυλάττει</strong></span> <span class='ocrx_word' id='word_1_406' title='bbox 1585 989 1636 1024; x_wconf 85' lang='grc' dir='ltr'><strong>τὴν</strong></span> <span class='ocrx_word' id='word_1_407' title='bbox 1651 989 1740 1025; x_wconf 86' lang='grc' dir='ltr'>πύλην</span> <span class='ocrx_word' id='word_1_408' title='bbox 1753 990 1806 1024; x_wconf 77' lang='grc' dir='ltr'>τῆς</span> 
     </span>
    </p>
   </div>
   <div class='ocr_carea' id='block_1_76' title="bbox 1018 1035 1807 1075">
    <p class='ocr_par' dir='ltr' id='par_1_76' title="bbox 1018 1035 1807 1075">
     <span class='ocr_line' id='line_1_76' title="bbox 1018 1035 1807 1075; baseline -0.006 -9"><span class='ocrx_word' id='word_1_409' title='bbox 1018 1039 1111 1075; x_wconf 51' lang='lat' dir='ltr'><strong>mea.</strong></span> <span class='ocrx_word' id='word_1_410' title='bbox 1130 1038 1199 1073; x_wconf 80' lang='grc' dir='ltr'>αὐτῇ</span> <span class='ocrx_word' id='word_1_411' title='bbox 1214 1038 1269 1074; x_wconf 86' lang='grc' dir='ltr'><strong>γὰρ</strong></span> <span class='ocrx_word' id='word_1_412' title='bbox 1283 1036 1384 1072; x_wconf 75' lang='grc' dir='ltr'>ἐπῆλθε</span> <span class='ocrx_word' id='word_1_413' title='bbox 1405 1035 1557 1072; x_wconf 80' lang='grc' dir='ltr'>παράδοξος</span> <span class='ocrx_word' id='word_1_414' title='bbox 1570 1035 1656 1068; x_wconf 67' lang='grc' dir='ltr'>δόσις,</span> <span class='ocrx_word' id='word_1_415' title='bbox 1676 1036 1706 1063; x_wconf 78' lang='grc' dir='ltr'><strong>τὸ</strong></span> <span class='ocrx_word' id='word_1_416' title='bbox 1725 1035 1807 1068; x_wconf 81' lang='grc' dir='ltr'>ξύλον</span> 
     </span>
    </p>
   </div>
   <div class='ocr_carea' id='block_1_77' title="bbox 1013 1081 1808 1121">
    <p class='ocr_par' dir='ltr' id='par_1_77' title="bbox 1013 1081 1808 1121">
     <span class='ocr_line' id='line_1_77' title="bbox 1013 1081 1808 1121; baseline -0.006 -9"><span class='ocrx_word' id='word_1_417' title='bbox 1013 1085 1060 1113; x_wconf 87' lang='grc' dir='ltr'><strong>τοῦ</strong></span> <span class='ocrx_word' id='word_1_418' title='bbox 1078 1084 1206 1121; x_wconf 87' lang='grc' dir='ltr'>σταυροῦ.</span> <span class='ocrx_word' id='word_1_419' title='bbox 1219 1083 1340 1111; x_wconf 82' lang='grc' dir='ltr'>Θανάτου</span> <span class='ocrx_word' id='word_1_420' title='bbox 1357 1083 1389 1109; x_wconf 73' lang='grc' dir='ltr'><strong>τὸ</strong></span> <span class='ocrx_word' id='word_1_421' title='bbox 1401 1082 1526 1118; x_wconf 83' lang='grc' dir='ltr'>κέντρον,</span> <span class='ocrx_word' id='word_1_422' title='bbox 1540 1082 1588 1109; x_wconf 78' lang='grc' dir='ltr'>καὶ</span> <span class='ocrx_word' id='word_1_423' title='bbox 1600 1081 1665 1117; x_wconf 71' lang='grc' dir='ltr'>ᾅδου</span> <span class='ocrx_word' id='word_1_424' title='bbox 1686 1081 1717 1108; x_wconf 77' lang='grc' dir='ltr'>τὸ</span> <span class='ocrx_word' id='word_1_425' title='bbox 1730 1082 1808 1113; x_wconf 84' lang='grc' dir='ltr'>νῖκος</span> 
     </span>
    </p>
   </div>
   <div class='ocr_carea' id='block_1_78' title="bbox 1013 1127 1806 1166">
    <p class='ocr_par' dir='ltr' id='par_1_78' title="bbox 1013 1127 1806 1166">
     <span class='ocr_line' id='line_1_78' title="bbox 1013 1127 1806 1166; baseline -0.006 -8"><span class='ocrx_word' id='word_1_426' title='bbox 1013 1131 1152 1166; x_wconf 75' lang='grc' dir='ltr'>ἐλήλαται.</span> <span class='ocrx_word' id='word_1_427' title='bbox 1171 1130 1303 1165; x_wconf 82' lang='grc' dir='ltr'>Ἐπέστης</span> <span class='ocrx_word' id='word_1_428' title='bbox 1313 1129 1461 1164; x_wconf 44' lang='grc' dir='ltr'>δὲμΣωτήρ</span> <span class='ocrx_word' id='word_1_429' title='bbox 1476 1137 1538 1164; x_wconf 88' lang='grc' dir='ltr'>μου,</span> <span class='ocrx_word' id='word_1_430' title='bbox 1550 1128 1619 1164; x_wconf 86' lang='grc' dir='ltr'>βοῶν</span> <span class='ocrx_word' id='word_1_431' title='bbox 1631 1129 1689 1160; x_wconf 84' lang='grc' dir='ltr'>τοῖς</span> <span class='ocrx_word' id='word_1_432' title='bbox 1700 1127 1731 1154; x_wconf 72' lang='grc' dir='ltr'>ἐν</span> <span class='ocrx_word' id='word_1_433' title='bbox 1741 1127 1806 1163; x_wconf 69' lang='grc' dir='ltr'>ᾅδῃ,</span> 
     </span>
    </p>
   </div>
   <div class='ocr_carea' id='block_1_79' title="bbox 1014 1174 1549 1212">
    <p class='ocr_par' dir='ltr' id='par_1_79' title="bbox 1014 1174 1549 1212">
     <span class='ocr_line' id='line_1_79' title="bbox 1014 1174 1549 1212; baseline -0.004 -8"><span class='ocrx_word' id='word_1_434' title='bbox 1014 1176 1164 1212; x_wconf 80' lang='grc' dir='ltr'>Είσάγεσθε</span> <span class='ocrx_word' id='word_1_435' title='bbox 1175 1175 1256 1203; x_wconf 88' lang='grc' dir='ltr'>πάλιν</span> <span class='ocrx_word' id='word_1_436' title='bbox 1269 1176 1310 1208; x_wconf 83' lang='grc' dir='ltr'><strong>είς</strong></span> <span class='ocrx_word' id='word_1_437' title='bbox 1318 1175 1364 1211; x_wconf 76' lang='grc' dir='ltr'><strong>τὸν</strong></span> <span class='ocrx_word' id='word_1_438' title='bbox 1374 1174 1549 1210; x_wconf 81' lang='grc' dir='ltr'><strong>παράδεισον.</strong></span> 
     </span>
    </p>
   </div>
   <div class='ocr_carea' id='block_1_80' title="bbox 1351 1262 1481 1297">
    <p class='ocr_par' dir='ltr' id='par_1_80' title="bbox 1351 1262 1481 1297">
     <span class='ocr_line' id='line_1_80' title="bbox 1351 1262 1481 1297; baseline 0 -6"><span class='ocrx_word' id='word_1_439' title='bbox 1351 1265 1383 1291; x_wconf 82' lang='lat'><strong>&#39;0</strong></span> <span class='ocrx_word' id='word_1_440' title='bbox 1397 1262 1481 1297; x_wconf 80' lang='grc' dir='ltr'>οἶκος</span> 
     </span>
    </p>
   </div>
   <div class='ocr_carea' id='block_1_81' title="bbox 1050 1307 1807 1348">
    <p class='ocr_par' dir='ltr' id='par_1_81' title="bbox 1050 1307 1807 1348">
     <span class='ocr_line' id='line_1_81' title="bbox 1050 1307 1807 1348; baseline -0.008 -9"><span class='ocrx_word' id='word_1_441' title='bbox 1050 1311 1132 1348; x_wconf 81' lang='grc' dir='ltr'>Τρεῖς</span> <span class='ocrx_word' id='word_1_442' title='bbox 1159 1309 1294 1346; x_wconf 79' lang='grc' dir='ltr'>σταυροὺς</span> <span class='ocrx_word' id='word_1_443' title='bbox 1308 1310 1440 1344; x_wconf 66' lang='grc' dir='ltr'>ἐπήξατο,</span> <span class='ocrx_word' id='word_1_444' title='bbox 1456 1309 1485 1335; x_wconf 80' lang='grc' dir='ltr'>ὲν</span> <span class='ocrx_word' id='word_1_445' title='bbox 1503 1307 1623 1343; x_wconf 57' lang='lat' dir='ltr'><strong>ramos</strong></span> <span class='ocrx_word' id='word_1_446' title='bbox 1642 1308 1656 1335; x_wconf 86' lang='grc' dir='ltr'><strong>ό</strong></span> <span class='ocrx_word' id='word_1_447' title='bbox 1676 1307 1807 1340; x_wconf 76' lang='grc' dir='ltr'>Πιλᾶτος,</span> 
     </span>
    </p>
   </div>
   <div class='ocr_carea' id='block_1_82' title="bbox 1015 1351 1810 1393">
    <p class='ocr_par' dir='ltr' id='par_1_82' title="bbox 1015 1351 1810 1393">
     <span class='ocr_line' id='line_1_82' title="bbox 1015 1351 1810 1393; baseline -0.005 -9"><span class='ocrx_word' id='word_1_448' title='bbox 1015 1357 1062 1385; x_wconf 82' lang='grc' dir='ltr'><strong>δύο</strong></span> <span class='ocrx_word' id='word_1_449' title='bbox 1078 1359 1134 1389; x_wconf 82' lang='grc' dir='ltr'>τοῖς</span> <span class='ocrx_word' id='word_1_450' title='bbox 1150 1356 1330 1393; x_wconf 75' lang='grc' dir='ltr'>λῃστεύσασι,</span> <span class='ocrx_word' id='word_1_451' title='bbox 1342 1355 1390 1382; x_wconf 76' lang='grc' dir='ltr'>καὶ</span> <span class='ocrx_word' id='word_1_452' title='bbox 1404 1351 1453 1382; x_wconf 70' lang='grc' dir='ltr'>ἕνα</span> <span class='ocrx_word' id='word_1_453' title='bbox 1463 1354 1510 1381; x_wconf 84' lang='grc' dir='ltr'><strong>τοῦ</strong></span> <span class='ocrx_word' id='word_1_454' title='bbox 1525 1353 1668 1386; x_wconf 74' lang='grc' dir='ltr'>ζωοδότου,</span> <span class='ocrx_word' id='word_1_455' title='bbox 1688 1353 1718 1379; x_wconf 79' lang='grc' dir='ltr'>ὃν</span> <span class='ocrx_word' id='word_1_456' title='bbox 1734 1351 1810 1380; x_wconf 70' lang='grc' dir='ltr'>εἶδεν</span> 
     </span>
    </p>
   </div>
   <div class='ocr_carea' id='block_1_83' title="bbox 1016 1398 1811 1439">
    <p class='ocr_par' dir='ltr' id='par_1_83' title="bbox 1016 1398 1811 1439">
     <span class='ocr_line' id='line_1_83' title="bbox 1016 1398 1811 1439; baseline -0.006 -9"><span class='ocrx_word' id='word_1_457' title='bbox 1016 1404 1031 1430; x_wconf 83' lang='grc' dir='ltr'><strong>ὁ</strong></span> <span class='ocrx_word' id='word_1_458' title='bbox 1043 1403 1119 1439; x_wconf 71' lang='grc' dir='ltr'>ᾅδης,</span> <span class='ocrx_word' id='word_1_459' title='bbox 1133 1403 1180 1430; x_wconf 76' lang='grc' dir='ltr'><strong>καὶ</strong></span> <span class='ocrx_word' id='word_1_460' title='bbox 1197 1400 1258 1429; x_wconf 82' lang='grc' dir='ltr'>εἷπε</span> <span class='ocrx_word' id='word_1_461' title='bbox 1279 1403 1335 1434; x_wconf 84' lang='grc' dir='ltr'>τοῖς</span> <span class='ocrx_word' id='word_1_462' title='bbox 1357 1401 1445 1429; x_wconf 84' lang='grc' dir='ltr'>κάτω·</span> <span class='ocrx_word' id='word_1_463' title='bbox 1463 1398 1499 1427; x_wconf 84' lang='grc' dir='ltr'><strong>Ὢ</strong></span> <span class='ocrx_word' id='word_1_464' title='bbox 1511 1398 1666 1435; x_wconf 87' lang='grc' dir='ltr'>λειτουργοι</span> <span class='ocrx_word' id='word_1_465' title='bbox 1683 1407 1746 1434; x_wconf 88' lang='grc' dir='ltr'>μου,</span> <span class='ocrx_word' id='word_1_466' title='bbox 1761 1399 1811 1425; x_wconf 78' lang='grc' dir='ltr'>καὶ</span> 
     </span>
    </p>
   </div>
   <div class='ocr_carea' id='block_1_84' title="bbox 1016 1444 1808 1484">
    <p class='ocr_par' dir='ltr' id='par_1_84' title="bbox 1016 1444 1808 1484">
     <span class='ocr_line' id='line_1_84' title="bbox 1016 1444 1808 1484; baseline -0.008 -9"><span class='ocrx_word' id='word_1_467' title='bbox 1016 1449 1144 1484; x_wconf 78' lang='grc' dir='ltr'>δυνάμεις</span> <span class='ocrx_word' id='word_1_468' title='bbox 1160 1456 1222 1483; x_wconf 89' lang='grc' dir='ltr'>μου,</span> <span class='ocrx_word' id='word_1_469' title='bbox 1243 1447 1285 1479; x_wconf 86' lang='grc' dir='ltr'><strong>τίς</strong></span> <span class='ocrx_word' id='word_1_470' title='bbox 1305 1447 1320 1474; x_wconf 84' lang='grc' dir='ltr'><strong>ό</strong></span> <span class='ocrx_word' id='word_1_471' title='bbox 1342 1446 1467 1482; x_wconf 71' lang='grc' dir='ltr'>ἐμπήξας</span> <span class='ocrx_word' id='word_1_472' title='bbox 1487 1444 1597 1482; x_wconf 82' lang='grc' dir='ltr'>ἧλοντῇ</span> <span class='ocrx_word' id='word_1_473' title='bbox 1616 1445 1715 1480; x_wconf 71' lang='grc' dir='ltr'>καρδίᾳ</span> <span class='ocrx_word' id='word_1_474' title='bbox 1734 1452 1808 1480; x_wconf 72' lang='grc' dir='ltr'>μους</span> 
     </span>
    </p>
   </div>
   <div class='ocr_carea' id='block_1_85' title="bbox 1018 1489 1809 1530">
    <p class='ocr_par' dir='ltr' id='par_1_85' title="bbox 1018 1489 1809 1530">
     <span class='ocr_line' id='line_1_85' title="bbox 1018 1489 1809 1530; baseline -0.009 -9"><span class='ocrx_word' id='word_1_475' title='bbox 1018 1494 1109 1530; x_wconf 80' lang='grc' dir='ltr'>ξυλίνη</span> <span class='ocrx_word' id='word_1_476' title='bbox 1126 1502 1159 1528; x_wconf 86' lang='grc' dir='ltr'>με</span> <span class='ocrx_word' id='word_1_477' title='bbox 1175 1493 1259 1529; x_wconf 82' lang='grc' dir='ltr'>λόγχη</span> <span class='ocrx_word' id='word_1_478' title='bbox 1273 1493 1418 1527; x_wconf 80' lang='grc' dir='ltr'>ὲκέντησεν</span> <span class='ocrx_word' id='word_1_479' title='bbox 1430 1491 1517 1526; x_wconf 75' lang='grc' dir='ltr'>ἄφνω,</span> <span class='ocrx_word' id='word_1_480' title='bbox 1530 1490 1578 1518; x_wconf 78' lang='grc' dir='ltr'>καὶ</span> <span class='ocrx_word' id='word_1_481' title='bbox 1592 1489 1809 1526; x_wconf 68' lang='grc' dir='ltr'>διαρρήσσομαι.</span> 
     </span>
    </p>
   </div>
   <div class='ocr_carea' id='block_1_86' title="bbox 1018 1533 1811 1573">
    <p class='ocr_par' dir='ltr' id='par_1_86' title="bbox 1018 1533 1811 1573">
     <span class='ocr_line' id='line_1_86' title="bbox 1018 1533 1811 1573; baseline -0.006 -8"><span class='ocrx_word' id='word_1_482' title='bbox 1018 1539 1039 1565; x_wconf 87' lang='grc' dir='ltr'><strong><em>Τ</em></strong></span> <span class='ocrx_word' id='word_1_483' title='bbox 1042 1538 1059 1565; x_wconf 87' lang='grc' dir='ltr'>ὰ</span> <span class='ocrx_word' id='word_1_484' title='bbox 1088 1538 1163 1565; x_wconf 76' lang='grc' dir='ltr'>Ενδον</span> <span class='ocrx_word' id='word_1_485' title='bbox 1192 1545 1243 1573; x_wconf 88' lang='grc' dir='ltr'><strong>μου</strong></span> <span class='ocrx_word' id='word_1_486' title='bbox 1270 1537 1354 1569; x_wconf 86' lang='grc' dir='ltr'>πονῶ,</span> <span class='ocrx_word' id='word_1_487' title='bbox 1378 1536 1428 1572; x_wconf 79' lang='grc' dir='ltr'>τὴν</span> <span class='ocrx_word' id='word_1_488' title='bbox 1447 1535 1552 1563; x_wconf 79' lang='grc' dir='ltr'>κοιλίαν</span> <span class='ocrx_word' id='word_1_489' title='bbox 1576 1543 1627 1570; x_wconf 87' lang='grc' dir='ltr'><strong>μου</strong></span> <span class='ocrx_word' id='word_1_490' title='bbox 1652 1533 1739 1568; x_wconf 80' lang='grc' dir='ltr'>ἀλγῶ.</span> <span class='ocrx_word' id='word_1_491' title='bbox 1766 1533 1811 1560; x_wconf 78' lang='grc' dir='ltr'><strong>Τὰ</strong></span> 
     </span>
    </p>
   </div>
   <div class='ocr_carea' id='block_1_87' title="bbox 1015 1579 1812 1620">
    <p class='ocr_par' dir='ltr' id='par_1_87' title="bbox 1015 1579 1812 1620">
     <span class='ocr_line' id='line_1_87' title="bbox 1015 1579 1812 1620; baseline -0.008 -9"><span class='ocrx_word' id='word_1_492' title='bbox 1015 1583 1181 1620; x_wconf 76' lang='grc' dir='ltr'>αἱσθητήριά</span> <span class='ocrx_word' id='word_1_493' title='bbox 1209 1592 1260 1619; x_wconf 88' lang='grc' dir='ltr'><strong>μου</strong></span> <span class='ocrx_word' id='word_1_494' title='bbox 1285 1583 1437 1618; x_wconf 77' lang='grc' dir='ltr'>μαιμάσσει</span> <span class='ocrx_word' id='word_1_495' title='bbox 1463 1581 1494 1609; x_wconf 81' lang='grc' dir='ltr'>τὸ</span> <span class='ocrx_word' id='word_1_496' title='bbox 1522 1580 1630 1615; x_wconf 75' lang='grc' dir='ltr'>πνεῦμά</span> <span class='ocrx_word' id='word_1_497' title='bbox 1658 1587 1722 1615; x_wconf 77' lang='grc' dir='ltr'>μου,</span> <span class='ocrx_word' id='word_1_498' title='bbox 1760 1579 1812 1606; x_wconf 75' lang='grc' dir='ltr'>καὶ</span> 
     </span>
    </p>
   </div>
   <div class='ocr_carea' id='block_1_88' title="bbox 1016 1624 1812 1666">
    <p class='ocr_par' dir='ltr' id='par_1_88' title="bbox 1016 1624 1812 1666">
     <span class='ocr_line' id='line_1_88' title="bbox 1016 1624 1812 1666; baseline -0.009 -8"><span class='ocrx_word' id='word_1_499' title='bbox 1016 1631 1207 1666; x_wconf 73' lang='grc' dir='ltr'><strong>ἀναγκάζομαι</strong></span> <span class='ocrx_word' id='word_1_500' title='bbox 1224 1628 1419 1665; x_wconf 70' lang='grc' dir='ltr'>ἑξερεύξασθαι</span> <span class='ocrx_word' id='word_1_501' title='bbox 1443 1628 1489 1654; x_wconf 76' lang='grc' dir='ltr'>τὸν</span> <span class='ocrx_word' id='word_1_502' title='bbox 1510 1626 1606 1662; x_wconf 67' lang='grc' dir='ltr'>Ἀδὰμ,</span> <span class='ocrx_word' id='word_1_503' title='bbox 1630 1625 1758 1656; x_wconf 77' lang='grc' dir='ltr'>καὶτοὺς</span> <span class='ocrx_word' id='word_1_504' title='bbox 1778 1624 1812 1658; x_wconf 70' lang='grc' dir='ltr'>ἐξ</span> 
     </span>
    </p>
   </div>
   <div class='ocr_carea' id='block_1_89' title="bbox 1024 1669 1812 1712">
    <p class='ocr_par' dir='ltr' id='par_1_89' title="bbox 1024 1669 1812 1712">
     <span class='ocr_line' id='line_1_89' title="bbox 1024 1669 1812 1712; baseline -0.009 -8"><span class='ocrx_word' id='word_1_505' title='bbox 1024 1677 1109 1712; x_wconf 72' lang='grc' dir='ltr'>Ἀδὰμ</span> <span class='ocrx_word' id='word_1_506' title='bbox 1124 1676 1195 1712; x_wconf 84' lang='grc' dir='ltr'>ξύλῳ</span> <span class='ocrx_word' id='word_1_507' title='bbox 1209 1676 1335 1707; x_wconf 82' lang='grc' dir='ltr'>δοθέντας</span> <span class='ocrx_word' id='word_1_508' title='bbox 1353 1683 1409 1710; x_wconf 88' lang='grc' dir='ltr'>μοι.</span> <span class='ocrx_word' id='word_1_509' title='bbox 1425 1673 1510 1701; x_wconf 89' lang='grc' dir='ltr'>Ξύλον</span> <span class='ocrx_word' id='word_1_510' title='bbox 1525 1672 1581 1708; x_wconf 83' lang='grc' dir='ltr'><strong>γὰρ</strong></span> <span class='ocrx_word' id='word_1_511' title='bbox 1593 1670 1704 1703; x_wconf 77' lang='grc' dir='ltr'>τούτους</span> <span class='ocrx_word' id='word_1_512' title='bbox 1726 1669 1812 1698; x_wconf 74' lang='grc' dir='ltr'>πάλιν</span> 
     </span>
    </p>
   </div>
   <div class='ocr_carea' id='block_1_90' title="bbox 1017 1720 1422 1757">
    <p class='ocr_par' dir='ltr' id='par_1_90' title="bbox 1017 1720 1422 1757">
     <span class='ocr_line' id='line_1_90' title="bbox 1017 1720 1422 1757; baseline -0.01 -7"><span class='ocrx_word' id='word_1_513' title='bbox 1017 1723 1122 1757; x_wconf 77' lang='grc' dir='ltr'><strong>εἰσάγει</strong></span> <span class='ocrx_word' id='word_1_514' title='bbox 1138 1722 1178 1754; x_wconf 77' lang='grc' dir='ltr'>εις</span> <span class='ocrx_word' id='word_1_515' title='bbox 1190 1721 1237 1748; x_wconf 80' lang='grc' dir='ltr'><strong>τὸν</strong></span> <span class='ocrx_word' id='word_1_516' title='bbox 1248 1720 1422 1755; x_wconf 73' lang='grc' dir='ltr'>παράδεισον.</span> 
     </span>
    </p>
   </div>
   <div class='ocr_carea' id='block_1_91' title="bbox 1341 1796 1474 1832">
    <p class='ocr_par' dir='ltr' id='par_1_91' title="bbox 1341 1796 1474 1832">
     <span class='ocr_line' id='line_1_91' title="bbox 1341 1796 1474 1832; baseline 0.008 -10"><span class='ocrx_word' id='word_1_517' title='bbox 1341 1797 1409 1832; x_wconf 64' lang='lat' dir='ltr'><strong>om</strong></span> <span class='ocrx_word' id='word_1_518' title='bbox 1427 1796 1474 1829; x_wconf 74' lang='grc' dir='ltr'><strong>ς’.</strong></span> 
     </span>
    </p>
   </div>
   <div class='ocr_carea' id='block_1_92' title="bbox 1057 1870 1811 1910">
    <p class='ocr_par' dir='ltr' id='par_1_92' title="bbox 1057 1870 1811 1910">
     <span class='ocr_line' id='line_1_92' title="bbox 1057 1870 1811 1910; baseline -0.005 -8"><span class='ocrx_word' id='word_1_519' title='bbox 1057 1875 1186 1910; x_wconf 76' lang='grc' dir='ltr'>’Δνέστης</span> <span class='ocrx_word' id='word_1_520' title='bbox 1208 1874 1240 1902; x_wconf 73' lang='grc' dir='ltr'>ἐκ</span> <span class='ocrx_word' id='word_1_521' title='bbox 1259 1874 1307 1901; x_wconf 82' lang='grc' dir='ltr'><strong>τοῦ</strong></span> <span class='ocrx_word' id='word_1_522' title='bbox 1329 1873 1416 1908; x_wconf 80' lang='grc' dir='ltr'>τάφου</span> <span class='ocrx_word' id='word_1_523' title='bbox 1438 1871 1600 1908; x_wconf 74' lang='grc' dir='ltr'>τριήμερος,</span> <span class='ocrx_word' id='word_1_524' title='bbox 1617 1872 1656 1904; x_wconf 78' lang='grc' dir='ltr'><strong>ὡς</strong></span> <span class='ocrx_word' id='word_1_525' title='bbox 1672 1872 1687 1899; x_wconf 83' lang='grc' dir='ltr'><strong><em>ὁ</em></strong></span> <span class='ocrx_word' id='word_1_526' title='bbox 1704 1870 1811 1903; x_wconf 78' lang='grc' dir='ltr'>ὑπνῶν.</span> 
     </span>
    </p>
   </div>
   <div class='ocr_carea' id='block_1_93' title="bbox 1017 1918 1814 1957">
    <p class='ocr_par' dir='ltr' id='par_1_93' title="bbox 1017 1918 1814 1957">
     <span class='ocr_line' id='line_1_93' title="bbox 1017 1918 1814 1957; baseline -0.005 -9"><span class='ocrx_word' id='word_1_527' title='bbox 1017 1922 1114 1957; x_wconf 82' lang='grc' dir='ltr'>Κύριε,</span> <span class='ocrx_word' id='word_1_528' title='bbox 1133 1922 1197 1957; x_wconf 64' lang='grc' dir='ltr'>ᾅδου</span> <span class='ocrx_word' id='word_1_529' title='bbox 1220 1920 1362 1957; x_wconf 80' lang='grc' dir='ltr'>πυλωροὺς</span> <span class='ocrx_word' id='word_1_530' title='bbox 1384 1920 1509 1954; x_wconf 82' lang='grc' dir='ltr'>πατάξας</span> <span class='ocrx_word' id='word_1_531' title='bbox 1533 1920 1594 1956; x_wconf 80' lang='grc' dir='ltr'>θείᾳ</span> <span class='ocrx_word' id='word_1_532' title='bbox 1610 1919 1737 1954; x_wconf 81' lang='grc' dir='ltr'>δυνάμει,</span> <span class='ocrx_word' id='word_1_533' title='bbox 1762 1918 1814 1945; x_wconf 74' lang='grc' dir='ltr'>καὶ</span> 
     </span>
    </p>
   </div>
   <div class='ocr_carea' id='block_1_94' title="bbox 1016 1963 1812 2003">
    <p class='ocr_par' dir='ltr' id='par_1_94' title="bbox 1016 1963 1812 2003">
     <span class='ocr_line' id='line_1_94' title="bbox 1016 1963 1812 2003; baseline -0.005 -9"><span class='ocrx_word' id='word_1_534' title='bbox 1016 1969 1079 2000; x_wconf 78' lang='grc' dir='ltr'>τοὺς</span> <span class='ocrx_word' id='word_1_535' title='bbox 1092 1968 1176 1995; x_wconf 85' lang='grc' dir='ltr'>πάλαι</span> <span class='ocrx_word' id='word_1_536' title='bbox 1190 1967 1302 2003; x_wconf 74' lang='grc' dir='ltr'>ἐγείρας</span> <span class='ocrx_word' id='word_1_537' title='bbox 1318 1967 1508 2002; x_wconf 82' lang='grc' dir='ltr'>προπάτορας,</span> <span class='ocrx_word' id='word_1_538' title='bbox 1526 1966 1540 1992; x_wconf 83' lang='grc' dir='ltr'><strong><em>ὸ</em></strong></span> <span class='ocrx_word' id='word_1_539' title='bbox 1557 1965 1637 2002; x_wconf 85' lang='grc' dir='ltr'>μόνος</span> <span class='ocrx_word' id='word_1_540' title='bbox 1651 1963 1812 2000; x_wconf 75' lang='grc' dir='ltr'><strong>εὐλογητὸς,</strong></span> 
     </span>
    </p>
   </div>
   <div class='ocr_carea' id='block_1_95' title="bbox 1016 2012 1577 2050">
    <p class='ocr_par' dir='ltr' id='par_1_95' title="bbox 1016 2012 1577 2050">
     <span class='ocr_line' id='line_1_95' title="bbox 1016 2012 1577 2050; baseline -0.007 -7"><span class='ocrx_word' id='word_1_541' title='bbox 1016 2015 1073 2043; x_wconf 84' lang='grc' dir='ltr'><strong>τῶν</strong></span> <span class='ocrx_word' id='word_1_542' title='bbox 1086 2015 1216 2050; x_wconf 77' lang='grc' dir='ltr'>πατέρων</span> <span class='ocrx_word' id='word_1_543' title='bbox 1228 2014 1306 2046; x_wconf 82' lang='grc' dir='ltr'><strong>Θεὸς,</strong></span> <span class='ocrx_word' id='word_1_544' title='bbox 1322 2013 1371 2040; x_wconf 84' lang='grc' dir='ltr'>καὶ</span> <span class='ocrx_word' id='word_1_545' title='bbox 1388 2012 1577 2048; x_wconf 81' lang='grc' dir='ltr'>ὑπερένδοξος.</span> 
     </span>
    </p>
   </div>
   <div class='ocr_carea' id='block_1_96' title="bbox 1051 2099 1814 2141">
    <p class='ocr_par' dir='ltr' id='par_1_96' title="bbox 1051 2099 1814 2141">
     <span class='ocr_line' id='line_1_96' title="bbox 1051 2099 1814 2141; baseline -0.008 -10"><span class='ocrx_word' id='word_1_546' title='bbox 1051 2106 1091 2141; x_wconf 81' lang='grc' dir='ltr'><strong>Τῇ</strong></span> <span class='ocrx_word' id='word_1_547' title='bbox 1102 2104 1173 2140; x_wconf 81' lang='grc' dir='ltr'>λύρᾳ</span> <span class='ocrx_word' id='word_1_548' title='bbox 1183 2103 1239 2130; x_wconf 83' lang='grc' dir='ltr'><strong>τῶν</strong></span> <span class='ocrx_word' id='word_1_549' title='bbox 1253 2103 1385 2140; x_wconf 80' lang='grc' dir='ltr'>ᾀσμάτων</span> <span class='ocrx_word' id='word_1_550' title='bbox 1395 2101 1565 2139; x_wconf 78' lang='grc' dir='ltr'>χορεύοντες,</span> <span class='ocrx_word' id='word_1_551' title='bbox 1578 2099 1814 2135; x_wconf 75' lang='grc' dir='ltr'>ἁγαλλιασώμεθα</span> 
     </span>
    </p>
   </div>
   <div class='ocr_carea' id='block_1_97' title="bbox 1018 2146 1816 2187">
    <p class='ocr_par' dir='ltr' id='par_1_97' title="bbox 1018 2146 1816 2187">
     <span class='ocr_line' id='line_1_97' title="bbox 1018 2146 1816 2187; baseline -0.006 -9"><span class='ocrx_word' id='word_1_552' title='bbox 1018 2152 1137 2187; x_wconf 77' lang='grc' dir='ltr'>σήμερον</span> <span class='ocrx_word' id='word_1_553' title='bbox 1149 2150 1220 2183; x_wconf 78' lang='grc' dir='ltr'>λαοὶ,</span> <span class='ocrx_word' id='word_1_554' title='bbox 1234 2151 1267 2185; x_wconf 86' lang='grc' dir='ltr'><strong>τῇ</strong></span> <span class='ocrx_word' id='word_1_555' title='bbox 1289 2149 1338 2177; x_wconf 91' lang='grc' dir='ltr'><strong>τοῦ</strong></span> <span class='ocrx_word' id='word_1_556' title='bbox 1357 2148 1476 2184; x_wconf 73' lang='grc' dir='ltr'>σταυροῦ</span> <span class='ocrx_word' id='word_1_557' title='bbox 1499 2147 1698 2183; x_wconf 81' lang='grc' dir='ltr'>προσκυνήσει,</span> <span class='ocrx_word' id='word_1_558' title='bbox 1713 2146 1761 2173; x_wconf 80' lang='grc' dir='ltr'><strong>τὸν</strong></span> <span class='ocrx_word' id='word_1_559' title='bbox 1782 2146 1816 2174; x_wconf 67' lang='grc' dir='ltr'>ἐν</span> 
     </span>
    </p>
   </div>
   <div class='ocr_carea' id='block_1_98' title="bbox 1017 2191 1814 2232">
    <p class='ocr_par' dir='ltr' id='par_1_98' title="bbox 1017 2191 1814 2232">
     <span class='ocr_line' id='line_1_98' title="bbox 1017 2191 1814 2232; baseline -0.008 -8"><span class='ocrx_word' id='word_1_560' title='bbox 1017 2197 1104 2232; x_wconf 88' lang='grc' dir='ltr'>τούτῳ</span> <span class='ocrx_word' id='word_1_561' title='bbox 1120 2196 1242 2231; x_wconf 82' lang='grc' dir='ltr'>παγέντα</span> <span class='ocrx_word' id='word_1_562' title='bbox 1259 2195 1378 2231; x_wconf 76' lang='grc' dir='ltr'>Χριστὸν</span> <span class='ocrx_word' id='word_1_563' title='bbox 1393 2195 1562 2228; x_wconf 77' lang='grc' dir='ltr'>δοξάζοντες,</span> <span class='ocrx_word' id='word_1_564' title='bbox 1577 2193 1624 2221; x_wconf 75' lang='grc' dir='ltr'><strong>τὸν</strong></span> <span class='ocrx_word' id='word_1_565' title='bbox 1638 2193 1719 2228; x_wconf 83' lang='grc' dir='ltr'>μόνον</span> <span class='ocrx_word' id='word_1_566' title='bbox 1731 2191 1814 2219; x_wconf 74' lang='grc' dir='ltr'>εὐλο-</span> 
     </span>
    </p>
   </div>
   <div class='ocr_carea' id='block_1_99' title="bbox 977 2239 1670 2279">
    <p class='ocr_par' dir='ltr' id='par_1_99' title="bbox 977 2239 1670 2279">
     <span class='ocr_line' id='line_1_99' title="bbox 977 2239 1670 2279; baseline -0.004 -10"><span class='ocrx_word' id='word_1_567' title='bbox 977 2242 1004 2273; x_wconf 91' lang='lat' dir='ltr'><strong>D</strong></span> <span class='ocrx_word' id='word_1_568' title='bbox 1017 2242 1100 2279; x_wconf 81' lang='grc' dir='ltr'>γητδν</span> <span class='ocrx_word' id='word_1_569' title='bbox 1113 2242 1167 2269; x_wconf 85' lang='grc' dir='ltr'><strong>τῶν</strong></span> <span class='ocrx_word' id='word_1_570' title='bbox 1183 2241 1311 2278; x_wconf 82' lang='grc' dir='ltr'>πατέρων</span> <span class='ocrx_word' id='word_1_571' title='bbox 1323 2241 1399 2274; x_wconf 81' lang='grc' dir='ltr'>Θεδν,</span> <span class='ocrx_word' id='word_1_572' title='bbox 1417 2241 1466 2268; x_wconf 79' lang='grc' dir='ltr'>καὶ</span> <span class='ocrx_word' id='word_1_573' title='bbox 1481 2239 1670 2276; x_wconf 79' lang='grc' dir='ltr'>ὑπιρένδοξον.</span> 
     </span>
    </p>
   </div>
   <div class='ocr_carea' id='block_1_100' title="bbox 1059 2283 1817 2322">
    <p class='ocr_par' dir='ltr' id='par_1_100' title="bbox 1059 2283 1817 2322">
     <span class='ocr_line' id='line_1_100' title="bbox 1059 2283 1817 2322; baseline -0.007 -7"><span class='ocrx_word' id='word_1_574' title='bbox 1059 2287 1090 2315; x_wconf 88' lang='lat'><strong>&#39;0</strong></span> <span class='ocrx_word' id='word_1_575' title='bbox 1102 2287 1193 2320; x_wconf 85' lang='grc' dir='ltr'>δείξας</span> <span class='ocrx_word' id='word_1_576' title='bbox 1210 2287 1240 2314; x_wconf 71' lang='grc' dir='ltr'><strong>τὺ</strong></span> <span class='ocrx_word' id='word_1_577' title='bbox 1262 2287 1429 2322; x_wconf 84' lang='grc' dir='ltr'>θνητότητος</span> <span class='ocrx_word' id='word_1_578' title='bbox 1442 2285 1570 2322; x_wconf 76' lang='grc' dir='ltr'>ὖργανον,</span> <span class='ocrx_word' id='word_1_579' title='bbox 1587 2283 1662 2319; x_wconf 83' lang='grc' dir='ltr'>ζωῆς</span> <span class='ocrx_word' id='word_1_580' title='bbox 1672 2283 1817 2319; x_wconf 73' lang='grc' dir='ltr'>ἐργαστή-</span> 
     </span>
    </p>
   </div>
   <div class='ocr_carea' id='block_1_101' title="bbox 1019 2326 1816 2370">
    <p class='ocr_par' dir='ltr' id='par_1_101' title="bbox 1019 2326 1816 2370">
     <span class='ocr_line' id='line_1_101' title="bbox 1019 2326 1816 2370; baseline -0.008 -10"><span class='ocrx_word' id='word_1_581' title='bbox 1019 2341 1076 2370; x_wconf 88' lang='grc' dir='ltr'>ριον</span> <span class='ocrx_word' id='word_1_582' title='bbox 1091 2333 1186 2368; x_wconf 85' lang='grc' dir='ltr'>κόσμῳ</span> <span class='ocrx_word' id='word_1_583' title='bbox 1207 2326 1358 2365; x_wconf 78' lang='grc' dir='ltr'>ἀσπαστὸν,</span> <span class='ocrx_word' id='word_1_584' title='bbox 1384 2331 1431 2358; x_wconf 78' lang='grc' dir='ltr'><strong>τὸν</strong></span> <span class='ocrx_word' id='word_1_585' title='bbox 1452 2331 1498 2358; x_wconf 79' lang='grc' dir='ltr'><strong>σὺν</strong></span> <span class='ocrx_word' id='word_1_586' title='bbox 1511 2329 1636 2366; x_wconf 75' lang='grc' dir='ltr'>σταυρὸν,</span> <span class='ocrx_word' id='word_1_587' title='bbox 1648 2327 1816 2365; x_wconf 73' lang='grc' dir='ltr'>πανοικτίρ-</span> 
     </span>
    </p>
   </div>
   <div class='ocr_carea' id='block_1_102' title="bbox 1020 2374 1815 2414">
    <p class='ocr_par' dir='ltr' id='par_1_102' title="bbox 1020 2374 1815 2414">
     <span class='ocr_line' id='line_1_102' title="bbox 1020 2374 1815 2414; baseline -0.004 -10"><span class='ocrx_word' id='word_1_588' title='bbox 1020 2386 1082 2414; x_wconf 87' lang='grc' dir='ltr'>μον,</span> <span class='ocrx_word' id='word_1_589' title='bbox 1097 2379 1162 2409; x_wconf 79' lang='grc' dir='ltr'>τοὺς</span> <span class='ocrx_word' id='word_1_590' title='bbox 1179 2377 1260 2405; x_wconf 75' lang='grc' dir='ltr'>αὑτὸν</span> <span class='ocrx_word' id='word_1_591' title='bbox 1277 2376 1498 2413; x_wconf 82' lang='grc' dir='ltr'>προσκυνοῦντας</span> <span class='ocrx_word' id='word_1_592' title='bbox 1509 2376 1634 2411; x_wconf 78' lang='grc' dir='ltr'>ἁγίασον,</span> <span class='ocrx_word' id='word_1_593' title='bbox 1647 2376 1662 2402; x_wconf 85' lang='grc' dir='ltr'><strong><em>ὸ</em></strong></span> <span class='ocrx_word' id='word_1_594' title='bbox 1675 2374 1757 2410; x_wconf 82' lang='grc' dir='ltr'>μόνος</span> <span class='ocrx_word' id='word_1_595' title='bbox 1765 2374 1815 2402; x_wconf 82' lang='grc' dir='ltr'><strong>εὐ-</strong></span> 
     </span>
    </p>
   </div>
   <div class='ocr_carea' id='block_1_103' title="bbox 1018 2420 1688 2460">
    <p class='ocr_par' dir='ltr' id='par_1_103' title="bbox 1018 2420 1688 2460">
     <span class='ocr_line' id='line_1_103' title="bbox 1018 2420 1688 2460; baseline -0.004 -9"><span class='ocrx_word' id='word_1_596' title='bbox 1018 2423 1132 2460; x_wconf 76' lang='grc' dir='ltr'>λογητὸς</span> <span class='ocrx_word' id='word_1_597' title='bbox 1145 2423 1200 2451; x_wconf 86' lang='grc' dir='ltr'><strong>τῶν</strong></span> <span class='ocrx_word' id='word_1_598' title='bbox 1222 2423 1348 2460; x_wconf 80' lang='grc' dir='ltr'>πατέρων</span> <span class='ocrx_word' id='word_1_599' title='bbox 1360 2423 1428 2455; x_wconf 86' lang='grc' dir='ltr'>Θεδς</span> <span class='ocrx_word' id='word_1_600' title='bbox 1440 2422 1489 2450; x_wconf 76' lang='grc' dir='ltr'>καὶ</span> <span class='ocrx_word' id='word_1_601' title='bbox 1500 2420 1688 2458; x_wconf 75' lang='grc' dir='ltr'>ὑπερένδοξος.</span> 
     </span>
    </p>
   </div>
   <div class='ocr_carea' id='block_1_104' title="bbox 1059 2511 1818 2551">
    <p class='ocr_par' dir='ltr' id='par_1_104' title="bbox 1059 2511 1818 2551">
     <span class='ocr_line' id='line_1_104' title="bbox 1059 2511 1818 2551; baseline -0.005 -9"><span class='ocrx_word' id='word_1_602' title='bbox 1059 2514 1089 2542; x_wconf 92' lang='lat'><strong>&#39;0</strong></span> <span class='ocrx_word' id='word_1_603' title='bbox 1102 2515 1180 2550; x_wconf 84' lang='grc' dir='ltr'>μόνος</span> <span class='ocrx_word' id='word_1_604' title='bbox 1195 2515 1319 2551; x_wconf 76' lang='grc' dir='ltr'>ἐλεήμων</span> <span class='ocrx_word' id='word_1_605' title='bbox 1334 2515 1382 2542; x_wconf 74' lang='grc' dir='ltr'>καὶ</span> <span class='ocrx_word' id='word_1_606' title='bbox 1394 2514 1582 2549; x_wconf 79' lang='grc' dir='ltr'>εὖσπλαγχνος</span> <span class='ocrx_word' id='word_1_607' title='bbox 1592 2512 1721 2548; x_wconf 81' lang='grc' dir='ltr'>φώτισον.</span> <span class='ocrx_word' id='word_1_608' title='bbox 1730 2511 1818 2546; x_wconf 79' lang='grc' dir='ltr'>ἁγία-</span> 
     </span>
    </p>
   </div>
   <div class='ocr_carea' id='block_1_105' title="bbox 1019 2558 1817 2596">
    <p class='ocr_par' dir='ltr' id='par_1_105' title="bbox 1019 2558 1817 2596">
     <span class='ocr_line' id='line_1_105' title="bbox 1019 2558 1817 2596; baseline -0.006 -8"><span class='ocrx_word' id='word_1_609' title='bbox 1019 2569 1077 2595; x_wconf 84' lang='grc' dir='ltr'>σον,</span> <span class='ocrx_word' id='word_1_610' title='bbox 1097 2560 1162 2596; x_wconf 84' lang='grc' dir='ltr'>μόνε</span> <span class='ocrx_word' id='word_1_611' title='bbox 1183 2560 1284 2596; x_wconf 81' lang='grc' dir='ltr'>Ἰησοῦ,</span> <span class='ocrx_word' id='word_1_612' title='bbox 1298 2561 1361 2592; x_wconf 76' lang='grc' dir='ltr'>τοὺς</span> <span class='ocrx_word' id='word_1_613' title='bbox 1370 2560 1596 2596; x_wconf 74' lang='grc' dir='ltr'>προσκυνοῦντας</span> <span class='ocrx_word' id='word_1_614' title='bbox 1621 2567 1669 2585; x_wconf 87' lang='grc' dir='ltr'><strong>σου</strong></span> <span class='ocrx_word' id='word_1_615' title='bbox 1707 2558 1817 2589; x_wconf 80' lang='grc' dir='ltr'>πιστῶς</span> 
     </span>
    </p>
   </div>
   <div class='ocr_carea' id='block_1_106' title="bbox 1017 2603 1815 2642">
    <p class='ocr_par' dir='ltr' id='par_1_106' title="bbox 1017 2603 1815 2642">
     <span class='ocr_line' id='line_1_106' title="bbox 1017 2603 1815 2642; baseline -0.005 -9"><span class='ocrx_word' id='word_1_616' title='bbox 1017 2607 1062 2634; x_wconf 73' lang='grc' dir='ltr'><strong>τδν</strong></span> <span class='ocrx_word' id='word_1_617' title='bbox 1078 2606 1205 2641; x_wconf 80' lang='grc' dir='ltr'>σταυρὸν,</span> <span class='ocrx_word' id='word_1_618' title='bbox 1221 2607 1270 2633; x_wconf 77' lang='grc' dir='ltr'>καὶ</span> <span class='ocrx_word' id='word_1_619' title='bbox 1285 2606 1319 2633; x_wconf 80' lang='grc' dir='ltr'>τὰ</span> <span class='ocrx_word' id='word_1_620' title='bbox 1331 2606 1392 2632; x_wconf 82' lang='grc' dir='ltr'>θεῖα</span> <span class='ocrx_word' id='word_1_621' title='bbox 1412 2605 1577 2642; x_wconf 76' lang='grc' dir='ltr'>παθήματα,</span> <span class='ocrx_word' id='word_1_622' title='bbox 1601 2605 1615 2631; x_wconf 87' lang='grc' dir='ltr'><strong>ό</strong></span> <span class='ocrx_word' id='word_1_623' title='bbox 1631 2604 1712 2639; x_wconf 88' lang='grc' dir='ltr'>μόνος</span> <span class='ocrx_word' id='word_1_624' title='bbox 1736 2603 1815 2630; x_wconf 73' lang='grc' dir='ltr'>εὐλο-</span> 
     </span>
    </p>
   </div>
   <div class='ocr_carea' id='block_1_107' title="bbox 1017 2650 1665 2688">
    <p class='ocr_par' dir='ltr' id='par_1_107' title="bbox 1017 2650 1665 2688">
     <span class='ocr_line' id='line_1_107' title="bbox 1017 2650 1665 2688; baseline -0.003 -9"><span class='ocrx_word' id='word_1_625' title='bbox 1017 2652 1100 2688; x_wconf 79' lang='grc' dir='ltr'>γητὸς</span> <span class='ocrx_word' id='word_1_626' title='bbox 1114 2651 1168 2679; x_wconf 87' lang='grc' dir='ltr'>τῶν</span> <span class='ocrx_word' id='word_1_627' title='bbox 1183 2652 1312 2688; x_wconf 83' lang='grc' dir='ltr'>πατέρων</span> <span class='ocrx_word' id='word_1_628' title='bbox 1324 2651 1392 2683; x_wconf 70' lang='grc' dir='ltr'><strong>Θεὸς</strong></span> <span class='ocrx_word' id='word_1_629' title='bbox 1408 2652 1456 2679; x_wconf 80' lang='grc' dir='ltr'>καὶ</span> <span class='ocrx_word' id='word_1_630' title='bbox 1475 2650 1665 2688; x_wconf 83' lang='grc' dir='ltr'>ὺπερένδοξος.</span> 
     </span>
    </p>
   </div>
   <div class='ocr_carea' id='block_1_108' title="bbox 1327 2697 1492 2732">
    <p class='ocr_par' dir='ltr' id='par_1_108' title="bbox 1327 2697 1492 2732">
     <span class='ocr_line' id='line_1_108' title="bbox 1327 2697 1492 2732; baseline 0 -8"><span class='ocrx_word' id='word_1_631' title='bbox 1327 2697 1492 2732; x_wconf 77' lang='grc' dir='ltr'><strong>Τριαὸικόν.</strong></span> 
     </span>
    </p>
   </div>
   <div class='ocr_carea' id='block_1_109' title="bbox 1052 2740 1812 2780">
    <p class='ocr_par' dir='ltr' id='par_1_109' title="bbox 1052 2740 1812 2780">
     <span class='ocr_line' id='line_1_109' title="bbox 1052 2740 1812 2780; baseline -0.004 -10"><span class='ocrx_word' id='word_1_632' title='bbox 1052 2743 1163 2771; x_wconf 79' lang='grc' dir='ltr'>Μονάδα</span> <span class='ocrx_word' id='word_1_633' title='bbox 1175 2740 1205 2770; x_wconf 69' lang='grc' dir='ltr'>ἐν</span> <span class='ocrx_word' id='word_1_634' title='bbox 1220 2743 1309 2780; x_wconf 81' lang='grc' dir='ltr'>τρισὶν</span> <span class='ocrx_word' id='word_1_635' title='bbox 1324 2743 1507 2771; x_wconf 79' lang='grc' dir='ltr'>ὑποστάσεσιν</span> <span class='ocrx_word' id='word_1_636' title='bbox 1523 2741 1601 2778; x_wconf 84' lang='grc' dir='ltr'>ύμνῶ</span> <span class='ocrx_word' id='word_1_637' title='bbox 1615 2742 1664 2777; x_wconf 82' lang='grc' dir='ltr'>τὴν</span> <span class='ocrx_word' id='word_1_638' title='bbox 1675 2741 1812 2776; x_wconf 78' lang='grc' dir='ltr'>Θεότητα.</span> 
     </span>
    </p>
   </div>
   <div class='ocr_carea' id='block_1_110' title="bbox 1017 2786 1812 2826">
    <p class='ocr_par' dir='ltr' id='par_1_110' title="bbox 1017 2786 1812 2826">
     <span class='ocr_line' id='line_1_110' title="bbox 1017 2786 1812 2826; baseline -0.001 -11"><span class='ocrx_word' id='word_1_639' title='bbox 1017 2788 1077 2821; x_wconf 75' lang='grc' dir='ltr'>Φῶς</span> <span class='ocrx_word' id='word_1_640' title='bbox 1091 2789 1146 2824; x_wconf 84' lang='grc' dir='ltr'><strong>γὰρ</strong></span> <span class='ocrx_word' id='word_1_641' title='bbox 1161 2790 1175 2816; x_wconf 87' lang='grc' dir='ltr'><strong>ό</strong></span> <span class='ocrx_word' id='word_1_642' title='bbox 1189 2788 1294 2826; x_wconf 80' lang='grc' dir='ltr'>Πατὴρ,</span> <span class='ocrx_word' id='word_1_643' title='bbox 1310 2789 1368 2824; x_wconf 86' lang='grc' dir='ltr'>φῶς</span> <span class='ocrx_word' id='word_1_644' title='bbox 1380 2790 1395 2816; x_wconf 81' lang='grc' dir='ltr'>ὁ</span> <span class='ocrx_word' id='word_1_645' title='bbox 1412 2789 1488 2821; x_wconf 76' lang='grc' dir='ltr'>Υἱὸς,</span> <span class='ocrx_word' id='word_1_646' title='bbox 1504 2787 1562 2824; x_wconf 82' lang='grc' dir='ltr'><strong>φῶς</strong></span> <span class='ocrx_word' id='word_1_647' title='bbox 1570 2787 1601 2815; x_wconf 69' lang='grc' dir='ltr'><strong>τὸ</strong></span> <span class='ocrx_word' id='word_1_648' title='bbox 1617 2787 1744 2823; x_wconf 78' lang='grc' dir='ltr'>Πνεῦμα,</span> <span class='ocrx_word' id='word_1_649' title='bbox 1760 2786 1812 2814; x_wconf 83' lang='grc' dir='ltr'><strong>τοῦ</strong></span> 
     </span>
    </p>
   </div>
   <div class='ocr_carea' id='block_1_111' title="bbox 1018 2833 1815 2871">
    <p class='ocr_par' dir='ltr' id='par_1_111' title="bbox 1018 2833 1815 2871">
     <span class='ocr_line' id='line_1_111' title="bbox 1018 2833 1815 2871; baseline -0.003 -9"><span class='ocrx_word' id='word_1_650' title='bbox 1018 2834 1106 2869; x_wconf 73' lang='grc' dir='ltr'>φωτὸς</span> <span class='ocrx_word' id='word_1_651' title='bbox 1134 2834 1252 2870; x_wconf 81' lang='grc' dir='ltr'>ἀμεροῦς</span> <span class='ocrx_word' id='word_1_652' title='bbox 1276 2835 1458 2871; x_wconf 75' lang='grc' dir='ltr'>διαμένοντος,</span> <span class='ocrx_word' id='word_1_653' title='bbox 1492 2835 1600 2870; x_wconf 64' lang='grc' dir='ltr'>ἑνότητι</span> <span class='ocrx_word' id='word_1_654' title='bbox 1629 2834 1732 2869; x_wconf 80' lang='grc' dir='ltr'>φυσικῇ</span> <span class='ocrx_word' id='word_1_655' title='bbox 1763 2833 1815 2861; x_wconf 70' lang='grc' dir='ltr'>καὶ</span> 
     </span>
    </p>
   </div>
   <div class='ocr_carea' id='block_1_112' title="bbox 1018 2881 1562 2917">
    <p class='ocr_par' dir='ltr' id='par_1_112' title="bbox 1018 2881 1562 2917">
     <span class='ocr_line' id='line_1_112' title="bbox 1018 2881 1562 2917; baseline 0.002 -10"><span class='ocrx_word' id='word_1_656' title='bbox 1018 2881 1108 2908; x_wconf 73' lang='grc' dir='ltr'>ἀκτῖσι</span> <span class='ocrx_word' id='word_1_657' title='bbox 1124 2881 1198 2916; x_wconf 77' lang='grc' dir='ltr'>τρισὶ</span> <span class='ocrx_word' id='word_1_658' title='bbox 1212 2881 1364 2917; x_wconf 77' lang='grc' dir='ltr'>προσώπων</span> <span class='ocrx_word' id='word_1_659' title='bbox 1381 2881 1545 2917; x_wconf 70' lang='grc' dir='ltr'>λάμποντος.</span> <span class='ocrx_word' id='word_1_660' title='bbox 1558 2911 1562 2916; x_wconf 49' lang='grc'><strong>,</strong></span> 
     </span>
    </p>
   </div>
  </div>
