1925 3088
102 164 169 197 i765

416 227 584 256 Θεοτόκιον.

132 270 170 297 Τὸ
187 270 298 297 πάντων
321 271 469 307 προφητῶν
493 274 672 311 πολυώνυμον
700 278 734 305 σὺ
763 279 897 315 ὑπάρχεις

98 317 241 352 κήρυγμα.
271 316 348 351 Πὺλη
365 317 422 352 γὰρ
439 317 520 350 Θεοῦ,
539 320 658 356 στάμνος
676 324 773 360 χρυσῆ,
785 325 820 361 γῆ
831 325 898 359 ἁγία

100 362 267 397 ἁνεδείχθης,
283 362 406 397 Παρθένε
436 362 591 399 θεόνυμφε,
619 368 745 402 κυήσασα
770 369 799 397 ἐν
814 371 897 406 σαρκὶ

106 407 208 442 Ἰησοῦ-ι
224 407 271 434 τὸν
301 407 432 443 Χριστὸν,
466 409 513 437 τὸν
533 411 589 438 τῶν
604 413 734 449 πατέρων
751 414 829 449 Θεὸν,
849 417 896 443 καὶ

101 455 290 490 ὐπερένδοξον.

412 505 596 532 Καταὸασία.

133 548 300 582 Φλογὼσεως
337 551 352 577 ὁ
366 551 465 583 παῖδας
482 551 647 586 ῥυσάμενος,
665 554 756 590 σάρκα
778 556 896 590 προσλα-

100 593 226 627 ϐόμενος,
240 592 324 629 ἦλθεν
337 596 385 623 ἐπὶ
398 597 462 632 γῆς,
474 597 523 624 καὶ
553 598 663 635 σταυρῷ
691 601 894 637 προσηλωθεὶς,

100 640 238 674 σωτηρίαν
257 640 324 676 ἡμῖν
340 641 507 677 ἐδωρήσατο,
525 644 540 670 ὀ
556 644 637 680 μόνος
667 646 815 683 εὐλογητὸς
841 648 896 676 τῶν

98 686 230 720 πατέρων
240 685 319 719 Θεὸς,
334 687 382 714 καὶ
393 687 584 722 ὑπερένδοξος.

430 743 498 779 om
522 743 560 772 z'.

134 796 218 833 Μύρα
225 798 254 824 ὲν
262 798 341 834 χερσὶ
353 798 380 825 τί
387 800 517 835 κατέχετε
526 801 594 834 ὅλως
604 810 612 835 ;
626 801 688 829 τινα
695 802 725 830 δὲ
733 802 873 839 ὲκζητεϊτε
886 812 894 838 ;

97 843 155 870 Νῦν
170 843 185 870 ὀ
208 845 303 878 φανεὶς
321 844 451 877 νεανίαις,
471 846 500 872 ἐν
513 846 553 881 τῷ
564 846 643 883 τάφῳ
661 847 742 882 βοῶν,
764 849 895 885 ἐξανέστη

609 171 734 203 CANON
757 174 797 205 ΙΝ
818 172 1092 204 ΑΒΟΒΑΤΙΟΝΕΜ
1103 173 1132 204 S.
1147 173 1295 204 CRUCIS.
1334 170 1338 177 ³

1670 171 1739 205 ΙἸίῖϐ

1250 230 1431 259 ΤΙιροιοείιιιη.

982 276 1110 304 Omnium
1140 277 1334 312 prophetarum
1365 281 1393 303 tu
1423 277 1682 305 decantatissimum
1710 286 1741 306 es

947 322 1124 358 praeconium.
1141 321 1222 349 Porta
1237 322 1309 349 enim
1326 321 1373 349 Dei
1389 330 1437 355 es,
1457 330 1525 350 urna
1543 330 1647 355 aurea;
1666 329 1739 351 terra

947 372 1054 398 sancta,
1080 375 1096 394 ο
1121 366 1204 401 Virgo
1231 366 1276 393 Dei
1299 365 1423 400 Sponsa,
1449 374 1511 401 qua:
1532 367 1684 400 concepisti
1710 367 1737 393 in

946 421 1030 441 carne
1046 412 1139 441 Jesnm
1153 412 1297 440 Christum
1311 432 1319 446 ,
1337 411 1385 446 qui
1409 418 1450 439 est
1466 411 1603 447 gloriosus
1625 411 1738 440 Patrum

946 458 1030 487 Deus.

1262 503 1421 533 Catabau'a.

982 550 1035 584 Qui
1057 555 1112 579 tres
1131 558 1231 585 pueros
1253 549 1288 578 de
1309 550 1418 578 camino
1437 549 1509 584 ignis
1528 548 1676 580 liberavit,
1694 549 1739 577 ille

946 600 1086 631 assumpta
1101 604 1186 624 carne
1200 596 1321 628 advenit,
1339 600 1366 623 et
1379 595 1456 622 cruci
1473 595 1561 622 clavis
1581 595 1678 622 allixus
1693 603 1738 622 sa-

946 642 1030 670 lutem
1047 642 1127 670 nobis
1150 641 1258 673 reddit,
1282 641 1329 676 qui
1354 641 1432 669 solus
1459 644 1502 669 est
1528 640 1690 669 benedictus
1710 646 1739 669 et

945 688 1082 724 gloriosus
1097 687 1210 716 Patrum
1226 687 1311 715 Deus.

1268 743 1338 772 ODA
1357 742 1414 772 VII.

980 801 1038 830 Cur
1053 804 1192 836 unguenta
1211 800 1289 828 fertis
1314 800 1343 827 in
1360 799 1468 827 manu?
1485 799 1573 833 Quem
1593 800 1739 836 queritis?

945 847 998 881 Qui
1016 847 1105 874 tribus
1124 845 1220 882 pueris
1235 845 1382 880 apparuit,
1403 844 1538 872 clamabat
1556 844 1583 872 in
1611 845 1739 880 sepulcro

96 890 112 915 6
129 890 247 925 Χριστὸς
261 890 308 917 καὶ
324 890 392 922 Θεὸς
406 891 497 927 ἡμῶν,
509 893 668 929 ἀναστήσας
688 894 770 928 φύσιν
789 894 894 931 βροτῶν

954 894 1072 929 mgelus,
1090 895 1113 920 is
1128 892 1282 920 resurrexit
1295 891 1424 919 Christus
1439 890 1512 918 Deus
1526 895 1632 923 noster,
1643 890 1741 918 simul-

98 935 163 970 ᾅδου
178 935 357 971 κευθμώνων.

133 981 257 1017 Χαίροις,
275 982 307 1008 τὸ
321 982 477 1018 τρισόλϐιον
493 983 582 1017 ξύλον,
598 985 646 1012 καὶ
671 985 755 1017 θετον.
777 987 890 1023 σταυρὲ,

97 1026 157 1058 φῶς
175 1027 233 1058 τοῖς
250 1027 279 1053 ὲν
287 1027 391 1060 σκότει,
406 1028 625 1066 ὀτετραπεράτῳ
639 1030 736 1066 κόσμῳ
746 1033 779 1067 τῇ
793 1031 893 1068 ἐλλάμ-

95 1071 142 1106 ψει
157 1073 190 1107 τῇ
211 1073 244 1108 σῇ
257 1072 393 1116 ἐγέρσεως
403 1074 522 1109 Χριστοῦ
542 1075 705 1111 προδεικνὺς
717 1077 769 1110 τὰς
786 1079 885 1114 αὐγάς.

103 1115 233 1148 Ἀξὶωσον
248 1118 354 1150 πάντας
366 1118 480 1151 πιστοὺς
494 1119 597 1154 φθάσαι
611 1120 643 1148 τὸ
663 1122 770 1158 Πάσχα.

133 1204 226 1241 “om
249 1206 282 1241 τῇ
298 1206 390 1242 ἡμιέρείι
406 1207 514 1243 μυρίξει
527 1207 562 1235 τὰ
586 1208 661 1244 μύρα
674 1209 725 1245 τῆς
739 1210 816 1243 θείας
839 1220 893 1248 μυ-

97 1251 229 1286 ροθήκης,
246 1252 277 1279 τὸ
295 1250 484 1288 ζωομύριστον
498 1253 579 1287 ξύλον
601 1256 615 1281 ὁ
631 1257 750 1292 σταυρὸς
764 1257 813 1285 τοῦ
823 1258 893 1294 Χρι-

96 1295 173 1324 στοῦ.
195 1297 408 1333 Ὀσιρρανθῶμεν
422 1298 472 1334 τῆς
493 1299 576 1326 αὐτοῦ
590 1300 772 1329 θεοπνεύστου
794 1303 892 1339 ὀδμῆς,

95 1343 180 1369 αὑτὸν
207 1343 424 1378 προσκυνοῦντες
449 1345 554 1378 πιστῶς
569 1347 610 1377 εἰς
623 1347 689 1380 τοὺς
707 1348 819 1381 αἰῶνας.

133 1388 231 1424 Δεῦρο,
254 1389 392 1417 Ἑλισσαῖε
422 1391 561 1427 προφῆτα.
581 1393 642 1419 είπὲ
663 1395 804 1429 ἐμφανῶς,
821 1395 848 1422 τί
861 1396 892 1424 τὸ

95 1432 175 1467 ξύλον
190 1434 289 1466 ἐκεῖνο,
299 1435 313 1462 ὸ
327 1436 368 1467 είς
377 1435 408 1462 τὸ
423 1435 496 1472 ὕδωρ
512 1437 653 1472 καθῆκες;
677 1439 706 1465 '0
722 1440 892 1476 σταυρὸςτοῦ

95 1480 228 1515 Χριστοῦ,
243 1481 276 1509 δι’
294 1478 325 1509 οὗ
341 1481 440 1517 βάθους
464 1483 516 1518 τῆς
543 1483 647 1520 φθορᾶς
662 1485 891 1523 άνειλκύσθημεν,

95 1527 180 1554 αὐτὸν
192 1528 413 1563 προσκυνοῦντες
427 1529 532 1562 πιστῶς
542 1530 583 1562 είς
599 1531 664 1562 τοὺς
680 1531 793 1564 αἰῶνας.

944 946 999 974 que
1011 938 1170 966 mortalium
1185 942 1313 965 naturam
1326 944 1359 964 ex
1375 935 1475 964 inferni
1490 937 1578 964 antris
1591 936 1703 972 eripuit.

981 983 1079 1016 Salve,
1102 991 1120 1010 ο
1136 987 1178 1011 ter.
1193 983 1305 1011 beatum
1319 981 1436 1017 lignum,
1455 987 1483 1009 et
1495 981 1636 1015 divinant,
1650 989 1718 1009 crux
1729 1001 1737 1012 .

943 1029 1037 1058 lumen
1061 1029 1104 1057 his
1117 1049 1124 1062 ,
1149 1029 1195 1064 qui
1212 1029 1240 1056 in
1254 1027 1377 1056 tenebris
1414 1028 1528 1063 degunt,
1548 1035 1610 1063 qua:
1636 1027 1738 1054 mundo

942 1081 1059 1112 quatuor
1074 1075 1174 1103 ﬁnibus
1196 1074 1336 1103 constanti
1360 1074 1549 1102 illustratione
1578 1078 1624 1101 tua
1645 1073 1738 1101 radios

942 1122 1154 1151 resurrectionis
1175 1121 1278 1150 Christi
1304 1120 1538 1156 praemonstrasti.
1558 1119 1686 1156 Dignare,
1708 1124 1739 1147 ut

942 1176 1040 1196 omnes
1053 1168 1146 1196 ﬁdeles
1161 1167 1195 1195 ad
1213 1167 1320 1195 Pascha
1337 1167 1506 1202 pertingant.

980 1214 1037 1242 Hac
1053 1213 1098 1241 die
1118 1214 1231 1241 odorem
1248 1213 1342 1240 halant
1357 1217 1501 1247 unguenta
1517 1219 1551 1239 ex
1567 1211 1668 1239 divinis
1681 1218 1739 1247 my-

943 1255 1086 1294 rotheciis‘,
1103 1268 1170 1288 crux
1185 1260 1318 1288 nimirum
1337 1259 1415 1287 vitali
1438 1262 1580 1294 unguento
1606 1257 1736 1285 delibuta.

944 1307 1098 1336 Odoremur
1115 1306 1268 1339 cmlestem,
1287 1312 1370 1341 quam
1389 1305 1475 1337 halat,
1492 1311 1607 1338 auram;
1621 1311 1739 1339 eamque

943 1361 1005 1382 cum
1021 1353 1073 1380 ﬁde
1093 1353 1240 1380 adoremus
1259 1352 1288 1378 in
1306 1351 1416 1378 saecula.

979 1399 1092 1431 Adesto,
1109 1398 1219 1431 Elistee,
1234 1397 1279 1425 dic
1295 1397 1386 1433 palam
1401 1417 1410 1431 ,
1422 1396 1552 1432 quidnam
1576 1395 1680 1431 lignum
1702 1395 1738 1423 il-

943 1445 1001 1480 lud,
1016 1446 1090 1481 quod
1114 1446 1141 1473 in
1159 1452 1260 1481 aquam
1281 1444 1440 1473 demisisti?
1457 1445 1530 1472 Crux
1546 1443 1666 1477 Christi,
1682 1451 1737 1479 qua

942 1498 976 1518 ex
993 1490 1130 1525 profundo
1147 1489 1277 1518 interitus
1292 1490 1410 1518 extracti
1428 1497 1549 1518 sumus:
1563 1496 1626 1517 eam
1641 1490 1739 1517 adora-

942 1542 1006 1562 mus
1022 1535 1137 1562 ﬁdeliter
1151 1534 1180 1561 in
1195 1534 1306 1562 saacnla.

134 1573 221 1600 Πάλαι
230 1573 338 1606 Ἰακὼ6,
356 1574 506 1609 προτυπῶν
514 1575 561 1602 τὸν
571 1577 689 1611 σταυρόν
702 1586 761 1610 σου,
774 1577 888 1614 Χριστὲ,

977 1580 1062 1608 Jacob
1078 1581 1145 1608 olim
1162 1580 1345 1616 praeﬁgurans
1363 1587 1474 1608 crucem
1497 1584 1572 1607 tuam
1586 1599 1594 1612 ,
1614 1579 1737 1613 Christe,

101 1619 204 1655 Ἰωσὴφ
221 1620 384 1655 προσεκύνει
400 1621 450 1657 τῆς
468 1621 543 1653 Θείας
574 1622 673 1657 ῥάϐδου
702 1623 749 1650 τὸν
781 1624 868 1660 ἄκρον
883 1644 891 1657 ,

96 1665 240 1701 σκῆπτρον
253 1666 356 1702 ταύτην
384 1667 510 1703 φρικτὸν,
547 1667 687 1703 βασιλείας
710 1677 741 1696 τε
766 1670 816 1705 τῆς
842 1671 892 1706 σῆς

94 1710 302 1747 προορώμενος,
316 1711 347 1739 ὃν
359 1711 407 1739 νῦν
422 1713 641 1749 προσκυνοῦντες
655 1714 760 1747 πιστῶς
775 1715 815 1748 είς
827 1716 892 1749 τοὺς

94 1757 211 1790 αἰῶνας.

399 1802 571 1838 Τριαδικόν.

132 1851 206 1878 Μίαν
222 1852 252 1878 ἐν
268 1852 342 1887 τρισὶ
361 1854 551 1890 χαρακτῆρσιν
562 1854 659 1882 οὐσίαν
673 1854 780 1888 δοξάζω
803 1855 892 1891 ἀσυγ-

93 1897 197 1933 χὺτως,
214 1899 436 1935 μονοπροσὼπως
447 1901 482 1927 τὰ
497 1901 572 1936 τρία.
590 1901 658 1928 Οὐδὲ
678 1902 771 1937 τέμνω
797 1903 891 1938 μορφῇ

92 1944 144 1970 τὸν
157 1944 266 1979 Πατέρα
280 1947 327 1973 καὶ
341 1945 407 1973 Υίὸν
425 1946 475 1973 σὺν
489 1946 528 1982 τῷ
544 1947 695 1982 Πνεύματι.
711 1944 759 1980 Εἷς
772 1947 828 1983 γὰρ
844 1948 892 1975 ἐπὶ

94 1990 208 2017 πάντων
222 1990 290 2022 θεὸς
308 1992 350 2023 είς
363 1991 426 2023 τοὺς
439 1991 550 2024 αἰῶνας.

405 2038 576 2065 Θεοτόκιον.

130 2081 208 2117 Μόνη
225 2081 254 2108 ὲν
279 2082 415 2118 μητράσιν
435 2083 568 2119 ὲδείχθης,
587 2083 726 2119 Παρθένος
756 2084 891 2120 θεόνυμφε

94 2129 202 2163 Μαρία,
219 2128 284 2155 ἄνευ
304 2130 401 2165 ἀνδρὸς
421 2132 548 2158 τετοκυῖα
566 2131 611 2158 τὸν
625 2132 741 2166 Σωτῆρα
773 2132 892 2167 Χριστὸν

93 2175 149 2210 τῆς
164 2175 276 2209 ἁγνείας
290 2175 339 2210 τὴν
355 2177 493 2211 σφραγίδα
507 2177 660 2212 φυλάξασα.
679 2179 714 2205 Σὲ
737 2178 890 2215 μακαριοῦ-

95 2228 150 2255 μεν
177 2220 270 2246 πιστοὶ
282 2221 322 2252 είς
336 2221 399 2252 τοὺς
418 2221 532 2253 αἰῶνας.

397 2267 581 2295 Καταὸασία.

129 2311 234 2346 Χεῖρας
251 2311 281 2338 ὲν
295 2310 335 2346 τῷ
351 2311 447 2348 λάκκῳ
462 2312 570 2348 βληθεὶς
581 2313 635 2340 τῶν
646 2313 764 2340 λεόντων
787 2314 862 2346 ποτὲ,
876 2315 891 2341 ὁ

95 2357 187 2390 μέγας
203 2357 233 2384 έν
247 2357 402 2393 προφήταις
424 2359 606 2394 σταυροειδῶς
621 2359 777 2391 ἐκπετάσας
790 2360 891 2395 Δανιὴλ

94 2402 230 2438 ἀϐλαϐὴς,
247 2403 280 2429 ὲκ
292 2403 341 2438 τῆς
352 2403 456 2430 τούτων
470 2404 672 2440 καταϐρώσεως
685 2406 831 2440 σέσωσται,
845 2407 892 2434 εὑ-

93 2448 185 2483 λογῶν
201 2448 331 2483 Χριστὸν,
347 2449 393 2476 τὸν
410 2449 476 2476 Θεὸν
495 2451 535 2482 είς
546 2451 609 2483 τοὺς
620 2451 731 2484 αἰῶνας.

430 2516 498 2553 om
521 2516 561 2544 n'.

136 2571 184 2598 Ἓν
199 2571 278 2608 τάφῳ
293 2571 441 2607 κατῆλθες,
451 2574 465 2600 ὁ
477 2573 612 2609 ζωοδότης
622 2573 758 2609 καὶὶΘεὸς.
770 2574 818 2602 καὶ
830 2583 893 2603 συν-

95 2617 213 2652 έτριψας
239 2617 340 2649 πάντα,
358 2617 472 2653 κλείθρά
488 2627 517 2645 τε
539 2619 586 2645 καὶ¹
607 2619 670 2650 τοὺς
695 2619 822 2654 μοχλοὺς,
845 2621 893 2647 καὶ

93 2664 162 2695 τοὺς
178 2664 292 2699 νεκροὺς
306 2664 500 2699 ἑξανέστησας,
513 2664 576 2697 δόξα
589 2666 622 2701 τῇ
632 2666 666 2701 σῇ
676 2665 795 2700 ιγέρσει,
808 2664 892 2700 βοῶν-

94 2717 158 2740 τας,
173 2709 277 2744 Χριστὲ
291 2709 386 2744 Σωτὴρ
404 2710 593 2746 παντοδύναμε

137 2754 169 2782 '0
180 2756 266 2790 τάφος
300 2755 373 2791 ζωήν
388 2764 444 2791 μοι,
463 2757 575 2792 Χριστὲ,
593 2756 740 2784 ἀνέϐλυσεν
757 2758 772 2784 ὁ
787 2757 842 2790 σός.
863 2757 893 2785 '0

95 2800 210 2836 κρατῶν
229 2801 280 2836 τῆς
294 2802 367 2837 ζωῆς
383 2802 449 2837 γὰρ,
464 2802 577 2834 ἐπιστάς
597 2802 714 2838 ἐϐόησας
728 2804 784 2835 τοῖς
797 2812 891 2830 κατοι-

97 2845 194 2873 κοῦσιν
211 2847 240 2874 ὲν
254 2847 403 2883 μνήμασιν·
416 2848 447 2875 Ol
458 2849 487 2874 ὲν
499 2848 623 2884 δεσμοῖς,
639 2847 750 2885 λύθητι.
759 2848 829 2884 Ἐγὼ
836 2848 892 2886 γὰρ

97 2891 148 2918 τοῦ
164 2891 268 2927 κόσμου
290 2892 388 2928 λύτρον
401 2892 529 2928 ἱλήλυθα.

943 1627 1074 1655 adorabat
1098 1626 1239 1662 fastigium
1261 1626 1364 1655 divinae
1388 1627 1471 1662 virgae
1485 1626 1590 1661 Ioseph
1604 1645 1613 1658 ,
1641 1625 1737 1661 praevi-

943 1673 1012 1701 dens
1036 1681 1096 1700 eam
1117 1681 1179 1701 esse
1202 1673 1278 1709 regni
1308 1673 1347 1700 tui
1374 1678 1512 1708 sceptrum
1538 1672 1713 1700 tremendum
1728 1691 1737 1706 ,

943 1725 1025 1752 quam
1045 1725 1120 1745 nunc
1132 1717 1250 1745 ﬁdeliter
1266 1717 1294 1744 in
1309 1716 1410 1745 saecula
1427 1716 1588 1744 adoramus.

1252 1805 1417 1844 Triadicum,

979 1853 1066 1881 Unam
1081 1853 1109 1881 in
1131 1853 1220 1881 tribus
1237 1852 1365 1888 personis
1384 1851 1568 1880 substantiam
1594 1850 1738 1880 inconfuse

942 1898 1075 1934 glorilico.
1087 1897 1181 1933 Neque
1193 1903 1249 1925 tres
1265 1901 1364 1925 natura
1378 1896 1470 1925 divido
1485 1896 1607 1930 Patrem,
1623 1895 1736 1930 Filium,

942 1950 971 1973 et
987 1944 1118 1980 Spiritum
1133 1949 1271 1972 sanctum.
1295 1943 1372 1971 Unus
1393 1943 1468 1971 enim
1481 1942 1555 1971 Deus
1573 1947 1616 1971 est
1633 1943 1661 1970 in
1676 1951 1737 1970 om-

942 1991 1036 2019 nibus.

1250 2034 1432 2062 Theotocium.

978 2082 1041 2109 Sola
1056 2081 1126 2109 inter
1141 2085 1244 2108 matres
1260 2079 1344 2115 Virgo
1359 2086 1391 2107 es
1401 2098 1409 2112 ,
1438 2079 1486 2106 Dei
1506 2086 1608 2114 sponsa
1631 2077 1717 2106 Maria
1728 2099 1737 2112 ,

943 2135 1003 2163 quae
1017 2128 1076 2155 sine
1088 2126 1148 2154 viro
1165 2125 1296 2162 peperisti
1317 2124 1487 2152 Salvatorem
1504 2123 1648 2152 Christum
1660 2143 1668 2156 ,
1686 2132 1738 2159 pu-

942 2174 1043 2201 dicitiae
1061 2177 1114 2200 tua:
1129 2172 1272 2208 signaculo
1287 2171 1440 2199 custodito.
1458 2168 1498 2198 Te
1519 2178 1570 2199 nos
1596 2169 1692 2199 ﬁdeles
1709 2171 1737 2198 in

943 2219 1043 2248 saecula
1061 2219 1170 2247 beatam
1185 2218 1411 2254 praedicabitnus.

1258 2262 1418 2290 Catabasia.

977 2310 1091 2346 Magnus
1106 2310 1239 2346 propheta
1258 2309 1353 2337 Daniel
1366 2309 1470 2337 missus
1489 2308 1629 2344 quondam
1652 2315 1680 2334 ll'l
1692 2307 1737 2334 la-

941 2365 1002 2386 cum
1026 2358 1154 2391 leonum,
1171 2356 1301 2384 manibus
1315 2356 1408 2384 crucis
1425 2355 1453 2383 iIt
1471 2355 1591 2390 speciem
1607 2354 1737 2389 expansis

941 2404 1086 2432 incolumis
1109 2411 1141 2431 ex
1167 2403 1294 2430 laucibus
1319 2402 1473 2430 bestiarum
1495 2400 1600 2433 evasit,
1623 2399 1736 2428 benedi-

941 2459 1007 2480 cens
1020 2451 1163 2478 Christum
1176 2450 1263 2478 Deum
1283 2450 1312 2477 in
1327 2449 1439 2477 saecula.

1257 2516 1328 2544 ODA
1347 2515 1417 2544 Vlll.

978 2573 1020 2602 ‘l'u
1039 2573 1087 2609 qui
1103 2573 1165 2600 vita:
1178 2573 1292 2608 largitor
1308 2580 1340 2601 es
1359 2577 1388 2599 et
1407 2571 1497 2604 Deus,
1523 2570 1551 2599 in
1577 2571 1734 2607 sepulcrum

942 2621 1128 2653 descendisti,
1155 2625 1182 2648 et
1206 2619 1299 2648 omnia
1316 2619 1435 2647 claustra
1457 2623 1603 2653 vectesqne
1625 2618 1734 2645 confre-

943 2667 1018 2703 gisti,
1030 2672 1057 2694 et
1070 2666 1170 2694 mortui
1185 2670 1411 2697 resurrexerunt,
1435 2665 1523 2700 gloria
1538 2663 1734 2692 resurrectioui

943 2718 1007 2745 tum,
1023 2713 1130 2740 Christe
1148 2711 1274 2740 Salvator
1290 2712 1475 2746 omnipotens.

980 2759 1140 2794 Sepulcrum
1157 2764 1246 2788 tuum.
1273 2757 1395 2790 Christe,
1410 2757 1496 2784 vitam
1513 2756 1580 2783 mihi
1593 2755 1732 2791 produxit.

943 2804 1077 2833 Dominus
1088 2805 1160 2832 enim
1174 2802 1246 2837 vitae,
1256 2804 1442 2831 habitantibus
1452 2804 1479 2830 in
1494 2802 1733 2838 sepulcrismagna

945 2858 1011 2878 voce
1028 2850 1196 2878 acclamasti.
1216 2849 1359 2877 Solvinlini
1372 2869 1380 2882 ,
1397 2848 1443 2884 qul
1463 2848 1490 2876 in
1513 2847 1631 2875 vinculis
1653 2847 1733 2876 estis.

946 2895 1003 2931 ligo
1018 2896 1101 2929 enim,
1117 2897 1165 2931 qni
1183 2896 1276 2923 mundi
1294 2902 1354 2923 sum
1371 2894 1480 2925 solutio,
1496 2894 1553 2929 jam
1569 2893 1676 2921 adveni.
