1925 3088
187 158 257 192 1767

220 212 249 239 In
273 209 526 247 hymnlsexsultent
549 209 642 236 omnia
661 207 734 243 ligna
753 209 829 236 silva
841 208 975 235 inluentia
992 210 1015 239 Α

186 258 322 286 hodierno
347 256 391 283 die
408 255 532 290 ejusdem
551 254 670 281 nominis
686 254 790 288 lignum
818 253 915 281 Crucis
931 261 977 281 os-

185 303 256 331 culis
271 307 298 329 et
310 301 482 336 amplexihus
496 300 637 331 honorari,
654 295 734 334 cujus
751 299 880 327 Christus
895 303 978 335 caput

186 350 328 384 exaltavit,
349 353 379 375 ut
396 347 559 375 vaticinatur
577 347 688 373 divinus
703 346 798 374 David.

223 395 276 429 Qui
298 395 325 422 in
341 395 415 429 ligno
438 398 564 421 mortuus
586 392 692 420 fueram
707 412 715 423 ,
731 393 834 427 lignum
851 392 914 419 vitae
931 396 974 424 te,

184 448 251 468 crux
267 441 406 468 Christum
423 439 525 470 ferens,
545 438 645 472 reperi.
672 437 804 465 Custodia
823 445 883 465 mea
899 437 978 464 insu-

184 486 330 521 perabilis,
346 484 435 511 valida
451 484 584 511 adversus
599 483 737 511 dzemones
759 483 864 514 virtus,
882 487 908 510 te
925 483 975 510 ho-

185 532 228 559 die
243 532 372 563 adorans,
386 530 474 556 clamo
488 537 494 555 :
513 528 660 556 Sanctilica
675 535 720 556 me
732 528 816 563 gloria
830 532 887 554 tua.

220 576 334 607 Laetare,
344 574 461 606 exsulta,
471 573 589 601 Ecclesia
603 572 661 604 Dei,
673 580 734 607 quae
746 577 787 600 ter
795 566 903 600 beatum
913 579 975 600 san-

184 622 314 648 ctissima:
332 620 425 647 crucis
442 620 546 655 lignum
562 619 643 646 hodie
659 618 770 652 adoras,
786 618 829 646 cui
845 623 974 653 tanquam

184 667 312 698 ministri,
329 666 489 702 angelorum
517 665 641 699 ordines,
675 665 759 693 etiam
785 672 849 692 cum
875 665 974 692 timore

183 713 325 740 assistunt.

493 767 660 796 Triadioum.

216 823 307 851 Adoro
325 828 361 856 te,
379 829 473 852 sancta
487 825 595 857 Deitas,
609 824 773 853 Trinitatem
789 825 816 853 in
834 824 972 860 personis,

787 158 816 187 S.
835 154 1032 186 THEODORI
1044 153 1219 184 STUDITAS

1756 146 1824 177 1763

1071 206 1115 233 Ἐν
1131 205 1228 241 ὕμνοις
1243 204 1382 241 σκιρτᾶτω
1396 204 1487 231 πάντα
1501 203 1537 230 τὰ
1553 203 1619 236 ξύλα
1631 202 1680 230 τοῦ
1704 202 1822 239 δρυμοῦ,

1027 251 1058 278 τὸ
1074 250 1222 286 ὁμώνυμον
1235 249 1313 283 ξύλον
1327 248 1375 276 τοῦ
1393 248 1514 284 σταυροῦ
1535 248 1660 282 θεώμενα
1675 256 1821 274 κατασπα-

1028 295 1142 332 ζόμενον
1159 297 1289 332 σήμερον.
1305 292 1343 322 Οὗ
1359 295 1502 328 exorato;
1529 294 1621 330 ῦψωσε
1651 293 1703 329 τὴν
1719 294 1820 329 κάραν,

1027 340 1065 372 ὡς
1080 340 1246 376 προφητεύει
1257 341 1271 367 ὁ
1291 339 1363 371 θεῖος
1374 338 1468 366 Δαόἱδ.
1481 341 1485 349 "

1069 386 1114 412 Ἐν
1133 385 1204 421 ξύλῳ
1215 385 1348 420 τεθνήξας
1362 385 1442 418 ξύλον
1457 393 1487 410 σε
1511 382 1618 419 εὕρηκα
1643 383 1731 419 ζωῆς,
1754 383 1823 417 Χρι-

1027 431 1142 467 στοφόρε
1157 431 1256 466 σταυρὲ
1272 439 1332 466 μου.
1350 430 1494 465 Φυλακτήρ
1516 437 1567 464 μου
1585 429 1718 465 ἄρρηκτε,
1736 430 1823 461 [tum

1025 475 1159 510 δαιμόνων
1171 476 1247 510 ἰσχὺς
1256 477 1385 511 κραταιὰ,
1396 475 1425 501 σὲ
1436 473 1597 510 προσκυνῶν
1607 474 1728 508 σήμερον
1735 481 1823 508 κραν-

1025 521 1103 557 γάζω
1114 530 1122 537 ·
1146 521 1273 555 Ἀγιασόν
1287 529 1320 556 με
1334 521 1368 556 τῇ
1384 519 1447 555 δόξῃ
1461 528 1520 547 σου.

1060 567 1226 603 Εὐφραίνου,
1250 566 1381 602 ἁγάλλου,
1404 567 1421 602 ἡ
1446 564 1597 600 Ἐκκλησία
1624 564 1671 590 τοῦ
1683 563 1763 595 Θεοῦ,
1790 564 1822 592 τὸ

1024 611 1176 647 τρισὸλὸιον
1199 611 1277 645 ξύλον
1301 609 1494 647 προσκυνοῦσα
1527 610 1648 645 σήμερον
1675 608 1722 635 τοῦ
1751 617 1821 635 παν-

1024 658 1103 692 αγίου
1114 658 1230 694 σταυροῦ
1242 658 1289 687 τοῦ
1300 657 1430 692 Χριστοῦ,
1439 654 1461 691 ᾧ
1469 656 1507 688 ὡς
1522 656 1677 692 λειτουργοὶ
1692 656 1821 692 τάγματα

1024 704 1149 738 ἀγγέλων
1166 703 1214 731 καὶ
1229 703 1298 740 μετὰ
1313 703 1397 738 φόϐου
1412 703 1610 739 παρίστανται.

1338 761 1505 796 Τριαδικόν.

1059 819 1162 855 Τριάδα
1184 818 1361 855 προσώποις,
1374 818 1476 853 μονάδα
1503 819 1584 852 φύσει
1606 821 1753 855 προσκυνῶ
1776 828 1818 851 σε,

181 875 209 897 et
231 870 362 896 unitatem
390 869 417 897 in
442 875 561 902 natura,
584 871 694 898 Patrem
713 877 741 898 et
761 870 861 899 Filium
875 890 883 902 ,
908 878 998 909 cum]

1037 866 1125 901 istim;
1137 865 1214 899 ἁγία,
1234 865 1280 892 τὸν
1294 864 1414 898 Πατέρα,
1427 864 1474 891 καὶ
1491 863 1536 891 τὸν
1555 864 1620 891 Υἰὸν
1634 866 1682 892 σὺν
1696 865 1735 900 τῷ
1746 865 1819 900 ἁγίῳ

181 921 277 944 sancto
292 915 416 950 Spiritu,
441 924 527 943 unum
548 917 706 952 imperium,
732 925 817 945 unum
834 925 948 953 regnum
962 937 970 950 ,

181 963 224 990 cui
238 967 358 997 potestas
370 962 398 990 in
410 964 512 990 omnia.

488 1017 671 1046 Theotocium.

215 1072 268 1104 Tu.
283 1080 299 1100 ο
311 1072 395 1107 Virgo
415 1080 532 1108 magnus
548 1072 593 1100 illo
611 1081 691 1101 mons
705 1081 745 1106 es,
766 1073 794 1101 in
824 1081 878 1110 quo
890 1073 972 1102 Chri-

180 1122 240 1145 stus
257 1118 391 1145 habitavit
405 1138 413 1150 ,
436 1123 466 1146 ut
478 1118 588 1146 divinus
612 1118 695 1146 David
710 1120 783 1147 canit
797 1139 805 1152 ,
820 1127 868 1155 per
888 1127 970 1155 quam

180 1174 231 1194 nos
246 1167 279 1194 ad
296 1167 396 1194 coelum
415 1167 512 1194 elevati
525 1174 633 1199 sumus,
651 1167 700 1195 ﬁlii
719 1167 767 1196 Dei
782 1175 831 1203 per
845 1168 972 1203 adoptio-

181 1221 242 1241 nem
258 1213 287 1240 in
305 1213 405 1248 spiritu
422 1213 525 1242 ellecli.

500 1270 656 1299 Calabrum.

215 1315 303 1341 Mater
316 1314 408 1350 Virgo,
424 1320 451 1344 et
467 1324 530 1343 vera
549 1316 663 1351 Deipnra
677 1337 685 1349 ,
709 1323 771 1350 quae
793 1315 853 1344 sine
867 1317 973 1345 semine

180 1359 298 1395 genuisti
311 1360 451 1388 Christum
471 1359 556 1388 Deum
578 1365 713 1394 nostrum,
732 1361 758 1388 in
774 1369 858 1389 cruce
873 1369 973 1389 secun-

181 1406 245 1434 dum
271 1414 383 1434 carnem
405 1407 567 1435 exaltatum.
589 1407 628 1435 Te
652 1415 750 1436 omnes
775 1407 870 1437 ﬁdeles
891 1409 973 1444 digne

181 1460 248 1481 cum
266 1453 338 1482 Filio
359 1458 405 1482 tuo
424 1454 650 1490 depraedicamus.

473 1509 551 1538 Finis
567 1511 689 1539 canonis.

1024 920 1055 938 τε
1081 912 1231 946 Πνεύματι,
1254 912 1319 946 μίαν
1334 911 1432 947 ἀρχὴν,
1453 911 1518 946 μίαν
1536 910 1676 946 βασιλείαν
1689 911 1739 947 τὴν
1761 911 1818 939 τῶν

1024 957 1154 984 ἁπάντων
1170 956 1364 990 δεσπόζουσαν,

1333 1013 1502 1040 Θεοτόκιον.

1060 1071 1097 1098 Τὸ
1109 1070 1213 1107 δροςτὸ
1237 1070 1318 1106 μέγα,
1339 1071 1368 1097 ἐν
1396 1067 1419 1105 ᾧ
1449 1070 1596 1106 κατῴκησε
1625 1070 1754 1106 Χριστὸς,
1782 1070 1814 1097 σὺ

1026 1116 1169 1152 ὑπάρχεις,
1186 1116 1318 1152 Παρθένε,
1329 1116 1367 1148 ὡς
1379 1116 1560 1149 Δαϐὶδὸθεῐος
1575 1117 1676 1153 βοᾷ,δι“
1688 1114 1722 1153 ἦς
1735 1117 1818 1152 ἡμεῖς

1024 1162 1208 1198 ἀνυψώθημεν
1224 1162 1293 1198 πρὸς
1308 1162 1423 1198 οὐρανὸν
1439 1163 1642 1200 υῑοθετηθέντες
1657 1162 1696 1197 τῷ
1731 1163 1817 1189 πνεύ-

1026 1218 1104 1245 ματι,
1121 1209 1353 1245 παμμακάριστε.

1324 1265 1507 1293 Καταῦασία.

1059 1319 1095 1348 Ὦ
1109 1322 1205 1358 Μῆτερ
1220 1322 1354 1358 Παρθένι,
1373 1322 1420 1349 καὶ
1435 1322 1550 1349 Θεοτόκε
1560 1322 1688 1358 ἀψευδὴς,
1718 1322 1736 1357 ἡ
1768 1331 1816 1349 τε·

1024 1367 1111 1395 κοῦσα
1129 1369 1256 1404 ἀσπόρως
1270 1368 1388 1404 Χριστὸν
1399 1369 1445 1395 τὸν
1456 1369 1546 1404 Θεδνή
1551 1369 1620 1404 μῶν,
1631 1369 1676 1395 τὸν
1691 1370 1720 1395 ἐν
1736 1377 1816 1396 σταυ-

1028 1413 1066 1449 ρῷ
1089 1413 1231 1448 ὑψωθέντα
1250 1413 1342 1449 σαρκί.
1368 1414 1401 1440 Σὲ
1411 1414 1545 1441 οῑυπιστοὶ
1574 1413 1694 1446 ἅπαντες
1729 1413 1816 1446 ἀξίως

1027 1458 1075 1486 σὺν
1093 1457 1181 1494 τούτῳ
1197 1458 1245 1485 νῦν
1257 1457 1457 1494 μεγαλύνομεν.

1275 1516 1366 1548 Τέλος
1376 1514 1430 1542 τοῦ
1445 1514 1585 1548 κανόνος.

188 1600 1818 1614 ﬁam—au"

427 1682 621 1728 CANON
674 1683 983 1729 EPINICIUS
1031 1683 1141 1729 SEU
1185 1683 1573 1730 VICTORIALIS

753 1795 788 1819 IN
808 1796 984 1819 ERECTIONE
1006 1796 1050 1819 SS.
1071 1796 1241 1821 IMAGINUM.

617 1878 765 1912 BLRONIUS,
786 1878 900 1906 Annales
918 1877 1103 1907 Ecclesiastr'ci
1114 1900 1123 1914 ,
1141 1883 1162 1908 t.
1179 1878 1230 1912 IX.
1248 1887 1277 1916 p.
1293 1880 1374 1910 1059.

971 1954 1008 1963 ..-

217 1997 367 2026 Confessor
377 1997 447 2026 alius
465 1997 533 2033 (etsi
544 1996 705 2026 Theodorus
718 1998 827 2026 Studita
842 2006 903 2027 esse
918 2007 970 2026 non
983 2000 1088 2034 potuit,
1104 2000 1150 2036 qui
1159 2001 1217 2036 jam
1233 2004 1298 2028 ante
1312 2001 1371 2028 hac
1389 2005 1509 2035 tempora
1520 2007 1552 2028 ex
1573 1999 1625 2027 hac
1640 2005 1695 2026 vrta
1710 1999 1816 2034 migra-

183 2043 244 2077 rat)
260 2042 343 2070 alium
358 2047 422 2069 tunc
437 2043 577 2077 temporis,
597 2041 652 2069 Deo
664 2043 826 2077 inspirante,
843 2044 1008 2078 conscripsit
1022 2044 1154 2079 hymnum
1166 2065 1174 2078 ,
1190 2052 1244 2079 quo
1257 2048 1393 2071 concentu
1414 2044 1566 2072 oblectaret
1587 2043 1738 2071 Ecclesiam
1750 2064 1757 2076 ,
1779 2048 1808 2071 et

181 2087 279 2114 aculeo
300 2087 441 2120 impetoret
458 2086 576 2121 perﬁdos
591 2086 774 2114 lconoclastas
788 2096 795 2114 :
811 2095 893 2122 quem
911 2088 937 2114 in
953 2088 1068 2115 solemni
1083 2088 1260 2122 processione
1278 2087 1430 2115 canendum
1445 2092 1510 2115 tunc
1525 2088 1656 2122 temporis
1670 2087 1810 2114 Constan—

123 2137 129 2143 λ
185 2130 366 2164 tinopolilana
386 2130 508 2164 suscepit
526 2129 648 2157 Ecclesia
663 2150 672 2162 ,
694 2138 757 2158 cum
775 2131 857 2158 veluti
882 2131 908 2158 in
930 2131 1098 2166 triumphum
1119 2139 1205 2159 sacra:
1227 2132 1391 2159 veherentur
1412 2131 1546 2166 imagines
1563 2141 1569 2158 :
1586 2138 1667 2166 quem
1681 2131 1764 2157 etiam
1779 2139 1815 2159 ne

183 2173 247 2208 quid
265 2173 311 2200 tihi
324 2173 421 2200 deesse
435 2174 523 2208 possit
539 2173 572 2201 ad
595 2173 705 2209 plenum
722 2174 851 2209 gaudium
866 2174 901 2201 ob
917 2180 1080 2208 prostratam
1101 2176 1267 2210 impietatem
1281 2196 1290 2209 ,
1312 2181 1339 2204 et
1360 2176 1439 2203 lldem
1459 2176 1624 2204 catholicam
1644 2176 1812 2209 exaltatam,

183 2217 228 2244 hic
241 2217 290 2244 tibi
306 2217 484 2244 occincndum
498 2218 650 2252 posuimus,
666 2218 713 2252 qui
729 2218 769 2245 sic
782 2226 811 2245 se
828 2219 907 2245 habet
923 2219 975 2246 hac
992 2219 1169 2253 inscriptione
1186 2225 1294 2247 notatus
1311 2228 1318 2246 :
1335 2219 1428 2247 Canon
1443 2220 1585 2255 epinicius,
1600 2228 1644 2246 seu
1665 2220 1814 2247 victorialis

183 2269 199 2290 α
220 2259 356 2287 Theodoro
374 2259 483 2289 Studita
498 2261 645 2295 confessam
658 2260 840 2296 conscriptus’.
863 2267 887 2289 et
903 2263 957 2289 suis
973 2262 1041 2290 Odit
1054 2263 1210 2294 distinctus.
1236 2271 1285 2290 usu
1306 2269 1423 2297 receptu»
1436 2268 1464 2289 ut
1476 2267 1615 2290 caneretur
1627 2282 1634 2294 ,
1649 2263 1713 2289 dum
1728 2271 1817 2289 sacrm

185 2304 330 2331 Dominicw
341 2305 427 2331 crucis
443 2305 543 2340 lignum
556 2309 581 2332 et
595 2305 750 2333 veneranda:
767 2306 894 2340 imagines
908 2307 1138 2342 processionaliter
1154 2307 1242 2343 prima
1258 2307 1396 2335 Dominica
1415 2307 1638 2342 Quadragest'ma:
1653 2305 1816 2335 Constanti-

183 2348 272 2383 nopoli
289 2353 435 2384 gestantur.

441 2433 559 2462 ALTER
581 2433 712 2462 CANON
981 2435 998 2467 ε

1204 2444 1206 2446 ‘
1276 2436 1418 2462 ΕΤΕΡΟΣ
1433 2435 1558 2462 ΚΑΝΩΝ

182 2479 235 2514 ριιί
251 2480 356 2517 ranitur
369 2481 396 2507 in
412 2482 539 2517 creatione
556 2486 711 2517 sanctarum
720 2481 866 2516 imaginum
882 2490 891 2509 :
907 2490 971 2517 opus

1037 2479 1227 2517 Υαᾷλρμενος
1247 2480 1290 2517 sic
1312 2480 1384 2517 τὴν,
1394 2480 1613 2517 aly-uanilqu
1636 2479 1695 2517 τῷν
1720 2480 1817 2517 ᾀτίωι·

263 2515 382 2543 videlicet
399 2517 485 2543 sunctt‘
504 2516 593 2543 Putris
611 2516 740 2545 Theodori
760 2511 886 2545 Studium
922 2511 928 2517 ’

1056 2511 1189 2540 truditur.
1203 2515 1318 2548 ΠοΙημα
1333 2514 1386 2541 τοῦ
1403 2515 1490 2549 ἀγ-ὀυ
1507 2511 1627 2549 Πατρός
1660 2511 1817 2549 Θεοδώρου

1055 2549 1109 2576 τοῦ
1125 2549 1298 2576 Στουόἱτυυ.

1055 2557 1109 2576 του
1125 2557 1298 2577 ἐτουσιτυυ.

1351 2607 1417 2642 om
1437 2608 1477 2635 A'.

1022 2662 1113 2699 Ἧκος
1125 2663 1253 2698 πλάγιος
1269 2662 1421 2699 δευτέρου,
1441 2663 1529 2699 πρόςξ
1550 2662 1663 2696 Βοηθὸς
1679 2661 1732 2689 καὶ
1745 2670 1816 2689 σκε-

1286 2698 1416 2731 παστὴς,
1432 2707 1459 2725 κ.
1479 2707 1505 2725 τ.
1520 2698 1545 2724 λ.

216 2742 365 2776 Canamus,
382 2751 400 2771 ο
417 2743 521 2776 ﬁdeles,
535 2749 644 2771 cautum
660 2751 709 2779 pro
724 2745 873 2780 gratiarum
886 2746 972 2773 actio.

1057 2744 1242 2780 Χαριστήριον
1266 2743 1336 2780 ᾠδὴν
1358 2743 1398 2779 τῷ
1422 2744 1540 2779 εὐργέτῃ
1574 2742 1635 2778 Θεῷ
1658 2742 1713 2769 τῶν
1741 2743 1812 2769 ὅλων

181 2797 217 2819 ne
227 2789 418 2817 universorum
436 2789 491 2817 Deo
502 2794 528 2817 et
539 2790 706 2818 benefactori
716 2811 724 2823 ,
741 2792 870 2826 quoniam
884 2792 971 2819 erexit

1037 2799 1144 2826 .σωμεν,
1164 2789 1265 2822 πιστοὶ,
1280 2789 1321 2816 ὅτι
1354 2789 1448 2824 ἧγειρε
1468 2788 1603 2823 σωτήριον
1621 2787 1716 2822 κέρας,
1733 2786 1814 2822 βασι-

183 2842 268 2862 cornu
282 2835 388 2866 salutis.
403 2840 430 2864 et
443 2841 538 2871 potens
551 2836 705 2873 imperium,
722 2837 756 2865 ad
770 2841 873 2866 rectam
889 2837 970 2866 tidem

1039 2838 1097 2866 ειαν
1111 2836 1254 2874 κραταιὰν,
1274 2834 1428 2872 ὀρθοδοξίας
1445 2833 1597 2870 πρόμαχον.

184 2882 387 2918 protegendum.

519 2604 588 2632 ODA
608 2604 628 2633 1.

220 2661 285 2690 Τοη.
302 2662 319 2690 ϐ
334 2662 420 2689 instar
435 2662 509 2690 illius
523 2670 532 2689 :
547 2662 664 2698 Adjutor
677 2668 702 2691 et
715 2669 858 2698 protector,
873 2669 928 2692 etc.
