1925 3088
132 170 201 202 1769

171 226 310 261 Ἐπεφάνη
324 226 434 262 ἀληθῶς
453 228 470 262 ἡ
484 227 544 254 θεία
559 227 638 262 χάρις
652 228 685 262 τῇ
701 226 847 261 οἰκουμένῃ
858 224 920 257 δόξα
936 233 956 258 Α

131 273 178 300 καὶ
191 273 259 308 τιμὴ
275 273 480 308 πεφανέρωται·
499 274 599 308 σκιρτᾷ
620 273 768 308 Ἐκκλησία
785 272 921 307 δεξαμένη

130 321 180 356 τὴν
194 319 300 354 στολὴν,
317 320 366 354 τῆς
382 319 483 353 ἑαυτῆς
497 328 530 354 γυ
535 319 674 354 μνώσεως.

166 408 218 434 Τὸν
234 407 336 442 χιτῶνα
357 407 405 434 τοῦ
429 407 548 444 Χριστοῦ
573 409 772 444 διερῥηγμένον
799 409 852 435 ὑπὸ
872 409 920 436 τοῦ

131 453 233 479 πλάνου
259 452 307 478 καὶ
335 452 553 487 φαρμακουργοῦ
587 453 712 480 Ἰωάννου
736 453 766 480 τὸ
790 454 865 488 πρὶν,
897 455 922 480 οἰ

131 499 198 525 θεῖοι
225 499 346 533 Πατέρες
371 497 553 533 ὲξυφάναντες
575 498 681 533 σαφῶς,
708 500 741 534 τῇ
771 499 920 535 Ἐκκλησία

130 544 276 571 δεδώκασι.
587 551 591 554 ·

166 591 219 617 Τοῦ
234 590 338 625 Κυρίου
359 590 410 626 τὴν
436 591 542 626 μορφὴν
565 590 742 618 ἀπολαϐοῦσα
766 592 783 627 ὴ
805 592 921 626 Ἐκκλη-

133 636 187 669 σία,
203 637 293 672 χαίρει
319 637 367 664 καὶ
384 638 481 672 σκιρτᾷ
496 637 545 663 σὺν
566 638 623 669 τοῖς
646 638 752 669 τέκνοις
773 638 867 673 αὐτῆς,
883 639 921 669 ὡς

131 683 211 718 νίκης
225 682 338 719 βραδεῖα
348 683 482 719 δεξαμένη
498 683 562 719 παρ’
576 683 670 716 αὐτοῦ,
684 684 838 720 ὀροοδοξίας
851 684 920 719 σύμ-

132 729 210 756 εολα.

167 773 395 809 Αἰσχυνθήτωσαν
417 774 520 808 λοιπὸν,
536 775 585 802 καὶ
603 775 818 810 ὲντραπήτωσαν
835 784 921 810 μεμη-

131 820 209 852 νότες
219 828 226 834 ·
243 820 329 855 Λήζιξ
340 821 355 846 ὁ
368 820 464 853 δεινὸς,
477 821 526 847 καὶ
546 820 698 853 Ἀντώνιος,
710 822 760 847 σὺν
769 821 808 857 τῷ
826 822 919 848 Ἰωάν-

131 874 175 901 vn,
192 866 240 893 καὶ
261 866 398 901 Θεόδωρος
412 867 523 902 ἀμφοῖν,
540 868 566 894 οἰ
584 867 700 903 ἀρνηταὶ
715 868 764 902 τῆς
787 867 915 899 πίστεως.

171 957 301 989 Ὶωαννὶς,
318 959 366 984 καὶ
379 958 502 994 Ἰαμϐρὶς
514 959 709 994 ἀνθεστηκότες
719 960 759 996 τῷ
773 961 917 996 νομοθέτης

129 1003 214 1030 πάλαι
241 1004 346 1038 Μωῦσῇ
373 1005 610 1041 κατῃσχύνθησαν.
631 1005 699 1032 Νυνὶ
728 1006 757 1033 δὲ
778 1007 793 1033 ὁ
818 1007 919 1039 πλάνος

135 1047 263 1082 Ἰωάννης
276 1048 395 1083 ἀληθῶς,
412 1050 460 1077 σὺν
480 1050 617 1085 Ἀντωνίῳ
628 1050 793 1078 δείκνυνται.

163 1136 200 1162 Σὺ
219 1135 375 1172 διέρῤηξας,
392 1139 503 1172 Χριστὲ,
520 1139 570 1174 τὴν
587 1140 720 1176 ξυνωρίδα
738 1142 793 1169 τῶν
818 1141 918 1177 θεομά-

125 1188 192 1215 χων,
209 1181 257 1208 καὶ
274 1181 320 1207 τὸν
336 1182 481 1218 στολισμὸν
502 1184 675 1217 ἀποδέδωκας
699 1187 732 1221 τῇ
752 1188 785 1222 σῇ
805 1187 919 1223 Ἐκκλη-

127 1225 184 1262 σίᾳ,
201 1226 273 1261 ὑπὲρ
290 1225 324 1262 ἧς
339 1227 376 1259 ὡς
391 1229 503 1262 ἀγαθὸς,
518 1230 549 1256 τὸ
566 1227 636 1265 αἷμά
654 1240 701 1258 σου
720 1233 843 1268 ἐξέχεας.

163 1315 178 1343 θ
201 1316 250 1352 (Ξ).
270 1317 304 1343 Σὲ
326 1318 423 1354 Τριὰς,
441 1319 576 1355 Θεολογῶ,
592 1322 639 1348 καὶ
653 1325 801 1357 προσκυνῶ
826 1335 874 1352 σου
888 1327 919 1353 τὸ

126 1361 198 1388 θεῖον
217 1362 328 1398 κράτος·
342 1363 423 1398 ῥῦσαι
440 1366 602 1402 πειρασμῶν
614 1369 646 1394 ὲκ
661 1369 795 1397 παντοίων
810 1379 853 1404 με.
869 1372 916 1404 Εἰς

126 1408 158 1434 σὲ
180 1408 234 1444 γὰρ
250 1409 372 1437 πιστεύω
385 1411 430 1438 τὸν
447 1412 568 1449 Πατέρα,
584 1414 632 1440 καὶ
647 1414 720 1449 Υίὸν,
739 1417 787 1443 καὶ
808 1417 918 1453 Πνεῦμα

125 1454 158 1480 τὸ
173 1456 318 1490 πανάγιον.

162 1541 185 1568 θ’
201 1541 251 1577 (ὅ).
263 1543 318 1578 Τὴν
329 1544 463 1579 βασίλειον
476 1547 573 1582 στολὴν
586 1549 617 1576 ὲκ
634 1550 692 1583 σοῦ,
707 1551 839 1586 Παρθένε,
851 1553 918 1586 Θεὶς

125 1589 259 1624 φορέσας,
267 1590 345 1626 ὤφθη
361 1593 417 1624 τοῖς
430 1592 535 1628 βροτοῖς
548 1595 795 1633 ἀνθρωπόμορφος,
810 1599 925 1627 διπλοῦς
937 1588 960 1620 C

125 1635 187 1661 κατ’
200 1636 293 1664 οὐσίαν
305 1645 311 1652 '
331 1634 364 1665 οὗ
375 1639 405 1665 τὸ
418 1637 486 1671 εἶδος
497 1640 557 1676 ,τῆς
574 1642 682 1677 μορφῆς
696 1645 725 1670 ἐν
735 1646 917 1681 προσκυνήσει

125 1681 237 1717 ἔχομεν.

460 1733 527 1768 om
547 1735 585 1761 r'.

164 1773 361 1809 Εὑφραίνεσθε,
388 1777 510 1811 ἅπαντες
535 1781 611 1815 χοροὶ
630 1782 763 1818 Πατέρων
786 1785 833 1811 καὶ
850 1785 918 1812 ἀπο-

125 1819 239 1852 στόλων,
254 1821 426 1856 καθορῶντες
450 1824 499 1860 τὴν
520 1826 705 1863 προσκύνησιν
716 1829 771 1856 τῶν
792 1831 915 1865 εἰκόνων,

123 1865 214 1900 ἥνπερ
229 1868 359 1901 ἐμφανῶς
374 1870 562 1904 παρεδώκατε.

161 1954 199 1980 Τὸ
213 1955 313 1987 κάλλος
325 1965 376 1991 μου
390 1957 497 1991 ἔλαϐον,
519 1960 566 1986 καὶ
580 1960 632 1996 τὴν
651 1963 749 1998 στολήν
761 1973 812 1997 μου
825 1965 916 1992 ἐνεδυ-

124 1999 228 2047 σαμην,
254 2001 379 2029 ἐκϐοάτω
401 2004 417 2039 ἡ
441 2005 611 2040 πανάμωμος
645 2008 811 2044 Ἐκκλησία,
827 2011 915 2047 ἥνπερ

128 2046 258 2081 Ἰωάννης
271 2048 403 2081 ὲξέδυσεν.

160 2092 339 2128 Αἰσχύνϐητε,
365 2095 460 2130 ἄνομοι
471 2097 691 2133 αἱρεσχελοῦντες
708 2102 779 2128 κατὰ
793 2103 895 2138 Κυρίου
905 2112 913 2120 ·

122 2138 269 2175 ὲσαρκώθη
286 2141 333 2167 καὶ
352 2142 439 2179 ἐφάνη
457 2143 511 2179 γὰρ
524 2146 554 2171 ἐν
563 2146 665 2173 εἰκόνι·
678 2148 766 2184 ἤνπερ
780 2150 913 2185 σχετικῶς

121 2185 313 2227 ἀσπαζόμεθα.

158 2273 199 2299 Τὰ
217 2273 320 2310 βέϐηλα
340 2277 471 2313 δόγματα,
495 2280 542 2306 καὶ
564 2280 612 2312 τὰς
631 2281 766 2317 ἀθέσμους
786 2283 913 2310 διδασκα-

118 2316 182 2348 λίας
205 2318 328 2346 Ἰωάννου
343 2321 391 2347 τοῦ
405 2323 581 2359 παράφρονος
606 2325 647 2357 τίς
657 2326 759 2360 ἐξείποι
770 2346 778 2360 ,
793 2329 911 2363 τρόπους

119 2363 266 2397 δελφικοὺς
277 2367 450 2402 ἐκτιθέμενος
458 2378 465 2403 ;

165 2411 258 2438 ’Ᾱνάοε
264 2422 300 2447 μα
311 2413 420 2450 Λήζικι,
432 2416 479 2442 καὶ
496 2417 607 2455 Ἰωάννῃ
618 2418 666 2446 σὺν
686 2419 831 2456 Ἀντωνίῳ,
844 2420 910 2447 Θεο-

118 2456 202 2492 δώρῳ
213 2458 253 2494 τῷ
269 2459 341 2496 ἀθέῳ
355 2469 385 2487 τε
410 2463 457 2488 καὶ
472 2462 634 2500 βλασφήμῳ,
648 2464 706 2500 ἅμα
719 2465 839 2502 Θεοδότῳ
854 2475 910 2493 πα-

120 2503 250 2539 ράφρονι.

157 2551 198 2577 Τὰ
213 2551 316 2587 αἵματα
324 2553 465 2588 κράζουσι,
481 2556 514 2583 τὰ
530 2557 681 2592 ὲκχυθέντα
691 2559 761 2594 ὑπὲρ
772 2559 820 2595 τῆς
836 2559 911 2592 θείας

120 2598 295 2633 σαρκοφὸρου
314 2600 471 2636 ὁμοιώσεως
495 2603 542 2630 τοῦ
560 2604 708 2638 Δεσπὸτου,
724 2605 795 2640 ἆπερ
817 2605 910 2632 Ἰωάν-

119 2652 170 2679 νης
185 2644 305 2679 ἐξέχεεν,

595 171 718 202 CANON
744 171 785 201 IN
804 168 1020 201 ERECTIONE
1041 169 1094 199 SS.
1115 167 1324 198 IMAGINUM.

1701 167 1766 199 I770

1010 221 1141 257 Apparuit
1157 229 1248 249 revera
1264 221 1354 248 divina
1375 220 1459 255 gratia
1470 242 1478 253 ,
1499 225 1526 248 et
1549 221 1678 249 universo
1695 224 1754 251 orhi

976 268 1063 295 honor
1075 271 1102 295 et
1117 267 1202 301 gloria
1217 271 1259 294 est
1276 266 1463 294 manifestata.
1479 267 1606 295 Exsultat
1622 273 1764 303 propterea

974 313 1077 342 Christi
1094 313 1216 341 Ecclesia
1229 333 1237 345 ,
1261 317 1371 347 recepta
1397 313 1466 340 stola
1478 334 1484 346 ,
1503 321 1556 349 qua
1575 313 1666 341 fuerat
1685 320 1765 342 antea

974 364 1067 387 exuta.

1009 405 1111 433 Christi
1136 409 1239 432 vestem
1269 409 1347 432 antea
1376 405 1542 439 discerptam
1571 414 1586 432 a
1620 406 1764 434 seductore

974 455 1000 478 et
1015 451 1226 485 pharmacorum
1249 450 1447 477 concinnatore
1464 449 1569 477 Joanne
1594 452 1683 478 sancti
1711 451 1764 478 Pa-

973 502 1029 524 tres
1044 498 1142 524 iterum
1159 500 1338 524 contexentes
1351 517 1358 529 ,
1382 497 1514 524 Ecclesia:
1537 497 1610 524 illaut
1637 498 1765 525 restitue-

973 548 1047 570 I‘lllll.

1008 589 1116 616 Domini
1142 590 1258 625 ﬁguram
1281 596 1427 616 resumens
1450 588 1573 617 Ecclesia
1587 610 1594 621 ,
1615 590 1715 624 gaudet
1737 595 1766 617 et

972 635 1090 663 exsultat
1113 643 1167 663 una
1190 643 1252 663 cum
1273 635 1336 663 ﬁliis
1356 635 1434 668 suis.
1458 643 1521 662 cum
1549 635 1583 662 ah
1607 636 1653 662 illo
1678 636 1764 663 victo-

974 681 1021 708 riae
1036 681 1161 708 hravium
1179 681 1315 716 acceperit
1337 687 1418 708 rectae
1433 681 1562 708 videlicet
1585 681 1649 708 ﬁdei
1669 689 1764 709 sacra-

972 732 1074 754 menta.

1007 773 1222 800 Confundantur
1242 773 1269 800 in
1288 777 1430 808 posterum
1443 794 1451 806 ,
1474 778 1502 800 et
1527 777 1704 800 revereantur
1721 772 1764 799 itt-

972 820 1034 847 sani
1051 820 1107 853 illi,
1132 819 1230 847 Lezius
1245 819 1283 855 (ί)
1305 820 1410 847 scilicet
1423 819 1519 846 furens
1532 839 1540 851 ,
1567 824 1594 846 et
1608 819 1742 846 Antonius
1755 839 1762 850 ,

972 873 1024 891 una
1036 873 1097 892 cum
1107 864 1223 898 Joanne,
1233 869 1260 892 et
1270 865 1425 897 Theodoro,
1440 865 1574 892 ambobus
1589 864 1650 899 ﬁdei
1664 864 1757 893 deser-

937 921 957 947 Β
974 909 1090 943 laribus,

1004 955 1126 984 Joannes
1150 963 1177 985 et
1196 957 1317 984 Mambre
1338 956 1488 991 legislatori
1504 956 1571 985 Mosi
1585 957 1649 984 olint
1664 957 1763 984 adver-

970 1002 1041 1034 sati,
1066 1002 1101 1030 ah
1126 1003 1186 1036 ipso
1206 1003 1283 1031 fuere
1303 1002 1435 1030 confusi:
1458 1010 1531 1030 nunc
1547 1010 1613 1030 vero
1635 1002 1764 1030 seductor

968 1046 1089 1075 Joannes
1110 1055 1165 1075 una
1184 1056 1247 1076 cutn
1267 1048 1388 1075 Antonio
1401 1067 1409 1082 ,
1431 1048 1526 1076 eadem
1541 1048 1614 1083 passi
1635 1056 1757 1076 noscun<

971 1097 1025 1120 tur.

1012 1139 1066 1172 Tu,
1088 1138 1215 1172 Christe,
1242 1139 1290 1167 Dei
1313 1139 1408 1167 hostes
1424 1139 1575 1174 dissipasti,
1595 1144 1623 1167 et
1638 1144 1690 1168 tute
1710 1139 1764 1168 Ec-

970 1185 1059 1212 clesiae
1088 1193 1168 1213 suum
1200 1186 1328 1213 decorem
1355 1185 1520 1218 reddidisti,
1550 1194 1599 1220 pro
1629 1194 1704 1222 qua,
1732 1191 1762 1214 ut

969 1233 1057 1259 bonus
1085 1236 1202 1267 pastor,
1230 1233 1393 1268 sanguinem
1420 1238 1497 1260 lttum
1524 1232 1630 1261 fudisti.
1661 1233 1756 1261 Gloria

970 1277 1055 1305 Patri.

1004 1323 1043 1351 Te
1069 1324 1231 1351 Trinitatem
1246 1344 1254 1356 ,
1280 1333 1366 1352 unum
1388 1324 1474 1352 Deum
1501 1333 1621 1362 agnosco
1645 1330 1672 1353 et
1694 1333 1761 1353 con-

969 1370 1068 1402 ﬁteor,
1095 1375 1123 1398 et
1142 1374 1216 1398 tuam
1241 1370 1362 1398 divinam
1385 1372 1535 1406 potentiam
1560 1372 1654 1404 adoro,
1676 1372 1762 1399 libera

969 1424 1023 1448 nte,
1041 1425 1145 1451 quaeso,
1162 1418 1196 1444 al)
1222 1417 1351 1444 omttihus
1373 1418 1580 1446 tentationihus.
1600 1417 1628 1445 ln
1646 1422 1672 1445 te
1687 1417 1761 1445 enim

969 1463 1050 1490 credo
1063 1482 1071 1495 ,
1089 1463 1195 1490 Patrem
1206 1483 1214 1496 ,
1231 1470 1258 1491 et
1272 1463 1374 1491 Filium
1386 1484 1394 1497 ,
1409 1468 1436 1492 et
1451 1464 1657 1493 sanctissimum
1677 1463 1763 1499 Spiri—

970 1515 1041 1537 tum.

1011 1556 1122 1591 licgiam
1140 1556 1250 1589 stolam,
1268 1564 1301 1584 cx
1318 1561 1354 1588 te.
1370 1555 1449 1592 Virgo
1460 1557 1532 1584 Dens
1546 1561 1656 1591 gestans
1672 1556 1763 1583 homi-

976 1602 1058 1629 nibus
1072 1602 1208 1637 apparuit,
1225 1603 1251 1629 in
1268 1602 1409 1630 hominum
1428 1603 1534 1635 forma,
1550 1603 1651 1638 duplex
1668 1611 1763 1631 secun-

969 1647 1034 1675 dum
1051 1648 1200 1675 essentiam
1213 1667 1220 1680 ,
1237 1648 1318 1683 cujus
1331 1648 1446 1684 cﬁigient
1471 1654 1503 1683 et.
1519 1648 1634 1684 ﬁgurant
1650 1656 1764 1676 venera-

969 1701 1044 1721 mur.

1300 1738 1366 1766 ODA
1394 1739 1427 1767 ll.

1003 1787 1137 1820 Gaudete,
1160 1793 1257 1814 omnes
1289 1791 1448 1814 sanctorum
1479 1785 1590 1813 Patrum
1620 1790 1708 1814 cattus
1736 1791 1763 1813 et

967 1833 1156 1869 apostolorum
1177 1834 1298 1864 chorus,
1328 1833 1508 1867 respicientes
1537 1832 1690 1868 imaginum
1716 1840 1763 1859 w-

967 1879 1159 1912 nerationem,
1182 1887 1265 1914 quam
1293 1886 1342 1906 vos
1368 1879 1421 1914 ipsi
1446 1878 1525 1906 nobis
1556 1883 1651 1912 aperte
1678 1879 1763 1906 tradi-

968 1924 1060 1952 distis.

1002 1969 1238 1996 Pulcltritudinem
1265 1977 1355 1996 meam
1382 1969 1485 2004 accepi,
1504 1973 1531 1995 et
1548 1969 1631 1996 decus
1654 1976 1758 2000 meutn,

966 2023 998 2043 ac
1014 2023 1074 2043 mea
1095 2016 1165 2043 stola
1185 2024 1245 2043 sum
1264 2016 1372 2048 induta,
1393 2016 1494 2043 clamet
1515 2015 1693 2043 immaculata
1710 2015 1758 2042 Dei

964 2062 1097 2093 Ecclesia,
1111 2069 1166 2096 qua
1182 2062 1255 2089 illam
1266 2061 1387 2090 Joannes
1399 2068 1523 2090 exuerat.

1000 2107 1207 2134 Confunditttini
1235 2107 1312 2142 impii
1335 2108 1480 2134 adversum
1513 2107 1660 2134 Dominum
1682 2107 1760 2134 obla-

965 2158 1068 2180 trantes
1088 2160 1222 2186 ;carnem
1245 2153 1318 2180 enim
1349 2154 1511 2188 assumpsit.
1540 2159 1567 2181 et
1592 2155 1759 2189 apparuitin

965 2199 1092 2234 imagine,
1116 2207 1199 2233 quant
1224 2206 1276 2226 nos
1301 2199 1334 2226 ad
1354 2199 1446 2234 ipsum
1469 2199 1630 2232 referentes,
1645 2208 1761 2228 venera-

967 2253 1040 2271 mur.

1001 2290 1084 2325 Impia
1108 2291 1246 2325 dogmata,
1273 2295 1300 2318 et
1330 2290 1443 2318 insanas
1470 2291 1617 2318 doctrinas
1643 2291 1761 2318 amentis

963 2335 1078 2364 Joatntis
1106 2337 1169 2371 quis
1184 2336 1310 2364 enarret?
1335 2337 1398 2372 quis
1415 2337 1475 2372 ejus
1499 2342 1605 2371 tropos,
1620 2341 1648 2363 et
1663 2344 1761 2364 versu-

965 2382 1016 2409 tias
1030 2382 1169 2417 delplticas
1181 2383 1320 2416 exponet?

997 2428 1149 2455 Attathema
1164 2429 1288 2456 dicamus
1306 2428 1399 2461 Lezio,
1418 2434 1444 2456 et
1462 2427 1571 2461 Joanni,
1595 2437 1657 2456 ettm
1674 2429 1760 2456 Anto-

964 2475 1020 2504 nio.
1035 2479 1062 2502 et
1089 2475 1172 2510 impio
1198 2475 1346 2502 Theodoro
1375 2480 1404 2502 et
1447 2475 1619 2510 blasphemo,
1654 2483 1759 2503 necnon

964 2521 1060 2548 insano
1075 2520 1228 2548 Theodoto.

1001 2567 1118 2602 Sanguis
1139 2568 1249 2600 clamat,
1279 2568 1327 2602 qui
1351 2567 1457 2595 eﬂ‘usus
1483 2572 1526 2594 est
1541 2576 1556 2594 a
1583 2567 1688 2595 Joanne
1710 2575 1759 2602 pro

964 2612 1055 2639 divina
1068 2613 1256 2646 similitudine,
1269 2618 1297 2641 et
1310 2614 1431 2648 imagine
1447 2612 1551 2641 Christi
1573 2613 1684 2641 Dontitti
1698 2621 1759 2640 cur-

965 2664 1026 2684 netn
1043 2658 1188 2692 gestantis.

875 2707 993 2738 NOTAE.

156 2749 197 2787 (l)
222 2749 300 2778 Hunc
317 2751 393 2778 illum
409 2751 542 2787 perﬁdum
559 2757 642 2786 puto,
666 2753 713 2787 qui
738 2761 753 2780 a
767 2753 912 2781 Theodoro

121 2784 231 2812 Studita
244 2787 269 2812 itt
286 2787 344 2813 suis
356 2784 478 2820 epistolis
489 2784 619 2814 Leontius
632 2784 799 2821 nominatur,
813 2797 912 2816 corru-

120 2822 409 2858 ptoAveronvocahulo
426 2822 527 2849 Lenius
540 2823 642 2858 flictus.

159 2855 200 2891 (2)
214 2856 242 2894 θἶ
255 2854 313 2883 Hoc
328 2857 436 2894 signum
449 2858 519 2891 apud
533 2857 642 2894 Graecos
654 2858 754 2886 dicitur
764 2859 912 2894 τριαδικὸν,

124 2891 152 2919 id
165 2897 219 2925 est,
236 2891 364 2927 hymnus
381 2893 415 2919 de
439 2897 532 2919 sancta
554 2892 696 2927 Trinitate,
719 2899 747 2923 et
772 2891 914 2930 propterea

286 2939 420 2969 PATROL.
445 2939 503 2970 Gn.
525 2939 631 2970 XCIX.

966 2762 1031 2794 autc
1043 2758 1130 2792 ipsum
1142 2762 1270 2786 cantatur
1284 2758 1348 2792 δόξα
1362 2759 1459 2794 [ἰατρέ.
1476 2764 1529 2787 etc.

1002 2793 1040 2828 ('5)
1059 2794 1097 2831 6’,
1106 2794 1165 2831 Hoc
1179 2802 1241 2831 vero
1250 2794 1356 2831 dicitur
1367 2793 1521 2826 Θεοτόκιον,
1535 2795 1561 2822 id
1574 2800 1626 2827 est.
1639 2796 1759 2831 hymnus

967 2828 1186 2865 desanctissima
1209 2829 1334 2865 Deiparar
1349 2831 1394 2857 cui
1412 2831 1544 2865 praecedit
1567 2831 1615 2858 καὶ
1631 2828 1689 2864 νῦν,
1716 2830 1760 2857 χοὶ

967 2863 1022 2898 ἀει,
1033 2869 1086 2892 etc.
1100 2864 1154 2892 Pro
1169 2864 1248 2892 beata
1266 2864 1384 2901 Virgine.

1511 2943 1550 2973 36
