1925 3088
194 160 260 194 1771

224 214 334 250 Expulit
363 213 498 240 Dominus
535 212 757 248 alienigenarum
791 217 919 245 turmas,

188 261 311 288 restituit
331 267 380 286 sua
404 259 464 287 suis
479 267 486 286 :
512 258 600 294 gloria
617 259 655 286 sit
667 264 814 294 propterea
829 259 890 294 ejus
903 258 983 286 boui-

188 306 248 333 tati.
262 305 357 332 Gloria
371 304 457 332 Patri.

225 351 400 379 Voluntatem
417 351 553 387 principio
568 354 708 379 carentem
722 356 749 378 et
772 351 934 386 potentiam,
957 355 984 378 et

186 405 303 433 regnum
317 397 461 424 Trinitatis
473 397 622 425 adoremus
647 402 722 425 recta
737 397 799 425 ﬁde.
807 397 903 425 Arium
910 404 983 425 sem-

189 452 248 478 per,
267 449 298 472 ut
311 451 360 479 par
374 447 427 476 est,
447 444 583 471 conviciis
597 443 776 471 insectantes.

222 490 292 518 Vere
312 494 338 517 te
360 489 505 518 Dominam
527 490 705 522 conﬁtentur,
721 497 782 524 quae
799 489 885 518 Deum
899 497 983 525 pepe—

184 536 257 569 risti,
272 535 391 564 Nestorii
405 535 486 571 nugis
497 535 641 570 neglectis,
657 540 685 563 et
696 539 858 563 sanctorum
868 535 982 563 Patrum

185 581 360 617 dogmatibus
377 582 553 610 inhaaremus.

517 626 588 655 ODA
602 628 650 657 IV.

222 673 337 706 Laetare,
360 672 504 706 Ecclesia,
540 677 568 701 et
605 681 778 709 unaquaeque
820 673 917 701 civitas
955 677 982 700 et

185 719 271 754 regio,
300 726 363 746 cum
387 719 571 747 exsultatione
599 720 700 754 templa
725 727 800 747 nunc
815 720 931 755 aperiat,
954 723 982 746 et

185 763 322 799 virginum
342 764 495 798 domicilia,
522 772 616 793 sacras
633 765 775 801 reliquias,
802 771 979 799 venerentur,

183 815 212 837 et
241 810 375 846 imagines
403 816 567 848 martyrum,
597 811 689 847 dignis
720 811 872 840 honoribus
900 819 980 840 exor-

184 859 261 883 nent.

788 160 819 191 S.
837 159 1033 190 THEODORI
1054 158 1227 188 STUDITJE

961 217 988 238 et
1002 215 1025 242 Α

1081 210 1189 244 Ἐδίωξε
1203 209 1305 245 Κύριος
1329 210 1378 245 τὴν
1390 209 1524 244 ξυνωρίδα
1539 209 1592 236 τῶν
1603 202 1767 244 ἀλλοτρίων,
1776 212 1822 238 καὶ

1034 255 1160 283 ἀπέδωκε
1184 255 1218 282 τὰ
1232 255 1285 282 ἴδια
1298 256 1354 287 τοῖς
1370 255 1446 287 ἰδίοις
1464 262 1471 269 ·
1489 255 1552 287 δόξα
1563 256 1597 290 τῇ
1618 254 1702 282 αὑτοῦ
1727 255 1824 289 ἁγαθό-

1033 310 1106 336 τητι.
1123 300 1203 333 Δόξα.

1069 347 1125 382 Τὴν
1140 346 1259 381 ἄναρχον
1276 345 1397 381 θέλησιν,
1411 346 1461 372 καὶ
1476 344 1612 377 ἐξουσίαν,
1626 346 1674 372 καὶ
1687 346 1825 381 βασιλείαν

1033 394 1083 429 τῆς
1109 393 1226 429 Τριάδος
1263 393 1503 428 προσκυνήσωμεν
1530 391 1693 427 ὀρθοδόξως,
1718 393 1826 429 Ἄρειον

1032 440 1078 466 ἀεὶ
1093 438 1313 474 στηλιτεύοντες.
1331 438 1366 466 θ’.

1068 484 1179 520 Κυρίως
1192 483 1233 517 σὲ,
1247 484 1393 517 Δέσποινα,
1409 483 1594 519 ὁμολογοῦμεν
1604 483 1672 511 Θεὸν
1684 483 1827 516 τεκοῦσαν,

1034 531 1072 566 μὴ
1097 531 1278 566 προσέχοντες
1300 531 1357 562 τοῖς
1374 530 1477 566 ῥήμασι
1491 531 1652 566 Νεστορίου,
1687 531 1757 559 ἀλλὰ
1775 532 1828 558 τῶν

1033 577 1164 613 Πατέρων
1179 577 1237 608 τοῖς
1251 577 1396 612 δόγμασιν.

1370 623 1437 658 om
1456 623 1495 650 A’.

1072 669 1216 704 Ἀγάλλου,
1229 671 1247 705 ἡ
1267 669 1429 704 Ἐκκλησία,
1444 668 1493 696 καὶ
1506 669 1582 696 πᾶσα
1594 669 1672 701 πόλις
1694 669 1742 696 καὶ
1753 669 1830 705 χώρα

1031 715 1061 742 ὲν
1076 715 1242 751 εὐφροσύνῃ·
1262 715 1415 749 ἀνοιγέσθω
1427 714 1475 742 νῦν
1487 714 1522 742 τὰ
1535 715 1703 751 ἀσκητήριαο
1718 715 1777 748 καὶ,
1801 720 1828 746 ot

1032 758 1219 794 παρθενῶνες,
1232 758 1439 792 καλλωπίζεσθε
1454 759 1490 786 τὰ
1511 759 1625 794 λείψανα
1636 767 1643 774 ”
1669 760 1717 787 καὶ
1732 760 1833 787 εἰκονίιι

1032 812 1125 840 σματα
1139 803 1194 830 τῶν
1210 803 1359 840 μαρτύρων
1375 804 1460 838 ἀξίως
1476 804 1748 840 προσκυνείσθωσαν.

218 901 347 930 Christus
362 909 412 929 vos
428 906 509 930 vocat
523 910 531 929 :
555 901 709 930 Convenite
723 909 798 929 nunc
823 901 907 930 alacri
924 902 982 929 ani-

1069 892 1189 929 Χριστὸς
1211 893 1285 928 ὑμᾶς
1307 892 1518 928 προσκαλεῖται·
1536 893 1678 920 συνέλθετε
1695 892 1743 920 νῦν
1760 902 1830 929 προ-

185 955 241 981 ιηο,
269 948 357 975 divini
380 947 487 981 Patres,
514 951 542 975 et
569 951 750 982 conspectum
773 948 833 981 ejus
856 948 983 975 incarna-

186 994 289 1028 tionis,
313 994 503 1029 apostolorum
535 1001 634 1026 more,
662 993 800 1022 celebrate
829 994 982 1034 miracula,

184 1040 266 1067 ctiam
283 1043 310 1067 et
324 1039 495 1075 passionem,
513 1046 576 1074 qua:
593 1046 703 1067 sacrum
718 1046 768 1067 nos
781 1037 876 1066 docuit
894 1038 983 1066 Evan-

188 1086 303 1121 gelium.

219 1131 433 1167 Gangregamini
467 1131 619 1167 gaudentes
655 1130 854 1159 monachorum
883 1135 984 1163 coetus,

185 1182 214 1206 et
226 1179 307 1206 hilari
320 1179 414 1206 animo
431 1187 438 1205 :
455 1178 479 1206 si
495 1178 570 1206 enim
585 1177 656 1205 male
678 1178 876 1213 prtevaluerint
890 1178 985 1206 hostes

187 1225 265 1258 fidei,
295 1225 394 1252 iterum
419 1224 503 1252 etiam
532 1225 681 1252 vincentur
708 1224 814 1256 miseri,
839 1229 867 1252 et
892 1224 985 1252 consi-

186 1272 264 1302 lium,
284 1271 356 1305 quod
375 1270 534 1306 huiusmodi
563 1270 689 1298 homines
705 1270 829 1304 inierint,
850 1269 984 1298 Dominus

186 1315 341 1350 dissipabit.

222 1361 335 1388 Patrum
362 1360 487 1393 verbera,
511 1365 539 1389 et
569 1361 715 1389 vulnerum
745 1361 860 1396 sanguis
886 1369 981 1389 revera

186 1407 337 1440 desierunt,
365 1406 524 1442 frequentia
557 1407 657 1434 exsilia
685 1409 861 1441 quieverunt,
889 1411 917 1435 et
930 1415 984 1442 pax

187 1453 316 1481 omnibus
330 1458 505 1488 procuratur.
526 1451 584 1480 Non
612 1453 770 1488 peralcbit
792 1453 910 1487 amplius
926 1460 985 1480 ma-

187 1498 254 1532 gicae
270 1498 338 1526 artis
353 1498 502 1531 industria,
521 1498 594 1526 Deus
609 1498 711 1526 etenim
729 1502 772 1526 est
787 1498 946 1527 nobiscum.

223 1542 380 1578 lniquitatis
407 1543 489 1571 vinea
514 1543 666 1578 impietatis
688 1544 816 1579 palmites
848 1544 983 1577 extendit,
998 1553 1018 1582 ο

186 1594 214 1616 ct
246 1597 372 1617 amarum
400 1590 511 1617 botrum
537 1589 684 1625 produxit,
710 1595 738 1617 et
767 1590 808 1617 ira
832 1591 985 1618 draconum

186 1639 228 1662 est
249 1635 344 1662 viuum
371 1635 506 1670 ipsorum,
530 1643 585 1670 quo
609 1635 718 1663 Domini
732 1637 864 1671 populum
889 1645 985 1666 revera

188 1681 371 1714 inebriarunt,
384 1688 436 1708 sua
451 1689 534 1716 prava
549 1686 576 1709 et
595 1681 774 1709 obtenebrata
794 1686 896 1710 mente.

223 1725 368 1760 Templum
393 1730 470 1753 tuum
496 1726 757 1754 contaminaverunt
791 1727 888 1762 impii,
926 1727 985 1755 suis

187 1771 311 1807 profanis
338 1779 469 1798 manuum
496 1772 733 1807 impositionibus,
750 1778 777 1800 et
794 1773 957 1801 simoniacis
973 1782 980 1800 :

187 1822 215 1844 et
234 1817 286 1844 hac
309 1817 344 1844 de
361 1825 445 1844 causa
460 1817 537 1851 juxta
550 1825 644 1845 sacros
664 1825 786 1846 canones
800 1827 807 1845 :
827 1819 985 1846 istiusmodi

188 1863 325 1894 homines,
347 1871 362 1890 a
385 1863 477 1890 divina
503 1863 588 1898 gloria
608 1868 673 1891 sunt
685 1863 794 1897 deiecti,
817 1865 984 1899 quibuscum

187 1909 270 1936 etiam
289 1909 384 1936 Simon
413 1908 518 1944 Magus,
544 1913 572 1937 et
594 1908 715 1938 Joannes
730 1913 759 1937 et
781 1910 918 1939 Antonius
941 1911 982 1938 in-

187 1963 285 1983 sanu-s.

223 2001 307 2030 Fer‘as
327 2002 399 2036 illas,
413 2006 442 2029 et
458 2001 504 2029 Dei
518 2001 624 2035 hostes,
639 2002 784 2037 profanum
802 2004 910 2032 scilicet
926 2006 984 2032 An-

189 2049 295 2076 tonium
306 2054 333 2077 et
347 2054 562 2084 trangressorem
586 2048 722 2078 Joannem
736 2049 845 2078 Satanze
862 2056 983 2079 mentem

189 2095 327 2130 adeptum.
343 2101 371 2123 et
384 2095 516 2123 Ecclesia:
536 2096 757 2130 perturbatores,
772 2102 802 2124 ut
814 2097 896 2132 lupos
913 2097 983 2125 infc-

187 2145 246 2168 stos
258 2148 353 2169 omnes
368 2142 461 2169 lideles
481 2142 691 2176 convenientes,
716 2143 891 2172 anathemate
906 2144 984 2171 dam-

189 2194 297 2214 nemus.
318 2186 412 2214 Gloria
425 2187 510 2214 Patri.

1034 938 1140 974 θύμως,
1157 938 1225 965 θεῖοι
1237 938 1370 975 Πατέρες·
1388 938 1436 966 καὶ
1449 939 1499 974 τὴν
1516 938 1592 966 θείαν
1603 939 1654 974 τῆς
1665 938 1749 965 αὑτοῦ
1762 947 1831 975 σαρ-

1033 984 1157 1027 κώσεως,
1181 985 1370 1018 ἁποστολικῶς
1398 985 1598 1021 ἀνιστορήσατε
1638 985 1674 1012 τὰ
1699 985 1831 1020 θαύματα

1033 1032 1081 1058 καὶ
1096 1031 1131 1059 τὰ
1145 1031 1308 1067 παθήματα,
1326 1031 1419 1064 καθὼς
1445 1032 1548 1068 γράφει
1571 1031 1603 1059 τὸ
1617 1031 1688 1059 θεῖον
1703 1032 1832 1067 Εὐαγγέ-

1034 1077 1101 1105 λιον.

1075 1122 1253 1158 Ἀθροίσθητε
1275 1122 1437 1158 γεγηθότες,
1461 1124 1496 1150 τὰ
1520 1123 1611 1159 πλήθη
1630 1123 1686 1150 τῶν
1702 1124 1833 1159 μοναζόν-

1034 1177 1089 1195 νων
1105 1169 1135 1195 ὲν
1157 1169 1316 1205 παρρησίᾳ·
1332 1169 1381 1195 ἐὰν
1395 1170 1450 1204 γὰρ
1466 1169 1560 1201 κακῶς
1587 1169 1730 1205 ἰσχύσωσι,
1748 1170 1832 1197 πάλιν

1035 1216 1234 1252 ἡττηθήσονται
1249 1218 1274 1243 οι
1288 1217 1411 1244 δείλαιοι.
1429 1217 1485 1244 Καὶ
1498 1217 1532 1252 ῆν
1549 1217 1583 1244 ἂν
1596 1217 1695 1253 βουλὴν
1720 1217 1833 1252 βουλεύ-

1036 1270 1138 1289 σωνται
1153 1262 1178 1289 οἱ
1193 1262 1321 1296 τοιοῦτοι,
1334 1262 1509 1290 διασκεδάσει
1520 1262 1637 1298 Κύριος.

1070 1350 1104 1375 Al
1123 1349 1256 1385 μάστιγες
1279 1350 1334 1377 τῶν
1358 1351 1500 1386 Πατέρων,
1516 1351 1552 1378 τὰ
1573 1352 1678 1387 αῐματα
1698 1352 1754 1380 τῶν
1769 1361 1830 1388 μω-

1035 1395 1134 1422 λώπων
1147 1395 1275 1432 ἑλλειψαν
1287 1396 1373 1428 ὅντως
1385 1405 1393 1413 ·
1404 1397 1509 1433 ἑξορίαι
1524 1398 1647 1433 συνεχεῖς
1654 1397 1814 1426 ἐπαύσαντο
1825 1408 1830 1413 ι

1035 1442 1084 1468 καὶ
1109 1442 1206 1478 εἰρήνη
1233 1443 1300 1469 πᾶσι
1328 1442 1511 1476 πολιτεύεται,
1522 1444 1573 1470 οὐκ
1600 1443 1640 1470 ἔτι
1665 1443 1772 1480 ἰσχύσει
1801 1444 1833 1471 τὺ

1035 1487 1128 1523 δράμοι
1141 1487 1192 1522 τῆς
1208 1488 1335 1523 γοητείας
1346 1496 1354 1504 ⁰
1370 1488 1438 1520 Θεὸς
1450 1489 1505 1524 γὰρ
1524 1490 1584 1525 μεθ’
1596 1490 1674 1526 ἡμῶν
1689 1491 1777 1518 ἐστιν,

1077 1531 1108 1558 Ἦ
1123 1531 1246 1566 ἄμπελος
1262 1532 1313 1567 τῆς
1337 1533 1437 1565 κακίας
1453 1533 1570 1565 ἐξέτεινε
1586 1534 1621 1561 τὰ
1636 1535 1766 1570 κλήματα
1782 1535 1834 1570 τῆς

1036 1577 1177 1612 ἀσεὸείας,
1199 1578 1248 1605 καὶ
1262 1578 1309 1606 τὸν
1327 1578 1424 1614 βότρυν
1434 1580 1481 1606 τὸν
1495 1581 1596 1616 πικρὸν
1616 1580 1751 1616 ἐξήνθησε
1782 1582 1834 1609 καὶ

1037 1623 1123 1660 θυμὸς
1145 1624 1305 1661 δρακόντιος
1318 1626 1332 1652 ό
1347 1623 1420 1658 οἶνος
1435 1626 1526 1654 αὐτῶν
1537 1635 1544 1642 ·
1558 1626 1587 1659 ὲξ
1599 1625 1629 1654 οὖ
1644 1627 1691 1654 τὸν
1703 1627 1769 1655 λαὸν
1782 1628 1833 1655 τοῦ

1036 1671 1140 1706 Κυρίου
1155 1672 1284 1698 ὲπότισαν
1296 1671 1391 1705 ὅντως,
1405 1672 1455 1708 τὴν
1472 1673 1587 1709 θαλερὰν
1601 1674 1760 1701 κακόνοιαν.

1077 1716 1210 1751 Ἐμίαναν
1226 1717 1272 1743 τὸν
1287 1717 1352 1743 ναόν
1365 1726 1413 1744 σου
1443 1717 1575 1754 ἀθέσμοις
1594 1719 1776 1754 χειροτονίαις
1787 1719 1834 1747 διὰ

1035 1762 1200 1797 χρημάτων·
1218 1763 1266 1790 καὶ
1289 1764 1442 1796 κανονικῶς
1458 1760 1533 1791 οὗτοι
1556 1764 1749 1800 ἐκὸἐσληνται.
1775 1766 1835 1793 Καὶ

1034 1808 1084 1843 τῆς
1093 1807 1168 1840 Θείας
1181 1808 1260 1844 δόξης
1272 1809 1496 1843 ὲκπεπτὼκασιν,
1509 1812 1523 1837 ό
1535 1811 1626 1846 Σίμων
1638 1812 1652 1837 ό
1663 1811 1770 1846 Μάγος,
1781 1813 1834 1838 σὺν

1034 1852 1122 1888 τούτῳ
1136 1854 1184 1880 καὶ
1204 1854 1334 1890 Ἰωάννης
1345 1855 1392 1882 καὶ
1406 1856 1421 1882 ὁ
1433 1855 1522 1888 δεινὸς
1540 1856 1695 1888 ’Δντώνιος.

1070 2001 1141 2034 Τοὺς
1157 2001 1244 2038 θῆρας
1258 2002 1305 2029 καὶ
1330 2002 1493 2039 θεομάχους,
1515 2003 1662 2031 ’Λντώνιον
1686 2005 1734 2031 τὸν
1748 2005 1836 2042 βέϐη-

1033 2046 1089 2079 λον,
1107 2048 1156 2074 καὶ
1178 2048 1344 2084 παραϐάτην
1366 2049 1494 2085 Ἰωάννην
1518 2050 1564 2076 τὸν
1586 2051 1832 2086 σατανογνώμονα,

1033 2093 1081 2119 καὶ
1095 2093 1145 2129 τῆς
1166 2093 1332 2128 Ἐκκλησίας
1351 2094 1541 2130 πολεμήτορα,
1558 2095 1596 2127 ὡς
1618 2095 1719 2128 λύκους
1733 2096 1835 2132 βαρεῖς

1034 2139 1217 2172 συνελθόντες,
1231 2139 1421 2175 ἀναθεμάτους
1436 2141 1530 2168 πιστοὶ
1542 2141 1754 2178 ἁναὸοήσωμεν.
1764 2143 1793 2171 θ.

228 2233 354 2261 lucreata
383 2233 544 2261 monarcltia
559 2233 650 2265 Pater.
666 2239 693 2261 et
706 2233 804 2267 Filius,
819 2239 846 2262 et
862 2235 981 2270 Spiritus

1075 2241 1108 2267 'H
1116 2241 1244 2274 ἄκτιστος
1256 2242 1404 2278 μοναρχία,
1421 2243 1524 2280 Πάτερ,
1535 2242 1586 2270 Υἱὲ
1599 2243 1647 2270 καὶ
1659 2243 1784 2277 Πνεῦμα,
1801 2244 1835 2270 σὲ

189 2284 313 2310 sanctus,
329 2284 355 2307 te
372 2280 530 2312 adoramus,
544 2287 626 2315 quam
636 2279 797 2314 Cherubim,
810 2282 905 2309 multis
919 2290 983 2310 ocu-

188 2326 222 2353 lis
254 2329 407 2358 exornata,
433 2329 460 2352 et
483 2324 640 2360 Serapltim,
668 2333 715 2353 sex
737 2326 789 2353 alis
812 2327 982 2355 circumdata

189 2371 302 2398 laudant
331 2370 479 2398 clamantia
494 2380 502 2398 :
528 2370 659 2403 Sanctus,
675 2378 800 2404 sanctus,
816 2378 928 2400 sanctus
941 2381 981 2406 es,

187 2426 204 2444 ι)
218 2418 326 2445 excelse
340 2423 367 2445 et
381 2417 567 2452 omnipotens.

225 2463 335 2491 Sanctis
365 2463 497 2495 sanctior,
524 2467 552 2490 ct
568 2463 698 2490 omnibus
727 2464 863 2492 creaturis
894 2465 984 2492 excel-

190 2508 257 2541 sior,
278 2513 307 2535 tu
325 2508 385 2536 sola
398 2508 551 2544 apparuisti
573 2507 658 2534 Mater
676 2508 759 2534 simul
775 2512 802 2535 et
828 2507 911 2545 Virgo
934 2509 983 2537 Dei

186 2554 329 2588 Genitrix,
359 2562 423 2582 cum
452 2555 543 2588 ipsum
571 2558 649 2580 tuum
674 2552 834 2581 Creatorem
868 2562 983 2590 pepere-

189 2601 238 2632 ris,
259 2605 428 2636 quapropter
452 2604 528 2628 tuam
551 2605 675 2628 sanctam
697 2601 846 2636 imaginem
869 2609 984 2630 venera-

190 2655 262 2675 mur.

520 2692 588 2720 ODA
612 2691 646 2720 V.

223 2739 352 2768 Christus
367 2739 444 2773 vicit,
456 2740 577 2767 exsultet
593 2743 678 2772 terra,
703 2740 810 2776 quievit
836 2741 981 2774 tumultus,

188 2787 353 2822 quieverunt
380 2791 408 2815 et
422 2787 550 2822 lacrymte
578 2794 722 2815 servorum
754 2788 814 2821 Dei,
836 2788 903 2817 lides
919 2797 982 2817 vero

190 2833 292 2868 ubique
308 2841 356 2869 per
373 2833 532 2861 universum
546 2833 639 2861 orbem
656 2838 698 2862 est
711 2834 889 2870 promulgata.

1034 2287 1253 2323 προσκυνοῦμεν,
1270 2288 1302 2324 ἢν
1318 2289 1351 2315 τὰ
1361 2289 1503 2324 Χερουϐὶμ
1517 2289 1552 2316 τὰ
1572 2289 1766 2324 πολυόμματα,
1781 2289 1839 2316 καὶ

1032 2333 1067 2360 τὰ
1084 2333 1212 2369 Σεραφὶμ
1229 2333 1263 2360 τὰ
1277 2334 1462 2369 ὲξαπτέρυγα,
1475 2334 1591 2370 ὑμνοῦσι
1610 2334 1810 2369 κραυγάζοντα
1824 2342 1833 2350 ⁸

1034 2379 1139 2414 Ἄγιος,
1156 2380 1243 2415 ἅγιος,
1259 2381 1337 2415 ἅγιος
1351 2379 1386 2413 εί,
1401 2378 1424 2408 ὧ
1437 2381 1636 2417 παντοκράτωρ
1653 2381 1783 2416 Ὗψιστε.
1793 2381 1834 2408 θ’.

1076 2470 1178 2504 Ἀγίων
1204 2471 1355 2507 ἀγιωτέρα,
1380 2471 1427 2499 καὶ
1458 2472 1568 2499 πάντων
1588 2471 1744 2506 ὑψηλοτέρα
1771 2470 1836 2497 τῶν

1033 2517 1205 2552 ποιημάτων,
1233 2517 1300 2553 μόνη
1323 2517 1494 2558 ἀνεδείχθης,
1521 2516 1755 2553 Μητροπάρθενευ
1789 2516 1836 2548 ὡς
1858 2508 1863 2514 “

1032 2563 1115 2590 αὑτὸν
1131 2564 1257 2598 κυήσασα
1274 2564 1321 2590 τὸν
1333 2564 1462 2600 Πλάστην
1477 2564 1583 2597 σου,διὸ
1595 2563 1644 2600 τὴν
1661 2563 1742 2597 ἁγίαν
1759 2571 1835 2599 μορ.

1033 2609 1087 2645 φῆν
1107 2617 1166 2642 σου,
1179 2608 1377 2645 Θεογεννῆτορ,
1395 2610 1426 2636 ἐν
1441 2610 1628 2646 προσκυνήσει
1642 2608 1753 2645 ἔχομεν.

1386 2698 1430 2724 ΔΗ
1450 2698 1489 2725 Ε¹.

1386 2698 1430 2724 ΔΗ
1450 2698 1489 2725 Ε¹.

1066 2741 1185 2776 Χριστὸς
1212 2742 1342 2778 νενίκηκε
1355 2698 1533 2778 οῼσκιρτάτω
1557 2745 1574 2779 ἠ
1603 2744 1658 2780 γῆ’
1685 2745 1838 2772 πέπαυται

1032 2786 1147 2821 θόρυϐος
1157 2795 1165 2803 ·
1182 2788 1321 2815 πέπαυται
1335 2789 1384 2816 καὶ
1397 2789 1412 2815 ὁ
1425 2789 1574 2825 κλαυθμὸς,
1592 2789 1647 2817 τῶν
1657 2790 1705 2817 τοῦ
1721 2791 1838 2826 Κυρίου

1031 2832 1151 2859 δούλων·
1177 2835 1194 2870 ἡ
1221 2835 1315 2867 πίστις
1345 2835 1374 2862 δὲ
1420 2835 1560 2872 πανταχοῦ
1587 2836 1626 2872 τῷ
1659 2837 1755 2873 κόσμῳ
1778 2837 1839 2873 ἐφ-

1032 2880 1154 2917 ηπλώθη.
