  <div class='ocr_page' id='page_1' title='image "/cluster/home/n/w/nwhite01/storage/ocr_20150623/99/njp.32101010943858/958.png"; bbox 0 0 1925 3088; ppageno 0'>
   <div class='ocr_carea' id='block_1_1' title="bbox 167 188 236 221">
    <p class='ocr_par' dir='ltr' id='par_1_1' title="bbox 167 188 236 221">
     <span class='ocr_line' id='line_1_1' title="bbox 167 188 236 221; baseline -0.014 0"><span class='ocrx_word' id='word_1_1' title='bbox 167 188 236 221; x_wconf 83' lang='grc'>1773</span> 
     </span>
    </p>
   </div>
   <div class='ocr_carea' id='block_1_2' title="bbox 165 291 957 329">
    <p class='ocr_par' dir='ltr' id='par_1_2' title="bbox 165 291 957 329">
     <span class='ocr_line' id='line_1_2' title="bbox 165 291 957 329; baseline -0.004 -9"><span class='ocrx_word' id='word_1_2' title='bbox 165 294 330 329; x_wconf 80' lang='grc' dir='ltr'><strong>στέργομεν,</strong></span> <span class='ocrx_word' id='word_1_3' title='bbox 358 291 545 326; x_wconf 72' lang='grc' dir='ltr'><strong>ἀσπαζόμενοι</strong></span> <span class='ocrx_word' id='word_1_4' title='bbox 575 291 694 326; x_wconf 80' lang='grc' dir='ltr'>Χριστὸν</span> <span class='ocrx_word' id='word_1_5' title='bbox 727 291 774 317; x_wconf 73' lang='grc' dir='ltr'>καὶ</span> <span class='ocrx_word' id='word_1_6' title='bbox 811 292 845 317; x_wconf 75' lang='grc' dir='ltr'><strong>τὰ</strong></span> <span class='ocrx_word' id='word_1_7' title='bbox 873 291 957 317; x_wconf 74' lang='grc' dir='ltr'>αὑτοῦ</span> 
     </span>
    </p>
   </div>
   <div class='ocr_carea' id='block_1_3' title="bbox 165 336 957 376">
    <p class='ocr_par' dir='ltr' id='par_1_3' title="bbox 165 336 957 376">
     <span class='ocr_line' id='line_1_3' title="bbox 165 336 957 376; baseline -0.004 -9"><span class='ocrx_word' id='word_1_8' title='bbox 165 340 279 376; x_wconf 77' lang='grc' dir='ltr'>σημεῖα,</span> <span class='ocrx_word' id='word_1_9' title='bbox 293 339 342 366; x_wconf 75' lang='grc' dir='ltr'><strong>καὶ</strong></span> <span class='ocrx_word' id='word_1_10' title='bbox 355 336 564 374; x_wconf 77' lang='grc' dir='ltr'><strong>προσκυνοῦμεν</strong></span> <span class='ocrx_word' id='word_1_11' title='bbox 589 337 659 364; x_wconf 84' lang='grc' dir='ltr'><strong>αὐτά</strong></span> <span class='ocrx_word' id='word_1_12' title='bbox 671 345 678 353; x_wconf 79' lang='grc'><strong>’</strong></span> <span class='ocrx_word' id='word_1_13' title='bbox 694 337 743 373; x_wconf 79' lang='grc' dir='ltr'>οὐχ</span> <span class='ocrx_word' id='word_1_14' title='bbox 756 337 794 369; x_wconf 84' lang='grc' dir='ltr'><strong>ὡς</strong></span> <span class='ocrx_word' id='word_1_15' title='bbox 820 337 898 369; x_wconf 77' lang='grc' dir='ltr'>θεοὺς</span> <span class='ocrx_word' id='word_1_16' title='bbox 914 346 941 364; x_wconf 88' lang='grc' dir='ltr'><strong>τι</strong></span> <span class='ocrx_word' id='word_1_17' title='bbox 951 352 957 357; x_wconf 89' lang='grc'><strong>-</strong></span> 
     </span>
    </p>
   </div>
   <div class='ocr_carea' id='block_1_4' title="bbox 167 387 284 422">
    <p class='ocr_par' dir='ltr' id='par_1_4' title="bbox 167 387 284 422">
     <span class='ocr_line' id='line_1_4' title="bbox 167 387 284 422; baseline 0 -9"><span class='ocrx_word' id='word_1_18' title='bbox 167 387 226 422; x_wconf 84' lang='grc' dir='ltr'>μῶν</span> <span class='ocrx_word' id='word_1_19' title='bbox 232 395 284 418; x_wconf 80' lang='grc' dir='ltr'>ιες.</span> 
     </span>
    </p>
   </div>
   <div class='ocr_carea' id='block_1_5' title="bbox 201 428 957 468">
    <p class='ocr_par' dir='ltr' id='par_1_5' title="bbox 201 428 957 468">
     <span class='ocr_line' id='line_1_5' title="bbox 201 428 957 468; baseline -0.005 -9"><span class='ocrx_word' id='word_1_20' title='bbox 201 432 314 468; x_wconf 81' lang='grc' dir='ltr'><strong>Πνεῦμα</strong></span> <span class='ocrx_word' id='word_1_21' title='bbox 330 431 361 458; x_wconf 82' lang='grc' dir='ltr'>τὸ</span> <span class='ocrx_word' id='word_1_22' title='bbox 383 430 562 466; x_wconf 76' lang='grc' dir='ltr'>πολύρῤημον</span> <span class='ocrx_word' id='word_1_23' title='bbox 589 431 638 457; x_wconf 75' lang='grc' dir='ltr'><strong>καὶ</strong></span> <span class='ocrx_word' id='word_1_24' title='bbox 662 429 824 466; x_wconf 79' lang='grc' dir='ltr'><strong>βλάσφημον</strong></span> <span class='ocrx_word' id='word_1_25' title='bbox 837 428 957 464; x_wconf 80' lang='grc' dir='ltr'>Δήζικος</span> 
     </span>
    </p>
   </div>
   <div class='ocr_carea' id='block_1_6' title="bbox 164 474 958 511">
    <p class='ocr_par' dir='ltr' id='par_1_6' title="bbox 164 474 958 511">
     <span class='ocr_line' id='line_1_6' title="bbox 164 474 958 511; baseline -0.008 -5"><span class='ocrx_word' id='word_1_26' title='bbox 164 479 316 510; x_wconf 76' lang='grc' dir='ltr'><strong>πέπαυται,</strong></span> <span class='ocrx_word' id='word_1_27' title='bbox 331 477 362 504; x_wconf 83' lang='grc' dir='ltr'>τὸ</span> <span class='ocrx_word' id='word_1_28' title='bbox 384 476 483 504; x_wconf 78' lang='grc' dir='ltr'><strong>λαλοῦν</strong></span> <span class='ocrx_word' id='word_1_29' title='bbox 510 477 667 508; x_wconf 80' lang='grc' dir='ltr'>διαπαντὸς,</span> <span class='ocrx_word' id='word_1_30' title='bbox 683 476 791 511; x_wconf 75' lang='grc' dir='ltr'>ἡμέραν</span> <span class='ocrx_word' id='word_1_31' title='bbox 816 474 878 502; x_wconf 76' lang='grc' dir='ltr'>καθ’</span> <span class='ocrx_word' id='word_1_32' title='bbox 893 474 958 510; x_wconf 80' lang='grc' dir='ltr'><strong>ἠμέ-</strong></span> 
     </span>
    </p>
   </div>
   <div class='ocr_carea' id='block_1_7' title="bbox 166 521 956 562">
    <p class='ocr_par' dir='ltr' id='par_1_7' title="bbox 166 521 956 562">
     <span class='ocr_line' id='line_1_7' title="bbox 166 521 956 562; baseline -0.006 -9"><span class='ocrx_word' id='word_1_33' title='bbox 166 534 216 562; x_wconf 83' lang='grc' dir='ltr'><strong>ραν</strong></span> <span class='ocrx_word' id='word_1_34' title='bbox 232 526 303 552; x_wconf 70' lang='grc' dir='ltr'>κατὰ</span> <span class='ocrx_word' id='word_1_35' title='bbox 316 525 366 559; x_wconf 81' lang='grc' dir='ltr'>τῆς</span> <span class='ocrx_word' id='word_1_36' title='bbox 381 524 458 556; x_wconf 88' lang='grc' dir='ltr'>θείας</span> <span class='ocrx_word' id='word_1_37' title='bbox 477 524 584 560; x_wconf 76' lang='grc' dir='ltr'>μορφῆς</span> <span class='ocrx_word' id='word_1_38' title='bbox 595 522 715 559; x_wconf 79' lang='grc' dir='ltr'><strong>Χριστοῦ</strong></span> <span class='ocrx_word' id='word_1_39' title='bbox 731 526 777 549; x_wconf 80' lang='grc' dir='ltr'><strong>καὶ</strong></span> <span class='ocrx_word' id='word_1_40' title='bbox 790 521 844 549; x_wconf 86' lang='grc' dir='ltr'><strong>τῶν</strong></span> <span class='ocrx_word' id='word_1_41' title='bbox 859 521 956 556; x_wconf 83' lang='grc' dir='ltr'>ἁγίων.</span> 
     </span>
    </p>
   </div>
   <div class='ocr_carea' id='block_1_8' title="bbox 200 609 956 648">
    <p class='ocr_par' dir='ltr' id='par_1_8' title="bbox 200 609 956 648">
     <span class='ocr_line' id='line_1_8' title="bbox 200 609 956 648; baseline -0.007 -8"><span class='ocrx_word' id='word_1_42' title='bbox 200 613 261 640; x_wconf 84' lang='grc' dir='ltr'>Ἵνα</span> <span class='ocrx_word' id='word_1_43' title='bbox 271 613 310 646; x_wconf 80' lang='grc' dir='ltr'><strong>τί,</strong></span> <span class='ocrx_word' id='word_1_44' title='bbox 328 610 643 648; x_wconf 80' lang='grc' dir='ltr'>τρισάθλιε,μεμίσηκας</span> <span class='ocrx_word' id='word_1_45' title='bbox 660 610 801 646; x_wconf 75' lang='grc' dir='ltr'><strong>μόρφωσιν</strong></span> <span class='ocrx_word' id='word_1_46' title='bbox 813 609 956 644; x_wconf 78' lang='grc' dir='ltr'>ἄχραντον,</span> 
     </span>
    </p>
   </div>
   <div class='ocr_carea' id='block_1_9' title="bbox 164 655 956 695">
    <p class='ocr_par' dir='ltr' id='par_1_9' title="bbox 164 655 956 695">
     <span class='ocr_line' id='line_1_9' title="bbox 164 655 956 695; baseline -0.006 -9"><span class='ocrx_word' id='word_1_47' title='bbox 164 661 213 695; x_wconf 84' lang='grc' dir='ltr'>τῆς</span> <span class='ocrx_word' id='word_1_48' title='bbox 242 658 408 694; x_wconf 81' lang='grc' dir='ltr'>σαρκώσεως</span> <span class='ocrx_word' id='word_1_49' title='bbox 431 656 562 692; x_wconf 76' lang='grc' dir='ltr'><strong>Χριστοῦ,</strong></span> <span class='ocrx_word' id='word_1_50' title='bbox 581 656 630 682; x_wconf 80' lang='grc' dir='ltr'><strong>καὶ</strong></span> <span class='ocrx_word' id='word_1_51' title='bbox 648 655 703 682; x_wconf 84' lang='grc' dir='ltr'><strong>τῶν</strong></span> <span class='ocrx_word' id='word_1_52' title='bbox 723 655 810 690; x_wconf 86' lang='grc' dir='ltr'>ἁγίων</span> <span class='ocrx_word' id='word_1_53' title='bbox 830 655 956 689; x_wconf 83' lang='grc' dir='ltr'>πάντων;</span> 
     </span>
    </p>
   </div>
   <div class='ocr_carea' id='block_1_10' title="bbox 166 702 920 741">
    <p class='ocr_par' dir='ltr' id='par_1_10' title="bbox 166 702 920 741">
     <span class='ocr_line' id='line_1_10' title="bbox 166 702 920 741; baseline -0.005 -10"><span class='ocrx_word' id='word_1_54' title='bbox 166 705 204 741; x_wconf 74' lang='grc' dir='ltr'>μὴ</span> <span class='ocrx_word' id='word_1_55' title='bbox 216 705 271 741; x_wconf 86' lang='grc' dir='ltr'><strong>γὰρ</strong></span> <span class='ocrx_word' id='word_1_56' title='bbox 284 704 405 736; x_wconf 83' lang='grc' dir='ltr'>είδώλοις</span> <span class='ocrx_word' id='word_1_57' title='bbox 422 705 524 738; x_wconf 80' lang='grc' dir='ltr'>κωφοῖς</span> <span class='ocrx_word' id='word_1_58' title='bbox 554 703 578 729; x_wconf 78' lang='grc' dir='ltr'>οἱ</span> <span class='ocrx_word' id='word_1_59' title='bbox 594 702 685 729; x_wconf 78' lang='grc' dir='ltr'>πιστοὶ</span> <span class='ocrx_word' id='word_1_60' title='bbox 697 702 920 737; x_wconf 80' lang='grc' dir='ltr'>προσκυνοῦμεν;</span> 
     </span>
    </p>
   </div>
   <div class='ocr_carea' id='block_1_11' title="bbox 204 787 958 830">
    <p class='ocr_par' dir='ltr' id='par_1_11' title="bbox 204 787 958 830">
     <span class='ocr_line' id='line_1_11' title="bbox 204 787 958 830; baseline -0.008 -10"><span class='ocrx_word' id='word_1_61' title='bbox 204 793 346 830; x_wconf 83' lang='grc' dir='ltr'>’Δσεὸείας</span> <span class='ocrx_word' id='word_1_62' title='bbox 359 792 463 828; x_wconf 70' lang='grc' dir='ltr'>ὄργανα</span> <span class='ocrx_word' id='word_1_63' title='bbox 480 790 674 826; x_wconf 82' lang='grc' dir='ltr'><strong>τυγχάνοντες,</strong></span> <span class='ocrx_word' id='word_1_64' title='bbox 701 788 835 824; x_wconf 66' lang='grc' dir='ltr'>ἥθροισαν</span> <span class='ocrx_word' id='word_1_65' title='bbox 850 787 958 815; x_wconf 82' lang='grc' dir='ltr'>σύνοδον</span> 
     </span>
    </p>
   </div>
   <div class='ocr_carea' id='block_1_12' title="bbox 164 835 959 876">
    <p class='ocr_par' dir='ltr' id='par_1_12' title="bbox 164 835 959 876">
     <span class='ocr_line' id='line_1_12' title="bbox 164 835 959 876; baseline -0.009 -8"><span class='ocrx_word' id='word_1_66' title='bbox 164 841 261 876; x_wconf 77' lang='grc' dir='ltr'>ἱερέων</span> <span class='ocrx_word' id='word_1_67' title='bbox 276 840 394 872; x_wconf 75' lang='grc' dir='ltr'>ἀσεϐῶν,</span> <span class='ocrx_word' id='word_1_68' title='bbox 409 839 479 866; x_wconf 75' lang='grc' dir='ltr'>κατὰ</span> <span class='ocrx_word' id='word_1_69' title='bbox 501 837 569 864; x_wconf 84' lang='grc' dir='ltr'>Θεοῦ</span> <span class='ocrx_word' id='word_1_70' title='bbox 589 837 702 873; x_wconf 67' lang='grc' dir='ltr'>ὑψίστου</span> <span class='ocrx_word' id='word_1_71' title='bbox 712 845 719 853; x_wconf 70' lang='grc' dir='ltr'>σ</span> <span class='ocrx_word' id='word_1_72' title='bbox 735 837 774 869; x_wconf 86' lang='grc' dir='ltr'>ὼς</span> <span class='ocrx_word' id='word_1_73' title='bbox 792 836 914 863; x_wconf 76' lang='grc' dir='ltr'>Ἰουδαῖοι</span> <span class='ocrx_word' id='word_1_74' title='bbox 928 835 959 861; x_wconf 83' lang='grc' dir='ltr'>τὸ</span> 
     </span>
    </p>
   </div>
   <div class='ocr_carea' id='block_1_13' title="bbox 162 884 579 922">
    <p class='ocr_par' dir='ltr' id='par_1_13' title="bbox 162 884 579 922">
     <span class='ocr_line' id='line_1_13' title="bbox 162 884 579 922; baseline -0.007 -9"><span class='ocrx_word' id='word_1_75' title='bbox 162 887 240 922; x_wconf 76' lang='grc' dir='ltr'>πρὶν,</span> <span class='ocrx_word' id='word_1_76' title='bbox 259 886 360 917; x_wconf 80' lang='grc' dir='ltr'>Ἀννας</span> <span class='ocrx_word' id='word_1_77' title='bbox 376 885 423 912; x_wconf 66' lang='grc' dir='ltr'><strong>κα)⁸</strong></span> <span class='ocrx_word' id='word_1_78' title='bbox 440 884 579 918; x_wconf 80' lang='grc' dir='ltr'>Καϊάφας.</span> 
     </span>
    </p>
   </div>
   <div class='ocr_carea' id='block_1_14' title="bbox 675 187 1394 219">
    <p class='ocr_par' dir='ltr' id='par_1_14' title="bbox 675 187 1394 219">
     <span class='ocr_line' id='line_1_14' title="bbox 675 187 1394 219; baseline -0.003 0"><span class='ocrx_word' id='word_1_79' title='bbox 675 189 799 219; x_wconf 85' lang='lat' dir='ltr'><strong>CANON</strong></span> <span class='ocrx_word' id='word_1_80' title='bbox 820 189 861 219; x_wconf 81' lang='lat' dir='ltr'><strong>IN</strong></span> <span class='ocrx_word' id='word_1_81' title='bbox 883 187 1099 218; x_wconf 83' lang='lat' dir='ltr'><strong>ERECTIONE</strong></span> <span class='ocrx_word' id='word_1_82' title='bbox 1118 188 1170 217; x_wconf 91' lang='lat' dir='ltr'><strong>SS.</strong></span> <span class='ocrx_word' id='word_1_83' title='bbox 1186 187 1394 218; x_wconf 81' lang='lat' dir='ltr'><strong>IMAGINUM.</strong></span> 
     </span>
    </p>
   </div>
   <div class='ocr_carea' id='block_1_15' title="bbox 206 244 994 280">
    <p class='ocr_par' dir='ltr' id='par_1_15' title="bbox 206 244 994 280">
     <span class='ocr_line' id='line_1_15' title="bbox 206 244 994 280; baseline -0.003 -7"><span class='ocrx_word' id='word_1_84' title='bbox 206 247 250 273; x_wconf 81' lang='grc' dir='ltr'>Ἑν</span> <span class='ocrx_word' id='word_1_85' title='bbox 278 245 365 273; x_wconf 86' lang='grc' dir='ltr'>εἰκόνι</span> <span class='ocrx_word' id='word_1_86' title='bbox 391 245 540 280; x_wconf 81' lang='grc' dir='ltr'>βλέποντες</span> <span class='ocrx_word' id='word_1_87' title='bbox 565 244 615 279; x_wconf 80' lang='grc' dir='ltr'>τὴν</span> <span class='ocrx_word' id='word_1_88' title='bbox 648 245 801 280; x_wconf 85' lang='grc' dir='ltr'>σταύρωσιν</span> <span class='ocrx_word' id='word_1_89' title='bbox 830 244 957 276; x_wconf 75' lang='grc' dir='ltr'>σέϐοντες</span> <span class='ocrx_word' id='word_1_90' title='bbox 972 249 994 276; x_wconf 77' lang='grc' dir='ltr'><strong>Α</strong></span> 
     </span>
    </p>
   </div>
   <div class='ocr_carea' id='block_1_16' title="bbox 1742 187 1810 219">
    <p class='ocr_par' dir='ltr' id='par_1_16' title="bbox 1742 187 1810 219">
     <span class='ocr_line' id='line_1_16' title="bbox 1742 187 1810 219; baseline -0.015 0"><span class='ocrx_word' id='word_1_91' title='bbox 1742 187 1810 219; x_wconf 71' lang='grc'>1774</span> 
     </span>
    </p>
   </div>
   <div class='ocr_carea' id='block_1_17' title="bbox 1045 242 1810 279">
    <p class='ocr_par' dir='ltr' id='par_1_17' title="bbox 1045 242 1810 279">
     <span class='ocr_line' id='line_1_17' title="bbox 1045 242 1810 279; baseline 0.005 -9"><span class='ocrx_word' id='word_1_92' title='bbox 1045 243 1074 271; x_wconf 87' lang='lat' dir='ltr'><strong>In</strong></span> <span class='ocrx_word' id='word_1_93' title='bbox 1090 243 1212 279; x_wconf 75' lang='lat' dir='ltr'><strong>imagine</strong></span> <span class='ocrx_word' id='word_1_94' title='bbox 1236 248 1380 271; x_wconf 83' lang='lat' dir='ltr'><strong>cernentes</strong></span> <span class='ocrx_word' id='word_1_95' title='bbox 1401 243 1479 271; x_wconf 87' lang='lat' dir='ltr'><strong>cruci</strong></span> <span class='ocrx_word' id='word_1_96' title='bbox 1507 242 1664 271; x_wconf 77' lang='lat' dir='ltr'><strong>aiﬂxionem</strong></span> <span class='ocrx_word' id='word_1_97' title='bbox 1688 244 1810 275; x_wconf 72' lang='lat' dir='ltr'><strong>Domini.</strong></span> 
     </span>
    </p>
   </div>
   <div class='ocr_carea' id='block_1_18' title="bbox 1008 289 1808 326">
    <p class='ocr_par' dir='ltr' id='par_1_18' title="bbox 1008 289 1808 326">
     <span class='ocr_line' id='line_1_18' title="bbox 1008 289 1808 326; baseline 0.004 -9"><span class='ocrx_word' id='word_1_98' title='bbox 1008 290 1084 317; x_wconf 85' lang='lat' dir='ltr'><strong>illam</strong></span> <span class='ocrx_word' id='word_1_99' title='bbox 1111 297 1296 322; x_wconf 86' lang='lat' dir='ltr'><strong>\eneramur,</strong></span> <span class='ocrx_word' id='word_1_100' title='bbox 1324 289 1466 317; x_wconf 83' lang='lat' dir='ltr'><strong>Christum</strong></span> <span class='ocrx_word' id='word_1_101' title='bbox 1494 293 1522 317; x_wconf 89' lang='lat' dir='ltr'><strong>et</strong></span> <span class='ocrx_word' id='word_1_102' title='bbox 1544 290 1605 325; x_wconf 86' lang='lat' dir='ltr'><strong>ejus</strong></span> <span class='ocrx_word' id='word_1_103' title='bbox 1634 291 1714 326; x_wconf 80' lang='lat' dir='ltr'><strong>signa</strong></span> <span class='ocrx_word' id='word_1_104' title='bbox 1738 292 1808 320; x_wconf 90' lang='lat' dir='ltr'><strong>ado-</strong></span> 
     </span>
    </p>
   </div>
   <div class='ocr_carea' id='block_1_19' title="bbox 1009 336 1807 373">
    <p class='ocr_par' dir='ltr' id='par_1_19' title="bbox 1009 336 1807 373">
     <span class='ocr_line' id='line_1_19' title="bbox 1009 336 1807 373; baseline 0.003 -9"><span class='ocrx_word' id='word_1_105' title='bbox 1009 342 1122 369; x_wconf 83' lang='lat' dir='ltr'><strong>rantes;</strong></span> <span class='ocrx_word' id='word_1_106' title='bbox 1151 344 1207 364; x_wconf 89' lang='lat' dir='ltr'><strong>non</strong></span> <span class='ocrx_word' id='word_1_107' title='bbox 1236 341 1330 364; x_wconf 85' lang='lat' dir='ltr'><strong>tamen</strong></span> <span class='ocrx_word' id='word_1_108' title='bbox 1352 336 1388 364; x_wconf 88' lang='lat' dir='ltr'><strong>ila</strong></span> <span class='ocrx_word' id='word_1_109' title='bbox 1411 344 1574 364; x_wconf 81' lang='lat' dir='ltr'><strong>veneramur</strong></span> <span class='ocrx_word' id='word_1_110' title='bbox 1603 342 1632 364; x_wconf 88' lang='lat' dir='ltr'><strong>ut</strong></span> <span class='ocrx_word' id='word_1_111' title='bbox 1662 338 1807 373; x_wconf 78' lang='lat' dir='ltr'><strong>gentilium</strong></span> 
     </span>
    </p>
   </div>
   <div class='ocr_carea' id='block_1_20' title="bbox 1008 383 1087 411">
    <p class='ocr_par' dir='ltr' id='par_1_20' title="bbox 1008 383 1087 411">
     <span class='ocr_line' id='line_1_20' title="bbox 1008 383 1087 411; baseline 0 -1"><span class='ocrx_word' id='word_1_112' title='bbox 1008 383 1087 411; x_wconf 90' lang='lat' dir='ltr'><strong>deos.</strong></span> 
     </span>
    </p>
   </div>
   <div class='ocr_carea' id='block_1_21' title="bbox 1045 429 1810 465">
    <p class='ocr_par' dir='ltr' id='par_1_21' title="bbox 1045 429 1810 465">
     <span class='ocr_line' id='line_1_21' title="bbox 1045 429 1810 465; baseline 0 -9"><span class='ocrx_word' id='word_1_113' title='bbox 1045 429 1166 464; x_wconf 73' lang='lat' dir='ltr'><strong>Spiritus</strong></span> <span class='ocrx_word' id='word_1_114' title='bbox 1191 429 1238 457; x_wconf 83' lang='lat' dir='ltr'><strong>ille</strong></span> <span class='ocrx_word' id='word_1_115' title='bbox 1263 430 1365 465; x_wconf 79' lang='lat' dir='ltr'><strong>loquax</strong></span> <span class='ocrx_word' id='word_1_116' title='bbox 1390 434 1418 457; x_wconf 92' lang='lat' dir='ltr'><strong>et</strong></span> <span class='ocrx_word' id='word_1_117' title='bbox 1440 429 1617 465; x_wconf 87' lang='lat' dir='ltr'><strong>blasphemus</strong></span> <span class='ocrx_word' id='word_1_118' title='bbox 1632 429 1733 458; x_wconf 81' lang='lat' dir='ltr'><strong>Lezius</strong></span> <span class='ocrx_word' id='word_1_119' title='bbox 1752 430 1810 458; x_wconf 90' lang='lat' dir='ltr'><strong>sci-</strong></span> 
     </span>
    </p>
   </div>
   <div class='ocr_carea' id='block_1_22' title="bbox 1008 474 1805 510">
    <p class='ocr_par' dir='ltr' id='par_1_22' title="bbox 1008 474 1805 510">
     <span class='ocr_line' id='line_1_22' title="bbox 1008 474 1805 510; baseline 0 -8"><span class='ocrx_word' id='word_1_120' title='bbox 1008 474 1082 508; x_wconf 87' lang='lat' dir='ltr'><strong>licet,</strong></span> <span class='ocrx_word' id='word_1_121' title='bbox 1104 475 1161 510; x_wconf 81' lang='lat' dir='ltr'><strong>jam</strong></span> <span class='ocrx_word' id='word_1_122' title='bbox 1177 476 1291 510; x_wconf 85' lang='lat' dir='ltr'><strong>quievit,</strong></span> <span class='ocrx_word' id='word_1_123' title='bbox 1316 475 1364 510; x_wconf 88' lang='lat' dir='ltr'><strong>qui</strong></span> <span class='ocrx_word' id='word_1_124' title='bbox 1381 474 1540 510; x_wconf 84' lang='lat' dir='ltr'><strong>frequenter</strong></span> <span class='ocrx_word' id='word_1_125' title='bbox 1561 476 1685 510; x_wconf 76' lang='lat' dir='ltr'><strong>quotidie</strong></span> <span class='ocrx_word' id='word_1_126' title='bbox 1706 475 1805 503; x_wconf 86' lang='lat' dir='ltr'><strong>adver-</strong></span> 
     </span>
    </p>
   </div>
   <div class='ocr_carea' id='block_1_23' title="bbox 1008 521 1809 557">
    <p class='ocr_par' dir='ltr' id='par_1_23' title="bbox 1008 521 1809 557">
     <span class='ocr_line' id='line_1_23' title="bbox 1008 521 1809 557; baseline 0 -9"><span class='ocrx_word' id='word_1_127' title='bbox 1008 529 1057 548; x_wconf 90' lang='lat' dir='ltr'><strong>sus</strong></span> <span class='ocrx_word' id='word_1_128' title='bbox 1085 521 1208 549; x_wconf 86' lang='lat' dir='ltr'><strong>divinam</strong></span> <span class='ocrx_word' id='word_1_129' title='bbox 1223 521 1336 557; x_wconf 65' lang='lat' dir='ltr'><strong>{Christi</strong></span> <span class='ocrx_word' id='word_1_130' title='bbox 1357 521 1485 556; x_wconf 77' lang='lat' dir='ltr'><strong>eﬂigiem,</strong></span> <span class='ocrx_word' id='word_1_131' title='bbox 1506 525 1534 549; x_wconf 87' lang='lat' dir='ltr'><strong>et</strong></span> <span class='ocrx_word' id='word_1_132' title='bbox 1549 526 1709 549; x_wconf 86' lang='lat' dir='ltr'><strong>sanctorum</strong></span> <span class='ocrx_word' id='word_1_133' title='bbox 1729 521 1809 549; x_wconf 83' lang='lat' dir='ltr'><strong>obla-</strong></span> 
     </span>
    </p>
   </div>
   <div class='ocr_carea' id='block_1_24' title="bbox 1008 568 1108 595">
    <p class='ocr_par' dir='ltr' id='par_1_24' title="bbox 1008 568 1108 595">
     <span class='ocr_line' id='line_1_24' title="bbox 1008 568 1108 595; baseline -0.01 0"><span class='ocrx_word' id='word_1_134' title='bbox 1008 568 1108 595; x_wconf 86' lang='lat' dir='ltr'><strong>trahat.</strong></span> 
     </span>
    </p>
   </div>
   <div class='ocr_carea' id='block_1_25' title="bbox 1045 612 1809 646">
    <p class='ocr_par' dir='ltr' id='par_1_25' title="bbox 1045 612 1809 646">
     <span class='ocr_line' id='line_1_25' title="bbox 1045 612 1809 646; baseline 0.004 -7"><span class='ocrx_word' id='word_1_135' title='bbox 1045 612 1172 646; x_wconf 89' lang='lat' dir='ltr'><strong>Quanam</strong></span> <span class='ocrx_word' id='word_1_136' title='bbox 1189 613 1223 640; x_wconf 89' lang='lat' dir='ltr'><strong>de</strong></span> <span class='ocrx_word' id='word_1_137' title='bbox 1237 619 1332 644; x_wconf 82' lang='lat' dir='ltr'><strong>causa,</strong></span> <span class='ocrx_word' id='word_1_138' title='bbox 1349 613 1504 640; x_wconf 86' lang='lat' dir='ltr'><strong>miserrimc</strong></span> <span class='ocrx_word' id='word_1_139' title='bbox 1530 613 1688 646; x_wconf 84' lang='lat' dir='ltr'><strong>homuncio,</strong></span> <span class='ocrx_word' id='word_1_140' title='bbox 1712 613 1809 642; x_wconf 91' lang='lat' dir='ltr'><strong>imma-</strong></span> 
     </span>
    </p>
   </div>
   <div class='ocr_carea' id='block_1_26' title="bbox 1009 657 1808 693">
    <p class='ocr_par' dir='ltr' id='par_1_26' title="bbox 1009 657 1808 693">
     <span class='ocr_line' id='line_1_26' title="bbox 1009 657 1808 693; baseline 0.003 -9"><span class='ocrx_word' id='word_1_141' title='bbox 1009 658 1126 685; x_wconf 86' lang='lat' dir='ltr'><strong>culatam</strong></span> <span class='ocrx_word' id='word_1_142' title='bbox 1144 657 1258 693; x_wconf 79' lang='lat' dir='ltr'><strong>eﬂigiem</strong></span> <span class='ocrx_word' id='word_1_143' title='bbox 1286 659 1488 686; x_wconf 69' lang='lat' dir='ltr'><strong>incarnationis</strong></span> <span class='ocrx_word' id='word_1_144' title='bbox 1509 658 1613 686; x_wconf 77' lang='lat' dir='ltr'><strong>Christi</strong></span> <span class='ocrx_word' id='word_1_145' title='bbox 1633 658 1755 692; x_wconf 88' lang='lat' dir='ltr'><strong>Domini,</strong></span> <span class='ocrx_word' id='word_1_146' title='bbox 1780 665 1808 687; x_wconf 85' lang='lat' dir='ltr'><strong>et</strong></span> 
     </span>
    </p>
   </div>
   <div class='ocr_carea' id='block_1_27' title="bbox 1009 704 1807 739">
    <p class='ocr_par' dir='ltr' id='par_1_27' title="bbox 1009 704 1807 739">
     <span class='ocr_line' id='line_1_27' title="bbox 1009 704 1807 739; baseline 0.003 -8"><span class='ocrx_word' id='word_1_147' title='bbox 1009 706 1168 731; x_wconf 84' lang='lat' dir='ltr'><strong>sanctorum</strong></span> <span class='ocrx_word' id='word_1_148' title='bbox 1183 705 1304 731; x_wconf 90' lang='lat' dir='ltr'><strong>omnium</strong></span> <span class='ocrx_word' id='word_1_149' title='bbox 1321 712 1351 731; x_wconf 89' lang='lat' dir='ltr'><strong>es</strong></span> <span class='ocrx_word' id='word_1_150' title='bbox 1366 705 1430 732; x_wconf 87' lang='lat' dir='ltr'><strong>odio</strong></span> <span class='ocrx_word' id='word_1_151' title='bbox 1441 706 1625 739; x_wconf 84' lang='lat' dir='ltr'><strong>prosecutus?</strong></span> <span class='ocrx_word' id='word_1_152' title='bbox 1641 704 1711 732; x_wconf 88' lang='lat' dir='ltr'><strong>Num</strong></span> <span class='ocrx_word' id='word_1_153' title='bbox 1724 706 1807 733; x_wconf 87' lang='lat' dir='ltr'><strong>surda</strong></span> 
     </span>
    </p>
   </div>
   <div class='ocr_carea' id='block_1_28' title="bbox 1009 746 1472 778">
    <p class='ocr_par' dir='ltr' id='par_1_28' title="bbox 1009 746 1472 778">
     <span class='ocr_line' id='line_1_28' title="bbox 1009 746 1472 778; baseline 0 -1"><span class='ocrx_word' id='word_1_154' title='bbox 1009 746 1082 778; x_wconf 74' lang='lat' dir='ltr'><strong>idola</strong></span> <span class='ocrx_word' id='word_1_155' title='bbox 1103 757 1154 777; x_wconf 84' lang='lat' dir='ltr'><strong>nos</strong></span> <span class='ocrx_word' id='word_1_156' title='bbox 1172 749 1266 778; x_wconf 83' lang='lat' dir='ltr'><strong>ﬁdeles</strong></span> <span class='ocrx_word' id='word_1_157' title='bbox 1285 751 1472 777; x_wconf 81' lang='lat' dir='ltr'><strong>veneramur?</strong></span> 
     </span>
    </p>
   </div>
   <div class='ocr_carea' id='block_1_29' title="bbox 1044 795 1805 832">
    <p class='ocr_par' dir='ltr' id='par_1_29' title="bbox 1044 795 1805 832">
     <span class='ocr_line' id='line_1_29' title="bbox 1044 795 1805 832; baseline 0.007 -10"><span class='ocrx_word' id='word_1_158' title='bbox 1044 795 1196 830; x_wconf 84' lang='lat' dir='ltr'><strong>Impietatis</strong></span> <span class='ocrx_word' id='word_1_159' title='bbox 1220 796 1401 824; x_wconf 87' lang='lat' dir='ltr'><strong>instrumenta</strong></span> <span class='ocrx_word' id='word_1_160' title='bbox 1431 804 1494 823; x_wconf 92' lang='lat' dir='ltr'><strong>cum</strong></span> <span class='ocrx_word' id='word_1_161' title='bbox 1510 797 1715 832; x_wconf 75' lang='lat' dir='ltr'><strong>convenissent,</strong></span> <span class='ocrx_word' id='word_1_162' title='bbox 1735 806 1805 827; x_wconf 86' lang='lat' dir='ltr'><strong>con—</strong></span> 
     </span>
    </p>
   </div>
   <div class='ocr_carea' id='block_1_30' title="bbox 1009 841 1803 877">
    <p class='ocr_par' dir='ltr' id='par_1_30' title="bbox 1009 841 1803 877">
     <span class='ocr_line' id='line_1_30' title="bbox 1009 841 1803 877; baseline 0.005 -9"><span class='ocrx_word' id='word_1_163' title='bbox 1009 841 1170 869; x_wconf 87' lang='lat' dir='ltr'><strong>ciliabulum</strong></span> <span class='ocrx_word' id='word_1_164' title='bbox 1184 846 1343 877; x_wconf 81' lang='lat' dir='ltr'><strong>coegerunt,</strong></span> <span class='ocrx_word' id='word_1_165' title='bbox 1364 841 1511 876; x_wconf 87' lang='lat' dir='ltr'><strong>impiorum</strong></span> <span class='ocrx_word' id='word_1_166' title='bbox 1526 843 1654 871; x_wconf 80' lang='lat' dir='ltr'><strong>videlicet</strong></span> <span class='ocrx_word' id='word_1_167' title='bbox 1673 846 1803 872; x_wconf 85' lang='lat' dir='ltr'><strong>sacerdo-</strong></span> 
     </span>
    </p>
   </div>
   <div class='ocr_carea' id='block_1_31' title="bbox 1010 887 1808 923">
    <p class='ocr_par' dir='ltr' id='par_1_31' title="bbox 1010 887 1808 923">
     <span class='ocr_line' id='line_1_31' title="bbox 1010 887 1808 923; baseline 0.004 -9"><span class='ocrx_word' id='word_1_168' title='bbox 1010 892 1080 920; x_wconf 86' lang='lat' dir='ltr'><strong>tum,</strong></span> <span class='ocrx_word' id='word_1_169' title='bbox 1104 887 1239 915; x_wconf 89' lang='lat' dir='ltr'><strong>adversus</strong></span> <span class='ocrx_word' id='word_1_170' title='bbox 1261 887 1347 915; x_wconf 90' lang='lat' dir='ltr'><strong>Deum</strong></span> <span class='ocrx_word' id='word_1_171' title='bbox 1373 888 1525 920; x_wconf 88' lang='lat' dir='ltr'><strong>excelsum,</strong></span> <span class='ocrx_word' id='word_1_172' title='bbox 1548 889 1621 923; x_wconf 92' lang='lat' dir='ltr'><strong>quod</strong></span> <span class='ocrx_word' id='word_1_173' title='bbox 1644 890 1727 917; x_wconf 84' lang='lat' dir='ltr'><strong>etiam</strong></span> <span class='ocrx_word' id='word_1_174' title='bbox 1742 890 1808 917; x_wconf 92' lang='lat' dir='ltr'><strong>olim</strong></span> 
     </span>
    </p>
   </div>
   <div class='ocr_carea' id='block_1_32' title="bbox 1011 933 1652 968">
    <p class='ocr_par' dir='ltr' id='par_1_32' title="bbox 1011 933 1652 968">
     <span class='ocr_line' id='line_1_32' title="bbox 1011 933 1652 968; baseline 0.002 -7"><span class='ocrx_word' id='word_1_175' title='bbox 1011 934 1134 962; x_wconf 74' lang='lat' dir='ltr'><strong>fecerunt</strong></span> <span class='ocrx_word' id='word_1_176' title='bbox 1149 933 1249 966; x_wconf 75' lang='lat' dir='ltr'><strong>Judaei,</strong></span> <span class='ocrx_word' id='word_1_177' title='bbox 1264 933 1342 960; x_wconf 82' lang='lat' dir='ltr'><strong>Anna</strong></span> <span class='ocrx_word' id='word_1_178' title='bbox 1357 934 1463 961; x_wconf 88' lang='lat' dir='ltr'><strong>scilicet</strong></span> <span class='ocrx_word' id='word_1_179' title='bbox 1473 939 1500 961; x_wconf 89' lang='lat' dir='ltr'><strong>et</strong></span> <span class='ocrx_word' id='word_1_180' title='bbox 1521 933 1652 968; x_wconf 80' lang='lat' dir='ltr'><strong>Caiphas.</strong></span> 
     </span>
    </p>
   </div>
   <div class='ocr_carea' id='block_1_33' title="bbox 203 957 954 1014">
    <p class='ocr_par' dir='ltr' id='par_1_33' title="bbox 203 969 954 1014">
     <span class='ocr_line' id='line_1_33' title="bbox 203 969 954 1014; baseline -0.011 -12"><span class='ocrx_word' id='word_1_181' title='bbox 203 976 249 1002; x_wconf 90' lang='grc' dir='ltr'><strong>Ἐν</strong></span> <span class='ocrx_word' id='word_1_182' title='bbox 271 974 364 1011; x_wconf 80' lang='grc' dir='ltr'>ἡμέρᾳ</span> <span class='ocrx_word' id='word_1_183' title='bbox 378 973 508 1009; x_wconf 80' lang='grc' dir='ltr'>κρίσεως,</span> <span class='ocrx_word' id='word_1_184' title='bbox 530 971 674 1003; x_wconf 79' lang='grc' dir='ltr'>πανάθλιε,</span> <span class='ocrx_word' id='word_1_185' title='bbox 691 970 836 1006; x_wconf 81' lang='grc' dir='ltr'>στήσονται</span> <span class='ocrx_word' id='word_1_186' title='bbox 855 969 954 1014; x_wconf 62' lang='grc' dir='ltr'>ἔλεγχοι</span> 
     </span>
    </p>
   </div>
   <div class='ocr_carea' id='block_1_34' title="bbox 1025 957 1824 1014">
    <p class='ocr_par' dir='ltr' id='par_1_34' title="bbox 1047 957 1808 1014">
     <span class='ocr_line' id='line_1_34' title="bbox 1047 957 1808 1014; baseline 0 -7"><span class='ocrx_word' id='word_1_187' title='bbox 1047 980 1077 1007; x_wconf 91' lang='lat' dir='ltr'><strong>In</strong></span> <span class='ocrx_word' id='word_1_188' title='bbox 1093 980 1137 1008; x_wconf 86' lang='lat' dir='ltr'><strong>die</strong></span> <span class='ocrx_word' id='word_1_189' title='bbox 1157 980 1202 1007; x_wconf 86' lang='lat' dir='ltr'><strong>illa</strong></span> <span class='ocrx_word' id='word_1_190' title='bbox 1216 980 1331 1006; x_wconf 80' lang='lat' dir='ltr'><strong>extremi</strong></span> <span class='ocrx_word' id='word_1_191' title='bbox 1352 979 1461 1014; x_wconf 85' lang='lat' dir='ltr'><strong>judieii,</strong></span> <span class='ocrx_word' id='word_1_192' title='bbox 1485 987 1501 1006; x_wconf 93' lang='grc' dir='ltr'><strong>ο</strong></span> <span class='ocrx_word' id='word_1_193' title='bbox 1517 957 1719 1012; x_wconf 69' lang='lat' dir='ltr'><strong>infelicissima.</strong></span> <span class='ocrx_word' id='word_1_194' title='bbox 1742 981 1808 1007; x_wconf 81' lang='lat' dir='ltr'><strong>adc-</strong></span> 
     </span>
    </p>
   </div>
   <div class='ocr_carea' id='block_1_35' title="bbox 162 1012 958 1059">
    <p class='ocr_par' dir='ltr' id='par_1_35' title="bbox 162 1012 958 1059">
     <span class='ocr_line' id='line_1_35' title="bbox 162 1012 958 1059; baseline -0.01 -10"><span class='ocrx_word' id='word_1_195' title='bbox 162 1023 213 1059; x_wconf 82' lang='grc' dir='ltr'>τῆς</span> <span class='ocrx_word' id='word_1_196' title='bbox 224 1021 306 1049; x_wconf 84' lang='grc' dir='ltr'><strong>ἀθέου</strong></span> <span class='ocrx_word' id='word_1_197' title='bbox 321 1029 369 1047; x_wconf 88' lang='grc' dir='ltr'><strong>σου</strong></span> <span class='ocrx_word' id='word_1_198' title='bbox 384 1019 486 1055; x_wconf 77' lang='grc' dir='ltr'>ψυχῆς,</span> <span class='ocrx_word' id='word_1_199' title='bbox 500 1019 514 1045; x_wconf 87' lang='grc' dir='ltr'>ὁ</span> <span class='ocrx_word' id='word_1_200' title='bbox 528 1018 614 1053; x_wconf 85' lang='grc' dir='ltr'>δῆμος</span> <span class='ocrx_word' id='word_1_201' title='bbox 635 1018 691 1043; x_wconf 85' lang='grc' dir='ltr'>τῶν</span> <span class='ocrx_word' id='word_1_202' title='bbox 708 1016 850 1052; x_wconf 84' lang='grc' dir='ltr'>Πατέρων,</span> <span class='ocrx_word' id='word_1_203' title='bbox 865 1012 958 1049; x_wconf 80' lang='grc' dir='ltr'>ὦνπερ</span> 
     </span>
    </p>
   </div>
   <div class='ocr_carea' id='block_1_36' title="bbox 163 1061 796 1104">
    <p class='ocr_par' dir='ltr' id='par_1_36' title="bbox 163 1061 796 1104">
     <span class='ocr_line' id='line_1_36' title="bbox 163 1061 796 1104; baseline -0.013 -9"><span class='ocrx_word' id='word_1_204' title='bbox 163 1067 294 1104; x_wconf 77' lang='grc' dir='ltr'>ἀμέτροις</span> <span class='ocrx_word' id='word_1_205' title='bbox 307 1065 427 1101; x_wconf 84' lang='grc' dir='ltr'><strong>πληγαῖς</strong></span> <span class='ocrx_word' id='word_1_206' title='bbox 441 1063 604 1099; x_wconf 83' lang='grc' dir='ltr'>ὲγὺμνωσας</span> <span class='ocrx_word' id='word_1_207' title='bbox 614 1061 665 1094; x_wconf 81' lang='grc' dir='ltr'><strong>τὰς</strong></span> <span class='ocrx_word' id='word_1_208' title='bbox 681 1061 796 1097; x_wconf 78' lang='grc' dir='ltr'>σάρκας.</span> 
     </span>
    </p>
   </div>
   <div class='ocr_carea' id='block_1_37' title="bbox 204 1149 957 1190">
    <p class='ocr_par' dir='ltr' id='par_1_37' title="bbox 204 1149 957 1190">
     <span class='ocr_line' id='line_1_37' title="bbox 204 1149 957 1190; baseline -0.011 -8"><span class='ocrx_word' id='word_1_209' title='bbox 204 1154 365 1190; x_wconf 82' lang='grc' dir='ltr'>Ἐκκλησίαι</span> <span class='ocrx_word' id='word_1_210' title='bbox 390 1153 495 1180; x_wconf 75' lang='grc' dir='ltr'>ἅπασαι</span> <span class='ocrx_word' id='word_1_211' title='bbox 511 1151 649 1187; x_wconf 80' lang='grc' dir='ltr'>βοήσουσι,</span> <span class='ocrx_word' id='word_1_212' title='bbox 674 1149 825 1185; x_wconf 76' lang='grc' dir='ltr'>κράζουσαι</span> <span class='ocrx_word' id='word_1_213' title='bbox 841 1149 957 1178; x_wconf 75' lang='grc' dir='ltr'>ἅπασαι.</span> 
     </span>
    </p>
   </div>
   <div class='ocr_carea' id='block_1_38' title="bbox 163 1194 958 1237">
    <p class='ocr_par' dir='ltr' id='par_1_38' title="bbox 163 1194 958 1237">
     <span class='ocr_line' id='line_1_38' title="bbox 163 1194 958 1237; baseline -0.01 -9"><span class='ocrx_word' id='word_1_214' title='bbox 163 1201 337 1237; x_wconf 82' lang='grc' dir='ltr'>στερηθεῖσαι</span> <span class='ocrx_word' id='word_1_215' title='bbox 359 1199 412 1226; x_wconf 83' lang='grc' dir='ltr'><strong>ὑπὸ</strong></span> <span class='ocrx_word' id='word_1_216' title='bbox 434 1198 492 1230; x_wconf 82' lang='grc' dir='ltr'>σοῦ,</span> <span class='ocrx_word' id='word_1_217' title='bbox 516 1198 567 1233; x_wconf 82' lang='grc' dir='ltr'>τῆς</span> <span class='ocrx_word' id='word_1_218' title='bbox 591 1197 699 1233; x_wconf 82' lang='grc' dir='ltr'>μορφῆς</span> <span class='ocrx_word' id='word_1_219' title='bbox 717 1196 764 1223; x_wconf 84' lang='grc' dir='ltr'><strong>τοῦ</strong></span> <span class='ocrx_word' id='word_1_220' title='bbox 780 1195 882 1231; x_wconf 75' lang='grc' dir='ltr'>Κυρίου</span> <span class='ocrx_word' id='word_1_221' title='bbox 910 1194 958 1222; x_wconf 81' lang='grc' dir='ltr'><strong>καὶ</strong></span> 
     </span>
    </p>
   </div>
   <div class='ocr_carea' id='block_1_39' title="bbox 162 1244 705 1281">
    <p class='ocr_par' dir='ltr' id='par_1_39' title="bbox 162 1244 705 1281">
     <span class='ocr_line' id='line_1_39' title="bbox 162 1244 705 1281; baseline -0.007 -7"><span class='ocrx_word' id='word_1_222' title='bbox 162 1248 216 1274; x_wconf 83' lang='grc' dir='ltr'>τῶν</span> <span class='ocrx_word' id='word_1_223' title='bbox 236 1247 322 1281; x_wconf 82' lang='grc' dir='ltr'>ἁγίων</span> <span class='ocrx_word' id='word_1_224' title='bbox 338 1245 420 1272; x_wconf 73' lang='grc' dir='ltr'>αὑτοῦ</span> <span class='ocrx_word' id='word_1_225' title='bbox 433 1245 483 1275; x_wconf 79' lang='grc' dir='ltr'>τὰς</span> <span class='ocrx_word' id='word_1_226' title='bbox 500 1244 575 1279; x_wconf 70' lang='grc' dir='ltr'>ἱερὰς</span> <span class='ocrx_word' id='word_1_227' title='bbox 586 1244 705 1275; x_wconf 80' lang='grc' dir='ltr'>εἰκόνας.</span> 
     </span>
    </p>
   </div>
   <div class='ocr_carea' id='block_1_40' title="bbox 200 1288 956 1326">
    <p class='ocr_par' dir='ltr' id='par_1_40' title="bbox 200 1288 956 1326">
     <span class='ocr_line' id='line_1_40' title="bbox 200 1288 956 1326; baseline -0.009 -6"><span class='ocrx_word' id='word_1_228' title='bbox 200 1294 226 1320; x_wconf 85' lang='lat'><strong>0.</strong></span> <span class='ocrx_word' id='word_1_229' title='bbox 257 1293 290 1320; x_wconf 80' lang='grc' dir='ltr'><strong>Ἠ</strong></span> <span class='ocrx_word' id='word_1_230' title='bbox 308 1292 339 1319; x_wconf 84' lang='grc' dir='ltr'>τὸ</span> <span class='ocrx_word' id='word_1_231' title='bbox 353 1292 408 1318; x_wconf 80' lang='grc' dir='ltr'><strong>πᾶν</strong></span> <span class='ocrx_word' id='word_1_232' title='bbox 423 1291 577 1326; x_wconf 81' lang='grc' dir='ltr'>συνέχουσα</span> <span class='ocrx_word' id='word_1_233' title='bbox 592 1290 631 1326; x_wconf 78' lang='grc' dir='ltr'><strong>τῷ</strong></span> <span class='ocrx_word' id='word_1_234' title='bbox 645 1290 741 1325; x_wconf 80' lang='grc' dir='ltr'>κράτει</span> <span class='ocrx_word' id='word_1_235' title='bbox 754 1298 813 1322; x_wconf 85' lang='grc' dir='ltr'>σου,</span> <span class='ocrx_word' id='word_1_236' title='bbox 828 1288 890 1321; x_wconf 77' lang='grc' dir='ltr'>δόξα</span> <span class='ocrx_word' id='word_1_237' title='bbox 905 1296 956 1319; x_wconf 81' lang='grc' dir='ltr'>σοι,</span> 
     </span>
    </p>
   </div>
   <div class='ocr_carea' id='block_1_41' title="bbox 165 1333 958 1375">
    <p class='ocr_par' dir='ltr' id='par_1_41' title="bbox 165 1333 958 1375">
     <span class='ocr_line' id='line_1_41' title="bbox 165 1333 958 1375; baseline -0.009 -9"><span class='ocrx_word' id='word_1_238' title='bbox 165 1339 230 1372; x_wconf 84' lang='grc' dir='ltr'>δόξα</span> <span class='ocrx_word' id='word_1_239' title='bbox 240 1348 293 1372; x_wconf 83' lang='grc' dir='ltr'>σοι,</span> <span class='ocrx_word' id='word_1_240' title='bbox 309 1340 510 1375; x_wconf 84' lang='grc' dir='ltr'>τρισυπόστατε</span> <span class='ocrx_word' id='word_1_241' title='bbox 524 1337 618 1373; x_wconf 85' lang='grc' dir='ltr'>μονὰς,</span> <span class='ocrx_word' id='word_1_242' title='bbox 632 1337 734 1372; x_wconf 80' lang='grc' dir='ltr'>Πάτερ,</span> <span class='ocrx_word' id='word_1_243' title='bbox 751 1335 800 1362; x_wconf 78' lang='grc' dir='ltr'><strong>Υἱὲ</strong></span> <span class='ocrx_word' id='word_1_244' title='bbox 813 1336 861 1362; x_wconf 84' lang='grc' dir='ltr'>καὶ</span> <span class='ocrx_word' id='word_1_245' title='bbox 872 1333 958 1361; x_wconf 85' lang='grc' dir='ltr'>Πνεῦ-</span> 
     </span>
    </p>
   </div>
   <div class='ocr_carea' id='block_1_42' title="bbox 166 1379 956 1421">
    <p class='ocr_par' dir='ltr' id='par_1_42' title="bbox 166 1379 956 1421">
     <span class='ocr_line' id='line_1_42' title="bbox 166 1379 956 1421; baseline -0.01 -8"><span class='ocrx_word' id='word_1_246' title='bbox 166 1394 216 1421; x_wconf 80' lang='grc' dir='ltr'><strong>μα,</strong></span> <span class='ocrx_word' id='word_1_247' title='bbox 243 1386 306 1417; x_wconf 68' lang='grc' dir='ltr'>’τοὺς</span> <span class='ocrx_word' id='word_1_248' title='bbox 336 1384 502 1416; x_wconf 84' lang='grc' dir='ltr'>πεποιθότας</span> <span class='ocrx_word' id='word_1_249' title='bbox 520 1384 562 1414; x_wconf 80' lang='grc' dir='ltr'>εἰς</span> <span class='ocrx_word' id='word_1_250' title='bbox 590 1383 620 1410; x_wconf 77' lang='grc' dir='ltr'>σὲ</span> <span class='ocrx_word' id='word_1_251' title='bbox 641 1382 721 1419; x_wconf 77' lang='grc' dir='ltr'>ῥῦσαι</span> <span class='ocrx_word' id='word_1_252' title='bbox 744 1381 876 1412; x_wconf 78' lang='grc' dir='ltr'>παντοίας</span> <span class='ocrx_word' id='word_1_253' title='bbox 892 1379 956 1415; x_wconf 76' lang='grc' dir='ltr'><strong>βλά-</strong></span> 
     </span>
    </p>
   </div>
   <div class='ocr_carea' id='block_1_43' title="bbox 163 1433 226 1467">
    <p class='ocr_par' dir='ltr' id='par_1_43' title="bbox 163 1433 226 1467">
     <span class='ocr_line' id='line_1_43' title="bbox 163 1433 226 1467; baseline 0 -8"><span class='ocrx_word' id='word_1_254' title='bbox 163 1433 226 1467; x_wconf 78' lang='grc' dir='ltr'>ὃης.</span> 
     </span>
    </p>
   </div>
   <div class='ocr_carea' id='block_1_44' title="bbox 199 1535 958 1576">
    <p class='ocr_par' dir='ltr' id='par_1_44' title="bbox 199 1535 958 1576">
     <span class='ocr_line' id='line_1_44' title="bbox 199 1535 958 1576; baseline -0.009 -9"><span class='ocrx_word' id='word_1_255' title='bbox 199 1540 225 1567; x_wconf 87' lang='grc' dir='ltr'>θ.</span> <span class='ocrx_word' id='word_1_256' title='bbox 235 1540 279 1572; x_wconf 86' lang='grc' dir='ltr'>Ὠς</span> <span class='ocrx_word' id='word_1_257' title='bbox 289 1538 564 1576; x_wconf 84' lang='grc' dir='ltr'>χρυσοκαλλώπιστον</span> <span class='ocrx_word' id='word_1_258' title='bbox 572 1538 682 1573; x_wconf 79' lang='grc' dir='ltr'>λυχνίαν</span> <span class='ocrx_word' id='word_1_259' title='bbox 692 1536 873 1569; x_wconf 85' lang='grc' dir='ltr'>σε,δέσποινα,</span> <span class='ocrx_word' id='word_1_260' title='bbox 882 1535 958 1561; x_wconf 77' lang='grc' dir='ltr'>σέϐο-</span> 
     </span>
    </p>
   </div>
   <div class='ocr_carea' id='block_1_45' title="bbox 165 1582 954 1622">
    <p class='ocr_par' dir='ltr' id='par_1_45' title="bbox 165 1582 954 1622">
     <span class='ocr_line' id='line_1_45' title="bbox 165 1582 954 1622; baseline -0.011 -7"><span class='ocrx_word' id='word_1_261' title='bbox 165 1597 225 1622; x_wconf 82' lang='grc' dir='ltr'>μεν,</span> <span class='ocrx_word' id='word_1_262' title='bbox 251 1587 300 1622; x_wconf 88' lang='grc' dir='ltr'>τὴν</span> <span class='ocrx_word' id='word_1_263' title='bbox 321 1587 352 1614; x_wconf 80' lang='grc' dir='ltr'>τὸ</span> <span class='ocrx_word' id='word_1_264' title='bbox 376 1586 433 1621; x_wconf 72' lang='grc' dir='ltr'>φῶς</span> <span class='ocrx_word' id='word_1_265' title='bbox 454 1586 484 1612; x_wconf 82' lang='grc' dir='ltr'><strong>τὺ</strong></span> <span class='ocrx_word' id='word_1_266' title='bbox 498 1586 594 1620; x_wconf 77' lang='grc' dir='ltr'>νοητὸν</span> <span class='ocrx_word' id='word_1_267' title='bbox 613 1584 784 1619; x_wconf 78' lang='grc' dir='ltr'>γεννήσασαν</span> <span class='ocrx_word' id='word_1_268' title='bbox 796 1582 835 1618; x_wconf 82' lang='grc' dir='ltr'>τῷ</span> <span class='ocrx_word' id='word_1_269' title='bbox 849 1583 954 1616; x_wconf 77' lang='grc' dir='ltr'>κόσμῳ,</span> 
     </span>
    </p>
   </div>
   <div class='ocr_carea' id='block_1_46' title="bbox 163 1630 814 1668">
    <p class='ocr_par' dir='ltr' id='par_1_46' title="bbox 163 1630 814 1668">
     <span class='ocr_line' id='line_1_46' title="bbox 163 1630 814 1668; baseline -0.003 -9"><span class='ocrx_word' id='word_1_270' title='bbox 163 1633 210 1659; x_wconf 78' lang='grc' dir='ltr'><strong>καὶ</strong></span> <span class='ocrx_word' id='word_1_271' title='bbox 224 1633 274 1668; x_wconf 83' lang='grc' dir='ltr'>τὴν</span> <span class='ocrx_word' id='word_1_272' title='bbox 289 1632 396 1668; x_wconf 81' lang='grc' dir='ltr'>ζοφώδη</span> <span class='ocrx_word' id='word_1_273' title='bbox 414 1632 498 1668; x_wconf 80' lang='grc' dir='ltr'>ἀχλὺν</span> <span class='ocrx_word' id='word_1_274' title='bbox 509 1631 660 1667; x_wconf 84' lang='grc' dir='ltr'>μειώσασα,</span> <span class='ocrx_word' id='word_1_275' title='bbox 684 1630 814 1666; x_wconf 75' lang='grc' dir='ltr'>Παρθένε.</span> 
     </span>
    </p>
   </div>
   <div class='ocr_carea' id='block_1_47' title="bbox 483 1713 616 1749">
    <p class='ocr_par' dir='ltr' id='par_1_47' title="bbox 483 1713 616 1749">
     <span class='ocr_line' id='line_1_47' title="bbox 483 1713 616 1749; baseline -0.015 0"><span class='ocrx_word' id='word_1_276' title='bbox 483 1713 550 1749; x_wconf 69' lang='grc' dir='ltr'>ῼΔιι</span> <span class='ocrx_word' id='word_1_277' title='bbox 571 1713 616 1746; x_wconf 70' lang='grc' dir='ltr'><strong>ς’-</strong></span> 
     </span>
    </p>
   </div>
   <div class='ocr_carea' id='block_1_48' title="bbox 204 1790 955 1828">
    <p class='ocr_par' dir='ltr' id='par_1_48' title="bbox 204 1790 955 1828">
     <span class='ocr_line' id='line_1_48' title="bbox 204 1790 955 1828; baseline -0.007 -8"><span class='ocrx_word' id='word_1_278' title='bbox 204 1792 338 1828; x_wconf 78' lang='grc' dir='ltr'>Ὲδόησαν</span> <span class='ocrx_word' id='word_1_279' title='bbox 367 1793 391 1818; x_wconf 82' lang='grc' dir='ltr'>οἱ</span> <span class='ocrx_word' id='word_1_280' title='bbox 414 1792 551 1828; x_wconf 80' lang='grc' dir='ltr'>ἄγρυπνοι</span> <span class='ocrx_word' id='word_1_281' title='bbox 575 1792 695 1826; x_wconf 79' lang='grc' dir='ltr'>φύλακες</span> <span class='ocrx_word' id='word_1_282' title='bbox 721 1791 769 1826; x_wconf 80' lang='grc' dir='ltr'>τῆς</span> <span class='ocrx_word' id='word_1_283' title='bbox 791 1790 955 1825; x_wconf 83' lang='grc' dir='ltr'>Ἐκκλησίας</span> 
     </span>
    </p>
   </div>
   <div class='ocr_carea' id='block_1_49' title="bbox 161 1836 953 1875">
    <p class='ocr_par' dir='ltr' id='par_1_49' title="bbox 161 1836 953 1875">
     <span class='ocr_line' id='line_1_49' title="bbox 161 1836 953 1875; baseline -0.005 -9"><span class='ocrx_word' id='word_1_284' title='bbox 161 1839 210 1866; x_wconf 82' lang='grc' dir='ltr'><strong>τοῦ</strong></span> <span class='ocrx_word' id='word_1_285' title='bbox 225 1839 345 1875; x_wconf 79' lang='grc' dir='ltr'>Χριστοῦ</span> <span class='ocrx_word' id='word_1_286' title='bbox 363 1839 432 1873; x_wconf 75' lang='grc' dir='ltr'>πρὸς</span> <span class='ocrx_word' id='word_1_287' title='bbox 453 1838 534 1865; x_wconf 74' lang='grc' dir='ltr'>αὐτὸν</span> <span class='ocrx_word' id='word_1_288' title='bbox 552 1838 702 1870; x_wconf 83' lang='grc' dir='ltr'>αἰτοῦντες,</span> <span class='ocrx_word' id='word_1_289' title='bbox 718 1838 827 1871; x_wconf 81' lang='grc' dir='ltr'>δοθῆναι</span> <span class='ocrx_word' id='word_1_290' title='bbox 849 1836 898 1871; x_wconf 78' lang='grc' dir='ltr'>τὴν</span> <span class='ocrx_word' id='word_1_291' title='bbox 916 1836 953 1862; x_wconf 90' lang='grc' dir='ltr'><strong>εἰ-</strong></span> 
     </span>
    </p>
   </div>
   <div class='ocr_carea' id='block_1_50' title="bbox 165 1883 884 1919">
    <p class='ocr_par' dir='ltr' id='par_1_50' title="bbox 165 1883 884 1919">
     <span class='ocr_line' id='line_1_50' title="bbox 165 1883 884 1919; baseline -0.003 -8"><span class='ocrx_word' id='word_1_292' title='bbox 165 1886 263 1919; x_wconf 79' lang='grc' dir='ltr'>ρήνην,</span> <span class='ocrx_word' id='word_1_293' title='bbox 277 1884 325 1911; x_wconf 68' lang='grc' dir='ltr'><strong>καὶ</strong></span> <span class='ocrx_word' id='word_1_294' title='bbox 342 1884 500 1919; x_wconf 79' lang='grc' dir='ltr'>εἰσήκουσε,</span> <span class='ocrx_word' id='word_1_295' title='bbox 516 1884 564 1910; x_wconf 80' lang='grc' dir='ltr'><strong>καὶ</strong></span> <span class='ocrx_word' id='word_1_296' title='bbox 581 1885 717 1919; x_wconf 76' lang='grc' dir='ltr'>προσέσχε</span> <span class='ocrx_word' id='word_1_297' title='bbox 733 1884 767 1918; x_wconf 85' lang='grc' dir='ltr'>τῇ</span> <span class='ocrx_word' id='word_1_298' title='bbox 781 1883 884 1918; x_wconf 84' lang='grc' dir='ltr'>δεήσει.</span> 
     </span>
    </p>
   </div>
   <div class='ocr_carea' id='block_1_51' title="bbox 198 1927 955 1966">
    <p class='ocr_par' dir='ltr' id='par_1_51' title="bbox 198 1927 955 1966">
     <span class='ocr_line' id='line_1_51' title="bbox 198 1927 955 1966; baseline -0.001 -11"><span class='ocrx_word' id='word_1_299' title='bbox 198 1930 363 1966; x_wconf 80' lang='grc' dir='ltr'>Διήλεγκται</span> <span class='ocrx_word' id='word_1_300' title='bbox 390 1929 438 1956; x_wconf 85' lang='grc' dir='ltr'><strong>τοῦ</strong></span> <span class='ocrx_word' id='word_1_301' title='bbox 469 1929 572 1956; x_wconf 82' lang='grc' dir='ltr'>πλάνου</span> <span class='ocrx_word' id='word_1_302' title='bbox 603 1930 639 1956; x_wconf 81' lang='grc' dir='ltr'>τὰ</span> <span class='ocrx_word' id='word_1_303' title='bbox 667 1929 802 1964; x_wconf 76' lang='grc' dir='ltr'>θύρατρα,</span> <span class='ocrx_word' id='word_1_304' title='bbox 817 1930 877 1960; x_wconf 83' lang='grc' dir='ltr'>ταῖς</span> <span class='ocrx_word' id='word_1_305' title='bbox 900 1927 955 1954; x_wconf 84' lang='grc' dir='ltr'>τῶν</span> 
     </span>
    </p>
   </div>
   <div class='ocr_carea' id='block_1_52' title="bbox 164 1974 956 2011">
    <p class='ocr_par' dir='ltr' id='par_1_52' title="bbox 164 1974 956 2011">
     <span class='ocr_line' id='line_1_52' title="bbox 164 1974 956 2011; baseline -0.004 -9"><span class='ocrx_word' id='word_1_306' title='bbox 164 1975 297 2011; x_wconf 86' lang='grc' dir='ltr'>Πατέρων</span> <span class='ocrx_word' id='word_1_307' title='bbox 311 1976 449 2010; x_wconf 83' lang='grc' dir='ltr'><strong>διδαχαῖς·</strong></span> <span class='ocrx_word' id='word_1_308' title='bbox 464 1975 511 2002; x_wconf 73' lang='grc' dir='ltr'><strong>καὶ</strong></span> <span class='ocrx_word' id='word_1_309' title='bbox 525 1975 591 2006; x_wconf 83' lang='grc' dir='ltr'>Θεὸς</span> <span class='ocrx_word' id='word_1_310' title='bbox 613 1975 741 2010; x_wconf 83' lang='grc' dir='ltr'>ὑμνεῖται</span> <span class='ocrx_word' id='word_1_311' title='bbox 757 1974 840 2009; x_wconf 83' lang='grc' dir='ltr'>σαρκὶ</span> <span class='ocrx_word' id='word_1_312' title='bbox 856 1981 956 2009; x_wconf 84' lang='grc' dir='ltr'>μεμορ-</span> 
     </span>
    </p>
   </div>
   <div class='ocr_carea' id='block_1_53' title="bbox 164 2021 836 2058">
    <p class='ocr_par' dir='ltr' id='par_1_53' title="bbox 164 2021 836 2058">
     <span class='ocr_line' id='line_1_53' title="bbox 164 2021 836 2058; baseline -0.004 -9"><span class='ocrx_word' id='word_1_313' title='bbox 164 2022 304 2058; x_wconf 81' lang='grc' dir='ltr'>φωμένος,</span> <span class='ocrx_word' id='word_1_314' title='bbox 316 2023 330 2048; x_wconf 88' lang='grc' dir='ltr'><strong>ό</strong></span> <span class='ocrx_word' id='word_1_315' title='bbox 344 2022 561 2058; x_wconf 81' lang='grc' dir='ltr'>ἀπεριγράπτως</span> <span class='ocrx_word' id='word_1_316' title='bbox 575 2021 682 2057; x_wconf 84' lang='grc' dir='ltr'>θεότητι</span> <span class='ocrx_word' id='word_1_317' title='bbox 695 2021 836 2056; x_wconf 74' lang='grc' dir='ltr'>ὑπάρχων.</span> 
     </span>
    </p>
   </div>
   <div class='ocr_carea' id='block_1_54' title="bbox 198 2107 955 2149">
    <p class='ocr_par' dir='ltr' id='par_1_54' title="bbox 198 2107 955 2149">
     <span class='ocr_line' id='line_1_54' title="bbox 198 2107 955 2149; baseline -0.001 -15"><span class='ocrx_word' id='word_1_318' title='bbox 198 2109 231 2134; x_wconf 75' lang='lat' dir='ltr'><strong>Eli</strong></span> <span class='ocrx_word' id='word_1_319' title='bbox 246 2109 374 2145; x_wconf 77' lang='grc' dir='ltr'>συνεργοὶ</span> <span class='ocrx_word' id='word_1_320' title='bbox 402 2110 452 2144; x_wconf 83' lang='grc' dir='ltr'>τῆς</span> <span class='ocrx_word' id='word_1_321' title='bbox 466 2108 582 2143; x_wconf 78' lang='grc' dir='ltr'>πλάνης,</span> <span class='ocrx_word' id='word_1_322' title='bbox 602 2107 764 2149; x_wconf 68' lang='grc' dir='ltr'>αἰσχύνεσθε</span> <span class='ocrx_word' id='word_1_323' title='bbox 774 2116 781 2122; x_wconf 93' lang='grc'><strong>·</strong></span> <span class='ocrx_word' id='word_1_324' title='bbox 796 2108 843 2135; x_wconf 74' lang='grc' dir='ltr'><strong>καὶ</strong></span> <span class='ocrx_word' id='word_1_325' title='bbox 855 2107 955 2134; x_wconf 65' lang='grc' dir='ltr'>ἁπολὲς</span> 
     </span>
    </p>
   </div>
   <div class='ocr_carea' id='block_1_55' title="bbox 164 2153 954 2190">
    <p class='ocr_par' dir='ltr' id='par_1_55' title="bbox 164 2153 954 2190">
     <span class='ocr_line' id='line_1_55' title="bbox 164 2153 954 2190; baseline -0.001 -10"><span class='ocrx_word' id='word_1_326' title='bbox 164 2153 274 2181; x_wconf 80' lang='grc' dir='ltr'>σθωσαν</span> <span class='ocrx_word' id='word_1_327' title='bbox 288 2154 368 2189; x_wconf 83' lang='grc' dir='ltr'>ὁμοῦ,</span> <span class='ocrx_word' id='word_1_328' title='bbox 386 2155 434 2181; x_wconf 77' lang='grc' dir='ltr'>σὺν</span> <span class='ocrx_word' id='word_1_329' title='bbox 443 2155 482 2189; x_wconf 83' lang='grc' dir='ltr'>τῷ</span> <span class='ocrx_word' id='word_1_330' title='bbox 502 2155 648 2190; x_wconf 83' lang='grc' dir='ltr'>Ἀντωνίῳ,</span> <span class='ocrx_word' id='word_1_331' title='bbox 664 2154 792 2185; x_wconf 79' lang='grc' dir='ltr'>Θεόδοτος</span> <span class='ocrx_word' id='word_1_332' title='bbox 803 2153 849 2181; x_wconf 79' lang='grc' dir='ltr'><strong>καὶ</strong></span> <span class='ocrx_word' id='word_1_333' title='bbox 859 2153 954 2189; x_wconf 79' lang='grc' dir='ltr'><strong>Λήζιξ,</strong></span> 
     </span>
    </p>
   </div>
   <div class='ocr_carea' id='block_1_56' title="bbox 163 2199 721 2234">
    <p class='ocr_par' dir='ltr' id='par_1_56' title="bbox 163 2199 721 2234">
     <span class='ocr_line' id='line_1_56' title="bbox 163 2199 721 2234; baseline 0.002 -9"><span class='ocrx_word' id='word_1_334' title='bbox 163 2199 212 2226; x_wconf 75' lang='grc' dir='ltr'>χάὶ</span> <span class='ocrx_word' id='word_1_335' title='bbox 224 2199 373 2234; x_wconf 80' lang='grc' dir='ltr'>Θεόδωρος,</span> <span class='ocrx_word' id='word_1_336' title='bbox 391 2201 405 2226; x_wconf 85' lang='grc' dir='ltr'>ὁ</span> <span class='ocrx_word' id='word_1_337' title='bbox 417 2199 497 2234; x_wconf 82' lang='grc' dir='ltr'>βυθὸς</span> <span class='ocrx_word' id='word_1_338' title='bbox 510 2199 560 2234; x_wconf 75' lang='grc' dir='ltr'>τῆς</span> <span class='ocrx_word' id='word_1_339' title='bbox 575 2200 721 2232; x_wconf 78' lang='grc' dir='ltr'>ἀπωλείας.</span> 
     </span>
    </p>
   </div>
   <div class='ocr_carea' id='block_1_57' title="bbox 199 2257 957 2294">
    <p class='ocr_par' dir='ltr' id='par_1_57' title="bbox 199 2257 957 2294">
     <span class='ocr_line' id='line_1_57' title="bbox 199 2257 957 2294; baseline 0 -11"><span class='ocrx_word' id='word_1_340' title='bbox 199 2257 237 2283; x_wconf 74' lang='grc' dir='ltr'><strong>Τὸ</strong></span> <span class='ocrx_word' id='word_1_341' title='bbox 251 2257 339 2292; x_wconf 87' lang='grc' dir='ltr'>στόμα</span> <span class='ocrx_word' id='word_1_342' title='bbox 354 2265 401 2284; x_wconf 84' lang='grc' dir='ltr'><strong>σου</strong></span> <span class='ocrx_word' id='word_1_343' title='bbox 420 2257 566 2292; x_wconf 79' lang='grc' dir='ltr'>διήνοιξας,</span> <span class='ocrx_word' id='word_1_344' title='bbox 576 2258 661 2290; x_wconf 81' lang='grc' dir='ltr'>ἄθλιε,</span> <span class='ocrx_word' id='word_1_345' title='bbox 672 2258 723 2285; x_wconf 78' lang='grc' dir='ltr'><strong>οὐκ</strong></span> <span class='ocrx_word' id='word_1_346' title='bbox 740 2259 768 2284; x_wconf 82' lang='grc' dir='ltr'>ἐν</span> <span class='ocrx_word' id='word_1_347' title='bbox 779 2258 861 2294; x_wconf 80' lang='grc' dir='ltr'>ᾠδαῖς</span> <span class='ocrx_word' id='word_1_348' title='bbox 877 2265 957 2284; x_wconf 79' lang='grc' dir='ltr'>πνευ-</span> 
     </span>
    </p>
   </div>
   <div class='ocr_carea' id='block_1_58' title="bbox 164 2305 951 2342">
    <p class='ocr_par' dir='ltr' id='par_1_58' title="bbox 164 2305 951 2342">
     <span class='ocr_line' id='line_1_58' title="bbox 164 2305 951 2342; baseline -0.001 -10"><span class='ocrx_word' id='word_1_349' title='bbox 164 2307 306 2340; x_wconf 78' lang='grc' dir='ltr'>ματικαῖς,</span> <span class='ocrx_word' id='word_1_350' title='bbox 330 2306 389 2333; x_wconf 78' lang='grc' dir='ltr'>ἀλλ’</span> <span class='ocrx_word' id='word_1_351' title='bbox 404 2307 433 2333; x_wconf 82' lang='grc' dir='ltr'>ἐν</span> <span class='ocrx_word' id='word_1_352' title='bbox 452 2306 648 2342; x_wconf 76' lang='grc' dir='ltr'>βλασφημίαις,</span> <span class='ocrx_word' id='word_1_353' title='bbox 665 2306 736 2333; x_wconf 78' lang='grc' dir='ltr'>κατὰ</span> <span class='ocrx_word' id='word_1_354' title='bbox 757 2306 804 2333; x_wconf 83' lang='grc' dir='ltr'><strong>τοῦ</strong></span> <span class='ocrx_word' id='word_1_355' title='bbox 832 2305 879 2332; x_wconf 88' lang='grc' dir='ltr'><strong>σοῦ</strong></span> <span class='ocrx_word' id='word_1_356' title='bbox 910 2306 951 2331; x_wconf 85' lang='grc' dir='ltr'><strong>Δε-</strong></span> 
     </span>
    </p>
   </div>
   <div class='ocr_carea' id='block_1_59' title="bbox 162 2351 881 2387">
    <p class='ocr_par' dir='ltr' id='par_1_59' title="bbox 162 2351 881 2387">
     <span class='ocr_line' id='line_1_59' title="bbox 162 2351 881 2387; baseline 0 -10"><span class='ocrx_word' id='word_1_357' title='bbox 162 2351 275 2383; x_wconf 86' lang='grc' dir='ltr'>σπότου,</span> <span class='ocrx_word' id='word_1_358' title='bbox 290 2351 486 2386; x_wconf 80' lang='grc' dir='ltr'>ἀπωθούμενος</span> <span class='ocrx_word' id='word_1_359' title='bbox 498 2352 545 2387; x_wconf 82' lang='grc' dir='ltr'>τὴν</span> <span class='ocrx_word' id='word_1_360' title='bbox 566 2352 669 2387; x_wconf 80' lang='grc' dir='ltr'>σεπτὴν</span> <span class='ocrx_word' id='word_1_361' title='bbox 683 2351 881 2387; x_wconf 81' lang='grc' dir='ltr'>εἰκονουργίαν.</span> 
     </span>
    </p>
   </div>
   <div class='ocr_carea' id='block_1_60' title="bbox 200 2408 956 2444">
    <p class='ocr_par' dir='ltr' id='par_1_60' title="bbox 200 2408 956 2444">
     <span class='ocr_line' id='line_1_60' title="bbox 200 2408 956 2444; baseline 0.001 -10"><span class='ocrx_word' id='word_1_362' title='bbox 200 2408 369 2444; x_wconf 79' lang='grc' dir='ltr'>Διέστρεψας</span> <span class='ocrx_word' id='word_1_363' title='bbox 395 2409 527 2444; x_wconf 82' lang='grc' dir='ltr'>Πατέρων</span> <span class='ocrx_word' id='word_1_364' title='bbox 551 2409 585 2436; x_wconf 81' lang='grc' dir='ltr'>τὰ</span> <span class='ocrx_word' id='word_1_365' title='bbox 610 2409 755 2444; x_wconf 82' lang='grc' dir='ltr'>δόγματα,</span> <span class='ocrx_word' id='word_1_366' title='bbox 775 2409 823 2435; x_wconf 75' lang='grc' dir='ltr'><strong>καὶ</strong></span> <span class='ocrx_word' id='word_1_367' title='bbox 837 2409 956 2435; x_wconf 81' lang='grc' dir='ltr'>ἀποστό-</span> 
     </span>
    </p>
   </div>
   <div class='ocr_carea' id='block_1_61' title="bbox 162 2454 956 2492">
    <p class='ocr_par' dir='ltr' id='par_1_61' title="bbox 162 2454 956 2492">
     <span class='ocr_line' id='line_1_61' title="bbox 162 2454 956 2492; baseline 0.004 -13"><span class='ocrx_word' id='word_1_368' title='bbox 162 2454 216 2480; x_wconf 67' lang='grc' dir='ltr'><strong>λων</strong></span> <span class='ocrx_word' id='word_1_369' title='bbox 241 2454 365 2489; x_wconf 81' lang='grc' dir='ltr'>διδαχὰς,</span> <span class='ocrx_word' id='word_1_370' title='bbox 392 2455 477 2490; x_wconf 80' lang='grc' dir='ltr'>ἄλλην</span> <span class='ocrx_word' id='word_1_371' title='bbox 498 2455 586 2487; x_wconf 82' lang='grc' dir='ltr'>ἄλλως</span> <span class='ocrx_word' id='word_1_372' title='bbox 615 2456 739 2491; x_wconf 69' lang='grc' dir='ltr'>γράφων,</span> <span class='ocrx_word' id='word_1_373' title='bbox 757 2456 828 2482; x_wconf 75' lang='grc' dir='ltr'>κατὰ.</span> <span class='ocrx_word' id='word_1_374' title='bbox 842 2456 891 2492; x_wconf 84' lang='grc' dir='ltr'>τὴν</span> <span class='ocrx_word' id='word_1_375' title='bbox 906 2457 956 2491; x_wconf 79' lang='grc' dir='ltr'>σὴν</span> 
     </span>
    </p>
   </div>
   <div class='ocr_carea' id='block_1_62' title="bbox 164 2501 828 2538">
    <p class='ocr_par' dir='ltr' id='par_1_62' title="bbox 164 2501 828 2538">
     <span class='ocr_line' id='line_1_62' title="bbox 164 2501 828 2538; baseline 0.002 -10"><span class='ocrx_word' id='word_1_376' title='bbox 164 2501 314 2537; x_wconf 78' lang='grc' dir='ltr'>θρησκείαν</span> <span class='ocrx_word' id='word_1_377' title='bbox 329 2501 499 2537; x_wconf 79' lang='grc' dir='ltr'>παράνομον,</span> <span class='ocrx_word' id='word_1_378' title='bbox 517 2501 628 2536; x_wconf 85' lang='grc' dir='ltr'>Ἰωάννη</span> <span class='ocrx_word' id='word_1_379' title='bbox 642 2502 828 2538; x_wconf 79' lang='grc' dir='ltr'>Χριστομόιχε.</span> 
     </span>
    </p>
   </div>
   <div class='ocr_carea' id='block_1_63' title="bbox 198 2590 955 2627">
    <p class='ocr_par' dir='ltr' id='par_1_63' title="bbox 198 2590 955 2627">
     <span class='ocr_line' id='line_1_63' title="bbox 198 2590 955 2627; baseline 0.003 -10"><span class='ocrx_word' id='word_1_380' title='bbox 198 2590 250 2618; x_wconf 89' lang='grc' dir='ltr'>Σοῦ</span> <span class='ocrx_word' id='word_1_381' title='bbox 266 2592 281 2617; x_wconf 84' lang='grc' dir='ltr'><strong>ὁ</strong></span> <span class='ocrx_word' id='word_1_382' title='bbox 296 2591 399 2622; x_wconf 78' lang='grc' dir='ltr'>καπνὸς</span> <span class='ocrx_word' id='word_1_383' title='bbox 421 2590 549 2626; x_wconf 84' lang='grc' dir='ltr'>δακρύων</span> <span class='ocrx_word' id='word_1_384' title='bbox 574 2591 707 2627; x_wconf 80' lang='grc' dir='ltr'>ἐνέπλησε</span> <span class='ocrx_word' id='word_1_385' title='bbox 732 2592 787 2618; x_wconf 84' lang='grc' dir='ltr'><strong>τῶν</strong></span> <span class='ocrx_word' id='word_1_386' title='bbox 814 2592 955 2619; x_wconf 71' lang='grc' dir='ltr'>εὐσεϐούν-</span> 
     </span>
    </p>
   </div>
   <div class='ocr_carea' id='block_1_64' title="bbox 163 2636 955 2673">
    <p class='ocr_par' dir='ltr' id='par_1_64' title="bbox 163 2636 955 2673">
     <span class='ocr_line' id='line_1_64' title="bbox 163 2636 955 2673; baseline 0.004 -10"><span class='ocrx_word' id='word_1_387' title='bbox 163 2646 217 2664; x_wconf 85' lang='grc' dir='ltr'><strong>των</strong></span> <span class='ocrx_word' id='word_1_388' title='bbox 246 2636 420 2673; x_wconf 78' lang='grc' dir='ltr'>όφθαλμούς·</span> <span class='ocrx_word' id='word_1_389' title='bbox 448 2637 516 2664; x_wconf 80' lang='grc' dir='ltr'>ἀλλὰ</span> <span class='ocrx_word' id='word_1_390' title='bbox 541 2636 580 2672; x_wconf 81' lang='grc' dir='ltr'>τῷ</span> <span class='ocrx_word' id='word_1_391' title='bbox 609 2638 703 2673; x_wconf 80' lang='grc' dir='ltr'>ἀνέμῳ</span> <span class='ocrx_word' id='word_1_392' title='bbox 716 2638 771 2664; x_wconf 83' lang='grc' dir='ltr'>τῶν</span> <span class='ocrx_word' id='word_1_393' title='bbox 789 2638 868 2665; x_wconf 84' lang='grc' dir='ltr'>θείων</span> <span class='ocrx_word' id='word_1_394' title='bbox 880 2639 955 2666; x_wconf 81' lang='grc' dir='ltr'>διδα-</span> 
     </span>
    </p>
   </div>
   <div class='ocr_carea' id='block_1_65' title="bbox 164 2682 833 2718">
    <p class='ocr_par' dir='ltr' id='par_1_65' title="bbox 164 2682 833 2718">
     <span class='ocr_line' id='line_1_65' title="bbox 164 2682 833 2718; baseline 0.003 -10"><span class='ocrx_word' id='word_1_395' title='bbox 164 2682 273 2710; x_wconf 77' lang='grc' dir='ltr'>σκάλων</span> <span class='ocrx_word' id='word_1_396' title='bbox 293 2682 496 2715; x_wconf 77' lang='grc' dir='ltr'>διεσκέδασται,</span> <span class='ocrx_word' id='word_1_397' title='bbox 516 2683 693 2718; x_wconf 66' lang='grc' dir='ltr'>ματαιόςρρων</span> <span class='ocrx_word' id='word_1_398' title='bbox 712 2683 833 2718; x_wconf 80' lang='grc' dir='ltr'>Ἰωάννη.</span> 
     </span>
    </p>
   </div>
   <div class='ocr_carea' id='block_1_66' title="bbox 198 2739 954 2777">
    <p class='ocr_par' dir='ltr' id='par_1_66' title="bbox 198 2739 954 2777">
     <span class='ocr_line' id='line_1_66' title="bbox 198 2739 954 2777; baseline 0.003 -11"><span class='ocrx_word' id='word_1_399' title='bbox 198 2741 236 2766; x_wconf 80' lang='grc' dir='ltr'><strong>Σὺ</strong></span> <span class='ocrx_word' id='word_1_400' title='bbox 250 2740 301 2776; x_wconf 84' lang='grc' dir='ltr'>τὴν</span> <span class='ocrx_word' id='word_1_401' title='bbox 316 2739 413 2775; x_wconf 76' lang='grc' dir='ltr'>στολὴν</span> <span class='ocrx_word' id='word_1_402' title='bbox 434 2740 484 2774; x_wconf 74' lang='grc' dir='ltr'>τὴν</span> <span class='ocrx_word' id='word_1_403' title='bbox 509 2740 585 2767; x_wconf 82' lang='grc' dir='ltr'>θείαν</span> <span class='ocrx_word' id='word_1_404' title='bbox 595 2740 751 2777; x_wconf 79' lang='grc' dir='ltr'>διέρῤηξας,</span> <span class='ocrx_word' id='word_1_405' title='bbox 768 2741 863 2776; x_wconf 81' lang='grc' dir='ltr'>ὥσπερ</span> <span class='ocrx_word' id='word_1_406' title='bbox 875 2743 890 2768; x_wconf 86' lang='grc' dir='ltr'>ὁ</span> <span class='ocrx_word' id='word_1_407' title='bbox 905 2742 954 2768; x_wconf 78' lang='grc' dir='ltr'><strong>Ἀ-</strong></span> 
     </span>
    </p>
   </div>
   <div class='ocr_carea' id='block_1_67' title="bbox 164 2785 955 2821">
    <p class='ocr_par' dir='ltr' id='par_1_67' title="bbox 164 2785 955 2821">
     <span class='ocr_line' id='line_1_67' title="bbox 164 2785 955 2821; baseline 0 -9"><span class='ocrx_word' id='word_1_408' title='bbox 164 2794 237 2820; x_wconf 86' lang='grc' dir='ltr'>ρειος</span> <span class='ocrx_word' id='word_1_409' title='bbox 255 2785 287 2812; x_wconf 79' lang='grc' dir='ltr'>τὸ</span> <span class='ocrx_word' id='word_1_410' title='bbox 307 2785 372 2820; x_wconf 75' lang='grc' dir='ltr'>πρὶν</span> <span class='ocrx_word' id='word_1_411' title='bbox 392 2785 438 2812; x_wconf 79' lang='grc' dir='ltr'>τὸν</span> <span class='ocrx_word' id='word_1_412' title='bbox 451 2785 498 2812; x_wconf 73' lang='grc' dir='ltr'><strong>τοῦ</strong></span> <span class='ocrx_word' id='word_1_413' title='bbox 513 2785 632 2820; x_wconf 85' lang='grc' dir='ltr'>Χριστοῦ</span> <span class='ocrx_word' id='word_1_414' title='bbox 648 2786 748 2821; x_wconf 87' lang='grc' dir='ltr'>χιτῶνα</span> <span class='ocrx_word' id='word_1_415' title='bbox 760 2794 767 2800; x_wconf 90' lang='grc'>·</span> <span class='ocrx_word' id='word_1_416' title='bbox 783 2786 823 2812; x_wconf 86' lang='grc' dir='ltr'>διὸ</span> <span class='ocrx_word' id='word_1_417' title='bbox 835 2785 883 2821; x_wconf 80' lang='grc' dir='ltr'>τὴς</span> <span class='ocrx_word' id='word_1_418' title='bbox 895 2785 955 2813; x_wconf 84' lang='grc' dir='ltr'><strong>Ἐκ-</strong></span> 
     </span>
    </p>
   </div>
   <div class='ocr_carea' id='block_1_68' title="bbox 162 2830 913 2868">
    <p class='ocr_par' dir='ltr' id='par_1_68' title="bbox 162 2830 913 2868">
     <span class='ocr_line' id='line_1_68' title="bbox 162 2830 913 2868; baseline 0 -10"><span class='ocrx_word' id='word_1_419' title='bbox 162 2831 278 2866; x_wconf 68' lang='grc' dir='ltr'>κλησίας</span> <span class='ocrx_word' id='word_1_420' title='bbox 285 2831 380 2867; x_wconf 78' lang='grc' dir='ltr'><strong>πόῥρω</strong></span> <span class='ocrx_word' id='word_1_421' title='bbox 391 2830 532 2867; x_wconf 78' lang='grc' dir='ltr'>βέϐλησαι,</span> <span class='ocrx_word' id='word_1_422' title='bbox 544 2831 686 2868; x_wconf 76' lang='grc' dir='ltr'>ἐκϐληθεὶς</span> <span class='ocrx_word' id='word_1_423' title='bbox 695 2831 820 2868; x_wconf 78' lang='grc' dir='ltr'>καθάπερ</span> <span class='ocrx_word' id='word_1_424' title='bbox 830 2831 913 2861; x_wconf 87' lang='grc' dir='ltr'>κύων.</span> 
     </span>
    </p>
   </div>
   <div class='ocr_carea' id='block_1_69' title="bbox 178 2917 949 2955">
    <p class='ocr_par' dir='ltr' id='par_1_69' title="bbox 178 2917 949 2955">
     <span class='ocr_line' id='line_1_69' title="bbox 178 2917 949 2955; baseline 0.003 -10"><span class='ocrx_word' id='word_1_425' title='bbox 178 2919 205 2947; x_wconf 90' lang='grc' dir='ltr'>θ.</span> <span class='ocrx_word' id='word_1_426' title='bbox 214 2919 288 2947; x_wconf 80' lang='grc' dir='ltr'>Μίαν</span> <span class='ocrx_word' id='word_1_427' title='bbox 299 2919 386 2955; x_wconf 82' lang='grc' dir='ltr'>ἀρχὴν</span> <span class='ocrx_word' id='word_1_428' title='bbox 397 2917 500 2952; x_wconf 75' lang='grc' dir='ltr'>δοξάζω</span> <span class='ocrx_word' id='word_1_429' title='bbox 513 2917 649 2953; x_wconf 82' lang='grc' dir='ltr'>θεότητος,</span> <span class='ocrx_word' id='word_1_430' title='bbox 668 2920 696 2946; x_wconf 79' lang='grc' dir='ltr'>ὲν</span> <span class='ocrx_word' id='word_1_431' title='bbox 711 2919 876 2946; x_wconf 77' lang='grc' dir='ltr'>ὑποστάσεσι</span> <span class='ocrx_word' id='word_1_432' title='bbox 892 2928 949 2955; x_wconf 80' lang='grc' dir='ltr'>τρι·</span> 
     </span>
    </p>
   </div>
   <div class='ocr_carea' id='block_1_70' title="bbox 1009 1024 1809 1060">
    <p class='ocr_par' dir='ltr' id='par_1_70' title="bbox 1009 1024 1809 1060">
     <span class='ocr_line' id='line_1_70' title="bbox 1009 1024 1809 1060; baseline 0 -8"><span class='ocrx_word' id='word_1_433' title='bbox 1009 1030 1086 1057; x_wconf 88' lang='lat' dir='ltr'><strong>runt,</strong></span> <span class='ocrx_word' id='word_1_434' title='bbox 1111 1024 1159 1060; x_wconf 88' lang='lat' dir='ltr'><strong>qui</strong></span> <span class='ocrx_word' id='word_1_435' title='bbox 1184 1029 1260 1052; x_wconf 84' lang='lat' dir='ltr'><strong>tuam</strong></span> <span class='ocrx_word' id='word_1_436' title='bbox 1284 1024 1396 1059; x_wconf 86' lang='lat' dir='ltr'><strong>impiam</strong></span> <span class='ocrx_word' id='word_1_437' title='bbox 1415 1025 1535 1051; x_wconf 76' lang='lat' dir='ltr'><strong>animam</strong></span> <span class='ocrx_word' id='word_1_438' title='bbox 1555 1030 1682 1060; x_wconf 83' lang='lat' dir='ltr'><strong>arguent,</strong></span> <span class='ocrx_word' id='word_1_439' title='bbox 1697 1030 1809 1052; x_wconf 82' lang='lat' dir='ltr'><strong>sancto-</strong></span> 
     </span>
    </p>
   </div>
   <div class='ocr_carea' id='block_1_71' title="bbox 1010 1069 1809 1105">
    <p class='ocr_par' dir='ltr' id='par_1_71' title="bbox 1010 1069 1809 1105">
     <span class='ocr_line' id='line_1_71' title="bbox 1010 1069 1809 1105; baseline 0.001 -8"><span class='ocrx_word' id='word_1_440' title='bbox 1010 1079 1070 1097; x_wconf 90' lang='lat' dir='ltr'><strong>rum</strong></span> <span class='ocrx_word' id='word_1_441' title='bbox 1090 1070 1216 1098; x_wconf 80' lang='lat' dir='ltr'><strong>videlicet</strong></span> <span class='ocrx_word' id='word_1_442' title='bbox 1241 1069 1354 1097; x_wconf 87' lang='lat' dir='ltr'><strong>Patrum</strong></span> <span class='ocrx_word' id='word_1_443' title='bbox 1378 1072 1491 1103; x_wconf 81' lang='lat' dir='ltr'><strong>chorus,</strong></span> <span class='ocrx_word' id='word_1_444' title='bbox 1513 1078 1634 1105; x_wconf 90' lang='lat' dir='ltr'><strong>quorum</strong></span> <span class='ocrx_word' id='word_1_445' title='bbox 1670 1071 1809 1098; x_wconf 86' lang='lat' dir='ltr'><strong>denudata</strong></span> 
     </span>
    </p>
   </div>
   <div class='ocr_carea' id='block_1_72' title="bbox 1009 1117 1638 1153">
    <p class='ocr_par' dir='ltr' id='par_1_72' title="bbox 1009 1117 1638 1153">
     <span class='ocr_line' id='line_1_72' title="bbox 1009 1117 1638 1153; baseline -0.003 -8"><span class='ocrx_word' id='word_1_446' title='bbox 1009 1124 1125 1152; x_wconf 85' lang='lat' dir='ltr'><strong>corpora</strong></span> <span class='ocrx_word' id='word_1_447' title='bbox 1140 1117 1390 1144; x_wconf 87' lang='lat' dir='ltr'><strong>innumerabilibus</strong></span> <span class='ocrx_word' id='word_1_448' title='bbox 1408 1117 1638 1153; x_wconf 73' lang='lat' dir='ltr'><strong>plagisaﬂlixisti.</strong></span> 
     </span>
    </p>
   </div>
   <div class='ocr_carea' id='block_1_73' title="bbox 1044 1162 1808 1195">
    <p class='ocr_par' dir='ltr' id='par_1_73' title="bbox 1044 1162 1808 1195">
     <span class='ocr_line' id='line_1_73' title="bbox 1044 1162 1808 1195; baseline 0 -5"><span class='ocrx_word' id='word_1_449' title='bbox 1044 1162 1146 1191; x_wconf 90' lang='lat' dir='ltr'><strong>Omnes</strong></span> <span class='ocrx_word' id='word_1_450' title='bbox 1159 1163 1287 1191; x_wconf 68' lang='lat' dir='ltr'><strong>Ecclesim</strong></span> <span class='ocrx_word' id='word_1_451' title='bbox 1302 1163 1424 1190; x_wconf 86' lang='lat' dir='ltr'><strong>clamare</strong></span> <span class='ocrx_word' id='word_1_452' title='bbox 1446 1170 1501 1190; x_wconf 91' lang='lat' dir='ltr'><strong>non</strong></span> <span class='ocrx_word' id='word_1_453' title='bbox 1513 1163 1650 1195; x_wconf 84' lang='lat' dir='ltr'><strong>desinent,</strong></span> <span class='ocrx_word' id='word_1_454' title='bbox 1667 1170 1731 1190; x_wconf 90' lang='lat' dir='ltr'><strong>cum</strong></span> <span class='ocrx_word' id='word_1_455' title='bbox 1749 1171 1765 1190; x_wconf 88' lang='lat' dir='ltr'><strong>a</strong></span> <span class='ocrx_word' id='word_1_456' title='bbox 1782 1167 1808 1189; x_wconf 87' lang='lat' dir='ltr'><strong>le</strong></span> 
     </span>
    </p>
   </div>
   <div class='ocr_carea' id='block_1_74' title="bbox 1011 1209 1809 1244">
    <p class='ocr_par' dir='ltr' id='par_1_74' title="bbox 1011 1209 1809 1244">
     <span class='ocr_line' id='line_1_74' title="bbox 1011 1209 1809 1244; baseline 0 -8"><span class='ocrx_word' id='word_1_457' title='bbox 1011 1209 1113 1237; x_wconf 80' lang='lat' dir='ltr'><strong>fuerint</strong></span> <span class='ocrx_word' id='word_1_458' title='bbox 1135 1209 1240 1243; x_wconf 57' lang='lat' dir='ltr'><strong>orbata!</strong></span> <span class='ocrx_word' id='word_1_459' title='bbox 1256 1209 1359 1237; x_wconf 83' lang='lat' dir='ltr'><strong>Christi</strong></span> <span class='ocrx_word' id='word_1_460' title='bbox 1383 1209 1490 1236; x_wconf 91' lang='lat' dir='ltr'><strong>Domini</strong></span> <span class='ocrx_word' id='word_1_461' title='bbox 1507 1209 1636 1244; x_wconf 78' lang='lat' dir='ltr'><strong>imagine,</strong></span> <span class='ocrx_word' id='word_1_462' title='bbox 1662 1213 1688 1236; x_wconf 89' lang='lat' dir='ltr'><strong>et</strong></span> <span class='ocrx_word' id='word_1_463' title='bbox 1701 1214 1809 1237; x_wconf 85' lang='lat' dir='ltr'><strong>sanctu-</strong></span> 
     </span>
    </p>
   </div>
   <div class='ocr_carea' id='block_1_75' title="bbox 1010 1253 1586 1289">
    <p class='ocr_par' dir='ltr' id='par_1_75' title="bbox 1010 1253 1586 1289">
     <span class='ocr_line' id='line_1_75' title="bbox 1010 1253 1586 1289; baseline 0.002 -9"><span class='ocrx_word' id='word_1_464' title='bbox 1010 1261 1070 1281; x_wconf 92' lang='lat' dir='ltr'><strong>rum</strong></span> <span class='ocrx_word' id='word_1_465' title='bbox 1086 1254 1146 1289; x_wconf 78' lang='lat' dir='ltr'><strong>ejus</strong></span> <span class='ocrx_word' id='word_1_466' title='bbox 1160 1255 1249 1282; x_wconf 88' lang='lat' dir='ltr'><strong>sacris</strong></span> <span class='ocrx_word' id='word_1_467' title='bbox 1265 1253 1372 1288; x_wconf 81' lang='lat' dir='ltr'><strong>liguris.</strong></span> <span class='ocrx_word' id='word_1_468' title='bbox 1390 1254 1483 1282; x_wconf 86' lang='lat' dir='ltr'><strong>Gloria</strong></span> <span class='ocrx_word' id='word_1_469' title='bbox 1500 1253 1586 1281; x_wconf 85' lang='lat' dir='ltr'><strong>Patri.</strong></span> 
     </span>
    </p>
   </div>
   <div class='ocr_carea' id='block_1_76' title="bbox 1044 1299 1808 1334">
    <p class='ocr_par' dir='ltr' id='par_1_76' title="bbox 1044 1299 1808 1334">
     <span class='ocr_line' id='line_1_76' title="bbox 1044 1299 1808 1334; baseline 0 -7"><span class='ocrx_word' id='word_1_470' title='bbox 1044 1300 1135 1327; x_wconf 79' lang='lat' dir='ltr'><strong>Gloria</strong></span> <span class='ocrx_word' id='word_1_471' title='bbox 1152 1300 1212 1332; x_wconf 87' lang='lat' dir='ltr'><strong>tibi,</strong></span> <span class='ocrx_word' id='word_1_472' title='bbox 1244 1305 1271 1327; x_wconf 87' lang='lat' dir='ltr'><strong>et</strong></span> <span class='ocrx_word' id='word_1_473' title='bbox 1294 1299 1394 1327; x_wconf 90' lang='lat' dir='ltr'><strong>iterum</strong></span> <span class='ocrx_word' id='word_1_474' title='bbox 1411 1300 1498 1334; x_wconf 84' lang='lat' dir='ltr'><strong>gloria</strong></span> <span class='ocrx_word' id='word_1_475' title='bbox 1522 1300 1571 1327; x_wconf 88' lang='lat' dir='ltr'><strong>tibi</strong></span> <span class='ocrx_word' id='word_1_476' title='bbox 1592 1300 1637 1334; x_wconf 82' lang='lat' dir='ltr'><strong>sit,</strong></span> <span class='ocrx_word' id='word_1_477' title='bbox 1657 1300 1729 1327; x_wconf 89' lang='lat' dir='ltr'><strong>trina</strong></span> <span class='ocrx_word' id='word_1_478' title='bbox 1745 1301 1808 1327; x_wconf 83' lang='lat' dir='ltr'><strong>uni-</strong></span> 
     </span>
    </p>
   </div>
   <div class='ocr_carea' id='block_1_77' title="bbox 1009 1345 1808 1381">
    <p class='ocr_par' dir='ltr' id='par_1_77' title="bbox 1009 1345 1808 1381">
     <span class='ocr_line' id='line_1_77' title="bbox 1009 1345 1808 1381; baseline -0.003 -7"><span class='ocrx_word' id='word_1_479' title='bbox 1009 1351 1061 1378; x_wconf 74' lang='lat' dir='ltr'><strong>tas,</strong></span> <span class='ocrx_word' id='word_1_480' title='bbox 1083 1346 1163 1373; x_wconf 88' lang='lat' dir='ltr'><strong>Pater</strong></span> <span class='ocrx_word' id='word_1_481' title='bbox 1192 1351 1219 1373; x_wconf 87' lang='lat' dir='ltr'><strong>et</strong></span> <span class='ocrx_word' id='word_1_482' title='bbox 1232 1346 1319 1374; x_wconf 83' lang='lat' dir='ltr'><strong>Filius</strong></span> <span class='ocrx_word' id='word_1_483' title='bbox 1334 1351 1362 1373; x_wconf 90' lang='lat' dir='ltr'><strong>et</strong></span> <span class='ocrx_word' id='word_1_484' title='bbox 1379 1345 1498 1380; x_wconf 87' lang='lat' dir='ltr'><strong>Spiritus</strong></span> <span class='ocrx_word' id='word_1_485' title='bbox 1517 1351 1644 1378; x_wconf 85' lang='lat' dir='ltr'><strong>sanctus,</strong></span> <span class='ocrx_word' id='word_1_486' title='bbox 1664 1354 1726 1381; x_wconf 57' lang='lat' dir='ltr'><strong>quae</strong></span> <span class='ocrx_word' id='word_1_487' title='bbox 1742 1347 1808 1373; x_wconf 92' lang='lat' dir='ltr'><strong>uni-</strong></span> 
     </span>
    </p>
   </div>
   <div class='ocr_carea' id='block_1_78' title="bbox 1009 1391 1807 1427">
    <p class='ocr_par' dir='ltr' id='par_1_78' title="bbox 1009 1391 1807 1427">
     <span class='ocr_line' id='line_1_78' title="bbox 1009 1391 1807 1427; baseline -0.001 -8"><span class='ocrx_word' id='word_1_488' title='bbox 1009 1400 1119 1419; x_wconf 83' lang='lat' dir='ltr'><strong>versum</strong></span> <span class='ocrx_word' id='word_1_489' title='bbox 1146 1392 1242 1420; x_wconf 74' lang='lat' dir='ltr'><strong>orbem</strong></span> <span class='ocrx_word' id='word_1_490' title='bbox 1258 1391 1379 1427; x_wconf 86' lang='lat' dir='ltr'><strong>potentia</strong></span> <span class='ocrx_word' id='word_1_491' title='bbox 1400 1397 1444 1418; x_wconf 90' lang='lat' dir='ltr'><strong>tua</strong></span> <span class='ocrx_word' id='word_1_492' title='bbox 1461 1392 1587 1419; x_wconf 86' lang='lat' dir='ltr'><strong>contines</strong></span> <span class='ocrx_word' id='word_1_493' title='bbox 1601 1399 1608 1418; x_wconf 88' lang='lat'><strong>:</strong></span> <span class='ocrx_word' id='word_1_494' title='bbox 1635 1397 1661 1419; x_wconf 89' lang='lat' dir='ltr'><strong>te</strong></span> <span class='ocrx_word' id='word_1_495' title='bbox 1677 1393 1807 1427; x_wconf 81' lang='lat' dir='ltr'><strong>depreca-</strong></span> 
     </span>
    </p>
   </div>
   <div class='ocr_carea' id='block_1_79' title="bbox 1010 1439 1805 1473">
    <p class='ocr_par' dir='ltr' id='par_1_79' title="bbox 1010 1439 1805 1473">
     <span class='ocr_line' id='line_1_79' title="bbox 1010 1439 1805 1473; baseline -0.001 -7"><span class='ocrx_word' id='word_1_496' title='bbox 1010 1447 1082 1469; x_wconf 85' lang='lat' dir='ltr'><strong>mur.</strong></span> <span class='ocrx_word' id='word_1_497' title='bbox 1105 1443 1134 1466; x_wconf 91' lang='lat' dir='ltr'><strong>ut</strong></span> <span class='ocrx_word' id='word_1_498' title='bbox 1154 1440 1188 1466; x_wconf 89' lang='lat' dir='ltr'><strong>ab</strong></span> <span class='ocrx_word' id='word_1_499' title='bbox 1210 1439 1284 1466; x_wconf 90' lang='lat' dir='ltr'><strong>omni</strong></span> <span class='ocrx_word' id='word_1_500' title='bbox 1302 1439 1374 1466; x_wconf 81' lang='lat' dir='ltr'><strong>malo</strong></span> <span class='ocrx_word' id='word_1_501' title='bbox 1392 1446 1450 1470; x_wconf 86' lang='lat' dir='ltr'><strong>eos,</strong></span> <span class='ocrx_word' id='word_1_502' title='bbox 1478 1439 1526 1473; x_wconf 88' lang='lat' dir='ltr'><strong>qui</strong></span> <span class='ocrx_word' id='word_1_503' title='bbox 1548 1439 1576 1465; x_wconf 87' lang='lat' dir='ltr'><strong>in</strong></span> <span class='ocrx_word' id='word_1_504' title='bbox 1602 1443 1628 1465; x_wconf 91' lang='lat' dir='ltr'><strong>te</strong></span> <span class='ocrx_word' id='word_1_505' title='bbox 1648 1439 1805 1471; x_wconf 79' lang='lat' dir='ltr'><strong>conﬁdunt,</strong></span> 
     </span>
    </p>
   </div>
   <div class='ocr_carea' id='block_1_80' title="bbox 1011 1486 1276 1521">
    <p class='ocr_par' dir='ltr' id='par_1_80' title="bbox 1011 1486 1276 1521">
     <span class='ocr_line' id='line_1_80' title="bbox 1011 1486 1276 1521; baseline 0 -9"><span class='ocrx_word' id='word_1_506' title='bbox 1011 1486 1130 1513; x_wconf 82' lang='lat' dir='ltr'><strong>liberare</strong></span> <span class='ocrx_word' id='word_1_507' title='bbox 1142 1486 1276 1521; x_wconf 74' lang='lat' dir='ltr'><strong>digneris.</strong></span> 
     </span>
    </p>
   </div>
   <div class='ocr_carea' id='block_1_81' title="bbox 1044 1542 1805 1574">
    <p class='ocr_par' dir='ltr' id='par_1_81' title="bbox 1044 1542 1805 1574">
     <span class='ocr_line' id='line_1_81' title="bbox 1044 1542 1805 1574; baseline 0 -5"><span class='ocrx_word' id='word_1_508' title='bbox 1044 1544 1134 1570; x_wconf 88' lang='lat' dir='ltr'><strong>lnstar</strong></span> <span class='ocrx_word' id='word_1_509' title='bbox 1159 1542 1306 1570; x_wconf 86' lang='lat' dir='ltr'><strong>lucernarii</strong></span> <span class='ocrx_word' id='word_1_510' title='bbox 1328 1549 1396 1569; x_wconf 86' lang='lat' dir='ltr'><strong>auro</strong></span> <span class='ocrx_word' id='word_1_511' title='bbox 1424 1542 1562 1574; x_wconf 82' lang='lat' dir='ltr'><strong>exornati,</strong></span> <span class='ocrx_word' id='word_1_512' title='bbox 1582 1547 1608 1569; x_wconf 89' lang='lat' dir='ltr'><strong>te</strong></span> <span class='ocrx_word' id='word_1_513' title='bbox 1628 1549 1805 1574; x_wconf 83' lang='lat' dir='ltr'><strong>veneramur,</strong></span> 
     </span>
    </p>
   </div>
   <div class='ocr_carea' id='block_1_82' title="bbox 1009 1588 1803 1624">
    <p class='ocr_par' dir='ltr' id='par_1_82' title="bbox 1009 1588 1803 1624">
     <span class='ocr_line' id='line_1_82' title="bbox 1009 1588 1803 1624; baseline 0 -8"><span class='ocrx_word' id='word_1_514' title='bbox 1009 1594 1102 1617; x_wconf 87' lang='lat' dir='ltr'><strong>sancta</strong></span> <span class='ocrx_word' id='word_1_515' title='bbox 1119 1589 1166 1616; x_wconf 90' lang='lat' dir='ltr'><strong>Dei</strong></span> <span class='ocrx_word' id='word_1_516' title='bbox 1183 1588 1320 1620; x_wconf 85' lang='lat' dir='ltr'><strong>Genitrix,</strong></span> <span class='ocrx_word' id='word_1_517' title='bbox 1335 1597 1396 1624; x_wconf 73' lang='lat' dir='ltr'><strong>qua:</strong></span> <span class='ocrx_word' id='word_1_518' title='bbox 1412 1589 1503 1616; x_wconf 91' lang='lat' dir='ltr'><strong>lumen</strong></span> <span class='ocrx_word' id='word_1_519' title='bbox 1521 1589 1705 1616; x_wconf 83' lang='lat' dir='ltr'><strong>iutellectualc</strong></span> <span class='ocrx_word' id='word_1_520' title='bbox 1721 1597 1803 1616; x_wconf 85' lang='lat' dir='ltr'><strong>num-</strong></span> 
     </span>
    </p>
   </div>
   <div class='ocr_carea' id='block_1_83' title="bbox 969 1635 1769 1671">
    <p class='ocr_par' dir='ltr' id='par_1_83' title="bbox 969 1635 1769 1671">
     <span class='ocr_line' id='line_1_83' title="bbox 969 1635 1769 1671; baseline 0 -8"><span class='ocrx_word' id='word_1_521' title='bbox 969 1640 991 1670; x_wconf 75' lang='grc' dir='ltr'>ί]</span> <span class='ocrx_word' id='word_1_522' title='bbox 1008 1636 1043 1663; x_wconf 93' lang='lat' dir='ltr'><strong>do</strong></span> <span class='ocrx_word' id='word_1_523' title='bbox 1063 1635 1204 1671; x_wconf 86' lang='lat' dir='ltr'><strong>peperisti,</strong></span> <span class='ocrx_word' id='word_1_524' title='bbox 1219 1639 1246 1662; x_wconf 87' lang='lat' dir='ltr'><strong>et</strong></span> <span class='ocrx_word' id='word_1_525' title='bbox 1265 1635 1438 1663; x_wconf 83' lang='lat' dir='ltr'><strong>tenebrosam</strong></span> <span class='ocrx_word' id='word_1_526' title='bbox 1461 1636 1589 1664; x_wconf 86' lang='lat' dir='ltr'><strong>nebulam</strong></span> <span class='ocrx_word' id='word_1_527' title='bbox 1617 1636 1769 1670; x_wconf 74' lang='lat' dir='ltr'><strong>dissipasti.</strong></span> 
     </span>
    </p>
   </div>
   <div class='ocr_carea' id='block_1_84' title="bbox 1352 1709 1482 1738">
    <p class='ocr_par' dir='ltr' id='par_1_84' title="bbox 1352 1709 1482 1738">
     <span class='ocr_line' id='line_1_84' title="bbox 1352 1709 1482 1738; baseline 0 0"><span class='ocrx_word' id='word_1_528' title='bbox 1352 1709 1422 1738; x_wconf 78' lang='lat' dir='ltr'><strong>ODA</strong></span> <span class='ocrx_word' id='word_1_529' title='bbox 1438 1709 1482 1738; x_wconf 82' lang='lat' dir='ltr'><strong>Vl.</strong></span> 
     </span>
    </p>
   </div>
   <div class='ocr_carea' id='block_1_85' title="bbox 1043 1785 1806 1825">
    <p class='ocr_par' dir='ltr' id='par_1_85' title="bbox 1043 1785 1806 1825">
     <span class='ocr_line' id='line_1_85' title="bbox 1043 1785 1806 1825; baseline 0.007 -13"><span class='ocrx_word' id='word_1_530' title='bbox 1043 1785 1188 1813; x_wconf 80' lang='lat' dir='ltr'><strong>Vociferati</strong></span> <span class='ocrx_word' id='word_1_531' title='bbox 1200 1791 1266 1814; x_wconf 86' lang='lat' dir='ltr'><strong>sunt</strong></span> <span class='ocrx_word' id='word_1_532' title='bbox 1277 1787 1373 1822; x_wconf 74' lang='lat' dir='ltr'><strong>vigiles</strong></span> <span class='ocrx_word' id='word_1_533' title='bbox 1401 1787 1532 1816; x_wconf 71' lang='lat' dir='ltr'><strong>Ecclesiae</strong></span> <span class='ocrx_word' id='word_1_534' title='bbox 1548 1788 1651 1816; x_wconf 84' lang='lat' dir='ltr'><strong>Christi</strong></span> <span class='ocrx_word' id='word_1_535' title='bbox 1668 1790 1806 1825; x_wconf 72' lang='lat' dir='ltr'><strong>custodes,</strong></span> 
     </span>
    </p>
   </div>
   <div class='ocr_carea' id='block_1_86' title="bbox 1007 1832 1806 1871">
    <p class='ocr_par' dir='ltr' id='par_1_86' title="bbox 1007 1832 1806 1871">
     <span class='ocr_line' id='line_1_86' title="bbox 1007 1832 1806 1871; baseline 0.006 -12"><span class='ocrx_word' id='word_1_536' title='bbox 1007 1832 1040 1859; x_wconf 83' lang='lat' dir='ltr'><strong>ab</strong></span> <span class='ocrx_word' id='word_1_537' title='bbox 1053 1832 1113 1867; x_wconf 89' lang='lat' dir='ltr'><strong>ipso</strong></span> <span class='ocrx_word' id='word_1_538' title='bbox 1128 1837 1260 1867; x_wconf 85' lang='lat' dir='ltr'><strong>petentes,</strong></span> <span class='ocrx_word' id='word_1_539' title='bbox 1278 1838 1308 1860; x_wconf 93' lang='lat' dir='ltr'><strong>ut</strong></span> <span class='ocrx_word' id='word_1_540' title='bbox 1325 1834 1376 1861; x_wconf 85' lang='lat' dir='ltr'><strong>sibi</strong></span> <span class='ocrx_word' id='word_1_541' title='bbox 1397 1842 1448 1869; x_wconf 75' lang='lat' dir='ltr'><strong>pax</strong></span> <span class='ocrx_word' id='word_1_542' title='bbox 1465 1835 1624 1870; x_wconf 81' lang='lat' dir='ltr'><strong>largiretur,</strong></span> <span class='ocrx_word' id='word_1_543' title='bbox 1637 1844 1709 1871; x_wconf 87' lang='lat' dir='ltr'><strong>quos</strong></span> <span class='ocrx_word' id='word_1_544' title='bbox 1721 1845 1806 1864; x_wconf 85' lang='lat' dir='ltr'><strong>exau-</strong></span> 
     </span>
    </p>
   </div>
   <div class='ocr_carea' id='block_1_87' title="bbox 1007 1879 1677 1913">
    <p class='ocr_par' dir='ltr' id='par_1_87' title="bbox 1007 1879 1677 1913">
     <span class='ocr_line' id='line_1_87' title="bbox 1007 1879 1677 1913; baseline 0.006 -8"><span class='ocrx_word' id='word_1_545' title='bbox 1007 1879 1085 1910; x_wconf 76' lang='lat' dir='ltr'><strong>divit,</strong></span> <span class='ocrx_word' id='word_1_546' title='bbox 1105 1882 1132 1906; x_wconf 87' lang='lat' dir='ltr'><strong>et</strong></span> <span class='ocrx_word' id='word_1_547' title='bbox 1145 1886 1241 1906; x_wconf 84' lang='lat' dir='ltr'><strong>eorum</strong></span> <span class='ocrx_word' id='word_1_548' title='bbox 1258 1880 1387 1913; x_wconf 83' lang='lat' dir='ltr'><strong>precibus</strong></span> <span class='ocrx_word' id='word_1_549' title='bbox 1403 1885 1522 1908; x_wconf 82' lang='lat' dir='ltr'><strong>utentem</strong></span> <span class='ocrx_word' id='word_1_550' title='bbox 1539 1881 1677 1909; x_wconf 89' lang='lat' dir='ltr'><strong>adhibuit.</strong></span> 
     </span>
    </p>
   </div>
   <div class='ocr_carea' id='block_1_88' title="bbox 1045 1924 1804 1970">
    <p class='ocr_par' dir='ltr' id='par_1_88' title="bbox 1045 1924 1804 1970">
     <span class='ocr_line' id='line_1_88' title="bbox 1045 1924 1804 1970; baseline 0.008 -19"><span class='ocrx_word' id='word_1_551' title='bbox 1045 1924 1160 1953; x_wconf 70' lang='lat' dir='ltr'><strong>Detectaa</strong></span> <span class='ocrx_word' id='word_1_552' title='bbox 1181 1930 1246 1953; x_wconf 87' lang='lat' dir='ltr'><strong>sunt</strong></span> <span class='ocrx_word' id='word_1_553' title='bbox 1266 1926 1422 1954; x_wconf 87' lang='lat' dir='ltr'><strong>seductoris</strong></span> <span class='ocrx_word' id='word_1_554' title='bbox 1439 1927 1514 1956; x_wconf 86' lang='lat' dir='ltr'><strong>illius</strong></span> <span class='ocrx_word' id='word_1_555' title='bbox 1529 1933 1609 1970; x_wconf 52' lang='lat' dir='ltr'><strong>artes.</strong></span> <span class='ocrx_word' id='word_1_556' title='bbox 1623 1933 1650 1956; x_wconf 87' lang='lat' dir='ltr'><strong>et</strong></span> <span class='ocrx_word' id='word_1_557' title='bbox 1666 1929 1722 1956; x_wconf 89' lang='lat' dir='ltr'><strong>doli</strong></span> <span class='ocrx_word' id='word_1_558' title='bbox 1739 1937 1804 1957; x_wconf 85' lang='lat' dir='ltr'><strong>san-</strong></span> 
     </span>
    </p>
   </div>
   <div class='ocr_carea' id='block_1_89' title="bbox 1007 1971 1806 2007">
    <p class='ocr_par' dir='ltr' id='par_1_89' title="bbox 1007 1971 1806 2007">
     <span class='ocr_line' id='line_1_89' title="bbox 1007 1971 1806 2007; baseline 0.006 -10"><span class='ocrx_word' id='word_1_559' title='bbox 1007 1976 1113 1998; x_wconf 89' lang='lat' dir='ltr'><strong>ctorum</strong></span> <span class='ocrx_word' id='word_1_560' title='bbox 1134 1971 1246 1998; x_wconf 80' lang='lat' dir='ltr'><strong>Patrum</strong></span> <span class='ocrx_word' id='word_1_561' title='bbox 1271 1972 1464 2007; x_wconf 83' lang='lat' dir='ltr'><strong>dogmatibus;</strong></span> <span class='ocrx_word' id='word_1_562' title='bbox 1492 1979 1520 2001; x_wconf 89' lang='lat' dir='ltr'><strong>et</strong></span> <span class='ocrx_word' id='word_1_563' title='bbox 1539 1974 1612 2002; x_wconf 90' lang='lat' dir='ltr'><strong>Deus</strong></span> <span class='ocrx_word' id='word_1_564' title='bbox 1624 1983 1706 2002; x_wconf 87' lang='lat' dir='ltr'><strong>carne</strong></span> <span class='ocrx_word' id='word_1_565' title='bbox 1725 1976 1806 2002; x_wconf 87' lang='lat' dir='ltr'><strong>indu—</strong></span> 
     </span>
    </p>
   </div>
   <div class='ocr_carea' id='block_1_90' title="bbox 1008 2017 1805 2055">
    <p class='ocr_par' dir='ltr' id='par_1_90' title="bbox 1008 2017 1805 2055">
     <span class='ocr_line' id='line_1_90' title="bbox 1008 2017 1805 2055; baseline 0.006 -12"><span class='ocrx_word' id='word_1_566' title='bbox 1008 2022 1052 2044; x_wconf 91' lang='lat' dir='ltr'><strong>tus</strong></span> <span class='ocrx_word' id='word_1_567' title='bbox 1068 2017 1102 2044; x_wconf 88' lang='lat' dir='ltr'><strong>ah</strong></span> <span class='ocrx_word' id='word_1_568' title='bbox 1126 2018 1255 2045; x_wconf 87' lang='lat' dir='ltr'><strong>omnibus</strong></span> <span class='ocrx_word' id='word_1_569' title='bbox 1277 2019 1443 2053; x_wconf 85' lang='lat' dir='ltr'><strong>celebratur,</strong></span> <span class='ocrx_word' id='word_1_570' title='bbox 1464 2020 1510 2054; x_wconf 88' lang='lat' dir='ltr'><strong>qui</strong></span> <span class='ocrx_word' id='word_1_571' title='bbox 1532 2027 1581 2055; x_wconf 88' lang='lat' dir='ltr'><strong>pro</strong></span> <span class='ocrx_word' id='word_1_572' title='bbox 1595 2028 1643 2047; x_wconf 91' lang='lat' dir='ltr'><strong>sua</strong></span> <span class='ocrx_word' id='word_1_573' title='bbox 1661 2021 1805 2048; x_wconf 85' lang='lat' dir='ltr'><strong>divinitate</strong></span> 
     </span>
    </p>
   </div>
   <div class='ocr_carea' id='block_1_91' title="bbox 1008 2063 1401 2098">
    <p class='ocr_par' dir='ltr' id='par_1_91' title="bbox 1008 2063 1401 2098">
     <span class='ocr_line' id='line_1_91' title="bbox 1008 2063 1401 2098; baseline 0.003 -8"><span class='ocrx_word' id='word_1_574' title='bbox 1008 2063 1267 2098; x_wconf 89' lang='lat' dir='ltr'><strong>incircumscriptus</strong></span> <span class='ocrx_word' id='word_1_575' title='bbox 1283 2064 1401 2092; x_wconf 80' lang='lat' dir='ltr'><strong>exsistit.</strong></span> 
     </span>
    </p>
   </div>
   <div class='ocr_carea' id='block_1_92' title="bbox 1043 2109 1804 2147">
    <p class='ocr_par' dir='ltr' id='par_1_92' title="bbox 1043 2109 1804 2147">
     <span class='ocr_line' id='line_1_92' title="bbox 1043 2109 1804 2147; baseline 0.005 -12"><span class='ocrx_word' id='word_1_576' title='bbox 1043 2109 1115 2136; x_wconf 87' lang='lat' dir='ltr'><strong>Socii</strong></span> <span class='ocrx_word' id='word_1_577' title='bbox 1130 2109 1297 2137; x_wconf 89' lang='lat' dir='ltr'><strong>seductionis</strong></span> <span class='ocrx_word' id='word_1_578' title='bbox 1324 2110 1428 2145; x_wconf 91' lang='lat' dir='ltr'><strong>pudore</strong></span> <span class='ocrx_word' id='word_1_579' title='bbox 1454 2111 1676 2144; x_wconf 82' lang='lat' dir='ltr'><strong>confundantur,</strong></span> <span class='ocrx_word' id='word_1_580' title='bbox 1701 2117 1728 2139; x_wconf 89' lang='lat' dir='ltr'><strong>et</strong></span> <span class='ocrx_word' id='word_1_581' title='bbox 1743 2120 1804 2147; x_wconf 91' lang='lat' dir='ltr'><strong>per-</strong></span> 
     </span>
    </p>
   </div>
   <div class='ocr_carea' id='block_1_93' title="bbox 1008 2156 1804 2187">
    <p class='ocr_par' dir='ltr' id='par_1_93' title="bbox 1008 2156 1804 2187">
     <span class='ocr_line' id='line_1_93' title="bbox 1008 2156 1804 2187; baseline 0.005 -5"><span class='ocrx_word' id='word_1_582' title='bbox 1008 2159 1072 2182; x_wconf 87' lang='lat' dir='ltr'><strong>eant</strong></span> <span class='ocrx_word' id='word_1_583' title='bbox 1106 2164 1159 2183; x_wconf 88' lang='lat' dir='ltr'><strong>una</strong></span> <span class='ocrx_word' id='word_1_584' title='bbox 1194 2164 1256 2184; x_wconf 90' lang='lat' dir='ltr'><strong>cum</strong></span> <span class='ocrx_word' id='word_1_585' title='bbox 1279 2157 1411 2184; x_wconf 87' lang='lat' dir='ltr'><strong>Antonio.</strong></span> <span class='ocrx_word' id='word_1_586' title='bbox 1429 2156 1589 2186; x_wconf 84' lang='lat' dir='ltr'><strong>Theodotus</strong></span> <span class='ocrx_word' id='word_1_587' title='bbox 1613 2164 1641 2186; x_wconf 89' lang='lat' dir='ltr'><strong>et</strong></span> <span class='ocrx_word' id='word_1_588' title='bbox 1658 2158 1757 2187; x_wconf 64' lang='lat' dir='ltr'><strong>Letius</strong></span> <span class='ocrx_word' id='word_1_589' title='bbox 1776 2165 1804 2186; x_wconf 82' lang='lat' dir='ltr'><strong>et</strong></span> 
     </span>
    </p>
   </div>
   <div class='ocr_carea' id='block_1_94' title="bbox 1008 2201 1552 2239">
    <p class='ocr_par' dir='ltr' id='par_1_94' title="bbox 1008 2201 1552 2239">
     <span class='ocr_line' id='line_1_94' title="bbox 1008 2201 1552 2239; baseline 0.007 -11"><span class='ocrx_word' id='word_1_590' title='bbox 1008 2201 1180 2236; x_wconf 87' lang='lat' dir='ltr'><strong>Theodorus,</strong></span> <span class='ocrx_word' id='word_1_591' title='bbox 1195 2203 1361 2237; x_wconf 78' lang='lat' dir='ltr'><strong>profundum</strong></span> <span class='ocrx_word' id='word_1_592' title='bbox 1378 2202 1552 2239; x_wconf 78' lang='lat' dir='ltr'><strong>perditionis.</strong></span> 
     </span>
    </p>
   </div>
   <div class='ocr_carea' id='block_1_95' title="bbox 1045 2248 1804 2288">
    <p class='ocr_par' dir='ltr' id='par_1_95' title="bbox 1045 2248 1804 2288">
     <span class='ocr_line' id='line_1_95' title="bbox 1045 2248 1804 2288; baseline 0.007 -13"><span class='ocrx_word' id='word_1_593' title='bbox 1045 2248 1083 2276; x_wconf 89' lang='lat' dir='ltr'><strong>Os</strong></span> <span class='ocrx_word' id='word_1_594' title='bbox 1103 2254 1180 2276; x_wconf 92' lang='lat' dir='ltr'><strong>tuum</strong></span> <span class='ocrx_word' id='word_1_595' title='bbox 1199 2250 1342 2284; x_wconf 85' lang='lat' dir='ltr'><strong>aperuisti,</strong></span> <span class='ocrx_word' id='word_1_596' title='bbox 1361 2258 1377 2277; x_wconf 93' lang='grc' dir='ltr'><strong>ο</strong></span> <span class='ocrx_word' id='word_1_597' title='bbox 1397 2251 1491 2284; x_wconf 86' lang='lat' dir='ltr'><strong>miser,</strong></span> <span class='ocrx_word' id='word_1_598' title='bbox 1505 2259 1559 2278; x_wconf 91' lang='lat' dir='ltr'><strong>non</strong></span> <span class='ocrx_word' id='word_1_599' title='bbox 1577 2251 1604 2279; x_wconf 90' lang='lat' dir='ltr'><strong>in</strong></span> <span class='ocrx_word' id='word_1_600' title='bbox 1623 2253 1738 2280; x_wconf 87' lang='lat' dir='ltr'><strong>canticis</strong></span> <span class='ocrx_word' id='word_1_601' title='bbox 1750 2254 1804 2288; x_wconf 86' lang='lat' dir='ltr'><strong>spi-</strong></span> 
     </span>
    </p>
   </div>
   <div class='ocr_carea' id='block_1_96' title="bbox 1010 2295 1802 2331">
    <p class='ocr_par' dir='ltr' id='par_1_96' title="bbox 1010 2295 1802 2331">
     <span class='ocr_line' id='line_1_96' title="bbox 1010 2295 1802 2331; baseline 0.005 -10"><span class='ocrx_word' id='word_1_602' title='bbox 1010 2295 1165 2327; x_wconf 86' lang='lat' dir='ltr'><strong>ritualibus,</strong></span> <span class='ocrx_word' id='word_1_603' title='bbox 1189 2295 1236 2322; x_wconf 89' lang='lat' dir='ltr'><strong>sed</strong></span> <span class='ocrx_word' id='word_1_604' title='bbox 1253 2296 1282 2323; x_wconf 92' lang='lat' dir='ltr'><strong>in</strong></span> <span class='ocrx_word' id='word_1_605' title='bbox 1303 2295 1482 2331; x_wconf 80' lang='lat' dir='ltr'><strong>blasphemiis</strong></span> <span class='ocrx_word' id='word_1_606' title='bbox 1502 2297 1634 2325; x_wconf 87' lang='lat' dir='ltr'><strong>adversus</strong></span> <span class='ocrx_word' id='word_1_607' title='bbox 1655 2298 1802 2327; x_wconf 85' lang='lat' dir='ltr'><strong>Dominum</strong></span> 
     </span>
    </p>
   </div>
   <div class='ocr_carea' id='block_1_97' title="bbox 1010 2342 1623 2377">
    <p class='ocr_par' dir='ltr' id='par_1_97' title="bbox 1010 2342 1623 2377">
     <span class='ocr_line' id='line_1_97' title="bbox 1010 2342 1623 2377; baseline 0.005 -9"><span class='ocrx_word' id='word_1_608' title='bbox 1010 2346 1097 2375; x_wconf 90' lang='lat' dir='ltr'><strong>tuum,</strong></span> <span class='ocrx_word' id='word_1_609' title='bbox 1111 2343 1283 2370; x_wconf 83' lang='lat' dir='ltr'><strong>venerandas</strong></span> <span class='ocrx_word' id='word_1_610' title='bbox 1301 2342 1436 2377; x_wconf 83' lang='lat' dir='ltr'><strong>imagines</strong></span> <span class='ocrx_word' id='word_1_611' title='bbox 1450 2344 1623 2372; x_wconf 84' lang='lat' dir='ltr'><strong>insectando.</strong></span> 
     </span>
    </p>
   </div>
   <div class='ocr_carea' id='block_1_98' title="bbox 1042 2396 1802 2434">
    <p class='ocr_par' dir='ltr' id='par_1_98' title="bbox 1042 2396 1802 2434">
     <span class='ocr_line' id='line_1_98' title="bbox 1042 2396 1802 2434; baseline 0.005 -11"><span class='ocrx_word' id='word_1_612' title='bbox 1042 2396 1203 2424; x_wconf 78' lang='lat' dir='ltr'><strong>Perrertisti</strong></span> <span class='ocrx_word' id='word_1_613' title='bbox 1222 2402 1380 2425; x_wconf 85' lang='lat' dir='ltr'><strong>sanctorum</strong></span> <span class='ocrx_word' id='word_1_614' title='bbox 1398 2399 1510 2426; x_wconf 86' lang='lat' dir='ltr'><strong>Patrum</strong></span> <span class='ocrx_word' id='word_1_615' title='bbox 1534 2398 1672 2433; x_wconf 79' lang='lat' dir='ltr'><strong>dogmata,</strong></span> <span class='ocrx_word' id='word_1_616' title='bbox 1691 2406 1802 2434; x_wconf 81' lang='lat' dir='ltr'><strong>aposto—</strong></span> 
     </span>
    </p>
   </div>
   <div class='ocr_carea' id='block_1_99' title="bbox 1007 2442 1801 2480">
    <p class='ocr_par' dir='ltr' id='par_1_99' title="bbox 1007 2442 1801 2480">
     <span class='ocr_line' id='line_1_99' title="bbox 1007 2442 1801 2480; baseline 0.006 -11"><span class='ocrx_word' id='word_1_617' title='bbox 1007 2443 1097 2470; x_wconf 79' lang='lat' dir='ltr'><strong>lorum</strong></span> <span class='ocrx_word' id='word_1_618' title='bbox 1122 2442 1256 2470; x_wconf 85' lang='lat' dir='ltr'><strong>doctrinis</strong></span> <span class='ocrx_word' id='word_1_619' title='bbox 1279 2445 1417 2471; x_wconf 85' lang='lat' dir='ltr'><strong>contraria</strong></span> <span class='ocrx_word' id='word_1_620' title='bbox 1441 2445 1596 2478; x_wconf 87' lang='lat' dir='ltr'><strong>scribendo,</strong></span> <span class='ocrx_word' id='word_1_621' title='bbox 1620 2446 1701 2480; x_wconf 76' lang='lat' dir='ltr'><strong>juxta</strong></span> <span class='ocrx_word' id='word_1_622' title='bbox 1725 2451 1801 2474; x_wconf 88' lang='lat' dir='ltr'><strong>tuam</strong></span> 
     </span>
    </p>
   </div>
   <div class='ocr_carea' id='block_1_100' title="bbox 1008 2486 1802 2524">
    <p class='ocr_par' dir='ltr' id='par_1_100' title="bbox 1008 2486 1802 2524">
     <span class='ocr_line' id='line_1_100' title="bbox 1008 2486 1802 2524; baseline 0.009 -12"><span class='ocrx_word' id='word_1_623' title='bbox 1008 2486 1106 2513; x_wconf 74' lang='lat' dir='ltr'><strong>falsam</strong></span> <span class='ocrx_word' id='word_1_624' title='bbox 1134 2487 1296 2522; x_wconf 79' lang='lat' dir='ltr'><strong>religionem</strong></span> <span class='ocrx_word' id='word_1_625' title='bbox 1320 2493 1348 2514; x_wconf 74' lang='lat' dir='ltr'><strong>et</strong></span> <span class='ocrx_word' id='word_1_626' title='bbox 1371 2489 1494 2524; x_wconf 84' lang='lat' dir='ltr'><strong>impiam,</strong></span> <span class='ocrx_word' id='word_1_627' title='bbox 1516 2497 1532 2516; x_wconf 93' lang='grc' dir='ltr'><strong>ο</strong></span> <span class='ocrx_word' id='word_1_628' title='bbox 1547 2489 1669 2518; x_wconf 79' lang='lat' dir='ltr'><strong>Joannes</strong></span> <span class='ocrx_word' id='word_1_629' title='bbox 1698 2491 1802 2520; x_wconf 92' lang='lat' dir='ltr'><strong>Christi</strong></span> 
     </span>
    </p>
   </div>
   <div class='ocr_carea' id='block_1_101' title="bbox 1008 2540 1126 2559">
    <p class='ocr_par' dir='ltr' id='par_1_101' title="bbox 1008 2540 1126 2559">
     <span class='ocr_line' id='line_1_101' title="bbox 1008 2540 1126 2559; baseline 0.008 -1"><span class='ocrx_word' id='word_1_630' title='bbox 1008 2540 1126 2559; x_wconf 68' lang='grc'><strong>1111111108-</strong></span> 
     </span>
    </p>
   </div>
   <div class='ocr_carea' id='block_1_102' title="bbox 1043 2587 1802 2628">
    <p class='ocr_par' dir='ltr' id='par_1_102' title="bbox 1043 2587 1802 2628">
     <span class='ocr_line' id='line_1_102' title="bbox 1043 2587 1802 2628; baseline 0.009 -13"><span class='ocrx_word' id='word_1_631' title='bbox 1043 2587 1148 2616; x_wconf 82' lang='lat' dir='ltr'><strong>Fumus</strong></span> <span class='ocrx_word' id='word_1_632' title='bbox 1162 2593 1227 2617; x_wconf 86' lang='lat' dir='ltr'><strong>tuus</strong></span> <span class='ocrx_word' id='word_1_633' title='bbox 1240 2591 1347 2625; x_wconf 89' lang='lat' dir='ltr'><strong>piorum</strong></span> <span class='ocrx_word' id='word_1_634' title='bbox 1359 2591 1454 2619; x_wconf 88' lang='lat' dir='ltr'><strong>oculos</strong></span> <span class='ocrx_word' id='word_1_635' title='bbox 1470 2592 1600 2628; x_wconf 78' lang='lat' dir='ltr'><strong>lacrymis</strong></span> <span class='ocrx_word' id='word_1_636' title='bbox 1613 2594 1736 2628; x_wconf 88' lang='lat' dir='ltr'><strong>replevit,</strong></span> <span class='ocrx_word' id='word_1_637' title='bbox 1754 2596 1802 2622; x_wconf 88' lang='lat' dir='ltr'><strong>sed</strong></span> 
     </span>
    </p>
   </div>
   <div class='ocr_carea' id='block_1_103' title="bbox 1007 2637 1804 2674">
    <p class='ocr_par' dir='ltr' id='par_1_103' title="bbox 1007 2637 1804 2674">
     <span class='ocr_line' id='line_1_103' title="bbox 1007 2637 1804 2674; baseline 0.009 -13"><span class='ocrx_word' id='word_1_638' title='bbox 1007 2640 1092 2662; x_wconf 88' lang='lat' dir='ltr'><strong>vento</strong></span> <span class='ocrx_word' id='word_1_639' title='bbox 1109 2643 1251 2663; x_wconf 87' lang='lat' dir='ltr'><strong>sacrorum</strong></span> <span class='ocrx_word' id='word_1_640' title='bbox 1266 2637 1409 2665; x_wconf 90' lang='lat' dir='ltr'><strong>doctorum</strong></span> <span class='ocrx_word' id='word_1_641' title='bbox 1431 2638 1582 2674; x_wconf 86' lang='lat' dir='ltr'><strong>dissipatus</strong></span> <span class='ocrx_word' id='word_1_642' title='bbox 1600 2644 1652 2672; x_wconf 89' lang='lat' dir='ltr'><strong>est,</strong></span> <span class='ocrx_word' id='word_1_643' title='bbox 1668 2647 1685 2667; x_wconf 90' lang='lat'><strong>0</strong></span> <span class='ocrx_word' id='word_1_644' title='bbox 1706 2641 1804 2668; x_wconf 82' lang='lat' dir='ltr'><strong>insane</strong></span> 
     </span>
    </p>
   </div>
   <div class='ocr_carea' id='block_1_104' title="bbox 1007 2679 1138 2708">
    <p class='ocr_par' dir='ltr' id='par_1_104' title="bbox 1007 2679 1138 2708">
     <span class='ocr_line' id='line_1_104' title="bbox 1007 2679 1138 2708; baseline 0.008 -1"><span class='ocrx_word' id='word_1_645' title='bbox 1007 2679 1138 2708; x_wconf 75' lang='lat' dir='ltr'><strong>Joannes.</strong></span> 
     </span>
    </p>
   </div>
   <div class='ocr_carea' id='block_1_105' title="bbox 1043 2737 1796 2777">
    <p class='ocr_par' dir='ltr' id='par_1_105' title="bbox 1043 2737 1796 2777">
     <span class='ocr_line' id='line_1_105' title="bbox 1043 2737 1796 2777; baseline 0.011 -13"><span class='ocrx_word' id='word_1_646' title='bbox 1043 2737 1085 2765; x_wconf 88' lang='lat' dir='ltr'><strong>Tu</strong></span> <span class='ocrx_word' id='word_1_647' title='bbox 1115 2745 1223 2765; x_wconf 84' lang='lat' dir='ltr'><strong>sacram</strong></span> <span class='ocrx_word' id='word_1_648' title='bbox 1259 2739 1357 2767; x_wconf 89' lang='lat' dir='ltr'><strong>stolam</strong></span> <span class='ocrx_word' id='word_1_649' title='bbox 1384 2740 1534 2774; x_wconf 88' lang='lat' dir='ltr'><strong>dilaniasti,</strong></span> <span class='ocrx_word' id='word_1_650' title='bbox 1568 2743 1796 2777; x_wconf 86' lang='lat' dir='ltr'><strong>quemadmodurr</strong></span> 
     </span>
    </p>
   </div>
   <div class='ocr_carea' id='block_1_106' title="bbox 1009 2783 1792 2823">
    <p class='ocr_par' dir='ltr' id='par_1_106' title="bbox 1009 2783 1792 2823">
     <span class='ocr_line' id='line_1_106' title="bbox 1009 2783 1792 2823; baseline 0.009 -13"><span class='ocrx_word' id='word_1_651' title='bbox 1009 2783 1073 2810; x_wconf 92' lang='lat' dir='ltr'><strong>olim</strong></span> <span class='ocrx_word' id='word_1_652' title='bbox 1089 2783 1172 2812; x_wconf 84' lang='lat' dir='ltr'><strong>Arius</strong></span> <span class='ocrx_word' id='word_1_653' title='bbox 1187 2785 1290 2812; x_wconf 90' lang='lat' dir='ltr'><strong>Christi</strong></span> <span class='ocrx_word' id='word_1_654' title='bbox 1316 2791 1420 2814; x_wconf 87' lang='lat' dir='ltr'><strong>vestem</strong></span> <span class='ocrx_word' id='word_1_655' title='bbox 1434 2796 1441 2820; x_wconf 90' lang='lat'><strong>;</strong></span> <span class='ocrx_word' id='word_1_656' title='bbox 1457 2794 1624 2823; x_wconf 83' lang='lat' dir='ltr'><strong>quapropter</strong></span> <span class='ocrx_word' id='word_1_657' title='bbox 1651 2790 1749 2817; x_wconf 90' lang='lat' dir='ltr'><strong>merito</strong></span> <span class='ocrx_word' id='word_1_658' title='bbox 1767 2791 1792 2817; x_wconf 85' lang='lat' dir='ltr'><strong>at</strong></span> 
     </span>
    </p>
   </div>
   <div class='ocr_carea' id='block_1_107' title="bbox 1009 2829 1801 2870">
    <p class='ocr_par' dir='ltr' id='par_1_107' title="bbox 1009 2829 1801 2870">
     <span class='ocr_line' id='line_1_107' title="bbox 1009 2829 1801 2870; baseline 0.009 -13"><span class='ocrx_word' id='word_1_659' title='bbox 1009 2829 1131 2858; x_wconf 82' lang='lat' dir='ltr'><strong>Ecclesia</strong></span> <span class='ocrx_word' id='word_1_660' title='bbox 1145 2831 1252 2866; x_wconf 67' lang='lat' dir='ltr'><strong>procul,</strong></span> <span class='ocrx_word' id='word_1_661' title='bbox 1276 2832 1364 2860; x_wconf 83' lang='lat' dir='ltr'><strong>instar</strong></span> <span class='ocrx_word' id='word_1_662' title='bbox 1383 2833 1461 2862; x_wconf 82' lang='lat' dir='ltr'><strong>canis</strong></span> <span class='ocrx_word' id='word_1_663' title='bbox 1478 2853 1486 2867; x_wconf 88' lang='grc'><strong>,</strong></span> <span class='ocrx_word' id='word_1_664' title='bbox 1511 2842 1541 2862; x_wconf 84' lang='lat' dir='ltr'><strong>es</strong></span> <span class='ocrx_word' id='word_1_665' title='bbox 1563 2835 1677 2870; x_wconf 65' lang='lat' dir='ltr'><strong>eiectus.</strong></span> <span class='ocrx_word' id='word_1_666' title='bbox 1707 2836 1801 2864; x_wconf 83' lang='lat' dir='ltr'><strong>Gloria</strong></span> 
     </span>
    </p>
   </div>
   <div class='ocr_carea' id='block_1_108' title="bbox 1008 2875 1094 2903">
    <p class='ocr_par' dir='ltr' id='par_1_108' title="bbox 1008 2875 1094 2903">
     <span class='ocr_line' id='line_1_108' title="bbox 1008 2875 1094 2903; baseline 0 -1"><span class='ocrx_word' id='word_1_667' title='bbox 1008 2875 1094 2903; x_wconf 87' lang='lat' dir='ltr'><strong>Patri.</strong></span> 
     </span>
    </p>
   </div>
   <div class='ocr_carea' id='block_1_109' title="bbox 1046 2921 1801 2964">
    <p class='ocr_par' dir='ltr' id='par_1_109' title="bbox 1046 2921 1801 2964">
     <span class='ocr_line' id='line_1_109' title="bbox 1046 2921 1801 2964; baseline 0.009 -15"><span class='ocrx_word' id='word_1_668' title='bbox 1046 2921 1136 2950; x_wconf 92' lang='lat' dir='ltr'><strong>Unum</strong></span> <span class='ocrx_word' id='word_1_669' title='bbox 1151 2923 1262 2952; x_wconf 82' lang='lat' dir='ltr'><strong>deitatis</strong></span> <span class='ocrx_word' id='word_1_670' title='bbox 1279 2924 1445 2960; x_wconf 88' lang='lat' dir='ltr'><strong>principium</strong></span> <span class='ocrx_word' id='word_1_671' title='bbox 1463 2925 1552 2955; x_wconf 88' lang='lat' dir='ltr'><strong>tribus</strong></span> <span class='ocrx_word' id='word_1_672' title='bbox 1576 2928 1704 2962; x_wconf 87' lang='lat' dir='ltr'><strong>personis</strong></span> <span class='ocrx_word' id='word_1_673' title='bbox 1720 2928 1801 2964; x_wconf 77' lang='lat' dir='ltr'><strong>glori-</strong></span> 
     </span>
    </p>
   </div>
  </div>
