1925 3088
136 163 204 194 1775

731 161 761 191 S.
781 161 979 192 THEODURT
1000 164 1173 195 STUDITrE

1702 165 1773 198 1776

132 219 196 247 lico.
216 217 293 246 Unus
314 217 386 245 enim
411 215 483 243 Deus
498 220 550 248 est,
578 214 669 248 l'ater,
686 214 785 248 Filius,
801 220 828 244 et
845 216 917 251 Spiri

985 219 1038 250 civ,
1053 217 1093 250 εἷς
1107 220 1174 252 Θεὸς
1189 221 1244 256 γάρ
1261 221 1330 253 ἑστι,
1344 222 1450 257 Πατὴρ,
1464 222 1528 255 Υἱὸς
1543 223 1591 250 καὶ
1601 222 1772 258 Πνεῦμα,δι-

134 270 178 291 tus
193 268 316 296 sanctus,
332 262 395 290 licet
409 261 585 289 idiomatibus
597 261 814 297 distinguantur,
829 266 856 290 et
867 270 930 297 per-

132 309 222 337 sonis.

166 355 189 383 0
204 354 355 390 purissima
366 354 450 390 Virgo
472 361 487 381 a
511 353 566 381 Deo
584 353 748 388 glorilicata,
768 352 868 380 civitas
884 352 930 380 Dei

130 409 145 428 a
160 402 299 437 prophetis
321 402 420 428 merito
438 409 468 429 cs
495 400 690 436 praenuntiata,
711 408 743 428 ex
769 408 825 436 qua
852 405 930 428 ortus

130 452 171 474 est
189 447 303 482 ipsemet
314 447 353 474 tui
364 448 488 481 Greater,
505 447 552 482 qui
567 451 592 474 te
605 451 670 482 post
682 451 802 481 partum,
814 451 844 475 ut
855 451 927 484 ante,

131 492 272 528 Virginem
292 493 478 520 conservavit.
680 496 684 499 '

469 545 539 574 ODA
552 545 609 573 ΥΠ.

165 601 281 629 llaeresis
305 601 446 630 fornacem
467 606 587 637 quatuor
600 601 640 637 (4)
662 609 798 630 annorum
822 602 928 630 hebdo-

130 649 224 675 madas
241 648 497 683 prmdominantem,
511 649 600 684 gratia
615 656 690 676 nune
706 648 839 676 exstinxit
852 648 926 675 divi-

130 702 175 725 na,
198 694 297 721 ardens
322 695 433 729 quidem
456 694 612 728 Chaldaeos,
629 699 658 722 et
681 694 848 728 refrigerans
866 695 926 729 pios

129 739 272 768 Trinitatis
287 741 418 768 cultores.

165 786 302 813 Exornata
328 791 380 819 est,
405 791 431 814 et
450 787 566 822 pulchra
589 787 685 815 effecta
714 787 762 815 Dei
790 786 925 820 Ecclesia,

128 838 236 867 recepta
259 832 411 861 Dominicae
430 833 632 861 incarnationis
647 841 726 861 sacra
748 833 877 868 imagine,
898 838 926 860 et

127 878 188 912 ejus
205 879 353 913 passionis,
376 887 408 906 ac
433 879 551 907 aliorum
570 880 775 915 mysteriorum,
791 880 869 915 juxta
882 879 925 906 di-

127 925 205 952 vinas
224 925 308 960 leges.

160 1013 318 1040 Christiane
340 1014 385 1041 Dei
407 1013 516 1048 populo,
535 1013 652 1045 exsulta,
678 1018 706 1042 et
728 1014 844 1049 hymnos
871 1015 923 1042 Deo

126 1057 330 1091 cottcinc,dum
352 1059 427 1085 vides
457 1058 611 1086 Ecclesiam
636 1059 736 1085 iterum
760 1059 923 1086 illustratum

125 1104 225 1131 divina:
254 1104 382 1139 imaginis
409 1104 625 1139 pulchritudine,
649 1112 732 1139 quam
763 1113 825 1132 cum
850 1104 923 1132 Deus

124 1155 208 1182 esset,
237 1151 363 1185 gestavit,
386 1156 415 1178 ut
440 1151 534 1182 homo,
560 1156 589 1178 ut
612 1158 662 1178 nos
683 1150 811 1178 homines
833 1151 923 1178 salvos

126 1196 236 1224 laceret.

161 1243 322 1279 l’auperiem
350 1251 448 1278 passus
471 1249 522 1275 est,
549 1248 577 1270 et
605 1243 718 1275 famem,
754 1247 782 1270 et
803 1243 876 1270 sitim
895 1244 921 1271 in

124 1297 209 1318 carne
237 1289 310 1316 Deus
337 1288 466 1321 Verbum,
486 1288 544 1316 haec
558 1289 694 1323 siquidem
710 1288 839 1316 humana:
859 1294 923 1317 sunt

125 1340 231 1362 natura:
254 1335 395 1368 idiomata,
422 1342 471 1370 per
501 1342 562 1369 qua:
584 1335 839 1363 circumscribitur:
864 1335 922 1370 ipse

124 1388 190 1407 vero
204 1379 308 1407 Deitalc
332 1379 448 1415 simplex
472 1380 592 1412 exsistit,
609 1384 636 1406 et
653 1379 920 1415 incircumscriptus.

160 1426 298 1458 Portenta,
329 1430 355 1453 et
382 1434 458 1453 vanae
482 1426 674 1461 praedictiones
706 1425 822 1453 Joannis
847 1427 921 1454 illius

125 1473 235 1500 Christo
249 1473 346 1500 infensi
360 1477 423 1499 sunt
439 1473 589 1507 dissipatae,
608 1473 655 1508 qui
673 1479 713 1505 se,
727 1473 814 1500 instar
834 1473 922 1508 genti—

125 1519 203 1550 lium,
217 1519 339 1553 jactabat
367 1526 463 1545 eormn
496 1518 619 1552 scriptis,
642 1525 703 1553 quae
720 1517 921 1552 meritojusto-

124 1573 185 1592 rum
200 1572 280 1592 voces
294 1569 319 1591 et
335 1572 429 1599 preces
448 1564 627 1598 disjecerunt.

981 265 1083 302 ῇρηται
1098 267 1271 303 χαρακτῆρσι
1287 269 1336 296 καὶ
1351 268 1517 304 προσώποις.

1017 356 1041 382 θ.
1063 357 1244 392 Προφητικῶς
1253 358 1322 394 ἁγνὴ
1337 359 1494 392 θεοδόξαστε
1506 359 1582 392 πόλις
1594 360 1717 396 ὲδείχθης
1726 361 1771 388 τοῦ

980 402 1059 435 Θεοῦ,
1074 403 1104 434 ἐξ
1116 400 1149 439 ἧς
1161 404 1293 439 ἐγεννήθη
1314 405 1396 436 αὐτὸς
1412 406 1426 432 ό
1442 405 1562 442 Ποιητής
1576 415 1633 439 σου,
1646 408 1715 442 μετὰ
1729 408 1772 433 τό-

978 457 1028 475 κον
1044 457 1074 475 σε
1090 449 1128 482 ὡς
1143 450 1174 476 τδ
1187 450 1252 485 πρὶν
1265 450 1444 487 ᾅιαφυλάξας.

1324 549 1390 584 om
1404 547 1443 577 z’.

1014 600 1069 637 Τὴν
1083 601 1200 636 κάμινον
1213 603 1263 638 τῆς
1278 604 1424 638 αἱρέσεως,
1437 605 1484 631 νῦν
1499 606 1664 634 κατέσϐεσεν
1681 609 1696 644 ἡ
1711 609 1770 636 θεία

978 647 1067 682 χάρις,
1087 648 1226 682 φλέγουσα.
1250 650 1415 685 νοουμένους
1436 651 1599 684 Χαλδαίους,
1618 655 1663 680 καὶ
1677 654 1769 690 apocri-

978 693 1062 725 ζουσα
1076 695 1190 730 Τριάδος
1202 694 1372 730 θεράποντας
1384 704 1391 711 ·
1410 698 1575 732 τετραπλαῐς
1591 700 1769 736 ὲὸὁομάσεσιν

981 739 1051 766 ὲτῶν
1064 740 1147 776 αὐτὴν
1160 740 1393 776 διακρατήσασαν.

1013 785 1204 819 Πεποίκιλται,
1217 787 1424 823 περιΰέϐληται,
1441 790 1690 827 κεκαλλώπὶσταιὴ
1709 793 1769 820 Ἐκ-

977 829 1092 864 κλησία·
1111 830 1253 866 μόρφωσιν
1265 832 1312 858 τοῦ
1330 833 1467 860 Δεσπότου
1483 835 1538 862 τῶν
1558 836 1626 864 ὅλων
1637 837 1687 872 τῆς
1701 847 1768 874 σαρ-

976 875 1097 909 κώσεως,
1113 877 1159 903 καὶ
1173 876 1227 904 τῶν
1260 877 1431 914 παθημάτων
1455 881 1537 908 αὐτοῦ
1565 882 1613 909 καὶ
1641 883 1675 910 τὰ
1696 884 1766 919 σύμ-

937 907 961 937 B
975 921 1040 948 ϐολα
1066 907 1198 958 φέρουσα,
1214 924 1256 955 εἰς
1271 907 1350 957 τέλος
1363 926 1433 952 κατὰ
1462 927 1492 954 τὸ
1514 907 1708 962 τγοὺςωθειο-ιις-
1716 907 1767 957 θῖ-

976 975 1071 1002 σμους.
1680 990 1685 997 .

1015 1013 1156 1047 Ἑώρταζε,
1172 1014 1385 1050 πανηγύριζε,ὀ
1412 1017 1600 1054 χριστώνυμος
1622 1019 1686 1052 λαὸς
1710 1022 1766 1048 Κυ-

974 1057 1046 1092 ρίου,
1061 1057 1169 1093 βλέπων
1186 1059 1235 1095 τὴν
1254 1061 1419 1097 Ἐκκλησίαν
1444 1064 1491 1090 καὶ
1504 1065 1586 1092 πάλιν
1596 1066 1766 1102 διαλάμπου-

974 1111 1034 1136 σαν,
1048 1103 1078 1149 τὸ
1091 1103 1189 1149 κάλλος
1203 1106 1251 1141 τῆς
1260 1107 1335 1139 θείας
1349 1109 1457 1144 μορφῆς
1467 1119 1474 1125 ·
1484 1110 1517 1146 ἢν
1540 1111 1606 1144 Θεὸς
1616 1112 1654 1140 ὦν
1668 1113 1767 1149 ἐφόρε-

974 1156 1030 1179 σεν,
1050 1148 1086 1180 ὡς
1104 1148 1249 1184 ἄνθρωπος
1269 1151 1314 1178 διὰ
1329 1152 1360 1179 τὸ
1380 1153 1466 1181 σῶσαι
1488 1156 1572 1191 ἡμᾶς,

1015 1235 1196 1271 Ἐπτώχεοσε,
1215 1237 1262 1264 καὶ
1277 1238 1416 1272 ἐπείνασε,
1438 1241 1484 1267 καὶ
1517 1241 1628 1278 ἐδίψησε
1661 1246 1766 1281 σαρκὶό

972 1280 1075 1315 Λόγος*
1095 1282 1181 1308 ταῦτα
1201 1282 1251 1317 τῆς
1263 1283 1438 1320 ἀνθρωπίνης
1463 1287 1557 1319 οὐσίας
1570 1280 1712 1323 ἰδιώματα,
1731 1291 1764 1317 δι’

972 1323 1009 1352 ὧν
1023 1328 1235 1363 περιγράφεται.
1256 1327 1340 1362 Οὗτος
1362 1330 1391 1357 δὲ
1409 1333 1441 1367 τῇ
1457 1331 1566 1369 θεότητι
1581 1335 1684 1368 ἁπλοῦς
1706 1336 1765 1363 ἐστι

972 1371 1020 1398 xui.
1034 1372 1252 1408 ἀπερίγραπτος.

1007 1418 1189 1455 Κατήργηται
1203 1420 1236 1446 τά
1244 1421 1376 1456 τεράστια
1388 1422 1435 1449 καί
1451 1424 1632 1459 μαντεύματα
1644 1427 1691 1454 τοῦ
1699 1427 1766 1462 Χρι-

972 1464 1119 1499 στομάχου.
1141 1466 1212 1496 Ἰσος
1238 1467 1293 1500 γάρ
1315 1467 1370 1494 τῶν
1392 1468 1526 1504 Ἑλλήνων
1550 1470 1657 1506 ἐδείχθη
1678 1473 1765 1508 ὑψαυ-

971 1510 1114 1545 χούμενος,
1125 1513 1180 1544 τοῖς
1188 1512 1290 1539 τούτων
1300 1515 1526 1550 συγγράμμασιν,
1541 1516 1560 1543 ἃ
1578 1517 1691 1551 δικαίως
1709 1519 1765 1546 ἑλί-

972 1565 1082 1592 κμησαν
1099 1557 1127 1584 αἱ
1142 1558 1196 1584 τῶν
1209 1559 1320 1585 δικαίων
1333 1561 1430 1594 φωναί.

206 1587 280 1592 ην--
295 1587 319 1591 -.
335 1587 428 1599 νηνη
450 1587 627 1598 πωπω-..η

159 1609 284 1643 Occulta,
300 1613 327 1636 et
347 1609 473 1644 profana,
491 1614 518 1636 et
541 1609 688 1636 animabus
701 1608 856 1644 perniciosa
874 1612 919 1635 tua

1063 1604 1166 1639 κρύφια
1179 1605 1226 1631 καὶ
1254 1587 1429 1642 παμὸέὸηλα,
1444 1608 1492 1634 καὶ
1517 1609 1673 1645 ψυχό).εθρα
1693 1611 1765 1639 διδά-

125 1658 251 1691 dogmata
276 1664 402 1691 quaanam
433 1656 526 1690 lingua
562 1657 664 1690 poterit
697 1663 851 1687 enarrare,
879 1655 920 1682 vel

123 1703 325 1738 praedictionem
341 1706 394 1729 tute
414 1701 595 1736 vcntriloquze
610 1701 792 1737 phytonissaa,
810 1708 826 1728 ο
839 1699 919 1727 Joan-

125 1749 193 1777 nes?
208 1749 260 1776 hoc
276 1749 387 1775 nomine
402 1747 514 1782 indigne
531 1748 626 1782 procul
640 1747 736 1778 dubio,
753 1754 815 1774 cum
830 1747 920 1782 potius

124 1793 234 1820 Satana:
251 1800 414 1828 praecursor,
428 1797 456 1818 et
472 1791 635 1818 Antichristi
651 1791 779 1818 exsistas.

159 1838 219 1866 Non
243 1838 391 1873 oportebat
409 1842 445 1868 te,
464 1845 480 1863 ο
497 1836 694 1864 Scelestissime
711 1836 846 1867 omnium,
868 1836 919 1862 hoc

125 1884 246 1915 nomine,
266 1882 384 1910 Joannes
406 1882 532 1909 videlicet
560 1881 725 1915 nuncupari.
756 1881 803 1908 sed
828 1882 919 1915 potius

124 1927 319 1963 Pythagoram,
336 1930 363 1953 et
377 1925 526 1953 Saturnum
541 1924 583 1952 vel
598 1923 761 1959 Apollinem,
780 1925 821 1951 vel
834 1924 919 1951 alium

125 1972 282 2008 quempiam
310 1971 489 2006 profanorum
517 1970 627 1997 illorum
649 1970 775 2002 deorum,
800 1977 918 2005 quorum

126 2020 208 2046 vitam
228 2026 258 2046 es
274 2019 410 2049 imitatus,
435 2025 531 2045 eorum
554 2016 734 2052 impudicitiis
755 2016 918 2044 delectatus.

125 2066 218 2094 Gloria
232 2065 318 2092 Patri.

162 2111 361 2146 Sempiternam
376 2109 593 2144 omnipotentem
614 2108 918 2144 incomprehensibilem

125 2158 287 2184 Trinitatem
303 2157 396 2183 ﬁdeles
410 2163 506 2183 omnes
514 2156 671 2188 adoremus,
681 2154 917 2186 Patrem,Filium,

125 2209 152 2231 et
166 2203 298 2239 Spiritum
316 2207 456 2233 sanetum,
474 2206 501 2228 et
520 2201 622 2228 divinis
635 2201 763 2228 laudibus
777 2200 919 2228 inconfuse

972 1650 1066 1685 γματά
1078 1659 1137 1683 σου,
1153 1651 1218 1677 ποία
1232 1651 1427 1688 ὲκδιηγήσεται
1437 1654 1564 1688 ﬂebam;
1582 1656 1597 1691 ἢ
1613 1657 1663 1692 τὴν
1678 1658 1765 1694 πρόρ-

973 1697 1051 1732 ρησιν
1061 1697 1111 1732 τῆς
1134 1698 1358 1732 ἑγγαστριμύθου
1370 1708 1429 1733 σου,
1452 1700 1564 1737 Ἰωάννη
1592 1702 1764 1739 ψευδώνυμε,

971 1744 1018 1769 καὶ
1035 1743 1173 1779 πρόδρομε
1187 1744 1234 1770 τοῦ
1247 1745 1420 1780 ἀντιχρίστου
1442 1746 1530 1774 Σατᾶν
1543 1756 1552 1781 ;

996 1829 1054 1856 Οὐκ
1064 1829 1118 1856 ἔδει
1130 1838 1170 1862 σε,
1177 1839 1200 1857 ω
1207 1831 1361 1867 παράνομε,
1370 1832 1552 1868 ὀνομάζεσθαι
1561 1835 1688 1872 τοιαύτην
1696 1837 1763 1872 κλῆ-

971 1884 1023 1909 σιν,
1041 1875 1180 1911 μᾶλλονδὲ
1205 1877 1378 1913 Πυθαγόραν,
1396 1880 1443 1906 καὶ
1463 1880 1579 1915 Κρόνον,
1597 1883 1643 1909 καὶ
1664 1883 1763 1910 ’Λπόλ-

969 1923 1052 1956 λωνα,
1067 1923 1083 1958 ἧ
1099 1931 1161 1950 τινα
1182 1923 1237 1950 τῶν
1260 1923 1347 1952 ἄλλων
1372 1925 1452 1958 θεῶν,
1467 1923 1504 1953 ὧν
1524 1928 1570 1955 τὸν
1586 1928 1644 1964 βίον
1662 1929 1765 1966 ἐζήλω·

971 1977 1032 2001 σας,
1047 1970 1217 2004 τερπόμενος
1229 1970 1288 2002 ταῖς
1303 1970 1446 2006 ἀσελγίαις
1460 1972 1562 2002 αὐτῶν.

987 2095 1009 2122 θ.
1022 2095 1118 2122 Ἀἳδιον
1134 2095 1284 2122 παντοδύνα
1288 2104 1338 2131 μον
1348 2097 1541 2133 ἀκατάληπτον
1549 2099 1651 2135 Τριάδα
1660 2102 1761 2134 πιστοὶ,

971 2142 1072 2173 πάντες
1095 2142 1214 2177 Πατέρα,
1234 2142 1298 2169 Υῑδν
1314 2143 1360 2170 καὶ
1382 2143 1494 2179 Πνεῦμα
1509 2147 1761 2182 προσκυνήσωμεν..

970 2189 1017 2216 καὶ
1031 2189 1239 2224 θεολογήσωμεν
1254 2189 1416 2225 ἁσυγχύτως
1429 2192 1633 2226 κραυγάζοντες
1645 2201 1652 2207 ·
1664 2194 1762 2228 "Arta;

125 2233 306 2283 celebremus,
321 2248 472 2276 clamantes
492 2256 499 2275 :
521 2246 650 2279 Sanctus,
669 2252 792 2279 sanctus,
807 2251 918 2274 sanctus

984 2243 1058 2269 ιγιος,
1073 2235 1151 2268 ἅγιος
1163 2233 1188 2261 εἷ
1203 2236 1217 2262 ὁ
1232 2234 1309 2267 Θεός.

122 2306 155 2325 cs
168 2297 250 2324 Deus.

162 2343 262 2371 Sancta
281 2341 328 2370 Dei
358 2340 485 2369 Genitrix
512 2339 598 2366 Mater
629 2344 656 2366 et
687 2338 783 2373 Virgo,
810 2337 919 2374 hymnis

124 2388 300 2421 celebranda,
318 2393 345 2414 ct
365 2385 553 2422 gloriﬁcanda,
573 2384 657 2412 libera
674 2391 725 2410 nos
740 2384 774 2410 ab
790 2383 918 2410 omnibus

126 2434 245 2468 delictis,
262 2434 309 2470 qui
323 2438 401 2461 tuum
424 2431 630 2460 immaculatum
660 2434 770 2465 partum
803 2437 917 2457 venera-

127 2489 190 2509 mur
205 2490 212 2509 :
230 2480 336 2508 nullum
349 2480 421 2507 enim
438 2479 514 2506 aliud
528 2478 662 2505 habemus
674 2475 832 2512 praesidium
847 2483 918 2511 pra:-

127 2533 169 2555 ter
187 2530 225 2560 te,
241 2534 257 2555 o
271 2526 319 2554 Dei
335 2533 448 2561 sponsa.

479 2584 521 2610 DA
544 2583 612 2610 Vlll.

479 2584 521 2610 DA
544 2583 612 2610 Vlll.

163 2631 224 2659 Una
239 2637 302 2658 cum
319 2583 629 2665 prophetagxsultemus
642 2630 669 2655 et
680 2626 813 2658 laetemur,
826 2625 917 2653 fideles

1005 2345 1029 2371 θ.
1048 2345 1211 2381 Πανύμνητε
1228 2345 1420 2380 πολυδόξαστε,
1430 2349 1636 2384 μητροπάρθενε
1646 2349 1762 2384 θεοκυῆ-

968 2399 1025 2424 τορ,
1035 2390 1173 2425 λύτρωσαι
1188 2390 1313 2426 χαλεπῶν
1328 2392 1522 2429 ἐγκλημάτων,
1538 2395 1601 2426 τοὺς
1622 2395 1762 2430 τιμῶντας

969 2445 1015 2462 σου
1031 2436 1081 2472 τὴν
1105 2436 1238 2471 ἄχραντον
1255 2437 1363 2472 κύησιν·
1381 2438 1412 2465 οὑ
1423 2439 1477 2474 γὰρ
1486 2440 1569 2476 ἄλλην
1580 2441 1761 2476 βοήθειανκε-

968 2482 1094 2517 κτήμεθα
1114 2481 1184 2517 πλήν
1198 2490 1256 2514 σου,
1268 2481 1420 2518 Θεόνυμφε.

1326 2582 1370 2607 ΔΗ
1385 2582 1426 2610 H’.

1326 2582 1370 2607 ΔΗ
1385 2582 1426 2610 H’.

1007 2625 1185 2663 Προφητικῶς
1217 2581 1454 2663 ἁγαλλὲισώμεθα,
1480 2629 1528 2656 καὶ
1563 2628 1760 2664 εὐφρανθῶμεν

878 2715 994 2744 NOTAE.

161 2812 200 2847 (ι)
220 2811 350 2839 ALeonis
367 2812 477 2839 Armeni
499 2816 631 2847 tempore,
655 2808 701 2847 qui
727 2813 788 2842 post
805 2808 909 2847 lrenanr

127 2843 277 2881 Atighstam
299 2843 615 2882 regnavit,manifestum
632 2844 739 2882 cst_hos
759 2843 911 2882 computari

127 2879 238 2910 annos:
273 2879 364 2917 viginti
390 2887 452 2909 octo
482 2888 599 2915 namque
619 2879 682 2907 anni
709 2880 880 2907 intercedunt
896 2886 910 2904 a

965 2810 1052 2844 primo
1083 2817 1155 2836 anno
1183 2809 1281 2837 Leonis
1311 2818 1398 2846 usque
1426 2811 1459 2838 ad
1476 2810 1579 2837 obitum
1600 2811 1757 2846 Theophili.

965 2845 1075 2880 quando
1092 2852 1176 2872 sauia:
1192 2846 1324 2880 imagines
1350 2851 1416 2873 sunt
1430 2846 1570 2874 restitutas.
