1925 3088
199 161 267 194 1777

675 158 799 189 CANON
820 157 862 187 ΙΝ
883 155 1098 186 ERECTIONE
1118 155 1171 185 SS.
1187 154 1395 185 IMAGINUM.

1760 151 1828 185 1778

198 218 290 245 πιστοὶ
319 217 418 248 πάντες
447 216 597 251 μυστικῶς.
615 214 690 250 Αὕτη
707 214 761 250 γὰρ
779 214 795 247 ἠ
814 211 915 248 ἡμέρα,
929 208 987 246 ὲνῇ

1057 217 1134 237 mnes
1152 219 1158 237 :
1183 209 1242 236 haec
1262 209 1336 235 enim
1353 213 1394 235 est
1413 207 1483 240 dies,
1503 207 1529 234 in
1551 214 1604 242 qua
1618 206 1744 234 Christus
1757 207 1826 234 Ver-

196 262 314 298 Χριστὸς
330 262 344 288 ὁ
357 262 442 295 Λόγος
461 262 510 296 τὴν
525 261 594 287 ἰδίαν
621 260 718 296 στολὴν
737 258 860 285 ἀπέδωκε
876 259 909 292 τῇ
930 257 987 283 Ἑκ-

198 309 310 344 κλησίᾳ.

233 354 392 390 Πολεμικῶς
399 354 494 389 ὥσπερ
505 353 705 389 παρετάξαντο,
725 350 798 378 κατὰ
807 348 925 386 Χριστοῦ
936 348 986 384 τῆς

199 402 319 437 μορφῆς,
334 401 507 436 ὁμοθυμαδὺν
525 400 612 435 Δήζιξ
630 399 676 426 καὶ
699 399 836 433 Ἰωάννης,
849 397 880 423 τὸ
892 396 987 430 ζεῦγος

197 448 244 474 τοῦ
260 447 491 482 Βελίαρ,-πελέκει
506 446 604 477 κακίας
626 444 793 479 ἐγκύψαντες
807 443 858 478 τὴν
875 442 988 476 Ἐκκλη-

198 503 269 521 σιαν.

236 541 283 571 Τίς
304 539 340 575 μὴ
373 539 504 575 θρηνήσει
521 538 551 564 τὸ
584 538 658 573 μέγα
687 535 826 570 τόλμημα,
849 534 897 570 τὴν
914 533 988 560 θείαν

200 587 309 621 βλέπων
325 575 443 620 μορφὴν,
457 586 506 618 τὴν
518 585 548 610 ὲν
564 585 597 619 τῇ
607 583 694 619 χαλκῇ
706 583 779 619 πύλῃ
786 582 832 608 τοῦ
844 579 987 611 παλατίου,

198 633 252 659 ὑπὸ
267 631 371 667 ἀνδρῶν
394 632 502 665 ἀνόμων
527 630 611 662 λίθοις
633 629 813 665 βαλλομένην,
837 629 870 663 τῇ
894 627 987 661 διδαχῇ

196 679 245 705 τοῦ
271 678 411 710 Ἶωάννου;

234 724 295 753 Πῶς
318 724 348 749 οὐ
376 722 514 757 συνῆκας,
535 721 619 755 τυφλὲ
642 720 785 752 πανάθλιε,
812 718 987 753 ὲσκοτισμὲνε

199 768 246 795 τόν
256 768 329 799 νοῦν,
339 768 389 802 τὴν
400 767 446 793 ὑπ’
456 766 570 801 οὐρανὸν
582 765 688 800 βλέπων
699 764 911 799 κεκοσμημένην
921 763 990 798 Χρι-

199 814 265 841 στοῦ
281 814 319 850 τῷ
333 813 499 848 χαρακτῆρι,
512 811 580 838 ἀλλὰ
606 811 685 846 μόνος
706 810 783 845 ἔσχες
806 811 838 836 τὺ
862 809 989 844 φρόνημα

198 861 253 887 τῶν
275 860 408 886 Ἰουδαίων
421 867 428 891 ;

1037 255 1102 283 bum
1117 254 1245 283 Ecclesia:
1259 262 1315 282 suae
1334 254 1470 289 propriam
1486 254 1607 281 restituit
1619 253 1727 281 stolam.

1074 345 1198 374 llostium
1216 347 1303 374 instar
1323 346 1396 374 acies
1417 350 1577 374 struxerunt
1598 345 1733 373 adversus
1751 345 1830 373 Chri-

1038 393 1073 420 sti
1105 393 1262 428 imaginem,
1294 393 1391 420 eodem
1420 393 1502 419 animi
1534 392 1627 420 furore
1661 392 1772 424 Lezius,
1801 397 1827 418 et

1038 438 1167 472 Joannes,
1187 439 1254 466 socii
1267 438 1362 470 Belial,
1391 438 1546 474 iniquitatis
1574 439 1664 467 securi
1679 438 1828 465 Ecclesium

1038 484 1244 512 abscindentes.

1074 528 1142 562 Quis
1155 536 1209 556 non
1225 529 1379 563 deplorabit
1392 536 1521 564 magnam
1536 528 1728 556 haereticorum
1745 529 1816 555 audu

1039 575 1121 607 ciam,
1147 575 1296 610 respiciens
1318 576 1439 603 divinam
1462 575 1619 610 imaginem,
1654 583 1716 610 qua:
1746 574 1829 601 estin

1038 628 1114 647 enea
1134 624 1212 655 p0rta
1233 621 1338 655 palatii,
1358 629 1372 648 a
1390 620 1503 648 nefariis
1520 620 1680 648 hominibus
1691 619 1830 655 lapidibus

1039 664 1210 701 percussam,
1227 666 1342 694 Joannis
1355 667 1502 701 exemplo?

1075 712 1220 745 Quomodo
1235 720 1289 740 non
1303 713 1474 744 intellexisti,
1493 720 1510 739 ο
1527 717 1606 747 capte
1622 712 1721 744 oculis.
1737 719 1764 740 et
1779 714 1830 741 mi-

1040 759 1166 792 serrimo,
1182 767 1214 786 ac
1230 764 1347 786 mentem
1363 760 1549 789 obtenebrate,
1560 759 1718 794 universum
1738 759 1831 785 orbem

1041 803 1143 831 Christi
1156 805 1315 832 charactere
1332 804 1503 839 insignitum,
1518 804 1565 831 sed
1589 803 1666 830 solus
1692 807 1718 830 tu
1735 806 1834 829 nactus

1041 858 1071 877 es
1090 849 1246 877 Iudaeorum
1260 850 1400 877 mentem?

235 907 270 932 Σὺ
280 905 418 936 παντελῶς
429 905 552 931 καθελεῖν
568 904 696 938 ἐνόμισας
710 903 765 929 τῶν
786 901 865 928 θείων
889 901 988 936 ἐκκλη-

1076 896 1116 923 Tu
1127 904 1142 923 c
1157 897 1248 923 medio
1261 897 1374 923 omnino
1385 897 1482 924 tollere
1497 897 1589 923 animo
1600 896 1728 930 cogitasti
1738 903 1770 922 ex
1787 895 1831 921 Dei

201 951 266 978 σιῶν
303 951 353 986 τὴν
379 949 562 984 σαρκολαμπῆ
587 949 728 984 μόρφωσιν
744 947 791 973 τοῦ
807 947 923 982 Κυρίου,
941 947 988 973 καὶ

199 999 254 1025 τῶν
268 997 354 1031 ἁγίων
372 997 480 1023 πάντων
492 1005 498 1012 ·
514 995 573 1022 ἀλλ’
585 997 602 1030 ἡ
627 995 687 1021 θεία
713 994 794 1030 χάρις
815 993 923 1021 καθεῐλέ
941 1001 988 1019 σου

199 1045 249 1080 τὴν
260 1043 418 1079 τυραννίδα.

235 1090 276 1116 Τὰ
292 1090 312 1115 is
319 1089 352 1124 ρὰ
369 1088 422 1115 τῶν
437 1088 524 1122 ἁγίων
538 1086 664 1122 λείψανα,
682 1086 730 1112 καὶ
751 1085 803 1117 τὰς
818 1085 926 1115 εἰκόνας
939 1084 990 1110 αὑ-

198 1136 254 1162 τῶν
268 1134 354 1170 Λήζιξ
377 1135 390 1161 ὁ
405 1134 501 1164 δεινὸς,
514 1134 572 1168 ἅμα
582 1133 749 1168 τῷΊωὰννῃ,
761 1131 816 1158 οὐδ’
825 1131 892 1162 ὅλως
903 1138 990 1165 προσ-

200 1180 341 1208 κυνεῖσθαι
380 1179 498 1213 ἔφασκον
515 1178 635 1213 ἀνόμως,
664 1178 688 1203 οἱ
710 1176 826 1212 ἀρνηταὶ
851 1175 899 1210 τῆς
912 1175 991 1201 εὐσε-

205 1226 293 1258 θείας.

238 1272 263 1300 θ.
286 1270 491 1306 Παντουργικὴν
501 1269 628 1305 θεαρχίαν
639 1269 771 1301 σέϐοντες,
782 1269 811 1295 ὲν
819 1267 991 1303 χαρακτῆρσι

200 1316 285 1351 τρισὶ,
313 1316 416 1347 ’πάντες
441 1315 576 1346 εὐσεϐῶς,
593 1313 710 1348 ἄναρχον
727 1313 772 1339 τὸν
794 1313 914 1348 Πατέρα,
929 1321 991 1338 συν-

202 1363 320 1397 άναρχον
333 1361 380 1387 τὸν
392 1361 490 1395 Λόγον,
506 1360 618 1395 Πνεῦμα
632 1359 822 1394 συνεκλάμπον
835 1358 992 1392 δοξάσωμεν

202 1408 242 1438 εἰς
256 1407 319 1438 τοὺς
330 1406 443 1436 αἰῶνας.

219 1493 254 1522 θ’.
265 1493 465 1530 Χριστιανῶνή
476 1492 572 1528 βεϐαία
582 1491 732 1528 γέφυρα,τὸ
743 1492 873 1527 καύχημα
882 1491 935 1518 τῶν
949 1499 994 1516 πι-

203 1540 284 1573 στῶν,
299 1541 347 1567 καὶ
358 1540 502 1574 καταφυγή
514 1547 522 1555 ⁸
536 1539 672 1566 Δέσποινα
681 1538 808 1570 Θεοτόκε,
820 1538 890 1573 αὑτὴ
901 1538 991 1572 ὑπαρ-

205 1596 263 1622 χεις
280 1587 359 1622 μόνη,
375 1586 480 1617 πάντας
505 1585 657 1620 βοηθοῦσα,
675 1585 724 1612 καὶ
748 1583 872 1616 σώζουσα
892 1584 925 1610 ὲκ
939 1583 993 1611 τῶν

205 1633 347 1660 κινδύνων.

553 1711 620 1746 ῼΔΗ
635 1709 675 1736 e'.

243 1776 285 1802 Τὰ
299 1775 373 1810 ἔθνη,
390 1775 553 1810 κροτήσατε-
572 1774 647 1810 χοροὶ
659 1773 799 1808 Πατέρων,
809 1773 954 1800 σπεύσατε·
969 1773 995 1799 οἰ

207 1820 325 1855 ἀσκηταὶ
339 1829 369 1846 τε
388 1821 435 1847 καὶ
449 1820 474 1845 οί
485 1820 514 1846 ὲν
526 1820 582 1851 τοῖς
595 1819 682 1854 ὄρεσι,
697 1819 848 1846 συνέλθετε
864 1819 956 1854 ἥκετε,
970 1819 994 1845 οί

207 1867 368 1902 διωχθέντες
388 1865 472 1892 πάλαι
504 1865 558 1892 ἀπὸ
578 1865 625 1891 τοῦ
649 1865 751 1891 πλάνου
779 1865 826 1891 καὶ
849 1864 994 1896 δυσσεϐοῦς

214 1913 337 1939 Ἰωάννου
351 1920 358 1928 ’
377 1911 551 1948 στηλιτεῦσαι
582 1911 632 1942 τὰς
652 1911 768 1946 μαγείας
802 1910 849 1937 καὶ
879 1909 994 1945 μαντεύ-

208 1967 292 1994 ματα.

240 2046 405 2081 Εὐφραίνου,
417 2046 433 2080 ή
445 2045 547 2081 ἔρημος
562 2046 610 2072 καὶ
625 2044 771 2080 οἰκουμένη
780 2044 884 2076 ἅπασα,
898 2044 932 2070 τὰ
942 2044 993 2080 ὅρη

206 2092 307 2123 πάντα,
318 2091 476 2126 γλυκασμὸν
485 2091 644 2123 σταλάξατε,
657 2090 758 2126 βουνοὶ,
768 2090 943 2124 ἀγαλλιᾶσθε,
953 2091 993 2117 ὅτι

205 2138 332 2173 Χριστὸς,
348 2139 361 2164 ό
377 2137 476 2171 Λόγος,
498 2137 610 2172 εἰρήνην
627 2137 727 2163 δέδωκε
753 2137 810 2168 τοῖς
839 2137 868 2163 ὲν
883 2137 930 2171 γῇ,
946 2137 994 2163 καὶ

299 2184 386 2216 θείαις
431 2183 605 2218 Ἑκκλησίαις
642 2183 692 2218 τὴν
724 2183 837 2217 ἑνότητα
866 2183 915 2217 τῆς
950 2183 994 2209 πί-

207 2238 303 2261 στεως.

241 2275 308 2307 Θεὸς
335 2275 503 2310 ὲκδικήσεων
533 2275 581 2302 νῦν
619 2274 852 2310 ἐπαρρησιάσατο,
878 2275 995 2311 Χριστὸς

209 2321 325 2355 ἐπέστη,
339 2321 471 2356 ἐνισχύων
489 2322 607 2356 σήμερον
624 2321 686 2352 τοὺς
704 2321 794 2352 θείους
807 2321 994 2354 διδασκάλους,

205 2366 234 2391 ὲν
263 2367 406 2401 παρῤησίᾳ
444 2366 535 2400 λέγειν
578 2369 628 2400 τὴν
664 2366 868 2400 συγκατάὸασιν
891 2367 993 2398 αὑτοῦ,

206 2412 253 2439 καὶ
269 2411 319 2446 τὴν
352 2411 490 2447 σάρκωσιν
512 2410 630 2445 βεϐαίως
659 2412 688 2438 ἐν
711 2411 796 2438 εἰκόνι
826 2413 995 2448 περιγράφε-

207 2458 280 2485 σθαι.

241 2504 409 2540 Μακρόϐυμε
426 2503 527 2540 Κύριε,
541 2503 579 2535 ὡς
593 2503 738 2539 θαυμαστὰ
747 2506 782 2530 τὰ
793 2504 861 2539 ἔργα
874 2506 935 2531 sou!
953 2504 995 2536 τίς

206 2550 354 2586 ἀριθμήσει
365 2551 415 2585 τὴν
426 2550 634 2585 φιλανθρωπίαν
648 2559 696 2576 σου
711 2559 718 2583 ;
731 2550 793 2582 Πῶς
805 2550 910 2585 βλέπων
923 2559 995 2577 κτει-

207 2596 337 2630 νομένους
358 2596 399 2622 διὰ
423 2597 473 2630 τὴν
488 2596 539 2630 σὴν
566 2596 668 2629 εἰκόνα,
689 2597 752 2627 τοὺς
776 2597 858 2631 ἱερεῖς
877 2604 924 2622 σου
949 2595 996 2623 κα)⁴

206 2640 340 2674 ἀσκητὰς,
358 2641 388 2666 οὺ
403 2640 573 2676 κατέφλεξας
587 2641 651 2672 τοὺς
664 2640 792 2673 πλάνους,
813 2640 871 2668 ἀλλ’
879 2641 997 2676 ἠνέσχου

208 2686 387 2722 ὑϐριζόμενος
401 2695 409 2720 ;

205 2186 265 2216 ταῖς

249 2773 278 2800 '0
296 2774 386 2809 πήξας
398 2774 547 2802 ἀσάλευτον
569 2775 618 2810 τὴν
639 2775 815 2811 Ἐκκλησίαν,
830 2776 927 2812 Κύριε,
950 2777 997 2804 καὶ

209 2818 292 2847 πάλαι
308 2819 372 2855 ᾅδου
389 2820 491 2856 ταύτης
515 2820 545 2846 οὐ
571 2821 748 2856 κατίσχυσαν,
765 2821 846 2854 αὐτὸς
860 2823 909 2857 τὴν
919 2823 996 2858 εἰρή-

207 2874 257 2902 νην
273 2874 319 2893 σου
350 2866 491 2903 παράσχου
512 2867 550 2903 τῷ
574 2867 632 2903 λαῷ
654 2876 715 2902 σου,
731 2867 774 2895 ἵνα
795 2876 824 2894 σε
848 2869 948 2900 πάντες
961 2870 999 2896 εί-

1038 943 1167 969 Ecclesiis
1189 943 1289 969 Christi
1312 942 1421 969 Domini
1445 942 1592 977 imaginem
1613 949 1695 969 carne
1722 940 1834 975 prazful-

1039 992 1156 1023 gentem,
1171 993 1199 1015 et
1213 993 1370 1015 sanctorum
1393 988 1532 1021 omnium;
1555 987 1602 1015 secl
1625 987 1717 1013 divina
1745 985 1832 1021 gratia

1039 1038 1114 1061 tuam
1130 1034 1303 1069 tyrannidem
1317 1035 1464 1061 destruxit.

1076 1081 1175 1108 Sacras
1188 1085 1347 1108 sanctorum
1359 1081 1503 1116 reliquias,
1519 1085 1547 1107 et
1560 1080 1684 1116 ipsorum
1699 1080 1834 1116 imagines

1039 1127 1138 1154 Lezius
1160 1127 1206 1154 ille
1230 1127 1317 1158 ferus,
1344 1134 1398 1154 una
1428 1135 1490 1154 cum
1516 1127 1632 1157 Joanne,
1657 1127 1734 1154 nullo
1753 1131 1834 1161 pacto

1040 1174 1221 1207 venerandas,
1241 1174 1324 1208 impie
1342 1173 1521 1207 asserebant,
1538 1178 1567 1200 ut
1589 1173 1700 1208 pietatis
1714 1173 1836 1200 deserto-

1042 1227 1097 1247 res.
1116 1218 1209 1246 Gloria
1226 1218 1312 1246 Patri.

1076 1265 1178 1292 Omnes
1197 1265 1242 1299 pie
1253 1269 1416 1292 venerantes
1439 1264 1486 1292 Dei
1505 1265 1688 1300 maiestatem,
1708 1263 1832 1290 omnium

1042 1316 1194 1343 auctorem,
1222 1312 1249 1338 in
1273 1311 1360 1338 tribus
1389 1311 1537 1345 personis,
1569 1310 1675 1337 Patrem
1708 1309 1835 1336 videlicet

1043 1357 1177 1392 principio
1188 1361 1372 1387 carentcm,et
1384 1356 1501 1383 Verbum
1512 1361 1690 1383 constet-num.
1705 1355 1837 1389 Spiritum

1043 1411 1153 1438 quoque
1172 1408 1296 1430 sanctum
1323 1402 1404 1430 simul
1432 1402 1626 1437 prtelucentcm
1651 1400 1838 1436 gloriliccmus

1044 1449 1071 1476 in
1087 1450 1197 1476 saecula.

1080 1495 1103 1522 Ο
1119 1495 1234 1522 Domina
1251 1494 1297 1522 Dei
1311 1494 1446 1527 Genitrix,
1462 1499 1490 1520 tu
1505 1494 1562 1521 sola
1576 1493 1689 1520 cxsistis
1704 1492 1838 1519 Christia—

1046 1550 1144 1570 norum
1161 1550 1230 1577 pons
1247 1550 1372 1573 securus,
1395 1546 1423 1568 et
1444 1542 1563 1569 lidelium
1591 1541 1679 1575 gloria
1694 1545 1776 1574 atque
1794 1549 1837 1566 rc—

1049 1589 1162 1623 fugium,
1179 1596 1194 1615 a
1206 1588 1335 1623 periculis
1349 1588 1467 1621 cunctis,
1483 1595 1581 1615 omnes
1595 1587 1729 1622 adjuvans
1757 1591 1838 1621 atque

1048 1635 1174 1662 liberans.

1384 1711 1452 1738 ODA
1471 1711 1516 1738 IX.

1084 1777 1185 1803 Gentes
1205 1783 1313 1810 omnes,
1339 1777 1459 1811 plaudite
1481 1778 1619 1810 manibus,
1642 1785 1666 1806 cl
1683 1785 1839 1808 sanctorum

1048 1822 1159 1850 Patrum
1179 1821 1255 1850 chori
1284 1823 1430 1855 accurrite,
1449 1829 1475 1850 et
1489 1825 1535 1858 qui
1550 1824 1671 1852 claustra
1689 1830 1715 1852 et
1733 1831 1840 1853 montes

1048 1869 1180 1899 incolitis.
1203 1869 1347 1896 convenite
1362 1877 1469 1902 omnes,
1486 1875 1513 1897 et
1528 1871 1659 1902 accedite.
1675 1880 1746 1907 quos
1760 1878 1840 1900 antea

1048 1915 1092 1942 ille
1107 1915 1236 1943 seductor
1250 1920 1277 1942 et
1304 1915 1405 1950 impius
1422 1915 1541 1944 Joannes
1559 1917 1647 1944 fuerat
1669 1924 1839 1952 persecutus.

1048 1965 1078 1987 ut
1105 1967 1151 1986 eas
1184 1960 1303 1995 magicas
1332 1965 1416 1992 artes,
1434 1966 1461 1988 et
1489 1961 1602 1989 fraudes
1620 1963 1841 1996 conculcctis,ct

1047 2005 1204 2040 proﬂigetis.

1082 2051 1197 2082 Laetare,
1210 2059 1320 2079 eremus
1333 2057 1360 2079 ct
1375 2052 1519 2080 universus
1536 2054 1621 2086 orbis,
1635 2060 1743 2082 niontes
1758 2055 1839 2082 etiam

1047 2104 1142 2125 omnes
1154 2098 1324 2125 dulcedinem
1345 2099 1456 2131 stillate,
1466 2105 1492 2126 et
1511 2100 1595 2128 valles
1610 2101 1755 2133 exsultate,
1772 2110 1842 2137 quo.
1855 2123 1857 2125 .

1047 2142 1121 2169 niam
1148 2143 1276 2170 Christus
1302 2143 1349 2170 Dei
1379 2143 1498 2171 Verbum
1530 2153 1624 2179 pacem
1650 2147 1778 2174 omnibus
1799 2156 1841 2175 est

1048 2188 1172 2223 largitus,
1185 2194 1212 2216 et
1228 2189 1330 2216 sanctis
1348 2189 1479 2218 Ecclesiis
1494 2190 1556 2219 ﬁdei
1580 2193 1724 2220 unitatem.

1083 2278 1155 2307 Deus
1170 2280 1305 2307 ultionum
1319 2288 1391 2307 nunc
1407 2280 1492 2308 libere
1505 2281 1570 2315 egit,
1600 2280 1726 2309 Christus
1742 2282 1839 2315 astitit,
1853 2309 1857 2313 ,

1045 2326 1227 2354 corroborans
1239 2327 1320 2354 hodie
1336 2332 1447 2355 sanctos
1461 2327 1566 2359 Patres,
1580 2328 1677 2362 ulejus
1690 2328 1836 2357 adventum

1047 2372 1131 2399 libere
1163 2373 1313 2407 praulicare
1339 2375 1460 2405 valeant,
1488 2379 1570 2408 atque
1596 2374 1763 2408 imaginibus
1779 2376 1839 2411 ejus

1047 2417 1266 2445 incarnationem
1281 2418 1436 2454 designare.

1082 2503 1271 2540 Longanimis,
1286 2505 1411 2540 Domine,
1429 2515 1513 2541 quam
1524 2507 1662 2535 mirabilia
1678 2512 1741 2535 sunt
1757 2516 1837 2544 opera

1046 2551 1110 2577 tua!
1126 2551 1190 2585 quis
1203 2556 1277 2578 tuam
1287 2552 1459 2579 clementiam
1475 2553 1649 2580 rcccnsehit?
1661 2558 1687 2581 et
1702 2555 1839 2589 quomodo

1047 2595 1157 2624 intuens
1176 2601 1237 2624 tuos
1251 2598 1407 2626 sacerdotes
1425 2603 1452 2626 et
1472 2601 1634 2633 monachos,
1657 2600 1721 2627 dum
1735 2601 1839 2628 interli—

1041 2647 1176 2678 cerenlur
1196 2649 1307 2678 propter
1326 2649 1400 2671 tuam
1425 2645 1585 2680 imaginem,
1603 2647 1763 2675 seductores
1780 2649 1840 2675 illos

1047 2688 1115 2714 tanti
1133 2688 1196 2715 mali
1214 2694 1339 2717 auctores
1357 2699 1411 2717 non
1425 2692 1614 2725 combussisti,
1628 2694 1675 2720 sed
1693 2698 1782 2721 tantas
1798 2694 1839 2720 in-

1047 2733 1132 2769 jurias
1151 2742 1230 2768 aequo
1245 2735 1329 2762 tulisti
1339 2736 1452 2763 animo?

1083 2779 1106 2807 Ο
1132 2779 1258 2813 Domine,
1282 2783 1328 2816 qui
1359 2782 1510 2811 Ecelesiam
1543 2789 1614 2812 tuam
1645 2785 1839 2813 inconcussam

1049 2827 1222 2861 compegisti,
1237 2832 1267 2854 ut
1283 2831 1369 2862 por-ta:
1383 2828 1462 2857 inferi
1477 2830 1608 2859 adversus
1619 2839 1678 2859 eam
1693 2833 1838 2867 praevalere

1050 2876 1196 2906 nequeant,
1223 2872 1281 2908 ipsc
1301 2881 1395 2908 pacem
1411 2878 1485 2902 tuam
1507 2877 1608 2912 populo
1627 2881 1672 2905 tuo
1686 2878 1851 2914 largire-ws»
