1925 3088
108 143 175 174 1779

701 141 732 171 S.
752 139 949 170 THEODORI
970 139 1142 169 STUDIT.-E

1669 133 1737 166 1780

104 203 131 223 te
143 202 237 222 omnes
252 194 337 222 alacri
352 194 454 226 animo,
473 202 528 221 uno
545 201 592 221 ore
606 194 749 221 laudemus
777 199 804 221 et
819 193 889 221 cele-

965 193 1080 228 xptvdic,
1098 194 1127 218 ἐν
1144 192 1194 227 μιᾷ
1207 191 1348 226 ὃοξολογίᾳ
1373 188 1571 225 προσκυνῶμεν
1598 189 1645 216 καὶ
1660 189 1738 222 δοξά-

106 243 227 269 bremus.

140 287 291 314 Anatbema
306 286 341 314 sil.
357 286 421 317 illis,
438 285 561 318 Domine,
573 286 620 322 qui
635 291 687 313 tua:
701 285 901 313 incarnationis

106 332 253 367 imaginem
279 340 332 359 non
349 337 522 362 venerantur,
545 333 572 359 in
588 332 685 367 primis
710 339 775 358 vero
790 330 900 362 Joanni,

105 383 133 405 et
142 378 272 410 Antonio,
290 383 318 405 et
332 378 480 405 Theodoro
495 379 590 413 impio,
604 385 657 406 una
669 385 731 405 cum
747 377 901 410 Theodoto,

105 429 134 451 et
146 424 212 452 aliis
226 423 288 451 ﬁdei
302 424 502 451 desertoribus.

141 512 164 538 0
182 511 307 543 Domine,
325 512 372 546 qui
397 511 529 546 apostolis
549 511 603 538 tuis
618 518 712 546 pacem
730 515 805 536 tuam
828 508 902 536 dedi-

107 558 151 589 sti,
172 557 272 592 largire
298 558 381 584 etiam
407 565 479 584 nunc
502 557 632 584 omnibus
658 555 900 590 tranquillitatem,

107 608 154 630 tua
171 611 254 630 manu
280 604 341 631 illos
365 611 546 638 congregans,
568 603 615 637 qui
631 607 696 630 sunt
717 601 859 636 dissipati,
875 606 901 629 et

107 655 237 684 tanquam
250 658 314 678 oves
327 650 482 680 rationalcs,
496 654 598 676 sancta:
609 654 661 676 tum
687 646 815 676 Ecclesia:
827 647 900 683 gregi

109 694 170 721 illos
184 703 311 730 aggrega.
325 695 419 723 Gloria
437 697 522 724 Patri.

143 740 277 768 Deitatem
307 742 429 776 gloriﬁco
453 742 554 772 Patris.
578 747 606 770 et
628 742 700 775 Filii,
731 746 758 770 et
782 742 901 776 Spiritus

109 787 207 818 sancti.
222 791 304 814 unam
326 788 429 815 scilicet
452 793 578 816 naturam
602 789 628 815 in
653 789 741 816 tribus
766 787 900 823 personis,

109 833 256 860 essentiam
280 833 423 861 indivisam
446 836 596 870 suppositis
620 835 790 866 distinctam.
817 834 899 862 simul

110 884 282 912 regnantem,
306 880 397 907 omnia
419 879 575 911 facientem,
591 881 818 915 omnipotentem,
838 888 899 915 pcr-

111 926 212 952 t'cctum
232 925 389 960 imperium,
405 927 496 953 omnia
511 927 630 962 denique
646 927 846 954 continentem.

151 968 195 996 Dei
207 969 331 997 Genitrix
345 978 405 1006 quae
414 973 537 998 orantium
548 979 578 999 es
590 971 736 1004 auxilium,
766 971 901 1006 rctugium

112 1020 140 1042 et
153 1017 296 1050 protectio,
313 1018 436 1050 ostende,
453 1025 612 1052 quaesumus
633 1024 669 1049 te,
684 1018 757 1053 quod
779 1026 828 1052 pro
841 1027 902 1045 om-

114 1061 196 1088 nibus
210 1062 257 1096 qui
271 1063 304 1089 ad
319 1067 344 1090 te
358 1062 530 1098 confugiunt,
548 1063 623 1090 vales
643 1062 820 1094 intercedere,
832 1063 905 1090 sicut

114 1116 130 1135 ο
151 1113 245 1135 contra
272 1108 370 1144 impios
397 1109 499 1144 rejicis,
525 1109 564 1136 tui
587 1108 648 1136 Filii
666 1109 796 1143 potentia,
811 1109 903 1136 omnia

117 1155 251 1189 siquidem
265 1160 352 1190 potes,
373 1159 402 1182 ut
419 1155 479 1190 ejus
492 1155 587 1182 Mater.

953 237 1054 272 ζωμεν.

993 284 1129 318 ’Δνάθεμα
1150 284 1273 311 ἔστωσαν
1287 285 1312 310 οἱ
1337 283 1374 319 μὴ
1386 282 1532 318 τιμῶντες,
1546 282 1680 315 Δέσποτα,
1694 283 1740 310 τὸν

951 330 1112 365 χαρακτῆρα
1125 331 1174 365 τῆς
1185 330 1235 364 σῆς
1244 329 1446 364 σωματώσεως,
1460 328 1513 364 πρὸ
1525 328 1634 355 πάντων
1650 329 1740 355 Ἰωάν-

951 384 1011 410 νης,
1027 375 1085 410 ἅμα
1097 375 1145 402 σὺν
1169 374 1316 410 ’Δντωνίῳ,
1333 375 1379 401 καὶ
1391 374 1523 409 Θεοδώρῳ
1543 373 1582 409 τῷ
1602 374 1739 407 δυσσεϐεῖ,

951 421 1072 456 Θεοδότῳ
1096 421 1143 447 καὶ
1168 421 1225 452 τοῖς
1250 420 1352 453 ἀλλοις,
1379 421 1436 451 τοῖς
1462 419 1611 455 ἁλάστορσι
1629 420 1680 455 τῆς
1695 420 1741 447 πί-

953 476 1049 499 στεως.

993 513 1023 538 '0
1037 511 1098 543 δοὺς
1113 512 1163 547 τὴν
1177 512 1289 547 εἰρήνην
1300 520 1348 538 σου
1357 511 1413 542 τοῖς
1424 511 1593 544 ἀποστόλοις,
1607 511 1740 543 Δέσποτα,

952 558 1000 584 καὶ
1015 558 1062 584 νῦν
1074 558 1217 593 παράσχου
1236 557 1286 593 τὴν
1312 557 1436 592 γαλήνην
1458 556 1556 588 ἅπασι,
1573 557 1696 591 συνάγων
1708 559 1741 592 τῇ

952 604 1024 638 χειρί
1040 611 1098 634 σου,
1120 603 1183 634 τοὺς
1200 602 1462 638 διεσκορπισμένους
1475 609 1482 616 '
1500 602 1547 628 καὶ
1564 601 1659 638 ὥσπερ
1674 602 1742 637 πρό-

952 649 1022 676 δατα
1047 649 1154 682 λογικὰ,
1182 649 1387 685 συναρίθμησον
1413 650 1446 684 τῇ
1464 647 1573 684 μάνδρᾳ
1598 649 1648 683 τῆς
1663 649 1742 683 ἁγίας

959 695 1123 730 Ἐκκλησίας
1137 704 1193 722 σου.
1209 695 1236 722 θ.

984 741 1093 775 Δοξάζω
1103 741 1218 776 θεότητα
1232 741 1349 775 Πατρὺς,
1365 740 1430 767 Υἱοῦ
1444 740 1490 767 καὶ
1507 740 1677 776 Πνεῦματος,
1694 741 1743 776 τὴν

954 787 1018 821 μίαν
1043 786 1124 821 φύσιν
1151 787 1240 822 τρισὶν
1265 786 1441 818 ὑποστάσεσι,
1460 786 1554 812 οὐσίαν
1582 786 1741 822 ἀμέριστον.

952 832 1091 868 διαιρετὴν
1120 833 1288 868 προσώποις,
1323 832 1529 867 ὁμοὸασίλειον,
1555 833 1742 868 παντουργὸν,

958 879 1109 914 πανσοενῆ,
1125 878 1314 914 τελεταρχίαν,
1337 879 1388 914 τὴν
1425 880 1591 915 συνέχουσαν
1614 879 1650 906 τὰ
1674 879 1744 914 σύμ-

958 933 1058 952 παντα.
1072 925 1105 952 θ’.

997 971 1029 998 Ἦ
1054 972 1162 998 πάντων
1191 971 1311 1007 βοήθεια,
1326 972 1374 999 καὶ
1397 972 1487 1007 σκέπη
1516 972 1563 999 καὶ
1591 971 1743 1006 ἀντίληψις,

955 1017 1051 1050 δεῖξον,
1071 1017 1113 1044 ὅτι
1126 1017 1240 1044 δύνασαι
1259 1018 1421 1053 πρεσϐεύειν
1436 1018 1506 1053 ὑπὲρ
1531 1018 1642 1044 πάντων
1658 1019 1697 1049 είς
1714 1019 1745 1044 σὲ

956 1065 1195 1100 καταφευγόντων,
1220 1066 1267 1092 καὶ
1291 1066 1454 1098 ἀπελαύνεις
1472 1066 1536 1097 τοὺς
1556 1066 1696 1098 δυσσεϐεῖς
1710 1068 1744 1102 τῇ

955 1111 1068 1145 δυνάμει
1097 1110 1145 1137 τοῦ
1173 1111 1237 1138 Υἱοῦ
1264 1121 1310 1138 σου
1322 1121 1330 1127 ·
1347 1113 1395 1147 ζὼς
1409 1114 1464 1148 γὰρ
1488 1114 1578 1148 μήτηρ
1593 1113 1683 1140 πάντα
1698 1113 1742 1140 δύ-

958 1164 1047 1183 νεισαι.

505 1349 564 1405 S.
615 1350 982 1408 THEODOBI
1025 1349 1363 1407 STUDleE

357 1469 563 1514 IAMBI
605 1469 685 1513 DE
721 1468 966 1514 VARIIS
1015 1466 1505 1516 ARGUMENTIS.

144 1646 240 1674 Sancti
256 1646 346 1674 Patris
360 1648 444 1674 nostri
459 1652 483 1674 et
498 1646 654 1680 confessoris
672 1646 800 1673 Theodori
814 1653 897 1680 pra'pc

977 1645 1035 1672 Τοῦ
1049 1647 1137 1674 ὁσίου
1149 1646 1265 1680 Πατρός
1281 1645 1366 1680 ἡμῶν
1381 1644 1430 1672 καὶ
1440 1645 1628 1678 όμολογητοῦ
1642 1646 1750 1672 Θεοδώ-

174 1682 220 1708 siti
239 1681 409 1709 Studitarum
427 1682 513 1710 lumbi
538 1683 570 1709 de
584 1682 664 1709 variis
681 1681 854 1715 argumentis.

999 1689 1057 1714 ρου
1077 1682 1246 1716 ἡγουμένου
1261 1681 1320 1707 τῶν
1334 1680 1491 1712 Ennio/0v,
1508 1681 1620 1715 Ἰαμϐοι
1634 1681 1678 1712 εις
1687 1680 1749 1706 δια-

997 1717 1109 1750 φόρους
1122 1716 1292 1747 ὑποθέσεις.

801 1769 941 1804 (Smnoxo.
961 1779 988 1806 p.
1010 1771 1083 1805 597.)

228 1831 322 1859 l.—In
340 1830 466 1864 reliquias
481 1833 634 1854 sanctorum
650 1831 808 1860 martyrum.

159 1879 234 1905 Diam
252 1878 279 1903 in
303 1875 425 1910 reliquiis
439 1874 594 1901 atlluentem
612 1872 728 1907 gratiam
746 1891 754 1903 ,

122 1923 344 1952 Haemorrhoissaa
358 1922 404 1956 qui
423 1921 503 1948 tidem
520 1919 597 1952 teret,
618 1918 733 1946 auferet.

122 1971 190 1998 Nam
212 1969 258 2004 qui
276 1969 326 1995 has
351 1967 480 2001 tetigerit,
499 1966 571 1994 sicut
589 1966 631 1992 illa
655 1965 802 1995 ﬁmbriam,

121 2018 243 2051 Corpore
265 2014 380 2042 validior
393 2013 448 2045 lict,
471 2012 563 2039 anima
585 2013 717 2039 sanctior.

297 2061 329 2087 Il.
354 2075 381 2080 —
399 2059 431 2086 In
443 2058 538 2086 cellam
552 2058 642 2085 Putris
659 2059 751 2085 nostri.

122 2109 175 2139 ille,
192 2107 271 2140 cella,
287 2107 360 2141 lnge,
385 2113 493 2140 segnem
509 2105 613 2132 habens
624 2104 792 2139 operarium,

122 2154 211 2181 ljnum
232 2153 301 2180 inter
313 2159 421 2183 omnes,
433 2158 501 2186 quos
516 2150 600 2177 tulisti
612 2171 620 2183 ,
633 2150 795 2185 pessimum.

122 2200 180 2227 Non
195 2207 245 2233 ego
255 2206 367 2233 precum
387 2202 414 2224 te
432 2197 589 2224 condecoro
603 2196 719 2231 lumine,

121 2244 177 2271 Nec
189 2242 361 2278 pinguel‘acio
375 2241 557 2276 lacrymarum
574 2240 681 2273 rivulis,

123 2290 177 2317 Nec
193 2295 279 2324 purgo
293 2287 412 2322 denique
430 2286 564 2313 castitatis
581 2286 716 2314 moribus.

123 2337 158 2362 At
172 2339 201 2361 tu
215 2333 337 2360 omnium
359 2332 417 2363 lux,
428 2335 455 2359 et
471 2331 555 2364 salus,
569 2338 658 2358 rerum
683 2337 768 2365 sator,

124 2380 175 2407 Tui
191 2380 223 2407 ad
240 2379 365 2406 timorem
380 2378 552 2413 expergefac,
568 2378 717 2406 exsuscita.

122 2427 231 2457 Annne,
247 2425 281 2453 ad
297 2433 416 2453 amorem
434 2425 577 2452 cbaritatis
594 2429 623 2451 ut
634 2429 686 2452 tua:

123 2471 277 2499 Subvectus
295 2471 346 2498 alis
361 2471 466 2498 evolem
481 2470 597 2499 allectus
616 2479 714 2506 supra,

122 2514 193 2542 Dum
213 2519 288 2542 recte
312 2515 408 2550 agendi
435 2521 544 2550 tempus
575 2523 664 2550 usque
686 2517 823 2550 suppetit:

124 2559 160 2587 Ut
175 2560 326 2596 gratiarum
351 2560 467 2594 gloriati:
484 2565 512 2587 et
527 2560 634 2588 laudem
659 2561 772 2588 otferam

123 2605 195 2639 Tibi,
211 2605 258 2640 qui
274 2605 390 2633 salutem
412 2606 585 2641 concupiscis
606 2607 741 2634 omnium.

146 2646 153 2654 ¹
354 2649 434 2677 ΙΙΙ.-
450 2650 482 2677 In
498 2652 693 2678 renuntiantes.

122 2695 233 2727 Procul,
245 2703 262 2722 o
276 2694 374 2723 doloso
390 2695 557 2731 refugiamus
573 2697 686 2730 saeculo,

123 2742 249 2770 Christus
265 2745 356 2775 vocat,
375 2749 563 2778 properemus,
579 2743 637 2771 ham
647 2747 703 2771 tuta
718 2744 827 2776 cstria,

999 1828 1039 1854 Ν.
1051 1842 1086 1848 -
1099 1828 1150 1861 Εἰς
1167 1829 1203 1855 τὰ
1219 1829 1352 1863 λείψανα
1366 1830 1425 1857 τῶν
1439 1830 1532 1865 ἁγίων
1545 1829 1713 1864 μαρτύρων.

965 1873 1049 1908 Χάριν
1067 1873 1204 1909 βρύουσαν
1219 1875 1294 1902 Θείαν
1307 1877 1337 1902 ἐν
1351 1877 1408 1908 τοῖς
1420 1875 1558 1911 λειψάνοις

965 1920 1021 1951 Πᾶς
1037 1929 1078 1952 τις
1092 1920 1200 1956 συλήσει
1218 1922 1310 1949 πίστιν
1323 1922 1456 1957 αἱμόῤῥου
1472 1922 1573 1956 φέρων.

964 1965 1065 1992 Ψαύων
1079 1966 1133 2002 γὰρ
1146 1967 1247 2000 αὐτῶν,
1266 1968 1304 2000 ὡς
1319 1969 1410 2004 ἐκείνη
1427 1968 1594 2004 κρασπέδου,

969 2010 1081 2037 Ῥώσειε
1098 2011 1188 2047 σῶμα,
1206 2013 1252 2039 καὶ
1263 2013 1352 2048 ψυχὴν
1366 2014 1488 2046 ἀγιάσει.

1033 2059 1168 2092 Β¹.-Εις
1181 2059 1239 2093 τὴν
1250 2060 1366 2087 κέλλαν
1381 2060 1435 2087 τοῦ
1451 2060 1568 2094 Πατρός
1584 2060 1679 2095 ἡμῶν.

963 2104 1063 2138 Θρήνει
1079 2113 1124 2140 με,
1142 2104 1234 2138 κέλλα,
1250 2105 1352 2140 σχοῦσα
1363 2105 1466 2142 νωθρὸν
1479 2106 1610 2141 ἐργάτην,

963 2150 1052 2178 Μόνον
1069 2151 1200 2177 κάκιστον
1211 2148 1303 2186 ὦνπερ
1315 2151 1395 2186 ἔσχες
1409 2152 1561 2188 κτητόρων.

963 2196 1000 2222 Οὐ
1015 2195 1166 2231 λαμπρύνω
1181 2205 1211 2223 σε
1225 2196 1280 2223 τῶν
1296 2197 1456 2232 προσευχῶν
1468 2198 1508 2233 τῷ
1523 2197 1597 2232 φάει,

963 2243 1001 2269 Οὐ
1015 2242 1048 2278 δὴ
1062 2243 1163 2271 πιαίνω
1177 2245 1209 2280 τῇ
1224 2245 1272 2279 ῥοῇ
1289 2244 1343 2271 τῶν
1357 2244 1484 2280 δακρύων
1496 2265 1503 2277 ,

964 2289 1026 2315 Οὐδ’
1041 2287 1074 2316 αὖ
1087 2289 1212 2325 καθαίρω
1224 2290 1274 2324 τῆς
1290 2290 1402 2324 ἁγνείας
1415 2291 1472 2322 τοῖς
1487 2291 1611 2326 τρόποις.

970 2334 1040 2360 Ἀλλ’
1054 2332 1100 2361 οὖν
1115 2335 1146 2362 σὺ
1158 2354 1166 2366 ,
1184 2335 1288 2370 Σῶτερ,
1305 2335 1422 2367 Κτίστα,
1437 2336 1552 2371 Φωστὴρ
1564 2337 1619 2363 τῶν
1631 2337 1710 2368 ὅλων,

966 2379 1106 2415 Ἐγειρον,
1122 2379 1268 2412 ἐξύπνισον
1283 2382 1323 2412 εἰς
1334 2381 1380 2407 τὸν
1394 2381 1440 2408 σὸν
1457 2381 1538 2415 φόϐον
1550 2392 1557 2399 ·

965 2424 1139 2459 Πρόσγευσον
1150 2426 1162 2440 ⁸
1177 2425 1217 2457 εἰς
1231 2425 1322 2461 ἔρωτα
1335 2427 1385 2461 τῆς
1398 2425 1448 2461 σῆς
1460 2426 1581 2461 ἀγάπης,

929 2461 951 2489 Ι)
965 2469 1110 2506 Πτέρωσον
1122 2470 1240 2506 ἀρθῆναι
1255 2480 1290 2506 με
1304 2471 1358 2498 τῶν
1371 2472 1467 2499 παθῶν
1482 2473 1557 2506 ἄνω,

964 2515 1038 2547 Ἕως
1050 2517 1168 2550 πάρεστι
1180 2517 1277 2552 καιρὸς
1289 2517 1329 2549 είς
1345 2517 1496 2553 εὐπραξίαν
1507 2526 1514 2533 ·

964 2562 1024 2588 Ἰνα
1039 2563 1178 2597 προσοίσω
1193 2563 1272 2596 δόξαν
1285 2564 1462 2599 εὐχαριστίαν

965 2607 1009 2633 Σοὶ
1026 2607 1064 2643 τῷ
1081 2607 1185 2635 Θέλοντι
1198 2610 1266 2636 πᾶσι
1278 2610 1328 2645 τὴν
1346 2610 1495 2645 σωτηρίαν.

1135 2654 1172 2681 I".
1188 2669 1222 2675 -—
1234 2655 1287 2687 Εἰς
1301 2655 1582 2691 ἀποτασσομένους.

969 2698 1080 2734 Ἀνὸρες
1102 2699 1204 2736 βροτοὶ,
1218 2701 1349 2736 φύγωμεν
1365 2702 1398 2728 ἐκ
1411 2703 1516 2738 κόσμου
1530 2704 1644 2737 πλάνου.

965 2745 1083 2780 Χριστὸς
1095 2746 1183 2779 καλεῖ,
1195 2747 1345 2783 δράμωμεν
1355 2748 1496 2784 ’.εῠπλους
1508 2750 1562 2786 γὰρ
1577 2750 1645 2786 βίος,

765 2800 879 2828 VARle
899 2800 1099 2832 LECTIONES.

160 2867 173 2882 α
190 2860 226 2888 al.
245 2862 421 2896 πρόσνευσον.
