1925 3088
154 146 219 180 1781

151 203 252 237 Ζαλης,
269 200 410 237 μεριμνῶν
425 198 472 225 καὶ
489 197 612 232 στροφῶν
627 196 789 232 ὑπερπλέων

151 248 263 284 Φροντὶς
277 247 331 281 γὰρ
342 245 412 280 αὕτη
423 245 463 280 τῷ
475 245 595 280 μοναστῇ
609 245 657 270 καὶ
671 244 762 279 μόνον,

152 294 250 328 Τυχεῖν
265 291 370 319 ἐκείνου
383 290 430 316 τοῦ
445 288 564 324 γαληνοῦ
580 288 702 324 λιμένος,

158 340 203 366 Ἐν
217 335 239 372 ᾧ
253 338 395 364 πέπαυται
410 335 464 362 τῶν
477 335 608 370 λυπηρῶν
621 334 677 365 πᾶς
693 333 783 364 πόνος.

153 386 186 412 Ὢ
199 384 258 416 πῶς
271 383 342 410 πάνυ
347 391 412 417 μνος
425 383 439 408 ὁ
454 382 529 414 ξένος
542 380 645 407 τούτων
664 380 720 414 βίος
738 380 744 406 l

152 430 208 457 Kal.
223 429 265 460 τίς
279 428 412 463 φρόνιμος
426 425 642 462 πραγματευτὴς
655 424 801 459 κερδάνων,

155 478 204 508 ’³ος
215 475 294 503 πάντ’
310 475 392 509 ἀφεὶς
406 474 493 500 ἕλοιτο
506 472 551 499 τὸν
568 471 685 506 σταυρὸν
700 470 808 505 φέρειν;

373 521 409 548 Δ’.
424 520 521 552 -Εὶς
539 519 720 553 ἡγούμενον.

153 565 271 602 Οἴόνπερ
286 565 353 601 ὕψος
368 565 418 599 τῆς
433 565 580 599 προεδρίας
596 563 714 598 βλέπων,

154 612 222 638 Κατ’
240 611 318 644 ἀξίαν
333 609 482 645 πρόσϐαινε
494 609 534 644 τῷ
551 608 650 644 βαθμῷ
668 607 787 643 τρέμων.

154 658 235 685 Εἴλου
249 656 303 692 γὰρ
318 656 399 691 ἔργον
414 655 545 682 κινδύνων
558 654 665 681 πολλῶν
679 653 776 688 γέμον,

153 702 261 736 Πολλῆς
279 701 425 736 μερίμνης,
439 699 499 726 οὐδὲ
515 699 617 734 μικρᾶς
630 698 781 734 φροντίδος.

155 749 266 780 Σκόπει,
281 745 425 782 προμηθοῦ
441 745 588 781 γρηγόρως
604 744 651 776 οὒς
664 743 784 778 ἐξάγεις,

155 795 202 830 Μή
220 803 267 820 σου
285 793 387 828 συληθῇ
404 791 516 827 θρέμμα
533 800 591 822 πως
606 789 720 826 ἀπειρίᾳ
733 797 740 804 ·

157 842 260 869 Σαυτὺν
270 839 402 872 τεθεικὼς
420 840 460 872 είς
476 838 567 866 καλῶν
583 837 673 873 ἔργων
690 836 786 864 τύπον.

158 887 226 922 Εἴσῃ
242 886 296 920 γὰρ
312 884 400 916 εἰδὼς,
417 884 456 915 ὡς
471 883 582 918 ὑφέξεις
597 882 645 909 τὸν
659 881 750 916 λόγον,

158 934 244 960 Ὅταν
256 930 377 966 καθεσθῇ
393 929 510 965 Χριστὸς
525 929 567 960 εις
580 928 689 955 πάντων
701 926 803 962 κρίσιν.

358 976 397 1002 E’.
411 989 446 996 ——
461 976 514 1007 Εἰς
529 973 747 1002 ὐποτακτικόν.

158 1023 236 1059 Δεῦρ⁵
250 1022 323 1054 ἐλθὲ,
338 1021 440 1054 πύκτα,
456 1020 537 1056 δεῦρό
551 1028 596 1055 μοι
612 1018 692 1055 στῆθι
706 1018 785 1051 ζέων,

158 1070 228 1101 Τοὺς
242 1067 360 1104 αὐχένας
372 1075 419 1094 σου
433 1066 525 1093 κλῖνον
541 1065 710 1100 εὺεπηκόως.

159 1115 240 1147 Ὀλος
254 1113 392 1145 ταπεινὸς,
404 1111 500 1147 νεκρὸς
517 1110 554 1138 ὣν
572 1112 600 1137 ὲν
613 1110 651 1147 τῷ
668 1109 755 1136 θέλειν
767 1117 775 1124 ·

159 1162 218 1189 Πᾶν
235 1160 381 1195 ἐνθύμημα
396 1157 522 1194 φανερῶν
535 1157 585 1192 τῆς
601 1155 727 1191 καρδίας.

167 1208 211 1239 Ὧς
224 1207 257 1234 ἂν
270 1205 380 1236 τελείως
393 1203 517 1240 ὲμμένῃς
528 1201 567 1237 τῷ
582 1201 693 1236 σταδίῳ.

160 1253 207 1288 Μή
222 1252 246 1278 σ⁷
259 1249 410 1285 ὲκφοΰείτω
429 1248 492 1284 μήτ’
503 1247 618 1283 ἕρημος,
635 1246 674 1282 μὴ
689 1245 795 1277 στύλος,

160 1297 231 1333 Μήτ’
246 1296 310 1323 ἄλλο
324 1294 420 1329 τάγμα
431 1293 487 1320 τῶν
502 1291 660 1327 θεοδρόμων
675 1290 751 1326 βίων.

161 1341 295 1378 Προῦχεις
309 1340 448 1371 ἁπάντων,
461 1338 499 1370 ὡς
514 1337 675 1372 θεογράφως
689 1336 756 1372 ἔχει·

162 1388 216 1416 Τοῦ
233 1386 381 1423 μαρτύρων
393 1384 504 1420 πρώτου
521 1384 576 1419 γὰρ
590 1383 667 1410 οὐδὸν
681 1381 785 1413 ἁνύεις.

272 1435 319 1467 q'.
333 1448 369 1454 —
382 1433 435 1464 Εὶς
448 1431 503 1458 τὸν
512 1430 548 1457 τὰ
561 1429 688 1463 δεύτερα
697 1428 840 1463 φέροντα.

162 1479 266 1514 Μωσῆς
282 1479 330 1513 μὲν
346 1477 449 1512 ἄρχων,
464 1475 585 1510 Ναυῖδης
596 1474 625 1501 δὲ
640 1473 771 1507 συνθέων,

163 1525 254 1557 Εὐθῦς
268 1524 327 1560 μετ’
341 1523 433 1556 αὑτὸν,
443 1522 480 1554 ὡς
494 1520 674 1557 παραστάτης
691 1519 774 1552 ξένος.

163 1573 220 1600 Καὶ
235 1573 268 1599 σὺ
282 1571 428 1607 πρόσωπον
439 1569 566 1604 δεύτερον
581 1568 674 1595 στάσει
689 1567 790 1598 πέλων,

166 1620 229 1651 Πῶς
239 1619 289 1654 τὴν
303 1616 474 1652 ἀδελφότητα
488 1615 665 1651 συγκρατεῖς,
679 1613 794 1640 σκόπει·

173 1665 267 1700 Ἦγοῦ,
280 1662 417 1698 καθηγοῦ,
430 1662 478 1689 καὶ
493 1660 661 1692 συνασπίξου
675 1660 756 1695 τόνῳ,

166 1711 320 1748 Εἰρηνικῶς
338 1718 379 1742 τε,
394 1707 558 1744 συμπαθῶς,
575 1707 624 1734 καὶ
639 1706 760 1742 πραέως,

166 1758 277 1793 Νόμους
289 1756 433 1791 φυλάττων
446 1755 478 1780 ἐκ
491 1752 560 1780 Θεοῦ
574 1753 637 1784 τοὺς
651 1751 806 1787 κειμένους,

166 1803 282 1840 Κρίσεις
296 1802 404 1832 δικαίας
417 1799 543 1835 ἐκφέρων
557 1798 742 1834 ἅπροσκόπως
752 1805 760 1813 ·

167 1851 226 1878 Νῦν
242 1849 291 1885 μὲν
308 1846 450 1881 συναλγῶν
464 1846 521 1877 τοῖς
539 1844 691 1879 κάμνουσιν
704 1844 738 1870 ὲκ
752 1843 870 1874 πάθους,

168 1897 226 1924 Νῦν
240 1896 269 1922 δὲ
287 1892 436 1930 προθυμῶν
453 1892 519 1924 τοὺς
531 1890 679 1926 τρέχοντας
692 1890 725 1917 ὲκ
739 1889 825 1916 πόθου
837 1897 845 1904 ·

170 1944 218 1970 Ἴν¹
233 1941 352 1976 ἁξιωθῇς
369 1938 482 1974 ὲννόμου
494 1936 662 1973 δημαρχίας,

175 1990 219 2022 Ὧς
233 1987 402 2020 αἰπὺς-ἄξων
418 1985 464 2012 τὸν
477 1983 547 2010 λεὼν
559 1983 607 2010 τοῦ
619 1982 735 2018 Κυρίου.

364 2030 402 2058 Ζ’.
414 2045 449 2050 -
462 2030 513 2063 Εις
526 2028 580 2055 τὸν
592 2027 762 2062 οἰκονόμον.

172 2082 274 2117 Ἔργον
290 2078 440 2113 Στεφάνου,
456 2075 503 2102 τοῦ
519 2074 636 2109 στέφους
651 2073 706 2101 τῶν
723 2072 880 2108 μαρτύρων,

170 2125 279 2161 Δαχὼν,
295 2124 427 2159 ὲπάρχειν
442 2122 482 2153 εἰς
493 2121 524 2147 τὸ
538 2120 588 2152 τὰς
599 2119 696 2155 χρείας
709 2119 817 2154 νέμειν,

171 2173 212 2208 τῇ
228 2169 421 2206 Χριστολέκτῳ
435 2167 490 2194 τῶν
505 2165 629 2201 ἀδελφῶν
645 2163 764 2199 πληθύῖ·

171 2217 249 2244 Δίδου
265 2215 364 2246 κόπους
381 2222 429 2240 σου
442 2212 481 2248 τῷ
495 2212 554 2247 Θεῷ
567 2210 741 2246 καθημέραν,

172 2260 272 2298 Τηρῶν
287 2261 403 2287 ἕκαστον
413 2259 451 2290 ὼς
464 2258 544 2294 μέλος
561 2257 607 2284 σδν
620 2256 746 2292 ὲμπόνως
757 2262 765 2271 ’

172 2308 211 2334 Οὐ
226 2307 282 2342 γὰρ
295 2305 386 2340 σχέσει
404 2304 460 2337 τὸν,
472 2303 518 2330 τὸν
532 2303 560 2329 δὲ
573 2302 647 2338 μίσει
660 2302 708 2328 καὶ
720 2300 820 2336 φθόνῳ,

173 2352 287 2379 Πάντων
299 2350 321 2377 δ’
334 2350 436 2385 ὁμοίως
446 2348 627 2385 προσϐλέπων
638 2346 670 2373 τὸ
681 2347 833 2382 συμφέρον,

182 2398 226 2430 Ὠς
245 2397 283 2432 μὴ
298 2395 434 2423 κινεῖσθαι
448 2395 494 2421 τόν
506 2402 568 2421 τινα
581 2393 650 2428 πρδς
666 2392 684 2419 ἃ
696 2391 785 2428 χρεών
795 2401 802 2408 ’

179 2443 250 2470 Ἀλλ’
263 2441 294 2475 ἐξ
309 2441 408 2469 ἑαυτοῦ
421 2441 452 2468 τὺ
464 2439 604 2476 προσῆκον
617 2438 766 2474 εἰσφέροις.

179 2489 224 2522 Ὦς
235 2488 269 2516 ἂν
281 2488 440 2523 πρεπόντως
455 2485 573 2513 ἐκτελῶν
586 2493 633 2511 σου
647 2485 693 2511 τὸν
704 2484 815 2520 δρόμον,

179 2534 377 2571 ’Δπροσκόπως
391 2542 435 2567 τε,
450 2531 620 2563 πανσθενῶς,
639 2530 812 2566 θεοφρόνως,.

175 2581 228 2608 Τδν
244 2580 340 2616 μισθὸν
353 2579 445 2615 εὕροις
459 2577 552 2614 ἧσπερ
567 2577 631 2604 εῖλω
646 2576 795 2612 φροντίδος.

308 2625 349 2652 H’.
358 2641 394 2645 —
405 2624 457 2657 Εἰς
471 2623 543 2656 τοὺς
554 2622 827 2657 ὲπιστημονάρχας.

176 2673 207 2700 Οἱ
221 2672 272 2707 τῆς
286 2671 467 2707 ἁδελφότητος
481 2669 665 2704 ἐξειληφότες,

175 2718 275 2754 Κρῑσιν
288 2727 317 2745 τε
334 2718 448 2753 κρίνειν,
463 2717 512 2744 καὶ
530 2717 634 2744 δίκαιον
648 2714 767 2749 ἐξάγειν,

175 2764 221 2799 Μὴ
234 2763 267 2799 δὴ
280 2763 341 2789 κατ’
356 2763 416 2798 ὄψιν
427 2762 551 2797 ὲξάγοιτε
567 2762 617 2793 τὰς
629 2760 727 2796 φάσεις
738 2768 745 2775 ·

175 2810 222 2844 Μὴ
237 2809 421 2844 προσπαθείᾳ,
435 2808 503 2844 μηδὲ
517 2807 628 2844 μήνιδος
641 2806 732 2841 χάριν,

176 2855 224 2890 Μὴ
237 2854 383 2891 προσφιλεῖ
397 2863 436 2886 τε.
455 2854 516 2891 μηδ’
532 2853 646 2890 ἀπεχθεϊ
656 2852 757 2889 καρδίᾳ
769 2861 776 2870 ·

916 141 1035 171 ΙΑΜΒΙ.
1404 139 1410 145 ⁸
1712 131 1779 162 1782

954 200 977 226 Α
992 194 1085 226 Curis,
1100 192 1238 228 procellis.
1251 191 1393 219 fraudibus
1416 194 1607 225 supernatans.

990 240 1057 268 Nam
1077 246 1143 267 cura
1156 237 1291 265 monacho
1307 236 1415 264 residua
1428 242 1469 264 est
1480 236 1538 262 haec
1565 234 1658 266 unica,

991 288 1101 315 Portum
1117 285 1216 320 quietis
1240 283 1351 311 tandem
1369 283 1403 310 ad
1421 283 1496 309 illum
1517 280 1667 316 appellere,

993 332 1044 360 Ubi
1059 331 1137 359 labor
1150 330 1240 358 oumis
1263 335 1290 357 et
1305 328 1440 356 molestiae
1469 327 1561 359 silem.

991 377 1123 413 Ubijugis
1138 377 1267 412 hymnus,
1282 375 1392 410 vitaque
1410 374 1452 401 his
1468 381 1565 401 carens
1584 374 1674 402 malis.

991 423 1150 459 Negotiator
1164 429 1229 456 ergo
1244 421 1306 456 quis
1326 420 1448 456 prudens
1460 419 1522 450 erit.

992 471 1045 505 Qui
1061 470 1198 499 derelictis
1212 469 1342 497 omnibus
1359 468 1438 496 tollat
1448 474 1558 495 crucem
1575 467 1587 493 ‘3

1169 515 1214 543 IV.
1230 530 1265 535 —
1288 514 1321 542 In
1336 514 1516 550 praepositum.

994 564 1131 598 Quantum
1147 563 1266 597 regentis
1282 561 1318 588 sit
1334 568 1476 592 cacumen,
1497 559 1654 594 pervidens,

995 609 1204 637 Tremebundus
1217 608 1306 639 illum,
1325 615 1376 635 ceu
1387 607 1475 640 decet,
1487 607 1600 642 gradum
1615 611 1686 642 pete.

995 655 1081 683 Vario
1089 655 1185 683 subisti
1203 654 1312 689 plenum
1324 661 1394 688 opus
1413 652 1585 686 discrimine,

996 701 1156 737 Magnisque
1177 700 1262 733 curis,
1285 700 1466 735 plurimisque
1482 699 1642 734 angoribus.

996 747 1146 782 Vigilanter
1159 747 1242 777 insta.
1265 753 1336 781 quos
1348 745 1419 780 regis
1438 745 1630 780 circumspice,

997 792 1077 820 Nulla
1103 797 1133 819 ut
1146 792 1205 819 ovis
1225 799 1341 826 usquam
1356 791 1405 818 tibi
1422 795 1516 826 pereat
1531 791 1642 826 ignavia
1662 799 1668 817 ε

999 839 1073 866 Ilans
1084 838 1175 872 operis
1189 838 1218 865 in
1248 842 1273 865 te
1283 838 1424 872 specimen
1440 842 1467 864 et
1482 836 1598 864 formam
1616 837 1689 864 boni.

963 873 984 900 Β
999 884 1144 911 Reddenda
1163 884 1233 911 ratio
1246 887 1274 911 te
1288 888 1380 911 manet
1389 883 1539 918 quippe.ut
1552 883 1622 910 scies

998 930 1124 958 Christus
1141 930 1186 957 ubi
1201 929 1286 965 judex
1309 930 1432 957 omnium
1446 929 1612 957 consederit.
1657 950 1661 953 μ

1265 974 1333 1003 V..—
1348 974 1382 1002 In
1397 974 1545 1002 subditum.

999 1022 1081 1054 Ades,
1100 1020 1184 1057 pugil.
1200 1021 1265 1048 ades
1278 1019 1389 1049 fervidis
1402 1020 1473 1048 votis
1491 1020 1609 1055 ﬂagrans
1627 1029 1633 1046 :

1000 1067 1230 1103 Obtemperantes
1246 1067 1332 1094 subde
1342 1067 1464 1094 cervices
1482 1066 1560 1101 jugo.

1000 1113 1086 1141 Totus
1100 1112 1224 1146 humilis,
1236 1117 1312 1140 totus
1326 1112 1434 1140 volendi
1456 1113 1566 1140 nescius
1581 1122 1588 1138 :

1000 1159 1034 1187 Et
1045 1160 1181 1195 cogitatus
1203 1159 1295 1187 cordis
1317 1166 1414 1186 omnes
1447 1159 1565 1193 explica.

1000 1205 1088 1239 Quam
1106 1213 1154 1240 par
1175 1205 1275 1238 labori,
1296 1213 1379 1240 quam
1392 1204 1490 1237 libens,
1508 1205 1626 1232 stadium
1637 1209 1721 1233 teras.

1001 1251 1059 1278 Non
1074 1256 1099 1278 te
1108 1251 1248 1281 columna,
1264 1258 1319 1278 non
1335 1258 1446 1278 eremus
1463 1255 1574 1282 terreat,

1001 1297 1060 1325 Non
1073 1297 1124 1324 alia
1139 1297 1202 1324 vita:
1217 1296 1317 1330 forma,
1338 1296 1465 1332 quamvis
1479 1304 1595 1332 asperat,

1002 1344 1041 1372 Tu
1051 1343 1137 1371 vincis
1153 1351 1260 1376 omnes,
1273 1343 1381 1371 Litterae
1395 1348 1425 1370 ut
1441 1351 1528 1371 sacrae
1543 1343 1652 1375 docent.

1003 1390 1080 1418 Viam
1095 1390 1215 1425 supremi
1229 1395 1380 1426 martyrum
1392 1390 1471 1418 ducis
1482 1394 1590 1418 tenens.

1134 1435 1223 1463 VL—
1238 1435 1272 1463 In
1287 1445 1347 1463 eum
1362 1437 1408 1471 qui
1420 1436 1549 1464 secundas
1562 1436 1670 1464 obtinet.

1004 1483 1124 1518 [legente
1139 1482 1221 1515 Mose,
1234 1481 1350 1510 Navides
1360 1482 1455 1510 aderat
1468 1490 1587 1515 comes,.

1006 1527 1151 1555 Proximus
1178 1527 1213 1555 ab
1237 1527 1294 1558 illo.
1315 1534 1363 1554 ceu
1380 1534 1470 1555 novus
1481 1531 1644 1562 parastates.

1008 1573 1054 1602 Sic
1065 1578 1093 1601 tu
1109 1572 1246 1601 secundas
1261 1572 1308 1607 qui
1324 1572 1410 1607 gradu
1426 1576 1519 1607 partes
1531 1573 1615 1607 geris,

1006 1619 1067 1653 Quo
1082 1626 1159 1646 more
1175 1617 1277 1646 fratres
1294 1624 1440 1654 temperes,
1457 1618 1614 1646 considera.

1007 1664 1087 1696 Prmi.
1104 1664 1239 1699 guberna,
1256 1665 1388 1699 omnique
1402 1670 1470 1691 cura
1493 1668 1617 1700 protege,

1006 1710 1139 1744 Paciﬁco,
1158 1715 1292 1742 amanter,
1310 1710 1502 1743 condoleuter,
1523 1711 1640 1738 comiter
1657 1721 1664 1738 :

1007 1755 1093 1791 Leges
1113 1763 1232 1791 superne
1246 1755 1361 1783 traditas
1372 1756 1541 1789 custodiens,

1008 1801 1091 1829 Casto
1104 1801 1264 1836 integroque
1277 1800 1407 1836 judicans
1423 1801 1550 1828 examine
1565 1810 1571 1828 :

1009 1847 1088 1875 Modo
1097 1846 1247 1882 languidis,
1262 1847 1398 1882 agrisque
1407 1847 1442 1874 ab
1457 1846 1556 1874 all‘ectu
1572 1846 1708 1880 indolens,

1010 1892 1091 1921 Modo
1105 1897 1231 1928 vegetos,
1243 1892 1406 1927 alacresque
1421 1900 1469 1928 per
1477 1900 1599 1920 amorem
1614 1893 1733 1921 incitans
1748 1903 1754 1921 :

1011 1938 1047 1966 Ut
1060 1938 1153 1974 populi
1167 1938 1283 1966 habenis
1301 1937 1413 1973 dignus.
1429 1946 1463 1966 ex
1480 1938 1539 1974 lege
1550 1939 1680 1974 imperes,

1011 1983 1153 2020 Tanquam
1164 1985 1223 2020 ipse
1238 1985 1343 2013 ducens
1360 1989 1389 2013 tu
1403 1993 1514 2020 quoque
1529 1986 1658 2020 populum
1674 1985 1731 2013 Dei.

1250 2029 1307 2057 νιι.
1318 2045 1354 2050 -
1372 2029 1407 2057 In
1421 2038 1596 2057 ωεοηοπιιιηι.

1013 2075 1155 2111 Stephani,
1170 2083 1280 2103 coronae
1293 2079 1457 2111 martyrum,
1476 2083 1578 2103 munus
1590 2083 1700 2111 gerens,

1014 2121 1096 2149 Hanc
1113 2126 1211 2150 nactus
1223 2129 1253 2149 es
1282 2129 1390 2154 curam,
1403 2125 1435 2149 ut
1449 2129 1510 2156 quae
1522 2129 1592 2157 opus
1611 2122 1794 2150 suntdividus

1012 2167 1139 2195 Fratrum
1152 2172 1279 2200 catervae,
1295 2167 1407 2202 proprio
1423 2166 1525 2195 Christi
1539 2168 1624 2204 gregi.

978 2218 999 2245 ι)
1015 2213 1069 2242 Deo
1078 2214 1186 2241 labores
1199 2213 1267 2241 oll'er
1284 2214 1313 2241 in
1329 2213 1401 2240 diem
1420 2217 1495 2246 tuos,

1012 2259 1070 2287 Tua
1085 2259 1165 2295 quasi
1176 2259 1300 2286 membra
1309 2259 1405 2286 sedqu
1415 2264 1531 2288 cunctos
1546 2259 1641 2287 fovens
1653 2269 1659 2287 :

1012 2305 1071 2333 Non
1091 2305 1156 2332 huic
1175 2305 1321 2340 benignus,
1335 2305 1421 2333 durus
1437 2306 1487 2339 illi,
1511 2311 1559 2333 aut
1581 2306 1700 2338 invidus,

1014 2352 1066 2379 Sed
1084 2351 1184 2386 cuique
1195 2351 1298 2386 pariter
1310 2351 1458 2386 providens
1482 2352 1557 2386 quod
1567 2352 1702 2388 congruit,

1013 2397 1099 2424 Nemo
1117 2402 1146 2424 ut
1159 2396 1262 2424 laboret
1277 2405 1410 2432 quasrere,
1429 2398 1530 2432 quibus
1549 2397 1651 2434 indiget

1014 2441 1066 2469 Sed
1076 2442 1134 2477 ipse
1144 2446 1241 2477 sponte
1252 2442 1444 2470 subministres
1454 2443 1556 2470 omnia.

1016 2487 1051 2515 Ut
1064 2488 1116 2515 rite
1127 2495 1225 2516 cursus
1234 2488 1322 2523 spatia
1351 2496 1414 2515 cum
1439 2488 1589 2523 peregeris,

1015 2533 1100 2566 Forti,
1112 2534 1213 2569 pioque
1226 2535 1330 2568 animo,
1352 2539 1380 2562 et
1395 2534 1529 2562 inoll‘enso
1542 2535 1620 2569 pede,

1016 2579 1116 2608 Sumas
1131 2579 1268 2612 laborum,
1284 2588 1353 2615 quos
1373 2579 1470 2611 tulisti,
1488 2580 1609 2615 prmmia.

1194 2625 1265 2652 νιιι.
1284 2641 1319 2645 —
1335 2625 1369 2652 In
1388 2626 1641 2660 epistemanarchas.

1015 2673 1142 2701 Fratrum
1160 2675 1186 2701 in
1202 2681 1302 2702 corona
1323 2674 1369 2709 qui
1394 2674 1496 2702 sedetis
1511 2675 1629 2709 judices,

1017 2718 1140 2754 Utaequa
1162 2724 1238 2747 recto
1252 2719 1381 2755 judieetis
1392 2720 1508 2753 calculo,

1015 2765 1105 2793 Nolite
1125 2773 1205 2793 voces
1222 2766 1256 2793 ad
1271 2766 1381 2793 oculum
1395 2766 1556 2801 depromere
1574 2775 1582 2794 :

1014 2811 1073 2839 Non
1101 2812 1156 2839 ullo
1176 2812 1291 2844 amoris,
1304 2819 1359 2840 non
1376 2812 1479 2841 furoris
1496 2813 1623 2849 impctu,_

1015 2857 1070 2886 Nec
1099 2863 1127 2886 ut
1145 2859 1231 2888 favori
1250 2859 1344 2894 dediti,
1360 2868 1409 2889 nec
1421 2861 1541 2896 utodio,
