1925 3088
163 144 232 178 1783

163 203 215 229 Sed
227 203 310 230 corde
324 202 394 235 miti,
412 202 580 234 condoleuti,
593 202 686 235 ﬂebili,

162 246 323 276 Deliberate,
338 246 444 278 leniter,
461 246 575 273 viriliter
590 254 597 272 :

161 291 288 318 Animum
309 295 450 322 acuentes,
466 297 543 317 more
562 290 617 323 teli,
635 290 791 324 innoxium,

162 336 273 371 Dirigite
289 341 378 363 certas
396 337 422 363 in
434 343 547 370 scopum
560 337 732 364 sententias:

162 379 225 407 Veri
248 381 409 407 incubantes
425 388 533 414 semper
550 385 580 407 ut
595 381 727 415 vestigiis,

160 426 266 453 Judicia
277 426 386 453 Christo
409 425 649 460 deferatisintegra
668 434 675 453 :

161 472 228 499 Nam
241 479 302 507 quae
314 471 402 498 facitis
418 471 541 504 arbitria,
558 479 606 498 vos
621 473 715 499 eadem
736 476 857 499 manent.

334 517 379 544 IX.
397 532 432 536 —-
446 516 478 543 1η
493 518 682 545 observatores.

162 564 226 595 Vos,
245 564 330 590 vicem
346 563 488 589 oculorutn
510 563 639 592 fratribus
656 565 704 599 qui
726 564 895 599 impenditis,

161 609 355 644 Speculamini,
367 609 516 636 observate
530 615 643 637 cunctos
660 611 770 642 acriter,

161 655 290 686 interdiu,
308 660 458 689 noctuque,
478 663 524 682 seu
538 656 660 689 meridie,

160 700 198 728 t\'e
213 700 442 735 quamlnjuvenes
456 702 561 736 uspiam
581 709 634 729 una
646 702 762 730 sintduo
777 712 785 731 :

160 748 198 773 Ne
212 747 357 779 coitiones,
373 755 441 774 neve
465 747 656 779 contubernia,

134 789 139 792 ’
160 793 341 827 Licentiteque
351 794 444 827 pestis,
456 798 482 820 et
496 794 672 820 tenebrarum
692 801 770 828 opus,

162 840 242 864 Nisus
260 839 353 869 soluti,
373 838 479 872 injuria:
500 838 663 872 petulantia,

159 882 276 917 ill-alique
289 883 420 918 quidquid
438 891 453 910 a
469 883 523 909 Deo
550 883 645 918 procul
659 883 751 919 fugat:

160 927 222 954 ilzec
234 928 390 954 nuntiantes
406 928 537 962 perpetitn
553 928 716 961 rectoribus,

160 971 272 998 bincera
302 977 403 1006 apertae
416 973 538 1000 veritatis
559 973 667 1007 regula.

160 1018 206 1045 hic
222 1025 270 1045 vos
287 1025 382 1052 reapse
403 1026 511 1053 semper
530 1019 647 1052 aspiciat
663 1020 744 1051 Deus.

159 1063 193 1090 Et
203 1063 284 1098 digna
305 1063 410 1098 pulchri
427 1064 550 1091 muneris
571 1065 616 1091 del;
631 1065 752 1099 praemia.

389 1108 424 1136 Χ.
436 1124 472 1129 —
483 1108 515 1136 In
532 1111 724 1137 canonum/ten.

159 1152 237 1188 Lyra:
251 1161 391 1180 sacrorum
403 1155 534 1188 praesides
553 1155 599 1189 qui
611 1157 777 1187 carminum,

158 1198 244 1227 Tuba:
258 1199 344 1226 instar
351 1203 411 1226 esto
429 1205 557 1226 cantuum
571 1202 767 1229 moderamine.

159 1245 197 1271 lla
217 1245 295 1280 signa
315 1245 390 1279 ligno
410 1246 537 1279 tempori.
554 1254 604 1274 ceu
623 1254 668 1274 res
680 1247 770 1282 jubet,

157 1289 193 1318 Et
203 1291 303 1325 plectra
327 1291 425 1326 linguae
437 1295 541 1326 primus
573 1293 606 1319 ad
625 1294 710 1321 melos
723 1302 814 1327 move,

161 1337 278 1363 Versum
297 1336 427 1364 decenter
445 1338 647 1365 concinendum
670 1340 825 1373 proferens,

157 1381 249 1414 Clara,
265 1382 341 1408 suavi
355 1389 430 1414 voce,
443 1387 471 1409 et
485 1383 571 1410 instar
606 1385 714 1419 organi,

159 1425 288 1454 Fratrum
301 1427 410 1454 canoris
427 1434 475 1454 ora
492 1428 663 1456 concinnatis
673 1429 770 1456 modis.

159 1472 230 1500 Tum
251 1478 350 1500 cuncta
367 1474 472 1501 cunctis
485 1479 666 1509 congruenter
682 1476 797 1510 impera.

158 1518 232 1546 Nihil
250 1519 350 1551 dolori,
365 1519 445 1546 iraave
465 1520 544 1552 dans,
559 1525 606 1547 aut
621 1521 714 1555 gratia!
729 1531 735 1548 :

159 1563 214 1592 Sed
230 1565 302 1592 sicut
319 1572 395 1599 aequa
412 1565 481 1592 ratio
498 1567 594 1599 pOscit,
623 1574 655 1593 ac
670 1567 780 1594 modus.

158 1609 217 1637 Tua
226 1611 325 1645 quippe
336 1610 428 1636 cuncti
444 1611 567 1638 membra
582 1616 647 1638 sunt
660 1620 668 1644 ;
681 1617 746 1639 sunt
756 1616 783 1639 et
792 1611 849 1638 Dei.

157 1656 231 1683 Deus
243 1663 371 1684 coronatur
386 1656 426 1683 sic
445 1657 534 1692 agenti
547 1657 681 1684 conferet.

353 1703 399 1731 XI.
421 1719 457 1723 —
483 1703 517 1730 1η
529 1704 695 1731 laxiarclten.

157 1748 244 1782 Attu,
261 1749 405 1776 ordinandi
428 1749 472 1776 cui
492 1755 613 1784 potestas
628 1750 735 1786 obtigit,

158 1794 196 1822 Ut
210 1795 362 1821 taxiarches
375 1795 485 1822 additus
506 1795 606 1830 populo
619 1795 679 1828 Dei,

157 1839 279 1872 Modum,
294 1840 474 1874 ordinemque
490 1846 614 1875 tempore
634 1841 750 1868 observa
763 1847 790 1869 et
805 1842 876 1873 loco,

159 1887 223 1912 Sive
236 1886 415 1917 redeundum,
438 1885 494 1912 sive
513 1886 633 1913 eundum
653 1887 846 1921 estquopiam,

158 1932 228 1958 Dum
241 1932 373 1965 dignitate
391 1931 511 1966 praeditis
527 1933 688 1966 occurritur,

158 1977 229 2004 Dum
247 1976 354 2004 Domini
370 1977 404 2004 ad
414 1977 499 2004 aedem
516 1979 663 2006 convenire
676 1979 819 2014 mosjubet
833 1989 840 2007 :

157 2024 276 2051 Ratione
292 2029 406 2052 cunctos
419 2024 580 2057 collocahis,
595 2033 626 2052 ac
641 2025 733 2057 modo,

158 2070 244 2097 Suum
260 2070 359 2104 cuique
374 2071 426 2098 rite
443 2078 593 2104 procurans
612 2072 740 2106 gradum,

156 2113 187 2140 ln
201 2119 288 2146 veste.
303 2122 457 2149 gressuque
476 2116 592 2150 exigens
608 2116 775 2149 decentiam,

156 2159 220 2187 Haec
235 2161 258 2188 si
282 2161 368 2195 perite
383 2160 492 2193 feceris,
506 2162 530 2188 si
547 2164 632 2193 serio,

158 2206 186 2234 Si
200 2210 353 2238 mansuete,
366 2206 389 2232 si
408 2206 461 2241 pie,
478 2206 501 2233 si
516 2207 638 2241 provide,

157 2247 290 2279 Merced‘is
304 2251 401 2286 ingens
414 2259 430 2278 a
444 2251 499 2278 Deo
518 2256 573 2278 stat
585 2253 682 2286 gratia.

370 2295 429 2323 ΧΠ.
443 2311 478 2315 -
489 2296 523 2323 In
547 2296 694 2325 cellarium.

156 2344 224 2376 Quis
236 2348 262 2370 te
281 2343 378 2377 magis,
397 2342 499 2374 fili,Dei
511 2346 554 2370 est
567 2345 734 2378 operarius?

155 2391 231 2424 Opus
250 2389 349 2416 laboris
357 2389 467 2423 plenttm
486 2389 571 2417 habes
582 2398 636 2424 prae
647 2391 755 2419 caeteris
765 2413 772 2424 ,

155 2434 348 2462 l’ralernitatis
364 2434 410 2468 qui
423 2441 511 2468 prates
525 2435 646 2462 cibariis.

156 2481 285 2507 lncumhe
300 2481 363 2507 tntis
379 2481 522 2515 diligenter
534 2481 649 2514 viribus,

155 2526 232 2559 Quod
247 2526 344 2560 cuique
354 2525 447 2558 debes,
461 2535 581 2562 congrue
592 2528 764 2562 dispertietts.

153 2572 291 2597 Assuescc
302 2570 393 2596 multis
405 2571 570 2605 postulatum
586 2573 712 2605 vocibus,

155 2616 212 2643 Hoc
228 2616 316 2648 illtttn,
333 2621 359 2643 et
374 2617 420 2643 illo
432 2618 571 2645 sustinens
587 2619 662 2646 vultu
674 2620 800 2654 alterunt,

153 2663 223 2693 Miti,
238 2669 345 2691 sereno.
363 2662 530 2696 condolenli,
551 2663 645 2692 ﬂebili.

155 2709 201 2737 Sic
215 2707 261 2735 tibi
283 2714 385 2734 corona
401 2708 500 2743 cinget,
520 2716 549 2736 ut
564 2710 714 2745 Stephano,
726 2718 817 2747 caput.

316 2753 387 2780 Xlll.
405 2768 438 2772 —
456 2753 489 2781 In
502 2756 611 2789 prandii
625 2758 787 2784 ministrant.

153 2799 279 2827 Fratrum
297 2808 406 2828 coronae
424 2801 579 2835 prandium,
593 2802 643 2836 ﬁli,
657 2811 802 2838 apparatis,

153 2846 363 2874 Ortlinelocatas
380 2847 431 2875 rite
445 2856 554 2877 mensas
570 2851 690 2879 instrue.

188 2893 219 2908 "‘
236 2891 278 2918 Al.
296 2893 394 2926 πείρας

754 149 784 177 S.
800 148 995 178 THEODORI
1012 149 1186 178 STUDlT/E

961 208 982 234 Α
1002 205 1075 230 Ἀλλ’
1092 205 1181 239 ἠπίως
1196 212 1237 236 τε,
1254 204 1413 239 συμπαθῶς,
1428 205 1618 240 οἰκτιρμόνως,

996 250 1181 281 Βουλευτικῶς
1193 258 1233 282 τε,
1250 250 1445 285 μακροθύμως,
1462 251 1588 282 εὐτόνως

996 296 1048 321 Τὸν
1061 296 1123 322 νοῦν
1135 296 1293 330 ἀκραιφνῶς
1307 296 1460 328 ὀξύναντες,
1473 296 1510 329 ὡς
1523 297 1612 332 βέλος,

997 342 1075 368 Κατὰ
1088 341 1187 367 σκοπὸν
1202 341 1324 376 βάλλοιτε
1337 342 1401 374 τοὺς
1415 342 1503 374 εὐθεῖς
1518 343 1625 377 λόγους.

998 386 1091 417 Ὅπως
1105 386 1128 413 τ’
1144 387 1243 422 ἀληθὲς
1259 388 1342 414 παντὶ
1355 387 1494 423 θηρῶντες
1511 389 1595 424 λόγῳ,

996 431 1055 467 Θεῷ
1070 432 1176 464 δικαίας
1191 433 1372 468 προσφέροις-ε
1385 433 1435 465 τὰς
1447 435 1554 470 κρίσεις
1565 444 1572 451 ·

997 474 1031 513 ᾮ
1048 478 1101 513 γὰρ
1117 480 1245 513 κρινεῖτε,
1259 480 1306 505 καὶ
1325 480 1488 514 κριθήσεσθε
1499 482 1602 516 τρόπῳ.

1168 523 1207 551 8'.
1220 539 1254 543 ——
1266 525 1318 557 ΕΙς
1331 524 1403 558 τοὺς
1421 525 1612 560 ἐπιτῳητὰς.

999 568 1080 601 Τάξει
1096 569 1219 601 τεθέντες
1233 570 1364 605 ὀμμάτων
1374 572 1431 603 τοῖς
1447 568 1601 605 συγγόνοις,

1005 614 1112 649 Ὁρᾶτε,
1127 615 1174 641 καὶ
1187 617 1298 650 τηρεῖτε
1315 617 1420 648 πάντας
1437 617 1589 650 εὐσκόπως,

1005 659 1048 684 Ἐν
1061 660 1188 695 ἡμέραις,
1205 661 1234 686 ὲν
1247 661 1333 695 νυξὶν,
1348 663 1378 688 ἐν
1395 663 1593 699 μεσημὸρίαις,

998 705 1096 740 Μήπου
1111 707 1245 741 πρόσωπα
1257 707 1311 734 τῶν
1327 708 1394 734 νέων
1408 707 1463 735 εἷεν
1475 709 1532 742 δύο,

998 751 1098 786 Μήπσυ
1113 752 1244 784 γίνωνται
1258 753 1371 788 φατρίαι
1388 755 1544 790 συσκηνίαι.

999 796 1163 831 Παρῤησιῶν
1176 796 1298 832 δλεθρος,
1314 798 1383 834 ἔργα
1397 799 1445 825 τοῦ
1460 801 1584 832 σκότους,

1000 841 1114 877 Στρηνοὶ
1128 842 1259 876 γέλωτες,
1277 842 1382 878 ὕϐρεως
1400 845 1518 879 ἀταξίαι,

963 878 984 905 Β
999 885 1052 911 Καὶ
1069 887 1123 912 πᾶν
1139 887 1257 922 πονηρὸν
1273 888 1320 915 τοῦ
1334 889 1402 915 Θεοῦ
1417 878 1516 926 πόρρω
1526 891 1608 927 φέρον
1618 900 1625 908 ·

998 931 1080 957 Ταῦτ’
1097 932 1275 965 ὲκλαλοῠντες
1290 935 1381 961 πυκνὰ
1397 937 1452 967 τοῖς
1470 938 1685 971 πρωτοστάταις,

1004 977 1219 1013 Ἀπροσπαθείᾳ,
1236 979 1285 1014 τῆς
1303 980 1430 1015 ἀληθείας
1449 982 1535 1017 λόγῳ·

999 1022 1080 1057 Τύχοι
1096 1031 1125 1048 τε
1139 1022 1215 1054 θείας
1232 1024 1356 1059 ἀτρεκῶς
1370 1026 1497 1060 ἐποψὶας,

999 1069 1054 1104 Τὴν
1071 1068 1233 1103 ἀντάμειψιν
1246 1070 1301 1097 τῶν
1313 1071 1403 1098 καλῶν
1416 1072 1572 1108 ἐσχηκότες.

1176 1117 1204 1142 1'.
1216 1131 1250 1136 —
1259 1119 1313 1150 Εἰς
1329 1118 1382 1145 τὸν
1392 1119 1594 1154 κανονάρχην.

1005 1162 1138 1196 Ἀρχηγδς
1154 1161 1239 1193 ἑστὼς
1256 1163 1304 1197 τῆς
1318 1162 1404 1199 λύρας
1419 1163 1474 1190 τῶν
1485 1164 1626 1199 ᾀσμάτων,

1001 1207 1120 1241 Σάλπιγξ
1135 1207 1234 1243 φάνηθι
1247 1209 1279 1244 τῇ
1293 1209 1443 1244 μελουργίᾳ
1458 1209 1532 1246 ξένῃ.

1000 1253 1117 1286 Σάλπιζε
1132 1254 1220 1289 καιρῷ
1234 1254 1263 1280 τὺ
1277 1253 1365 1286 ξύλον,
1382 1255 1474 1286 καθὼς
1485 1255 1552 1288 δέοι,

1000 1300 1077 1325 Κίνει
1090 1299 1118 1325 δέ
1132 1308 1178 1326 σου
1192 1299 1240 1334 τὴν
1255 1300 1379 1334 γλῶτταν
1395 1300 1433 1332 ὼς
1448 1301 1588 1337 πλῆκτρον
1601 1302 1703 1339 φέρων,

1006 1344 1062 1371 Ἀεὶ
1078 1346 1237 1380 πρεπόντως
1250 1345 1295 1371 τὸν
1311 1345 1401 1380 στίχον
1415 1348 1583 1381 συνεισάγων

1005 1390 1180 1426 ’Λσύγχοτον,
1200 1391 1348 1427 κάλληχον,
1368 1392 1486 1427 ὀργάνου
1502 1393 1590 1428 δίκην,

998 1435 1034 1461 Τὸ
1045 1436 1095 1470 τῆς
1107 1437 1288 1472 ἁδελφότητος
1304 1437 1449 1473 εὐρυθμῶν
1463 1439 1561 1473 στόμα.

998 1481 1115 1513 Τάσσοις
1131 1483 1236 1509 ἅπαντα
1253 1484 1336 1510 πᾶσιν
1352 1483 1513 1519 ἀξιοχρὲως,

961 1546 981 1572 C
997 1527 1043 1562 Μὴ
1057 1527 1125 1562 πρὸς
1138 1528 1228 1563 χάριν,
1247 1528 1284 1564 μὴ
1298 1529 1389 1563 μῆνιν,
1406 1529 1423 1564 ἢ
1441 1529 1529 1564 λύπης
1544 1529 1628 1562 δόσιν,

1005 1573 1074 1600 Ἀλλ’
1089 1574 1118 1600 ὲν
1130 1574 1226 1610 δικαίῳ
1237 1575 1276 1610 τῷ
1292 1575 1372 1610 λόγῳ,
1391 1576 1438 1602 καὶ
1453 1575 1491 1610 τῷ
1508 1577 1610 1612 τρόπῳ.

999 1620 1101 1651 Πάντες
1112 1620 1166 1655 γάρ
1177 1621 1229 1647 εἱσι
1242 1621 1289 1647 τοῦ
1304 1621 1372 1647 Θεοῦ
1390 1622 1437 1648 καὶ
1453 1622 1500 1648 σοῦ
1517 1623 1597 1658 μέλη.

999 1665 1090 1697 Οὕτως
1105 1665 1211 1701 φρονῶν
1227 1666 1292 1700 γοῦν
1307 1667 1338 1693 ὲκ
1354 1667 1422 1693 Θεοῦ
1438 1667 1509 1703 λήψῃ
1526 1668 1635 1702 στέφος.

1176 1711 1226 1738 ΙΛ’.
1237 1727 1271 1731 -
1281 1713 1333 1744 Εἰς
1347 1712 1401 1738 τὸν
1414 1713 1589 1747 ταξιάρχην.

998 1754 1051 1780 Τοῦ
1067 1754 1224 1790 ταξιαρχεῖν
1237 1755 1283 1782 τὸν
1297 1757 1375 1790 λόγον
1390 1757 1563 1792 δεδεγμένος,

1005 1799 1048 1831 Ὠς
1062 1800 1208 1835 ταξίαρχος
1223 1801 1269 1827 τοῦ
1285 1801 1340 1828 λεὼ
1354 1801 1402 1828 τοῦ
1414 1803 1531 1837 Κυρίου,

998 1845 1081 1877 Τάξιν
1096 1845 1215 1880 φύλαττε
1231 1847 1313 1873 παντὶ
1329 1847 1418 1883 καιρῷ
1434 1848 1480 1874 καὶ
1495 1848 1581 1884 τόπῳ,

1004 1890 1048 1915 Ἐν
1064 1890 1176 1922 εἰσόδοις
1189 1890 1258 1925 ὁμοῦ
1273 1900 1303 1917 τε
1315 1892 1363 1918 καὶ
1378 1892 1516 1925 διεξόδοις,

1003 1936 1047 1962 Ἐν
1063 1937 1123 1967 ταῖς
1141 1937 1274 1968 ὑπανταίς
1289 1937 1377 1972 ὄψεων
1397 1939 1450 1965 τῶν
1470 1938 1580 1974 ὲξόχων,

1003 1981 1047 2007 Ἐν
1060 1982 1116 2012 τοῖς
1130 1981 1290 2017 ἁθροισμοῖς
1304 1983 1351 2009 τοῦ
1368 1983 1433 2010 ναοῠ
1445 1983 1492 2010 τοῦ
1510 1985 1657 2011 Δεσπότου.

997 2028 1174 2064 Χοροστατῶν
1189 2029 1313 2061 ἅπαντας
1328 2030 1417 2065 εἱρμῷ
1435 2032 1483 2058 καὶ
1498 2031 1579 2066 λόγῳ,

997 2074 1095 2109 Τηρῶν
1111 2074 1227 2101 ἑκάστου
1244 2075 1294 2110 τὴν
1311 2076 1482 2111 τεταγμένην
1498 2077 1577 2111 βάσιν
1590 2087 1598 2093 ·

997 2118 1096 2154 Στολὴν
1110 2119 1244 2150 ἀπαιτῶν,
1261 2119 1308 2145 καὶ
1327 2119 1446 2155 βάδισμα
1458 2122 1488 2147 τὸ
1501 2122 1616 2156 πρέπον.

997 2163 1028 2188 Εἰ
1040 2163 1126 2189 ταῦτα
1137 2165 1217 2199 ποιῇς
1230 2164 1385 2198 ἐμφρόνως,
1398 2165 1444 2190 καὶ
1460 2166 1605 2198 συντόνως,

958 2213 983 2242 ο
997 2209 1162 2244 Θεοπρεπῶς
1177 2218 1219 2242 τε,
1235 2210 1355 2244 πραέως,
1371 2211 1553 2245 κεκριμένως,

998 2255 1088 2287 Ἕξεις
1099 2255 1189 2290 χάριν,
1205 2255 1253 2281 καὶ
1272 2255 1368 2289 μισθὸν
1386 2256 1418 2282 ἐκ
1436 2256 1505 2283 Θεοῦ
1522 2257 1619 2292 μέγαν.

1172 2299 1222 2325 IB'.
1240 2314 1268 2320 -ι
1276 2300 1326 2332 Εἰς
1340 2299 1394 2326 τὸν
1408 2302 1599 2335 κελλαρίτην,

996 2352 1044 2384 Τίς
1057 2352 1096 2384 ὡς
1110 2353 1151 2385 σὺ,
1167 2353 1271 2386 τέκνον,
1287 2354 1407 2389 ἐργάτης
1422 2354 1490 2381 Θεοῦ
1509 2356 1604 2391 πέλει;

997 2399 1090 2434 Ἔχεις
1105 2400 1158 2434 γὰρ
1172 2399 1252 2434 ἔργον
1270 2401 1373 2436 σφόδρα
1388 2402 1441 2428 τῶν
1455 2402 1543 2430 ἄλλων
1559 2405 1650 2438 πλέον,

995 2443 1059 2470 Τῶν
1070 2446 1119 2480 τῆς
1132 2445 1316 2481 ἁδελφότητος
1333 2448 1424 2482 ἅρχων
1441 2449 1604 2484 βρωμάτων.

996 2491 1075 2522 Ὅλος
1094 2491 1226 2526 πρόσελθε
1240 2492 1398 2524 πανσθενῶς
1413 2495 1445 2529 τῇ
1463 2496 1595 2530 φροντίδι,

995 2535 1089 2567 Διδοῦς
1106 2537 1213 2572 ἑκάστῳ
1226 2537 1256 2563 τὸ
1272 2536 1409 2572 προσῆκον
1425 2540 1453 2566 ὲν
1468 2541 1568 2576 κρίσει.

994 2580 1089 2616 Πιίρὰς
1100 2583 1123 2601 δ’
1141 2582 1228 2616 δέχοιο
1239 2584 1288 2615 τῆς
1303 2584 1516 2620 πολυζητησίας.

1000 2625 1120 2653 Ἐκεῖνον
1134 2626 1231 2658 οὓτως,
1247 2627 1325 2654 ἄλλον
1339 2629 1451 2662 ἀλλοίως
1467 2631 1568 2666 φέρων,

993 2673 1105 2709 Πράως,
1120 2674 1255 2709 γαληνῶς,
1275 2676 1436 2710 συμπαθῶς,
1453 2678 1645 2713 οἰκτιρμόνως.

993 2717 1088 2751 Οὕτως
1103 2719 1157 2755 γὰρ
1170 2720 1241 2752 ἕξεις
1259 2722 1307 2748 σὺν
1322 2722 1451 2758 Στεφάνῳ
1464 2722 1494 2749 τὸ
1507 2723 1613 2758 στέφος.

1154 2764 1202 2792 Il".
1213 2767 1305 2799 --Εὶς
1321 2767 1374 2793 τὸν
1388 2768 1610 2802 ἀριστητάριον.

999 2809 1029 2835 *Λ
1036 2809 1198 2844 ριστοποιῶν
1216 2811 1273 2841 τοῖς
1289 2810 1413 2846 ἀδελφοῖς
1426 2820 1483 2844 σου,
1496 2813 1586 2846 τέκος,

995 2853 1032 2883 Εὖ
1048 2865 1092 2892 μοι
1111 2856 1227 2888 στὺεαζε
1243 2857 1297 2884 τῶν
1311 2858 1456 2892 τραπεζῶν
1466 2859 1515 2890 τὰς
1529 2859 1629 2894 θέσεις,

1711 148 1782 180 ’784
