1925 3088
149 164 218 197 1785

146 218 264 254 Σταθμῷ
279 218 325 246 τὸν
342 219 435 254 ἄρτον,
448 217 478 244 ετ
491 226 518 244 τι
531 218 554 244 δ’
568 217 601 244 ἂν
617 217 722 252 βρωτὺν
738 217 807 254 τύχῃ
819 239 826 248 ,

148 267 228 297 Ἶσως
243 264 375 301 μερίζων,
391 266 447 295 τοῖς
461 264 489 290 δὲ
509 262 617 299 μείζοσι
630 263 722 292 πλέον.

146 313 250 347 Διπλῆς
260 313 344 347 τιμῆς
358 311 413 346 γὰρ
426 310 519 342 ἀξιοῦν
535 310 648 342 τούτους
663 310 751 345 λόγος.

143 358 237 386 Φείδου
252 358 274 385 δ’
289 358 391 393 ὁμοίως
404 358 453 384 καὶ
469 357 516 384 τὸν
531 357 715 393 ὑστεροτάτην
729 365 737 372 ·

145 407 236 437 Ἀπας
247 405 301 440 γάρ
314 404 372 430 ἐστι
387 404 433 430 σὸν
448 404 539 438 μέλος,
556 404 610 430 κᾶν
623 405 674 430 οὐκ
688 404 769 434 ἴσως·

142 453 199 479 Καὶ
216 451 269 486 μὴν
287 449 432 485 παρεστὼς
444 449 482 481 ὠς
498 450 622 485 τραπέζῃ
641 450 790 481 Δεσπότου,

148 496 321 527 Ἀτιοστόλοις
338 496 432 530 νόμιζε
447 495 570 522 δουλείαν
585 497 691 530 φέρειν.

142 543 274 578 Στρέφου,
293 541 401 576 θεώρει,
418 541 500 576 vr,pr
516 540 635 575 ἄλλοπερ
652 542 754 575 νέμων.

142 590 190 615 Ἲν¹
206 587 236 615 εὖ
250 588 363 623 γένηται
378 588 425 614 καὶ
438 588 518 622 χάρις
530 595 571 614 σοι
591 588 717 616 πλουσία.

336 635 386 661 ΙΔι.
397 634 492 666 -Εις
505 634 559 660 τὸν
576 628 735 668 ὀψοποιόν.

140 682 193 708 Τὸν
209 679 336 715 ὀψοποιὸν
351 680 392 711 τίς
406 688 447 712 σε,
466 679 574 711 τέκνον,
588 681 618 707 οὐ
640 681 746 715 στέφει,

139 728 227 754 Πολὺν
241 728 357 762 φέροντα
372 726 418 752 τὸν
434 726 518 752 κόπον
538 726 716 761 καθημέραν;

139 774 316 800 Δουλευτικόν
334 781 375 799 σοι
390 772 496 807 χρῆμα,
515 771 610 806 μισθὸς
626 771 648 798 δ’
664 770 711 799 οὖν
724 772 823 807 μέγας.

137 820 243 855 Χρῆσις
260 818 400 855 ρυπῶδης,
416 817 486 845 ἀλλὰ
499 817 616 852 πλυτρὶς
628 818 820 853 πταισμάτων.

137 867 232 900 Φλὲγει
248 874 277 893 σε
292 865 339 892 νῦν
355 865 423 900 πῦρ,
434 865 465 891 οὑ
480 865 510 891 τὸ
525 864 621 899 μέλλον
633 863 662 890 δὲ
679 865 768 899 κρίνει
779 872 786 879 ·

138 913 263 948 Προσὸὰς
278 911 413 947 σταθηρὸς
427 911 521 938 λοιπὸν
532 912 571 941 εἰς
585 911 635 946 τὴν
651 910 741 945 ὲψὶαν,

137 959 242 986 Ἕωθεν
258 958 339 989 εὐθὺς
352 957 424 985 κλῶν
439 957 545 989 δαλοὺς.
563 958 665 993 χύτρας
681 956 759 988 κλύε,

135 1006 255 1040 Βρώσεις
272 1003 428 1039 προσεψῶν,
440 1004 478 1035 ὡς
489 1003 568 1035 θεοῦ,
582 1004 616 1030 τὰ
632 1003 687 1030 τῶν
703 1003 822 1030 τέκνων·

137 1052 237 1086 Εὒχαῖς
251 1050 354 1082 ἁλιζοις
365 1050 453 1077 ταῦτα
468 1049 563 1084 ὥσπερ
576 1049 716 1085 ἀρτύσεις,

135 1099 184 1124 Ἰν*
196 1097 345 1132 εὐλογηθῇς
363 1096 400 1127 ὡς
417 1096 516 1122 Ἰακὼὸ
531 1095 570 1131 τῷ
585 1095 680 1128 πάλαι,

134 1145 190 1171 Καὶ
204 1145 280 1178 χαῖρε
293 1142 398 1174 τούτοις
416 1142 536 1169 ἐκτελῶν
549 1150 595 1168 σου
611 1141 657 1168 τὸν
671 1141 783 1177 δρόμον.

187 1191 238 1217 lE’.
249 1205 283 1209 —
295 1191 346 1222 Εἰς
362 1188 433 1221 τοὺς
443 1188 561 1223 ριιρεῖς,
575 1188 643 1222 ἤτοι
651 1188 858 1223 βεστιαρίους.

139 1237 232 1272 Ὑμεῖς
248 1236 372 1271 ἔπαρχοι,
387 1235 433 1262 καὶ
445 1235 583 1270 διαιτηταὶ
601 1235 673 1270 μάλα

133 1284 194 1310 Τῶν
209 1283 258 1318 τῆς
275 1282 454 1316 ἁδελφίτητος
468 1281 683 1316 ἀμφιασμάτων,

139 1329 227 1363 Ἀγὼν
243 1330 307 1364 ὑμῖν
319 1328 350 1354 οὗ
365 1327 462 1363 μικρὸς
475 1327 503 1353 ὲν
515 1327 603 1363 τούτῳ
620 1327 710 1361 πέλει,

133 1376 246 1412 Φροντὶς
261 1375 288 1401 δὲ
305 1374 402 1409 πολλὴ,
419 1374 465 1400 καὶ
484 1374 616 1409 μέριμνα,
632 1374 680 1400 καὶ
694 1375 789 1408 κόπος,

137 1423 278 1453 Ῥάπτειν,
291 1422 442 1457 νεουργεῖν,
459 1420 645 1455 ἐκκαθαίρειν,
664 1420 712 1447 καὶ
724 1421 844 1454 πλύνειν,

132 1470 236 1504 Νέμειν
251 1468 357 1501 ἑκάστῳ
370 1466 401 1493 τὸ
416 1467 607 1502 προπαρμόζον
621 1467 705 1502 λόγῳ,

135 1517 215 1546 Ἰοως
231 1514 280 1549 μὲν
295 1512 355 1544 οὒκ,
375 1513 442 1544 ἴσως
458 1513 486 1539 δὲ
503 1513 608 1548 φίλτρῳ
623 1514 668 1540 καὶ
683 1513 758 1548 πόθῳ
772 1522 779 1529 ⁸

135 1561 233 1588 Ἀλλου
248 1560 301 1595 γὰρ
316 1559 396 1591 ἄλλος
410 1558 562 1593 ἀξιώτερος
578 1560 662 1595 πόνῳ.

132 1608 264 1634 Σκοπεῖτε
277 1606 369 1633 λοιπὸν
383 1606 468 1632 ταῦτα
484 1607 572 1633 ποιεῖν
587 1607 745 1643 σωφρόνως,

133 1653 227 1684 Ὅπως
244 1651 366 1686 ἀμοιϐὦν
380 1651 559 1686 ἀντιλήψεσθε
572 1652 664 1686 χρέος,

133 1698 204 1734 Πρὸς
216 1698 263 1724 τοῦ
279 1696 346 1723 Θεοῦ
359 1697 474 1728 διδόντος
486 1697 566 1729 ἀξίας
577 1696 674 1729 δόσεις.

290 1744 391 1777 Ιςκ-
402 1745 454 1776 Εἰς
468 1743 539 1776 τοὺς
551 1743 755 1778 ἀφυπνιστάς.

132 1789 204 1825 Πρὸς
221 1790 303 1815 πᾶσιν
316 1787 407 1820 ἄλλοις
420 1788 474 1815 οὐδ’
491 1789 555 1823 ὑμῖν
569 1789 667 1823 μικρὸς
682 1789 778 1821 κόπος,

131 1835 308 1870 Διεξανιστᾷν
322 1835 384 1867 τοὺς
400 1834 532 1866 ὑπνώδεις
547 1835 706 1869 συγγόνους,

132 1881 350 1908 Συνεισελαύνειν
362 1881 426 1912 τοὺς
441 1881 575 1916 γυρευτὰς
591 1882 629 1912 εις
647 1881 741 1916 μέσον.

130 1927 228 1953 Τοίνυν
246 1926 356 1952 ἐπειδὰν
371 1925 491 1961 σαλπίσῃ
505 1935 546 1956 τις
560 1926 589 1952 τὸ
606 1925 694 1960 ξύλον,

138 1972 183 2003 Ὠς
198 1971 309 2006 ἄγγελοι
327 1971 450 2006 παρευοὺ
468 1971 680 2006 δεδραμηκότες,

130 2015 178 2046 Εἰς
193 2016 281 2041 πάντα
297 2015 482 2046 κοιτωνίσκον,
497 2016 536 2046 εἰς
550 2016 671 2051 κρυπτὸν
684 2016 776 2043 τόπον.

137 2060 274 2095 Ἐτείρετε
291 2059 360 2095 πρὸς
374 2059 460 2095 ὕμνον
475 2061 618 2096 ἀχράντων
636 2061 733 2095 λόγων,

130 2105 358 2141 Συνεισφέροντες
372 2106 412 2136 εἰς
426 2105 494 2132 νεὼν
511 2106 557 2132 τοῦ
569 2107 716 2140 Δεσπότου,

135 2151 180 2178 Ἐν
192 2151 321 2186 ἡμέραις,
338 2152 366 2177 ὲν
379 2151 465 2183 νυξὶν,
480 2153 509 2178 ὲν
527 2152 723 2187 μεσημῦρίαις,

129 2198 267 2224 Ἕκας-εον
279 2197 369 2224 αὐτῶν
384 2197 601 2233 προσκαλοῦντες
616 2198 744 2230 εὐθέτως.

129 2244 224 2273 ὀπως
242 2243 307 2278 ὑμῖν
322 2243 367 2270 τὸν
386 2243 481 2278 μισθὸν
495 2243 570 2276 ἄξιον
589 2244 659 2280 νέμῃ
669 2265 676 2276 ,

133 2290 164 2317 '0
179 2290 268 2316 πάντα
283 2289 403 2325 μετρῶν,
420 2290 469 2316 καὶ
484 2290 574 2324 νέμων
590 2292 650 2317 κατ’
664 2291 750 2323 ἀξίαν.

306 2337 356 2364 1Ζ¹.
367 2353 400 2357 ——
409 2337 461 2368 Εἰς
473 2337 527 2363 τὸν
542 2338 723 2372 νοσοκόμον.

128 2383 165 2410 Τὸ
180 2383 276 2418 χρῆμα
289 2383 371 2415 θεῖον,
387 2382 510 2410 ἀσθενῶν
528 2383 598 2419 βάρη
612 2384 718 2419 φέρειν,

128 2426 231 2456 Τούτου
248 2427 338 2464 λαχὼν
355 2428 518 2460 πύκτενσον,
538 2425 560 2455 ὦ
579 2438 624 2465 μοι
636 2430 753 2464 τεχνίον,

127 2475 256 2510 Θερμῶς,
272 2474 420 2510 προθύμως
434 2476 554 2502 ἐκτελεῖν
567 2484 614 2501 σου
627 2476 673 2502 τὸν
689 2476 800 2512 δρόμον,

127 2520 236 2546 Ἐωθεν
253 2519 334 2552 εὐθὺς
347 2521 410 2552 τοὺς
424 2521 563 2556 κλινήρεις
580 2530 627 2548 σου
646 2521 765 2556 βλέποις,

130 2565 230 2591 Ἀλλου
247 2565 301 2600 πρὸ
317 2566 417 2597 παντὸς
433 2566 620 2601 φαρμακεύων
636 2569 692 2599 τοῖς
708 2568 808 2601 λόγοις,

128 2609 185 2638 Εἶτ’
202 2609 236 2637 αὖ
251 2612 411 2646 πρεπόντως
423 2612 591 2647 προσφέροις
605 2613 686 2640 σίτων
700 2614 801 2647 δόσεις,

134 2657 179 2688 Ὡς
193 2657 248 2693 χρὴ
264 2657 286 2683 δ’
303 2658 422 2692 ἑκάστῳ,
438 2658 623 2693 συνδιακρίσει
636 2659 728 2693 λόγου.

127 2703 217 2735 Μέλας
229 2704 284 2738 γάρ
299 2704 367 2733 ἐστι.
385 2705 421 2739 μὴ
436 2705 575 2740 παρέρχου
589 2705 635 2732 τὸν
651 2707 745 2738 πέλας.

129 2749 223 2781 Οὕτως
239 2749 419 2784 ὑπηρετοῦντι
437 2750 532 2785 μισθός
545 2759 587 2777 σοι
606 2752 703 2787 μέγας,

128 2795 189 2828 Φῶς
205 2796 361 2830 ἀπρόσιτον,
377 2798 501 2832 οὐρανῶν
516 2798 658 2834 εὐκληρὶα.

298 2842 351 2868 lll'.
361 2844 455 2875 -Εἰς
473 2843 545 2877 τοὺς
560 2845 738 2878 νοσοῦντας.

129 2889 168 2917 Τὸ
178 2889 228 2925 τῆς
241 2889 319 2917 νόσου
338 2898 382 2926 μοι
396 2890 482 2927 δῶρον
495 2889 537 2924 εὖ,
554 2891 657 2925 τέκνον,
672 2892 761 2928 δέχου.

899 165 1018 196 ΙΑΜΒΙ.
1700 165 1767 199 1786

946 226 970 249 Α
984 219 1084 246 Panem
1095 227 1130 246 ex
1143 219 1259 252 amussi,
1276 223 1303 246 et
1317 219 1340 247 si
1356 219 1421 254 quid
1436 224 1478 247 est
1490 220 1585 252 cdulii,
1770 227 1774 234 ‘

982 265 1087 292 l’artire
1101 266 1135 292 ab
1148 273 1237 300 aequo.
1253 266 1314 299 plus
1332 270 1422 292 tamen
1439 266 1608 300 majoribus:

982 310 1049 338 Nam
1068 311 1169 346 duplici
1184 311 1288 338 honore
1302 311 1353 338 hos
1365 310 1433 338 allici
1447 312 1517 338 ratio
1528 312 1616 346 jubet.

983 357 1116 384 Reverere
1133 357 1235 391 pariter
1250 357 1345 384 intimo
1355 357 1438 384 situm
1450 357 1546 391 gradu,

981 402 1050 430 Nam
1066 403 1186 430 membra
1220 403 1312 430 cuncti
1333 406 1398 430 sunt
1410 408 1467 432 tua.
1482 403 1636 438 haudzeque
1650 408 1739 431 tamen
1758 413 1764 430 :

982 448 1140 483 Christique
1154 453 1284 483 tanquam
1300 457 1432 483 appareas
1446 449 1580 481 convivio,

981 495 1120 528 Apostolis
1130 500 1156 522 te
1173 499 1238 522 tunc
1253 495 1412 522 ministrare
1420 495 1538 522 mstima.

981 540 1102 574 Appone,
1126 540 1199 572 tolle,
1215 544 1290 567 verte
1306 544 1342 573 te,
1361 539 1542 574 circumspice
1555 549 1564 567 ε

984 585 1018 613 Ut
1031 587 1140 621 copiosa
1154 586 1247 613 redeat
1260 586 1293 612 ad
1308 590 1334 613 te
1347 586 1445 621 gratia.

1157 631 1229 659 XIV.
1247 647 1283 652 -—
1295 631 1330 658 In
1344 639 1467 666 coquum.

982 678 1096 713 Dignum
1112 685 1213 706 corona
1231 681 1258 705 te
1272 685 1390 713 coquum
1403 678 1466 712 quis
1475 677 1590 710 abnuat,

979 726 1065 760 Cujus
1080 725 1210 760 perennis
1224 725 1251 752 in
1269 725 1328 753 dies
1342 726 1424 753 durat
1436 726 1534 753 labor?

980 773 1083 801 Servile
1098 781 1200 801 munus
1215 779 1266 807 est,
1289 780 1318 802 at
1333 775 1430 808 ingens
1443 774 1585 809 prmmium
1605 783 1612 801 :

979 820 1121 846 lmmunda
1135 827 1190 852 res,
1208 820 1254 848 sed
1270 827 1324 855 qua
1345 820 1469 847 lavantur
1484 820 1611 847 erimina.

978 866 1054 893 Nunc
1068 866 1138 901 ignis
1164 867 1229 898 urit,
1253 874 1288 893 ne
1301 866 1411 894 futurus
1429 865 1551 893 devoret.

977 914 1033 949 Age
1052 921 1126 949 ergo,
1147 913 1224 940 laetus
1237 913 1270 940 ad
1282 913 1429 948 coquinam
1448 914 1574 945 convola,

978 959 1011 986 Et
1028 967 1107 987 mane
1123 964 1210 988 torres
1229 960 1355 989 dissecta.
1370 959 1438 986 ollas
1450 959 1520 991 elue.

977 1005 1103 1033 Fratrum
1118 1011 1300 1039 tuorum,ceu
1317 1005 1375 1038 Dei,
1403 1005 1479 1032 cibos
1498 1012 1597 1040 coque,

976 1051 1104 1079 Precibus
1114 1051 1230 1079 subinde
1248 1051 1393 1083 condiens,
1411 1055 1543 1086 tanquam
1564 1050 1639 1078 sale:

977 1095 1177 1123 Benedictionis
1192 1095 1277 1123 Jacob
1292 1101 1323 1123 ut
1337 1097 1376 1123 sis
1388 1096 1527 1130 particeps
1539 1104 1546 1122 :

977 1140 1092 1176 lstisque
1107 1141 1190 1168 vitam
1206 1141 1334 1168 claudere
1352 1141 1380 1167 in
1395 1140 1495 1168 studiis
1505 1140 1592 1174 juvet.

1117 1186 1176 1213 XV.
1187 1202 1222 1206 —
1236 1187 1271 1213 1η
1282 1191 1398 1213 sartores
1412 1194 1457 1212 seu
1473 1185 1620 1212 vestiarius.

977 1232 1031 1261 Vos
1047 1233 1201 1260 administri
1214 1237 1241 1260 et
1255 1232 1384 1268 praesides
1400 1231 1540 1266 potissimi

976 1279 1074 1307 Cultus
1088 1279 1198 1311 domus,
1212 1279 1307 1314 reique
1324 1278 1460 1305 vestiaria:
1470 1297 1477 1310 ,

976 1324 1030 1352 Nec
1044 1324 1189 1352 diﬂicultas
1200 1331 1284 1359 parra
1294 1329 1385 1351 vestro
1401 1323 1428 1350 in
1445 1329 1568 1354 munere,

977 1370 1031 1397 Sed
1045 1378 1108 1397 cura
1127 1374 1199 1397 certe
1220 1369 1347 1404 plurima,
1364 1373 1390 1396 ct
1405 1368 1536 1400 studium,
1548 1371 1575 1394 et
1591 1366 1678 1399 labor,

977 1415 1074 1448 Suere,
1088 1423 1200 1447 novare,
1212 1415 1342 1448 colluere,
1356 1415 1507 1450 detergere,

976 1460 1101 1487 Dividere
1115 1460 1226 1493 cuique,
1256 1465 1330 1487 recta
1346 1460 1419 1495 quod
1449 1460 1518 1486 ratio
1535 1462 1637 1490 monet,

975 1503 1035 1531 Non
1048 1509 1123 1531 sorte
1137 1503 1244 1536 eadem,
1263 1511 1356 1530 verum
1367 1511 1460 1531 amore
1474 1504 1546 1531 haud
1557 1502 1672 1536 dispari,

975 1547 1080 1582 Quippe
1095 1547 1163 1574 alter
1176 1547 1261 1574 altero
1273 1547 1308 1574 ob
1323 1547 1443 1574 laborem
1460 1546 1628 1582 estdignior.

976 1592 1068 1618 Videte
1084 1597 1166 1625 porro
1181 1591 1293 1625 provide
1309 1591 1352 1618 his
1366 1590 1518 1625 fungamini
1536 1599 1543 1617 :

973 1637 1106 1665 Mercedis
1122 1641 1150 1664 ut
1165 1637 1255 1664 abillo
1268 1637 1361 1665 feratis
1377 1638 1501 1673 gratiam,

973 1684 1092 1719 Equata
1108 1683 1213 1710 meritis
1235 1684 1282 1717 qui
1293 1684 1419 1717 rependit
1433 1684 1555 1718 praemia.

1194 1726 1263 1755 XVI.
1280 1742 1315 1746 -—
1328 1727 1360 1754 In
1375 1729 1544 1755 cxcitatores.

971 1784 1027 1812 Nec
1043 1792 1144 1820 parvus
1161 1785 1233 1811 inter
1248 1789 1360 1812 caeteros
1378 1785 1457 1811 vobis
1474 1784 1564 1818 labor,

973 1832 1149 1859 Exsuscitare
1165 1831 1354 1859 somnolentos
1370 1839 1530 1866 congregcs,

971 1877 1129 1913 Locumque
1140 1878 1168 1905 in
1182 1886 1267 1905 unum
1281 1883 1358 1912 parte
1373 1878 1407 1905 ab
1422 1878 1498 1904 οηιηὶ
1512 1885 1617 1912 cogere.

973 1923 1061 1951 Simul
1085 1931 1151 1959 ergo
1166 1924 1234 1959 ligni
1250 1929 1315 1951 nota
1332 1924 1475 1959 personuit
1490 1924 1565 1955 tuba,

971 1970 1034 1997 Mox
1049 1971 1209 2005 angelorum
1226 1978 1303 1998 more
1318 1978 1430 1997 cursum
1447 1971 1579 1997 intendite

971 2016 1059 2043 Cellas
1077 2023 1125 2050 per
1141 2023 1250 2048 omnes,
1266 2021 1337 2043 tecta
1353 2025 1402 2051 per
1417 2017 1528 2044 cubilia.

971 2062 1060 2090 Divini
1079 2062 1113 2089 ad
1131 2062 1248 2098 hymnos
1264 2063 1380 2090 excitate
1395 2064 1537 2095 carminis,

970 2107 1004 2134 Et
1022 2107 1129 2134 Domini
1147 2108 1178 2135 ad
1194 2109 1280 2135 adem
1297 2108 1394 2136 sedqu
1410 2110 1577 2145 compellite,

970 2152 1101 2185 interdiu,
1120 2158 1271 2188 noctuque,
1290 2162 1338 2181 seu
1359 2155 1484 2187 meridie,

971 2198 1061 2226 Unum
1080 2205 1226 2228 evocantes
1243 2208 1380 2235 quemque
1395 2209 1477 2236 quam
1496 2202 1662 2230 scitissime:

932 2242 959 2272 D
973 2244 1027 2272 Vos
1042 2246 1205 2280 congruenti
1221 2247 1332 2280 pra‘mio
1344 2250 1376 2273 ut
1391 2253 1558 2279 remunerct,

971 2289 1024 2323 Qui
1043 2294 1143 2317 cuncta
1162 2290 1245 2324 justis
1257 2290 1311 2318 rite
1325 2291 1443 2325 partitur
1457 2293 1556 2319 modis.

1111 2335 1192 2364 XVII.
1209 2352 1244 2357 -——
1259 2335 1292 2363 In
1310 2345 1441 2371 myrarum
1457 2342 1617 2365 curatorem.

971 2383 1066 2410 Divina
1081 2391 1126 2410 res
1141 2388 1184 2411 est
1199 2385 1317 2418 compati
1330 2392 1466 2420 aegrorum
1481 2384 1570 2412 malis.

971 2431 1024 2459 llas
1040 2439 1105 2466 ergo
1120 2435 1212 2466 partes
1225 2431 1376 2464 sustinens,
1393 2431 1441 2463 ﬁli,
1458 2432 1546 2464 stude,

970 2478 1100 2512 Prompte
1115 2485 1148 2504 ac
1163 2477 1292 2509 libenter,
1309 2485 1390 2512 quem
1405 2481 1490 2510 tenes,
1505 2486 1616 2506 cursum
1634 2480 1711 2514 sequi
1729 2487 1737 2505 :

970 2522 1053 2550 Lecto
1067 2522 1192 2557 jacentes
1208 2523 1269 2550 luce
1291 2523 1380 2557 prima
1399 2523 1527 2555 invisere,

970 2569 1149 2604 Primumque
1161 2569 1268 2596 blandis
1282 2568 1429 2596 confovere
1448 2569 1574 2597 affatibus
1589 2578 1597 2596 :

969 2614 1035 2642 Post
1047 2615 1105 2641 haec
1118 2618 1211 2649 parata
1227 2614 1410 2642 condecenter
1429 2614 1561 2647 inferens,

971 2660 1006 2688 Ut
1020 2661 1118 2695 cuique
1131 2660 1277 2695 quadram,
1291 2660 1430 2687 esculenta
1443 2661 1544 2688 divide.

969 2706 1042 2734 Cave
1057 2706 1196 2741 relinquas
1213 2706 1368 2740 proximum
1386 2715 1392 2733 :
1410 2714 1475 2741 pars
1493 2711 1535 2734 est
1549 2708 1598 2735 tui.

969 2752 1038 2779 Dum
1053 2752 1093 2779 sic
1104 2752 1256 2785 ministras,
1269 2759 1366 2787 magna
1380 2759 1486 2780 merces
1504 2758 1529 2780 te
1548 2757 1650 2785 manet,

970 2799 1029 2826 Lux
1045 2799 1220 2834 sempiterna,
1235 2806 1296 2826 sors
1312 2800 1390 2826 beata
1407 2799 1542 2827 coalitum.

1172 2845 1267 2873 XVIII.
1281 2861 1316 2866 ——
1333 2845 1367 2873 In
1380 2851 1550 2881 atgrotantec.

969 2891 1033 2921 Mihi
1051 2893 1113 2926 rite,
1128 2893 1175 2928 fili,
1191 2900 1293 2921 munus
1307 2893 1358 2921 hoc
1373 2893 1461 2922 morbi
1473 2901 1557 2929 cape:
