1925 3088
160 147 227 178 1787
751 145 781 174 S.
801 144 920 174 THEOI

1027 144 1087 174 STU
1093 143 1191 173 DlT/E
1718 139 1787 170 1788

157 203 285 232 Coc-lastis
301 203 353 229 ista
370 205 412 228 est
427 208 493 228 cura
507 200 698 236 providentim.

159 250 211 278 Fer
227 248 369 277 aestuantis
387 247 493 275 fortiter
516 247 653 277 ﬂammam
671 247 745 279 mali,

160 297 195 324 Et
212 296 285 323 molli
299 294 432 322 habenda:
446 301 508 321 rore
523 294 597 329 tinge
613 294 717 327 gratim.

159 341 212 369 Job
226 339 367 373 aamulare,
379 339 456 374 paria
469 347 531 366 cum
546 339 605 366 viro
619 339 743 373 loquens,

160 388 213 421 Qui
228 395 279 415 nec
296 386 432 422 loquendo
446 385 536 420 decipi
552 393 582 413 e
599 392 698 420 passus
710 391 762 412 est.

162 434 192 461 Si
205 434 274 461 forte
291 433 390 460 transit
403 432 552 468 quispiam,
567 432 639 458 haud
659 439 742 459 cerne
753 436 780 459 et
793 435 862 464 tace,

162 482 315 509 Contentus
332 481 389 513 illa,
405 488 487 515 quam
502 480 542 507 tui
558 487 653 507 curam
667 483 777 514 gerunt,

164 527 202 555 Ut
222 527 263 555 sic
276 527 304 554 in
322 534 393 561 aegro
415 534 464 553 cor
481 526 631 554 hilarescat
647 533 774 561 corpore.

405 583 477 611 XIX.
493 599 528 603 —
543 583 577 610 In
591 589 706 611 sutores.

165 630 188 658 Ο
205 635 326 665 quantus
343 629 411 658 artis
430 633 471 657 est
488 630 576 657 honos
591 629 720 656 sutorize!

165 676 217 704 Ars
233 683 330 711 nempe
345 675 422 703 Pauli
437 675 550 702 maximi
570 682 611 703 est
629 675 760 710 apostoli.

165 722 235 757 Ejus
248 722 373 750 laborum
389 721 527 757 provocati
544 722 690 754 memoria,

165 768 299 801 Perferte,
316 768 390 795 velut
404 768 547 802 operarios
558 767 660 795 Christi
675 768 765 800 decet,

166 813 241 846 Quos
260 813 317 840 haec
333 813 361 840 in
376 813 460 840 horas
475 820 544 840 cura
559 812 676 840 sudores
692 818 778 840 creat.

167 859 255 887 Sectis
271 859 401 886 decenter
419 859 546 894 pellibus,
565 863 698 894 quantum
711 863 753 886 est
768 865 848 892 opus.

166 905 267 934 Vetera
285 906 424 939 innovate,
439 906 537 933 deinde
551 913 622 933 nova
636 905 815 940 compingite,

170 952 226 980 Nec
239 952 391 988 quidquam
406 952 488 980 inerti
506 952 634 988 projicite
650 951 788 985 socordia,

167 998 246 1031 Quod
265 999 339 1026 velut
353 999 475 1033 ineptum
497 998 595 1033 projici
613 1006 668 1025 non
684 998 781 1025 debeat
795 1007 802 1024 :

169 1045 208 1073 Ne
219 1046 286 1081 quid
301 1046 424 1073 vicissim
446 1045 556 1080 parcius
566 1044 714 1072 concidite.

169 1091 238 1119 Nam
254 1097 351 1120 cuneta
367 1098 442 1119 recte
458 1092 481 1119 si
495 1091 601 1127 geritis,
624 1095 707 1126 atque
720 1091 827 1124 ordine,

170 1139 224 1166 Par
241 1139 314 1166 lucta
327 1138 406 1166 vobis
426 1142 579 1173 martyrum
593 1142 635 1165 est
651 1138 807 1165 certamini.

373 1195 435 1223 XX.
447 1211 483 1216 ——
497 1195 531 1223 In
548 1196 743 1223 dormitorium.

171 1242 306 1269 Somnum
321 1241 446 1270 levandis
460 1242 507 1277 qui
525 1242 625 1270 dedisti
641 1242 782 1275 sensibus,

171 1289 272 1324 Longa:
287 1288 342 1316 diei
358 1296 428 1323 quos
440 1288 550 1316 labores
564 1293 696 1321 atterunt,

172 1334 238 1362 Mihi
255 1342 394 1370 soporem,
415 1335 524 1363 Christe
540 1335 590 1368 mi,
608 1334 727 1363 Verbum
743 1334 801 1368 Dei,

172 1380 223 1413 Da,
240 1388 342 1416 quaeso,
364 1379 484 1413 facilem,
498 1381 532 1408 da
547 1380 623 1408 brevi
638 1388 720 1408 cursu
737 1379 834 1412 levem,

174 1426 208 1453 Et
220 1426 387 1454 turbulentis
402 1426 519 1454 liberum
535 1426 750 1462 phantasmatis,

175 1471 370 1500 Desiderandis
389 1471 544 1499 afﬂuentem
561 1472 687 1500 somniis.

176 1517 245 1545 Tum
260 1526 304 1546 me
319 1519 443 1546 vocantis
456 1518 559 1546 suscita
581 1519 615 1546 ad
630 1518 696 1553 ligni
716 1526 825 1551 sonum,

175 1563 428 1599 Exspergefactum,
445 1565 563 1592 alacrem
592 1569 620 1592 et
631 1570 725 1600 aptum
738 1564 874 1597 cantibus,

177 1610 295 1638 Stabiles
309 1610 336 1637 in
348 1610 459 1646 hymnis
472 1611 524 1638 rite
535 1610 702 1639 conﬁrmans
713 1610 807 1645 pedes,

176 1655 294 1684 Mentem
311 1664 326 1683 a
344 1656 480 1692 protervis
494 1657 649 1685 daemonum
666 1661 757 1685 tutans
771 1657 860 1690 dolis,

177 1702 328 1738 Clarosque
344 1702 445 1738 lingua!
464 1703 533 1730 dans
545 1703 650 1736 modos,
665 1703 744 1738 queis
762 1703 886 1739 gloriam,

177 1747 298 1783 Tuaaque
313 1748 409 1776 laudes
420 1748 525 1776 intonet
536 1749 664 1783 potentiae
677 1757 686 1777 :

179 1795 217 1823 Ut
235 1795 275 1823 sic
288 1799 398 1830 peracta
413 1800 494 1823 nocte
507 1803 604 1830 purus,
617 1795 720 1822 lumine

179 1841 284 1876 Legum
300 1846 408 1869 tuarum
429 1840 555 1875 perfruar
569 1841 702 1869 diluculo.

331 1897 403 1925 XXI.
415 1913 450 1918 —
467 1897 502 1924 In
517 1897 610 1925 divites
630 1907 662 1925 ac
676 1906 812 1934 pauperes.

179 1944 316 1972 Memento
332 1945 379 1978 qui
394 1944 444 1976 sis,
457 1951 474 1971 ο
486 1944 578 1977 homo,
596 1944 663 1979 quid
678 1945 845 1980 impendeat,

180 1991 268 2025 Quam
285 1991 378 2019 sedem
392 1991 539 2025 inhabites,
552 1999 608 2027 quo
623 1991 797 2027 migrandum
815 1992 943 2029 denique,

180 2038 220 2066 Ad
236 2045 335 2073 supera
349 2045 462 2073 prorsus
487 2038 568 2065 tende
588 2038 662 2066 euris
680 2039 819 2067 omnibus.

179 2083 302 2111 Plurima
318 2083 356 2111 ibi
372 2083 430 2115 lux,
447 2088 474 2111 at
496 2091 577 2119 poena
592 2091 675 2119 porro
694 2085 862 2113 indesinens.

181 2130 230 2157 Hic
244 2130 375 2165 quidquid
391 2134 443 2163 est,
463 2130 490 2158 id
508 2139 588 2163 aura.
606 2130 716 2165 ﬂuctus,
732 2132 881 2160 somnium.

181 2177 314 2212 Liquatur
328 2184 437 2208 aurum,
451 2177 512 2205 laus
526 2177 605 2212 perit,
618 2177 671 2205 alia
687 2178 813 2211 ellluunt,

180 2223 362 2258 Planctuque,
378 2223 563 2258 lacrymisque
576 2223 621 2251 hic
633 2224 788 2252 redundant
801 2225 904 2253 omnia.

181 2269 254 2296 Cave
264 2277 298 2296 ne
310 2269 391 2296 inane
405 2273 513 2304 tempus
527 2269 599 2297 elabi
615 2270 702 2303 sinas,

182 2315 261 2350 Quod
276 2323 326 2344 nec
338 2320 411 2343 retro
427 2316 528 2349 redire,
541 2324 593 2344 nec
607 2316 664 2344 falli
677 2320 776 2352 potest.

404 2371 488 2399 XXll.
498 2388 534 2393 —
543 2371 575 2399 In
590 2373 749 2400 mundanas.

183 2415 287 2443 Christi
304 2423 437 2451 sequaces
453 2417 590 2444 mansueti
603 2421 632 2444 et
644 2417 752 2452 optimi,

183 2462 241 2490 Cur
252 2461 380 2490 ell'eratos
394 2463 499 2490 mutuis
517 2463 673 2496 discordiis,

184 2509 251 2544 Ejus
263 2509 431 2537 tremendam
446 2517 501 2537 non
516 2510 600 2545 pudet
615 2510 726 2538 domum
740 2509 868 2545 ingredi?

186 2556 369 2583 Sacrosancta
381 2555 454 2583 dona
467 2557 608 2591 quomodo
621 2556 762 2584 libabitis?

186 2602 221 2628 At
233 2601 307 2629 enim
325 2606 353 2630 et
369 2601 456 2630 Judas
470 2602 555 2638 impio
570 2603 703 2630 accedens
721 2603 796 2634 dolo,

185 2647 266 2675 Foris
281 2647 415 2681 salutans,
432 2648 479 2675 sed
494 2647 587 2675 furens
603 2647 779 2680 intrinsecus,

186 2694 269 2722 Dirus
280 2693 406 2729 magistri
420 2694 548 2722 venditor
568 2694 656 2729 patuit
673 2694 727 2722 sui.

187 2739 247 2768 Huc
257 2748 323 2775 ergo
339 2748 375 2768 ne
387 2740 449 2776 quis
462 2741 566 2769 hostem
581 2741 686 2769 habens
701 2741 817 2777 gradum
833 2741 901 2769 ferat
915 2750 922 2768 :

187 2785 328 2814 Macronis
345 2787 431 2815 aciem
446 2787 551 2822 pectori
566 2787 681 2822 inﬁgens
698 2795 760 2821 suo,

188 2832 327 2860 Flammas
342 2840 476 2868 perennes
491 2832 594 2868 praemii
610 2832 708 2861 referet
724 2834 793 2861 loco.

190 2877 254 2906 Haec
267 2887 317 2907 nos
333 2879 460 2912 scientes,
478 2880 554 2908 valde
567 2887 691 2909 amemus
705 2880 834 2909 invicem.

962 204 986 231 Α
1005 200 1157 235 Ἐπιοκοπὴ
1171 199 1226 235 γάρ
1243 199 1302 225 ἐστι
1315 198 1391 233 θείας
1405 198 1558 233 φροντίδος.

999 247 1095 282 Φέροις
1111 247 1233 278 ἀνεκτῶς
1243 245 1292 280 τῆς
1307 245 1424 281 καμίνου
1440 245 1489 280 τὴν
1501 245 1601 279 φλόγα,

1007 293 1052 320 Ἐν
1066 293 1105 328 τῷ
1119 291 1258 327 δροσισμῷ
1269 292 1319 327 τῆς
1330 290 1557 326 ἀπευχαριστίας.

1007 338 1068 365 Ἰὼϐ
1079 339 1179 373 γένοιο,
1195 339 1259 370 τοὺς
1271 337 1377 365 ἐκείνου
1392 337 1451 372 φῶν
1466 337 1575 372 λόγους,

1007 387 1066 421 Ἐφ’
1082 383 1122 418 οἷς
1139 386 1273 421 ἁμαρτεῖν
1289 386 1341 412 οὐκ
1356 385 1442 421 ἀνῆκε
1457 385 1510 412 κᾶν
1523 383 1607 419 λόγῳ.

1001 432 1061 459 Κᾶν
1075 432 1098 458 δ’
1113 431 1147 459 αὖ
1164 432 1288 467 παρέλθῃ
1297 431 1339 463 τίς
1354 440 1396 464 σε,
1413 431 1450 467 μὴ
1463 430 1576 466 βλέψας,
1591 429 1665 464 σίγα,

1008 478 1054 504 Ἐν
1070 479 1153 505 πᾶσιν
1166 477 1248 504 αἰνῶν
1262 479 1295 513 τῇ
1315 478 1386 504 κατὰ
1398 477 1495 513 χρείαν
1509 476 1597 503 δόσει·

1003 524 1053 551 'lv‘
1069 521 1099 551 εὗ
1115 524 1241 560 παθὴσῃς
1255 524 1363 560 σώματι
1379 523 1449 559 πρὸς
1459 523 1585 559 καρδίαν.

1197 579 1250 608 18’.
1260 595 1294 601 —
1302 580 1354 613 Εἰς
1366 579 1436 613 τοὺς
1449 579 1583 613 σκυτεῖς.

1004 627 1186 655 Πεδιλοποιῶν
1199 626 1237 659 ὡς
1250 626 1361 662 ἄριστος
1379 626 1506 663 ἡτὲχνηῐ

1011 672 1173 700 ’Δποστόλου
1190 674 1244 708 γάρ
1258 673 1317 699 ἐστι
1334 672 1453 706 Παύλου,
1470 672 1518 699 τοῦ
1533 673 1615 700 πάνυ.

1006 720 1153 755 Ζηλοῦντες
1166 720 1249 747 αὐτοῦ
1262 721 1327 753 τοὺς
1345 721 1460 757 ἱδρῶτας
1473 721 1529 748 τῶν
1541 720 1644 753 κόπων,

1007 763 1124 797 Δέξασθε
1141 764 1251 800 θερμῶς
1264 765 1328 797 τοὺς
1345 766 1444 798 πόνους
1457 765 1629 801 καθημέραν,

1012 810 1057 842 Ὠς
1071 811 1186 845 ὲργάται
1203 812 1342 847 Χριστοῖο,
1352 812 1435 847 τῆσδε
1448 813 1600 848 φροντίδος.

1008 858 1119 894 Δέῤῥεις
1132 866 1162 885 τε
1178 857 1292 894 βύρσας,
1310 858 1348 890 ὡς
1362 859 1432 892 δέον,
1444 861 1623 896 τετμηκότες.

1011 903 1118 930 Παλαιὰ
1132 904 1368 940 καιεθουργοῦντες,
1383 905 1442 932 εἶτα
1458 907 1506 933 καὶ
1521 907 1578 939 νέα,

1009 949 1055 985 Μὴ
1070 950 1219 986 νωθρότητι
1234 951 1303 986 πρὸς
1322 952 1496 988 παράχρησιν
1510 953 1601 988 λόγου,

1015 995 1200 1030 Ῥιπτοῦντες,
1218 997 1245 1024 εἴ
1259 1006 1285 1024 τι
1299 997 1354 1025 τῶν
1372 999 1455 1034 ριφῆς
1470 999 1520 1026 οὐκ
1535 1000 1629 1032 ἀξίων,

1012 1042 1048 1069 Ἣ
1060 1042 1109 1079 τὴν
1124 1044 1210 1079 τομὴν
1226 1044 1356 1080 φέροντες
1371 1045 1504 1078 ἑλλειπῶς
1517 1045 1597 1082 ὕπερ.

1011 1088 1137 1115 "Arcana
1156 1089 1211 1124 γὰρ
1228 1089 1367 1122 ποιοῦντες
1382 1091 1543 1127 ἀξιοχρέως,

1011 1134 1073 1161 Τῶν
1087 1135 1300 1170 μαρτυρούντων
1316 1135 1461 1168 ἐξανύσετε
1478 1138 1587 1173 δρόμον.

1187 1194 1231 1221 K’.
1242 1195 1338 1228 -Εὶς
1351 1190 1386 1222 τό
1405 1197 1611 1230 κοιμητήριον.

1019 1240 1048 1267 '0
1058 1239 1120 1272 δοὺς
1130 1240 1176 1267 τὸν
1191 1240 1276 1268 ὕπνον
1288 1242 1383 1274 πᾶσιν,
1392 1242 1434 1274 εἰς
1447 1241 1546 1278 λύτρον
1559 1243 1660 1276 πόνων,

1013 1281 1118 1320 Ὦνπερ
1130 1285 1269 1321 παρέσχεν
1281 1287 1298 1321 ἡ
1311 1286 1425 1323 διαυγὴς
1440 1288 1542 1323 ἡμέρα,

1013 1332 1106 1367 Κάμοὶ
1120 1333 1275 1367 παράσχου,
1290 1333 1393 1369 Χριστέ
1410 1342 1473 1368 μου,
1486 1334 1554 1361 Θεοῦ
1570 1334 1653 1369 Λόγε,

1014 1378 1123 1412 Κοῦφον
1137 1379 1182 1406 τὸν
1199 1379 1293 1411 ὕπνον,
1307 1380 1357 1415 ἡδὺ
1374 1381 1421 1407 καὶ
1433 1382 1502 1417 ταχὺ
1521 1381 1633 1418 δρόμον,

1014 1425 1217 1460 Φαντασμάτων
1234 1425 1283 1461 μὲν
1294 1426 1349 1453 τῶν
1363 1427 1456 1454 κακῶν
1470 1427 1636 1463 ὲξωσμένον,

1022 1470 1185 1507 Ὀνειράτων
1198 1471 1227 1498 δὲ
1242 1472 1297 1499 τῶν
1311 1472 1401 1500 καλῶν
1414 1473 1616 1510 πεπλησμένον.

1017 1516 1072 1542 Καί
1088 1516 1116 1552 μ’
1132 1516 1281 1552 ὲξέγειρον,
1302 1519 1540 1554 κρουσματοῢντος
1555 1519 1602 1546 τοῦ
1620 1519 1707 1552 ξύλου,

977 1555 1001 1585 C
1022 1562 1190 1595 Ἀνέκλυτον,
1206 1563 1341 1600 σταθηρὺν
1354 1565 1480 1600 εὐθύμως
1491 1565 1574 1601 ᾄδειν,

1021 1609 1115 1636 ’ῐστῶν
1130 1610 1214 1642 πόδας
1228 1619 1280 1645 μου
1298 1612 1442 1647 καρτερῶς
1457 1613 1487 1638 ὲν
1504 1613 1618 1646 αίνέσει,

1015 1656 1147 1692 Φρουρῶν
1158 1656 1222 1688 νόας
1237 1665 1288 1692 μου
1303 1657 1439 1693 δαιμόνων
1454 1659 1634 1694 πανουργίας,

1017 1702 1148 1729 Γλῶσσαν
1158 1703 1264 1739 τρανῶν
1276 1711 1328 1738 μου
1346 1704 1416 1738 πρὸς
1428 1704 1459 1731 τὺ
1474 1704 1589 1740 μέλπειν
1602 1704 1729 1737 εὐτόνως,

1016 1749 1065 1780 Et;
1078 1748 1156 1781 δόξαν
1170 1748 1254 1776 al:va
1268 1749 1316 1776 τοῦ
1333 1750 1464 1785 μεγίστου
1478 1759 1525 1776 σου
1540 1750 1660 1786 κράτους
1669 1758 1677 1765 ·

1017 1795 1112 1828 ὀπως
1124 1796 1227 1828 τέλειος
1241 1796 1436 1833 νυκτερεύσας,
1452 1796 1593 1832 ὀρθρίσας,

1017 1841 1055 1868 Τὸ
1072 1842 1130 1877 φῶς
1145 1843 1192 1869 ἴδω
1208 1850 1254 1869 σου
1269 1843 1325 1870 τῶν
1341 1842 1458 1869 ἐντολῶν
1471 1843 1604 1879 πρωῖθεν.

1119 1898 1186 1926 ΚΑ’.
1198 1900 1292 1932 -Εὶς
1304 1899 1476 1933 πλουσίους
1493 1899 1543 1927 καὶ
1558 1900 1700 1934 πένητας.

1021 1944 1090 1972 Ἰσθι
1102 1945 1145 1977 τίς
1157 1945 1206 1979 ὢν,
1220 1945 1359 1981 ἄνθρωπε,
1370 1947 1418 1974 καὶ
1434 1946 1461 1973 τί
1477 1955 1517 1973 σοι
1532 1947 1619 1982 μένει,

1020 1991 1096 2026 Ὀπη
1113 1992 1267 2027 παροικεῖς,
1284 1992 1332 2018 καὶ
1346 1992 1520 2027 μετασταίειν
1536 1993 1622 2028 ἔχεις,

1021 2037 1102 2069 ’Ὀλος
1116 2037 1201 2071 γινοιο
1216 2037 1285 2072 πρὸς
1296 2037 1319 2064 τ’
1335 2037 1391 2064 ἀνω
1405 2040 1437 2074 τῇ
1452 2039 1583 2074 φροντίδι.

1021 2082 1127 2118 Πλῆρές
1144 2083 1171 2117 γ’
1185 2084 1245 2110 ἐκεῖ
1257 2084 1325 2118 φῶς,
1339 2084 1409 2111 ἀλλὰ
1421 2084 1470 2111 καὶ
1485 2085 1576 2120 κρίσις
1591 2084 1670 2121 ἂληξ.

1021 2129 1067 2164 Τῷ
1079 2129 1137 2165 τῇδ’
1147 2129 1162 2156 ὅ
1177 2129 1202 2157 τ’
1214 2129 1312 2163 εἴποις,
1328 2129 1411 2165 αὖρα,
1426 2130 1499 2166 ῥοῦς,
1512 2132 1561 2158 καὶ
1573 2132 1717 2166 νυκτόναρ.

1021 2175 1127 2210 Χρυσὺς
1143 2176 1261 2211 χοοῠται,
1275 2176 1329 2209 δόξ’
1345 2177 1472 2210 ἀπανθεῖ,
1489 2175 1576 2204 τᾶλλα
1594 2179 1647 2214 ῥεῖ,

987 2235 1009 2262 D
1022 2222 1187 2254 Πολύστονα,
1203 2222 1328 2259 θρηνηρὰ
1342 2223 1431 2251 πάντα
1445 2223 1569 2256 τάνθάδε,

1024 2267 1090 2302 Ἔχε
1107 2267 1266 2303 προσεκτῶς
1283 2268 1320 2304 μή
1333 2276 1364 2294 σε
1378 2268 1477 2305 κυλίσῃ
1492 2268 1597 2303 χρόνος,

1022 2310 1061 2340 Οὖ
1077 2314 1116 2349 μὴ
1127 2313 1210 2341 πάλιν
1221 2314 1362 2350 ἄγραιτον,
1380 2315 1397 2349 ἦ
1414 2314 1530 2341 παικτὸν
1543 2315 1631 2342 πέλει.

1234 2373 1300 2399 ΚΒ¹.
1310 2372 1403 2405 -Εις
1415 2373 1594 2407 κοσμικούς.

1023 2418 1142 2454 Χριστοῦ
1160 2418 1288 2454 μαθηταὶ,
1304 2418 1351 2445 τοῦ
1366 2418 1449 2446 καλοῦ
1461 2419 1510 2446 καὶ
1524 2418 1638 2454 πραέος,

1024 2466 1113 2500 Μῆνιν
1128 2465 1257 2501 φέροντες
1276 2466 1316 2498 είς
1332 2465 1447 2497 ἑαυτοὺς
1461 2466 1521 2497 ταῖς
1539 2466 1650 2501 μάχαις,

1026 2511 1087 2542 Πῶς
1102 2513 1142 2544 εἰς
1154 2511 1185 2538 τὸ
1199 2511 1282 2538 αὐτοῦ
1297 2510 1403 2546 βαίνετε
1421 2511 1536 2546 φρικτὸν
1550 2511 1650 2547 δόμον;

1025 2556 1125 2593 Δώρων
1137 2557 1284 2591 πανάγνων
1300 2557 1360 2588 πῶς
1378 2556 1504 2591 μεθέξετε
1522 2556 1626 2590 ξένως;

1027 2603 1081 2630 Καὶ
1094 2603 1147 2638 μὴν
1165 2602 1266 2634 Ἰούδας
1279 2603 1294 2629 ὸ
1311 2602 1469 2637 προσελθὼν
1482 2603 1511 2629 ὲν
1522 2602 1603 2637 δόλῳ,

1025 2648 1113 2675 Φιλῶν
1125 2648 1176 2684 μὲν
1191 2648 1254 2681 ἔξω,
1271 2648 1374 2684 μηνιῶν
1387 2648 1417 2675 δὲ
1429 2649 1486 2679 τοῖς
1500 2647 1566 2680 ἔσω,

1029 2693 1118 2729 Ὠφθη
1134 2693 1259 2730 μαθητὴς
1272 2694 1422 2729 πεπρακὼς
1437 2694 1484 2720 τὸν
1498 2693 1647 2728 Δεσπότην.

1027 2739 1130 2775 Μηδεὶς
1145 2740 1269 2775 παρείτω
1283 2740 1378 2766 λοιπὸν
1395 2739 1542 2775 ἐχθρωδῶς
1557 2739 1637 2774 ἔχων,

1027 2787 1109 2822 Ξίφος
1120 2786 1182 2813 κατ’
1196 2785 1279 2813 αὐτοῦ
1293 2785 1424 2822 πηγνύων
1437 2787 1472 2821 τῇ
1487 2785 1598 2821 καρδίᾳ,

1027 2832 1142 2859 Αἰώνιον
1155 2832 1210 2868 πῦρ
1226 2832 1372 2868 ἀντίδωρον
1386 2831 1544 2867 λαμϐάνων.

1029 2879 1140 2912 Γνόντες
1157 2879 1191 2906 τὰ
1213 2878 1285 2915 τῇδε,
1299 2877 1455 2914 προσφιλῶς
1469 2877 1577 2913 σχῶμεν
1590 2876 1677 2904 mium.
