1925 3088
91 159 156 192 1789
617 194 620 197 _
845 171 851 200 ]

959 195 965 202 .
1167 182 1170 187 '
1649 166 1716 198 1790

161 261 168 268 ι
246 263 256 268 -
267 263 291 268 ﬂ
327 219 392 246 Kl".
403 234 438 240 —
448 221 500 252 Εἰς
514 220 629 255 ὀδίτην.
890 228 917 257 Α

890 228 917 257 Α
1092 236 1103 250 ε
1131 216 1246 254 ’ΧΧΙΠ.
1260 241 1295 249 -
1308 225 1341 252 In
1357 225 1492 252 viatorem.

93 261 193 288 Ἐλθὼν
207 263 323 296 καθέζου
339 265 393 296 πᾶς
407 273 450 297 τις
466 266 572 302 ὓὸρεως
585 268 661 304 δίχα·

928 273 1026 301 Procul
1041 273 1140 308 hospes
1154 279 1264 300 omnem
1278 271 1348 306 pelle
1360 270 1573 298 contumeliam:

88 307 153 334 Θεοῦ
167 308 222 343 γάρ
237 310 310 336 ἐστιν
322 308 397 342 οἶκος
413 311 545 348 ἔνθαπερ,
562 313 634 348 φίλε.

929 318 977 346 Est
986 326 1065 346 sacra
1077 319 1156 346 sedes
1170 325 1253 353 quam
1263 317 1344 352 petis,
1362 316 1460 344 domus
1477 316 1535 343 Dei.

89 353 213 388 Κρούσας
226 354 266 388 δὲ,
283 354 359 388 λέξον
373 358 473 390 αἰτίαν,
489 360 551 386 καθ’
563 360 598 396 ἢν
610 360 704 396 πάρει,

928 363 1076 396 Pulsando,
1092 372 1213 396 causam,
1230 371 1280 391 cur
1295 363 1384 395 venis,
1401 362 1533 394 edissere,

90 399 160 434 Πρὸς
174 401 274 436 μικρὸν
288 400 353 429 αὖτε
370 404 556 440 μακροθυμῶν
570 406 620 442 τὴν
635 407 730 442 φάσιν.

929 409 1079 445 Responsa,
1092 414 1153 446 post
1167 411 1232 444 haec,
1249 409 1375 445 opperire
1386 408 1540 443 paululum.

89 445 159 496 ἓῖρω
174 447 202 473 δὲ
219 447 319 482 βαίνων
336 449 386 476 σὺν
402 450 478 486 φόϐῳ
492 461 523 479 τε
536 453 584 480 καὶ
599 453 688 490 πόθῳ,

929 456 997 483 Cum
1014 445 1100 483 limen
1114 456 1212 488 intras,
1227 456 1310 483 misto
1323 462 1418 482 amore
1429 462 1492 481 cum
1511 458 1595 488 metu,

88 491 132 526 Τῷ
145 493 267 530 Δεσπότῃ
283 503 331 521 σου
345 496 396 528 τὰς
417 500 573 534 προσευχάς
588 509 634 528 σου
653 501 736 529 δίδου.

929 501 1065 529 Solvenda
1080 501 1200 536 primum
1215 505 1278 528 vota
1293 500 1334 528 fer
1350 500 1465 527 Domino
1480 499 1602 527 omnium
1620 509 1626 527 :

88 538 181 572 Μηδὲν
197 539 225 566 δὲ
241 541 330 575 φάσκε
343 543 398 569 τῶν
419 545 543 578 ματαίων
557 547 605 573 τοῦ
621 547 693 582 βίου,

930 546 1031 575 Deinde
1045 555 1112 575 cave
1128 548 1225 575 inanes
1239 547 1330 574 saeculi
1354 554 1441 582 nugas
1460 546 1534 581 loqui
1550 555 1557 572 :

87 583 285 620 Συντυγχάνων
300 596 332 621 γε
346 589 404 620 τοῖς
423 591 541 624 φυγοῦσι
553 592 599 619 τὸν
611 593 670 628 βίον
681 601 688 609 ·

929 592 1021 625 Nefas,
1039 592 1147 627 fugaces
1161 599 1224 619 cum
1240 592 1391 627 alloquaris
1405 591 1498 619 saeculi
1513 600 1519 617 :

173 630 207 682 εἴ
219 639 246 682 τι
264 634 376 668 σεμνὸν,
394 634 422 660 εῐ
433 643 461 662 τι
474 638 591 673 τερπνὸν
613 639 642 665 ὲν
657 638 759 674 λόγοις,

931 639 983 667 Sed
996 647 1111 674 quaeque
1126 639 1252 672 honesta,
1263 646 1379 674 quaeque
1395 638 1469 665 dictu
1488 637 1593 670 suavia,

103 675 137 702 Iv‘
153 677 262 712 εὐαγῶς
280 679 398 713 ἐνθένδε,
415 682 462 708 καὶ
479 683 631 719 σωτηρίως,
651 697 654 702 -

930 683 978 716 Da,
994 683 1088 716 redde,
1100 684 1183 711 verba
1202 684 1328 718 singulis,
1349 687 1379 710 ιιι
1394 683 1540 710 convenit:

88 723 175 750 Πάλιν
191 727 349 764 στροφήσῃς
361 728 402 759 εἰς
417 728 453 755 τὰ
470 730 559 757 οικεῖα
570 731 687 766 τρέχων.

662 740 687 758 ν.
931 730 966 758 Ut
981 730 1136 758 sanctitatis
1154 737 1187 758 ac
1200 731 1296 758 salutis
1308 730 1420 764 praemio

929 777 1046 809 Auctus,
1060 781 1172 812 penates
1184 777 1283 804 melior
1300 776 1365 803 hinc
1377 779 1486 810 repetas
1503 780 1577 803 tuos.

265 825 329 853 KA'.
341 841 378 847 —
391 828 445 860 Εἰς
460 828 531 862 τοὺς
548 830 721 864 παριόντας.
810 852 814 858 .

810 852 814 858 ,
1136 822 1229 850 XXIV.
1243 822 1320 849 -—In
1334 827 1532 857 praetereuntes.

88 867 152 900 Πῶς
167 877 215 896 σου
238 873 343 908 πορεύῃ
362 872 412 908 τὴν
427 874 497 907 ὁδὸν,
511 875 583 909 φίλε,
605 875 713 902 σκόπει’

893 907 912 909 _
929 869 1055 901 Attende,
1071 869 1169 902 :unice,
1182 869 1230 903 qui
1246 873 1319 895 tuam
1333 875 1428 903 carpas
1439 868 1522 900 viam,

88 913 145 949 Τὴν
160 918 317 952 πρακτικὴν
371 907 494 953 λεκτέον,
511 907 557 948 καὶ
572 907 719 956 γνωστέον.

893 907 917 936 Β
935 917 1020 950 Viam,
1032 925 1067 945 ne
1081 917 1201 950 aberres,
1218 917 1357 944 actionum
1374 915 1504 958 intelligo,

88 961 227 996 Κρημνοὶ,
241 962 324 999 λόχοι,
344 965 469 1001 θήρατρα
487 967 575 995 πολλὰ
589 968 637 995 τοῦ
654 969 772 1002 Πλάνου,

930 963 1063 999 Abrupta,
1080 963 1182 999 laquei,
1200 963 1324 998 plurimae
1339 963 1383 990 hic
1395 962 1504 990 fraudes
1516 961 1592 989 Plani
1605 971 1611 989 :

89 1006 130 1033 Τὰ
142 1007 172 1033 δὲ
187 1007 292 1041 φθόνοι,
310 1010 440 1045 γέλωτες,
456 1012 565 1048 ὕϐρεως
578 1014 666 1050 κόροι,

930 1010 1045 1042 Invidia,
1060 1010 1143 1043 risus,
1156 1010 1301 1044 multiplex
1321 1009 1433 1044 injuria,

88 1051 218 1087 Πορνεία,
232 1054 304 1088 δόξα,
321 1057 471 1092 χρημάτων
488 1058 569 1094 ἔρως,
584 1059 671 1094 φόνοι,

931 1057 1037 1090 Libido,
1055 1057 1144 1084 laudis
1156 1062 1184 1084 et
1200 1064 1283 1092 opum
1302 1064 1389 1089 amor,
1402 1056 1501 1090 caedes,
1513 1063 1627 1086 merum,

88 1097 179 1132 Μέθη,
194 1098 292 1135 κλοπὴ,
309 1102 428 1136 μοιχεία,
443 1105 490 1130 καὶ
513 1105 567 1131 πᾶν
582 1104 646 1131 άλλο
667 1114 704 1138 τι,

931 1104 1047 1139 Rapina,
1064 1104 1241 1136 adulterium,
1253 1108 1281 1132 et
1294 1103 1366 1139 quod
1379 1107 1421 1130 est
1436 1111 1552 1138 usquam
1572 1102 1647 1130 mali.

88 1143 135 1179 Μὴ
151 1147 314 1182 προσ-παρῇς
329 1156 392 1181 που,
408 1148 446 1184 μὴ
461 1149 549 1186 πέσῃς
572 1151 676 1186 πτῶμα
694 1152 766 1187 μέγα
784 1153 807 1179 ιι.

801 1173 807 1179 .
932 1150 1049 1178 Deﬂecte
1067 1150 1161 1185 procul
1181 1151 1233 1182 his,
1247 1157 1282 1178 ne
1297 1150 1371 1186 gravi
1390 1149 1467 1184 lapsu
1486 1157 1559 1176 ruas.

89 1189 149 1216 Κᾶν
162 1192 348 1228 συμδέὁηκεν,
362 1194 499 1227 ἐξανάστα
522 1196 562 1230 τῷ
576 1197 670 1231 τάχει·

931 1196 959 1224 Si
974 1198 1070 1225 cadere
1083 1197 1207 1232 contigit,
1219 1197 1294 1232 erige
1306 1197 1442 1231 extemplo
1454 1195 1570 1231 gradum
1587 1204 1593 1223 :

95 1236 175 1263 Ἐπεὶ
189 1238 275 1273 πυρὺς
289 1239 351 1275 δίκη
365 1249 395 1267 σε
417 1242 570 1277 παμφάγου
587 1244 673 1279 μένει.

931 1243 1000 1272 Nam
1016 1248 1042 1271 te
1056 1244 1164 1272 voracis
1181 1243 1316 1278 supplicia
1333 1243 1450 1270 ﬂammae
1466 1246 1585 1269 manent.

198 1283 263 1312 κε’.
280 1299 316 1304 --
336 1285 522 1322 Ἐπίγραμμα
537 1290 581 1322 εὶς
598 1289 656 1324 τὴν
665 1290 774 1325 μονήν.

1031 1290 1116 1318 XXV.
1131 1306 1166 1311 -——
1180 1290 1353 1325 Epigramma
1367 1289 1396 1316 in
1409 1289 1611 1316 monasterium.

90 1328 244 1379 Προαύλιον
253 1331 361 1366 πέφηνα
370 1333 489 1368 ποίμνης
505 1335 610 1367 αἰσίας.

932 1338 1027 1374 Gregis
1047 1338 1180 1373 auspicati
1193 1337 1256 1372 jure
1275 1345 1318 1364 me
1333 1338 1440 1364 caulam
1453 1342 1545 1363 voces.

90 1375 145 1400 Τοῦ
161 1377 330 1411 φεροταγοῦς
345 1383 356 1397 ο
371 1378 425 1414 γάρ
441 1380 499 1414 ειμι
518 1381 760 1417 φωτοπροδρόμου,

934 1384 1000 1412 Sum
1013 1392 1132 1419 namque
1148 1383 1236 1411 lucem
1251 1382 1400 1419 praeeuntis
1412 1381 1567 1418 Prodrromi,

91 1421 161 1474 ita;
175 1420 188 1440 ἀ
200 1422 317 1456 λογικῶν
330 1424 497 1474 θρεμμάτων
520 1427 728 1463 πεπλησμένης,

721 1448 728 1460 ν
933 1430 1037 1458 Ovibus
1057 1430 1156 1458 referta
1171 1429 1272 1457 mentis
1282 1436 1334 1456 usu
1349 1427 1480 1464 praeditis,

92 1467 146 1521 Ἐν
161 1468 310 1521 pagani,
327 1467 365 1497 ὧν
381 1471 458 1503 πόλις
474 1471 560 1507 ὕψους
580 1474 673 1505 πόλος,

933 1476 1017 1509 Queis
1032 1475 1086 1502 vita
1101 1475 1208 1507 caelebs,
1225 1475 1322 1502 civitas
1337 1481 1447 1501 sursum
1461 1475 1503 1500 est
1518 1471 1607 1508 polus.

107 1513 145 1539 Ων
159 1514 213 1545 πᾶς
226 1514 341 1547 ἕκαστος
353 1517 399 1543 καὶ
413 1517 509 1549 καθεὶς
525 1517 598 1551 ἅπαξ
614 1519 702 1555 πόθῳ,

933 1521 1093 1550 Communis
1104 1528 1201 1548 omnes
1215 1521 1300 1548 nectit
1310 1527 1389 1547 amor
1401 1526 1434 1546 ac
1447 1517 1578 1552 singulas.

92 1556 146 1586 τΩν
160 1556 264 1593 οὗτινός
277 1570 303 1588 τι
319 1563 366 1589 τοῦ
385 1572 417 1598 γε
440 1564 550 1591 πάντων
564 1566 723 1600 κτημάτων.

898 1586 920 1614 c
935 1567 1101 1603 Nullumque
1112 1567 1241 1602 cuiquam
1253 1565 1394 1601 proprium
1411 1569 1454 1592 est
1468 1563 1615 1598 peculium,

93 1606 207 1642 Κλῆρος
226 1607 280 1643 γὰρ
293 1609 386 1640 αὐτοῖς
401 1610 418 1644 ή
433 1610 500 1637 Θεοῦ
522 1612 616 1646 σχέσις
632 1612 711 1648 μόνη.

899 1606 920 1614 ν
937 1614 989 1642 Sed
1009 1622 1063 1641 una
1077 1613 1184 1640 cunctis
1195 1620 1268 1644 sors,
1283 1611 1331 1639 Dei
1343 1609 1491 1645 possessio.

98 1651 146 1683 Ὦς
156 1652 290 1689 ἀσφαλὴς,
306 1654 344 1686 ὼς
359 1654 454 1687 ἐσθλὸς
477 1656 592 1691 ἧνυσται
606 1657 716 1692 δρόμος,

936 1660 1024 1693 Quam
1039 1663 1116 1686 tutus
1131 1658 1196 1690 illis,
1214 1665 1297 1693 quam
1311 1657 1380 1685 levis
1390 1663 1489 1684 cursus
1511 1654 1581 1688 ﬂuit,

93 1697 157 1724 Τῶν
171 1699 351 1731 κοινοσιακῶς
368 1701 516 1736 πανταχῶς
540 1702 690 1736 ὲζηκότων.

936 1705 987 1738 Qui
1002 1704 1167 1732 coenobiacis
1181 1704 1288 1739 legibus
1307 1703 1391 1730 vitam
1412 1705 1510 1736 regunt

282 1746 337 1779 κς
337 1749 354 1773 ⁸.
370 1762 405 1767 ——
416 1748 468 1780 Εἰς
484 1747 539 1774 τὸν
548 1748 700 1782 πυλωρόν.

1146 1749 1243 1777 XXVI.
1256 1765 1291 1770 —
1305 1747 1338 1776 In
1352 1747 1510 1783 jam‘torem.

96 1790 173 1816 Ἐσω
192 1792 339 1827 παρεστὼς
350 1791 480 1827 ἔνθαπερ,
493 1793 601 1826 τέκνον,
614 1793 689 1829 φόϐῳ
701 1801 708 1808 ·

701 1801 708 1808 ·
935 1794 996 1830 Jugi
1010 1803 1058 1830 per
1073 1795 1156 1822 horas
1169 1793 1286 1825 excuba,
1302 1792 1351 1825 fili,
1365 1796 1455 1819 metu:

94 1836 173 1872 Πύλη
190 1837 246 1872 γάρ
260 1837 320 1864 ἐστι
335 1838 411 1870 θείας
423 1839 601 1871 εἰσοδεξόδου.

936 1841 992 1868 Hac
1007 1846 1085 1867 sacer
1096 1838 1187 1866 aditus
1201 1842 1243 1865 est
1254 1837 1403 1872 exitusque
1417 1835 1510 1870 ianua.

96 1882 186 1914 Δίδου,
203 1882 292 1918 δέχοιο
307 1884 356 1916 τὰς
367 1885 464 1919 φάσεις
477 1886 507 1911 ὲν
520 1885 674 1920 συγκρίσει,

856 1882 860 1887 ”
935 1885 1019 1920 Cape,
1035 1885 1118 1912 redde
1131 1892 1224 1917 voces,
1241 1891 1295 1918 qua
1308 1883 1386 1911 decet
1408 1881 1563 1917 prudentia,

96 1928 231 1962 ’Δγγελλε
242 1929 330 1956 ταῦτα
349 1930 404 1957 τῶν
417 1931 468 1958 ὅσα
483 1932 588 1967 πρέπον
601 1932 694 1966 φάναι,

936 1931 999 1959 llmc
1010 1931 1068 1959 sola
1080 1930 1212 1962 referens,
1228 1929 1351 1957 nuntiari
1372 1936 1434 1963 quae
1445 1929 1538 1964 iuvet:

94 1973 164 2007 Σίγα
179 1973 201 1999 δ’
213 1975 308 2001 ἐκεῖνα
322 1975 378 2002 τῶν
394 1976 444 2003 ὅσα
461 1977 565 2013 βλάὸην
580 1976 671 2013 φέρει,

936 1977 1047 2005 Diversa
1059 1976 1155 2008 retice,
1165 1976 1245 2011 queis
1260 1975 1354 2003 subest
1367 1975 1530 2010 periculum,

94 2019 158 2050 Τοῖς
173 2019 259 2052 ένδον,
274 2020 337 2054 ἔξω,
353 2021 405 2049 κᾶν
423 2023 560 2057 ἀδελφοῖς,
579 2023 631 2050 κᾶν
649 2022 746 2056 ξένοις,

935 2023 1022 2056 Intus,
1042 2023 1174 2058 forisque,
1190 2022 1360 2052 domesticis,
1373 2021 1527 2055 extraneis,

93 2064 214 2098 Κλείων,
231 2065 348 2100 ἀνοίγων
363 2067 429 2102 πρὸς
443 2067 472 2094 δὲ
491 2069 596 2103 καιρὸν,
610 2066 652 2100 οἷς
668 2069 794 2104 πρέπειν.

934 2069 1080 2101 Claudens,
1096 2068 1222 2103 aperiens
1233 2067 1361 2102 tempori,
1375 2075 1426 2095 ceu
1445 2067 1581 2095 convenit.

95 2110 201 2146 Πτώχῳ
212 2120 242 2137 τε
257 2112 352 2146 χρείαν
378 2114 471 2148 νεῖμον
483 2121 491 2130 ⁸
504 2114 528 2140 ει
543 2113 571 2140 δὲ
589 2114 638 2150 μὴ,
657 2115 746 2149 λόγον.

936 2116 1092 2151 Stipemque
1100 2121 1187 2149 egeno
1200 2113 1302 2146 divide,
1316 2118 1364 2141 aut
1377 2113 1470 2141 verbis
1485 2112 1557 2141 fave.

94 2157 191 2188 Οὕτως
206 2158 262 2194 γὰρ
277 2158 348 2190 ἔξεις
362 2159 458 2194 μισθὸν
472 2161 501 2187 ὲν
520 2162 704 2196 παραστάσει.

936 2160 984 2187 Sic
995 2159 1042 2187 tibi
1055 2164 1151 2194 parata
1165 2162 1274 2186 mortuo
1288 2166 1393 2186 merces
1412 2158 1474 2186 erit.

129 2201 195 2229 ΚΖ.
210 2218 248 2223 -
257 2204 309 2237 Εἷς
325 2205 533 2250 ἀπερχόμεγον
552 2206 686 2242 ἀδελφὸν
694 2208 737 2241 εις
748 2207 845 2235 διακο-

961 2205 1042 2233 XVII.
1058 2205 1135 2232 -Ιη
1158 2204 1271 2239 fratrem
1283 2205 1329 2245 qui
1349 2204 1531 2238 proﬁciscitur
1545 2203 1580 2231 ad
1605 2204 1721 2232 ministe-

450 2247 531 2269 Har.
901 2261 922 2269 -κ

901 2261 922 2269 “
1287 2247 1368 2266 reum.

94 2283 164 2318 Πρὶν
179 2284 336 2320 ὲκπορεύσῃ
351 2285 401 2321 τὴν
410 2285 499 2322 πύλην
516 2287 628 2323 ταύτην.
640 2288 730 2320 τέκος,

901 2261 923 2290 D
936 2287 997 2318 Fili,
1016 2286 1176 2321 priusquam
1188 2284 1312 2321 proferas
1327 2285 1407 2314 tectis
1420 2284 1528 2321 pedem,

94 2328 236 2363 Σφραγίδα
252 2330 382 2365 προσθεὶς
401 2333 442 2363 εὶς
456 2331 529 2359 ἅπαν
547 2333 646 2368 μέλους
658 2335 742 2361 τόπον
752 2343 759 2350 ’

934 2333 1031 2361 Crucis
1050 2333 1119 2360 adde
1133 2332 1265 2360 membris
1278 2332 1410 2359 omnibus
1423 2332 1593 2367 signaculum
1608 2340 1614 2358 :

96 2374 153 2401 Ἰθι
165 2375 235 2409 πρὸς
247 2375 339 2411 ἇσπερ
351 2377 527 2414 ἐξεπέμφθης
535 2379 689 2414 φροντίδας,

935 2377 1005 2405 Tum
1019 2385 1100 2413 perge
1116 2381 1190 2404 recta
1206 2376 1340 2412 quidquid
1356 2381 1398 2404 est
1409 2383 1465 2411 quo
1479 2376 1605 2407 mitteris.

94 2420 181 2447 Κάτω
196 2421 331 2454 νενευκὼς
344 2423 531 2459 ἐξωθούμενος
547 2424 660 2459 βλάϐας,

936 2423 1078 2458 Ilumoque
1091 2424 1174 2451 ﬁxum
1194 2431 1298 2459 pronus
1313 2423 1440 2450 obtutum
1458 2430 1530 2457 gere,

94 2466 222 2501 Ψαλμδν,
240 2469 395 2506 προσευχὴν
412 2471 472 2497 ταῖν
487 2471 559 2498 δυοῖν
578 2470 607 2497 ἒν
626 2471 796 2507 προσλέγων,

934 2469 1067 2502 Psalmos,
1083 2477 1233 2505 precesque
1250 2473 1344 2496 mutua
1357 2469 1496 2496 alternans
1508 2468 1567 2496 vice
1579 2476 1587 2495 :

95 2513 150 2544 Τὰς
163 2513 326 2546 άστικὼδεις
341 2515 526 2551 ὲξωθούμενος
542 2516 653 2552 βλάϐας.

935 2515 1068 2542 lmmunis
1082 2519 1112 2542 ut
1123 2515 1162 2542 sis
1178 2514 1282 2542 urbicis
1295 2514 1435 2549 periculis.

93 2560 210 2594 Φεύγοις
223 2560 332 2594 γυναιξὶ
344 2563 542 2598 συστραφῆναι,
553 2563 605 2591 κᾶν
617 2564 687 2600 τύχῃ
700 2571 708 2585 τ

935 2561 1008 2596 Fuge
1019 2560 1160 2588 obviantes
1172 2560 1319 2588 convenire
1336 2559 1453 2587 feminas
1467 2568 1473 2586 :

95 2606 233 2641 Στραφεὶς
247 2606 276 2633 δὲ
290 2607 369 2643 τάχει
384 2608 434 2643 τῆς
447 2610 530 2644 μονῆς
550 2610 617 2636 atem
631 2611 706 2644 μένε,

935 2606 1000 2635 Post
1019 2607 1075 2635 haec
1090 2614 1216 2634 reversus
1230 2607 1318 2638 ocius,
1335 2606 1409 2633 domi
1426 2613 1516 2638 mane,

96 2652 141 2686 Μὴ
152 2651 248 2688 ὧσπερ
267 2653 344 2687 ἰχθὺς
354 2653 434 2686 ἄλλος
451 2660 463 2674 ε
478 2654 579 2688 ἔξωθεν
599 2656 692 2691 θάνῃς.

936 2653 974 2681 Ne
989 2660 1066 2680 more
1084 2652 1167 2687 piscis
1183 2656 1259 2680 extra
1274 2659 1372 2686 aquam
1386 2659 1448 2678 mox
1460 2651 1579 2679 occidas.

98 2695 164 2722 ΚΗ.
179 2711 215 2717 -
229 2697 282 2730 Εἰς
296 2698 528 2760 ὐποστρέφοτιι
548 2700 682 2735 ἀδελφὸν
703 2701 762 2729 ἀπὸ
785 2702 858 2730 διακ‹

465 2743 484 2760 ν
496 2742 542 2760 an.

960 2698 1056 2726 XVIII.
1081 2714 1116 2719 —-
1137 2697 1169 2725 In
1193 2698 1306 2732 fratrem
1330 2697 1375 2738 qui
1408 2697 1554 2725 revertitur
1570 2706 1585 2724 (ι
1604 2698 1716 2725 nzinislc-

1314 2740 1364 2759 rw.

465 2740 542 2768 νίας.

1314 2740 1363 2759 1'10.

99 2776 183 2802 Πάλιν
198 2777 365 2813 στροφήσοις,
377 2778 483 2812 τέκνον,
500 2779 533 2806 ἐκ
546 2780 595 2816 τῆς
611 2782 762 2817 φροντίδος,

933 2779 1021 2815 Opere
1035 2784 1145 2814 peracto
1164 2787 1226 2807 cum
1248 2779 1329 2812 redis,
1346 2778 1396 2813 illi,
1414 2779 1535 2814 domum,

722 2837 837 2865 VARI/ﬁ
858 2834 1061 2864 LECTIONES.

132 2879 146 2900 δ
159 2879 226 2909 Cod.
243 2880 310 2917 Reg.
331 2880 417 2914 ξένον.
458 2889 468 2903 ε
486 2883 554 2912 God.
567 2884 632 2920 Reg.
654 2884 817 2922 προταγοῦς.
855 2884 867 2905 τι
878 2884 945 2912 Cod.
960 2882 1028 2918 Reg.
1045 2881 1130 2915 λείας.
1181 2887 1192 2900 ⁸
1213 2881 1233 2917 ί.
1249 2881 1322 2914 ἁλός.
