1925 3088
98 146 160 178 1793

133 203 207 230 Ἐπεὶ
221 203 247 230 δὲ
262 203 362 237 σαρκὸς
372 204 555 232 ἐνδιδύσκει-αι
567 206 664 241 πάχος,

131 253 160 279 '0
170 251 268 282 παντὸς
283 250 336 283 ἔξω
354 251 400 277 καὶ
415 252 512 286 χρόνου
526 261 556 279 τε
570 257 617 280 καὶ
630 253 724 289 τόποι)⁹

132 297 237 330 Ἀπτὸς,
254 297 376 332 παθητὸς
386 298 491 331 γίνεται
504 300 538 335 τῇ
554 300 687 327 συνθέσει.

125 343 226 378 Βρέφος
242 343 354 378 κυηθεὶς
363 344 395 370 ἐκ
413 344 509 379 κόρης,
521 347 623 381 σπορᾶς
637 346 713 377 ἄνευ.

125 388 215 422 Αὔξει,
229 389 309 422 διψεῖ,
321 391 408 416 πεινεί
421 398 463 424 τε,
478 391 525 417 καὶ
539 391 650 426 σύμπαν
664 395 753 428 φέρει,

127 436 185 462 Τῶν
199 436 228 461 ὲν
244 435 317 462 θέσει
329 444 359 462 τε
374 436 421 463 καὶ
436 439 528 473 γραφῇ
545 438 734 474 δεδειγμένων.

127 481 186 512 Πῶς
199 479 245 508 οὖν
258 481 291 508 σὺ
306 481 408 515 λοιπὸν,
421 479 443 509 ὦ
457 484 612 518 παράφρον,
625 481 648 511 ὦ
659 485 737 516 τάλα.

125 527 161 553 Οὑ
175 528 255 562 σαρκὶ
269 528 375 559 σεπτῶς
389 529 506 564 Χριστὸν
521 531 751 566 ὲμπεριγράφεις,

129 575 193 600 Κατ’
208 571 278 606 εἶδος
291 575 372 601 αὐτοῦ
386 575 435 610 τὴν
452 576 516 612 ὃλην
528 577 696 611 παρουσίαν;

131 620 199 646 Ἀλλ’
211 620 228 655 ἦ
243 621 392 655 μεταγνοὺς
404 621 499 653 πιστὸς
515 622 546 648 ἐκ
559 623 663 658 πλάνης
676 623 763 657 γίνου,

124 667 157 693 Ἦ
175 667 224 702 τῆς
237 666 306 693 Θεοῦ
320 667 463 702 πόρρωθεν
480 668 564 703 αὐλῆς
579 669 706 704 ὲκφέρου.

367 713 428 741 ΛΔ¹.
438 730 473 735 —
482 715 589 743 Ἀλλο.
694 736 698 741 ,

126 758 156 785 '0
170 758 289 794 Χριστός
302 759 362 785 ἐστι
377 760 409 794 τῇ
424 761 516 796 γραφῇ
536 761 717 796 δεδειγμένης,

129 805 202 831 Ἐπεὶ
216 805 310 840 βροτὸς
326 805 459 840 πέφηνεν,
474 806 512 833 ὢν
529 806 594 839 Θεὸς
606 808 697 842 φύσει.

128 850 156 877 '0
167 850 203 885 μὴ
217 851 271 886 γὰρ
283 850 368 883 οὕτως
380 853 561 887 προσϐλέπειν
578 854 659 880 αὐτὸν
671 854 767 882 θέλων-

121 898 358 932 Φαντασματωδῶς
379 899 570 933 συ›ματοῦσθαι
586 901 740 936 προσλέγει.

210 945 273 971 AE’.
291 960 325 965 -—
338 946 389 978 Εἰς
404 945 462 980 τὴν
480 946 568 980 ἁγίαν
584 948 739 974 Θεοτόκον.

128 990 168 1015 Ἐν
186 991 271 1017 εἰκόνι
287 991 392 1025 βλέπων
404 1000 444 1024 σε,
460 994 547 1028 μῆτερ
558 993 671 1027 Κυρίου,

121 1037 194 1072 φόϐῳ
208 1038 340 1072 πρόσειμι
356 1040 519 1073 προσκυνεῖν
535 1048 576 1071 σε,
592 1040 639 1066 καὶ
655 1040 741 1076 πόθῳ.

122 1081 204 1116 Χάρις
215 1082 270 1117 γὰρ
284 1081 368 1114 ὅντως
378 1082 528 1118 τηλικαύτη
544 1091 586 1109 σοι
598 1083 685 1115 πέλει,

127 1127 167 1157 Ὠς
180 1127 213 1162 τῇ
230 1127 295 1162 σκιᾷ
312 1135 359 1153 σου
377 1127 597 1163 θαυματουργίας
610 1127 713 1163 βρύειν.

363 1173 433 1206 Aq’.
441 1187 477 1193 —
487 1173 592 1200 Ἀλλο.

127 1216 182 1244 Ἐπ’
199 1217 303 1252 ὠλένης
320 1226 370 1253 μου
385 1219 552 1254 μητρόμοιόν
567 1227 612 1254 μοι
628 1219 737 1254 βρέφος,

121 1263 169 1290 Τὸν
182 1264 362 1290 παντάνακτα
376 1265 494 1300 Χριστὸν
510 1265 658 1300 ἐγγράφως
676 1265 763 1300 φέρω,

121 1309 154 1335 Τὸ
165 1309 222 1343 φῶς
235 1310 468 1345 ἀπαστράπτοντα
478 1312 528 1346 τῆς
540 1311 704 1346 ἀφθαρσίας,

122 1354 171 1380 Καὶ
183 1355 287 1390 κόσμον
301 1354 443 1390 ὲξαίροντα
457 1355 592 1390 δαιμόνων
603 1355 718 1390 πλάνης.

362 1402 423 1428 AZ’.
434 1417 470 1422 —
481 1403 587 1428 Ἄλλο.

120 1446 152 1472 Σὺ
166 1445 210 1472 τὸν
221 1446 289 1472 Θεὸν
304 1447 431 1479 τεκοῦσα,
445 1447 573 1482 προῦχεις
586 1447 720 1482 ἀγγέλων.

123 1493 166 1519 ’ον
181 1493 210 1518 οὐ
224 1492 354 1519 δύνανται
384 1493 432 1520 καὶ
446 1493 500 1528 γὰρ
511 1493 588 1519 αὐτοὶ
605 1492 799 1528 προσϐλέπειν,

125 1539 166 1570 Ὠς
180 1538 244 1566 Υἱὸν
261 1539 329 1574 αὺτὴ
343 1539 438 1574 χερσὶν
454 1539 601 1574 ἀκράντοις
616 1540 720 1575 φέρεις.

360 1586 426 1612 AII’.
441 1601 476 1607 —
492 1586 598 1613 "A130.

121 1630 325 1666 Μητροπρεπῶς
333 1630 379 1657 τὸν
393 1630 457 1658 Υἱὸν
472 1630 628 1666 ἕγγραπτον
643 1631 728 1667 φέρω,

125 1677 164 1708 Ὠς
182 1677 214 1704 ἂν
231 1677 330 1712 φανείη
345 1677 455 1712 γνήσιον
470 1677 574 1712 μητρὸς
585 1677 674 1709 τέκος

124 1723 151 1749 ’0
165 1723 338 1759 πατρομοὶως
353 1724 401 1758 τῆς
416 1724 525 1759 γραφῆς
538 1724 706 1759 ἐπηρμένος,

125 1769 251 1804 Ἐπείπερ
266 1769 324 1795 ἐστὶ
337 1769 424 1800 διττὸς
439 1769 524 1804 ἀπρὶξ
534 1770 583 1804 τὴν
599 1769 689 1803 φύσιν.

181 1815 244 1841 Λθ¹.
258 1829 292 1834 -
308 1815 359 1846 Εὶς
373 1814 431 1848 τὴν
440 1815 544 1841 εἰκόνα
556 1815 610 1841 τοῦ
621 1816 763 1849 Χριστοῦ.

124 1859 331 1895 Ἐξεικόνισμαι,
348 1860 400 1887 κᾶν
416 1860 481 1892 Θεὸς
496 1860 571 1887 πέλω
582 1861 673 1895 φύσει,

125 1905 248 1941 Ἐπείπερ
263 1906 320 1941 εἰμί
336 1907 382 1933 καὶ
396 1905 492 1942 βροτὸς
509 1907 569 1933 κατ’
580 1907 684 1934 οὐσίαν-

121 1950 170 1976 Kal.
180 1952 211 1986 τῇ
225 1951 291 1986 σκιᾷ
304 1959 354 1986 μου
365 1951 520 1987 προσκυνοῦ
525 1961 575 1987 μαι
591 1951 671 1978 παντί
681 1961 744 1982 που,

119 1995 204 2031 Μήπω
219 1997 354 2032 μερισμὸν
365 1997 413 2024 τοῦ
428 1998 523 2030 κλέους
539 1998 766 2033 προσλαμὸάνων.

190 2054 236 2082 Μ’.
250 2068 285 2074 ——
297 2055 348 2087 Εἰς
362 2055 416 2081 τὸν
431 2055 508 2082 ’ναὸν
520 2055 575 2090 τῆς
588 2056 748 2082 Θεοτόκου.

119 2099 169 2134 Τῆς
184 2100 322 2136 Παρθένου
338 2101 383 2127 τὸν
394 2098 468 2127 οἷκον
478 2101 492 2126 ὁ
509 2101 626 2136 βλέπων,
644 2101 708 2128 νόει.

119 2145 186 2177 Ναὸς
201 2147 256 2181 γὰρ
268 2146 337 2179 αὕτη
348 2146 394 2173 τοῦ
408 2146 475 2173 Θεοῦ
491 2147 672 2181 δεδειγμένοις,

119 2191 202 2223 Ναοὺς
220 2193 321 2228 ἑαυτῆς
334 2193 473 2228 πανταχοῦ
488 2193 569 2228 γαίης
585 2193 652 2228 ἔχει.

347 2249 416 2276 MA’.
434 2265 470 2270 -—
488 2251 594 2277 Ἀλλο.

119 2304 166 2331 Τὸν
180 2305 352 2341 Κοσμοποιὺν
364 2305 491 2341 σωματού
497 2315 577 2342 μενον
592 2306 708 2341 βλέπων,

119 2351 166 2379 Σὺν
177 2354 210 2388 τῇ
227 2353 346 2389 τεκούσῃ
358 2353 391 2388 τῇ
405 2354 497 2389 γραφῇ
516 2353 570 2379 τῶν
582 2354 705 2387 εἰκόνων,

121 2397 326 2433 Καταπλάγηθι,
339 2397 398 2430 πῶς
414 2398 479 2429 Θεὸς
491 2398 590 2433 βρέφος
603 2398 690 2432 πέλει,

120 2442 239 2471 "Amm-:31
249 2452 278 2470 τε
291 2444 343 2479 δρᾷ
359 2444 427 2479 πρὸς
443 2445 546 2479 βροτῶν
562 2446 708 2481 σωτηρίαν·

121 2489 164 2515 'Iv'
177 2491 215 2522 εἰς
226 2491 323 2517 ἑαυτὸν
334 2490 383 2526 τὴν
401 2490 504 2526 φθορὰ-ν
520 2492 697 2526 κατακρίνας,

119 2533 152 2559 Τὸ
166 2534 277 2570 πλάσμα
291 2534 364 2571 σώσῃ
379 2534 506 2571 θεότητος
520 2535 558 2571 τῷ
569 2537 676 2572 κράτει.

120 2578 153 2605 To
166 2579 196 2614 δὴ
212 2580 347 2616 φρονοῦσα
363 2582 396 2616 τῇ
408 2581 532 2616 Θεοτόκῳ
548 2581 635 2617 φέρει,

120 2624 185 2660 Πρὸς
199 2626 296 2662 λύτρον
310 2626 395 2662 αὐτῆς
407 2627 432 2653 τ’
445 2627 552 2663 ἀνδρὸς,
569 2628 704 2663 ἄχραντον
713 2629 792 2664 δόμα.

149 2683 213 2712 MB’.
230 2700 265 2705 -—
274 2686 325 2718 Εἰς
337 2685 371 2712 τὸ
383 2685 532 2720 κιϐούριον
544 2686 597 2713 τοῦ
610 2686 792 2722 Προδρόμυυ.

120 2727 194 2762 Θείας
206 2732 348 2767 τραπέζης
360 2732 574 2768 σιλγκαλύπτραν
588 2741 622 2768 με
637 2733 753 2768 βλέπων,

120 2774 282 2814 Χερουϐικὴν
296 2778 390 2814 νόμιζε
407 2779 578 2814 ταξιαρχίανσ

120 2821 230 2856 Χριστὸν
243 2825 297 2861 γὰρ
309 2825 382 2852 ἔνδον
398 2826 635 2861 μυσταγωγεῖσθαι
648 2827 713 2859 νόει,

123 2867 168 2896 Τὸν
181 2870 233 2897 τῶν
243 2872 298 2899 ἄνω
314 2881 342 2899 τε
358 2874 507 2908 Δία-πότην,
524 2874 570 2901 καὶ
584 2874 639 2901 τῶν
649 2875 733 2902 κάτω.

839 155 961 188 ῙΛΜΒΙ.
1647 163 1715 196 1794

888 219 914 249 Α
927 213 961 241 At
976 214 1047 242 mole
1059 219 1206 250 postquam
1223 217 1346 250 corporis
1359 224 1420 245 sese
1450 218 1547 252 induit,

928 259 1014 293 Quem
1030 268 1080 288 nec
1088 261 1139 289 loci
1155 269 1205 289 nec
1224 262 1310 296 spatia
1331 263 1462 291 claudunt
1476 266 1618 300 temporis,

927 304 996 332 Exin
1016 305 1103 333 dolori
1121 306 1210 334 factus
1228 313 1270 334 est
1291 307 1438 337 obnoxius.

927 350 1090 379 Intaminata
1103 357 1184 379 natus
1200 352 1290 380 infans
1310 352 1431 387 Virgine,

926 397 1066 431 Augescit,
1079 399 1174 428 esurit.
1195 398 1263 429 silit,
1277 398 1330 426 fert
1346 399 1449 433 omnia,

926 442 992 475 Quae
1007 448 1177 470 consuerunt
1193 445 1323 472 omnibus
1338 445 1403 480 ﬁngi
1420 445 1501 481 typis.

925 488 995 521 Quid
1011 497 1076 524 ergo
1090 497 1180 517 causa!
1195 496 1247 522 est.
1261 499 1276 518 ο
1292 492 1384 524 miser,
1400 501 1450 520 cur
1467 494 1573 522 abnuas

925 534 1062 562 Christum
1080 537 1195 564 verenda
1212 538 1405 572 comprehendi
1424 539 1554 575 imagine,

926 579 1076 616 Totamque
1092 582 1153 608 vita:
1170 583 1267 610 seriem
1286 588 1313 610 et
1333 584 1474 612 historiam
1497 593 1582 613 sacra-
1597 587 1609 613 ?

923 626 958 653 At
973 631 1001 653 tu
1015 632 1062 654 aut
1074 629 1217 662 profanum
1240 631 1338 657 utentis
1358 639 1478 658 errorem
1494 633 1591 667 abjiee.

923 672 978 699 Aut
996 676 1022 700 te
1037 674 1151 701 sacratis
1173 675 1283 709 proripe
1299 682 1314 702 a
1328 677 1426 704 castris
1440 677 1498 704 Dei.

1174 720 1295 748 XXXIV.
1312 737 1347 742 -—-
1354 723 1446 750 Aliud.

924 763 974 790 Hie
988 764 1116 793 Christus
1132 770 1184 796 est.
1203 766 1309 801 pictura
1320 775 1400 802 quem
1414 768 1576 796 denuntiat:

923 809 1045 837 Mortalis
1058 818 1091 837 ex
1106 819 1161 846 quo
1177 811 1265 840 factus
1277 818 1319 840 est
1329 814 1376 848 qui
1399 821 1458 841 erat
1470 814 1553 842 Deus.

924 855 1001 882 Illum
1022 855 1113 883 videre
1128 857 1174 891 qui
1190 863 1298 885 recusat
1315 859 1367 886 hoc
1387 861 1480 894 modo,

891 897 911 925 Β
926 899 1132 935 lncurporatum
1156 903 1286 937 praedicat
1301 905 1482 939 phantastiee.

1055 947 1165 976 XXXV.
1179 964 1213 970 —
1228 949 1263 976 In
1277 956 1397 978 sanctam
1414 953 1569 988 Deiparam.

923 989 1026 1018 Pictam
1043 992 1069 1019 in
1085 993 1181 1021 tabella
1198 999 1234 1028 te,
1249 995 1296 1023 Dei
1310 1001 1406 1029 mater,
1425 998 1534 1032 videns,

923 1036 1010 1064 Venio
1023 1042 1052 1065 ut
1066 1039 1177 1067 adorem
1203 1048 1298 1069 amore
1316 1043 1414 1077 plenus
1426 1052 1459 1072 ac
1475 1050 1560 1073 metu.

922 1083 990 1111 Nam
1007 1089 1099 1113 tantus
1115 1087 1141 1113 in
1157 1091 1182 1114 te
1196 1089 1291 1122 gratiae
1302 1093 1422 1117 exundat
1437 1090 1520 1124 latex,

923 1129 959 1157 Ut
973 1131 1031 1166 ipsa
1046 1132 1081 1159 ab
1096 1132 1192 1162 umbra
1203 1134 1340 1168 proﬂuant
1351 1136 1494 1164 miracula.

1165 1178 1285 1208 XXXVI.
1301 1196 1336 1200 —
1350 1182 1443 1209 Aliud.

922 1221 1097 1251 Consimilem
1118 1225 1145 1252 in
1158 1226 1229 1254 ulnis
1242 1232 1328 1254 mater
1343 1228 1474 1256 infantem
1486 1230 1563 1260 mihi.

921 1268 1060 1297 Christum
1074 1271 1193 1299 universi
1213 1273 1376 1308 principem,
1399 1275 1502 1310 pictum
1523 1283 1599 1310 gero,

922 1312 1093 1343 Eternitatis
1107 1317 1269 1345 emicantem
1282 1319 1395 1352 lumine,

922 1358 1075 1396 TerraSque
1087 1362 1184 1390 lraude
1203 1363 1363 1392 liberantem
1381 1366 1548 1396 daemonum.

1170 1409 1302 1438 XXXVII.
1318 1427 1353 1431 —
1365 1412 1457 1440 Aliud.

921 1455 998 1489 Quod
1017 1460 1104 1483 mater
1122 1464 1152 1484 es
1166 1457 1226 1489 Dei,
1241 1458 1353 1492 angelos
1367 1460 1564 1493 Superemines.

921 1501 988 1529 Nam
1005 1502 1128 1529 contueri
1143 1510 1225 1537 quem
1242 1510 1371 1531 verentur
1381 1507 1481 1540 angeli,

881 1567 904 1598 Ο
921 1548 1000 1576 Hune
1012 1549 1069 1583 ipsa
1086 1549 1162 1584 puris
1178 1549 1275 1576 Filium
1293 1551 1418 1579 manihus
1430 1553 1513 1587 geris.

1148 1594 1293 1623 XXXVIII.
1306 1611 1342 1617 —
1353 1597 1446 1623 Aliud.

918 1639 1001 1667 Gesto
1017 1639 1045 1666 in
1062 1639 1159 1667 tabella
1172 1640 1283 1673 Filium,
1298 1646 1326 1668 ut
1342 1648 1457 1670 matrem
1475 1644 1564 1677 decet,

920 1684 954 1712 Ut
965 1690 1038 1712 certa
1058 1686 1166 1713 soboles
1181 1687 1276 1713 matris
1292 1687 1353 1715 hinc
1381 1688 1488 1716 eluceat
1503 1699 1509 1716 :

917 1731 981 1764 Qui,
996 1739 1049 1766 qua
1065 1732 1134 1766 patri
1151 1732 1305 1760 consimilis
1319 1739 1372 1764 est.
1387 1735 1461 1770 pingi
1475 1737 1580 1771 nequit.

916 1778 1018 1805 Natura
1036 1778 1134 1813 duplex
1153 1779 1254 1814 quippe
1267 1780 1294 1806 in
1311 1780 1357 1806 illo
1369 1781 1502 1808 cernitur.

1066 1824 1187 1853 XXXIX.
1198 1840 1233 1845 ——-
1247 1825 1281 1852 In
1306 1827 1420 1861 imagine
1441 1827 1551 1855 Christi.

916 1870 1037 1903 Artiﬁec,
1053 1871 1178 1906 quamvis
1192 1879 1251 1899 sum
1270 1872 1351 1904 Deus,
1369 1874 1465 1908 pingor
1487 1883 1581 1906 manu,

917 1916 1041 1943 Humana
1059 1917 1188 1951 quoniam
1203 1918 1270 1944 mihi
1283 1925 1392 1952 quoque
1403 1925 1445 1946 est
1468 1920 1643 1948 substantia:

916 1961 1074 1997 Umbraque
1088 1963 1188 1997 uhique
1204 1963 1244 1990 sic
1262 1964 1363 1991 adoror
1384 1965 1411 1991 in
1429 1973 1502 1999 mea,

917 2007 1039 2044 Ut_nulla
1052 2009 1164 2036 honoris
1178 2009 1313 2044 perferam
1329 2011 1498 2039 discrimina.

1091 2065 1148 2093 XL.
1159 2081 1195 2086 ——
1206 2066 1240 2093 In
1256 2067 1380 2102 templum
1396 2056 1531 2103 Deipai‘a’.

916 2112 985 2139 Dum
1005 2111 1094 2140 cernis
1111 2113 1195 2140 aedem
1213 2112 1341 2147 Virginis,
1354 2121 1473 2142 mentem
1489 2116 1615 2143 admove.

916 2159 956 2186 Ex
970 2166 1024 2194 quo
1038 2159 1094 2194 ipsa
1114 2159 1243 2194 templum
1265 2165 1306 2187 cst
1330 2159 1399 2187 facta
1416 2163 1554 2190 nascentis
1581 2162 1639 2194 Dei,

917 2205 1035 2240 Templis
1050 2205 1150 2241 ubique
1172 2206 1293 2240 gentium
1311 2207 1409 2234 colitur
1426 2208 1497 2235 suis.

1208 2261 1275 2289 XLI.
1292 2277 1323 2282 --
1343 2263 1435 2292 Aliud.

916 2306 1008 2334 Mundi
1024 2313 1162 2342 parentem
1177 2316 1239 2335 cum
1260 2308 1337 2336 vides
1352 2309 1380 2336 in
1395 2318 1519 2345 corpore,

916 2354 983 2381 Cum
999 2359 1096 2387 matre,
1109 2355 1179 2390 picta
1194 2355 1347 2382 dedicatum
1370 2356 1507 2391 imagine;

915 2399 973 2428 Hoc
983 2401 1153 2434 obstupesce,
1171 2403 1307 2436 quomodo
1325 2402 1414 2429 infans
1430 2403 1465 2430 sit
1478 2403 1562 2438 Deus,

884 2466 886 2468 τ
914 2445 1012 2481 Nilque
1026 2446 1059 2473 ad
1071 2446 1186 2474 salutem
1206 2455 1259 2474 non
1272 2453 1334 2483 agat
1356 2448 1510 2476 mortalium
1524 2458 1530 2475 :

915 2491 951 2520 Ut
970 2493 1066 2520 mortis
1078 2493 1105 2519 in
1120 2501 1149 2520 se
1165 2494 1308 2528 proferens
1322 2495 1499 2528 sententiam,

915 2539 1070 2567 Dirinitatis
1086 2539 1183 2566 liberet
1198 2547 1248 2567 nos
1262 2541 1377 2567 viribus.

915 2585 992 2618 Quod
1010 2586 1061 2613 ista
1079 2590 1218 2620 reputans,
1239 2586 1359 2620 Deiparte
1375 2591 1449 2613 casta
1464 2587 1574 2614 exhibet

916 2634 982 2667 Sua,
999 2635 1104 2669 virique
1118 2642 1168 2669 pro
1185 2634 1284 2665 salute,
1300 2642 1424 2661 munera.

1053 2689 1134 2718 XLII.
1153 2706 1183 2710 —
1199 2690 1231 2717 In
1244 2690 1370 2717 ciborium
1387 2691 1576 2720 Prwcursaris.

915 2737 1014 2764 Mensa:
1029 2742 1142 2764 sacratae
1156 2737 1320 2771 conspicaus
1335 2739 1506 2771 operculum,

915 2784 990 2811 Ilanc
1007 2788 1034 2810 tu
1050 2784 1190 2811 cohortem
1207 2784 1296 2818 cogita
1317 2783 1497 2812 Cherubicam
1516 2794 1523 2812 :

913 2829 981 2856 Nam
996 2829 1121 2858 Christus
1139 2830 1211 2857 intus
1233 2830 1354 2864 mysticis
1370 2830 1447 2858 adest
1463 2831 1559 2863 sacris,

913 2876 1071 2906 leestium
1090 2877 1161 2904 idem
1183 2875 1315 2905 Dominus
1335 2885 1367 2905 ac
1383 2877 1563 2906 terrestrium.
