1925 3088
149 165 216 197 1797
897 168 965 197 IAM
971 168 1016 198 BI,
1362 172 1364 174 τ
1699 158 1765 190 1798

422 220 487 248 N9.
504 236 539 241 —
552 221 652 249 Ἄλλο.
945 225 969 253 Α

945 225 969 253 Δ
1243 219 1312 248 LIK.
1321 233 1356 240 -—
1372 217 1461 245 Aliud.

147 268 203 299 ua;
217 267 231 293 ό
247 266 362 303 γράφων
378 274 424 302 με,
441 267 489 293 καὶ
502 266 619 302 γράφειν
628 265 746 302 Χριστὸν
756 265 828 294 θέλε.

986 267 1147 303 Quicunque
1159 266 1249 303 pingis
1263 273 1316 298 me,
1330 265 1411 292 simul
1429 264 1568 291 Christum
1582 262 1647 290 velis

153 313 283 348 Ἐπείπερ
293 312 375 344 αὐτὸς
393 311 599 346 συμπέπλεκται
617 320 662 347 μοι
675 311 766 339 πάθει.

984 314 1117 346 Piuxisse,
1142 316 1230 340 morte
1245 319 1309 338 nam
1322 311 1465 344 colligatus
1485 309 1551 336 milli
1571 313 1623 336 est.

153 357 235 393 Ἑμοῦ
249 357 303 393 γὰρ
313 357 420 393 ἐχθρὸς,
434 357 481 383 καὶ
497 356 662 392 καθαιρέτης
677 356 767 389 πέλει,

982 359 1172 387 Exterminare
1190 366 1233 386 me
1245 362 1333 392 parat,
1349 356 1372 383 si
1383 356 1445 390 quis
1461 360 1552 390 typum

154 403 183 429 '0
198 402 237 438 μὴ
250 402 365 438 γράφων
379 402 493 435 ἐκεῖνον,
506 403 530 429 εἰ
544 402 590 429 καί
606 412 640 438 με
654 402 765 439 γράφει.

984 405 1050 441 Ejus
1077 407 1186 432 recuset
1204 403 1325 438 pingere,
1337 406 1365 428 et
1378 401 1470 435 pingat
1485 406 1585 426 meum.

390 447 428 474 Ξ’.
440 463 476 467 --
487 449 686 482 Μονόστιχον.

1229 447 1323 475 LX.—
1330 445 1537 474 Monastichum.

148 492 266 527 Βροτοὺς
284 491 414 527 δαδουχῶ,
427 492 475 519 καὶ
491 493 709 527 σκοταρχοῦντας
724 492 827 527 φλέγω.

800 501 827 520 υ·
984 494 1143 523 Mortalibus
1161 501 1222 523 Sum
1235 493 1293 526 lux,
1308 497 1335 520 et
1347 499 1397 519 uro
1411 491 1560 518 daemonas.

328 536 389 565 EA’.
403 553 438 559 —-
448 537 496 571 EI;
513 538 566 565 τὸν
577 539 759 572 Ηρόδρομον.

1209 539 1277 566 LXI.
1289 554 1324 559 —
1338 537 1372 565 In
1383 537 1567 564 Prodromum.

149 583 239 610 Εῐκὼν
265 583 381 619 ὑπάρχω
397 583 444 610 τοῦ
458 583 590 610 σεϐαστοῦ
602 583 771 619 Προδρόμου.

985 586 1076 621 Imago
1086 593 1147 613 sum
1165 584 1319 612 veneranda
1346 582 1437 618 magni
1455 580 1616 611 Prodromi:

150 629 204 656 Καὶ
216 629 280 661 τοὺς
293 629 369 664 πόθῳ
385 638 418 664 με
435 628 653 664 προσκυνοῦντας
663 629 759 661 ἀξίως,

986 631 1019 658 Et
1030 638 1072 658 me
1090 630 1194 658 lubenti
1209 629 1256 664 qui
1272 629 1366 657 colunt
1381 628 1483 658 animo,
1498 631 1527 653 ut
1539 626 1626 657 decet,

156 675 200 706 Ὠς
215 675 256 707 είς
270 675 373 702 ἐκεῖνον
386 674 435 709 τὴν
451 675 536 711 τιμὴν
551 674 739 710 ποιουμένους,

986 675 1085 703 Sancte
1099 675 1256 703 exhibentes
1271 681 1353 709 quem
1367 673 1433 700 mihi
1453 672 1555 699 cultum
1570 669 1709 700 exhibent.

150 717 241 749 Σώους
258 717 377 751 φύλαττε
387 718 577 754 αἱρετιζόντων
591 719 705 752 πλάνης.

986 720 1042 748 Hos
1054 720 1113 755 ipse
1128 727 1220 748 serves
1234 719 1348 747 Imresis
1364 718 1502 753 contagio.

168 762 228 790 ΞΒ¹.
245 777 280 782 -
295 763 347 796 Εἰς
360 763 415 790 τὸν
428 763 513 798 ἅγιον
534 764 677 798 Ἰωάννην
691 763 744 790 τὸν
759 765 916 800 Θεολύτην.

1057 765 1137 793 LXII.
1148 780 1183 786 -—
1194 765 1227 792 In
1244 769 1365 792 sanctum
1383 763 1514 792 Joannem
1530 763 1687 800 Theologsm

152 809 270 844 Βροντῆς
285 808 330 835 τὸν
344 809 412 842 υἱὸν,
428 809 572 844 ἀστραπὴν
584 809 633 845 τὴν
647 809 694 836 τοῦ
707 809 797 843 λόγου,

773 818 797 842 υ,
989 809 1125 845 Verbique
1137 809 1239 844 fulgur,
1255 815 1283 836 et
1298 809 1410 836 tonitrui
1425 809 1506 840 lilius,
1531 834 1533 837 ,

159 854 246 890 Ὀρῶν
260 858 289 881 σε
300 855 421 890 γραπτὸν
433 855 587 890 φωτιοῢμαι
602 855 665 886 τοῦς
677 855 750 887 νόας.

988 855 1053 883 Mihi
1070 856 1130 883 luce
1144 856 1264 890 comples
1276 860 1404 887 tuentem,
1418 855 1465 882 ubi
1478 856 1580 890 pictum
1595 856 1715 883 intueor.

151 900 189 927 Σὺ
199 900 254 935 γὰρ
267 899 409 935 προσάψας
422 899 525 935 πυρσὸν
539 900 686 935 ἀφθάρτων
696 900 795 935 λόγων,

953 893 976 921 Β
988 903 1068 930 Potes
1079 910 1194 930 corusca
1217 910 1334 937 namque
1349 909 1506 929 sermonum
1524 901 1594 934 face,

153 944 239 972 Λῦσαι
253 944 364 979 φθάνεις
376 944 421 971 τὸν
437 944 537 980 κόσμον
549 946 582 972 ὲκ
593 945 705 977 σκότους
719 946 834 981 πλάνης.

751 946 834 981 -ἀνηςα
988 948 1096 976 Erroris
1110 948 1221 975 umbras
1243 948 1310 975 orbe
1328 952 1384 974 toto
1402 947 1511 982 pellere.

187 989 246 1015 EI".
264 991 317 1022 Εις
331 988 385 1016 τὸν
402 988 488 1023 ἅγιον
506 989 628 1016 Παῦλον
645 989 700 1016 τὸν
713 989 899 1018 ἀπόστολον.

152 1035 276 1070 Χαίροις,
289 1034 392 1070 δοχεῖον
403 1034 533 1069 γνώσεως
545 1034 614 1062 Θεοῦ
632 1035 715 1070 μέγα,

159 1080 205 1113 ‘Eg
218 1076 249 1107 οὗ
262 1079 298 1107 τὰ
316 1079 375 1106 θεῖα
388 1080 488 1112 πάντες
500 1080 626 1108 ἀντλοῦσι
642 1082 754 1118 σφόδρα.

160 1125 208 1151 Ἐκ
221 1125 276 1161 γὰρ
291 1125 395 1160 πλάνης
407 1125 439 1152 σὺ
457 1125 560 1162 κόσμον
573 1127 712 1158 ὲκσπάσας
728 1127 799 1160 ὅλον,

153 1171 202 1202 Εἰς
219 1170 285 1206 ὕψος
298 1168 391 1206 ἦλθες,
408 1171 524 1206 οὐρανὸν
539 1172 631 1208 τρίτον
647 1173 765 1207 φθάσας.

278 1215 336 1244 ΞΔ¹.
351 1231 387 1239 -
401 1219 453 1251 Εἰς
478 1218 531 1244 τὸν
545 1218 632 1253 ἅγιον
653 1219 814 1253 Ζαχαρίαν.

155 1261 192 1287 Σὺ
207 1261 262 1288 τῶν
277 1263 425 1298 προφητῶν
441 1263 487 1289 τὸν
502 1263 629 1298 μέγιστον
642 1264 777 1298 αὑγάσας,

155 1305 224 1332 Θεοῦ
241 1307 386 1342 προφήτης
401 1308 582 1343 χρηματίζεις
597 1309 645 1335 καὶ
662 1309 755 1343 θύτης·

158 1352 270 1386 Καρπὸν
283 1352 312 1379 δὲ
327 1352 397 1379 θεῖον
409 1354 572 1389 προσφέρων
589 1354 629 1389 τῷ
645 1355 779 1392 Δεσπότῃ,

992 1361 1163 1396 Dominoque
1177 1361 1296 1388 fructum
1307 1361 1357 1387 rite
1370 1360 1493 1388 divinum
1507 1359 1634 1390 oll'erens,

156 1397 214 1434 Θύῃ
234 1405 357 1434 μαχαιρᾳ
372 1399 425 1434 πρὸ
437 1401 576 1435 τραπέζης
596 1401 713 1436 Κυρίου.

993 1408 1124 1436 Mactatus
1137 1415 1213 1440 ense,
1228 1408 1339 1435 victima
1353 1412 1416 1435 ante
1428 1415 1503 1434 aram
1520 1406 1606 1434 cadis.

281 1443 340 1471 ΞΕ’.
357 1459 392 1465 —-
407 1446 460 1478 Εἲς
471 1446 524 1473 τὸν
540 1445 627 1481 ἄτιον
649 1447 816 1474 Διονύσιον.

158 1489 246 1521 Πολὺς
259 1489 294 1516 τὰ
306 1489 366 1517 θεῖα
380 1491 569 1526 χρηματίζων,
581 1493 751 1528 τρισμάκαρ,

159 1536 230 1568 Τοὺς
239 1535 373 1570 ἀγγέλους
388 1537 419 1563 σὺ
438 1537 576 1572 μυστικῶς
603 1538 781 1576 διαγράφεις,

160 1581 215 1607 Καὶ
231 1582 425 1617 συμπεραίνων
441 1583 534 1610 πᾶσαν
548 1583 700 1619 ίεραρχίαν,

159 1627 212 1654 Τὸν
223 1627 325 1663 κόσμον
336 1627 411 1655 ἐνθεν
423 1628 566 1665 δογμάτων
581 1629 697 1665 πληροῖς
712 1629 820 1656 πλάτει.

284 1673 352 1707 Ξςν.
366 1690 401 1695 --
411 1675 463 1708 Εις
485 1675 539 1702 τὸν
555 1675 641 1710 ἄτιον
661 1677 835 1704 Βασίλειον.

162 1719 326 1755 Ἤστραψας
343 1720 425 1756 αἴγλῃ
440 1719 487 1747 τοῦ
497 1720 608 1755 φαεινοῢ
621 1730 666 1748 σου
681 1721 751 1757 βίου,

163 1765 217 1792 Καὶ
232 1765 388 1801 φαιδρύνεις
400 1767 446 1793 τὸν
461 1767 564 1802 κόσμον
579 1767 669 1803 ἔργοις
680 1768 727 1794 καὶ
741 1767 842 1803 λόγοις.

163 1810 260 1837 Λαϐὼν
279 1811 308 1837 δὲ
320 1812 369 1844 τὰς
388 1811 462 1844 κλεῖς
475 1812 575 1844 καύτὸς
589 1812 627 1845 ὡς
641 1813 745 1849 Πέτρος
761 1814 831 1847 νέος,

162 1855 252 1888 Φύλαξ
265 1855 397 1892 ὑπάρχεις
408 1857 458 1892 τῆς
471 1858 561 1894 πάσης
582 1859 756 1894 Ἑκκλησίας.

1058 994 1151 1022 LXIII.
1170 1009 1205 1014 -—
1219 993 1254 1021 In
1273 1000 1394 1021 sanctum
1406 993 1522 1020 Paulum
1539 992 1700 1027 apostolum.

989 1042 1079 1075 Salve,
1094 1048 1111 1069 ο
1125 1048 1250 1076 superna:
1269 1041 1371 1075 grande
1388 1047 1436 1067 vas
1450 1039 1573 1067 scientiae
1588 1048 1595 1066 :

989 1089 1029 1117 Ex
1043 1097 1097 1125 quo
1113 1088 1232 1116 universi
1261 1095 1360 1121 nempe
1373 1087 1465 1114 divina
1482 1086 1622 1114 hauriunt.

989 1135 1042 1163 Per
1054 1140 1080 1163 te
1096 1135 1204 1170 fugatus
1215 1134 1281 1161 orbe
1296 1137 1441 1168 postquam
1455 1139 1533 1160 error
1548 1132 1611 1164 fuit,

991 1181 1105 1209 Tolleris
1119 1181 1151 1207 ad
1167 1180 1233 1212 alta,
1249 1179 1347 1207 caelum
1365 1179 1398 1206 ad
1414 1186 1502 1214 usque
1517 1179 1640 1206 tertium.

1131 1225 1259 1253 LXIV.—
1272 1225 1305 1252 In
1323 1230 1444 1251 sanctum
1457 1224 1631 1252 Zachariam.

991 1271 1032 1300 'I‘u
1053 1271 1271 1307 quiprophetam
1285 1270 1440 1305 praedicasti
1457 1270 1619 1302 maximum,

993 1317 1040 1344 Dei
1056 1318 1185 1345 sacerdos
1200 1321 1226 1344 et
1244 1316 1375 1351 prOpheta
1390 1316 1490 1343 diceris
1506 1324 1513 1342 :

1125 1453 1206 1482 LXV.
1221 1469 1256 1474 ——
1270 1453 1305 1480 In
1324 1458 1445 1481 sanctum
1464 1453 1633 1488 Dionysium.

994 1499 1070 1527 Felix
1083 1500 1176 1533 nimis,
1192 1499 1285 1527 divina
1296 1500 1341 1527 cui
1353 1499 1448 1526 datum
1460 1499 1564 1534 eloqui,

958 1563 980 1592 Ο
997 1545 1027 1573 Et
1042 1545 1199 1580 angelorum
1219 1553 1318 1572 arcana
1334 1553 1449 1580 quaeque
1461 1545 1582 1580 pandere
1596 1553 1603 1571 :

996 1591 1161 1625 Complexus
1171 1599 1251 1618 omne
1269 1591 1400 1625 quidquid
1417 1595 1459 1618 est
1472 1589 1644 1622 hierarchiae,

997 1637 1139 1673 Multiplici
1158 1637 1289 1664 mundum
1305 1637 1368 1664 inde
1379 1637 1504 1664 doctrina
1515 1636 1613 1671 reples.

1151 1682 1243 1710 LXVI.
1257 1698 1291 1703 -——
1306 1682 1338 1708 In
1350 1687 1471 1709 sanctum
1482 1681 1630 1709 Basiliam.

998 1728 1067 1756 Viue
1080 1728 1187 1756 refulsit
1204 1728 1333 1763 splendor
1348 1728 1465 1755 eximius
1485 1732 1555 1760 tuae,

998 1775 1143 1810 Factisque
1159 1775 1291 1802 mundum
1303 1775 1404 1809 pariter
1418 1779 1445 1801 et
1461 1774 1552 1801 verbis
1565 1773 1641 1800 beas.

998 1821 1037 1849 Ac
1048 1822 1106 1856 ipse
1121 1821 1223 1852 claves,
1239 1821 1307 1847 alter
1321 1825 1351 1847 ut
1365 1819 1473 1853 Petrus,
1491 1827 1588 1854 gerens
1599 1839 1607 1852 ,

999 1867 1129 1895 Ecclesiae
1144 1874 1216 1893 unus
1236 1866 1372 1893 universae
1385 1865 1531 1900 prospicis.

164 1901 222 1929 ’ΞΖ’.
241 1902 344 1935 -Είς
373 1902 426 1929 τὸν
451 1902 537 1937 ἅγιον
564 1904 729 1939 Ιζρηγόριον
751 1905 804 1932 τὸν
830 1904 924 1932 Θεολό

1035 1909 1139 1937 LXVII.
1156 1925 1189 1931 -—
1208 1909 1239 1936 In
1254 1914 1375 1936 sanctum
1399 1908 1556 1944 Gregorium
1575 1907 1744 1943 Tlteologum.

523 1958 587 1982 τον.

165 1993 288 2029 Βροντῶν
301 1994 336 2021 τὰ
347 1994 406 2021 θεῖα
420 1996 453 2030 τῇ
472 1995 520 2031 βοῇ
534 1995 588 2022 τῶν
602 1996 756 2031 δογμάτων,

1001 2000 1066 2033 Qua:
1080 2005 1107 2027 tu
1129 1999 1232 2034 potenti
1249 2006 1316 2026 voce
1330 1998 1426 2026 fudisti
1442 2002 1540 2026 tonans

169 2039 293 2074 Ἥχησας
306 2039 390 2071 ὅντως
407 2039 457 2076 τὴν
470 2041 515 2066 ὑπ’
531 2041 656 2076 οὐρανὸν,
674 2042 776 2078 μάκαρ.

1001 2046 1129 2078 Oracula,
1146 2046 1247 2078 omnis,
1260 2045 1332 2077 dive,
1343 2044 1464 2072 mundus
1479 2044 1568 2071 audiit
1584 2053 1591 2071 :

166 2085 222 2111 Καὶ
235 2085 324 2117 πάσας
339 2085 422 2121 ἀπρὶξ
436 2086 564 2121 μωράνας
579 2088 709 2123 αἱρέσεις,

1001 2091 1195 2126 Perimensque
1209 2095 1322 2118 cunctas
1344 2091 1462 2118 haereses
1479 2090 1611 2118 radicitus
1621 2110 1628 2123 ,

166 2130 219 2157 Τὸν
231 2131 333 2166 κόσμον
349 2131 494 2167 ὲστήριξας
508 2133 537 2158 ἐν
551 2133 611 2164 τοῖς
624 2134 681 2165 σοῖς
697 2133 796 2168 λόγοις.

1002 2138 1100 2165 Orbem
1118 2138 1275 2165 universum
1290 2144 1381 2164 sermo
1397 2136 1518 2163 firmavit
1532 2141 1605 2163 tuus.

165 2175 230 2202 EH'.
243 2190 280 2196 ——
293 2177 346 2210 Είς
371 2176 425 2203 τόν
453 2176 538 2212 ἅγιον
563 2179 730 2213 Γρηγόριον
749 2180 802 2207 τὸν
820 2182 925 2216 θαυμα

1022 2183 1118 2210 .XVIII.
1137 2199 1172 2203 —
1187 2182 1220 2210 In
1235 2187 1355 2209 sanctum
1375 2181 1530 2217 Gregorium
1550 2181 1782 2217 Thaumaturgum.

500 2225 621 2258 ουργόν.
968 2232 995 2262 Ι)

171 2267 216 2297 Ὠς
229 2266 306 2302 ἥλιός
318 2275 361 2299 τις
374 2268 403 2294 ἐν
423 2267 473 2304 βίῳ
487 2269 598 2304 λάμψας
614 2271 712 2305 μέγας,

1003 2270 1079 2298 Haud
1096 2271 1173 2298 aliter
1188 2278 1221 2297 ac
1236 2270 1277 2298 sol
1293 2270 1402 2305 aliquis,
1421 2270 1450 2297 in
1464 2270 1518 2297 vita
1531 2269 1652 2303 micans,

165 2312 357 2344 Διασκεδάζεις
371 2312 456 2340 νύκτα
471 2314 522 2349 τῆς
536 2315 688 2351 μοχθηρίας
700 2325 707 2332 ·

1004 2317 1143 2344 Scelerum
1157 2316 1300 2343 nefandam
1313 2315 1418 2350 disjicis
1440 2315 1583 2348 caliginem
1601 2325 1608 2343 :

168 2360 224 2386 Καὶ
240 2360 456 2396 θαυματουργῶν
470 2362 523 2388 τῶν
541 2364 701 2398 προσευχῶν
711 2364 750 2400 τῷ
765 2365 839 2400 φάει,

1004 2363 1119 2389 Precqu
1137 2367 1164 2396 et
1177 2367 1285 2389 tuarum
1297 2361 1338 2388 vis
1355 2365 1467 2395 palmus
1479 2361 1610 2388 miracula
1624 2380 1631 2392 ,

175 2406 368 2438 Ἀπεκδιώκεις
383 2407 520 2441 δαιμόνων
535 2409 637 2443 σμήνη,
654 2410 755 2446 Πάτερ.

1004 2408 1102 2436 Procul
1120 2412 1243 2434 catervas
1258 2407 1412 2433 daemonum
1425 2405 1509 2440 fugat.
1524 2405 1614 2432 Pater.

292 2451 351 2478 ΞΘ’.
366 2467 401 2472 --
420 2451 470 2484 Εἰς
483 2453 536 2479 τὸν
548 2453 633 2488 ἅγιον
660 2455 847 2490 Ἑπιφάνιον.

1111 2451 1204 2479 LXIX.
1220 2465 1255 2471 ——
1273 2450 1306 2478 In
1326 2456 1447 2477 sanctum
1466 2450 1653 2485 Epiphaniam.

176 2496 331 2532 Ἑωσφόρον
345 2505 375 2523 σε
389 2497 516 2531 πράξεως
533 2499 549 2534 ἠ
566 2499 737 2536 λαμπρότης,

1008 2498 1119 2526 Divinus
1139 2505 1250 2533 operum
1269 2496 1370 2532 fulgor,
1386 2501 1467 2531 atque
1484 2496 1628 2523 excelsitas

173 2542 294 2574 Ἐδειξεν
313 2542 374 2578 ὕψει
389 2543 444 2570 τῶν
461 2544 597 2579 μεγίστων
613 2547 771 2582 θαυμάτων.

1007 2545 1210 2575 Miraculorum,
1223 2544 1410 2578 phosphorum
1428 2547 1454 2570 te
1474 2542 1608 2577 praestitit.

178 2587 224 2620 Ἐξ
238 2585 273 2624 ἧς
287 2588 321 2615 τὰ
337 2589 432 2624 ῥεῖθρα
448 2590 622 2626 πλημμυρῶν
635 2592 689 2619 τῶν
706 2593 859 2629 δογμάτων.

853 2615 859 2622 ,
1010 2590 1143 2618 Doctrina:
1155 2594 1183 2618 et
1193 2590 1272 2616 alma:
1293 2589 1365 2624 larga
1378 2588 1470 2616 fundis
1484 2589 1613 2622 ﬂutitina,

174 2634 287 2662 Πάντων
302 2635 435 2671 θρίαμϐος
450 2637 640 2672 αἱρετιςόντων
657 2638 758 2670 πέλεις.

1009 2637 1094 2664 Victis
1107 2637 1262 2671 triumphos
1277 2635 1411 2662 lueresum
1424 2636 1506 2663 sectis
1521 2642 1616 2669 agens.

173 2681 213 2708 θ’.
230 2696 266 2700 -
281 2682 333 2714 Εις
356 2682 411 2708 τὸν
435 2682 521 2717 ἅγιον
548 2683 693 2717 Ἰτυνὰτιον
715 2685 768 2712 τὸν
798 2687 933 2721 Θεοφόροπ

1063 2682 1143 2709 LXX.
1161 2697 1194 2702 ———
1209 2681 1241 2708 In
1254 2687 1375 2708 sanctum
1391 2680 1527 2716 Ignalium
1543 2680 1734 2723 leeopltorum.

174 2727 265 2762 Ἐχων
278 2727 368 2763 ἔρωτα
383 2728 500 2763 Χριστὸν
513 2730 542 2755 ὲν
558 2730 590 2764 σῇ
606 2730 714 2766 καρδίᾳ.

1010 2728 1112 2755 Gerens
1125 2727 1151 2753 iu
1167 2728 1220 2754 alto
1231 2727 1331 2753 Christi
1349 2733 1471 2753 amorem
1486 2731 1615 2760 pectore,

180 2772 350 2799 ’Λποστὸλων
363 2773 495 2809 σύσκηνος
508 2773 612 2810 ὤφθης,
625 2776 783 2812 τρισμάκαρ
794 2784 801 2791 ⁶

794 2784 801 2791 ο
1011 2772 1202 2808 Apostolorum
1224 2771 1299 2799 visus
1312 2779 1341 2798 es
1353 2771 1418 2798 felix
1433 2779 1526 2798 comes
1538 2780 1544 2786 ·

177 2818 286 2851 Ἀθλοις
299 2819 328 2846 δὲ
345 2819 455 2856 θερμοῖς
469 2821 636 2856 ἐκφλογίζων
650 2822 699 2857 τὴν
712 2822 827 2858 πλάνην,

1012 2819 1139 2846 Errorem
1154 2822 1181 2845 et
1199 2818 1255 2844 acri
1271 2825 1437 2852 persequens
1453 2817 1615 2848 certamine.

184 2864 353 2897 Ἐπιστολαις
370 2874 416 2893 σου
431 2866 535 2899 Παῦλος
549 2865 626 2898 ἀλλος
641 2875 683 2899 τις
696 2867 796 2901 πέλεις.

1013 2866 1104 2894 Alium
1123 2864 1176 2892 tuis
1193 2864 1221 2892 iu
1236 2863 1358 2899 epistolis
1369 2862 1483 2891 Paulum
1495 2863 1619 2892 exhibes.
