1925 3088
164 138 235 171 1799
762 140 791 169 S-
813 140 924 170 TIIEOI

1034 140 1202 170 ΞΤΗΒίΤίΕ
1727 137 1794 170 1800

304 194 396 222 LXXI.
413 210 447 215 —
462 193 496 221 In
510 199 632 222 sanctum
644 194 831 222 Athanasium.

162 241 230 269 Nam
243 241 305 277 quis
320 241 439 273 labores,
454 241 547 276 prselia
564 246 591 268 et
614 245 660 268 tua
678 240 812 274 explicet,

161 287 268 314 Athleta
285 286 406 321 magne?
419 292 448 313 tu
469 286 661 320 magistrorum
684 286 778 313 decus.

162 332 229 359 Nam
245 341 293 368 pro
311 332 377 364 Deo,
388 332 503 367 gigantis
520 332 618 365 instar,
632 332 778 364 dimicans.

162 377 259 405 Ilostes
274 377 447 411 triumphans
461 377 601 412 dissipasti
614 377 760 412 pessimos.
812 411 814 415 ν

340 422 446 452 LXXII.
458 439 493 444 —-
503 425 536 450 In
546 423 776 458 Chrysostomum.

162 469 184 496 Ο
201 469 247 504 qui
265 470 394 504 perennis
414 470 579 505 eloquentia:
591 477 691 498 aureos

161 514 260 542 Fontes
276 515 404 547 recludis,
419 520 518 542 cuncta
539 519 675 542 terrarum
691 515 773 550 irriga
792 524 799 541 :

162 560 288 588 Pandens
304 561 402 588 salutis
414 565 440 587 et
454 562 524 587 viam
539 561 704 588 mortalibus
716 579 724 591 .

161 607 262 634 Omnes
285 607 365 634 beato
383 607 502 634 coalitum
515 608 588 642 gregi
603 608 704 634 insere.

301 652 418 679 LXXIII.
436 668 471 673 ——
488 652 521 680 1η
534 658 656 680 sanctum
674 653 817 688 Cyrillum.

161 699 237 726 Tuus
249 703 307 726 arte
321 699 406 725 multa
417 707 568 734 congerens
586 707 679 726 sacras
693 707 788 734 opes,.

160 744 261 772 Ditavit
275 746 369 772 orbem
393 746 568 779 postmodum
585 746 712 780 egregius
729 746 805 773 labor
821 754 828 772 :

160 789 277 818 Prolana
291 795 415 825 retegens
433 791 568 818 haeresum
584 798 611 818 et
631 791 761 826 mysteria
772 810 780 823 ,

162 836 273 864 Sincera
285 837 392 872 populis
411 837 563 871 praedicasti
576 838 720 872 dogmata.

198 881 315 909 LXXIV.
331 896 366 902 —
385 881 418 908 In
431 887 552 908 sanctum
577 882 732 917 Gregorium
753 881 914 917 Nyssenum.

162 925 324 953 Sermonum
338 926 475 960 aperiens,
494 926 570 959 Dive,
587 926 690 953 fontem
707 926 847 959 dulcium,

161 971 275 999 Omnem
293 971 392 1007 fugasti
410 973 623 1008 lun’iineingeuii
645 973 770 1000 haeresim
786 982 793 1000 :

160 1016 282 1053 Norique
293 1017 376 1045 Mosis
394 1018 525 1054 inclytum
541 1026 639 1046 nomen
653 1026 752 1054 gerens
763 1039 771 1052 ,

161 1062 265 1090 Ductor
280 1063 416 1097 gubernas
431 1063 552 1098 optimus
567 1064 698 1098 populum
715 1063 774 1090 Dei.

210 1108 317 1138 LXXV.
337 1124 368 1129 —
383 1109 417 1136 In
435 1114 556 1137 sanctum
573 1109 739 1137 Theodorum
754 1109 883 1137 Siceaten.

161 1155 184 1182 0
199 1156 302 1190 grande
317 1164 418 1183 munus
434 1156 544 1183 coalitus
560 1156 664 1183 mundo
678 1155 772 1183 datum
783 1175 791 1188 ,

162 1202 246 1229 Malas
264 1201 362 1237 iugasti
381 1202 538 1230 daemonum
551 1206 668 1233 turmas,
683 1203 773 1229 Pater.

163 1247 274 1275 Fulsisti
289 1252 319 1274 ut
335 1248 437 1274 almum
453 1248 532 1275 sidus
549 1256 556 1275 :
576 1248 698 1283 ipsisque
715 1249 819 1283 angelis

163 1293 270 1320 Eximia
286 1295 346 1320 vitae
364 1294 496 1321 sanctitas
511 1294 574 1321 fecit
587 1302 692 1329 parem.

222 1329 225 1335 ’
297 1338 418 1366 LXXVI.
434 1353 469 1358 —
485 1338 519 1366 In
536 1344 658 1366 sanctum
673 1339 829 1366 Antonium.

164 1383 235 1419 Ignis
247 1385 376 1412 columna
392 1385 467 1413 visus
477 1393 517 1417 es,
538 1386 600 1412 vitae
619 1393 691 1412 novo

165 1427 326 1462 Splendore,
339 1433 497 1456 monstrans
511 1429 639 1455 omnibus
652 1429 714 1456 cmli
731 1429 813 1456 viam.

163 1473 299 1509 Erebique
313 1475 388 1502 diros
403 1481 545 1509 proterens
559 1475 706 1507 satellites.

165 1520 210 1547 Sic
229 1528 343 1556 prorsus
362 1527 392 1548 ut
406 1522 480 1549 Eden
502 1522 614 1557 angelus
629 1530 750 1549 eremum
773 1523 880 1550 incolis.

279 1565 409 1594 LXXVII.
426 1582 459 1587 —
475 1566 508 1593 In
525 1572 647 1594 sanctum
663 1566 844 1594 Hilarionem.

167 1612 234 1640 Vita:
252 1613 359 1640 refulsit
379 1614 451 1641 haud
466 1623 546 1642 secus
560 1615 688 1648 splendor
700 1621 769 1648 tuae,

163 1658 203 1687 Ac
215 1667 294 1687 mane
311 1660 399 1695 primo
410 1660 486 1687 stella
501 1661 607 1688 luciferi
621 1661 704 1688 micat
719 1671 726 1689 :

165 1705 309 1740 Clarisque
324 1706 456 1733 mundum
475 1715 601 1735 recreans
619 1708 774 1743 miraculis,

163 1750 258 1787 Abigis
273 1757 416 1779 uocantem
431 1753 586 1780 daemonum
604 1754 759 1788 caliginem.

271 1797 412 1825 LXXVIII.
428 1813 463 1818 —
477 1797 511 1825 In
526 1804 647 1825 sanciunt
663 1799 845 1834 Eutloymium.

165 1842 282 1870 Eremus
300 1843 349 1870 abs
369 1848 394 1870 te
407 1843 504 1871 civitas
515 1844 587 1870 facta
604 1848 646 1871 est
663 1844 720 1871 Dei.

165 1889 203 1916 lbi
221 1897 339 1924 namque
355 1890 431 1924 cogis
445 1889 528 1916 densa
543 1889 728 1917 Cliristiadnm
743 1890 853 1925 agmina
867 1900 873 1916 :

168 1934 304 1970 Miraculis
319 1939 347 1961 et
361 1934 429 1968 ipse,
446 1942 495 1961 ceu
510 1935 605 1967 radiis,
626 1935 714 1962 nitens
725 1955 732 1968 ,

165 1980 310 2012 Laetitiam,
326 1985 356 2007 ut
371 1981 439 2007 alter
458 1980 642 2015 pllosphorus.
660 1981 762 2008 mundo
778 1981 868 2016 paris,

306 2026 424 2053 LXXIX.
439 2041 474 2047 —
494 2026 527 2053 In
543 2031 664 2054 sanctum
685 2026 811 2054 Sabbam.

166 2073 279 2100 Exculta
291 2080 401 2100 ercmus
419 2073 467 2100 tibi
482 2073 575 2100 labore
591 2074 727 2108 plurimo,

166 2119 283 2154 Operum
297 2119 358 2146 inde
375 2119 481 2147 fructus
494 2119 607 2154 protulit
627 2121 827 2155 pulcherrimos
846 2129 853 2147 :

165 2166 282 2201 Piosque
299 2173 400 2200 cogens
413 2170 486 2193 astra
503 2174 552 2192 ceu
565 2166 675 2194 totidem
690 2167 794 2194 incolas
805 2188 813 2199 ,

166 2211 221 2240 Hos
237 2212 295 2246 ipse
308 2211 415 2238 medius
434 2213 515 2244 inter,
533 2216 563 2239 ut
583 2212 673 2245 Titan,
692 2213 786 2240 micas.

301 2257 410 2284 LXXX.
422 2272 458 2278 —
473 2257 506 2284 In
517 2264 639 2285 sanctum
654 2259 828 2286 Dalmatium.

166 2304 200 2331 Et
211 2308 240 2331 tu
256 2311 401 2331 coruscum
418 2303 495 2331 sidus
507 2311 547 2336 es,
563 2304 620 2332 sole
634 2305 723 2332 editus
733 2325 740 2337 ,

165 2350 283 2384 Compar
296 2354 324 2376 et
343 2349 395 2384 ipsi
414 2350 567 2377 sanctitatis
583 2349 705 2383 lumine;

167 2395 298 2431 Veraaque
317 2396 442 2424 columen
457 2400 572 2430 uterque
585 2395 717 2423 doctrina:
736 2395 786 2423 fuit
801 2406 808 2423 :

166 2441 200 2468 Et
219 2445 247 2467 tu
264 2441 385 2475 paternis
399 2441 502 2475 legibus
517 2441 667 2467 monachos
683 2441 765 2476 regis.

287 2486 407 2513 LXXXI.
419 2502 454 2507 —-
468 2486 501 2513 Ιη
515 2492 635 2514 sanciunt
649 2486 832 2519 Pachomium,

167 2534 312 2567 Quondam
327 2533 475 2560 Abraliami
491 2533 609 2560 nobilem
631 2533 753 2561 imitatus
773 2533 851 2561 Iidem
864 2555 870 2566 ,

167 2581 242 2608 Felix
261 2580 336 2608 fuisti
353 2580 437 2615 prolis
454 2588 543 2607 aurem
558 2580 650 2607 Pater.

168 2625 207 2653 Te
221 2633 300 2653 sacra
319 2629 464 2660 postquam
480 2625 573 2652 docuit
592 2633 691 2652 arcana
715 2627 827 2661 angelus
840 2647 846 2659 ,

168 2672 253 2707 Leges
266 2671 375 2701 dedisti.
391 2678 439 2698 ceu
453 2678 540 2698 novus
556 2670 657 2702 Moses,
674 2671 738 2698 tuis.

301 2715 433 2744 LXXXII.
446 2731 481 2736 —
494 2715 527 2743 In
538 2721 659 2743 sanciunt
676 2717 826 2744 Arsenium.

169 2763 230 2798 Jugi
245 2762 349 2798 rigatus
363 2762 449 2790 imbre
465 2762 647 2798 lacrymarum
661 2762 709 2790 tibi
759 2754 761 2758 ’

170 2809 296 2841 Animus,
309 2810 398 2844 perire
413 2807 522 2837 nescios
539 2808 643 2836 fructus
658 2809 717 2836 tulit
734 2818 741 2836 :

171 2855 205 2882 Et
215 2863 302 2887 usque
313 2860 408 2884 sancta
424 2855 550 2891 ﬂagitans
566 2855 648 2883 Deum
662 2863 740 2891 prece
750 2876 757 2888 ,

1124 195 1185 222 OA’.
1196 209 1231 215 -—
1245 195 1297 226 Εῑς
1313 194 1366 221 τὸν
1377 193 1464 229 ἄγνον
1488 193 1678 221 Ἀθανάσιον.

1006 241 1053 274 Τίς
1066 242 1128 273 τοὺς
1151 240 1260 276 ἀγῶνας
1273 240 1328 267 τῶν
1346 240 1435 267 πόνων
1453 239 1509 266 τῶν
1525 239 1580 266 σῶν
1594 239 1704 275 φράσοι,

1004 287 1040 315 Ὤ
1052 287 1235 322 πενταθλητὰ,
1248 287 1302 314 τῶν
1314 285 1483 313 διδασκάλων
1497 285 1575 317 κλέος
1587 294 1595 318 ;

1010 334 1097 370 ’Υπὲρ
1116 334 1184 361 Θεοῦ
1198 334 1253 369 γὰρ
1269 333 1306 365 ὡς
1327 333 1409 368 γίγας
1421 332 1537 367 δραμὼν
1551 332 1647 367 μέγας,

1004 380 1187 416 Στεφηφορῶν
1202 379 1327 411 καθεῖλες
1346 379 1461 414 ἐχθροὺς
1474 379 1646 412 παγκάκους.

1157 425 1217 453 ΟΒ’,
1232 441 1266 446 —
1276 426 1328 458 Εἰς
1343 424 1397 451 τὸν
1409 425 1638 458 Χρυσόστομον.

1004 472 1100 508 Πηγὴν
1116 472 1233 506 ἄληκτον
1250 472 1414 506 παγχρύσων
1436 470 1524 504 λόγων
1539 470 1652 505 βλύσας,

1005 519 1089 553 Ὅλην
1106 518 1250 554 κατάρδοις
1267 517 1316 553 τὴν
1332 517 1459 552 ὑφήλιον,
1476 516 1571 551 μάκαρ
1591 523 1598 531 ·

1004 565 1095 600 Θύρας
1109 564 1130 590 δ’
1144 564 1259 598 ἀνοίγων
1274 564 1331 595 τοίς
1346 563 1450 598 βροτοῖς
1467 562 1614 596 σωτηρίας,

1003 611 1051 642 Εἰς
1061 610 1191 646 οὐρανοὺς
1205 609 1250 636 τὸν
1268 609 1370 644 κόσμον
1382 609 1535 643 ἐκπέμπεις
1547 607 1619 634 ὅλον.

1145 657 1203 683 Ol".
1214 671 1249 676 -—
1264 658 1316 688 Εἰς
1329 655 1382 682 τὸν
1393 655 1479 690 ἅγιον
1490 655 1651 688 Κύριλλον.

1003 701 1178 737 Θησαυρίσας
1192 701 1227 727 τὰ
1239 700 1299 727 θεῖα
1314 699 1542 735 ποικιλοτρόπως,

1010 746 1189 777 Ἐπλούτισας
1203 745 1248 772 τὸν
1262 745 1364 780 κόσμον
1378 745 1482 776 ἐνθέοις
1497 744 1588 778 λόγοις
1599 751 1607 758 ·

1002 792 1058 818 Καὶ
1072 791 1121 822 τὰς
1137 791 1268 826 βεϐήλους
1285 791 1408 826 αἱρέσεις
1422 790 1615 821 κατασπάσας,

1002 840 1098 875 Κήρυξ
1112 837 1237 874 πέφηνας
1250 837 1397 873 specstng
1412 836 1564 871 δογμάτων.

1003 886 1062 914 ΟΔ¹.
1076 902 1112 906 -
1131 887 1185 919 Εις
1195 885 1249 912 τὸν
1275 884 1361 917 ἅγιον
1391 884 1558 917 Γρηγόριον
1580 882 1634 908 τὸν
1655 882 1793 915 [νύσσης.

1003 933 1098 969 Βρύων
1111 932 1229 959 ἄϐυσσον
1244 930 1413 964 παγγλύκων
1426 929 1524 963 λόγων.
1544 928 1650 964 μάκαρ,

1003 980 1098 1006 Πᾶσαν
1108 978 1212 1013 νοητῶς
1231 976 1386 1010 ὲξετίναξας
1404 975 1509 1011 πλάνην
1522 984 1528 990 ·

1001 1026 1059 1053 Καὶ
1072 1025 1249 1061 χρηματίζων
1264 1023 1384 1058 Μωΰσῆς
1403 1022 1482 1054 ἄλλος
1499 1021 1596 1057 μέγας.

1004 1073 1098 1107 Ἀγεις
1115 1071 1214 1107 ἄριστα
1229 1070 1274 1096 τδν
1287 1069 1356 1096 λεὼν
1369 1068 1415 1095 τοῦ
1429 1068 1542 1103 Κυρίου.

1004 1117 1170 1149 OEH—Eu;
1198 1115 1252 1142 τὸν
1274 1114 1360 1149 ἅγιον·
1387 1113 1538 1147 Θεόδωρον
1561 1112 1614 1139 τὸν
1634 1111 1793 1145 Σικεώτην.

1003 1162 1071 1189 Θεοῦ
1095 1163 1127 1189 σὺ
1144 1162 1231 1196 δῶρον
1246 1163 1303 1191 τοῖς
1328 1160 1433 1195 βροτοῖς
1456 1158 1544 1190 δοθεὶς
1562 1158 1645 1193 μέγα,

1003 1209 1094 1235 ’Ἅπαν
1106 1207 1230 1238 καθεῖλες
1244 1206 1381 1242 δαιμόνων
1396 1206 1499 1240 στῖφος.
1517 1206 1619 1241 Πάτερ.

1002 1254 1121 1290 Λάμψας
1134 1253 1187 1290 γὰρ
1202 1253 1282 1284 εὐθὺς
1297 1253 1334 1284 ὡς
1351 1251 1418 1287 ὲῷος
1449 1252 1604 1287 φωσφόρος,

1011 1300 1167 1335 Ἰσάγγελος
1179 1299 1303 1334 πέφηνας
1319 1298 1382 1333 ὕψει
1397 1298 1444 1325 τοῦ
1459 1298 1517 1332 βίου

1123 1344 1192 1379 οφ.
1210 1360 1246 1365 ——
1257 1345 1310 1377 Εἰς
1320 1344 1373 1371 τὸν
1389 1343 1476 1378 ἅγιον
1503 1342 1671 1370 Ἀντώνιον.

1002 1392 1102 1423 Στύλος
1116 1391 1202 1426 πυρὸς
1216 1391 1340 1426 πέφηνας
1354 1389 1438 1425 αἴγλῃ
1449 1388 1496 1416 τοῦ
1517 1389 1585 1424 βίον,

1002 1439 1113 1474 Κόσμον
1125 1437 1250 1473 ποδηγῶν
1265 1437 1305 1468 είς
1321 1436 1415 1471 τρίϐον
1430 1436 1577 1471 σωτηρίας.

1002 1485 1063 1511 Τῶν
1076 1484 1211 1519 δαιμόνων
1228 1483 1257 1510 δὲ
1267 1483 1316 1514 τὰς
1333 1483 1476 1517 φάλαγγας
1491 1482 1651 1518 πτερνίσας,

964 1537 986 1568 C
1005 1530 1129 1566 Ἔρημον
1143 1529 1225 1564 ᾤκεις
1237 1529 1276 1561 ὼς
1297 1529 1378 1564 Ἐδέμ
1393 1537 1435 1560 τις
1453 1528 1577 1562 ἀγγέλων

1125 1576 1185 1602 ΟΖ’.
1200 1575 1301 1608 -Εὶς
1322 1574 1376 1601 τὸν·
1396 1574 1482 1609 ἅγιον
1503 1573 1665 1608 Ἰλαρίωνα.

1002 1623 1044 1658 Τῇ
1060 1621 1234 1656 λαμπρότητι
1248 1620 1296 1646 τοῦ
1311 1620 1424 1654 φαεινοῦ
1437 1628 1484 1647 σου
1499 1620 1568 1655 βίου,

1008 1667 1166 1702 Ἑωσφόρος
1179 1666 1211 1694 τὸ
1226 1666 1299 1702 πρωϊ
1310 1666 1429 1701 λάμπων
1443 1667 1475 1694 σὺ
1494 1666 1603 1698 πέλεις·

1003 1715 1058 1741 Καὶ
1074 1714 1220 1749 θαυμάτων
1238 1713 1329 1739 ἀκτῖσι
1349 1714 1451 1748 κόσμον
1466 1713 1632 1748 φαιδρύνων,

1002 1761 1088 1795 Ζόερον
1100 1760 1207 1791 διώκεις
1222 1759 1368 1794 βλαπτικδν
1381 1759 1436 1785 τῶν
1447 1759 1597 1793 δαιμόνων.

1121 1806 1186 1833 011⁷,
1202 1820 1237 1826 -—-
1252 1806 1303 1838 Εἰς
1323 1805 1376 1831 τὸν
1405 1804 1491 1839 ἅγιον
1506 1804 1667 1839 Εὑθύμιον.

1003 1852 1039 1878 Σὺ
1053 1852 1102 1888 τὴν
1119 1852 1221 1887 ἔρημον
1237 1852 1358 1886 εἰργάσω
1377 1850 1444 1877 Θεοῦ
1461 1850 1550 1877 πόλιν.

1002 1899 1119 1930 Πυκνοῖς
1141 1898 1195 1934 γὰρ
1209 1898 1294 1932 αὐτὴν
1309 1897 1423 1933 πλήθεσι
1438 1895 1664 1932 Χριστοφρὸνων·

1003 1944 1099 1976 Βολαῖς
1112 1944 1296 1978 ἀπαστράψας
1311 1944 1340 1971 δὲ
1354 1945 1414 1975 ταῖς
1435 1943 1489 1970 τῶν
1502 1942 1661 1978 θαυμάτων,

1003 1991 1055 2018 Τὸν
1070 1991 1159 2017 πάντα
1173 1991 1275 2024 κόσμον
1295 1989 1452 2025 φαιδρύνεις
1471 1989 1509 2021 ὼς
1524 1989 1681 2023 φωσφόρος.

1149 2036 1209 2062 οΘ¹.
1228 2050 1262 2056 -
1278 2037 1331 2068 Εἰς
1343 2036 1397 2062 τὸν
1410 2035 1496 2070 ἄτιον
1514 2034 1644 2061 Σάϐϐαν.

1005 2082 1132 2117 Ἦρωσας
1151 2081 1236 2112 ὅντως
1251 2081 1301 2115 τὴν
1313 2080 1415 2116 ἔρημον
1428 2081 1485 2112 τοῖς
1500 2079 1604 2111 πόνοις.

1009 2128 1169 2163 Ὠραιότατα
1184 2126 1315 2154 ποικίλων
1330 2127 1420 2162 ἔργων
1434 2126 1545 2162 βρίθων.

1003 2174 1110 2209 Πλήσας
1125 2174 1154 2200 δὲ
1168 2175 1269 2208 ταύτην
1286 2173 1340 2199 τῶν
1353 2173 1455 2208 νοητῶν
1466 2173 1600 2207 ἀστέρων,

962 2207 989 2236 D
1006 2207 1139 2253 Ὠς-ἥλιός
1154 2226 1196 2249 τις
1211 2218 1238 2243 ὲν
1248 2207 1334 2252 γμὲσῳ
1344 2207 1446 2243 τούίιων
1460 2217 1542 2248 θέεις.

1126 2264 1167 2290 Π¹.
1183 2277 1219 2283 ——
1234 2264 1286 2296 Εἰς
1300 2263 1354 2289 τὸν
1379 2262 1465 2296 ἅγιον
1488 2262 1666 2297 Δαλμάτιον.

1008 2309 1053 2342 Ἐξ
1067 2308 1143 2344 ἡλίου
1162 2317 1204 2340 τις
1221 2309 1344 2342 αὑγάσας
1357 2308 1446 2343 ἀστὴρ
1460 2309 1557 2343 μέγας,

1002 2355 1127 2389 Λάμπεις
1153 2354 1201 2380 σὺν
1216 2354 1291 2388 αὑτῷ
1303 2356 1444 2388 παμφαεῖς
1459 2353 1622 2390 εὐπραξίας.

1004 2401 1140 2436 ’Ἐρεισμα
1153 2401 1176 2426 δ’
1189 2400 1352 2435 ἀμπέφηνας
1367 2399 1532 2435 ὀρθοδοξίας.

1002 2445 1241 2481 Μανδραρχαῖζεις
1253 2445 1307 2472 τῶν
1321 2446 1463 2480 μοναστῶν
1476 2446 1621 2482 πατρόθεν.

1127 2491 1190 2518 ΙΙΑ’.
1208 2507 1243 2512 -
1255 2494 1278 2518 Ε
1281 2493 1307 2524 ις
1326 2493 1380 2518 τὸν
1394 2491 1481 2526 ἅγιον
1493 2492 1659 2527 Παχώμιον.

1003 2537 1055 2564 Τδν
1076 2538 1200 2572 ’Λὸραάμ
1213 2546 1271 2568 πως
1287 2537 1500 2572 ἐκμιμούμενος,
1517 2538 1619 2573 μάκαρ,

1003 2584 1111 2611 Πολλῶν
1127 2583 1220 2619 Πατὴρ
1234 2583 1357 2618 γέγονας,
1374 2580 1413 2610 ὧν
1429 2583 1546 2619 χρυσοῦν
1561 2584 1648 2618 γένος.

1011 2629 1056 2662 Ἐξ
1068 2629 1187 2663 ἀγγέλου
1201 2630 1230 2656 δὲ
1248 2630 1444 2664 μυσταγωγίας
1457 2630 1559 2666 φέρων,

1003 2675 1049 2711 Τῷ
1064 2675 1103 2711 σῷ
1114 2675 1166 2710 λεῷ
1180 2676 1316 2710 τέθεικας,
1330 2677 1367 2708 ὡς
1383 2677 1496 2712 Μωσῆς,
1512 2677 1620 2711 νόμους.

1145 2723 1206 2749 IIB’.
1217 2724 1307 2755 -Εις
1321 2723 1374 2749 τόν
1387 2723 1471 2758 ἅγιον
1489 2723 1646 2757 Ἀρσένιον.

1004 2767 1064 2794 Τῶν
1076 2767 1201 2804 δακρύων
1214 2777 1260 2794 σου
1274 2768 1322 2804 τὴν
1341 2769 1429 2803 ψυχὴν
1444 2769 1533 2804 ἄρδων
1549 2768 1638 2803 χύσει,

1004 2814 1135 2848 Καρποὺς
1148 2813 1350 2849 ἁνεϐλὰστησας
1364 2814 1519 2850 ἀφθάρτους
1540 2814 1612 2848 μάλα
1624 2823 1630 2829 ·

1005 2858 1104 2894 Εὐχαῖς
1116 2857 1148 2894 δὴ
1167 2858 1304 2894 λαμπραῖς
1318 2859 1476 2894 προσλαλῶν
1492 2858 1552 2894 Θεῷ
1568 2858 1679 2894 σφόδρα,
