1925 3088
145 133 211 167 I801

143 188 204 216 Τῶν
218 187 380 224 ήσυχαστῶν
392 188 509 223 ἄγγελος
523 188 616 220 πέλας
634 189 731 224 μέγας.

261 235 323 264 lll".
339 236 437 268 -εις
457 235 511 261 τὸν
523 234 609 269 ἅγιον
640 235 811 262 Θεοδόσιον.

149 281 193 313 Ὦς
209 281 323 316 οὐρανὸν
340 281 441 316 ὑψηλὸν
454 281 578 312 ἐκτείνας
600 281 669 316 βίον,

145 326 319 361 Kurd-napo;
338 326 463 362 πέφηνας
490 328 519 353 ὲν
536 327 634 362 πλήθει
645 327 759 353 τέκνων.

144 370 200 402 Τὰς
215 371 359 406 ἀστραπὰς
373 371 402 397 δὲ
417 371 562 407 πληθύνων
576 372 631 398 τῶν
647 371 806 406 θαυμάτων.

151 416 333 452 Ἐσκόρπισας
349 418 464 444 παντοῖα
481 418 617 453 δαιμόνων
632 417 712 452 νέφη.

321 462 383 489 HA’.
394 476 431 482 -—
440 463 491 497 Εὶς
507 463 561 490 τὸν
577 463 663 498 ἅγιον
676 463 755 490 Δῖον.

144 507 211 539 Ταῖς
224 507 398 544 λαμπρότησι
416 509 470 535 τῶν
483 508 607 543 θεαύγῶν
622 517 670 536 σου
681 509 799 544 τρόπων,

151 552 199 578 Ἐκ
224 552 275 588 τῆς
292 552 365 588 ἑῴας
379 553 492 588 φαιδρὸς
512 553 599 589 ἀστὴρ
615 554 721 586 έκθέεις
733 561 740 569 ·

144 598 200 625 Καὶ
225 598 347 633 φωτίσας
365 599 464 635 ἄριστα
472 600 524 635 τὴν
539 599 688 632 summa;
698 620 705 631 ,

147 644 258 680 Πρῶτος
273 646 415 680 μοναστῶν
432 648 632 682 ποιμνηαρχεῖς
649 647 742 680 ἀξίως.

246 690 351 717 llE'.-—
368 692 421 723 Εἰς
440 692 493 717 τὸν
510 691 598 718 ὅσιον
615 693 833 727 Χριστοφόρον.

147 735 254 762 Οὶκεῖον
268 733 339 771 αἷμα
352 736 392 771 τῷ
408 736 467 772 Θεῷ
478 737 551 770 δοὺς,
567 737 676 773 ἀντέχει

154 780 186 808 Ὀ
198 782 408 818 Χριστόμαρτυς
422 783 601 820 Χριστόφρων
617 785 804 820 Χριστοφόρος

147 827 260 863 Κρήνην
273 828 389 863 χέουσαν
409 829 634 866 θαυματουργίας
650 831 739 866 ῥύσιν.

148 874 256 909 Ἦνπερ
274 875 399 906 πίνοντες
412 876 436 902 οἱ
451 876 594 909 νοσοῦντες
617 877 723 912 βηχιον,

148 919 343 956 Καταψύχουσι
358 921 405 948 τοῦ
421 922 535 955 πάθους,
554 922 635 958 δίψης
645 923 741 958 δίκην·

147 965 264 992 Μάλισθ¹
282 967 346 992 ὅταν
357 967 470 1000 φοιτῶσι
483 967 587 999 πιστῶς
602 968 706 995 ἐνθάδε.

150 1012 220 1045 nq'.
235 1027 269 1033 -
281 1014 334 1046 Εις
347 1013 424 1040 ναὸν
438 1013 492 1040 τοῦ
508 1014 596 1049 ἁγίου
622 1014 799 1042 ἀποστόλου
811 1014 936 1049 Πέτρου.

147 1055 184 1093 ’ῼ
195 1066 248 1093 περ
262 1058 391 1091 δέδωκας,
407 1059 519 1095 Χριστὲ,
532 1060 582 1092 τὰς
590 1060 663 1093 κλεῖς
677 1061 731 1088 τῶν
746 1061 812 1093 ἂνω,

150 1102 264 1138 Ἐδειμα
278 1103 366 1139 τούτῳ
381 1105 456 1131 τόνδε
468 1105 514 1132 τὸν
525 1105 607 1140 δόμον
620 1107 705 1135 κάτω.

147 1148 211 1175 IlZ'.
225 1150 319 1182 -Εὶς
342 1150 396 1177 τὸν
416 1151 502 1186 ἅγιον
523 1151 662 1185 Ἀνδρέαν
676 1153 730 1180 τὸν
748 1152 934 1182 ἀπόστολον.

146 1193 183 1221 Ὠ
199 1196 385 1232 πρωτόκλητε,
402 1197 457 1224 τῶν
477 1198 634 1226 ἀποστόλων
648 1198 735 1231 κλέος,

152 1240 182 1266 '0
201 1242 393 1275 παμμέγιστος
403 1243 459 1269 τῶν
474 1243 590 1278 Πατρῶν
602 1245 757 1280 φαεσφόρος
768 1252 777 1261 ⁸

145 1285 199 1311 Τὸν
215 1286 260 1312 σὺν
276 1286 339 1313 λαὸν
359 1287 477 1322 φύλαττε
494 1290 542 1316 σὺν
553 1289 594 1326 τῷ
608 1290 729 1325 ποιμένι.

218 1332 284 1359 llH'.
295 1347 330 1352 —
344 1334 394 1366 Εἰς
405 1334 460 1361 τὸν
474 1334 550 1362 ναὸν
567 1336 621 1363 τοῦ
634 1337 864 1374 Χρυσοστόμου.

145 1375 210 1408 Τοῖς
227 1377 271 1404 τὸν
288 1378 334 1405 σὺν
346 1377 419 1406 οἶκον
434 1381 587 1416 παμπόθως
597 1383 727 1418 ἡγερκὸσι

147 1422 351 1458 Πρεσϐευτικὴν
365 1425 515 1461 πρόσνειμε
527 1427 642 1462 δωρεὰν,
657 1429 759 1466 Πάτερ.

219 1468 282 1495 ΠΘ¹,
299 1484 334 1488 -
349 1471 402 1503 Εἰς
416 1471 469 1497 τὸν
482 1473 558 1499 ναὸν
569 1472 625 1506 τῆς
648 1476 862 1511 Πανευςοήμου.

147 1511 218 1543 Τοὺς
246 1513 277 1539 ὲκ
295 1515 379 1541 πόθου
398 1525 445 1542 σου
461 1517 506 1544 τὸν
523 1519 587 1545 ναὸν
600 1519 795 1556 δειμαμένους,

146 1557 273 1592 Μάρτυς,
294 1560 413 1595 φύλαττε
430 1564 556 1600 πημονῆς
575 1565 746 1602 ἐλευθέρους.

320 1606 355 1639 ιι¹ι
371 1622 404 1627 -
418 1610 469 1642 Εἰς
483 1609 517 1636 τὸ
528 1613 758 1648 τετρακάμαρον.

147 1651 312 1686 Θαυμαστὸν
328 1652 423 1689 ὤφθης
437 1654 518 1691 ἔργον
536 1656 636 1693 ὡραῖον
650 1660 733 1688 πάνυ.

154 1697 198 1729 Ὧς
212 1697 326 1733 ἐμψύχῳ
343 1699 371 1725 δὲ
388 1701 590 1737 προσλέλεγμαί
608 1711 648 1730 σοι
664 1703 741 1736 νεώς.

148 1741 243 1776 (δέρεις
267 1743 320 1779 γὰρ
333 1744 408 1771 ἔνδον
423 1746 536 1773 εἰκόνων
560 1747 688 1784 θεωρίαν,

152 1789 289 1824 Ἀρῤητον
308 1791 369 1825 ὂψιν
379 1792 434 1819 τῶν
447 1792 504 1819 ἄνω
519 1783 673 1829 θεαμάτων.

148 1834 236 1860 Αὑτὸν
253 1836 351 1870 δέχοιο,
368 1837 422 1864 τῶν
449 1838 606 1866 ἀποστόλων
635 1841 725 1874 κλέος,

150 1880 338 1914 Εὑαγγελιστὰ
359 1884 523 1920 παμμάκαρ,
538 1885 652 1921 Θεολόγε
663 1895 670 1903 ·

149 1926 204 1952 Καὶ
220 1928 276 1959 τοῖς
301 1929 375 1964 πόθῳ
388 1938 428 1956 σοι
442 1931 536 1958 τοῦτον
552 1931 725 1968 ὲξηγερκόσι,

149 1971 238 2006 Χάριν
253 1974 407 2010 παράσχου,
424 1977 471 2003 καὶ
487 1977 563 2004 λύσιν
576 1979 631 2005 τῶν
643 1981 836 2016 πταισμάτων.

899 137 1020 168 ΙΔΗΒΙ.

944 192 968 220 Α
982 188 1062 216 Pacis
1075 192 1217 223 sequester
1229 196 1368 217 mammas
1381 189 1483 216 mundo
1491 189 1580 217 clues.

1705 136 1772 168 1802

1084 233 1229 262 LXXXIII.
1243 248 1280 254 —
1293 233 1327 261 In
1341 240 1460 261 sanctum
1475 233 1661 262 Theodosium.

985 278 1076 314 Super
1093 284 1168 307 astra
1185 285 1280 307 notum
1294 279 1447 307 sanctitatis
1465 279 1550 314 gloria
1566 301 1575 313 ,

985 326 1023 353 Te
1043 325 1160 353 ﬁliorum
1173 326 1263 356 turba.
1279 333 1329 353 ceu
1347 325 1447 353 claram
1459 326 1566 354 iacem‘

985 372 1093 405 Mirata;
1110 377 1194 406 tuque
1211 371 1355 407 fulgurans
1367 372 1525 405 miraculis.

985 418 1116 446 Tartarea
1130 418 1233 452 ubique
1245 417 1387 460 dissipasti
1406 417 1508 444 nubila.

1137 461 1280 490 LXXXIV.
1294 477 1329 481 —
1344 461 1377 488 In
1392 467 1516 488 sanctum
1527 461 1617 488 Dium.

985 510 1092 537 Virtute
1102 510 1204 542 clarus,
1218 516 1323 536 morum
1344 513 1371 535 et
1385 508 1558 541 excellentia,

985 556 1135 584 Lzetiticum
1151 563 1201 583 eoo
1216 555 1294 583 sidus
1314 559 1405 582 ortum
1423 553 1522 587 limite,

986 602 1086 630 Lucem
1098 601 1212 629 attulisti
1229 601 1374 636 plurimam
1387 600 1525 636 Byzantiis
1537 619 1544 632 ,

985 648 1183 683 Monachisque
1197 648 1249 674 rite
1266 647 1371 682 primus
1383 654 1413 674 es
1433 649 1524 681 pastor
1538 645 1620 673 datus

1075 693 1206 721 LXXXV.
1221 708 1255 713 —
1271 692 1305 720 In
1316 697 1437 719 sanctum
1455 691 1686 726 Christoplwrum.

986 738 1042 767 Deo
1058 739 1145 766 litavit
1155 739 1289 774 sanguine
1302 739 1424 774 proprio,
1440 738 1545 766 assecla

986 785 1087 813 Christi
1102 791 1185 819 atque
1194 789 1296 820 martyr
1306 784 1522 819 Christophorus
1534 793 1541 811 :
1552 784 1613 812 inde
1625 784 1688 812 huic
1699 791 1776 812 sacer

989 830 1061 858 Fons
1081 831 1127 858 dat
1144 830 1260 858 salutent
1279 830 1376 857 crehra
1393 838 1439 864 per
1453 831 1604 858 miracula:

988 878 1022 904 Et
1036 884 1106 911 quos
1122 876 1218 910 fatigat
1233 875 1316 902 tussis
1331 883 1418 910 aegros
1432 875 1573 910 improha,

987 922 1112 950 Morbum
1126 923 1227 954 levare.
1242 930 1292 950 ceu
1307 922 1393 952 litim,
1411 922 1462 949 hac
1477 922 1567 950 solent
1584 929 1675 956 aqua:

987 967 1064 995 Tunc
1080 967 1206 1000 maxime,
1220 975 1282 994 cum
1300 975 1368 1002 pura
1380 968 1535 994 venienlum
1550 971 1593 994 est
1604 967 1682 995 ﬁdes.

1023 1012 1165 1040 LXXXVI.
1181 1028 1215 1034 -—
1230 1012 1263 1039 in
1279 1012 1403 1047 templum
1426 1013 1512 1039 sancti
1532 1013 1644 1046 apostoli
1654 1011 1739 1041 Petri.

986 1058 1035 1086 dui
1054 1064 1082 1086 tu
1094 1059 1203 1090 dedisti,
1220 1058 1337 1091 Christe,
1353 1057 1445 1086 claves
1461 1058 1582 1090 mtheris,

986 1104 1043 1140 Ego
1058 1105 1129 1131 hanc
1147 1104 1232 1131 eidem
1248 1103 1357 1131 condidi
1378 1103 1405 1130 in
1422 1103 1503 1130 terris
1521 1103 1644 1130 domum.

1021 1149 1177 1178 LXXXVII.
1193 1165 1228 1170 —
1245 1148 1279 1176 In
1294 1154 1416 1176 sanctum
1430 1149 1564 1175 Andream
1577 1148 1737 1183 apostolum.

986 1197 1009 1226 0
1024 1197 1071 1233 qui
1085 1201 1199 1225 vocatus
1213 1201 1276 1224 ante
1296 1201 1420 1227 caeteros,
1433 1195 1518 1223 decus

980 1244 1179 1279 'Apostolorum
1195 1250 1225 1270 es
1240 1243 1342 1278 luxque
1358 1241 1469 1269 Patrum
1487 1241 1629 1269 maxima:

986 1290 1053 1317 Esto
1070 1288 1124 1316 luis
1140 1289 1294 1323 horumque
1310 1287 1412 1323 pastori
1430 1287 1515 1314 salus.

1074 1333 1240 1362 LXXXVIII.
1255 1339 1289 1353 -έ
1302 1332 1336 1360 1η
1350 1333 1473 1367 templum
1488 1332 1681 1367 Chrysortomi.

986 1378 1117 1408 Strnxere
1132 1387 1230 1415 magno
1247 1380 1293 1414 qui
1308 1383 1381 1407 tuani
1394 1380 1485 1407 studio
1498 1379 1609 1407 domum
1622 1399 1630 1410 .

985 1424 1081 1452 Divina
1096 1433 1143 1459 per
1156 1429 1182 1452 te
1199 1432 1311 1452 munera
1327 1425 1482 1460 impetrent,
1500 1425 1593 1452 Pater.

1050 1469 1194 1498 LXXXIX.
1205 1485 1241 1490 —
1251 1469 1285 1496 In
1301 1470 1426 1504 templum
1435 1475 1535 1497 sancte
1547 1469 1715 1506 Eupliemiat.

948 1529 972 1559 ε
987 1516 1129 1551 Templum
1143 1516 1192 1544 tibi
1208 1521 1368 1544 construere
1378 1516 1457 1551 queis
1471 1516 1545 1544 cordi
1561 1516 1628 1551 fuit,

987 1563 1054 1597 Hos,
1067 1568 1181 1598 martyr,
1196 1563 1270 1590 omni
1291 1563 1391 1590 liberos
1408 1570 1501 1590 serves
1514 1563 1597 1591 malo.

1115 1609 1172 1637 XC.
1187 1624 1222 1631 ——
1239 1609 1271 1636 In
1281 1609 1363 1637 «edem
1377 1615 1493 1645 quatuor
1507 1610 1650 1645 fornicum.

986 1654 1135 1682 Pulchrum
1151 1654 1269 1690 refulges
1285 1659 1315 1682 ut
1327 1662 1396 1690 opus
1406 1662 1439 1682 ac
1459 1655 1594 1682 mirabile.

987 1701 1046 1728 Tibi
1062 1708 1120 1728 sum
1140 1700 1259 1732 locutus.
1273 1707 1386 1735 compos
1400 1700 1498 1728 animae
1508 1709 1557 1728 ceu
1569 1701 1662 1729 iores:

988 1747 1078 1775 Ilabes
1090 1747 1161 1774 enim
1177 1747 1251 1774 intus
1266 1747 1414 1782 imaginum
1428 1747 1614 1781 spectaculum
1624 1766 1633 1779 ,

986 1793 1201 1828 Coalestiumque
1215 1800 1324 1820 scenam
1338 1793 1560 1820 inenarraliilcm.

987 1840 1084 1868 ﬁdem
1099 1840 1172 1867 illam
1187 1839 1297 1871 habeto,
1310 1839 1394 1867 decus
1404 1840 1550 1874 apostolici
1563 1840 1652 1874 chori,

988 1886 1158 1921 Evangelista
1173 1885 1244 1916 dive.
1266 1892 1371 1913 necnon
1389 1885 1530 1921 Theologe
1544 1895 1551 1913 :

989 1933 1078 1968 thue
1095 1933 1165 1959 hanc
1185 1931 1292 1958 lubente
1307 1932 1457 1959 struximus
1470 1932 1564 1959 animo
1577 1931 1625 1959 tibi
1637 1951 1645 1962 .

988 1978 1035 2005 Sic
1046 1978 1104 2012 ipse
1118 1977 1197 2005 nobis
1210 1977 1325 2012 gratiam
1344 1982 1372 2005 et
1388 1977 1496 2004 veniam
1514 1978 1653 2012 impetres.

149 2018 208 2050 ΗΔΕ
222 2033 257 2039 —-
271 2020 324 2052 Εἰς
339 2021 393 2047 τὸν
403 2023 478 2049 ναὸν
492 2022 546 2057 τῆς
559 2024 646 2058 ἁγίας
658 2026 814 2060 Θεοτὸκου,
828 2027 873 2061 εἰς
885 2027 935 2055 τὸν

988 2022 1056 2051 XCI.
1074 2039 1104 2046 —
1115 2022 1150 2049 In
1167 2023 1291 2057 templum
1300 2027 1400 2050 sancite
1411 2022 1459 2050 Dei
1478 2022 1630 2056 Genitricic,
1647 2024 1674 2050 iit
1688 2023 1776 2052 Trito-

477 2069 616 2102 Τρίτωνα.

157 2110 189 2137 Ἢ
205 2112 288 2140 πᾶσιν
303 2113 387 2147 ἐγγὺς
403 2114 443 2145 εις
458 2114 584 2151 βοήθειαν
600 2117 709 2153 τάχους,

150 2157 202 2184 Τὸν
218 2157 302 2185 πλοῦν
315 2159 488 2195 διευθέτησον
503 2158 541 2188 ὦν
553 2162 664 2198 θερμῶς
676 2164 761 2200 ἔχεις.

149 2203 359 2239 Προσκειμένων
373 2213 414 2232 σοι
430 2207 490 2237 ταῖς
504 2206 591 2239 λιταῖς
606 2216 664 2241 σου,
678 2209 810 2245 Παρθένε.

311 2250 368 2283 ιιΒν.
385 2252 438 2284 Εἰς
452 2251 549 2285 ῥάκος
568 2254 777 2289 ἱστορημένον.

149 2294 264 2328 Φρικτὸν
278 2295 308 2322 τὸ
325 2295 426 2331 θαῦμα,
447 2297 564 2332 Χριστὸν
580 2299 610 2325 ὲν
623 2301 714 2335 γραφῇ
728 2300 848 2335 βλέπιιν,

150 2340 291 2374 Δράσαντα
309 2341 397 2367 πάντα
416 2343 484 2378 πρὸς
499 2343 602 2379 βροτῶν
616 2345 760 2381 σωτηρίαν.

156 2385 200 2412 Ἐν
214 2387 271 2417 τοῖς
289 2387 350 2413 καθ’
365 2388 439 2422 ἡμᾶς
449 2389 530 2421 αὐτὸς
543 2389 620 2425 ὤφθη
641 2391 694 2427 γὰρ
708 2391 795 2424 ξένος.

152 2433 290 2468 Ἀσαρκος
301 2434 396 2467 ἐλθὼν,
409 2435 458 2461 καὶ
471 2435 565 2470 βροτὸς
579 2436 678 2471 βαίνων
695 2439 760 2466 ἄνω.

148 2478 268 2514 Μνήμης
283 2480 363 2514 χάριν
373 2481 401 2506 δὲ
417 2481 566 2516 προσφέρει
580 2482 666 2518 δῶρον
679 2483 749 2517 τόδε,

156 2523 185 2551 '0
201 2525 306 2557 κλεινὸς
320 2525 404 2557 ὅντως
416 2527 528 2561 Συμεὼν
541 2527 579 2563 τῷ
591 2529 725 2565 Δεσπότῃ.

267 2571 323 2604 ιιιη.
332 2586 368 2591 -—
375 2573 426 2605 Εἰς
438 2572 496 2606 τὴν
505 2575 608 2600 εἰκόνα
620 2575 673 2601 τοῦ
683 2576 823 2609 Χριστοῦ.

155 2615 185 2641 '0
199 2615 317 2650 Χριστός
333 2617 402 2652 ειμι,
421 2619 454 2653 τῇ
472 2621 564 2655 τραφῇ
579 2619 761 2655 δεδειγμένος.

149 2662 205 2688 Καὶ
216 2661 261 2688 τδν
282 2663 421 2695 πεποιθὼς
433 2666 685 2701 εἰκονουργήσαντὰ
699 2675 744 2702 με.

154 2707 200 2738 Ὠς
211 2708 317 2743 αἰρεσιν
336 2710 469 2744 μισοῦντα
485 2711 539 2738 τῶν
552 2712 692 2744 ἐναντίων,

150 2754 254 2782 Λέοντα
267 2755 426 2792 Πατρίκιον,
442 2758 471 2784 ὲν
486 2758 554 2784 πᾶσι
568 2759 671 2786 σκέπω.

359 2804 415 2836 ιιιΔ¹.
427 2818 462 2824 -
476 2803 499 2830 E
501 2805 528 2837 ις
539 2805 728 2838 ἕγκλειστον.

153 2848 331 2883 Ἐγκλιιστός
345 2850 430 2882 ἔστιν,
443 2850 471 2882 ὃς
487 2850 580 2878 παθῶν
595 2851 648 2882 ἰξω
663 2853 761 2887 μένων,

313 2896 449 2927 Pyrno!"
470 2898 527 2928 Gn.
539 2898 649 2929 XCIX.

1352 2075 1420 2095 nem.

988 2113 1090 2141 Adesse
1102 2113 1183 2141 ceteri
1195 2120 1257 2148 quae
1267 2113 1339 2141 soles
1351 2114 1458 2141 cunctis
1472 2122 1522 2149 ope
1536 2135 1545 2147 .

991 2157 1045 2185 Fac
1061 2164 1190 2193 prospere
1203 2157 1242 2184 illi
1261 2157 1392 2192 navigent
1406 2165 1477 2193 quos
1488 2158 1581 2194 diligis
1591 2179 1599 2192 ,

950 2210 974 2240 ῃ
989 2203 1042 2237 Qui
1053 2209 1078 2231 te
1092 2208 1250 2238 pcrurgent,
1269 2203 1362 2238 Virgo.
1376 2204 1493 2238 supplici
1509 2212 1601 2239 prece.

1093 2249 1174 2278 XCII.
1189 2266 1224 2271 —
1239 2249 1274 2277 In
1293 2250 1481 2286 fragmentum;
1493 2252 1661 2280 historicum.

990 2296 1127 2332 Stupenda
1149 2304 1205 2329 res,
1221 2296 1248 2323 in
1265 2297 1415 2332 scriptione
1426 2305 1556 2330 cernere,

989 2343 1135 2370 Hominum
1156 2343 1189 2370 ad
1205 2343 1320 2370 salutem
1338 2343 1463 2371 Christus
1489 2348 1518 2371 ut
1529 2349 1628 2371 cuncta
1643 2345 1741 2378 egerit.

989 2388 1113 2424 Namque
1128 2389 1175 2416 hic
1190 2390 1262 2424 apud
1280 2396 1330 2416 nos
1344 2390 1445 2425 hospes
1461 2389 1520 2424 ipse
1539 2390 1614 2417 visus
1627 2397 1680 2423 est,

988 2435 1065 2463 Caelo
1081 2435 1186 2469 absque
1202 2443 1286 2463 carne
1300 2435 1408 2470 lapsus;
1424 2435 1519 2468 homo,
1535 2443 1596 2463 cum
1613 2436 1678 2464 illuc
1695 2437 1773 2464 redit.

989 2482 1087 2514 Porro,
1103 2481 1244 2508 memoria:
1259 2482 1356 2516 gratia,
1378 2481 1494 2508 Domino
1510 2481 1584 2508 dicat

989 2527 1098 2555 Donum
1115 2527 1202 2554 hocce
1214 2527 1343 2563 Symcon,
1357 2527 1437 2554 laude
1450 2528 1492 2554 vir
1506 2528 1593 2554 multa
1611 2527 1742 2564 inclytus.

1144 2572 1236 2601 CXIII.
1251 2589 1287 2594 -—
1300 2573 1334 2601 In
1348 2574 1489 2608 imaginem
1505 2573 1615 2602 Christi.

990 2621 1119 2649 Christus
1130 2629 1192 2656 ego,
1209 2628 1291 2656 quem
1306 2621 1414 2656 pictura
1431 2620 1611 2655 spectandum
1631 2620 1714 2648 dedit.

991 2667 1081 2703 thue
1096 2668 1154 2695 haec
1173 2667 1264 2702 imago
1278 2667 1364 2699 ﬁeret,
1381 2666 1438 2702 ipse
1457 2671 1553 2693 auctor
1568 2666 1619 2693 fui.

990 2714 1167 2741 Contrarium
1182 2721 1298 2748 perosus
1318 2720 1410 2744 omne,
1423 2714 1453 2738 ut
1466 2712 1605 2745 haeresim,

991 2760 1033 2788 Me
1047 2767 1144 2795 sospes
1157 2764 1200 2787 est
1211 2759 1326 2787 custode
1340 2758 1477 2786 Patricius
1491 2757 1558 2785 Leo.

1209 2804 1301 2832 XCIV.
1315 2820 1349 2826 —
1365 2803 1399 2831 In
1414 2804 1557 2831 inclusum.

992 2851 1119 2880 Inclusus
1133 2852 1177 2880 ille
1196 2855 1249 2885 est,
1265 2851 1311 2886 qui
1329 2851 1426 2887 procul
1443 2851 1478 2878 ab
1491 2848 1647 2881 alien-tibus,
