1925 3088
157 143 223 176 1807

442 193 498 222 CX.
514 208 548 214 —
562 193 653 220 Aliud.

150 242 173 271 0
189 241 293 269 tumulo
310 248 402 268 amare
415 239 576 275 gaudiorum
594 238 698 267 saeculi.

150 288 194 316 Nil
209 293 235 315 te
248 291 339 323 potest
353 286 466 319 satiare,
485 293 548 314 cum
563 289 678 313 cunctos
694 284 798 316 trahas,

152 334 257 369 inopes.
277 334 383 364 beatos,
403 332 540 359 maximos
558 336 584 359 et
601 330 730 361 inﬁmos;

151 380 349 414 Pulchrosquc,
364 377 566 413 deformesque,
582 377 679 404 doctos
693 380 720 402 et
731 375 833 402 rudes:

151 427 230 455 Molis
243 426 390 454 universos
403 425 517 460 pariter,
533 432 565 451 ac
583 423 703 450 cinerent
719 421 815 454 efficis,

151 473 224 500 Nhil
241 472 397 500 auferentes
409 477 506 506 praeter
521 478 553 498 ea
567 478 629 505 qua:
642 469 791 505 gesserint,

152 519 199 546 Dei
215 519 249 545 ad
267 517 387 545 tribunal
401 517 556 544 exhibenda
567 516 670 551 judicis
685 524 692 542 :

151 564 217 597 Quae
235 569 307 591 recta
322 564 345 590 si
369 563 434 595 sint,
457 562 541 598 gloria
561 563 604 589 his
624 569 742 598 quorum
758 561 816 589 haec
833 565 914 588 erunt
932 570 939 587 :

153 610 182 637 Si
199 617 290 645 prava,
307 609 391 636 miser
404 608 469 635 heu!
483 608 529 643 qui
546 608 650 635 nefaria
665 607 763 643 egerit.

152 655 270 682 Proinde
283 659 402 689 reputes,
416 662 432 681 ο
452 654 546 687 homo,
559 661 621 688 quae
637 658 661 680 te
672 661 733 680 sors
751 657 851 680 manet.

275 699 344 727 CXI.
360 715 396 721 —
413 699 587 735 Epigramma
604 700 631 726 in
648 699 820 734 Stephanum.

154 746 269 774 Mortale
281 753 382 781 corpus
399 745 557 781 Stephanus
571 745 615 773 hic
632 745 796 778 recondidit,

153 793 206 819 Ter
217 792 339 827 quinque
353 799 415 818 cum
434 791 549 818 vixisset
566 798 654 818 annos
669 798 701 818 ac
714 790 809 818 decem
822 798 829 816 :

153 835 271 863 Germen
290 837 445 870 probatum,
463 835 564 863 decere
578 835 722 863 abundans
742 835 806 862 hinc
820 839 847 862 et
868 834 942 867 hinc,

155 881 307 916 Splendore
324 887 457 916 prmstans
470 882 571 917 quippe
587 882 654 909 clari
674 882 828 918 sanguinis,

156 928 193 954 De
208 927 292 961 stirpe
306 934 401 961 regum
418 927 539 962 gloriosa
553 928 693 955 surculus.

155 972 295 1000 Probitate
307 980 372 999 vero
388 980 496 1000 morum
514 973 642 1001 amabilis
656 974 798 1006 omnibus,

154 1019 290 1046 Connubii
305 1027 415 1054 expers,
430 1024 513 1054 atque
530 1020 608 1056 virgo
623 1021 766 1055 perpetim.

154 1064 240 1096 Quem
259 1065 419 1099 providente
433 1072 520 1097 cura.
541 1069 572 1093 ut
590 1073 623 1093 ex
637 1066 724 1100 spinis
741 1074 843 1098 rosam,

155 1110 300 1145 Postquam
312 1111 396 1138 hocce
405 1119 522 1146 propere
531 1113 658 1140 Christus
666 1121 698 1140 ex
709 1113 811 1141 mundo
819 1114 942 1146 abstulit,

154 1157 229 1183 inter
242 1157 312 1184 alios
326 1157 423 1185 dextra
439 1158 583 1186 coronavit
596 1166 690 1186 manu.

394 1203 476 1231 CXII.
488 1219 524 1224 —
537 1203 570 1230 In
585 1205 704 1233 domum.

157 1247 240 1275 Grata
256 1253 338 1283 atque
353 1249 444 1277 dulcis
458 1249 550 1277 videor
566 1251 696 1278 omnibus
710 1252 810 1279 domus

157 1292 213 1320 Viri
232 1294 338 1328 optimi,
354 1295 495 1330 multoque
510 1296 706 1329 laudatissimi,

156 1339 298 1367 lllunachis
316 1348 415 1368 novam
430 1342 552 1376 praebere
564 1342 611 1377 qui
629 1343 719 1370 studet
733 1343 859 1376 domum,

155 1386 344 1422 Pretiumque,
357 1395 445 1415 noxas
458 1396 513 1423 quo
529 1389 655 1422 redimat,
673 1389 754 1416 oll'ert
773 1391 837 1416 Deo.

378 1433 470 1461 CXIII.
483 1449 519 1455 ——
534 1434 569 1461 In
583 1435 727 1470 sepultum.

155 1478 221 1510 Isto,
238 1479 336 1512 viator,
353 1481 480 1508 conditus
498 1481 604 1508 tumulo
618 1481 692 1516 jacet

158 1524 203 1551 Vir
218 1530 259 1552 ter
274 1526 371 1553 beatus
386 1526 609 1563 Theophylactus
624 1528 735 1556 nomine
751 1536 759 1556 :

155 1570 306 1599 Eunuchus
320 1572 458 1606 equidem,
474 1581 573 1608 genere
588 1574 636 1601 sed
651 1574 740 1602 fausto
758 1579 849 1609 satus,

156 1617 238 1645 Vultu
250 1618 368 1646 decorus
378 1619 499 1652 juvenis,
516 1627 549 1647 ac
565 1620 644 1647 valde
657 1620 729 1655 pius.

156 1665 207 1697 Qui
225 1665 331 1700 primus
349 1665 421 1692 inter
440 1666 546 1693 nobiles
562 1665 735 1700 Spatharios,

156 1711 258 1746 Longis
269 1712 367 1739 diebus
380 1711 575 1747 imperatorum
588 1712 653 1740 fuit.

156 1756 299 1792 Templum
309 1758 370 1789 hoc,
379 1758 542 1793 beatamque
551 1759 622 1786 hanc
630 1759 812 1787 monasticam
821 1760 943 1792 domum,

156 1802 255 1830 Munus
274 1804 329 1831 Deo
345 1803 517 1838 Dominoque
532 1809 652 1839 gratum,
673 1805 807 1834 condidit,

158 1847 254 1876 Errata
266 1849 327 1876 vitae
337 1857 393 1883 quo
409 1849 552 1884 piarentur
567 1858 634 1877 suae.

294 1893 387 1921 CXIV.
401 1909 436 1915 -—
451 1894 486 1921 1η
507 1897 697 1922 monasterium
716 1895 808 1931 Ignes.

157 1940 211 1968 Leo
225 1941 316 1968 clarus
334 1941 405 1968 inter
418 1946 543 1972 czeteros,
557 1942 654 1976 virque
671 1942 801 1976 optimus,

155 1989 257 2014 Amore
268 1987 381 2019 Christi,
401 1987 517 2022 conjuge
529 1988 641 2014 avulsus
655 1995 715 2021 sua,

157 2031 246 2060 Vitam
261 2037 394 2060 monasta:
410 2037 450 2060 ter
468 2033 576 2060 beatam
593 2033 737 2068 amplexus
750 2039 803 2066 est,

156 2079 284 2106 (lmlestis
299 2080 325 2105 in
340 2086 394 2114 qua
407 2078 552 2107 haeredilas
567 2080 720 2115 acquiritur
734 2089 741 2107 :

156 2127 196 2152 Ac
210 2125 367 2153 universam
381 2124 515 2152 familiam
529 2126 645 2153 adduxit
660 2126 727 2158 Deo,

158 2171 242 2199 dides
254 2172 399 2199 mulierum
412 2180 522 2207 quoque
538 2173 705 2200 monasticae
718 2177 838 2201 struens.

158 2219 211 2246 Deo
228 2218 350 2253 probatae
365 2223 464 2245 nactus
479 2223 506 2246 et
517 2219 579 2246 vim
594 2219 709 2252 exitum,

157 2266 211 2293 Isto
229 2266 353 2301 sepultus
367 2269 410 2293 est
419 2265 491 2297 loco,
507 2270 671 2300 exspectans
687 2265 771 2297 dicm,

156 2312 213 2345 Qua
230 2311 356 2340 Christus
367 2312 455 2340 aderit
466 2311 597 2339 mundum
611 2316 641 2338 ut
656 2319 765 2338 omnem
780 2311 894 2347 judicet.

340 2357 422 2386 CXV.
444 2375 469 2380 —
484 2358 517 2386 1η
531 2359 614 2393 ipsius
627 2367 745 2386 uxorem.

156 2408 241 2433 Annae
258 2406 412 2440 sepulcrum
429 2405 553 2439 proxime
569 2405 613 2432 hic
622 2407 704 2432 situm
718 2405 806 2438 vides,

157 2450 193 2478 Ut
210 2459 271 2486 qnze
287 2452 387 2478 marito
398 2451 499 2486 pariter
513 2458 625 2478 assensa
641 2455 683 2478 est
698 2459 761 2482 suo.

158 2497 308 2523 Divortium
325 2496 458 2531 perferre,
473 2495 576 2523 Christi
589 2496 687 2530 gratia.

156 2542 333 2569 Monastieam
349 2547 376 2569 et
390 2549 452 2569 cum
467 2542 561 2569 liberis
574 2542 733 2576 amplectier-

158 2586 246 2614 Vitam
264 2586 406 2622 inclytam,
423 2587 467 2614 cui
486 2592 562 2622 parta
577 2587 639 2614 etnli
657 2587 752 2623 gloria.

156 2634 244 2667 Atque
262 2633 364 2672 hincet
375 2633 433 2667 ipsa
447 2640 522 2667 spem
538 2632 600 2660 sinu
615 2638 717 2660 certam
731 2633 812 2666 foret,

155 2679 257 2707 Adfure
274 2679 358 2712 diem,
368 2687 423 2715 qua
437 2679 577 2706 Christum
589 2679 621 2707 ad
635 2680 724 2714 ipsum
739 2680 874 2713 convolet,

155 2725 225 2752 Cum
240 2733 339 2760 nempe
351 2725 442 2752 veniet
458 2725 503 2752 ille
523 2729 554 2752 ut
568 2733 665 2753 omnes
678 2725 795 2760 judicet.

384 2771 477 2798 CXVI.
497 2785 532 2791 ——
547 2771 579 2799 In
591 2772 733 2805 sepultam.

156 2816 230 2844 Fidei
248 2822 330 2852 atque
343 2824 449 2844 morum
462 2816 541 2844 laude
557 2816 657 2843 mulier
669 2815 804 2850 praestitit,

157 2863 264 2891 lllustrc
282 2872 342 2899 qua:
360 2864 481 2898 reposuit
496 2863 546 2890 hoc
559 2870 659 2898 corpus
672 2862 742 2896 loco,

757 136 787 165 S.
807 133 1004 165 THEODOR]
1026 130 1199 162 STUDIT/E

1713 124 1781 157 1808

1275 185 1326 212 Pl’.
1343 200 1375 205 —
1391 184 1492 212 Ἄλλο.

990 231 1027 261 Ὦ
1037 233 1125 269 τύμὸε
1139 231 1221 267 πικρὲ
1234 230 1289 257 τῶν
1302 230 1361 266 βίου
1375 229 1589 265 γλυκασμάτων,

991 280 1100 310 Πάντας
1117 276 1267 306 κατασπῶν
1277 276 1328 303 οὐκ
1343 275 1461 311 ἐπαρκεῖ
1473 275 1611 310 χορτάσει,

991 325 1127 361 Μικροὺς,
1145 324 1301 360 μεγίστους,
1317 322 1434 354 ὀλϐίους,
1451 321 1604 354 ἀνεστίους,

993 371 1106 407 Σοφοὺς,
1121 370 1271 406 ἀμύστους,
1289 368 1514 404 δυσπροσὼπους,
1528 367 1666 401 εὐθέτους,

993 418 1102 450 Ὅλους,
1116 416 1223 452 ἁλήθων
1238 416 1341 450 τέφραν
1352 415 1437 450 ῐσχεις
1451 413 1552 446 ὲξξσου,

993 465 1085 500 Μηδὲν
1101 464 1243 499 φέροντας,
1259 463 1275 497 ἢ
1294 463 1375 497 μόνον
1384 460 1419 487 τὰ
1434 459 1569 496 πρακτέα,

994 512 1084 545 Ἀπερ
1100 511 1225 545 παραστῇ
1241 509 1280 544 τῷ
1293 507 1361 534 θεοῦ
1372 506 1518 542 κριτηρίῳ.

993 557 1025 584 El
1043 557 1092 592 μὲν
1109 553 1253 592 κράτιστα,
1269 554 1332 586 δόξα
1343 553 1383 590 τῷ
1397 554 1560 588 κεκτημένῳ
1572 561 1580 568 ’

993 603 1026 629 El.
1038 602 1060 628 δ’
1075 599 1109 628 αὗ
1125 602 1254 631 κάκιστα,
1270 599 1321 635 φεῦ
1332 607 1363 625 τε
1378 598 1417 634 τῷ
1432 597 1641 633 φαυλοπράττῃ.

995 647 1150 682 ΙΑνθρωττε,
1164 645 1257 672 λοιπὸν
1270 645 1399 680 πρόσχες,
1415 640 1471 670 οἶόν
1494 651 1535 669 σοι
1550 643 1635 678 μένει.

1100 693 1176 720 Ρ1Λ¹.
1192 707 1225 713 -—
1246 692 1430 726 Ἐπίγραμμα
1449 691 1492 723 εἰς
1511 690 1679 724 Στέφανον.

993 738 1059 767 Ὧδε
1072 740 1209 774 Στέφανος
1221 737 1414 773 ὲγκατέκλεισε
1432 736 1527 772 δέμας,

995 785 1236 819 Εἰκοστόπεμπτον
1250 784 1278 809 ὲν
1293 782 1344 818 βίῳ
1358 782 1444 817 ζήσας
1455 781 1550 817 χρόνον
1559 789 1567 796 ·

1001 831 1150 866 Ῥάδαμνος
1168 829 1248 861 εὐθὺς
1264 828 1440 864 ἀμφικαλλὴς
1453 827 1585 855 διττόθεν.

1002 876 1048 908 Ἐξ
1062 874 1190 909 εὐγενοῦς
1210 875 1258 910 μὲν
1277 875 1392 909 αἵματος
1407 873 1579 910 διαπρέπων,

1000 922 1084 949 Ἑλὼν
1099 922 1128 948 δὲ
1146 921 1245 957 ράὃδον
1264 920 1293 954 ἐξ
1311 920 1468 956 ἀνακτόρων
1483 920 1589 951 κλέους.

995 969 1066 995 Hist
1081 968 1200 1003 ποθητδς
1215 967 1381 1004 χρηστότητι
1397 967 1453 993 τῶν
1467 967 1587 1002 τρόπων,

995 1014 1115 1041 Γυναῖκα
1130 1014 1167 1049 μὴ
1178 1015 1269 1048 γνοὺς,
1282 1013 1349 1040 ἀλλὰ
1363 1013 1496 1048 παρθένος
1509 1012 1608 1048 μένων.

996 1061 1100 1096 Ὅνπερ
1116 1059 1277 1096 προμηθῶς,
1291 1059 1321 1091 ἐξ
1332 1059 1459 1087 ἀκανθῶν
1471 1059 1508 1091 ὡς
1522 1059 1609 1095 ῥόδον,

995 1107 1049 1134 Τοῦ
1067 1107 1129 1142 τῇδε
1151 1107 1255 1141 κόσμου
1278 1105 1395 1142 Χριστὸς
1420 1106 1521 1142 ἐξάρας
1536 1106 1626 1140 τάχει,

998 1152 1073 1188 Ἔχει
1096 1152 1144 1178 σὺν
1161 1151 1250 1183 ἄλλοις
1263 1151 1338 1187 δεξιᾷ
1353 1152 1426 1187 χειρὶ
1439 1152 1556 1186 στέφων.

1234 1198 1308 1224 PIB‘.
1327 1212 1360 1216 —
1368 1198 1419 1230 Εἰς
1429 1198 1540 1225 olidam

997 1240 1078 1275 Οἶκος
1090 1243 1232 1278 δέδειγμαι
1247 1244 1422 1279 τερπνοειδὴς
1433 1241 1463 1270 εὖ
1481 1243 1565 1278 μάλα,

1003 1290 1112 1325 Ἀνδρος
1125 1290 1272 1325 κρατίστου
1292 1290 1339 1316 καὶ
1353 1291 1533 1326 πανευφήμου
1548 1290 1621 1318 λίαν.

1000 1337 1047 1369 ’ος
1061 1337 1107 1364 καὶ
1121 1338 1246 1372 νεουργεί
1262 1336 1311 1370 τὴν
1328 1336 1393 1372 ὃλην
1407 1337 1490 1372 μονὴν
1504 1337 1591 1372 πόθῳ,

996 1383 1056 1418 Θεῷ
1073 1383 1222 1418 προσοίσας
1237 1382 1335 1418 λύτρον
1349 1383 1407 1410 ἀνθ’
1423 1383 1599 1419 ἁμαρτάδων.

1191 1429 1260 1456 ΡΙΓ’.
1278 1445 1313 1450 -
1328 1431 1381 1462 Εἰς
1397 1428 1587 1464 κοιμηθέντα.

997 1470 1061 1500 Ὠδε
1078 1474 1218 1510 προελθὼν
1233 1474 1396 1501 ὲντέῡαπται
1411 1474 1449 1510 τῷ
1466 1475 1554 1510 τάφῳ,

974 1537 980 1563 Ζ
998 1520 1185 1555 Θεοφύλακτος
1200 1521 1213 1547 ὁ
1227 1521 1379 1556 τρισόλϐιος
1397 1521 1484 1556 μέροψ
1496 1529 1504 1537 ⁸

1000 1566 1134 1601 Εὐνοῦχος
1152 1567 1201 1602 μὲν
1214 1567 1260 1599 ἂν,
1274 1567 1342 1594 ἀλλὰ
1356 1567 1443 1599 δεξιοῦ
1459 1568 1565 1602 γένους,

999 1611 1119 1644 Εΰοπτος
1133 1613 1204 1648 ἧλιξ,
1220 1614 1335 1649 εὐσεϐής
1352 1621 1384 1647 γε
1402 1613 1450 1640 καὶ
1467 1613 1549 1649 μάλα.

1001 1658 1050 1690 ’⁷ος
1064 1658 1257 1693 πρωτοὸαθρεῖ
1271 1659 1300 1685 ὲν
1316 1658 1482 1693 Σπαθαρίων
1497 1659 1601 1690 στάσει,

1005 1704 1048 1730 Ἐν
1065 1704 1233 1740 μακρότησιν
1248 1704 1358 1739 ἡμερῶν
1374 1705 1546 1740 ἀνακτόρων.

999 1749 1050 1775 Τὸν
1065 1749 1127 1784 τῇδε
1143 1749 1217 1782 ναὸν,
1235 1749 1283 1776 καὶ
1300 1749 1384 1785 μονὴν
1400 1751 1560 1785 παναισιαν,

1001 1795 1115 1830 Ἦγειρε
1129 1795 1254 1830 τερπνῶς
1272 1795 1311 1830 τῷ
1326 1796 1385 1831 Θεῷ
1399 1796 1445 1823 καὶ
1460 1797 1594 1833 Δεσπότῃ,

999 1841 1046 1873 Εἰς
1064 1841 1162 1877 λύτρον
1176 1841 1258 1868 αὐτοῦ
1274 1841 1454 1876 πταισμάτων
1466 1842 1519 1869 τῶν
1534 1844 1562 1869 ἐν
1576 1843 1637 1878 βίῳ.

1146 1886 1217 1915 ΡΙΔ¹.
1236 1903 1266 1908 -
1284 1889 1336 1921 Εἰς
1349 1889 1447 1923 Ἰγνας
1458 1888 1515 1922 τὴν
1526 1889 1636 1924 μονήν.

999 1945 1075 1971 Λέων
1089 1945 1104 1971 ό
1119 1945 1225 1976 κλεινὸς
1239 1945 1289 1971 καὶ
1307 1945 1452 1981 κράτιστος
1468 1946 1609 1982 ἀνδράσιν,

999 1989 1120 2025 Τμηθεὶς
1137 1990 1265 2017 συνεύνου
1280 1990 1536 2026 Χριστοσυμπλόκῳ
1551 1991 1638 2028 πόθῳ,

998 2033 1062 2062 Εἷλε
1078 2036 1214 2071 μονήρους
1227 2036 1272 2063 τὸν
1284 2036 1436 2071 τρισόλϐιον
1454 2036 1523 2072 βίον.

1004 2081 1049 2113 Ὧς
1062 2081 1246 2116 προξενοῦντα
1259 2082 1310 2117 τὴν
1322 2082 1378 2109 ᾶνω
1392 2082 1558 2118 κληρουχίαν
1569 2091 1576 2098 ο

1000 2127 1083 2162 Ὅλην
1102 2127 1240 2162 προσάξεις
1256 2127 1296 2163 τῷ
1309 2127 1369 2163 Θεῷ
1382 2129 1431 2164 τὴν
1442 2129 1541 2161 οἰκίαν,

999 2172 1090 2207 Μονὴν
1103 2173 1240 2207 γυναικῶν
1256 2174 1434 2209 σχηματίζειν
1450 2175 1550 2202 αέσίαν.

962 2214 984 2241 Ῐ)
1000 2220 1054 2247 Καὶ
1064 2220 1244 2256 τερματισμῷ
1257 2220 1305 2247 τοῦ
1319 2220 1461 2252 θεοκλεοῦς
1475 2222 1587 2257 δρόμου,

999 2262 1066 2301 Ὦδη
1080 2265 1225 2299 τέθαπται,
1242 2267 1405 2302 προσμένων
1421 2268 1471 2303 τὴν
1482 2269 1601 2303 ἡμέραν,

1005 2311 1049 2338 Ἐν
1061 2308 1133 2348 ᾗπερ
1152 2311 1212 2346 ἥξει
1229 2312 1347 2347 Χριστὸς
1362 2314 1402 2344 εἰς
1418 2313 1526 2340 πάντων
1543 2314 1646 2349 κρίσιν,

1129 2358 1204 2384 Ρ1Ε’.
1220 2372 1255 2377 -—
1269 2359 1321 2391 Εἰς
1336 2358 1394 2392 τὴν
1411 2359 1505 2386 αὐτοῦ
1519 2361 1657 2394 σύμϐιον.

999 2403 1100 2438 Ἀννης
1112 2403 1142 2429 τὸ
1154 2403 1230 2438 σῆμα
1245 2404 1378 2439 συμφυῶς
1395 2402 1446 2431 ὦδε
1458 2405 1577 2441 βλέπεις,

1005 2449 1048 2481 Ὠς
1062 2449 1100 2484 τῷ
1115 2449 1234 2482 συνεύνῳ
1249 2458 1280 2476 συ
1285 2451 1482 2485 μφρονησάσης
1495 2452 1550 2484 ἴσα,

997 2495 1099 2522 Παθεῖν
1113 2496 1254 2531 χωρισμὸν
1265 2497 1356 2523 εἵνεκα
1371 2498 1491 2533 Χριστοῦ
1506 2499 1589 2534 μάλα.

998 2541 1053 2568 Καὶ
1066 2541 1096 2567 τὸ
1114 2542 1250 2577 μονήρους
1267 2543 1442 2570 ἀσπάσασθαι
1455 2543 1504 2571 σὺν
1517 2544 1633 2578 τέκνοις,

997 2586 1060 2613 Βεον
1075 2587 1185 2621 φαεινὸν
1198 2588 1400 2624 οὐρανοκτήτου
1417 2589 1523 2621 κλὲοιῖς.

998 2632 1080 2658 Ὅθεν
1095 2641 1127 2667 γε
1143 2633 1230 2668 καύτὴ
1247 2634 1396 2668 προσμένει
1409 2635 1457 2669 τὴν
1471 2635 1576 2668 ἐλπίδα,

998 2678 1069 2713 Πρὸς
1083 2678 1200 2714 Χριστὸν
1214 2679 1295 2706 αὑτὸν
1311 2679 1525 2715 οὐρανοὸραμείν
1538 2682 1611 2713 τότε,

998 2725 1057 2751 Ὀτ’
1071 2725 1103 2752 ἄν
1119 2733 1171 2761 περ
1182 2725 1234 2761 ἥξῃ
1249 2726 1296 2753 τοῦ
1310 2726 1402 2762 κρίναι
1415 2727 1528 2762 βροτοὺς
1540 2728 1629 2760 ὅλους,

1192 2771 1274 2805 Ριεῖι.
1289 2773 1381 2804 -Εὶς
1395 2773 1602 2807 κοιμηθεῖσαν.

1003 2815 1099 2852 Ἐσθλὴ
1115 2818 1254 2850 γυναικῶν
1268 2818 1297 2845 ἐν
1314 2827 1343 2845 τε
1358 2819 1449 2845 πίστει
1465 2820 1513 2846 καὶ⁸
1533 2820 1594 2856 βίῳ,

1004 2862 1035 2888 Ἢ
1049 2863 1110 2898 τῇδε
1124 2864 1201 2890 οεῖσα
1218 2864 1246 2891 τὸ
1258 2864 1373 2896 κλεῶδες
1392 2865 1514 2901 σαρκίον,
