  <div class='ocr_page' id='page_1' title='image "/cluster/home/n/w/nwhite01/storage/ocr_20150623/99/njp.32101010943858/976.png"; bbox 0 0 1925 3088; ppageno 0'>
   <div class='ocr_carea' id='block_1_1' title="bbox 161 202 775 239">
    <p class='ocr_par' dir='ltr' id='par_1_1' title="bbox 161 202 775 239">
     <span class='ocr_line' id='line_1_1' title="bbox 161 202 775 239; baseline 0 -7"><span class='ocrx_word' id='word_1_1' title='bbox 161 206 218 232; x_wconf 76' lang='grc' dir='ltr'><strong>Καὶ</strong></span> <span class='ocrx_word' id='word_1_2' title='bbox 230 203 341 239; x_wconf 81' lang='grc' dir='ltr'>πνεῦμα</span> <span class='ocrx_word' id='word_1_3' title='bbox 354 202 439 230; x_wconf 82' lang='grc' dir='ltr'><strong>δοῦσα</strong></span> <span class='ocrx_word' id='word_1_4' title='bbox 450 203 489 238; x_wconf 78' lang='grc' dir='ltr'><strong>τῷ</strong></span> <span class='ocrx_word' id='word_1_5' title='bbox 505 202 566 238; x_wconf 86' lang='grc' dir='ltr'><strong>Θεῷ</strong></span> <span class='ocrx_word' id='word_1_6' title='bbox 578 204 625 230; x_wconf 88' lang='grc' dir='ltr'><strong>καί</strong></span> <span class='ocrx_word' id='word_1_7' title='bbox 641 204 775 239; x_wconf 75' lang='grc' dir='ltr'>Δεσπότῃ.</span> 
     </span>
    </p>
   </div>
   <div class='ocr_carea' id='block_1_2' title="bbox 162 249 660 285">
    <p class='ocr_par' dir='ltr' id='par_1_2' title="bbox 162 249 660 285">
     <span class='ocr_line' id='line_1_2' title="bbox 162 249 660 285; baseline -0.004 -7"><span class='ocrx_word' id='word_1_8' title='bbox 162 253 210 282; x_wconf 84' lang='grc' dir='ltr'>Ὃς</span> <span class='ocrx_word' id='word_1_9' title='bbox 224 251 381 285; x_wconf 81' lang='grc' dir='ltr'><strong>εὐδόκησεν,</strong></span> <span class='ocrx_word' id='word_1_10' title='bbox 399 249 531 276; x_wconf 80' lang='grc' dir='ltr'>Εὺδοκίαν</span> <span class='ocrx_word' id='word_1_11' title='bbox 547 250 660 281; x_wconf 71' lang='grc' dir='ltr'>εἰκότως</span> 
     </span>
    </p>
   </div>
   <div class='ocr_carea' id='block_1_3' title="bbox 159 295 760 332">
    <p class='ocr_par' dir='ltr' id='par_1_3' title="bbox 159 295 760 332">
     <span class='ocr_line' id='line_1_3' title="bbox 159 295 760 332; baseline -0.005 -8"><span class='ocrx_word' id='word_1_12' title='bbox 159 297 266 332; x_wconf 76' lang='grc' dir='ltr'>Ταύτην</span> <span class='ocrx_word' id='word_1_13' title='bbox 279 296 421 323; x_wconf 75' lang='grc' dir='ltr'>καλεῖσθαι</span> <span class='ocrx_word' id='word_1_14' title='bbox 433 296 473 331; x_wconf 80' lang='grc' dir='ltr'>τῷ</span> <span class='ocrx_word' id='word_1_15' title='bbox 489 295 645 332; x_wconf 75' lang='grc' dir='ltr'>φερωνὺμῳ</span> <span class='ocrx_word' id='word_1_16' title='bbox 655 295 760 331; x_wconf 83' lang='grc' dir='ltr'>τρόπῳ,</span> 
     </span>
    </p>
   </div>
   <div class='ocr_carea' id='block_1_4' title="bbox 165 342 766 378">
    <p class='ocr_par' dir='ltr' id='par_1_4' title="bbox 165 342 766 378">
     <span class='ocr_line' id='line_1_4' title="bbox 165 342 766 378; baseline -0.005 -7"><span class='ocrx_word' id='word_1_17' title='bbox 165 344 208 376; x_wconf 84' lang='grc' dir='ltr'>Ὠς</span> <span class='ocrx_word' id='word_1_18' title='bbox 218 343 412 378; x_wconf 81' lang='grc' dir='ltr'>εὐδοκηθεῖσάν</span> <span class='ocrx_word' id='word_1_19' title='bbox 427 351 459 376; x_wconf 89' lang='grc' dir='ltr'>γε</span> <span class='ocrx_word' id='word_1_20' title='bbox 476 342 628 376; x_wconf 76' lang='grc' dir='ltr'><strong>παγκάλως</strong></span> <span class='ocrx_word' id='word_1_21' title='bbox 644 342 766 378; x_wconf 85' lang='grc' dir='ltr'>τρόποις,</span> 
     </span>
    </p>
   </div>
   <div class='ocr_carea' id='block_1_5' title="bbox 159 387 724 424">
    <p class='ocr_par' dir='ltr' id='par_1_5' title="bbox 159 387 724 424">
     <span class='ocr_line' id='line_1_5' title="bbox 159 387 724 424; baseline -0.002 -8"><span class='ocrx_word' id='word_1_22' title='bbox 159 390 212 416; x_wconf 76' lang='grc' dir='ltr'><strong>Σὺν</strong></span> <span class='ocrx_word' id='word_1_23' title='bbox 225 389 302 424; x_wconf 74' lang='grc' dir='ltr'>ἀνδρὶ</span> <span class='ocrx_word' id='word_1_24' title='bbox 315 388 413 424; x_wconf 82' lang='grc' dir='ltr'>κλεινῷ</span> <span class='ocrx_word' id='word_1_25' title='bbox 428 389 528 423; x_wconf 79' lang='grc' dir='ltr'>σεμνὸν</span> <span class='ocrx_word' id='word_1_26' title='bbox 541 388 643 420; x_wconf 81' lang='grc' dir='ltr'>ὲξοῖσαι</span> <span class='ocrx_word' id='word_1_27' title='bbox 656 387 724 422; x_wconf 81' lang='grc' dir='ltr'>βίον.</span> 
     </span>
    </p>
   </div>
   <div class='ocr_carea' id='block_1_6' title="bbox 159 433 709 469">
    <p class='ocr_par' dir='ltr' id='par_1_6' title="bbox 159 433 709 469">
     <span class='ocr_line' id='line_1_6' title="bbox 159 433 709 469; baseline -0.004 -8"><span class='ocrx_word' id='word_1_28' title='bbox 159 434 218 462; x_wconf 77' lang='grc' dir='ltr'>Κᾶν</span> <span class='ocrx_word' id='word_1_29' title='bbox 232 434 271 469; x_wconf 86' lang='grc' dir='ltr'>τῷ</span> <span class='ocrx_word' id='word_1_30' title='bbox 282 434 423 469; x_wconf 76' lang='grc' dir='ltr'><strong>τελευτᾷν,</strong></span> <span class='ocrx_word' id='word_1_31' title='bbox 438 433 604 460; x_wconf 81' lang='grc' dir='ltr'>εὑδωθεῖσαν</span> <span class='ocrx_word' id='word_1_32' title='bbox 618 433 709 460; x_wconf 78' lang='grc' dir='ltr'>κλίναι</span> 
     </span>
    </p>
   </div>
   <div class='ocr_carea' id='block_1_7' title="bbox 159 478 763 516">
    <p class='ocr_par' dir='ltr' id='par_1_7' title="bbox 159 478 763 516">
     <span class='ocr_line' id='line_1_7' title="bbox 159 478 763 516; baseline -0.005 -9"><span class='ocrx_word' id='word_1_33' title='bbox 159 480 232 516; x_wconf 81' lang='grc' dir='ltr'>Πρὸς</span> <span class='ocrx_word' id='word_1_34' title='bbox 245 480 338 506; x_wconf 81' lang='grc' dir='ltr'>πίστιν</span> <span class='ocrx_word' id='word_1_35' title='bbox 349 479 434 515; x_wconf 80' lang='grc' dir='ltr'>ὀρθὴν</span> <span class='ocrx_word' id='word_1_36' title='bbox 449 479 495 505; x_wconf 76' lang='grc' dir='ltr'>τὸν</span> <span class='ocrx_word' id='word_1_37' title='bbox 507 478 631 513; x_wconf 73' lang='grc' dir='ltr'>φύσαντα</span> <span class='ocrx_word' id='word_1_38' title='bbox 645 478 763 512; x_wconf 84' lang='grc' dir='ltr'><strong>πατέρα.</strong></span> 
     </span>
    </p>
   </div>
   <div class='ocr_carea' id='block_1_8' title="bbox 344 524 757 559">
    <p class='ocr_par' dir='ltr' id='par_1_8' title="bbox 344 524 757 559">
     <span class='ocr_line' id='line_1_8' title="bbox 344 524 757 559; baseline 0 -8"><span class='ocrx_word' id='word_1_39' title='bbox 344 525 418 552; x_wconf 89' lang='lat' dir='ltr'><strong>PIZ&#39;.</strong></span> <span class='ocrx_word' id='word_1_40' title='bbox 430 539 466 545; x_wconf 90' lang='lat'><em>—</em></span> <span class='ocrx_word' id='word_1_41' title='bbox 481 526 534 558; x_wconf 70' lang='grc' dir='ltr'><strong>Εἰς</strong></span> <span class='ocrx_word' id='word_1_42' title='bbox 550 524 757 559; x_wconf 80' lang='grc' dir='ltr'>κοιμηθεῖσαν.</span> 
     </span>
    </p>
   </div>
   <div class='ocr_carea' id='block_1_9' title="bbox 158 569 718 607">
    <p class='ocr_par' dir='ltr' id='par_1_9' title="bbox 158 569 718 607">
     <span class='ocr_line' id='line_1_9' title="bbox 158 569 718 607; baseline -0.005 -8"><span class='ocrx_word' id='word_1_43' title='bbox 158 571 318 607; x_wconf 81' lang='grc' dir='ltr'>Εὒχρηστον</span> <span class='ocrx_word' id='word_1_44' title='bbox 332 570 416 602; x_wconf 72' lang='grc' dir='ltr'>ὅντως</span> <span class='ocrx_word' id='word_1_45' title='bbox 428 570 525 601; x_wconf 81' lang='grc' dir='ltr'>σκεῦος</span> <span class='ocrx_word' id='word_1_46' title='bbox 540 569 718 606; x_wconf 73' lang='grc' dir='ltr'><strong>ἡγιασμένον,</strong></span> 
     </span>
    </p>
   </div>
   <div class='ocr_carea' id='block_1_10' title="bbox 165 615 719 652">
    <p class='ocr_par' dir='ltr' id='par_1_10' title="bbox 165 615 719 652">
     <span class='ocr_line' id='line_1_10' title="bbox 165 615 719 652; baseline -0.005 -8"><span class='ocrx_word' id='word_1_47' title='bbox 165 617 336 644; x_wconf 80' lang='grc' dir='ltr'>Ίσοστατοῦν</span> <span class='ocrx_word' id='word_1_48' title='bbox 347 625 378 650; x_wconf 88' lang='grc' dir='ltr'>γε</span> <span class='ocrx_word' id='word_1_49' title='bbox 391 615 600 652; x_wconf 84' lang='grc' dir='ltr'>χρυσοκολλήτῳ</span> <span class='ocrx_word' id='word_1_50' title='bbox 614 616 719 649; x_wconf 80' lang='grc' dir='ltr'><strong>στέφει,</strong></span> 
     </span>
    </p>
   </div>
   <div class='ocr_carea' id='block_1_11' title="bbox 165 661 770 697">
    <p class='ocr_par' dir='ltr' id='par_1_11' title="bbox 165 661 770 697">
     <span class='ocr_line' id='line_1_11' title="bbox 165 661 770 697; baseline -0.005 -8"><span class='ocrx_word' id='word_1_51' title='bbox 165 663 288 694; x_wconf 84' lang='grc' dir='ltr'>Ῥαντοῖς</span> <span class='ocrx_word' id='word_1_52' title='bbox 301 662 408 688; x_wconf 78' lang='grc' dir='ltr'><strong>καλοῖσι</strong></span> <span class='ocrx_word' id='word_1_53' title='bbox 425 662 580 697; x_wconf 80' lang='grc' dir='ltr'>μαργάροις</span> <span class='ocrx_word' id='word_1_54' title='bbox 594 661 770 697; x_wconf 81' lang='grc' dir='ltr'>ηὺγασμένῳ,</span> 
     </span>
    </p>
   </div>
   <div class='ocr_carea' id='block_1_12' title="bbox 165 707 686 743">
    <p class='ocr_par' dir='ltr' id='par_1_12' title="bbox 165 707 686 743">
     <span class='ocr_line' id='line_1_12' title="bbox 165 707 686 743; baseline -0.004 -8"><span class='ocrx_word' id='word_1_55' title='bbox 165 709 198 735; x_wconf 87' lang='grc' dir='ltr'><em>Ἦ</em></span> <span class='ocrx_word' id='word_1_56' title='bbox 213 708 276 743; x_wconf 79' lang='grc' dir='ltr'>τῇδε</span> <span class='ocrx_word' id='word_1_57' title='bbox 290 708 369 734; x_wconf 81' lang='grc' dir='ltr'>θεῖσα</span> <span class='ocrx_word' id='word_1_58' title='bbox 379 707 410 734; x_wconf 83' lang='grc' dir='ltr'>τὸ</span> <span class='ocrx_word' id='word_1_59' title='bbox 423 707 576 743; x_wconf 73' lang='grc' dir='ltr'>τρισόλϐιον</span> <span class='ocrx_word' id='word_1_60' title='bbox 591 707 686 742; x_wconf 80' lang='grc' dir='ltr'>δέμας.</span> 
     </span>
    </p>
   </div>
   <div class='ocr_carea' id='block_1_13' title="bbox 157 752 701 790">
    <p class='ocr_par' dir='ltr' id='par_1_13' title="bbox 157 752 701 790">
     <span class='ocr_line' id='line_1_13' title="bbox 157 752 701 790; baseline -0.002 -10"><span class='ocrx_word' id='word_1_61' title='bbox 157 755 228 781; x_wconf 84' lang='grc' dir='ltr'>Νέου</span> <span class='ocrx_word' id='word_1_62' title='bbox 243 754 297 790; x_wconf 81' lang='grc' dir='ltr'><strong>γὰρ</strong></span> <span class='ocrx_word' id='word_1_63' title='bbox 309 754 405 788; x_wconf 75' lang='grc' dir='ltr'>ἀνδρὸς</span> <span class='ocrx_word' id='word_1_64' title='bbox 417 752 536 788; x_wconf 76' lang='grc' dir='ltr'><strong>ἐκτομὴν</strong></span> <span class='ocrx_word' id='word_1_65' title='bbox 549 753 701 784; x_wconf 82' lang='grc' dir='ltr'>ὑποστάσα,</span> 
     </span>
    </p>
   </div>
   <div class='ocr_carea' id='block_1_14' title="bbox 160 797 735 834">
    <p class='ocr_par' dir='ltr' id='par_1_14' title="bbox 160 797 735 834">
     <span class='ocr_line' id='line_1_14' title="bbox 160 797 735 834; baseline -0.005 -8"><span class='ocrx_word' id='word_1_66' title='bbox 160 800 266 834; x_wconf 80' lang='grc' dir='ltr'>’Πρωος</span> <span class='ocrx_word' id='word_1_67' title='bbox 283 799 364 826; x_wconf 77' lang='grc' dir='ltr'>ἄλλου</span> <span class='ocrx_word' id='word_1_68' title='bbox 379 798 419 834; x_wconf 83' lang='grc' dir='ltr'>τῷ</span> <span class='ocrx_word' id='word_1_69' title='bbox 433 798 522 825; x_wconf 82' lang='grc' dir='ltr'>σθένει</span> <span class='ocrx_word' id='word_1_70' title='bbox 537 797 584 824; x_wconf 74' lang='grc' dir='ltr'>καὶ</span> <span class='ocrx_word' id='word_1_71' title='bbox 600 797 639 833; x_wconf 84' lang='grc' dir='ltr'>τῷ</span> <span class='ocrx_word' id='word_1_72' title='bbox 651 798 735 828; x_wconf 84' lang='grc' dir='ltr'>κλέει,</span> 
     </span>
    </p>
   </div>
   <div class='ocr_carea' id='block_1_15' title="bbox 160 843 751 880">
    <p class='ocr_par' dir='ltr' id='par_1_15' title="bbox 160 843 751 880">
     <span class='ocr_line' id='line_1_15' title="bbox 160 843 751 880; baseline -0.003 -8"><span class='ocrx_word' id='word_1_73' title='bbox 160 845 231 880; x_wconf 84' lang='grc' dir='ltr'>Πρὸς</span> <span class='ocrx_word' id='word_1_74' title='bbox 255 844 401 880; x_wconf 79' lang='grc' dir='ltr'><strong>Ἀρμενίας</strong></span> <span class='ocrx_word' id='word_1_75' title='bbox 415 845 471 871; x_wconf 80' lang='grc' dir='ltr'>τοῖν</span> <span class='ocrx_word' id='word_1_76' title='bbox 484 844 558 870; x_wconf 83' lang='grc' dir='ltr'>δυοῖν</span> <span class='ocrx_word' id='word_1_77' title='bbox 568 843 751 879; x_wconf 81' lang='grc' dir='ltr'><strong>ὡρμημένων,</strong></span> 
     </span>
    </p>
   </div>
   <div class='ocr_carea' id='block_1_16' title="bbox 160 888 687 927">
    <p class='ocr_par' dir='ltr' id='par_1_16' title="bbox 160 888 687 927">
     <span class='ocr_line' id='line_1_16' title="bbox 160 888 687 927; baseline 0 -9"><span class='ocrx_word' id='word_1_78' title='bbox 160 893 288 926; x_wconf 84' lang='grc' dir='ltr'>Ἀριστον</span> <span class='ocrx_word' id='word_1_79' title='bbox 306 888 353 927; x_wconf 80' lang='grc' dir='ltr'><strong>ᾖδε</strong></span> <span class='ocrx_word' id='word_1_80' title='bbox 367 891 448 917; x_wconf 75' lang='grc' dir='ltr'>τοῦτο</span> <span class='ocrx_word' id='word_1_81' title='bbox 460 891 590 926; x_wconf 77' lang='grc' dir='ltr'><strong>κέκρικεν</strong></span> <span class='ocrx_word' id='word_1_82' title='bbox 605 891 687 926; x_wconf 80' lang='grc' dir='ltr'>μάλα,</span> 
     </span>
    </p>
   </div>
   <div class='ocr_carea' id='block_1_17' title="bbox 158 936 746 972">
    <p class='ocr_par' dir='ltr' id='par_1_17' title="bbox 158 936 746 972">
     <span class='ocr_line' id='line_1_17' title="bbox 158 936 746 972; baseline -0.002 -9"><span class='ocrx_word' id='word_1_83' title='bbox 158 937 198 963; x_wconf 70' lang='grc' dir='ltr'>Τὰ</span> <span class='ocrx_word' id='word_1_84' title='bbox 213 938 302 964; x_wconf 86' lang='grc' dir='ltr'>πάντα</span> <span class='ocrx_word' id='word_1_85' title='bbox 314 936 404 964; x_wconf 79' lang='grc' dir='ltr'>δοῦναι</span> <span class='ocrx_word' id='word_1_86' title='bbox 421 937 460 972; x_wconf 83' lang='grc' dir='ltr'>τῷ</span> <span class='ocrx_word' id='word_1_87' title='bbox 472 936 532 971; x_wconf 85' lang='grc' dir='ltr'><strong>Θεῷ</strong></span> <span class='ocrx_word' id='word_1_88' title='bbox 549 936 596 963; x_wconf 77' lang='grc' dir='ltr'>καὶ</span> <span class='ocrx_word' id='word_1_89' title='bbox 611 936 746 972; x_wconf 80' lang='grc' dir='ltr'>Δεσπότῃ,</span> 
     </span>
    </p>
   </div>
   <div class='ocr_carea' id='block_1_18' title="bbox 164 981 735 1016">
    <p class='ocr_par' dir='ltr' id='par_1_18' title="bbox 164 981 735 1016">
     <span class='ocr_line' id='line_1_18' title="bbox 164 981 735 1016; baseline 0 -7"><span class='ocrx_word' id='word_1_90' title='bbox 164 982 353 1009; x_wconf 79' lang='grc' dir='ltr'>Ῥακοστολεῖν</span> <span class='ocrx_word' id='word_1_91' title='bbox 365 982 394 1008; x_wconf 76' lang='grc' dir='ltr'><strong>δὲ</strong></span> <span class='ocrx_word' id='word_1_92' title='bbox 408 981 448 1016; x_wconf 85' lang='grc' dir='ltr'>τῷ</span> <span class='ocrx_word' id='word_1_93' title='bbox 461 981 618 1016; x_wconf 83' lang='grc' dir='ltr'>μοναστικῷ</span> <span class='ocrx_word' id='word_1_94' title='bbox 631 981 735 1016; x_wconf 83' lang='grc' dir='ltr'>τρόπῳ.</span> 
     </span>
    </p>
   </div>
   <div class='ocr_carea' id='block_1_19' title="bbox 160 1027 685 1063">
    <p class='ocr_par' dir='ltr' id='par_1_19' title="bbox 160 1027 685 1063">
     <span class='ocr_line' id='line_1_19' title="bbox 160 1027 685 1063; baseline -0.004 -8"><span class='ocrx_word' id='word_1_95' title='bbox 160 1028 209 1055; x_wconf 86' lang='grc' dir='ltr'>Ἰοι</span> <span class='ocrx_word' id='word_1_96' title='bbox 222 1028 355 1063; x_wconf 80' lang='grc' dir='ltr'>κράτιστα</span> <span class='ocrx_word' id='word_1_97' title='bbox 369 1028 515 1063; x_wconf 81' lang='grc' dir='ltr'>τοιγαροῦν</span> <span class='ocrx_word' id='word_1_98' title='bbox 527 1028 555 1054; x_wconf 87' lang='grc' dir='ltr'>ὲν</span> <span class='ocrx_word' id='word_1_99' title='bbox 570 1027 609 1062; x_wconf 85' lang='grc' dir='ltr'>τῷ</span> <span class='ocrx_word' id='word_1_100' title='bbox 624 1027 685 1062; x_wconf 88' lang='grc' dir='ltr'>βίῳ,</span> 
     </span>
    </p>
   </div>
   <div class='ocr_carea' id='block_1_20' title="bbox 158 1073 773 1109">
    <p class='ocr_par' dir='ltr' id='par_1_20' title="bbox 158 1073 773 1109">
     <span class='ocr_line' id='line_1_20' title="bbox 158 1073 773 1109; baseline -0.003 -8"><span class='ocrx_word' id='word_1_101' title='bbox 158 1074 270 1109; x_wconf 76' lang='grc' dir='ltr'>Κόσμον</span> <span class='ocrx_word' id='word_1_102' title='bbox 288 1074 425 1109; x_wconf 80' lang='grc' dir='ltr'>φέρουσαν</span> <span class='ocrx_word' id='word_1_103' title='bbox 436 1073 486 1109; x_wconf 79' lang='grc' dir='ltr'>τὴν</span> <span class='ocrx_word' id='word_1_104' title='bbox 500 1073 631 1108; x_wconf 81' lang='grc' dir='ltr'>ταπεινὴν</span> <span class='ocrx_word' id='word_1_105' title='bbox 646 1073 773 1108; x_wconf 78' lang='grc' dir='ltr'>καρδίαν,</span> 
     </span>
    </p>
   </div>
   <div class='ocr_carea' id='block_1_21' title="bbox 165 1118 742 1155">
    <p class='ocr_par' dir='ltr' id='par_1_21' title="bbox 165 1118 742 1155">
     <span class='ocr_line' id='line_1_21' title="bbox 165 1118 742 1155; baseline -0.005 -8"><span class='ocrx_word' id='word_1_106' title='bbox 165 1120 377 1155; x_wconf 83' lang='grc' dir='ltr'>Ἰσοσμάραγδον</span> <span class='ocrx_word' id='word_1_107' title='bbox 390 1119 439 1155; x_wconf 77' lang='grc' dir='ltr'>τὴν</span> <span class='ocrx_word' id='word_1_108' title='bbox 457 1119 521 1155; x_wconf 70' lang='grc' dir='ltr'>ῥοὴν</span> <span class='ocrx_word' id='word_1_109' title='bbox 535 1119 590 1146; x_wconf 85' lang='grc' dir='ltr'>τῶν</span> <span class='ocrx_word' id='word_1_110' title='bbox 606 1118 742 1154; x_wconf 85' lang='grc' dir='ltr'>δακρύων,</span> 
     </span>
    </p>
   </div>
   <div class='ocr_carea' id='block_1_22' title="bbox 161 1164 788 1200">
    <p class='ocr_par' dir='ltr' id='par_1_22' title="bbox 161 1164 788 1200">
     <span class='ocr_line' id='line_1_22' title="bbox 161 1164 788 1200; baseline -0.003 -8"><span class='ocrx_word' id='word_1_111' title='bbox 161 1166 319 1200; x_wconf 83' lang='grc' dir='ltr'>Ἀγρυπνον</span> <span class='ocrx_word' id='word_1_112' title='bbox 332 1166 421 1200; x_wconf 72' lang='grc' dir='ltr'>ὄμμα,</span> <span class='ocrx_word' id='word_1_113' title='bbox 434 1165 480 1192; x_wconf 77' lang='grc' dir='ltr'>καὶ</span> <span class='ocrx_word' id='word_1_114' title='bbox 491 1164 645 1200; x_wconf 81' lang='grc' dir='ltr'>προσευχὴν</span> <span class='ocrx_word' id='word_1_115' title='bbox 656 1164 692 1196; x_wconf 82' lang='grc' dir='ltr'>ὡς</span> <span class='ocrx_word' id='word_1_116' title='bbox 706 1165 788 1197; x_wconf 75' lang='grc' dir='ltr'>φάος⁶</span> 
     </span>
    </p>
   </div>
   <div class='ocr_carea' id='block_1_23' title="bbox 159 1209 746 1246">
    <p class='ocr_par' dir='ltr' id='par_1_23' title="bbox 159 1209 746 1246">
     <span class='ocr_line' id='line_1_23' title="bbox 159 1209 746 1246; baseline -0.002 -9"><span class='ocrx_word' id='word_1_117' title='bbox 159 1211 251 1246; x_wconf 75' lang='grc' dir='ltr'><strong>Ταῦτῃ</strong></span> <span class='ocrx_word' id='word_1_118' title='bbox 267 1211 366 1237; x_wconf 83' lang='grc' dir='ltr'>τελειοῖ</span> <span class='ocrx_word' id='word_1_119' title='bbox 379 1211 424 1237; x_wconf 83' lang='grc' dir='ltr'><strong>καί</strong></span> <span class='ocrx_word' id='word_1_120' title='bbox 438 1218 469 1244; x_wconf 86' lang='grc' dir='ltr'>γε</span> <span class='ocrx_word' id='word_1_121' title='bbox 486 1210 565 1241; x_wconf 81' lang='grc' dir='ltr'><strong>θείως</strong></span> <span class='ocrx_word' id='word_1_122' title='bbox 578 1210 624 1236; x_wconf 77' lang='grc' dir='ltr'>τὸν</span> <span class='ocrx_word' id='word_1_123' title='bbox 636 1209 746 1244; x_wconf 83' lang='grc' dir='ltr'>δρόμον,</span> 
     </span>
    </p>
   </div>
   <div class='ocr_carea' id='block_1_24' title="bbox 165 1255 723 1293">
    <p class='ocr_par' dir='ltr' id='par_1_24' title="bbox 165 1255 723 1293">
     <span class='ocr_line' id='line_1_24' title="bbox 165 1255 723 1293; baseline -0.004 -10"><span class='ocrx_word' id='word_1_124' title='bbox 165 1257 407 1293; x_wconf 71' lang='grc' dir='ltr'>’Λπροσπέλαστον</span> <span class='ocrx_word' id='word_1_125' title='bbox 420 1255 613 1292; x_wconf 72' lang='grc' dir='ltr'>αἱρετιζόντων</span> <span class='ocrx_word' id='word_1_126' title='bbox 624 1255 723 1292; x_wconf 82' lang='grc' dir='ltr'>πλάνῃ.</span> 
     </span>
    </p>
   </div>
   <div class='ocr_carea' id='block_1_25' title="bbox 160 1301 751 1337">
    <p class='ocr_par' dir='ltr' id='par_1_25' title="bbox 160 1301 751 1337">
     <span class='ocr_line' id='line_1_25' title="bbox 160 1301 751 1337; baseline -0.003 -8"><span class='ocrx_word' id='word_1_127' title='bbox 160 1302 276 1329; x_wconf 81' lang='grc' dir='ltr'>Διπλοῦν</span> <span class='ocrx_word' id='word_1_128' title='bbox 289 1302 317 1329; x_wconf 74' lang='grc' dir='ltr'><strong>δὲ</strong></span> <span class='ocrx_word' id='word_1_129' title='bbox 329 1302 416 1337; x_wconf 86' lang='grc' dir='ltr'>δῶρον</span> <span class='ocrx_word' id='word_1_130' title='bbox 430 1301 469 1336; x_wconf 81' lang='grc' dir='ltr'>τῷ</span> <span class='ocrx_word' id='word_1_131' title='bbox 484 1301 543 1337; x_wconf 85' lang='grc' dir='ltr'><strong>Θεῷ</strong></span> <span class='ocrx_word' id='word_1_132' title='bbox 558 1301 751 1337; x_wconf 80' lang='grc' dir='ltr'>προοηγμένη,</span> 
     </span>
    </p>
   </div>
   <div class='ocr_carea' id='block_1_26' title="bbox 161 1348 745 1384">
    <p class='ocr_par' dir='ltr' id='par_1_26' title="bbox 161 1348 745 1384">
     <span class='ocr_line' id='line_1_26' title="bbox 161 1348 745 1384; baseline -0.002 -9"><span class='ocrx_word' id='word_1_133' title='bbox 161 1349 239 1384; x_wconf 81' lang='grc' dir='ltr'>Ἔχει</span> <span class='ocrx_word' id='word_1_134' title='bbox 252 1349 282 1375; x_wconf 77' lang='grc' dir='ltr'>τὸ</span> <span class='ocrx_word' id='word_1_135' title='bbox 297 1348 404 1384; x_wconf 78' lang='grc' dir='ltr'>χαίρειν</span> <span class='ocrx_word' id='word_1_136' title='bbox 421 1348 469 1374; x_wconf 83' lang='grc' dir='ltr'><strong>σὺν</strong></span> <span class='ocrx_word' id='word_1_137' title='bbox 479 1348 592 1379; x_wconf 76' lang='grc' dir='ltr'>δικαίοις</span> <span class='ocrx_word' id='word_1_138' title='bbox 603 1348 644 1379; x_wconf 74' lang='grc' dir='ltr'>εἰς</span> <span class='ocrx_word' id='word_1_139' title='bbox 660 1348 745 1375; x_wconf 85' lang='grc' dir='ltr'>ἆπαν.</span> 
     </span>
    </p>
   </div>
   <div class='ocr_carea' id='block_1_27' title="bbox 414 1391 702 1428">
    <p class='ocr_par' dir='ltr' id='par_1_27' title="bbox 414 1391 702 1428">
     <span class='ocr_line' id='line_1_27' title="bbox 414 1391 702 1428; baseline 0 -8"><span class='ocrx_word' id='word_1_140' title='bbox 414 1394 491 1421; x_wconf 74' lang='lat' dir='ltr'><strong>pur.</strong></span> <span class='ocrx_word' id='word_1_141' title='bbox 503 1410 537 1415; x_wconf 94' lang='lat'>—</span> <span class='ocrx_word' id='word_1_142' title='bbox 557 1393 596 1428; x_wconf 78' lang='grc' dir='ltr'><em>Τῇ</em></span> <span class='ocrx_word' id='word_1_143' title='bbox 611 1391 702 1428; x_wconf 74' lang='grc' dir='ltr'>αὐτῇ.</span> 
     </span>
    </p>
   </div>
   <div class='ocr_carea' id='block_1_28' title="bbox 165 1439 792 1476">
    <p class='ocr_par' dir='ltr' id='par_1_28' title="bbox 165 1439 792 1476">
     <span class='ocr_line' id='line_1_28' title="bbox 165 1439 792 1476; baseline -0.005 -8"><span class='ocrx_word' id='word_1_144' title='bbox 165 1440 195 1468; x_wconf 88' lang='lat'><strong>&#39;0</strong></span> <span class='ocrx_word' id='word_1_145' title='bbox 210 1440 299 1476; x_wconf 81' lang='grc' dir='ltr'>χῶρος</span> <span class='ocrx_word' id='word_1_146' title='bbox 312 1439 408 1472; x_wconf 69' lang='grc' dir='ltr'>ὲσθλδς</span> <span class='ocrx_word' id='word_1_147' title='bbox 422 1440 480 1475; x_wconf 79' lang='grc' dir='ltr'>(καὶ</span> <span class='ocrx_word' id='word_1_148' title='bbox 492 1440 547 1475; x_wconf 77' lang='grc' dir='ltr'>γὰρ</span> <span class='ocrx_word' id='word_1_149' title='bbox 562 1440 680 1474; x_wconf 77' lang='grc' dir='ltr'>Εἰρήνης</span> <span class='ocrx_word' id='word_1_150' title='bbox 693 1439 792 1475; x_wconf 75' lang='grc' dir='ltr'>τάφος)</span> 
     </span>
    </p>
   </div>
   <div class='ocr_carea' id='block_1_29' title="bbox 160 1484 717 1522">
    <p class='ocr_par' dir='ltr' id='par_1_29' title="bbox 160 1484 717 1522">
     <span class='ocr_line' id='line_1_29' title="bbox 160 1484 717 1522; baseline -0.002 -9"><span class='ocrx_word' id='word_1_151' title='bbox 160 1485 338 1522; x_wconf 73' lang='grc' dir='ltr'>Εἰρηνοποιδν</span> <span class='ocrx_word' id='word_1_152' title='bbox 353 1486 422 1521; x_wconf 78' lang='grc' dir='ltr'>πρὸς</span> <span class='ocrx_word' id='word_1_153' title='bbox 438 1485 504 1512; x_wconf 74' lang='grc' dir='ltr'>Θεὸν</span> <span class='ocrx_word' id='word_1_154' title='bbox 519 1485 636 1520; x_wconf 87' lang='grc' dir='ltr'>σχούσης</span> <span class='ocrx_word' id='word_1_155' title='bbox 649 1484 717 1519; x_wconf 82' lang='grc' dir='ltr'>βίον.</span> 
     </span>
    </p>
   </div>
   <div class='ocr_carea' id='block_1_30' title="bbox 366 1531 743 1564">
    <p class='ocr_par' dir='ltr' id='par_1_30' title="bbox 366 1531 743 1564">
     <span class='ocr_line' id='line_1_30' title="bbox 366 1531 743 1564; baseline -0.003 -6"><span class='ocrx_word' id='word_1_156' title='bbox 366 1531 442 1558; x_wconf 78' lang='grc' dir='ltr'><strong>ΡΙΘ¹.</strong></span> <span class='ocrx_word' id='word_1_157' title='bbox 456 1546 492 1552; x_wconf 90' lang='grc'><strong><em>-</em></strong></span> <span class='ocrx_word' id='word_1_158' title='bbox 505 1532 558 1564; x_wconf 76' lang='grc' dir='ltr'><strong>Εἰς</strong></span> <span class='ocrx_word' id='word_1_159' title='bbox 575 1531 743 1558; x_wconf 74' lang='grc' dir='ltr'>Διονύσιον.</span> 
     </span>
    </p>
   </div>
   <div class='ocr_carea' id='block_1_31' title="bbox 159 1578 630 1613">
    <p class='ocr_par' dir='ltr' id='par_1_31' title="bbox 159 1578 630 1613">
     <span class='ocr_line' id='line_1_31' title="bbox 159 1578 630 1613; baseline -0.004 -8"><span class='ocrx_word' id='word_1_160' title='bbox 159 1579 252 1613; x_wconf 78' lang='grc' dir='ltr'>τάφος</span> <span class='ocrx_word' id='word_1_161' title='bbox 264 1578 373 1613; x_wconf 83' lang='grc' dir='ltr'>πέφηνα</span> <span class='ocrx_word' id='word_1_162' title='bbox 390 1579 529 1605; x_wconf 78' lang='grc' dir='ltr'>Διονυσίου</span> <span class='ocrx_word' id='word_1_163' title='bbox 548 1578 630 1612; x_wconf 81' lang='grc' dir='ltr'>μάλα,</span> 
     </span>
    </p>
   </div>
   <div class='ocr_carea' id='block_1_32' title="bbox 158 1623 731 1659">
    <p class='ocr_par' dir='ltr' id='par_1_32' title="bbox 158 1623 731 1659">
     <span class='ocr_line' id='line_1_32' title="bbox 158 1623 731 1659; baseline -0.003 -8"><span class='ocrx_word' id='word_1_164' title='bbox 158 1624 242 1651; x_wconf 83' lang='grc' dir='ltr'>Ξένου</span> <span class='ocrx_word' id='word_1_165' title='bbox 259 1624 406 1659; x_wconf 79' lang='grc' dir='ltr'>μοναστοῦ,</span> <span class='ocrx_word' id='word_1_166' title='bbox 423 1623 568 1654; x_wconf 77' lang='grc' dir='ltr'>πυκτικοῦ,</span> <span class='ocrx_word' id='word_1_167' title='bbox 585 1623 731 1657; x_wconf 80' lang='grc' dir='ltr'>κατηκόου,</span> 
     </span>
    </p>
   </div>
   <div class='ocr_carea' id='block_1_33' title="bbox 160 1669 753 1706">
    <p class='ocr_par' dir='ltr' id='par_1_33' title="bbox 160 1669 753 1706">
     <span class='ocr_line' id='line_1_33' title="bbox 160 1669 753 1706; baseline -0.002 -9"><span class='ocrx_word' id='word_1_168' title='bbox 160 1669 279 1702; x_wconf 81' lang='grc' dir='ltr'>Πολλοὺς</span> <span class='ocrx_word' id='word_1_169' title='bbox 291 1670 441 1706; x_wconf 85' lang='grc' dir='ltr'>δραμόντος</span> <span class='ocrx_word' id='word_1_170' title='bbox 457 1669 611 1705; x_wconf 80' lang='grc' dir='ltr'>όρθοδοξὶας</span> <span class='ocrx_word' id='word_1_171' title='bbox 625 1670 753 1705; x_wconf 76' lang='grc' dir='ltr'><strong>δρόμους,</strong></span> 
     </span>
    </p>
   </div>
   <div class='ocr_carea' id='block_1_34' title="bbox 159 1715 721 1752">
    <p class='ocr_par' dir='ltr' id='par_1_34' title="bbox 159 1715 721 1752">
     <span class='ocr_line' id='line_1_34' title="bbox 159 1715 721 1752; baseline 0 -9"><span class='ocrx_word' id='word_1_172' title='bbox 159 1717 216 1743; x_wconf 75' lang='grc' dir='ltr'><strong>Καὶ</strong></span> <span class='ocrx_word' id='word_1_173' title='bbox 229 1716 420 1752; x_wconf 76' lang='grc' dir='ltr'>μαρτύραθλον</span> <span class='ocrx_word' id='word_1_174' title='bbox 430 1715 623 1749; x_wconf 79' lang='grc' dir='ltr'>ὲξαποίσαντος</span> <span class='ocrx_word' id='word_1_175' title='bbox 636 1716 721 1748; x_wconf 76' lang='grc' dir='ltr'>τέλος.</span> 
     </span>
    </p>
   </div>
   <div class='ocr_carea' id='block_1_35' title="bbox 279 1761 824 1796">
    <p class='ocr_par' dir='ltr' id='par_1_35' title="bbox 279 1761 824 1796">
     <span class='ocr_line' id='line_1_35' title="bbox 279 1761 824 1796; baseline 0.002 -7"><span class='ocrx_word' id='word_1_176' title='bbox 279 1761 343 1789; x_wconf 77' lang='lat' dir='ltr'><strong>PK&#39;.</strong></span> <span class='ocrx_word' id='word_1_177' title='bbox 357 1777 393 1782; x_wconf 89' lang='lat'><strong>—</strong></span> <span class='ocrx_word' id='word_1_178' title='bbox 407 1763 461 1795; x_wconf 84' lang='grc' dir='ltr'><strong>Εις</strong></span> <span class='ocrx_word' id='word_1_179' title='bbox 473 1762 596 1788; x_wconf 75' lang='grc' dir='ltr'>εἴσοδον</span> <span class='ocrx_word' id='word_1_180' title='bbox 607 1762 824 1796; x_wconf 77' lang='grc' dir='ltr'>μοναστηρίου.</span> 
     </span>
    </p>
   </div>
   <div class='ocr_carea' id='block_1_36' title="bbox 161 1807 738 1844">
    <p class='ocr_par' dir='ltr' id='par_1_36' title="bbox 161 1807 738 1844">
     <span class='ocr_line' id='line_1_36' title="bbox 161 1807 738 1844; baseline -0.002 -9"><span class='ocrx_word' id='word_1_181' title='bbox 161 1808 263 1844; x_wconf 69' lang='lat' dir='ltr'><strong>&quot;Aw-qq</strong></span> <span class='ocrx_word' id='word_1_182' title='bbox 279 1807 392 1844; x_wconf 85' lang='grc' dir='ltr'>ἀπαρχὴ</span> <span class='ocrx_word' id='word_1_183' title='bbox 405 1808 443 1843; x_wconf 84' lang='grc' dir='ltr'>τῷ</span> <span class='ocrx_word' id='word_1_184' title='bbox 457 1807 527 1843; x_wconf 79' lang='grc' dir='ltr'>Θεῷ,</span> <span class='ocrx_word' id='word_1_185' title='bbox 542 1808 590 1834; x_wconf 78' lang='grc' dir='ltr'>καὶ</span> <span class='ocrx_word' id='word_1_186' title='bbox 605 1809 738 1844; x_wconf 79' lang='grc' dir='ltr'>Δεσπότῃ,</span> 
     </span>
    </p>
   </div>
   <div class='ocr_carea' id='block_1_37' title="bbox 166 1853 704 1890">
    <p class='ocr_par' dir='ltr' id='par_1_37' title="bbox 166 1853 704 1890">
     <span class='ocr_line' id='line_1_37' title="bbox 166 1853 704 1890; baseline 0 -10"><span class='ocrx_word' id='word_1_187' title='bbox 166 1854 198 1881; x_wconf 83' lang='lat' dir='ltr'><strong>&#39;II</strong></span> <span class='ocrx_word' id='word_1_188' title='bbox 213 1854 276 1890; x_wconf 81' lang='grc' dir='ltr'>τῇδε</span> <span class='ocrx_word' id='word_1_189' title='bbox 296 1854 401 1890; x_wconf 83' lang='grc' dir='ltr'>μάνδρα</span> <span class='ocrx_word' id='word_1_190' title='bbox 413 1853 461 1880; x_wconf 73' lang='grc' dir='ltr'>καὶ</span> <span class='ocrx_word' id='word_1_191' title='bbox 474 1853 543 1889; x_wconf 87' lang='grc' dir='ltr'>μονὴ</span> <span class='ocrx_word' id='word_1_192' title='bbox 556 1853 704 1888; x_wconf 79' lang='grc' dir='ltr'>σεϐασμία,</span> 
     </span>
    </p>
   </div>
   <div class='ocr_carea' id='block_1_38' title="bbox 165 1899 738 1935">
    <p class='ocr_par' dir='ltr' id='par_1_38' title="bbox 165 1899 738 1935">
     <span class='ocr_line' id='line_1_38' title="bbox 165 1899 738 1935; baseline -0.002 -9"><span class='ocrx_word' id='word_1_193' title='bbox 165 1900 366 1935; x_wconf 81' lang='grc' dir='ltr'>Ἐπωνυμοῦοα</span> <span class='ocrx_word' id='word_1_194' title='bbox 375 1900 425 1934; x_wconf 81' lang='grc' dir='ltr'>τῆς</span> <span class='ocrx_word' id='word_1_195' title='bbox 438 1899 576 1933; x_wconf 75' lang='grc' dir='ltr'>πανάγνου</span> <span class='ocrx_word' id='word_1_196' title='bbox 588 1899 738 1934; x_wconf 83' lang='grc' dir='ltr'>Παρθένου,</span> 
     </span>
    </p>
   </div>
   <div class='ocr_carea' id='block_1_39' title="bbox 160 1945 727 1980">
    <p class='ocr_par' dir='ltr' id='par_1_39' title="bbox 160 1945 727 1980">
     <span class='ocr_line' id='line_1_39' title="bbox 160 1945 727 1980; baseline -0.002 -8"><span class='ocrx_word' id='word_1_197' title='bbox 160 1945 216 1972; x_wconf 72' lang='grc' dir='ltr'><strong>Καὶ</strong></span> <span class='ocrx_word' id='word_1_198' title='bbox 227 1945 378 1980; x_wconf 80' lang='grc' dir='ltr'>παρθένους</span> <span class='ocrx_word' id='word_1_199' title='bbox 395 1945 516 1980; x_wconf 81' lang='grc' dir='ltr'>φέρουσα</span> <span class='ocrx_word' id='word_1_200' title='bbox 527 1945 727 1979; x_wconf 86' lang='grc' dir='ltr'>νυμφιοκλέως,</span> 
     </span>
    </p>
   </div>
   <div class='ocr_carea' id='block_1_40' title="bbox 167 1990 700 2026">
    <p class='ocr_par' dir='ltr' id='par_1_40' title="bbox 167 1990 700 2026">
     <span class='ocr_line' id='line_1_40' title="bbox 167 1990 700 2026; baseline 0 -9"><span class='ocrx_word' id='word_1_201' title='bbox 167 1991 337 2026; x_wconf 74' lang='grc' dir='ltr'>’Δτκητικῶς</span> <span class='ocrx_word' id='word_1_202' title='bbox 347 1991 396 2026; x_wconf 80' lang='grc' dir='ltr'>ζῇν</span> <span class='ocrx_word' id='word_1_203' title='bbox 410 1990 511 2022; x_wconf 83' lang='grc' dir='ltr'>ὲνθέως</span> <span class='ocrx_word' id='word_1_204' title='bbox 527 1991 700 2026; x_wconf 81' lang='grc' dir='ltr'>διαπρέπειν.</span> 
     </span>
    </p>
   </div>
   <div class='ocr_carea' id='block_1_41' title="bbox 169 2035 755 2072">
    <p class='ocr_par' dir='ltr' id='par_1_41' title="bbox 169 2035 755 2072">
     <span class='ocr_line' id='line_1_41' title="bbox 169 2035 755 2072; baseline 0.002 -10"><span class='ocrx_word' id='word_1_205' title='bbox 169 2035 255 2071; x_wconf 87' lang='grc' dir='ltr'>Ύπέρ</span> <span class='ocrx_word' id='word_1_206' title='bbox 271 2045 301 2062; x_wconf 87' lang='grc' dir='ltr'><strong>τε</strong></span> <span class='ocrx_word' id='word_1_207' title='bbox 317 2036 414 2072; x_wconf 86' lang='grc' dir='ltr'>λύτρον</span> <span class='ocrx_word' id='word_1_208' title='bbox 428 2036 483 2063; x_wconf 83' lang='grc' dir='ltr'>τῶν</span> <span class='ocrx_word' id='word_1_209' title='bbox 493 2036 563 2063; x_wconf 79' lang='grc' dir='ltr'>ὅλων</span> <span class='ocrx_word' id='word_1_210' title='bbox 579 2036 755 2071; x_wconf 78' lang='grc' dir='ltr'>ἁμαρτάδων,</span> 
     </span>
    </p>
   </div>
   <div class='ocr_carea' id='block_1_42' title="bbox 161 2082 758 2118">
    <p class='ocr_par' dir='ltr' id='par_1_42' title="bbox 161 2082 758 2118">
     <span class='ocr_line' id='line_1_42' title="bbox 161 2082 758 2118; baseline 0 -9"><span class='ocrx_word' id='word_1_211' title='bbox 161 2082 251 2115; x_wconf 77' lang='grc' dir='ltr'>Αὐτῆς</span> <span class='ocrx_word' id='word_1_212' title='bbox 266 2091 298 2117; x_wconf 88' lang='grc' dir='ltr'>γε</span> <span class='ocrx_word' id='word_1_213' title='bbox 313 2082 428 2118; x_wconf 76' lang='grc' dir='ltr'>ταύτης,</span> <span class='ocrx_word' id='word_1_214' title='bbox 441 2083 488 2109; x_wconf 80' lang='grc' dir='ltr'>καὶ</span> <span class='ocrx_word' id='word_1_215' title='bbox 501 2082 614 2114; x_wconf 80' lang='grc' dir='ltr'>Λέοντος</span> <span class='ocrx_word' id='word_1_216' title='bbox 630 2083 758 2116; x_wconf 80' lang='grc' dir='ltr'>συζύγου,</span> 
     </span>
    </p>
   </div>
   <div class='ocr_carea' id='block_1_43' title="bbox 161 2123 739 2162">
    <p class='ocr_par' dir='ltr' id='par_1_43' title="bbox 161 2123 739 2162">
     <span class='ocr_line' id='line_1_43' title="bbox 161 2123 739 2162; baseline -0.002 -8"><span class='ocrx_word' id='word_1_217' title='bbox 161 2128 229 2154; x_wconf 77' lang='grc' dir='ltr'>Μεθ’</span> <span class='ocrx_word' id='word_1_218' title='bbox 239 2123 277 2154; x_wconf 80' lang='grc' dir='ltr'>ὧν</span> <span class='ocrx_word' id='word_1_219' title='bbox 296 2127 421 2154; x_wconf 82' lang='grc' dir='ltr'>Ἰωάννου</span> <span class='ocrx_word' id='word_1_220' title='bbox 434 2135 474 2159; x_wconf 83' lang='grc' dir='ltr'><strong>τε,</strong></span> <span class='ocrx_word' id='word_1_221' title='bbox 491 2127 619 2162; x_wconf 79' lang='grc' dir='ltr'>φιλτάτου</span> <span class='ocrx_word' id='word_1_222' title='bbox 633 2127 739 2154; x_wconf 84' lang='grc' dir='ltr'>τέκνου.</span> 
     </span>
    </p>
   </div>
   <div class='ocr_carea' id='block_1_44' title="bbox 286 2171 825 2207">
    <p class='ocr_par' dir='ltr' id='par_1_44' title="bbox 286 2171 825 2207">
     <span class='ocr_line' id='line_1_44' title="bbox 286 2171 825 2207; baseline 0 -8"><span class='ocrx_word' id='word_1_223' title='bbox 286 2172 375 2200; x_wconf 83' lang='grc' dir='ltr'><strong>ΡΚΑ’.</strong></span> <span class='ocrx_word' id='word_1_224' title='bbox 390 2187 425 2192; x_wconf 93' lang='grc'><strong>--</strong></span> <span class='ocrx_word' id='word_1_225' title='bbox 442 2173 494 2205; x_wconf 78' lang='grc' dir='ltr'><strong>Εἰς</strong></span> <span class='ocrx_word' id='word_1_226' title='bbox 511 2173 658 2207; x_wconf 75' lang='grc' dir='ltr'>Θεόφιλον</span> <span class='ocrx_word' id='word_1_227' title='bbox 674 2171 825 2199; x_wconf 71' lang='grc' dir='ltr'>διάκονον.</span> 
     </span>
    </p>
   </div>
   <div class='ocr_carea' id='block_1_45' title="bbox 162 2217 730 2253">
    <p class='ocr_par' dir='ltr' id='par_1_45' title="bbox 162 2217 730 2253">
     <span class='ocr_line' id='line_1_45' title="bbox 162 2217 730 2253; baseline 0 -10"><span class='ocrx_word' id='word_1_228' title='bbox 162 2217 250 2253; x_wconf 82' lang='grc' dir='ltr'>Πολλὴ</span> <span class='ocrx_word' id='word_1_229' title='bbox 265 2217 437 2253; x_wconf 83' lang='grc' dir='ltr'>πρόσεστινή</span> <span class='ocrx_word' id='word_1_230' title='bbox 452 2217 570 2251; x_wconf 79' lang='grc' dir='ltr'>σεὸαστή</span> <span class='ocrx_word' id='word_1_231' title='bbox 586 2225 627 2243; x_wconf 83' lang='grc' dir='ltr'><strong>σοι</strong></span> <span class='ocrx_word' id='word_1_232' title='bbox 640 2218 730 2253; x_wconf 80' lang='grc' dir='ltr'>χάρις,</span> 
     </span>
    </p>
   </div>
   <div class='ocr_carea' id='block_1_46' title="bbox 162 2264 684 2300">
    <p class='ocr_par' dir='ltr' id='par_1_46' title="bbox 162 2264 684 2300">
     <span class='ocr_line' id='line_1_46' title="bbox 162 2264 684 2300; baseline -0.004 -8"><span class='ocrx_word' id='word_1_233' title='bbox 162 2266 223 2292; x_wconf 82' lang='grc' dir='ltr'><strong>ὀτι</strong></span> <span class='ocrx_word' id='word_1_234' title='bbox 239 2265 307 2296; x_wconf 76' lang='grc' dir='ltr'>ποὺς</span> <span class='ocrx_word' id='word_1_235' title='bbox 321 2265 400 2300; x_wconf 84' lang='grc' dir='ltr'>ἡμῶν</span> <span class='ocrx_word' id='word_1_236' title='bbox 411 2264 488 2292; x_wconf 81' lang='grc' dir='ltr'>οὐδὲν</span> <span class='ocrx_word' id='word_1_237' title='bbox 498 2264 633 2300; x_wconf 79' lang='grc' dir='ltr'>ὲσχηκυϊά</span> <span class='ocrx_word' id='word_1_238' title='bbox 647 2272 684 2297; x_wconf 83' lang='grc' dir='ltr'><strong>τι,</strong></span> 
     </span>
    </p>
   </div>
   <div class='ocr_carea' id='block_1_47' title="bbox 162 2309 791 2346">
    <p class='ocr_par' dir='ltr' id='par_1_47' title="bbox 162 2309 791 2346">
     <span class='ocr_line' id='line_1_47' title="bbox 162 2309 791 2346; baseline -0.002 -9"><span class='ocrx_word' id='word_1_239' title='bbox 162 2311 193 2337; x_wconf 84' lang='lat' dir='ltr'><strong>EI</strong></span> <span class='ocrx_word' id='word_1_240' title='bbox 209 2312 247 2346; x_wconf 80' lang='grc' dir='ltr'>μὴ</span> <span class='ocrx_word' id='word_1_241' title='bbox 259 2310 418 2346; x_wconf 84' lang='grc' dir='ltr'>προσευχῶν</span> <span class='ocrx_word' id='word_1_242' title='bbox 428 2310 483 2336; x_wconf 83' lang='grc' dir='ltr'><strong>τῶν</strong></span> <span class='ocrx_word' id='word_1_243' title='bbox 499 2309 670 2345; x_wconf 83' lang='grc' dir='ltr'>ἁμαρτωλῶν</span> <span class='ocrx_word' id='word_1_244' title='bbox 686 2310 771 2344; x_wconf 87' lang='grc' dir='ltr'>γέρας</span> <span class='ocrx_word' id='word_1_245' title='bbox 783 2317 791 2325; x_wconf 78' lang='grc'><em>”</em></span> 
     </span>
    </p>
   </div>
   <div class='ocr_carea' id='block_1_48' title="bbox 163 2356 770 2392">
    <p class='ocr_par' dir='ltr' id='par_1_48' title="bbox 163 2356 770 2392">
     <span class='ocr_line' id='line_1_48' title="bbox 163 2356 770 2392; baseline -0.003 -8"><span class='ocrx_word' id='word_1_246' title='bbox 163 2356 246 2384; x_wconf 75' lang='grc' dir='ltr'>Οὔπω</span> <span class='ocrx_word' id='word_1_247' title='bbox 262 2357 401 2384; x_wconf 80' lang='grc' dir='ltr'>πέπαυται</span> <span class='ocrx_word' id='word_1_248' title='bbox 414 2356 582 2392; x_wconf 78' lang='grc' dir='ltr'>προσφέρειν</span> <span class='ocrx_word' id='word_1_249' title='bbox 593 2357 660 2391; x_wconf 78' lang='grc' dir='ltr'>ἡμῖν</span> <span class='ocrx_word' id='word_1_250' title='bbox 669 2356 770 2387; x_wconf 60' lang='grc' dir='ltr'>δόσειςδ</span> 
     </span>
    </p>
   </div>
   <div class='ocr_carea' id='block_1_49' title="bbox 163 2402 766 2437">
    <p class='ocr_par' dir='ltr' id='par_1_49' title="bbox 163 2402 766 2437">
     <span class='ocr_line' id='line_1_49' title="bbox 163 2402 766 2437; baseline -0.002 -8"><span class='ocrx_word' id='word_1_251' title='bbox 163 2402 272 2436; x_wconf 82' lang='grc' dir='ltr'>Ἂσπερ</span> <span class='ocrx_word' id='word_1_252' title='bbox 286 2402 414 2433; x_wconf 71' lang='grc' dir='ltr'>λαϐόντες</span> <span class='ocrx_word' id='word_1_253' title='bbox 425 2402 473 2428; x_wconf 77' lang='grc' dir='ltr'><strong>καὶ</strong></span> <span class='ocrx_word' id='word_1_254' title='bbox 488 2402 570 2429; x_wconf 83' lang='grc' dir='ltr'>πάλιν</span> <span class='ocrx_word' id='word_1_255' title='bbox 583 2402 766 2437; x_wconf 81' lang='grc' dir='ltr'>φιλοφρόνως,</span> 
     </span>
    </p>
   </div>
   <div class='ocr_carea' id='block_1_50' title="bbox 163 2447 768 2483">
    <p class='ocr_par' dir='ltr' id='par_1_50' title="bbox 163 2447 768 2483">
     <span class='ocr_line' id='line_1_50' title="bbox 163 2447 768 2483; baseline 0.002 -9"><span class='ocrx_word' id='word_1_256' title='bbox 163 2447 357 2482; x_wconf 78' lang='grc' dir='ltr'>Προσοίσωμὲν</span> <span class='ocrx_word' id='word_1_257' title='bbox 374 2456 415 2474; x_wconf 88' lang='grc' dir='ltr'><strong>σοι</strong></span> <span class='ocrx_word' id='word_1_258' title='bbox 427 2447 467 2482; x_wconf 88' lang='grc' dir='ltr'>τῷ</span> <span class='ocrx_word' id='word_1_259' title='bbox 479 2447 548 2483; x_wconf 80' lang='grc' dir='ltr'>φίλῳ</span> <span class='ocrx_word' id='word_1_260' title='bbox 560 2447 593 2474; x_wconf 78' lang='grc' dir='ltr'><strong>τὰ</strong></span> <span class='ocrx_word' id='word_1_261' title='bbox 604 2447 659 2473; x_wconf 87' lang='grc' dir='ltr'><strong>τῶν</strong></span> <span class='ocrx_word' id='word_1_262' title='bbox 671 2447 768 2482; x_wconf 77' lang='grc' dir='ltr'>φίλων.</span> 
     </span>
    </p>
   </div>
   <div class='ocr_carea' id='block_1_51' title="bbox 207 2492 899 2527">
    <p class='ocr_par' dir='ltr' id='par_1_51' title="bbox 207 2492 899 2527">
     <span class='ocr_line' id='line_1_51' title="bbox 207 2492 899 2527; baseline 0.004 -9"><span class='ocrx_word' id='word_1_263' title='bbox 207 2492 299 2520; x_wconf 76' lang='lat' dir='ltr'><strong>PKB&#39;.</strong></span> <span class='ocrx_word' id='word_1_264' title='bbox 313 2505 348 2512; x_wconf 83' lang='lat'><strong>-—</strong></span> <span class='ocrx_word' id='word_1_265' title='bbox 359 2493 411 2526; x_wconf 75' lang='grc' dir='ltr'><strong>Εἰς</strong></span> <span class='ocrx_word' id='word_1_266' title='bbox 429 2492 589 2527; x_wconf 76' lang='grc' dir='ltr'>Πάμφιλον</span> <span class='ocrx_word' id='word_1_267' title='bbox 606 2492 660 2519; x_wconf 82' lang='grc' dir='ltr'><strong>τὸν</strong></span> <span class='ocrx_word' id='word_1_268' title='bbox 674 2493 899 2526; x_wconf 74' lang='grc' dir='ltr'>Τριμαλέθοντα.</span> 
     </span>
    </p>
   </div>
   <div class='ocr_carea' id='block_1_52' title="bbox 163 2537 774 2573">
    <p class='ocr_par' dir='ltr' id='par_1_52' title="bbox 163 2537 774 2573">
     <span class='ocr_line' id='line_1_52' title="bbox 163 2537 774 2573; baseline 0 -10"><span class='ocrx_word' id='word_1_269' title='bbox 163 2537 341 2573; x_wconf 72' lang='grc' dir='ltr'>Ψυχοφθόρος</span> <span class='ocrx_word' id='word_1_270' title='bbox 352 2537 404 2573; x_wconf 84' lang='grc' dir='ltr'>Θὴρ</span> <span class='ocrx_word' id='word_1_271' title='bbox 421 2537 562 2573; x_wconf 81' lang='grc' dir='ltr'>Πάμφιλος</span> <span class='ocrx_word' id='word_1_272' title='bbox 575 2537 693 2572; x_wconf 74' lang='grc' dir='ltr'>δειχθεὶς</span> <span class='ocrx_word' id='word_1_273' title='bbox 703 2537 774 2569; x_wconf 83' lang='grc' dir='ltr'>νέος,</span> 
     </span>
    </p>
   </div>
   <div class='ocr_carea' id='block_1_53' title="bbox 168 2583 800 2619">
    <p class='ocr_par' dir='ltr' id='par_1_53' title="bbox 168 2583 800 2619">
     <span class='ocr_line' id='line_1_53' title="bbox 168 2583 800 2619; baseline 0.003 -10"><span class='ocrx_word' id='word_1_274' title='bbox 168 2583 389 2619; x_wconf 79' lang='grc' dir='ltr'>Ἔξωστρακισθη</span> <span class='ocrx_word' id='word_1_275' title='bbox 403 2584 454 2618; x_wconf 82' lang='grc' dir='ltr'>τῆς</span> <span class='ocrx_word' id='word_1_276' title='bbox 469 2584 553 2618; x_wconf 84' lang='grc' dir='ltr'>μονῆς</span> <span class='ocrx_word' id='word_1_277' title='bbox 568 2583 614 2610; x_wconf 78' lang='grc' dir='ltr'>τοῦ</span> <span class='ocrx_word' id='word_1_278' title='bbox 631 2583 800 2618; x_wconf 84' lang='grc' dir='ltr'>Προδρόμου.</span> 
     </span>
    </p>
   </div>
   <div class='ocr_carea' id='block_1_54' title="bbox 251 2629 863 2664">
    <p class='ocr_par' dir='ltr' id='par_1_54' title="bbox 251 2629 863 2664">
     <span class='ocr_line' id='line_1_54' title="bbox 251 2629 863 2664; baseline 0.002 -8"><span class='ocrx_word' id='word_1_279' title='bbox 251 2629 338 2657; x_wconf 88' lang='lat' dir='ltr'><strong>PKI&quot;.</strong></span> <span class='ocrx_word' id='word_1_280' title='bbox 355 2644 390 2649; x_wconf 90' lang='lat'><strong>-</strong></span> <span class='ocrx_word' id='word_1_281' title='bbox 406 2630 569 2664; x_wconf 77' lang='grc' dir='ltr'>Ἐπιστολὴ</span> <span class='ocrx_word' id='word_1_282' title='bbox 589 2630 633 2663; x_wconf 82' lang='grc' dir='ltr'>εις</span> <span class='ocrx_word' id='word_1_283' title='bbox 651 2632 863 2664; x_wconf 78' lang='grc' dir='ltr'>γραμματικόν.</span> 
     </span>
    </p>
   </div>
   <div class='ocr_carea' id='block_1_55' title="bbox 162 2674 792 2712">
    <p class='ocr_par' dir='ltr' id='par_1_55' title="bbox 162 2674 792 2712">
     <span class='ocr_line' id='line_1_55' title="bbox 162 2674 792 2712; baseline -0.002 -10"><span class='ocrx_word' id='word_1_284' title='bbox 162 2676 202 2711; x_wconf 80' lang='grc' dir='ltr'><strong>Τῇ</strong></span> <span class='ocrx_word' id='word_1_285' title='bbox 215 2676 348 2711; x_wconf 78' lang='grc' dir='ltr'>τριστίχῳ</span> <span class='ocrx_word' id='word_1_286' title='bbox 361 2684 408 2702; x_wconf 88' lang='grc' dir='ltr'><strong>σου</strong></span> <span class='ocrx_word' id='word_1_287' title='bbox 421 2675 643 2712; x_wconf 84' lang='grc' dir='ltr'>χρυσομαργάρῳ</span> <span class='ocrx_word' id='word_1_288' title='bbox 658 2674 667 2694; x_wconf 82' lang='grc'><strong>¹</strong></span> <span class='ocrx_word' id='word_1_289' title='bbox 683 2675 792 2711; x_wconf 83' lang='grc' dir='ltr'>φράσει,</span> 
     </span>
    </p>
   </div>
   <div class='ocr_carea' id='block_1_56' title="bbox 163 2721 682 2757">
    <p class='ocr_par' dir='ltr' id='par_1_56' title="bbox 163 2721 682 2757">
     <span class='ocr_line' id='line_1_56' title="bbox 163 2721 682 2757; baseline 0 -9"><span class='ocrx_word' id='word_1_290' title='bbox 163 2722 388 2757; x_wconf 85' lang='grc' dir='ltr'>Σμαραγδότιμον</span> <span class='ocrx_word' id='word_1_291' title='bbox 401 2721 579 2756; x_wconf 80' lang='grc' dir='ltr'>ἁντεπεξάγω</span> <span class='ocrx_word' id='word_1_292' title='bbox 592 2721 682 2756; x_wconf 88' lang='grc' dir='ltr'>χρέος.</span> 
     </span>
    </p>
   </div>
   <div class='ocr_carea' id='block_1_57' title="bbox 162 2767 812 2803">
    <p class='ocr_par' dir='ltr' id='par_1_57' title="bbox 162 2767 812 2803">
     <span class='ocr_line' id='line_1_57' title="bbox 162 2767 812 2803; baseline 0 -9"><span class='ocrx_word' id='word_1_293' title='bbox 162 2767 247 2800; x_wconf 80' lang='grc' dir='ltr'>Δὺτὺς</span> <span class='ocrx_word' id='word_1_294' title='bbox 259 2767 281 2794; x_wconf 77' lang='grc' dir='ltr'><strong>δ’</strong></span> <span class='ocrx_word' id='word_1_295' title='bbox 296 2767 370 2803; x_wconf 76' lang='grc' dir='ltr'>ᾁδοις</span> <span class='ocrx_word' id='word_1_296' title='bbox 385 2776 430 2802; x_wconf 83' lang='grc' dir='ltr'><strong>μοι</strong></span> <span class='ocrx_word' id='word_1_297' title='bbox 445 2767 674 2803; x_wconf 77' lang='grc' dir='ltr'>μουσικοπρεπῶς</span> <span class='ocrx_word' id='word_1_298' title='bbox 686 2767 768 2795; x_wconf 77' lang='grc' dir='ltr'>πάλιν</span> <span class='ocrx_word' id='word_1_299' title='bbox 782 2773 812 2794; x_wconf 72' lang='grc' dir='ltr'><strong>ιη.</strong></span> 
     </span>
    </p>
   </div>
   <div class='ocr_carea' id='block_1_58' title="bbox 203 2863 761 2901">
    <p class='ocr_par' dir='ltr' id='par_1_58' title="bbox 203 2863 761 2901">
     <span class='ocr_line' id='line_1_58' title="bbox 203 2863 761 2901; baseline -0.004 -9"><span class='ocrx_word' id='word_1_300' title='bbox 203 2863 262 2892; x_wconf 75' lang='lat' dir='ltr'><strong>lat.</strong></span> <span class='ocrx_word' id='word_1_301' title='bbox 278 2865 512 2901; x_wconf 78' lang='grc' dir='ltr'>χρυσομαρμάρῳ.</span> <span class='ocrx_word' id='word_1_302' title='bbox 570 2869 588 2883; x_wconf 74' lang='grc' dir='ltr'>ι’</span> <span class='ocrx_word' id='word_1_303' title='bbox 604 2873 647 2899; x_wconf 71' lang='grc' dir='ltr'>πρ.</span> <span class='ocrx_word' id='word_1_304' title='bbox 668 2863 761 2890; x_wconf 76' lang='grc' dir='ltr'>πάλαι.</span> 
     </span>
    </p>
   </div>
   <div class='ocr_carea' id='block_1_59' title="bbox 910 145 1670 178">
    <p class='ocr_par' dir='ltr' id='par_1_59' title="bbox 910 146 1029 176">
     <span class='ocr_line' id='line_1_59' title="bbox 910 146 1029 176; baseline 0.008 -1"><span class='ocrx_word' id='word_1_305' title='bbox 910 146 1029 176; x_wconf 76' lang='grc' dir='ltr'><strong>ΙΑΜΒΙ.</strong></span> 
     </span>
    </p>
   </div>
   <div class='ocr_carea' id='block_1_60' title="bbox 1016 145 1776 178">
    <p class='ocr_par' dir='ltr' id='par_1_60' title="bbox 1016 145 1776 178">
     <span class='ocr_line' id='line_1_60' title="bbox 1016 145 1776 178; baseline 0.001 -2"><span class='ocrx_word' id='word_1_306' title='bbox 1016 147 1029 176; x_wconf 77' lang='grc'><strong>’.</strong></span> <span class='ocrx_word' id='word_1_307' title='bbox 1708 145 1776 178; x_wconf 73' lang='lat'><strong>1810</strong></span> 
     </span>
    </p>
   </div>
   <div class='ocr_carea' id='block_1_61' title="bbox 963 201 1658 238">
    <p class='ocr_par' dir='ltr' id='par_1_61' title="bbox 963 201 1658 238">
     <span class='ocr_line' id='line_1_61' title="bbox 963 201 1658 238; baseline 0.003 -10"><span class='ocrx_word' id='word_1_308' title='bbox 963 206 986 232; x_wconf 77' lang='grc' dir='ltr'><strong>Α</strong></span> <span class='ocrx_word' id='word_1_309' title='bbox 1000 203 1069 230; x_wconf 80' lang='lat' dir='ltr'><strong>Cum</strong></span> <span class='ocrx_word' id='word_1_310' title='bbox 1082 203 1239 231; x_wconf 86' lang='lat' dir='ltr'><strong>tradidisset</strong></span> <span class='ocrx_word' id='word_1_311' title='bbox 1252 203 1380 238; x_wconf 85' lang='lat' dir='ltr'><strong>spiritum</strong></span> <span class='ocrx_word' id='word_1_312' title='bbox 1398 202 1517 230; x_wconf 90' lang='lat' dir='ltr'><strong>Domino</strong></span> <span class='ocrx_word' id='word_1_313' title='bbox 1533 209 1565 230; x_wconf 87' lang='lat' dir='ltr'><strong>ac</strong></span> <span class='ocrx_word' id='word_1_314' title='bbox 1579 201 1635 229; x_wconf 78' lang='lat' dir='ltr'><strong>Deo</strong></span> <span class='ocrx_word' id='word_1_315' title='bbox 1650 212 1658 230; x_wconf 70' lang='grc' dir='ltr'><strong>τ</strong></span> 
     </span>
    </p>
   </div>
   <div class='ocr_carea' id='block_1_62' title="bbox 999 248 1648 285">
    <p class='ocr_par' dir='ltr' id='par_1_62' title="bbox 999 248 1648 285">
     <span class='ocr_line' id='line_1_62' title="bbox 999 248 1648 285; baseline -0.002 -9"><span class='ocrx_word' id='word_1_316' title='bbox 999 249 1049 276; x_wconf 85' lang='lat' dir='ltr'><strong>Cui</strong></span> <span class='ocrx_word' id='word_1_317' title='bbox 1069 249 1132 283; x_wconf 88' lang='lat' dir='ltr'><strong>jure</strong></span> <span class='ocrx_word' id='word_1_318' title='bbox 1147 255 1253 285; x_wconf 79' lang='lat' dir='ltr'><strong>gratum</strong></span> <span class='ocrx_word' id='word_1_319' title='bbox 1270 249 1360 276; x_wconf 78' lang='lat' dir='ltr'><strong>fuerat</strong></span> <span class='ocrx_word' id='word_1_320' title='bbox 1379 248 1528 276; x_wconf 87' lang='lat' dir='ltr'><strong>Eudoeiam</strong></span> <span class='ocrx_word' id='word_1_321' title='bbox 1543 249 1648 284; x_wconf 86' lang='lat' dir='ltr'><strong>optimo</strong></span> 
     </span>
    </p>
   </div>
   <div class='ocr_carea' id='block_1_63' title="bbox 999 295 1595 329">
    <p class='ocr_par' dir='ltr' id='par_1_63' title="bbox 999 295 1595 329">
     <span class='ocr_line' id='line_1_63' title="bbox 999 295 1595 329; baseline 0 -7"><span class='ocrx_word' id='word_1_322' title='bbox 999 295 1068 327; x_wconf 80' lang='lat' dir='ltr'><strong>Dici.</strong></span> <span class='ocrx_word' id='word_1_323' title='bbox 1083 300 1164 329; x_wconf 68' lang='lat' dir='ltr'><strong>atque</strong></span> <span class='ocrx_word' id='word_1_324' title='bbox 1178 303 1278 323; x_wconf 85' lang='lat' dir='ltr'><strong>nomen</strong></span> <span class='ocrx_word' id='word_1_325' title='bbox 1294 296 1440 323; x_wconf 86' lang='lat' dir='ltr'><strong>convenire</strong></span> <span class='ocrx_word' id='word_1_326' title='bbox 1452 295 1574 322; x_wconf 87' lang='lat' dir='ltr'><strong>moribus</strong></span> <span class='ocrx_word' id='word_1_327' title='bbox 1588 304 1595 322; x_wconf 93' lang='lat'>:</span> 
     </span>
    </p>
   </div>
   <div class='ocr_carea' id='block_1_64' title="bbox 999 341 1621 376">
    <p class='ocr_par' dir='ltr' id='par_1_64' title="bbox 999 341 1621 376">
     <span class='ocr_line' id='line_1_64' title="bbox 999 341 1621 376; baseline -0.002 -8"><span class='ocrx_word' id='word_1_328' title='bbox 999 341 1074 374; x_wconf 88' lang='lat' dir='ltr'><strong>Quos</strong></span> <span class='ocrx_word' id='word_1_329' title='bbox 1091 346 1201 376; x_wconf 76' lang='lat' dir='ltr'><strong>propter</strong></span> <span class='ocrx_word' id='word_1_330' title='bbox 1215 341 1261 368; x_wconf 91' lang='lat' dir='ltr'><strong>illa</strong></span> <span class='ocrx_word' id='word_1_331' title='bbox 1276 341 1380 376; x_wconf 90' lang='lat' dir='ltr'><strong>placuit</strong></span> <span class='ocrx_word' id='word_1_332' title='bbox 1391 341 1470 368; x_wconf 86' lang='lat' dir='ltr'><strong>unice</strong></span> <span class='ocrx_word' id='word_1_333' title='bbox 1482 341 1621 372; x_wconf 84' lang='lat' dir='ltr'><strong>omnibus,</strong></span> 
     </span>
    </p>
   </div>
   <div class='ocr_carea' id='block_1_65' title="bbox 1000 387 1674 422">
    <p class='ocr_par' dir='ltr' id='par_1_65' title="bbox 1000 387 1674 422">
     <span class='ocr_line' id='line_1_65' title="bbox 1000 387 1674 422; baseline -0.001 -8"><span class='ocrx_word' id='word_1_334' title='bbox 1000 387 1133 415; x_wconf 62' lang='lat' dir='ltr'><strong>Praeclara</strong></span> <span class='ocrx_word' id='word_1_335' title='bbox 1150 389 1292 416; x_wconf 78' lang='lat' dir='ltr'><strong>honestam</strong></span> <span class='ocrx_word' id='word_1_336' title='bbox 1307 395 1370 414; x_wconf 93' lang='lat' dir='ltr'><strong>cum</strong></span> <span class='ocrx_word' id='word_1_337' title='bbox 1381 388 1441 414; x_wconf 86' lang='lat' dir='ltr'><strong>viro</strong></span> <span class='ocrx_word' id='word_1_338' title='bbox 1452 387 1536 414; x_wconf 79' lang='lat' dir='ltr'><strong>vitam</strong></span> <span class='ocrx_word' id='word_1_339' title='bbox 1552 387 1674 422; x_wconf 76' lang='lat' dir='ltr'><strong>exigens.</strong></span> 
     </span>
    </p>
   </div>
   <div class='ocr_carea' id='block_1_66' title="bbox 998 433 1559 468">
    <p class='ocr_par' dir='ltr' id='par_1_66' title="bbox 998 433 1559 468">
     <span class='ocr_line' id='line_1_66' title="bbox 998 433 1559 468; baseline 0 -8"><span class='ocrx_word' id='word_1_340' title='bbox 998 433 1143 467; x_wconf 86' lang='lat' dir='ltr'><strong>Cursuque</strong></span> <span class='ocrx_word' id='word_1_341' title='bbox 1158 435 1280 462; x_wconf 89' lang='lat' dir='ltr'><strong>moriens</strong></span> <span class='ocrx_word' id='word_1_342' title='bbox 1295 434 1415 461; x_wconf 84' lang='lat' dir='ltr'><strong>evolavit</strong></span> <span class='ocrx_word' id='word_1_343' title='bbox 1429 441 1559 468; x_wconf 87' lang='lat' dir='ltr'><strong>prospero</strong></span> 
     </span>
    </p>
   </div>
   <div class='ocr_carea' id='block_1_67' title="bbox 999 478 1693 514">
    <p class='ocr_par' dir='ltr' id='par_1_67' title="bbox 999 478 1693 514">
     <span class='ocr_line' id='line_1_67' title="bbox 999 478 1693 514; baseline -0.001 -8"><span class='ocrx_word' id='word_1_344' title='bbox 999 478 1070 506; x_wconf 81' lang='lat' dir='ltr'><strong>Hinc</strong></span> <span class='ocrx_word' id='word_1_345' title='bbox 1085 479 1118 506; x_wconf 86' lang='lat' dir='ltr'><strong>ad</strong></span> <span class='ocrx_word' id='word_1_346' title='bbox 1134 485 1286 514; x_wconf 84' lang='lat' dir='ltr'><strong>parentem.</strong></span> <span class='ocrx_word' id='word_1_347' title='bbox 1302 479 1348 514; x_wconf 86' lang='lat' dir='ltr'><strong>qui</strong></span> <span class='ocrx_word' id='word_1_348' title='bbox 1364 479 1445 506; x_wconf 85' lang='lat' dir='ltr'><strong>Iidem</strong></span> <span class='ocrx_word' id='word_1_349' title='bbox 1466 483 1566 505; x_wconf 85' lang='lat' dir='ltr'><strong>rectam</strong></span> <span class='ocrx_word' id='word_1_350' title='bbox 1583 478 1693 506; x_wconf 89' lang='lat' dir='ltr'><strong>indidit.</strong></span> 
     </span>
    </p>
   </div>
   <div class='ocr_carea' id='block_1_68' title="bbox 1209 524 1576 559">
    <p class='ocr_par' dir='ltr' id='par_1_68' title="bbox 1209 524 1576 559">
     <span class='ocr_line' id='line_1_68' title="bbox 1209 524 1576 559; baseline 0 -7"><span class='ocrx_word' id='word_1_351' title='bbox 1209 524 1312 552; x_wconf 80' lang='lat' dir='ltr'><strong>CXVII.</strong></span> <span class='ocrx_word' id='word_1_352' title='bbox 1336 525 1416 552; x_wconf 86' lang='lat' dir='ltr'><strong>—-ln</strong></span> <span class='ocrx_word' id='word_1_353' title='bbox 1436 525 1576 559; x_wconf 79' lang='lat' dir='ltr'><strong>sepultam.</strong></span> 
     </span>
    </p>
   </div>
   <div class='ocr_carea' id='block_1_69' title="bbox 1035 569 1718 605">
    <p class='ocr_par' dir='ltr' id='par_1_69' title="bbox 1035 569 1718 605">
     <span class='ocr_line' id='line_1_69' title="bbox 1035 569 1718 605; baseline -0.001 -8"><span class='ocrx_word' id='word_1_354' title='bbox 1035 570 1101 601; x_wconf 82' lang='lat' dir='ltr'><strong>Vas,</strong></span> <span class='ocrx_word' id='word_1_355' title='bbox 1118 569 1186 602; x_wconf 68' lang='lat' dir='ltr'><strong>haec,</strong></span> <span class='ocrx_word' id='word_1_356' title='bbox 1204 574 1340 598; x_wconf 88' lang='lat' dir='ltr'><strong>sacratum</strong></span> <span class='ocrx_word' id='word_1_357' title='bbox 1355 571 1481 604; x_wconf 82' lang='lat' dir='ltr'><strong>idemque</strong></span> <span class='ocrx_word' id='word_1_358' title='bbox 1493 570 1642 605; x_wconf 84' lang='lat' dir='ltr'><strong>pretiosum</strong></span> <span class='ocrx_word' id='word_1_359' title='bbox 1658 569 1718 601; x_wconf 79' lang='lat' dir='ltr'><strong>fuit,</strong></span> 
     </span>
    </p>
   </div>
   <div class='ocr_carea' id='block_1_70' title="bbox 999 617 1595 651">
    <p class='ocr_par' dir='ltr' id='par_1_70' title="bbox 999 617 1595 651">
     <span class='ocr_line' id='line_1_70' title="bbox 999 617 1595 651; baseline 0.002 -8"><span class='ocrx_word' id='word_1_360' title='bbox 999 617 1097 650; x_wconf 80' lang='lat' dir='ltr'><strong>(Quale</strong></span> <span class='ocrx_word' id='word_1_361' title='bbox 1107 621 1133 644; x_wconf 90' lang='lat' dir='ltr'><strong>et</strong></span> <span class='ocrx_word' id='word_1_362' title='bbox 1145 625 1255 644; x_wconf 64' lang='lat' dir='ltr'><strong>corona:</strong></span> <span class='ocrx_word' id='word_1_363' title='bbox 1270 625 1324 644; x_wconf 90' lang='lat' dir='ltr'><strong>non</strong></span> <span class='ocrx_word' id='word_1_364' title='bbox 1338 617 1374 644; x_wconf 86' lang='lat' dir='ltr'><strong>sit</strong></span> <span class='ocrx_word' id='word_1_365' title='bbox 1388 618 1476 651; x_wconf 86' lang='lat' dir='ltr'><strong>impar</strong></span> <span class='ocrx_word' id='word_1_366' title='bbox 1492 624 1595 647; x_wconf 63' lang='lat' dir='ltr'><strong>autem,</strong></span> 
     </span>
    </p>
   </div>
   <div class='ocr_carea' id='block_1_71' title="bbox 999 662 1610 698">
    <p class='ocr_par' dir='ltr' id='par_1_71' title="bbox 999 662 1610 698">
     <span class='ocr_line' id='line_1_71' title="bbox 999 662 1610 698; baseline -0.002 -9"><span class='ocrx_word' id='word_1_367' title='bbox 999 662 1131 690; x_wconf 88' lang='lat' dir='ltr'><strong>Distincta</strong></span> <span class='ocrx_word' id='word_1_368' title='bbox 1147 663 1262 698; x_wconf 76' lang='lat' dir='ltr'><strong>gemmis</strong></span> <span class='ocrx_word' id='word_1_369' title='bbox 1277 671 1337 698; x_wconf 73' lang='lat' dir='ltr'><strong>qua:</strong></span> <span class='ocrx_word' id='word_1_370' title='bbox 1354 663 1389 690; x_wconf 96' lang='lat' dir='ltr'><strong>sit</strong></span> <span class='ocrx_word' id='word_1_371' title='bbox 1403 663 1487 689; x_wconf 86' lang='lat' dir='ltr'><strong>etiam</strong></span> <span class='ocrx_word' id='word_1_372' title='bbox 1500 662 1610 695; x_wconf 83' lang='lat' dir='ltr'><strong>lucidis)</strong></span> 
     </span>
    </p>
   </div>
   <div class='ocr_carea' id='block_1_72' title="bbox 998 706 1580 742">
    <p class='ocr_par' dir='ltr' id='par_1_72' title="bbox 998 706 1580 742">
     <span class='ocr_line' id='line_1_72' title="bbox 998 706 1580 742; baseline -0.003 -8"><span class='ocrx_word' id='word_1_373' title='bbox 998 707 1064 740; x_wconf 63' lang='lat' dir='ltr'><strong>Quae</strong></span> <span class='ocrx_word' id='word_1_374' title='bbox 1079 712 1119 734; x_wconf 90' lang='lat' dir='ltr'><strong>ter</strong></span> <span class='ocrx_word' id='word_1_375' title='bbox 1131 707 1240 734; x_wconf 87' lang='lat' dir='ltr'><strong>beatum</strong></span> <span class='ocrx_word' id='word_1_376' title='bbox 1254 714 1354 742; x_wconf 87' lang='lat' dir='ltr'><strong>corpus</strong></span> <span class='ocrx_word' id='word_1_377' title='bbox 1374 707 1436 734; x_wconf 92' lang='lat' dir='ltr'><strong>istic</strong></span> <span class='ocrx_word' id='word_1_378' title='bbox 1449 706 1580 734; x_wconf 88' lang='lat' dir='ltr'><strong>condidit.</strong></span> 
     </span>
    </p>
   </div>
   <div class='ocr_carea' id='block_1_73' title="bbox 997 752 1655 787">
    <p class='ocr_par' dir='ltr' id='par_1_73' title="bbox 997 752 1655 787">
     <span class='ocr_line' id='line_1_73' title="bbox 997 752 1655 787; baseline -0.003 -7"><span class='ocrx_word' id='word_1_379' title='bbox 997 752 1112 780; x_wconf 78' lang='lat' dir='ltr'><strong>Juvenis</strong></span> <span class='ocrx_word' id='word_1_380' title='bbox 1126 753 1216 779; x_wconf 88' lang='lat' dir='ltr'><strong>mariti</strong></span> <span class='ocrx_word' id='word_1_381' title='bbox 1236 760 1354 787; x_wconf 85' lang='lat' dir='ltr'><strong>namque</strong></span> <span class='ocrx_word' id='word_1_382' title='bbox 1370 757 1484 780; x_wconf 88' lang='lat' dir='ltr'><strong>mortem</strong></span> <span class='ocrx_word' id='word_1_383' title='bbox 1502 752 1655 785; x_wconf 83' lang='lat' dir='ltr'><strong>sustinens,</strong></span> 
     </span>
    </p>
   </div>
   <div class='ocr_carea' id='block_1_74' title="bbox 998 797 1601 832">
    <p class='ocr_par' dir='ltr' id='par_1_74' title="bbox 998 797 1601 832">
     <span class='ocr_line' id='line_1_74' title="bbox 998 797 1601 832; baseline -0.002 -7"><span class='ocrx_word' id='word_1_384' title='bbox 998 798 1050 832; x_wconf 85' lang='lat' dir='ltr'><strong>Qui</strong></span> <span class='ocrx_word' id='word_1_385' title='bbox 1066 798 1163 825; x_wconf 91' lang='lat' dir='ltr'><strong>robore</strong></span> <span class='ocrx_word' id='word_1_386' title='bbox 1173 798 1254 825; x_wconf 86' lang='lat' dir='ltr'><strong>heros</strong></span> <span class='ocrx_word' id='word_1_387' title='bbox 1268 798 1337 825; x_wconf 88' lang='lat' dir='ltr'><strong>alter</strong></span> <span class='ocrx_word' id='word_1_388' title='bbox 1349 805 1382 825; x_wconf 84' lang='lat' dir='ltr'><strong>ac</strong></span> <span class='ocrx_word' id='word_1_389' title='bbox 1396 797 1467 825; x_wconf 79' lang='lat' dir='ltr'><strong>fama</strong></span> <span class='ocrx_word' id='word_1_390' title='bbox 1485 798 1601 828; x_wconf 84' lang='lat' dir='ltr'><strong>exstitit.</strong></span> 
     </span>
    </p>
   </div>
   <div class='ocr_carea' id='block_1_75' title="bbox 999 844 1724 878">
    <p class='ocr_par' dir='ltr' id='par_1_75' title="bbox 999 844 1724 878">
     <span class='ocr_line' id='line_1_75' title="bbox 999 844 1724 878; baseline 0 -7"><span class='ocrx_word' id='word_1_391' title='bbox 999 844 1077 871; x_wconf 89' lang='lat' dir='ltr'><strong>&#39;I‘unc</strong></span> <span class='ocrx_word' id='word_1_392' title='bbox 1093 851 1155 871; x_wconf 82' lang='lat' dir='ltr'><strong>cum</strong></span> <span class='ocrx_word' id='word_1_393' title='bbox 1174 844 1306 871; x_wconf 83' lang='lat' dir='ltr'><strong>referrent</strong></span> <span class='ocrx_word' id='word_1_394' title='bbox 1320 844 1400 871; x_wconf 89' lang='lat' dir='ltr'><strong>ambo</strong></span> <span class='ocrx_word' id='word_1_395' title='bbox 1417 844 1452 871; x_wconf 84' lang='lat' dir='ltr'><strong>ab</strong></span> <span class='ocrx_word' id='word_1_396' title='bbox 1464 844 1591 871; x_wconf 84' lang='lat' dir='ltr'><strong>Armenia</strong></span> <span class='ocrx_word' id='word_1_397' title='bbox 1608 845 1701 878; x_wconf 84' lang='lat' dir='ltr'><strong>pedem</strong></span> <span class='ocrx_word' id='word_1_398' title='bbox 1717 852 1724 871; x_wconf 89' lang='lat'>:</span> 
     </span>
    </p>
   </div>
   <div class='ocr_carea' id='block_1_76' title="bbox 999 889 1539 924">
    <p class='ocr_par' dir='ltr' id='par_1_76' title="bbox 999 889 1539 924">
     <span class='ocr_line' id='line_1_76' title="bbox 999 889 1539 924; baseline -0.006 -6"><span class='ocrx_word' id='word_1_399' title='bbox 999 889 1056 918; x_wconf 88' lang='lat' dir='ltr'><strong>Sibi</strong></span> <span class='ocrx_word' id='word_1_400' title='bbox 1073 898 1133 918; x_wconf 85' lang='lat' dir='ltr'><strong>esse</strong></span> <span class='ocrx_word' id='word_1_401' title='bbox 1148 889 1221 917; x_wconf 80' lang='lat' dir='ltr'><strong>factu</strong></span> <span class='ocrx_word' id='word_1_402' title='bbox 1234 889 1369 924; x_wconf 83' lang='lat' dir='ltr'><strong>judicavit</strong></span> <span class='ocrx_word' id='word_1_403' title='bbox 1395 890 1539 924; x_wconf 79' lang='lat' dir='ltr'><strong>optimum,</strong></span> 
     </span>
    </p>
   </div>
   <div class='ocr_carea' id='block_1_77' title="bbox 999 935 1652 970">
    <p class='ocr_par' dir='ltr' id='par_1_77' title="bbox 999 935 1652 970">
     <span class='ocr_line' id='line_1_77' title="bbox 999 935 1652 970; baseline -0.005 -6"><span class='ocrx_word' id='word_1_404' title='bbox 999 937 1054 964; x_wconf 89' lang='lat' dir='ltr'><strong>Deo</strong></span> <span class='ocrx_word' id='word_1_405' title='bbox 1071 942 1151 970; x_wconf 90' lang='lat' dir='ltr'><strong>atque</strong></span> <span class='ocrx_word' id='word_1_406' title='bbox 1166 936 1282 963; x_wconf 87' lang='lat' dir='ltr'><strong>Domino</strong></span> <span class='ocrx_word' id='word_1_407' title='bbox 1295 940 1393 963; x_wconf 87' lang='lat' dir='ltr'><strong>cuneta</strong></span> <span class='ocrx_word' id='word_1_408' title='bbox 1409 943 1520 970; x_wconf 88' lang='lat' dir='ltr'><strong>prorsus</strong></span> <span class='ocrx_word' id='word_1_409' title='bbox 1535 935 1652 967; x_wconf 82' lang='lat' dir='ltr'><strong>tradere,</strong></span> 
     </span>
    </p>
   </div>
   <div class='ocr_carea' id='block_1_78' title="bbox 998 981 1609 1015">
    <p class='ocr_par' dir='ltr' id='par_1_78' title="bbox 998 981 1609 1015">
     <span class='ocr_line' id='line_1_78' title="bbox 998 981 1609 1015; baseline -0.005 -5"><span class='ocrx_word' id='word_1_410' title='bbox 998 983 1032 1011; x_wconf 84' lang='lat' dir='ltr'><strong>Et</strong></span> <span class='ocrx_word' id='word_1_411' title='bbox 1051 988 1126 1010; x_wconf 85' lang='lat' dir='ltr'><strong>veste</strong></span> <span class='ocrx_word' id='word_1_412' title='bbox 1141 983 1199 1015; x_wconf 88' lang='lat' dir='ltr'><strong>vili,</strong></span> <span class='ocrx_word' id='word_1_413' title='bbox 1211 990 1288 1010; x_wconf 91' lang='lat' dir='ltr'><strong>more</strong></span> <span class='ocrx_word' id='word_1_414' title='bbox 1296 982 1505 1014; x_wconf 84' lang='lat' dir='ltr'><strong>monachorum,</strong></span> <span class='ocrx_word' id='word_1_415' title='bbox 1521 981 1609 1008; x_wconf 88' lang='lat' dir='ltr'><strong>indui.</strong></span> 
     </span>
    </p>
   </div>
   <div class='ocr_carea' id='block_1_79' title="bbox 999 1027 1535 1063">
    <p class='ocr_par' dir='ltr' id='par_1_79' title="bbox 999 1027 1535 1063">
     <span class='ocr_line' id='line_1_79' title="bbox 999 1027 1535 1063; baseline -0.004 -7"><span class='ocrx_word' id='word_1_416' title='bbox 999 1029 1103 1056; x_wconf 80' lang='lat' dir='ltr'><strong>Exinde</strong></span> <span class='ocrx_word' id='word_1_417' title='bbox 1119 1029 1182 1056; x_wconf 82' lang='lat' dir='ltr'><strong>vitae</strong></span> <span class='ocrx_word' id='word_1_418' title='bbox 1196 1033 1303 1063; x_wconf 88' lang='lat' dir='ltr'><strong>tempus</strong></span> <span class='ocrx_word' id='word_1_419' title='bbox 1320 1027 1375 1062; x_wconf 77' lang='lat' dir='ltr'><strong>egit</strong></span> <span class='ocrx_word' id='word_1_420' title='bbox 1395 1035 1535 1062; x_wconf 81' lang='lat' dir='ltr'><strong>prospere,</strong></span> 
     </span>
    </p>
   </div>
   <div class='ocr_carea' id='block_1_80' title="bbox 998 1068 1644 1108">
    <p class='ocr_par' dir='ltr' id='par_1_80' title="bbox 998 1068 1644 1108">
     <span class='ocr_line' id='line_1_80' title="bbox 998 1068 1644 1108; baseline -0.003 -6"><span class='ocrx_word' id='word_1_421' title='bbox 998 1075 1052 1103; x_wconf 89' lang='lat' dir='ltr'><strong>Cor</strong></span> <span class='ocrx_word' id='word_1_422' title='bbox 1068 1076 1180 1108; x_wconf 89' lang='lat' dir='ltr'><strong>humile,</strong></span> <span class='ocrx_word' id='word_1_423' title='bbox 1197 1075 1288 1102; x_wconf 88' lang='lat' dir='ltr'><strong>cultus</strong></span> <span class='ocrx_word' id='word_1_424' title='bbox 1301 1068 1512 1105; x_wconf 46' lang='lat' dir='ltr'><strong>instar‘eximii,</strong></span> <span class='ocrx_word' id='word_1_425' title='bbox 1525 1081 1623 1108; x_wconf 73' lang='lat' dir='ltr'><strong>gerens</strong></span> <span class='ocrx_word' id='word_1_426' title='bbox 1637 1082 1644 1101; x_wconf 90' lang='lat'><strong>:</strong></span> 
     </span>
    </p>
   </div>
   <div class='ocr_carea' id='block_1_81' title="bbox 1000 1120 1633 1156">
    <p class='ocr_par' dir='ltr' id='par_1_81' title="bbox 1000 1120 1633 1156">
     <span class='ocr_line' id='line_1_81' title="bbox 1000 1120 1633 1156; baseline -0.003 -8"><span class='ocrx_word' id='word_1_427' title='bbox 1000 1120 1109 1149; x_wconf 88' lang='lat' dir='ltr'><strong>Similes</strong></span> <span class='ocrx_word' id='word_1_428' title='bbox 1124 1121 1276 1156; x_wconf 79' lang='lat' dir='ltr'><strong>smaragdis</strong></span> <span class='ocrx_word' id='word_1_429' title='bbox 1292 1121 1482 1156; x_wconf 85' lang='lat' dir='ltr'><strong>laerymasque</strong></span> <span class='ocrx_word' id='word_1_430' title='bbox 1497 1120 1633 1151; x_wconf 81' lang='lat' dir='ltr'><strong>funderet,</strong></span> 
     </span>
    </p>
   </div>
   <div class='ocr_carea' id='block_1_82' title="bbox 998 1165 1660 1202">
    <p class='ocr_par' dir='ltr' id='par_1_82' title="bbox 998 1165 1660 1202">
     <span class='ocr_line' id='line_1_82' title="bbox 998 1165 1660 1202; baseline -0.002 -9"><span class='ocrx_word' id='word_1_431' title='bbox 998 1166 1135 1195; x_wconf 87' lang='lat' dir='ltr'><strong>Insomnis</strong></span> <span class='ocrx_word' id='word_1_432' title='bbox 1151 1167 1248 1195; x_wconf 89' lang='lat' dir='ltr'><strong>oculus</strong></span> <span class='ocrx_word' id='word_1_433' title='bbox 1260 1175 1309 1202; x_wconf 86' lang='lat' dir='ltr'><strong>pro</strong></span> <span class='ocrx_word' id='word_1_434' title='bbox 1319 1167 1377 1194; x_wconf 81' lang='lat' dir='ltr'><strong>face</strong></span> <span class='ocrx_word' id='word_1_435' title='bbox 1393 1173 1420 1194; x_wconf 91' lang='lat' dir='ltr'><strong>et</strong></span> <span class='ocrx_word' id='word_1_436' title='bbox 1431 1174 1526 1201; x_wconf 85' lang='lat' dir='ltr'><strong>preces</strong></span> <span class='ocrx_word' id='word_1_437' title='bbox 1551 1165 1660 1193; x_wconf 81' lang='lat' dir='ltr'><strong>forent:</strong></span> 
     </span>
    </p>
   </div>
   <div class='ocr_carea' id='block_1_83' title="bbox 999 1212 1702 1248">
    <p class='ocr_par' dir='ltr' id='par_1_83' title="bbox 999 1212 1702 1248">
     <span class='ocr_line' id='line_1_83' title="bbox 999 1212 1702 1248; baseline -0.003 -8"><span class='ocrx_word' id='word_1_438' title='bbox 999 1213 1120 1246; x_wconf 83' lang='lat' dir='ltr'><strong>Quarum</strong></span> <span class='ocrx_word' id='word_1_439' title='bbox 1134 1221 1184 1248; x_wconf 89' lang='lat' dir='ltr'><strong>ope</strong></span> <span class='ocrx_word' id='word_1_440' title='bbox 1198 1217 1335 1240; x_wconf 85' lang='lat' dir='ltr'><strong>sacratum</strong></span> <span class='ocrx_word' id='word_1_441' title='bbox 1351 1213 1402 1240; x_wconf 90' lang='lat' dir='ltr'><strong>rite</strong></span> <span class='ocrx_word' id='word_1_442' title='bbox 1415 1220 1527 1240; x_wconf 88' lang='lat' dir='ltr'><strong>cursum</strong></span> <span class='ocrx_word' id='word_1_443' title='bbox 1541 1212 1702 1243; x_wconf 85' lang='lat' dir='ltr'><strong>absolveret,</strong></span> 
     </span>
    </p>
   </div>
   <div class='ocr_carea' id='block_1_84' title="bbox 999 1258 1524 1293">
    <p class='ocr_par' dir='ltr' id='par_1_84' title="bbox 999 1258 1524 1293">
     <span class='ocr_line' id='line_1_84' title="bbox 999 1258 1524 1293; baseline 0.002 -9"><span class='ocrx_word' id='word_1_444' title='bbox 999 1259 1102 1286; x_wconf 81' lang='lat' dir='ltr'><strong>Intacta</strong></span> <span class='ocrx_word' id='word_1_445' title='bbox 1119 1259 1229 1293; x_wconf 86' lang='lat' dir='ltr'><strong>penitus</strong></span> <span class='ocrx_word' id='word_1_446' title='bbox 1244 1259 1379 1286; x_wconf 64' lang='lat' dir='ltr'><strong>hatresum</strong></span> <span class='ocrx_word' id='word_1_447' title='bbox 1397 1258 1524 1285; x_wconf 78' lang='lat' dir='ltr'><strong>fallaciis.</strong></span> 
     </span>
    </p>
   </div>
   <div class='ocr_carea' id='block_1_85' title="bbox 999 1302 1681 1339">
    <p class='ocr_par' dir='ltr' id='par_1_85' title="bbox 999 1302 1681 1339">
     <span class='ocr_line' id='line_1_85' title="bbox 999 1302 1681 1339; baseline -0.001 -9"><span class='ocrx_word' id='word_1_448' title='bbox 999 1304 1123 1339; x_wconf 79' lang='lat' dir='ltr'><strong>Cumque</strong></span> <span class='ocrx_word' id='word_1_449' title='bbox 1139 1304 1183 1330; x_wconf 87' lang='lat' dir='ltr'><strong>illa</strong></span> <span class='ocrx_word' id='word_1_450' title='bbox 1200 1304 1339 1339; x_wconf 80' lang='lat' dir='ltr'><strong>geminum</strong></span> <span class='ocrx_word' id='word_1_451' title='bbox 1352 1311 1453 1330; x_wconf 81' lang='lat' dir='ltr'><strong>uulnus</strong></span> <span class='ocrx_word' id='word_1_452' title='bbox 1469 1303 1601 1330; x_wconf 83' lang='lat' dir='ltr'><strong>obtulerit</strong></span> <span class='ocrx_word' id='word_1_453' title='bbox 1617 1302 1681 1334; x_wconf 87' lang='lat' dir='ltr'><strong>Deo,</strong></span> 
     </span>
    </p>
   </div>
   <div class='ocr_carea' id='block_1_86' title="bbox 999 1349 1611 1386">
    <p class='ocr_par' dir='ltr' id='par_1_86' title="bbox 999 1349 1611 1386">
     <span class='ocr_line' id='line_1_86' title="bbox 999 1349 1611 1386; baseline -0.003 -8"><span class='ocrx_word' id='word_1_454' title='bbox 999 1350 1133 1378; x_wconf 84' lang='lat' dir='ltr'><strong>Permisla</strong></span> <span class='ocrx_word' id='word_1_455' title='bbox 1149 1351 1262 1383; x_wconf 83' lang='lat' dir='ltr'><strong>sanctis,</strong></span> <span class='ocrx_word' id='word_1_456' title='bbox 1274 1351 1370 1386; x_wconf 79' lang='lat' dir='ltr'><strong>gaudia</strong></span> <span class='ocrx_word' id='word_1_457' title='bbox 1389 1355 1487 1377; x_wconf 68' lang='lat' dir='ltr'><strong>mter-na</strong></span> <span class='ocrx_word' id='word_1_458' title='bbox 1498 1349 1611 1376; x_wconf 78' lang='lat' dir='ltr'><strong>obtinet.</strong></span> 
     </span>
    </p>
   </div>
   <div class='ocr_carea' id='block_1_87' title="bbox 1257 1394 1543 1423">
    <p class='ocr_par' dir='ltr' id='par_1_87' title="bbox 1257 1394 1543 1423">
     <span class='ocr_line' id='line_1_87' title="bbox 1257 1394 1543 1423; baseline -0.007 0"><span class='ocrx_word' id='word_1_459' title='bbox 1257 1395 1375 1423; x_wconf 83' lang='lat' dir='ltr'><strong>CXVIII.</strong></span> <span class='ocrx_word' id='word_1_460' title='bbox 1388 1410 1424 1415; x_wconf 87' lang='lat'><strong>——</strong></span> <span class='ocrx_word' id='word_1_461' title='bbox 1438 1394 1543 1421; x_wconf 81' lang='lat' dir='ltr'><strong>Eidem.</strong></span> 
     </span>
    </p>
   </div>
   <div class='ocr_carea' id='block_1_88' title="bbox 1000 1440 1581 1477">
    <p class='ocr_par' dir='ltr' id='par_1_88' title="bbox 1000 1440 1581 1477">
     <span class='ocr_line' id='line_1_88' title="bbox 1000 1440 1581 1477; baseline -0.002 -9"><span class='ocrx_word' id='word_1_462' title='bbox 1000 1440 1090 1469; x_wconf 89' lang='lat' dir='ltr'><strong>Locus</strong></span> <span class='ocrx_word' id='word_1_463' title='bbox 1103 1441 1262 1477; x_wconf 83' lang='lat' dir='ltr'><strong>auspicatus</strong></span> <span class='ocrx_word' id='word_1_464' title='bbox 1279 1441 1334 1472; x_wconf 86' lang='lat' dir='ltr'><strong>hic.</strong></span> <span class='ocrx_word' id='word_1_465' title='bbox 1352 1441 1397 1468; x_wconf 88' lang='lat' dir='ltr'><strong>ubi</strong></span> <span class='ocrx_word' id='word_1_466' title='bbox 1410 1441 1486 1468; x_wconf 88' lang='lat' dir='ltr'><strong>lrene</strong></span> <span class='ocrx_word' id='word_1_467' title='bbox 1498 1441 1581 1475; x_wconf 85' lang='lat' dir='ltr'><strong>jacet.</strong></span> 
     </span>
    </p>
   </div>
   <div class='ocr_carea' id='block_1_89' title="bbox 1000 1486 1580 1521">
    <p class='ocr_par' dir='ltr' id='par_1_89' title="bbox 1000 1486 1580 1521">
     <span class='ocr_line' id='line_1_89' title="bbox 1000 1486 1580 1521; baseline 0.003 -11"><span class='ocrx_word' id='word_1_468' title='bbox 1000 1486 1067 1519; x_wconf 61' lang='lat' dir='ltr'><strong>Quae</strong></span> <span class='ocrx_word' id='word_1_469' title='bbox 1077 1486 1152 1521; x_wconf 86' lang='lat' dir='ltr'><strong>pacis</strong></span> <span class='ocrx_word' id='word_1_470' title='bbox 1164 1494 1251 1521; x_wconf 82' lang='lat' dir='ltr'><strong>usque</strong></span> <span class='ocrx_word' id='word_1_471' title='bbox 1262 1494 1323 1513; x_wconf 85' lang='lat' dir='ltr'><strong>eum</strong></span> <span class='ocrx_word' id='word_1_472' title='bbox 1337 1487 1393 1513; x_wconf 82' lang='lat' dir='ltr'><strong>Deo</strong></span> <span class='ocrx_word' id='word_1_473' title='bbox 1404 1486 1502 1512; x_wconf 77' lang='lat' dir='ltr'><strong>cultrix</strong></span> <span class='ocrx_word' id='word_1_474' title='bbox 1518 1486 1580 1513; x_wconf 83' lang='lat' dir='ltr'><strong>luit.</strong></span> 
     </span>
    </p>
   </div>
   <div class='ocr_carea' id='block_1_90' title="bbox 962 1531 1570 1571">
    <p class='ocr_par' dir='ltr' id='par_1_90' title="bbox 962 1531 1570 1571">
     <span class='ocr_line' id='line_1_90' title="bbox 962 1531 1570 1571; baseline -0.002 -11"><span class='ocrx_word' id='word_1_475' title='bbox 962 1544 983 1571; x_wconf 74' lang='grc' dir='ltr'>ο</span> <span class='ocrx_word' id='word_1_476' title='bbox 1200 1531 1294 1559; x_wconf 79' lang='lat' dir='ltr'><strong>CXIX.</strong></span> <span class='ocrx_word' id='word_1_477' title='bbox 1307 1546 1343 1552; x_wconf 91' lang='lat'><strong>—</strong></span> <span class='ocrx_word' id='word_1_478' title='bbox 1357 1532 1389 1559; x_wconf 82' lang='grc' dir='ltr'><strong>1η</strong></span> <span class='ocrx_word' id='word_1_479' title='bbox 1403 1531 1570 1566; x_wconf 79' lang='lat' dir='ltr'><strong>Dionysium.</strong></span> 
     </span>
    </p>
   </div>
   <div class='ocr_carea' id='block_1_91' title="bbox 999 1577 1584 1613">
    <p class='ocr_par' dir='ltr' id='par_1_91' title="bbox 999 1577 1584 1613">
     <span class='ocr_line' id='line_1_91' title="bbox 999 1577 1584 1613; baseline -0.002 -8"><span class='ocrx_word' id='word_1_480' title='bbox 999 1577 1074 1606; x_wconf 72' lang='lat' dir='ltr'><strong>Iacet</strong></span> <span class='ocrx_word' id='word_1_481' title='bbox 1085 1578 1137 1606; x_wconf 90' lang='lat' dir='ltr'><strong>hoc</strong></span> <span class='ocrx_word' id='word_1_482' title='bbox 1148 1578 1273 1612; x_wconf 84' lang='lat' dir='ltr'><strong>sepulcro</strong></span> <span class='ocrx_word' id='word_1_483' title='bbox 1285 1578 1410 1605; x_wconf 85' lang='lat' dir='ltr'><strong>conditus</strong></span> <span class='ocrx_word' id='word_1_484' title='bbox 1428 1577 1584 1613; x_wconf 87' lang='lat' dir='ltr'><strong>Dionysius,</strong></span> 
     </span>
    </p>
   </div>
   <div class='ocr_carea' id='block_1_92' title="bbox 999 1623 1678 1659">
    <p class='ocr_par' dir='ltr' id='par_1_92' title="bbox 999 1623 1678 1659">
     <span class='ocr_line' id='line_1_92' title="bbox 999 1623 1678 1659; baseline -0.001 -8"><span class='ocrx_word' id='word_1_485' title='bbox 999 1624 1050 1657; x_wconf 89' lang='lat' dir='ltr'><strong>Qui</strong></span> <span class='ocrx_word' id='word_1_486' title='bbox 1063 1624 1224 1657; x_wconf 85' lang='lat' dir='ltr'><strong>monachus,</strong></span> <span class='ocrx_word' id='word_1_487' title='bbox 1239 1625 1349 1659; x_wconf 86' lang='lat' dir='ltr'><strong>hospes,</strong></span> <span class='ocrx_word' id='word_1_488' title='bbox 1369 1631 1401 1651; x_wconf 90' lang='lat' dir='ltr'><strong>ac</strong></span> <span class='ocrx_word' id='word_1_489' title='bbox 1417 1624 1490 1658; x_wconf 82' lang='lat' dir='ltr'><strong>pugil</strong></span> <span class='ocrx_word' id='word_1_490' title='bbox 1504 1624 1603 1651; x_wconf 89' lang='lat' dir='ltr'><strong>docilis</strong></span> <span class='ocrx_word' id='word_1_491' title='bbox 1616 1623 1678 1656; x_wconf 80' lang='lat' dir='ltr'><strong>fuit,</strong></span> 
     </span>
    </p>
   </div>
   <div class='ocr_carea' id='block_1_93' title="bbox 1000 1669 1576 1704">
    <p class='ocr_par' dir='ltr' id='par_1_93' title="bbox 1000 1669 1576 1704">
     <span class='ocr_line' id='line_1_93' title="bbox 1000 1669 1576 1704; baseline 0 -8"><span class='ocrx_word' id='word_1_492' title='bbox 1000 1669 1084 1696; x_wconf 78' lang='lat' dir='ltr'><strong>Multo</strong></span> <span class='ocrx_word' id='word_1_493' title='bbox 1095 1674 1122 1696; x_wconf 86' lang='lat' dir='ltr'><strong>et</strong></span> <span class='ocrx_word' id='word_1_494' title='bbox 1135 1669 1228 1696; x_wconf 88' lang='lat' dir='ltr'><strong>labore</strong></span> <span class='ocrx_word' id='word_1_495' title='bbox 1241 1677 1290 1704; x_wconf 89' lang='lat' dir='ltr'><strong>pro</strong></span> <span class='ocrx_word' id='word_1_496' title='bbox 1305 1669 1358 1696; x_wconf 76' lang='lat' dir='ltr'><strong>fide</strong></span> <span class='ocrx_word' id='word_1_497' title='bbox 1368 1674 1410 1696; x_wconf 88' lang='lat' dir='ltr'><strong>est</strong></span> <span class='ocrx_word' id='word_1_498' title='bbox 1427 1669 1576 1702; x_wconf 83' lang='lat' dir='ltr'><strong>exercitus,</strong></span> 
     </span>
    </p>
   </div>
   <div class='ocr_carea' id='block_1_94' title="bbox 999 1715 1708 1751">
    <p class='ocr_par' dir='ltr' id='par_1_94' title="bbox 999 1715 1708 1751">
     <span class='ocr_line' id='line_1_94' title="bbox 999 1715 1708 1751; baseline -0.001 -8"><span class='ocrx_word' id='word_1_499' title='bbox 999 1716 1159 1751; x_wconf 83' lang='lat' dir='ltr'><strong>Clausitque</strong></span> <span class='ocrx_word' id='word_1_500' title='bbox 1174 1723 1309 1750; x_wconf 82' lang='lat' dir='ltr'><strong>pugnans,</strong></span> <span class='ocrx_word' id='word_1_501' title='bbox 1328 1720 1440 1751; x_wconf 87' lang='lat' dir='ltr'><strong>martyr,</strong></span> <span class='ocrx_word' id='word_1_502' title='bbox 1455 1721 1607 1742; x_wconf 82' lang='lat' dir='ltr'><strong>extremum</strong></span> <span class='ocrx_word' id='word_1_503' title='bbox 1625 1715 1708 1743; x_wconf 90' lang='lat' dir='ltr'><strong>diem.</strong></span> 
     </span>
    </p>
   </div>
   <div class='ocr_carea' id='block_1_95' title="bbox 1155 1762 1632 1790">
    <p class='ocr_par' dir='ltr' id='par_1_95' title="bbox 1155 1762 1632 1790">
     <span class='ocr_line' id='line_1_95' title="bbox 1155 1762 1632 1790; baseline -0.002 -1"><span class='ocrx_word' id='word_1_504' title='bbox 1155 1762 1237 1790; x_wconf 79' lang='lat' dir='ltr'><strong>CXX.</strong></span> <span class='ocrx_word' id='word_1_505' title='bbox 1251 1777 1287 1782; x_wconf 92' lang='lat'>—</span> <span class='ocrx_word' id='word_1_506' title='bbox 1306 1762 1340 1789; x_wconf 86' lang='lat' dir='ltr'><strong>In</strong></span> <span class='ocrx_word' id='word_1_507' title='bbox 1353 1763 1508 1789; x_wconf 75' lang='lat' dir='ltr'><strong>monasterii</strong></span> <span class='ocrx_word' id='word_1_508' title='bbox 1518 1762 1632 1789; x_wconf 77' lang='lat' dir='ltr'><strong>aditum.</strong></span> 
     </span>
    </p>
   </div>
   <div class='ocr_carea' id='block_1_96' title="bbox 1001 1807 1693 1843">
    <p class='ocr_par' dir='ltr' id='par_1_96' title="bbox 1001 1807 1693 1843">
     <span class='ocr_line' id='line_1_96' title="bbox 1001 1807 1693 1843; baseline 0 -7"><span class='ocrx_word' id='word_1_509' title='bbox 1001 1808 1056 1836; x_wconf 92' lang='lat' dir='ltr'><strong>Deo</strong></span> <span class='ocrx_word' id='word_1_510' title='bbox 1069 1812 1152 1843; x_wconf 87' lang='lat' dir='ltr'><strong>atque</strong></span> <span class='ocrx_word' id='word_1_511' title='bbox 1172 1809 1289 1836; x_wconf 89' lang='lat' dir='ltr'><strong>Domino</strong></span> <span class='ocrx_word' id='word_1_512' title='bbox 1305 1808 1354 1836; x_wconf 88' lang='lat' dir='ltr'><strong>has</strong></span> <span class='ocrx_word' id='word_1_513' title='bbox 1369 1809 1446 1836; x_wconf 83' lang='lat' dir='ltr'><strong>Anna</strong></span> <span class='ocrx_word' id='word_1_514' title='bbox 1460 1808 1596 1843; x_wconf 85' lang='lat' dir='ltr'><strong>primitias</strong></span> <span class='ocrx_word' id='word_1_515' title='bbox 1606 1807 1693 1836; x_wconf 82' lang='lat' dir='ltr'><strong>dedit.</strong></span> 
     </span>
    </p>
   </div>
   <div class='ocr_carea' id='block_1_97' title="bbox 1003 1854 1789 1889">
    <p class='ocr_par' dir='ltr' id='par_1_97' title="bbox 1003 1854 1789 1889">
     <span class='ocr_line' id='line_1_97' title="bbox 1003 1854 1789 1889; baseline -0.004 -7"><span class='ocrx_word' id='word_1_516' title='bbox 1003 1854 1142 1882; x_wconf 79' lang='lat' dir='ltr'><strong>Mandram</strong></span> <span class='ocrx_word' id='word_1_517' title='bbox 1157 1855 1239 1888; x_wconf 89' lang='lat' dir='ltr'><strong>hanc,</strong></span> <span class='ocrx_word' id='word_1_518' title='bbox 1252 1854 1467 1889; x_wconf 85' lang='lat' dir='ltr'><strong>monasteriique</strong></span> <span class='ocrx_word' id='word_1_519' title='bbox 1476 1854 1657 1881; x_wconf 79' lang='lat' dir='ltr'><strong>venerandam</strong></span> <span class='ocrx_word' id='word_1_520' title='bbox 1666 1854 1789 1885; x_wconf 84' lang='lat' dir='ltr'><strong>domum,</strong></span> 
     </span>
    </p>
   </div>
   <div class='ocr_carea' id='block_1_98' title="bbox 1002 1900 1609 1936">
    <p class='ocr_par' dir='ltr' id='par_1_98' title="bbox 1002 1900 1609 1936">
     <span class='ocr_line' id='line_1_98' title="bbox 1002 1900 1609 1936; baseline -0.002 -9"><span class='ocrx_word' id='word_1_521' title='bbox 1002 1901 1068 1934; x_wconf 68' lang='lat' dir='ltr'><strong>Quae</strong></span> <span class='ocrx_word' id='word_1_522' title='bbox 1077 1905 1155 1927; x_wconf 87' lang='lat' dir='ltr'><strong>nacta</strong></span> <span class='ocrx_word' id='word_1_523' title='bbox 1172 1908 1272 1928; x_wconf 89' lang='lat' dir='ltr'><strong>nomen</strong></span> <span class='ocrx_word' id='word_1_524' title='bbox 1282 1900 1404 1936; x_wconf 80' lang='lat' dir='ltr'><strong>Virginis</strong></span> <span class='ocrx_word' id='word_1_525' title='bbox 1414 1908 1462 1928; x_wconf 87' lang='lat' dir='ltr'><strong>san</strong></span> <span class='ocrx_word' id='word_1_526' title='bbox 1468 1900 1609 1931; x_wconf 72' lang='lat' dir='ltr'><strong>ctissimae,</strong></span> 
     </span>
    </p>
   </div>
   <div class='ocr_carea' id='block_1_99' title="bbox 1002 1946 1612 1982">
    <p class='ocr_par' dir='ltr' id='par_1_99' title="bbox 1002 1946 1612 1982">
     <span class='ocr_line' id='line_1_99' title="bbox 1002 1946 1612 1982; baseline -0.002 -8"><span class='ocrx_word' id='word_1_527' title='bbox 1002 1947 1157 1981; x_wconf 83' lang='lat' dir='ltr'><strong>Titulisque</strong></span> <span class='ocrx_word' id='word_1_528' title='bbox 1172 1946 1263 1981; x_wconf 86' lang='lat' dir='ltr'><strong>sponsi</strong></span> <span class='ocrx_word' id='word_1_529' title='bbox 1282 1947 1401 1982; x_wconf 76' lang='lat' dir='ltr'><strong>virgines</strong></span> <span class='ocrx_word' id='word_1_530' title='bbox 1415 1946 1503 1973; x_wconf 88' lang='lat' dir='ltr'><strong>claras</strong></span> <span class='ocrx_word' id='word_1_531' title='bbox 1519 1947 1612 1977; x_wconf 83' lang='lat' dir='ltr'><strong>habet.</strong></span> 
     </span>
    </p>
   </div>
   <div class='ocr_carea' id='block_1_100' title="bbox 1001 1991 1637 2026">
    <p class='ocr_par' dir='ltr' id='par_1_100' title="bbox 1001 1991 1637 2026">
     <span class='ocr_line' id='line_1_100' title="bbox 1001 1991 1637 2026; baseline -0.002 -8"><span class='ocrx_word' id='word_1_532' title='bbox 1001 1991 1127 2019; x_wconf 62' lang='lat' dir='ltr'><strong>Caelestis</strong></span> <span class='ocrx_word' id='word_1_533' title='bbox 1141 1991 1196 2018; x_wconf 90' lang='lat' dir='ltr'><strong>illic</strong></span> <span class='ocrx_word' id='word_1_534' title='bbox 1211 1991 1300 2018; x_wconf 87' lang='lat' dir='ltr'><strong>studia</strong></span> <span class='ocrx_word' id='word_1_535' title='bbox 1318 1999 1389 2026; x_wconf 86' lang='lat' dir='ltr'><strong>quas</strong></span> <span class='ocrx_word' id='word_1_536' title='bbox 1406 1991 1469 2018; x_wconf 71' lang='lat' dir='ltr'><strong>vita:</strong></span> <span class='ocrx_word' id='word_1_537' title='bbox 1492 1991 1617 2018; x_wconf 82' lang='lat' dir='ltr'><strong>excolaut</strong></span> <span class='ocrx_word' id='word_1_538' title='bbox 1631 2000 1637 2017; x_wconf 92' lang='lat'>:</span> 
     </span>
    </p>
   </div>
   <div class='ocr_carea' id='block_1_101' title="bbox 1004 2035 1594 2071">
    <p class='ocr_par' dir='ltr' id='par_1_101' title="bbox 1004 2035 1594 2071">
     <span class='ocr_line' id='line_1_101' title="bbox 1004 2035 1594 2071; baseline 0.002 -9"><span class='ocrx_word' id='word_1_539' title='bbox 1004 2035 1094 2070; x_wconf 87' lang='lat' dir='ltr'><strong>thue</strong></span> <span class='ocrx_word' id='word_1_540' title='bbox 1105 2036 1274 2063; x_wconf 87' lang='lat' dir='ltr'><strong>redimantur</strong></span> <span class='ocrx_word' id='word_1_541' title='bbox 1286 2043 1400 2063; x_wconf 87' lang='lat' dir='ltr'><strong>munere</strong></span> <span class='ocrx_word' id='word_1_542' title='bbox 1419 2036 1471 2063; x_wconf 87' lang='lat' dir='ltr'><strong>hoc</strong></span> <span class='ocrx_word' id='word_1_543' title='bbox 1485 2036 1594 2071; x_wconf 85' lang='lat' dir='ltr'><strong>piacula</strong></span> 
     </span>
    </p>
   </div>
   <div class='ocr_carea' id='block_1_102' title="bbox 1002 2079 1589 2116">
    <p class='ocr_par' dir='ltr' id='par_1_102' title="bbox 1002 2079 1589 2116">
     <span class='ocr_line' id='line_1_102' title="bbox 1002 2079 1589 2116; baseline 0.003 -10"><span class='ocrx_word' id='word_1_544' title='bbox 1002 2081 1106 2107; x_wconf 80' lang='lat' dir='ltr'><strong>Cuncta</strong></span> <span class='ocrx_word' id='word_1_545' title='bbox 1120 2080 1275 2114; x_wconf 86' lang='lat' dir='ltr'><strong>ipsiusmet,</strong></span> <span class='ocrx_word' id='word_1_546' title='bbox 1293 2088 1324 2107; x_wconf 91' lang='lat' dir='ltr'><strong>ac</strong></span> <span class='ocrx_word' id='word_1_547' title='bbox 1336 2079 1437 2107; x_wconf 90' lang='lat' dir='ltr'><strong>Leonis</strong></span> <span class='ocrx_word' id='word_1_548' title='bbox 1454 2081 1589 2116; x_wconf 75' lang='lat' dir='ltr'><strong>conjugis,</strong></span> 
     </span>
    </p>
   </div>
   <div class='ocr_carea' id='block_1_103' title="bbox 1001 2125 1460 2157">
    <p class='ocr_par' dir='ltr' id='par_1_103' title="bbox 1001 2125 1460 2157">
     <span class='ocr_line' id='line_1_103' title="bbox 1001 2125 1460 2157; baseline -0.002 -4"><span class='ocrx_word' id='word_1_549' title='bbox 1001 2125 1116 2153; x_wconf 85' lang='lat' dir='ltr'><strong>Joannis</strong></span> <span class='ocrx_word' id='word_1_550' title='bbox 1129 2126 1221 2157; x_wconf 80' lang='lat' dir='ltr'><strong>etiam,</strong></span> <span class='ocrx_word' id='word_1_551' title='bbox 1233 2126 1280 2152; x_wconf 91' lang='lat' dir='ltr'><strong>lilii</strong></span> <span class='ocrx_word' id='word_1_552' title='bbox 1294 2125 1460 2153; x_wconf 88' lang='lat' dir='ltr'><strong>charissimi.</strong></span> 
     </span>
    </p>
   </div>
   <div class='ocr_carea' id='block_1_104' title="bbox 1123 2170 1678 2206">
    <p class='ocr_par' dir='ltr' id='par_1_104' title="bbox 1123 2170 1678 2206">
     <span class='ocr_line' id='line_1_104' title="bbox 1123 2170 1678 2206; baseline 0.002 -8"><span class='ocrx_word' id='word_1_553' title='bbox 1123 2170 1217 2198; x_wconf 87' lang='lat' dir='ltr'><strong>CXXI.</strong></span> <span class='ocrx_word' id='word_1_554' title='bbox 1238 2186 1273 2191; x_wconf 94' lang='lat'><strong>—</strong></span> <span class='ocrx_word' id='word_1_555' title='bbox 1288 2170 1322 2198; x_wconf 87' lang='lat' dir='ltr'><strong>In</strong></span> <span class='ocrx_word' id='word_1_556' title='bbox 1341 2170 1512 2206; x_wconf 82' lang='lat' dir='ltr'><strong>Theophilum</strong></span> <span class='ocrx_word' id='word_1_557' title='bbox 1527 2172 1678 2199; x_wconf 78' lang='lat' dir='ltr'><strong>diaconum.</strong></span> 
     </span>
    </p>
   </div>
   <div class='ocr_carea' id='block_1_105' title="bbox 968 2212 1689 2254">
    <p class='ocr_par' dir='ltr' id='par_1_105' title="bbox 968 2212 1689 2254">
     <span class='ocr_line' id='line_1_105' title="bbox 968 2212 1689 2254; baseline 0.006 -11"><span class='ocrx_word' id='word_1_558' title='bbox 968 2212 991 2240; x_wconf 83' lang='grc'><strong>1)</strong></span> <span class='ocrx_word' id='word_1_559' title='bbox 1040 2217 1110 2251; x_wconf 88' lang='lat' dir='ltr'><strong>Tua,</strong></span> <span class='ocrx_word' id='word_1_560' title='bbox 1127 2218 1169 2244; x_wconf 89' lang='lat' dir='ltr'><strong>vir</strong></span> <span class='ocrx_word' id='word_1_561' title='bbox 1183 2217 1309 2249; x_wconf 85' lang='lat' dir='ltr'><strong>colende,</strong></span> <span class='ocrx_word' id='word_1_562' title='bbox 1330 2218 1449 2244; x_wconf 80' lang='lat' dir='ltr'><strong>maxima</strong></span> <span class='ocrx_word' id='word_1_563' title='bbox 1468 2223 1511 2245; x_wconf 87' lang='lat' dir='ltr'><strong>est</strong></span> <span class='ocrx_word' id='word_1_564' title='bbox 1524 2218 1689 2254; x_wconf 81' lang='lat' dir='ltr'><strong>benignitas.</strong></span> 
     </span>
    </p>
   </div>
   <div class='ocr_carea' id='block_1_106' title="bbox 1006 2263 1624 2298">
    <p class='ocr_par' dir='ltr' id='par_1_106' title="bbox 1006 2263 1624 2298">
     <span class='ocr_line' id='line_1_106' title="bbox 1006 2263 1624 2298; baseline 0.005 -8"><span class='ocrx_word' id='word_1_565' title='bbox 1006 2264 1083 2291; x_wconf 85' lang='lat' dir='ltr'><strong>Haud</strong></span> <span class='ocrx_word' id='word_1_566' title='bbox 1096 2264 1150 2291; x_wconf 91' lang='lat' dir='ltr'><strong>ulla</strong></span> <span class='ocrx_word' id='word_1_567' title='bbox 1166 2271 1285 2298; x_wconf 70' lang='lat' dir='ltr'><strong>namque</strong></span> <span class='ocrx_word' id='word_1_568' title='bbox 1298 2263 1370 2291; x_wconf 85' lang='lat' dir='ltr'><strong>dona</strong></span> <span class='ocrx_word' id='word_1_569' title='bbox 1381 2264 1537 2292; x_wconf 84' lang='lat' dir='ltr'><strong>dederimus</strong></span> <span class='ocrx_word' id='word_1_570' title='bbox 1552 2266 1624 2298; x_wconf 86' lang='lat' dir='ltr'><strong>licet,</strong></span> 
     </span>
    </p>
   </div>
   <div class='ocr_carea' id='block_1_107' title="bbox 1005 2308 1634 2345">
    <p class='ocr_par' dir='ltr' id='par_1_107' title="bbox 1005 2308 1634 2345">
     <span class='ocr_line' id='line_1_107' title="bbox 1005 2308 1634 2345; baseline 0.005 -9"><span class='ocrx_word' id='word_1_571' title='bbox 1005 2308 1062 2337; x_wconf 85' lang='lat' dir='ltr'><strong>Nisi</strong></span> <span class='ocrx_word' id='word_1_572' title='bbox 1077 2316 1145 2344; x_wconf 85' lang='lat' dir='ltr'><strong>quas</strong></span> <span class='ocrx_word' id='word_1_573' title='bbox 1159 2309 1256 2336; x_wconf 88' lang='lat' dir='ltr'><strong>miselli</strong></span> <span class='ocrx_word' id='word_1_574' title='bbox 1269 2308 1410 2336; x_wconf 81' lang='lat' dir='ltr'><strong>fundimus</strong></span> <span class='ocrx_word' id='word_1_575' title='bbox 1423 2318 1472 2344; x_wconf 91' lang='lat' dir='ltr'><strong>pro</strong></span> <span class='ocrx_word' id='word_1_576' title='bbox 1487 2315 1512 2337; x_wconf 90' lang='lat' dir='ltr'><strong>te</strong></span> <span class='ocrx_word' id='word_1_577' title='bbox 1521 2318 1634 2345; x_wconf 75' lang='lat' dir='ltr'><strong>preces;</strong></span> 
     </span>
    </p>
   </div>
   <div class='ocr_carea' id='block_1_108' title="bbox 1005 2355 1647 2391">
    <p class='ocr_par' dir='ltr' id='par_1_108' title="bbox 1005 2355 1647 2391">
     <span class='ocr_line' id='line_1_108' title="bbox 1005 2355 1647 2391; baseline 0.003 -8"><span class='ocrx_word' id='word_1_578' title='bbox 1005 2355 1110 2391; x_wconf 75' lang='lat' dir='ltr'><strong>Largiri</strong></span> <span class='ocrx_word' id='word_1_579' title='bbox 1124 2360 1150 2383; x_wconf 90' lang='lat' dir='ltr'><strong>at</strong></span> <span class='ocrx_word' id='word_1_580' title='bbox 1167 2356 1226 2390; x_wconf 90' lang='lat' dir='ltr'><strong>ipse</strong></span> <span class='ocrx_word' id='word_1_581' title='bbox 1246 2363 1360 2383; x_wconf 87' lang='lat' dir='ltr'><strong>munera</strong></span> <span class='ocrx_word' id='word_1_582' title='bbox 1376 2356 1448 2383; x_wconf 84' lang='lat' dir='ltr'><strong>haud</strong></span> <span class='ocrx_word' id='word_1_583' title='bbox 1464 2364 1557 2384; x_wconf 85' lang='lat' dir='ltr'><strong>cessas</strong></span> <span class='ocrx_word' id='word_1_584' title='bbox 1569 2366 1647 2385; x_wconf 74' lang='lat' dir='ltr'><strong>nova.</strong></span> 
     </span>
    </p>
   </div>
   <div class='ocr_carea' id='block_1_109' title="bbox 1004 2402 1678 2439">
    <p class='ocr_par' dir='ltr' id='par_1_109' title="bbox 1004 2402 1678 2439">
     <span class='ocr_line' id='line_1_109' title="bbox 1004 2402 1678 2439; baseline 0.003 -10"><span class='ocrx_word' id='word_1_585' title='bbox 1004 2402 1072 2435; x_wconf 72' lang='lat' dir='ltr'><strong>Quae</strong></span> <span class='ocrx_word' id='word_1_586' title='bbox 1083 2410 1132 2430; x_wconf 87' lang='lat' dir='ltr'><strong>nos</strong></span> <span class='ocrx_word' id='word_1_587' title='bbox 1147 2402 1281 2429; x_wconf 85' lang='lat' dir='ltr'><strong>benevolo</strong></span> <span class='ocrx_word' id='word_1_588' title='bbox 1290 2410 1388 2430; x_wconf 92' lang='lat' dir='ltr'><strong>rursus</strong></span> <span class='ocrx_word' id='word_1_589' title='bbox 1404 2402 1496 2429; x_wconf 89' lang='lat' dir='ltr'><strong>animo</strong></span> <span class='ocrx_word' id='word_1_590' title='bbox 1511 2405 1678 2439; x_wconf 83' lang='lat' dir='ltr'><strong>accepimus,</strong></span> 
     </span>
    </p>
   </div>
   <div class='ocr_carea' id='block_1_110' title="bbox 1007 2447 1667 2482">
    <p class='ocr_par' dir='ltr' id='par_1_110' title="bbox 1007 2447 1667 2482">
     <span class='ocr_line' id='line_1_110' title="bbox 1007 2447 1667 2482; baseline 0 -7"><span class='ocrx_word' id='word_1_591' title='bbox 1007 2447 1186 2481; x_wconf 68' lang='lat' dir='ltr'><strong>Qumcunque</strong></span> <span class='ocrx_word' id='word_1_592' title='bbox 1204 2452 1344 2474; x_wconf 87' lang='lat' dir='ltr'><strong>amantum</strong></span> <span class='ocrx_word' id='word_1_593' title='bbox 1361 2452 1433 2480; x_wconf 85' lang='lat' dir='ltr'><strong>sunt,</strong></span> <span class='ocrx_word' id='word_1_594' title='bbox 1451 2449 1591 2482; x_wconf 76' lang='lat' dir='ltr'><strong>repensuri</strong></span> <span class='ocrx_word' id='word_1_595' title='bbox 1608 2449 1667 2476; x_wconf 71' lang='lat' dir='ltr'><strong>tibi.</strong></span> 
     </span>
    </p>
   </div>
   <div class='ocr_carea' id='block_1_111' title="bbox 1068 2492 1724 2526">
    <p class='ocr_par' dir='ltr' id='par_1_111' title="bbox 1068 2492 1724 2526">
     <span class='ocr_line' id='line_1_111' title="bbox 1068 2492 1724 2526; baseline 0.003 -6"><span class='ocrx_word' id='word_1_596' title='bbox 1068 2492 1173 2520; x_wconf 83' lang='lat' dir='ltr'><strong>CXXII.</strong></span> <span class='ocrx_word' id='word_1_597' title='bbox 1194 2508 1228 2513; x_wconf 97' lang='lat'><strong>—</strong></span> <span class='ocrx_word' id='word_1_598' title='bbox 1244 2493 1277 2520; x_wconf 80' lang='lat' dir='ltr'><strong>In</strong></span> <span class='ocrx_word' id='word_1_599' title='bbox 1297 2494 1464 2526; x_wconf 83' lang='lat' dir='ltr'><strong>Pamphilum</strong></span> <span class='ocrx_word' id='word_1_600' title='bbox 1479 2493 1724 2522; x_wconf 79' lang='lat' dir='ltr'><strong>Trimalethonlem.</strong></span> 
     </span>
    </p>
   </div>
   <div class='ocr_carea' id='block_1_112' title="bbox 1007 2537 1652 2575">
    <p class='ocr_par' dir='ltr' id='par_1_112' title="bbox 1007 2537 1652 2575">
     <span class='ocr_line' id='line_1_112' title="bbox 1007 2537 1652 2575; baseline 0.003 -10"><span class='ocrx_word' id='word_1_601' title='bbox 1007 2537 1096 2566; x_wconf 83' lang='lat' dir='ltr'><strong>Pestis</strong></span> <span class='ocrx_word' id='word_1_602' title='bbox 1111 2538 1265 2566; x_wconf 87' lang='lat' dir='ltr'><strong>animarttm</strong></span> <span class='ocrx_word' id='word_1_603' title='bbox 1276 2539 1366 2566; x_wconf 87' lang='lat' dir='ltr'><strong>bellua</strong></span> <span class='ocrx_word' id='word_1_604' title='bbox 1383 2547 1464 2570; x_wconf 82' lang='lat' dir='ltr'><strong>nova.</strong></span> <span class='ocrx_word' id='word_1_605' title='bbox 1480 2539 1652 2575; x_wconf 88' lang='lat' dir='ltr'><strong>Pamphilus,</strong></span> 
     </span>
    </p>
   </div>
   <div class='ocr_carea' id='block_1_113' title="bbox 1006 2583 1632 2619">
    <p class='ocr_par' dir='ltr' id='par_1_113' title="bbox 1006 2583 1632 2619">
     <span class='ocr_line' id='line_1_113' title="bbox 1006 2583 1632 2619; baseline 0.003 -9"><span class='ocrx_word' id='word_1_606' title='bbox 1006 2583 1096 2619; x_wconf 82' lang='lat' dir='ltr'><strong>Magni</strong></span> <span class='ocrx_word' id='word_1_607' title='bbox 1111 2584 1254 2611; x_wconf 85' lang='lat' dir='ltr'><strong>abdicatus</strong></span> <span class='ocrx_word' id='word_1_608' title='bbox 1268 2584 1405 2619; x_wconf 88' lang='lat' dir='ltr'><strong>prodromi</strong></span> <span class='ocrx_word' id='word_1_609' title='bbox 1421 2585 1455 2612; x_wconf 87' lang='lat' dir='ltr'><strong>ab</strong></span> <span class='ocrx_word' id='word_1_610' title='bbox 1471 2585 1555 2612; x_wconf 88' lang='lat' dir='ltr'><strong>domo</strong></span> <span class='ocrx_word' id='word_1_611' title='bbox 1572 2586 1632 2612; x_wconf 86' lang='lat' dir='ltr'><strong>luit.</strong></span> 
     </span>
    </p>
   </div>
   <div class='ocr_carea' id='block_1_114' title="bbox 1111 2626 1693 2665">
    <p class='ocr_par' dir='ltr' id='par_1_114' title="bbox 1111 2626 1693 2665">
     <span class='ocr_line' id='line_1_114' title="bbox 1111 2626 1693 2665; baseline 0.002 -9"><span class='ocrx_word' id='word_1_612' title='bbox 1111 2626 1227 2656; x_wconf 79' lang='lat' dir='ltr'><strong>CXXIII.</strong></span> <span class='ocrx_word' id='word_1_613' title='bbox 1242 2643 1278 2650; x_wconf 90' lang='lat'><strong>-—-</strong></span> <span class='ocrx_word' id='word_1_614' title='bbox 1292 2628 1413 2664; x_wconf 76' lang='lat' dir='ltr'><strong>Epistola</strong></span> <span class='ocrx_word' id='word_1_615' title='bbox 1430 2630 1465 2657; x_wconf 83' lang='lat' dir='ltr'><strong>ad</strong></span> <span class='ocrx_word' id='word_1_616' title='bbox 1480 2632 1693 2665; x_wconf 76' lang='lat' dir='ltr'><strong>grammaticum.</strong></span> 
     </span>
    </p>
   </div>
   <div class='ocr_carea' id='block_1_115' title="bbox 1005 2673 1610 2711">
    <p class='ocr_par' dir='ltr' id='par_1_115' title="bbox 1005 2673 1610 2711">
     <span class='ocr_line' id='line_1_115' title="bbox 1005 2673 1610 2711; baseline 0.005 -10"><span class='ocrx_word' id='word_1_617' title='bbox 1005 2673 1156 2702; x_wconf 71' lang='lat' dir='ltr'><strong>Gemmatte</strong></span> <span class='ocrx_word' id='word_1_618' title='bbox 1172 2675 1199 2702; x_wconf 92' lang='lat' dir='ltr'><strong>in</strong></span> <span class='ocrx_word' id='word_1_619' title='bbox 1210 2682 1279 2702; x_wconf 86' lang='lat' dir='ltr'><strong>auro</strong></span> <span class='ocrx_word' id='word_1_620' title='bbox 1289 2676 1419 2703; x_wconf 72' lang='lat' dir='ltr'><strong>tristiehae</strong></span> <span class='ocrx_word' id='word_1_621' title='bbox 1436 2677 1528 2711; x_wconf 90' lang='lat' dir='ltr'><strong>phrasi</strong></span> <span class='ocrx_word' id='word_1_622' title='bbox 1546 2682 1610 2708; x_wconf 71' lang='lat' dir='ltr'><strong>tuae.</strong></span> 
     </span>
    </p>
   </div>
   <div class='ocr_carea' id='block_1_116' title="bbox 1006 2720 1542 2757">
    <p class='ocr_par' dir='ltr' id='par_1_116' title="bbox 1006 2720 1542 2757">
     <span class='ocr_line' id='line_1_116' title="bbox 1006 2720 1542 2757; baseline 0.007 -10"><span class='ocrx_word' id='word_1_623' title='bbox 1006 2720 1178 2755; x_wconf 66' lang='lat' dir='ltr'><strong>Smaragdini</strong></span> <span class='ocrx_word' id='word_1_624' title='bbox 1194 2722 1271 2757; x_wconf 86' lang='lat' dir='ltr'><strong>pretii</strong></span> <span class='ocrx_word' id='word_1_625' title='bbox 1285 2729 1387 2756; x_wconf 87' lang='lat' dir='ltr'><strong>repono</strong></span> <span class='ocrx_word' id='word_1_626' title='bbox 1400 2723 1520 2750; x_wconf 85' lang='lat' dir='ltr'><strong>debitum</strong></span> <span class='ocrx_word' id='word_1_627' title='bbox 1535 2733 1542 2751; x_wconf 88' lang='lat'>:</span> 
     </span>
    </p>
   </div>
   <div class='ocr_carea' id='block_1_117' title="bbox 999 2765 1564 2798">
    <p class='ocr_par' dir='ltr' id='par_1_117' title="bbox 999 2765 1564 2798">
     <span class='ocr_line' id='line_1_117' title="bbox 999 2765 1564 2798; baseline 0.007 -5"><span class='ocrx_word' id='word_1_628' title='bbox 999 2765 1044 2798; x_wconf 48' lang='lat' dir='ltr'><strong>,Tu</strong></span> <span class='ocrx_word' id='word_1_629' title='bbox 1060 2767 1125 2795; x_wconf 86' lang='lat' dir='ltr'><strong>mihi</strong></span> <span class='ocrx_word' id='word_1_630' title='bbox 1142 2775 1243 2796; x_wconf 86' lang='lat' dir='ltr'><strong>canora</strong></span> <span class='ocrx_word' id='word_1_631' title='bbox 1252 2775 1348 2796; x_wconf 83' lang='lat' dir='ltr'><strong>rursus</strong></span> <span class='ocrx_word' id='word_1_632' title='bbox 1359 2769 1417 2796; x_wconf 82' lang='lat' dir='ltr'><strong>edis</strong></span> <span class='ocrx_word' id='word_1_633' title='bbox 1432 2769 1564 2798; x_wconf 82' lang='lat' dir='ltr'><strong>carmina.</strong></span> 
     </span>
    </p>
   </div>
  </div>
