1925 3088
158 127 223 160 1811

736 131 766 160 S.
791 131 986 162 THEODORI
1023 133 1196 165 STUDIT/E

1708 135 1777 169 I812
1811 173 1814 175 _

155 182 272 213 CXXIV.
286 197 322 205 -
333 181 505 220 Epigrmhma
520 184 549 211 in
563 186 684 211 unctum
698 184 806 212 Patrem
821 191 904 211 nostri

992 189 1078 217 PKA'.
1089 205 1125 210 —
1144 192 1326 227 Ἐπίγραμμα
1340 194 1382 225 εις
1393 194 1447 220 τὸν
1461 193 1549 221 ὅσιον
1563 191 1678 227 Πατέρα
1691 193 1776 228 ἡμῶν

469 228 644 255 Theodorum.

155 273 281 301 Numinis
295 273 388 301 aeterni
402 273 506 301 donum
523 274 650 309 regisque
665 273 798 308 supremi,

154 318 263 345 Clarum
272 322 299 346 et
309 319 389 346 dulce
407 319 490 346 simul
506 323 604 346 nomen
618 319 788 350 Theodorus,
802 318 838 345 ob
845 321 906 346 acta

154 364 298 392 Prudentis
311 365 389 392 vitaz:
405 368 498 392 enatos
513 369 673 393 mansuetus
690 365 780 396 ovilis,

152 410 269 439 Assidue
287 410 457 445 fundensque
471 418 578 446 preces.
592 416 781 446 prteceptaque
793 410 902 437 tradens

153 456 278 492 Egregia,
293 456 462 492 hymniferos
476 457 568 484 divlno
581 457 696 492 psallere
708 457 763 484 ritu

153 502 273 530 Studitas
290 502 401 530 docuit:
416 510 477 537 qua:
488 502 625 530 fortunata
638 507 754 530 vocatur

151 547 213 576 Itite
227 548 334 581 domus,
350 549 498 583 prodromo
510 547 608 576 Joanni
623 556 712 581 sacra,
727 548 818 575 beavlt

151 593 237 628 Quem
252 593 355 622 Christi
373 594 485 622 uberior
497 602 554 630 prae
569 595 678 623 cunctis
693 594 779 628 gratia
792 593 906 621 sanctis.

1304 229 1465 263 Θεόδωρον.

991 268 1082 304 Δῶρον
1097 270 1221 302 ἀειζὼσιο
1234 271 1312 304 Θεοῦ,
1330 273 1456 308 μεγάλοιο
1469 274 1595 305 ἄνακτος,

995 317 1117 352 Ίμερόεν
1133 317 1311 352 περίπυστον,
1325 319 1368 345 ἐπ’
1380 319 1498 355 εὑλαὸέῃ
1512 319 1622 354 βιότοιο,

988 362 1098 398 Οὖνομσ.
1116 363 1262 398 Θεόδωρος,
1281 364 1398 400 ποίμνης
1409 365 1560 401 ἡγεύμενος
1573 363 1638 400 ἦκα,

986 407 1142 443 Νωλεμέως
1156 409 1264 444 νυχίῃσι
1276 410 1352 446 λιτῇς
1363 411 1401 437 ἴδε
1412 410 1520 443 τάξεσιν
1535 411 1641 442 ἄλλαις,

991 453 1167 488 ’Υμνοπόλων
1182 454 1339 482 Θεότευκτον
1353 456 1475 491 ἀγήνορα
1493 448 1582 491 ὦρσεν
1601 457 1704 492 ἀοιδὴν,

984 499 1109 525 Στουδίου
1121 499 1154 534 ἣν
1170 499 1325 535 κληῖζουσιν
1336 501 1474 538 ἀριπριπέ
1490 501 1496 510 ¹
1513 502 1602 528 ὕλὸιον
1617 500 1702 534 οἷκον,

995 545 1063 580 Ὶρδν
1083 546 1215 572 Ἰωάννοιο
1230 547 1347 581 Χριστοῦ
1363 548 1525 584 προδρόμου)
1538 549 1642 584 σοφοῖο,

990 590 1040 616 ’ον
1055 598 1102 616 κεν
1116 590 1160 617 ἐπ’
1175 590 1280 623 ἐσθλοῖς
1291 596 1311 610 ιη
1327 591 1428 626 πλῆσεν
1441 592 1570 629 πλείστης
1584 593 1733 630 χαρίτεσσι.

785 655 904 688 VARUS
925 659 1128 688 LECTIONES.

185 724 203 737 ³
222 720 280 747 ἔσθ)
287 722 350 748 οῖσι.

521 858 727 902 SANCTI
757 854 1072 902 THEODOBI
1113 853 1395 901 STUDITIE

776 975 911 1010 SERMO
937 977 1066 1008 LXVIII
1080 975 1134 1016 (1).

145 1076 272 1099 Bormum
289 1075 314 1096 Iv
329 1072 436 1096 Jerunn.
450 1073 483 1093 nt:
493 1069 604 1092 utmost
620 1068 717 1091 men
730 1068 898 1090 Tltatvsstmns
911 1069 1119 1095 QUADRAGESIMA,
1137 1070 1170 1090 B'l'
1185 1070 1210 1090 IN
1230 1069 1466 1093 uxr-:RCI'MTIONII
1489 1071 1589 1095 enen
1601 1073 1768 1101 sequam“,

178 1185 288 1214 Fratres
303 1183 473 1218 Patresque,
492 1181 578 1209 sancti
605 1179 722 1214 Spiritus
745 1185 795 1204 nos
809 1174 932 1210 benigni-
945 1175 969 1205 B
983 1182 1036 1210 qtte
1046 1176 1202 1211 angelorum
1217 1186 1374 1214 consessus,
1392 1188 1425 1209 ac
1438 1186 1595 1210 sanctorum
1611 1182 1767 1219 respublica

143 1237 187 1260 tas
200 1231 232 1259 ad
248 1230 409 1257 hodiernum
421 1229 492 1256 diem
506 1227 637 1259 valentes,
653 1233 702 1252 nec
714 1224 807 1259 paucis
819 1223 930 1258 praecla-

144 1279 182 1306 ris
196 1277 276 1304 editis
288 1275 457 1303 facinoribus
467 1273 590 1304 deduxit,
603 1272 650 1307 qui
666 1276 693 1298 et
707 1270 821 1300 labetur,
836 1268 929 1300 credo,

144 1330 226 1359 atque
255 1323 287 1349 ad
304 1322 438 1349 vivificam
461 1328 492 1347 ac
507 1319 674 1355 prazlustrem
691 1315 928 1344 Resurrectionem

145 1375 250 1397 mactos
272 1366 462 1403 pulcherrimis
485 1365 622 1400 profectus
645 1364 730 1391 nostri
751 1361 930 1389 incrementis

143 1415 285 1450 proveltet.
300 1413 368 1440 Nam
384 1411 506 1447 repetite,
523 1411 754 1443 sullis,anteactaa
771 1407 928 1435 memoriam

144 1462 216 1492 vitae,
230 1465 257 1488 et
272 1458 414 1486 intuemini
432 1463 543 1490 statum,
557 1457 604 1492 qui
619 1456 702 1483 fuerit
715 1453 879 1488 aliquando,
897 1460 929 1480 ac

143 1512 197 1541 quo
213 1513 284 1531 nunc
297 1503 413 1531 evaserit
424 1511 432 1530 ;
442 1502 551 1529 animus
563 1501 635 1529 enim
648 1505 724 1535 parta
741 1499 834 1526 salutis
846 1497 929 1525 semel

143 1551 298 1583 occasione,
312 1550 381 1577 clam
397 1557 481 1584 ocyus
497 1553 648 1583 grassatus,
663 1545 781 1580 fastigiis
796 1545 928 1571 virtutum

142 1596 291 1632 superatis,
303 1595 400 1622 ccelum
414 1598 540 1629 peragrat
555 1592 690 1620 sublimis.
714 1591 753 1618 lta
769 1598 820 1617 nos
833 1610 841 1622 ,
863 1589 927 1621 ﬁlii,

142 1643 176 1670 ad
194 1638 306 1677 frugem
316 1641 430 1673 reversi,
445 1639 560 1667 remoris
582 1644 609 1665 et
637 1637 838 1672 impedimentis
854 1643 930 1663 amo-

143 1689 189 1721 tis,
204 1690 317 1724 gradum
333 1687 447 1714 fecimus
460 1707 467 1718 ,
485 1690 558 1713 recto
574 1685 671 1712 itinere
688 1683 812 1718 profecti,
829 1682 930 1717 aliique

142 1742 239 1762 smnus
254 1742 286 1761 ex
303 1733 375 1766 aliis,
393 1731 553 1759 modestiam
568 1730 701 1766 complexi
716 1750 724 1762 ,
739 1736 772 1756 ac
786 1727 929 1763 praeceptis

142 1781 214 1808 serio
229 1779 374 1811 obeundis,
387 1786 561 1814 nequaquam
578 1779 627 1805 rite
644 1777 787 1804 amisimus
803 1774 926 1809 quaesita.

142 1825 275 1860 Equidem
292 1824 350 1858 cepi
365 1824 494 1857 gaudium
508 1842 516 1854 ,
530 1829 556 1850 et
569 1823 662 1849 anitno
677 1821 830 1855 triumpho,
854 1823 927 1854 post-

141 1879 222 1906 quam
240 1871 363 1898 divinum
386 1873 508 1896 vestrum
526 1868 640 1895 increvit
659 1875 729 1901 opus
749 1867 925 1900 studiumque

141 1925 261 1950 sacrum,
279 1917 351 1952 quod
365 1916 478 1951 urgetis,
495 1916 636 1950 perspicue
652 1914 786 1948 potiorum
802 1918 859 1945 est,
873 1913 924 1940 etsi

140 1964 167 1992 id
181 1970 262 1991 omne
277 1971 327 1994 non
344 1962 484 1993 currentis,
497 1969 578 1995 neque
596 1960 715 1993 volentis,
731 1965 759 1987 ut
777 1960 924 1994 apostolice

139 2008 241 2040 dicam.
257 2007 302 2035 sed
317 2007 468 2034 miserantis
484 2011 522 2033 est
537 2005 584 2032 Det
602 2005 610 2020 ί
627 2024 635 2036 ,
654 2005 700 2039 qui
716 2009 742 2031 et
754 2005 841 2031 victos
856 2013 923 2031 con-

139 2054 238 2085 ﬁrmet,
254 2058 280 2080 et
294 2053 418 2080 imbelles
433 2052 536 2079 viribus
547 2051 681 2085 accingat.
694 2049 838 2077 Enimvero
851 2050 922 2077 haud

138 2099 258 2127 contenti
272 2099 305 2126 iis
319 2106 380 2133 quae
392 2098 446 2131 iam
465 2097 651 2132 peperci-imus
663 2116 671 2128 ,
687 2096 745 2130 lilii,
761 2097 839 2131 quasi
853 2104 922 2132 quo-

138 2145 199 2173 dam
213 2145 325 2180 juvenili
340 2145 431 2172 calore
442 2143 523 2170 altius
537 2144 656 2170 nitamur
667 2162 674 2175 ,
691 2143 845 2170 animorum
862 2147 923 2170 tan-

137 2197 219 2226 quam
241 2189 338 2217 subole
361 2189 449 2217 instar
475 2189 574 2223 aquila:
599 2188 754 2215 renovanda
784 2187 921 2222 progressi

137 2246 255 2273 semper,
269 2237 415 2272 mactique,
427 2237 473 2272 qui
487 2236 606 2267 virtutis.
620 2240 702 2271 atque
715 2236 808 2262 eximii
826 2243 921 2262 ascen-

137 2291 184 2311 sus
200 2283 310 2310 modum
326 2283 492 2310 arbitremur
507 2282 612 2309 nullum
626 2301 634 2314 ,
656 2282 720 2309 dum
740 2290 787 2316 per
804 2286 920 2308 mortem

136 2329 285 2356 abierimns
300 2336 316 2356 θ
329 2329 503 2364 temporariis
518 2328 552 2355 ad
565 2332 676 2355 aeterna.
698 2328 768 2354 Sane
784 2335 847 2354 cum
867 2327 920 2354 eri-

136 2383 197 2402 mus
210 2375 279 2402 beati
294 2395 302 2408 ,
324 2380 381 2402 tum
399 2375 542 2402 beatorum
561 2379 661 2402 sortem
678 2379 833 2401 sanctorum
849 2374 919 2402 erci-

135 2429 256 2448 scemnr.
271 2420 331 2448 Jam
346 2427 407 2455 qua
425 2420 453 2447 in
471 2420 522 2447 hac
536 2419 660 2447 obeunda
678 2419 732 2446 vita
748 2419 836 2452 posita
849 2420 918 2452 laus,

134 2471 162 2494 et
176 2468 276 2494 adorea
291 2467 353 2494 est?
369 2467 468 2501 gamlet
480 2474 529 2493 vos
544 2471 676 2494 contuens
691 2466 794 2493 arbiter
806 2471 920 2494 cnncto~

981 1227 1114 1253 cernunt.
1134 1227 1162 1250 et
1179 1225 1321 1259 explorant
1341 1228 1461 1254 assidue.
1487 1227 1521 1255 Ut
1534 1230 1590 1263 jam
1606 1237 1688 1265 porro
1702 1239 1767 1258 cur-

980 1268 1095 1294 sandum
1116 1269 1188 1296 serio
1204 1270 1254 1301 sit.
1270 1271 1386 1304 fratres,
1403 1272 1506 1309 ingenti
1530 1274 1583 1302 hoc
1605 1276 1654 1303 viae
1666 1276 1768 1304 decur-

980 1315 1064 1341 rendo
1078 1315 1171 1342 diaulo
1183 1337 1190 1348 ,
1206 1325 1267 1351 quae
1289 1318 1314 1344 in
1331 1319 1430 1345 caelum
1449 1319 1520 1347 ferat
1534 1329 1549 1347 e
1567 1326 1653 1354 terra,
1669 1322 1766 1350 derin-

979 1361 1081 1389 cendns
1107 1362 1235 1390 inimicus
1257 1372 1290 1391 ac
1318 1365 1491 1398 multandus,
1519 1367 1600 1394 simul
1636 1369 1767 1403 congredi

981 1410 1083 1440 tentat,
1110 1407 1242 1443 lctngeque
1268 1409 1441 1438 animositate
1458 1412 1574 1446 quadam
1597 1413 1685 1440 excita
1707 1414 1765 1441 abi-

980 1453 1092 1487 gendns.
1105 1453 1214 1482 Scilicet
1230 1455 1339 1482 timidus
1355 1462 1406 1490 est,
1425 1455 1566 1492 rejiculns,
1583 1455 1718 1492 imbellis;
1733 1468 1766 1488 ea

981 1506 1090 1534 ptopter
1111 1500 1156 1528 Dei
1179 1509 1325 1535 germanus
1348 1502 1450 1530 clamat
1471 1503 1590 1531 Iacobus
1610 1513 1617 1520 -
1642 1505 1768 1533 Resislite

979 1545 1086 1573 diabolo
1099 1567 1106 1579 ,
1130 1552 1154 1573 et
1170 1547 1253 1582 fugiet
1275 1557 1290 1574 α
1311 1548 1399 1581 vobis;
1417 1552 1626 1585 appropinquata
1646 1551 1720 1583 Deo.
1739 1557 1766 1579 et

980 1593 1201 1628 appropinquabit
1229 1594 1299 1621 vobis
1315 1596 1336 1621 ³.
1363 1594 1456 1630 Neque
1480 1604 1546 1624 vero
1572 1597 1598 1624 in
1631 1598 1766 1632 posticum

980 1637 1101 1665 feramur
1117 1647 1253 1673 prorsum.
1267 1641 1339 1675 quod
1355 1649 1525 1676 nequaquam
1539 1643 1640 1671 acriter
1652 1652 1766 1671 curren-

979 1688 1037 1711 tum
1054 1686 1090 1711 sit
1104 1685 1223 1720 insigne,
1236 1694 1287 1713 neu
1305 1691 1476 1721 tept-scamus
1492 1694 1636 1724 postquam
1653 1690 1679 1716 id
1694 1690 1766 1717 indi-

979 1730 1052 1758 cium
1073 1739 1126 1758 non
1142 1735 1184 1758 est
1200 1732 1308 1759 vincere
1324 1734 1478 1767 nitentum,
1497 1735 1563 1770 quin
1581 1734 1705 1762 auditum
1729 1737 1766 1763 ab

981 1777 1060 1804 rebus
1076 1781 1132 1803 tum
1149 1777 1182 1805 ab
1197 1778 1348 1811 voluntate,
1364 1787 1528 1814 sursumque
1545 1781 1619 1807 velut
1635 1781 1662 1808 in
1678 1781 1764 1809 cwlos

980 1822 1131 1854 intuentes.
1155 1831 1266 1851 cursum
1282 1825 1438 1860 exigamus,
1459 1825 1558 1853 dicturi
1585 1832 1611 1854 ct
1632 1835 1681 1854 nos
1699 1835 1763 1855 cum

1159 1849 1266 1851 ,,,,_-_,,
1285 1849 1438 1860 s._.,,_..__-,
1461 1849 1558 1853 μνη...
1586 1849 1611 1854 ν.
1632 1849 1680 1854 ..η
1700 1849 1763 1855 -.....

940 1849 964 1880 Β
979 1867 1062 1895 Paulo
1075 1878 1081 1896 :
1099 1868 1201 1896 Bonum
1213 1876 1343 1896 certamen
1358 1871 1463 1901 certari.
1475 1880 1580 1898 cursum
1593 1880 1763 1899 consumma-

976 1914 1015 1946 υἱ,
1032 1914 1109 1948 ﬁdem
1126 1917 1239 1947 servavi,
1252 1916 1283 1942 de
1298 1916 1397 1951 reliquo
1415 1916 1529 1951 reposita
1539 1922 1578 1944 est
1590 1916 1654 1944 mihi
1663 1925 1763 1945 corona

971 1960 1084 1993 justitiae
1095 1960 1105 1975 '
1119 1981 1126 1988 .
1148 1960 1220 1988 Sane
1235 1962 1280 1997 alii
1297 1961 1349 1988 alia
1365 1969 1394 1989 re
1408 1963 1534 1997 quapiam
1546 1983 1553 1995 ,
1567 1968 1594 1990 et
1610 1963 1703 1996 aliter,
1719 1964 1764 1991 in-

975 2012 1033 2033 star
1049 2007 1115 2034 solis
1128 2027 1136 2040 ,
1157 2006 1298 2041 fulgebunt
1311 2012 1374 2034 ante
1392 2004 1475 2034 Deum
1486 2028 1494 2040 ,
1509 2016 1559 2035 nos
1575 2008 1697 2036 habitum
1714 2017 1763 2044 ge-

974 2057 1065 2079 rentes
1087 2053 1266 2086 aposlolicum
1283 2053 1356 2080 circa
1373 2045 1558 2087 apostolorum
1580 2053 1758 2082 contubernia

973 2098 1180 2132 deprendemur,
1190 2096 1248 2130 filii,
1258 2098 1486 2132 quemadmodum
1496 2099 1632 2132 existimo,
1643 2105 1671 2127 nt
1679 2108 1761 2128 ovan-

972 2143 1036 2171 dum
1059 2144 1097 2171 sit
1121 2152 1154 2171 ac
1171 2144 1335 2176 lmtandutn,
1358 2150 1384 2171 et
1411 2145 1511 2172 animis
1531 2145 1631 2180 oppido
1658 2147 1758 2173 trium-

972 2190 1119 2224 pliandum.
1139 2190 1178 2217 Ac
1202 2191 1311 2217 beatam
1334 2198 1394 2217 eam
1412 2195 1551 2223 mentem,
1575 2200 1657 2227 quam
1683 2193 1756 2220 haud

971 2237 1082 2264 satietas
1101 2236 1190 2271 capiat
1203 2235 1287 2263 divini
1306 2236 1388 2263 studii
1412 2241 1439 2264 et
1455 2235 1607 2265 futurorum
1627 2238 1756 2266 desiderii

971 2289 1003 2309 ac
1019 2282 1194 2316 praesentium
1210 2281 1327 2316 repudii.
1354 2281 1407 2310 Vos
1422 2283 1562 2310 enimvero
1579 2292 1642 2311 cutn
1657 2285 1689 2312 iis
1706 2285 1757 2312 be-

971 2329 1014 2356 nis
1030 2328 1158 2356 fruemini
1170 2348 1177 2360 ,
1195 2333 1251 2355 tum
1268 2336 1391 2355 meormn
1407 2329 1486 2356 nauci
1502 2330 1647 2358 verborum
1661 2339 1756 2358 recor-

971 2374 1092 2406 damini,
1113 2381 1192 2407 quam
1215 2381 1263 2400 vos
1289 2373 1440 2400 adamarim
1455 2393 1463 2406 ,
1487 2382 1570 2409 quam
1595 2382 1610 2402 a
1631 2375 1708 2403 vobis
1728 2376 1756 2403 in

970 2421 1086 2447 Domino
1109 2420 1295 2455 adjumentum
1317 2421 1484 2456 qua-sierim,
1510 2431 1593 2457 quam
1618 2431 1666 2452 vos
1689 2424 1758 2451 divi-

971 2475 1004 2494 na
1029 2466 1115 2502 gloria
1144 2469 1288 2501 sategerim
1318 2473 1445 2502 praestare
1475 2475 1523 2503 per
1552 2468 1690 2497 Christum
1708 2465 1756 2498 Je-

134 2523 207 2548 rum,
224 2515 331 2550 laetique
350 2514 436 2542 sancti
456 2522 488 2541 ac.
514 2514 717 2549 gratulabundi,
735 2515 875 2549 plaudunt.
891 2518 918 2542 et.
934 2514 956 2541 ι)
971 2522 1030 2540 sum
1056 2513 1202 2540 Dominum
1230 2518 1370 2545 nostrum,
1398 2515 1442 2540 cui
1461 2514 1522 2542 laus
1548 2523 1581 2543 ac
1612 2516 1756 2550 imperium

134 2561 244 2588 rmlitus
266 2565 409 2588 coronant.
433 2560 538 2594 Quippe
561 2565 588 2587 ut
613 2561 639 2587 in
666 2561 755 2587 stadio
775 2566 917 2589 currentes

134 2607 272 2642 corporeis
282 2612 436 2641 spectamus
445 2606 534 2633 oculis
544 2625 551 2638 ,
570 2606 610 2633 sic
625 2611 716 2633 nostra
732 2606 813 2640 Deus,
828 2612 917 2634 totus-

170 2699 179 2716 '
197 2700 276 2729 Rom.
297 2709 337 2733 rx,
356 2700 400 2734 16,
438 2703 448 2718 ¹
467 2700 526 2728 Jac.
544 2708 584 2732 tv,
605 2700 631 2727 7.
669 2700 680 2716 ³
700 2700 720 2726 ll
735 2700 806 2728 Tim.
826 2709 869 2734 tv,
891 2703 916 2729 7.

972 2568 1043 2588 nunc
1081 2566 1108 2587 ct
1134 2567 1242 2594 semper
1278 2560 1305 2586 in
1347 2568 1512 2596 omnemque
1539 2563 1756 2597 perpetuitatem.

971 2609 1068 2634 Amen.

887 2778 1004 2806 NOTAE.

168 2857 208 2892 ιη
225 2857 303 2886 Circa
340 2859 410 2886 hanc
443 2858 478 2886 68
501 2858 641 2887 liomiliam
668 2858 729 2886 vide
757 2858 822 2893 quid
845 2857 918 2885 dicat
937 2857 1085 2886 Laevinteus
1104 2858 1129 2886 in
1149 2859 1325 2894 praefatione;
1345 2867 1428 2894 supra
1446 2859 1500 2887 col.
1514 2859 1578 2888 507.
