1925 3088
147 132 215 165 i815

740 131 771 163 S.
785 130 981 162 THEODORI
1003 129 1176 161 STUDITB

1701 122 1770 156 1816

179 187 220 215 Ad
240 187 299 215 haec
314 194 424 214 omnem
443 187 578 215 haeretica;
596 187 799 215 communionis
811 194 932 214 errorem

1020 186 1092 221 Πρὸς
1103 185 1210 217 τούτοις
1227 182 1418 219 ἁποτρέπομαι
1442 182 1532 209 πᾶσαν
1557 180 1700 216 αίρετικῆς
1712 189 1772 208 κοι-

145 241 258 261 eversor
268 238 295 260 et
309 233 462 265 abominor,
474 241 521 260 sex
536 234 621 261 sacris
633 233 810 261 mcumenicis
821 233 933 268 synodis

145 278 301 309 inhaerens;
320 286 424 305 necnon
435 279 473 306 illi
489 287 550 313 quin
565 279 689 306 inNicaea
708 279 820 307 civitate
835 279 933 306 iterum

145 329 241 352 contra
263 325 479 351 Christianorum
516 331 693 353 accusatores
721 330 814 352 coacta
848 333 935 360 nuper

146 370 210 403 fuit,
230 371 349 398 adorans
362 376 389 398 et
403 373 570 406 amplectens
594 372 763 399 venerandas
789 379 936 406 sacrasque

146 417 279 452 imagines
291 417 397 445 Domini
415 418 499 444 nostri
513 417 577 446 Jesu
593 418 705 449 Christi,
723 418 855 452 Deiparm,
871 425 937 451 apo-

146 463 290 496 stolorum,
321 464 527 498 prophetarum,
564 471 725 499 martyrum,
755 468 782 490 et
813 463 935 490 omnium

145 514 305 536 sanctorum
321 509 564 544 atquejustornm.
584 509 741 542 Quinetiam
753 517 847 536 sacras
869 509 937 536 isto-

145 562 207 582 rum
227 555 438 582 intercessiones
456 575 463 587 ,
482 563 542 590 qua:
551 556 697 591 propitium
712 555 794 582 Deum
806 555 932 586 reddunt,

146 607 266 634 exposco
282 609 288 627 :
303 600 495 628 sanctissimas
508 600 588 627 etiam
610 600 748 635 reliquias,
767 605 794 627 ut
813 599 860 626 Dei
877 607 939 634 gra-

147 647 183 674 tia
197 646 324 680 refertas,
346 655 407 674 cum
426 646 479 674 [ide
494 651 522 674 et
539 647 638 674 timore
653 646 713 673 colo
730 651 757 673 et
777 645 937 680 amplector.

183 735 298 764 Omnem
318 744 429 772 quoquc
447 737 579 764 divinitus
602 737 762 771 inspiratam
786 735 896 764 Veteris
913 740 940 763 et

146 782 215 810 Novi
231 783 398 811 Testamenti
414 783 583 818 Scripturam
610 785 712 819 recipio
728 793 734 811 :
760 785 940 818 omniumque

146 829 210 856 item
227 829 382 856 divinorum
408 823 531 860 Patrum,
548 830 705 861 doctorum.
730 836 756 858 et
786 831 938 858 monacho-

146 884 206 903 rum
225 876 295 903 vitas
310 879 337 902 et
355 876 445 903 divina
463 877 563 912 scripta
579 877 628 912 ('2).
655 876 712 904 Iloc
734 885 799 905 vero
819 878 936 905 dixerim

146 928 256 958 propter
267 931 399 950 vesanum
416 923 494 950 illum
512 924 699 958 Pamphilum,
713 924 761 960 qui
774 932 807 953 ex
827 924 939 953 Oriente

146 970 256 1004 prodiit.
273 973 299 996 et
316 970 366 997 hos
386 975 499 998 sanctos
513 971 645 1001 traduxit,
664 971 799 1003 Marcum,
817 972 938 1007 inquam,

148 1015 258 1048 lsaiam,
268 1015 500 1052 Barsanuphium,
518 1016 697 1049 Dorotheum,
710 1023 737 1044 et
757 1016 938 1053 Hesychium:

147 1070 201 1089 non
219 1062 327 1097 quidem
347 1062 580 1098 Barsanuphium,
611 1067 639 1090 et
668 1062 777 1096 Isaiam,
796 1067 823 1090 et
854 1063 941 1090 Dom-

147 1108 252 1139 thentn,
273 1108 333 1136 ilios
353 1109 477 1142 quicum
493 1109 638 1143 Acephalis
651 1109 660 1124 '
680 1109 837 1144 coacephali
866 1111 940 1144 pari—

147 1160 188 1182 ter
205 1155 354 1184 fueruntet.
370 1156 523 1184 Decacerati
536 1155 558 1188 ⁸,
584 1156 658 1191 quod
685 1156 836 1188 dicebatur,
862 1157 941 1190 quasi

147 1209 323 1235 roncornes;
350 1202 452 1237 quique
473 1211 487 1228 a
505 1202 585 1230 beato
607 1202 764 1237 Sophronio
791 1204 816 1229 in
833 1202 894 1237 ejus
910 1203 942 1229 li-

147 1245 220 1272 bello
233 1246 243 1261 ⁵
269 1246 442 1273 anathemate
455 1247 619 1274 damnantur
635 1258 641 1275 ξ
663 1255 725 1275 cum
751 1248 850 1275 diversi
869 1248 940 1275 haud

149 1292 233 1319 dubie
246 1291 289 1319 isti
314 1292 416 1319 fuerint
432 1301 446 1319 a
463 1293 611 1327 praedictis,
628 1301 698 1326 quos
712 1301 762 1328 ego
779 1302 812 1320 ex
829 1299 940 1328 paterna

151 1337 300 1365 traditione
329 1338 442 1372 recipio,
473 1343 534 1374 post
559 1340 799 1375 interrogationem
835 1340 940 1368 Tarasii

149 1385 313 1419 patriarcha:
331 1385 511 1417 sanctissimi,
536 1385 707 1420 aliorumque
723 1386 774 1413 ﬁde
796 1386 939 1421 dignorum

151 1430 304 1463 hominum,
333 1436 390 1458 tum
420 1431 623 1464 indigenarum,
651 1437 708 1459 tum
734 1433 939 1460 Orientalium:

150 1481 255 1504 cumet
284 1476 465 1512 Barsanuphii
495 1478 643 1512 imaginem
666 1479 692 1505 in
723 1487 804 1506 sacro
833 1487 941 1514 magna:

985 233 1083 263 νωνίας
1098 232 1202 266 πλάνην
1212 239 1219 247 ·
1233 231 1366 265 ἑπόμενος
1378 230 1438 260 ταῖς
1453 228 1545 262 ἁγίαις
1555 228 1603 254 καὶ
1618 228 1773 262 οίκουμενι-

986 279 1047 310 καῖς
1061 278 1091 311 ἓξ
1103 278 1240 308 συνόδοις“
1257 277 1297 303 ἔτι
1315 286 1343 303 τε
1363 277 1410 302 καὶ
1431 275 1481 310 τὴν
1496 275 1610 310 ἔναγχος
1629 274 1773 309 συναθροι-

988 326 1097 353 σθεῖσαν
1112 327 1140 351 ὲν
1155 324 1258 360 Νικαίᾳ
1272 323 1303 350 τὸ
1316 322 1441 357 δεύτερον
1455 321 1526 348 κατὰ
1540 321 1595 347 τῶν
1610 321 1775 356 Χριστιανο-

987 372 1162 407 κατηγόρων,
1179 370 1340 405 προσκυνῶν
1363 370 1411 395 καὶ
1431 368 1631 403 ἀποδεχόμενος
1655 367 1706 398 τὰς
1729 375 1776 393 σε-

988 418 1058 449 mu;
1075 418 1121 443 xui
1138 416 1213 452 ἱερὰς
1229 415 1334 447 εἰκόνας
1355 414 1402 441 τοῦ
1425 422 1455 440 τε
1472 413 1575 447 Κυρίου
1588 411 1667 447 ἡμῶν
1688 411 1777 447 Ἰησοῦ

988 463 1117 499 Χριστοῦ,
1133 464 1183 497 τῆς
1196 462 1340 493 Θεοτόκου,
1353 460 1521 492 ἀποστόλων,
1532 459 1690 494 προφητῶν,
1706 467 1780 494 μαρ-

987 510 1089 545 τύρων,
1105 510 1153 536 xui.
1175 510 1284 536 πάντων
1307 508 1362 534 τῶν
1378 506 1460 533 ὁσίων
1476 514 1505 532 τε
1529 505 1575 532 καὶ
1597 505 1721 532 δικαίων.
1739 505 1777 531 Οὐ

991 557 1043 592 μὴν
1057 556 1124 583 ἀλλὰ
1139 555 1187 583 καὶ
1201 556 1251 587 τὰς
1265 554 1355 581 αὐτῶν
1370 553 1520 589 ἁχρὰντους
1534 551 1683 588 πρεσῦείας
1701 551 1778 584 ἐξαι-

988 603 1088 638 τοῦμαι
1102 601 1330 635 ἱλεωποιουμένας
1340 601 1371 627 τὸ
1386 600 1462 626 Θεῖον
1472 607 1480 614 ·
1492 597 1721 635 προσπτύσσομαι
1735 597 1779 623 πί-

990 657 1048 675 στει
1061 656 1091 674 τε
1119 648 1167 675 καὶ
1190 647 1267 682 φόϐῳ
1283 647 1319 673 τὰ
1334 648 1456 680 πανὰγια
1479 644 1572 672 αὐτῶν
1599 644 1724 680 λείψανα,
1741 643 1780 675 ὼς

990 694 1104 730 χάριτος
1120 693 1195 725 θείας
1209 692 1342 720 ἀνάπλεα.

1027 741 1142 775 Προσέτι
1157 740 1205 767 καὶ
1220 741 1312 767 πᾶσαν
1335 739 1429 766 Βίϐλον
1453 738 1631 765 θεόπνευστσν
1657 737 1781 767 Παλαιᾶς

990 795 1020 813 τε
1036 787 1084 813 καὶ
1104 787 1210 820 Καινῆς
1231 785 1370 820 Διαθήκης
1392 784 1578 820 ἀποδέχομαι·
1593 783 1634 810 ἐτι
1656 783 1708 818 μὴν
1732 782 1781 809 καὶ

992 827 1119 859 ἁπάντων
1143 832 1198 858 τῶν
1224 831 1375 858 θεσπεσίων
1396 830 1536 866 Πατέρων,
1558 828 1726 856 διδασκάλων
1750 836 1781 854 τε

991 879 1038 905 καὶ
1054 878 1182 914 ἀσκητῶν
1204 877 1266 909 τοὺς
1293 877 1368 912 βίους
1395 875 1493 903 καὶτὰ
1518 876 1578 902 θεῖα
1598 875 1783 910 συγγράμμα-

990 935 1034 953 τα.
1055 925 1142 952 Τοῦτο
1156 925 1185 951 δὲ
1200 924 1255 959 ἐρῶ
1267 924 1310 950 διὰ
1323 924 1368 950 τὸν
1384 923 1557 959 φρενοδλαόἧ
1577 922 1720 957 Πάμφιλον
1734 922 1782 948 τὸν

991 971 1047 998 ἀπὸ
1065 970 1211 1005 Ἀνατολῆς
1223 970 1402 1004 φοιτήσαντα,
1425 969 1473 996 καὶ
1496 969 1590 995 τούσδε
1611 970 1674 1000 τοὺς
1690 968 1782 999 ὁσίους

991 1017 1181 1047 διαὸἀλλοντα,
1197 1016 1268 1050 λέγω
1285 1016 1317 1051 δὴ
1335 1016 1460 1050 Μάρκον,
1484 1015 1609 1045 Ἡσαΐαν,
1625 1013 1783 1050 Βαρσανοὺ-

992 1073 1064 1098 φιον,
1083 1063 1232 1100 Δωρόθεον,
1258 1063 1305 1090 καὶ
1323 1062 1462 1097 Ἦσύχιον.
1488 1062 1525 1088 οι
1548 1062 1602 1096 μὴν
1627 1060 1778 1096 Βαρσανούν

993 1120 1064 1146 φιον,
1077 1111 1123 1138 xui.
1145 1110 1271 1140 Ἡσαΐαν.
1294 1109 1341 1136 καὶ
1362 1109 1513 1144 Δωρόθεον,
1538 1110 1601 1139 τοὺς
1626 1108 1682 1135 τῶν
1705 1108 1785 1134 Ἀκε-

992 1159 1084 1194 φάλων
1110 1157 1323 1192 συνακεφάλους,
1338 1156 1384 1183 καὶ
1400 1155 1448 1182 τοῦ
1465 1155 1611 1190 λεγομένου
1629 1154 1779 1188 Δεκακεράι

991 1214 1039 1232 του
1060 1203 1298 1239 συνομοκερώτους
1310 1211 1317 1217 ·
1333 1203 1381 1229 καὶ
1397 1202 1449 1229 ὑπὸ
1463 1202 1512 1228 τοῦ
1533 1203 1562 1228 ὲν
1575 1202 1662 1234 ἁγίοις
1674 1202 1779 1236 Σωφρι)

992 1252 1048 1278 νίου
1067 1253 1095 1278 ἐν
1106 1250 1144 1285 τῷ
1161 1250 1276 1285 λιὸἐλλῳ
1293 1249 1376 1276 αὐτοῦ
1401 1248 1705 1283 ἀναθεματιζομὲνους·
1725 1247 1785 1274 ἐτέ-

993 1306 1048 1333 ρων
1059 1296 1182 1332 δηλονότι
1197 1296 1273 1330 παρὰ
1289 1295 1382 1322 τούσδε
1404 1295 1488 1321 ὕντων
1496 1294 1551 1320 τῶν
1563 1293 1784 1328 προειρημένων,

992 1343 1039 1375 οὒς
1050 1342 1105 1377 ἐγὼ
1116 1342 1367 1378 πατροπαραδότως
1375 1341 1542 1376 ἀποδέχομαι
1554 1349 1560 1355 ·
1573 1341 1606 1367 δι’
1621 1340 1784 1376 ἐρωτήσεως

992 1389 1040 1416 τοῦ
1056 1390 1106 1425 ἤδη
1121 1389 1385 1425 ἀρχιερατεύσαντος
1402 1387 1541 1423 Ταρασίου
1561 1387 1608 1414 τοῦ
1630 1387 1783 1421 ἀγιωτάτου

993 1435 1178 1470 πατριάρχου,
1196 1436 1298 1470 ἑτέρων
1320 1443 1349 1460 τε
1370 1434 1536 1466 ἀξιοπίστων
1561 1433 1714 1469 ἀνθρώπων
1738 1433 1787 1459 αὑ-

993 1481 1126 1516 τοχθόνων
1139 1490 1168 1508 τε
1184 1481 1231 1507 καὶ
1242 1479 1410 1508 ἀνατολικῶν
1425 1488 1430 1494 ·
1445 1479 1516 1506 κατὰ
1530 1479 1560 1505 τὸ
1572 1480 1620 1505 καὶ
1633 1479 1681 1514 τὴν
1692 1479 1787 1505 εἰκόνα

150 1522 280 1550 Ecclesia:
307 1522 453 1556 Vestiario,
476 1532 528 1550 una
556 1532 617 1551 cum
642 1525 775 1558 Antonio,
799 1525 940 1560 Ephraim,

995 1527 1199 1562 Βαρσανουφίου
1219 1527 1248 1552 ἐν
1264 1527 1296 1560 τῇ
1320 1526 1380 1561 θείᾳ
1396 1526 1490 1560 ὲνδυτῇ
1512 1525 1563 1560 τῆς
1580 1525 1702 1559 μεγάλης
1726 1525 1787 1551 Ἐκ-

149 1568 268 1604 aiiisque
294 1570 398 1597 sanctis
417 1569 547 1598 Patribus
574 1576 681 1598 exstare
711 1577 841 1600 constet:
871 1573 941 1599 etin

150 1623 247 1643 eorum
263 1616 388 1643 doctrina
403 1617 508 1643 nullum
526 1617 676 1651 impietatis
697 1619 841 1653 vestigium
858 1618 944 1645 alien-

149 1661 257 1690 dcrim:
277 1662 325 1689 sed
350 1670 365 1690 e
380 1668 486 1695 contra,
510 1671 639 1699 magnum
667 1665 817 1699 spiritualis
845 1665 944 1692 animae

151 1708 345 1742 compendium
360 1718 366 1736 :
391 1710 481 1744 quoad
501 1710 633 1737 nimirum
657 1718 706 1745 per
722 1711 883 1747 synodicam
901 1711 945 1738 in-

150 1754 326 1789 quisitionem
343 1763 422 1782 error
440 1756 577 1790 quispiam
598 1756 626 1783 in
644 1757 698 1784 illis
712 1758 942 1792 deprehendatur.

151 1799 219 1827 Nam
236 1800 258 1826 si
275 1799 336 1827 illos
359 1800 434 1834 ipsos
452 1808 513 1828 esse
539 1801 664 1836 liquebit,
691 1803 738 1836 qui
768 1803 944 1829 anathemate

151 1847 236 1874 notati
253 1847 376 1880 luerunt,
392 1853 441 1875 aut
457 1849 491 1875 ab
517 1848 551 1876 iis
573 1849 674 1876 diversi
694 1849 759 1881 sint,
789 1849 885 1876 haeresi
902 1853 944 1876 ta-

151 1901 213 1920 men
230 1893 275 1920 illa
291 1893 407 1920 infectos
423 1902 430 1927 ;
448 1894 595 1922 anathema
627 1894 692 1927 illis,
720 1899 747 1922 et
778 1894 944 1926 catathema,

151 1944 179 1966 ct
193 1939 406 1973 pantanathema
423 1947 438 1966 a
456 1939 535 1967 f'atre
549 1944 576 1967 et
590 1940 660 1968 Filio
670 1945 697 1968 et
715 1940 819 1976 Spiritu
835 1946 942 1968 sancto.

186 1984 326 2012 Conﬁteor
343 1986 455 2020 insuper
471 1987 653 2014 monasticam
677 1992 781 2014 statum
798 1987 943 2015 sublimem

150 2038 223 2062 esse.
234 2037 262 2058 et
275 2032 425 2064 excelsum,
437 2037 463 2060 et
476 2033 642 2067 angelicum,
658 2033 705 2068 qui
716 2039 743 2061 et
759 2039 870 2068 peccata
884 2041 945 2062 om-

151 2078 196 2104 nia
217 2083 352 2114 expurget
380 2079 512 2106 absoluta;
536 2080 598 2107 vita:
625 2079 805 2115 perfectione.
830 2086 887 2108 tum
904 2081 946 2108 ni-

152 2124 252 2152 mirum
267 2125 290 2152 si
310 2132 343 2151 ex
370 2125 456 2152 divini
481 2127 629 2162 magnique
645 2126 738 2154 Basilii
761 2127 943 2154 asceticorum

152 2169 257 2206 legibus
274 2171 353 2205 plcue
374 2172 501 2206 exigatur
521 2177 616 2200 etnon
642 2173 784 2202 dimidiata
800 2181 833 2200 ex
852 2177 943 2208 parte;

153 2221 184 2244 ut
202 2218 291 2245 solent
308 2217 433 2252 quidam.
448 2218 496 2252 qui
526 2219 616 2253 aliqua
647 2219 807 2250 desumunt.
824 2207 888 2249 alia,
915 2223 945 2246 ut
958 2207 985 2237 D

152 2265 251 2300 placet,
272 2266 425 2293 omittunt:
441 2266 477 2293 ita
503 2271 532 2293 ut
546 2271 622 2293 extra
648 2271 705 2293 tres
730 2267 830 2301 gradus
847 2266 894 2301 qui
918 2266 944 2292 in

152 2311 243 2339 divina
259 2313 333 2340 scala
350 2313 454 2340 ostensi
480 2317 554 2346 sunt,
573 2313 654 2339 vitam
675 2313 747 2340 hanc
764 2312 883 2346 legitime
896 2312 946 2339 du-

152 2366 215 2385 cere
228 2367 282 2387 non
294 2359 375 2386 liceat
389 2367 396 2386 :
409 2367 461 2386 non
474 2366 586 2386 servum
602 2359 754 2394 possidere,
769 2366 823 2386 non
837 2354 946 2393 jumen-

154 2409 211 2432 tnm
236 2413 318 2432 sexus
346 2404 456 2432 feminei
488 2413 607 2440 quorum
635 2409 783 2439 utrumque
806 2405 842 2431 ab
871 2404 948 2432 insti-

155 2453 215 2476 tuto
242 2450 360 2477 alienum
387 2456 440 2483 est,
460 2455 487 2477 et
514 2451 612 2477 animae
640 2450 834 2484 periculosum.
857 2450 947 2484 Atque

156 2496 214 2523 haec
225 2504 276 2531 ego
293 2496 396 2524 cursim
416 2496 511 2532 paucis
526 2496 779 2531 perstrinxi,neque
789 2495 862 2523 enim
877 2500 946 2522 tem-

157 2550 207 2577 pus
234 2543 351 2577 patitur,
368 2547 398 2570 ut
415 2543 538 2578 pluribus
555 2550 710 2577 exponam,
725 2550 759 2569 ne
787 2543 850 2576 quis
876 2542 947 2570 l'orte

156 2589 222 2616 mihi
252 2598 363 2625 pravam
391 2590 548 2624 opinionem
575 2589 728 2623 attribuat,
747 2594 842 2617 contra
863 2597 946 2624 quam

154 2639 228 2662 recte
241 2636 330 2663 sentio
341 2640 369 2663 et
380 2636 476 2663 doceo.

191 2714 202 2730 ⁸
218 2714 282 2742 Sine
303 2715 405 2750 capite.

995 1573 1110 1608 κλησίας
1121 1573 1377 1607 ὲνίστασθαιὰγίοις
1397 1572 1549 1607 Πατράσιν,
1571 1571 1716 1605 Ἀντωνίῳ,
1739 1571 1787 1598 Ἐ-

995 1619 1096 1655 φραῒμ,
1113 1620 1159 1646 καὶ
1173 1620 1294 1655 ἑτέροις·
1313 1619 1360 1645 καὶ
1379 1618 1417 1649 ὡς
1434 1619 1470 1653 μή
1489 1626 1515 1644 τι
1539 1619 1567 1644 ὲν
1581 1619 1641 1648 ταῖς
1659 1617 1789 1644 διδασκα-

994 1653 1071 1697 λίαις
1090 1665 1179 1692 αὐτῶν
1195 1653 1326 1700 ἐῦρηκὼς
1354 1663 1482 1698 ἀσέϐημα
1494 1671 1501 1677 ·
1516 1663 1673 1689 τούναντίον
1695 1662 1723 1688 δὲ
1739 1662 1788 1689 καὶ

994 1711 1097 1747 πολλὴν
1109 1711 1229 1746 ψυχικὴν
1246 1710 1429 1737 λυσιτέλειαν·
1446 1709 1543 1744 μέχρις
1558 1709 1592 1736 ἂν
1605 1709 1654 1735 xui.
1665 1708 1711 1735 ἐπὶ
1722 1708 1787 1735 τού-

994 1767 1048 1785 των
1062 1758 1105 1785 διὰ
1122 1757 1265 1792 συνοδικῆς
1287 1756 1479 1792 ὲπιξητήσεως
1503 1755 1678 1791 ἀποδειχθείη
1700 1764 1727 1782 τι
1742 1755 1788 1789 ἔγο

995 1805 1097 1840 κλημα.
1115 1805 1146 1831 Εί
1161 1804 1216 1840 γὰρ
1232 1804 1309 1831 αὐτοὶ
1322 1805 1422 1830 ἐκεῖνοι
1440 1803 1590 1838 φανείησαν
1605 1803 1629 1829 oi
1646 1801 1788 1836 ἀναθεμα-

995 1851 1144 1886 τιζόμενοι,
1158 1851 1175 1887 ἢ
1191 1851 1281 1886 ἕτεροι
1295 1851 1361 1886 παρ’
1375 1850 1475 1881 αὐτοὺς
1497 1850 1604 1885 αἱρέσει
1620 1848 1789 1884 ὑποϐληθέν-

994 1906 1051 1929 τες,
1067 1897 1191 1932 ἀνάθεμα
1205 1897 1307 1928 αὐτοῖς.
1322 1897 1369 1923 καὶ
1388 1896 1542 1930 κατάθεμα.
1555 1895 1604 1922 καὶ
1621 1895 1790 1921 παντανάθε-

997 1952 1036 1978 μα
1050 1943 1106 1969 ἀπὸ
1117 1942 1224 1978 Harpe;
1236 1943 1284 1969 καὶ
1302 1941 1366 1968 Υἱοῦ
1383 1941 1430 1968 καὶ
1444 1941 1522 1974 ἁγίου
1543 1940 1715 1974 Πνεύματος.

1032 1987 1210 2022 Συνομολογῶ
1220 1987 1249 2014 δὲ
1267 1987 1336 2022 πρὸς
1349 1986 1455 2017 τούτοις
1467 1986 1552 2013 καὶτὸ
1567 1985 1710 2020 μονοδικὸν
1722 1987 1790 2020 σχῆ-

997 2043 1036 2070 μα
1046 2034 1148 2070 ὑψηλόν
1164 2042 1193 2060 τε
1209 2031 1278 2060 εἷναι
1302 2034 1349 2060 xui.
1369 2032 1535 2068 ἐπηρμένον,
1560 2032 1606 2058 καὶ
1631 2031 1788 2066 ἀγγελικδν,

996 2081 1162 2116 καθαρτικόν
1177 2089 1207 2107 τε
1219 2081 1310 2116 πάσης
1325 2081 1463 2116 ἁμαρτίας
1477 2080 1522 2106 διὰ
1543 2080 1649 2111 τελείας
1675 2079 1789 2105 ἐπιϐιώ-

997 2134 1082 2159 σεως⁶
1096 2127 1207 2162 εὔδηλον
1221 2127 1293 2154 κατὰ
1308 2127 1358 2163 τὴν
1369 2127 1533 2162 νομοθεσίαν
1556 2127 1611 2153 τῶν
1630 2126 1790 2160 ἀσκητικῶν

996 2174 1045 2200 τοῦ
1059 2173 1132 2200 θείου
1148 2173 1194 2200 xui.
1216 2173 1335 2208 μεγάλου
1357 2172 1500 2199 Βασιλείου
1520 2172 1724 2206 διεξαγόμενον,
1743 2172 1790 2198 καὶ

997 2221 1048 2246 οὐκ
1063 2221 1093 2252 ἐξ
1104 2219 1232 2253 ἡμισείας
1243 2228 1251 2234 ·
1269 2219 1307 2250 ὧς
1320 2219 1358 2254 πή
1376 2227 1449 2250 τινες
1461 2218 1495 2244 τὰ
1510 2219 1560 2253 μὲν
1573 2217 1744 2253 αἱρούμενοι,
1755 2217 1789 2244 τὰ

997 2267 1026 2294 δὲ
1039 2266 1216 2300 ἐπαφιέντες·
1234 2265 1304 2292 ὥστε
1327 2265 1365 2300 μὴ
1384 2264 1455 2291 εἶναι
1484 2265 1549 2291 ἄνευ
1567 2264 1621 2291 τῶν
1634 2265 1663 2290 ὲν
1678 2265 1710 2298 τῇ
1726 2264 1787 2299 θείᾳ

998 2312 1116 2348 κλίμακι
1135 2312 1372 2347 ἀποδεδειγμένων
1386 2311 1470 2347 τριῶν
1491 2311 1698 2344 καταστάσεων,
1712 2312 1790 2346 αἰρε-

998 2360 1045 2386 τὺν
1061 2359 1148 2391 ἄλλως
1168 2368 1226 2391 πως
1252 2359 1376 2394 νομίμως
1408 2358 1552 2385 ὲπιδιῶναι
1569 2366 1575 2372 ⁸
1593 2358 1625 2384 οὺ
1647 2358 1701 2393 μὴν
1727 2357 1791 2384 οὔτε

1000 2406 1092 2432 δοῦλον
1103 2404 1338 2440 κεκτῆσθαι,οὓτε
1356 2404 1454 2438 κτῆνος
1478 2404 1533 2430 τῶν
1558 2403 1590 2430 ἐκ
1615 2402 1661 2430 τοῦ
1688 2402 1792 2437 θήλεως

1001 2451 1108 2485 γένους,
1121 2450 1165 2476 διὰ
1177 2450 1209 2475 τὸ
1225 2449 1359 2476 ἀνοίκειον
1370 2449 1419 2475 τοῦ
1434 2448 1660 2483 ἐπαγγέλματος·
1675 2448 1722 2473 xui.
1731 2449 1792 2473 ἑπι-

1001 2497 1125 2524 κίνδυνον
1141 2497 1202 2527 ταῖς
1216 2495 1326 2530 ψυχαῖς.
1340 2495 1396 2521 Καὶ
1411 2494 1498 2521 ταῦτα
1510 2494 1618 2528 διῆλθον
1636 2495 1665 2520 ὲν
1681 2493 1791 2529 ἐπιδρο-

1002 2545 1052 2580 μῇ·
1071 2543 1102 2570 οὺ
1117 2543 1172 2578 γὰρ
1187 2542 1283 2578 καιρὸς
1301 2543 1350 2577 τῆς
1365 2541 1420 2567 τῶν
1436 2541 1566 2567 τοιούτων
1588 2540 1769 2573 ὲξαπλώσεως
1783 2549 1791 2556 ·

1003 2589 1071 2616 ἀλλὰ
1081 2589 1126 2615 διὰ
1141 2589 1172 2615 τὸ
1183 2589 1220 2624 μή
1234 2595 1311 2619 τινας
1325 2588 1366 2616 εἰς
1383 2587 1433 2621 ἐμὲ
1449 2587 1498 2623 τὴν
1513 2588 1624 2623 χείρονα
1635 2586 1714 2619 δόξαν
1723 2587 1791 2613 ὐπο-

1002 2635 1167 2670 λαμϐἁνειν,
1186 2634 1254 2669 παρ’
1270 2634 1283 2660 ὃ
1299 2634 1390 2669 φρονῶ
1404 2633 1491 2669 ὀρθῶς
1506 2634 1552 2660 καὶ
1568 2632 1684 2666 δοξάζω.

447 2715 458 2732 ⁸
472 2715 570 2744 lienem
585 2723 719 2743 cornuum
732 2715 845 2742 haeresis
857 2715 1005 2750 principes.
1046 2714 1055 2730 '
1074 2713 1103 2741 In
1117 2714 1237 2742 concilio
1247 2720 1284 2745 νι,
1299 2717 1352 2740 art.
1370 2713 1414 2746 ll,
1425 2720 1487 2748 pag.
1504 2712 1568 2740 990.

918 2792 1035 2820 NOT/E.

192 2839 231 2873 (2)
250 2838 300 2866 Hic
312 2838 448 2866 Theodori
466 2840 541 2867 lociis
558 2839 688 2867 recitatur
709 2840 735 2867 in
752 2839 914 2867 Pra‘fatione
933 2839 966 2866 ad
988 2839 1130 2867 Doctrinas
1151 2838 1181 2867 Β.
1203 2839 1343 2872 Dorothei,
1363 2839 1533 2867 Bibliollteue
1554 2839 1665 2867 Putnam
1686 2839 1795 2867 Cra-m-

156 2873 273 2906 Lau‘nm,
288 2879 354 2902 tom.
372 2875 391 2907 l,
405 2883 465 2910 pag.
487 2875 546 2902 7H.
566 2876 591 2900 li.
