1925 3088
356 223 426 258 Περι
445 222 501 252 τοῦ
518 223 594 257 καθη
598 223 754 258 γουμένου.

200 268 309 296 Τούτων
324 269 373 305 μὲν
388 269 476 301 οὕτως
492 269 618 304 ἐχόντων,
633 268 758 305 δεύτερόν
772 269 847 297 ἔστιν
860 271 949 297 είπείν

166 317 212 342 καὶ
226 315 291 351 περὶ
304 314 351 342 τοῦ
366 315 584 350 καθηγουμένου.
604 314 719 350 Ἀφίημι
733 315 824 342 τοίνυν
841 305 949 351 πρῶτον

167 362 217 397 μὲν
232 362 277 388 τὸν
302 362 396 397 κύριον
410 361 457 387 καὶ
476 361 582 396 Πατέρα
603 369 653 396 μου
676 361 723 388 καὶ
741 361 852 397 Πατέρα
871 362 949 397 ὑμῶν

165 408 210 434 τὸν
237 407 383 433 ὁσιώτατον
404 407 589 441 Ἐγκλειστον,
616 406 664 434 καὶ
678 406 797 441 Πατέρα,
821 407 869 435 καὶ
892 416 949 443 φω-

166 452 263 486 στῆρα,
280 451 328 478 καὶ
343 451 608 481 διδάσκαλον.Λὺτδς
622 451 712 486 κάμοῦ
725 451 773 478 καὶ
788 451 866 486 ὑμῶν
881 460 948 487 προ-

165 497 335 533 καθέστηκεν
349 498 378 524 ἐν
402 497 509 532 Κυρίῳ,
532 497 579 523 καὶ
597 497 762 524 καθίσταται
785 497 902 533 κεφαλὴ.
924 498 948 525 εί

164 543 213 569 καὶ
227 542 398 577 ὑπεξήγαγε-λ
412 543 570 574 ἑαυτὸν,διὰ
578 542 801 578 Χριστομίμητον
811 543 949 570 ταπείνω-

166 596 209 614 σιν
219 588 304 614 τελῶν
317 588 347 615 ὲν
365 588 464 623 ἡσυχίᾳ
475 596 482 603 ·
499 585 530 615 οὗ
543 590 603 619 ταῖς
616 588 737 623 ὀδηγίαις
751 597 782 615 τε
801 588 848 615 καὶ
862 597 950 623 προσ-

164 635 256 669 ευχαῖς
279 634 399 660 πιστεύω
422 634 494 668 ὑμᾶς
521 634 805 670 σωθήσεσθαι-εἴπερ
830 634 878 661 καὶ
900 633 950 669 τὴν

164 679 276 706 δέουσαν
292 679 359 714 πρὸς
375 680 455 706 αὑτὸν
467 679 667 715 ἁντεισφέροιτε
681 679 837 706 εὐπείθειάν
850 688 881 706 τε
901 679 949 706 καὶ

165 725 298 761 ὑπακοήν.
317 726 432 752 Ἔπειτα
450 725 479 752 ὃν
499 727 531 752 ἐκ
552 724 642 752 κοινοῦ
662 725 753 761 ψήφου
776 725 949 760 θεοπρεπῶς,

165 770 374 806 προηγουμένης
393 770 444 805 τῆς
467 770 604 806 πατρικῆς
623 770 730 806 βουλῆς,
750 771 947 806 προστήσεσθε.

171 813 262 851 Ἑφ¹ᾦ
286 816 340 853 γὰρ
359 816 464 843 εὐδοκεῖ
490 817 564 844 πᾶσα
587 817 603 852 ἠ
623 816 783 853 ἀδελφότης,
816 817 949 852 ἑπόμενὸν

165 863 224 888 ἐστι
237 865 285 889 καὶ
297 862 326 889 τὸ
345 863 411 897 ἐμὸν
426 863 542 897 θέλημα.
565 862 645 889 Ἀλλὰ
661 863 751 898 δεῦρο,
765 861 888 899 ὧΠάτερ
903 863 949 890 καὶ

825 167 1118 200 TESTAMENTUM.

1275 219 1312 248 De
1325 222 1474 256 prri‘pon'lo.

1029 268 1078 297 His
1099 273 1188 296 autem
1207 267 1244 296 ita
1260 268 1426 300 constitutis,
1440 268 1595 303 proximum
1618 273 1670 297 est.
1693 274 1722 297 ut
1737 270 1776 297 di-

992 323 1054 344 cam
1081 315 1115 342 de
1149 314 1304 349 pmpOsito.
1326 313 1447 341 Primum
1478 314 1560 348 igitur
1585 315 1727 341 dominum
1751 321 1777 342 et

994 365 1095 395 patrem
1111 367 1200 386 meum
1224 367 1256 386 ac
1268 363 1372 394 patrem
1390 365 1509 386 vestrum
1527 360 1649 394 relinquo
1662 362 1776 387 sanctis-

992 406 1092 434 siinum
1115 405 1273 436 Reclusiim,
1294 405 1418 432 eumdem
1440 409 1468 431 et
1493 410 1612 439 patrem,
1631 410 1658 432 et
1674 407 1775 436 lumen,

992 457 1020 481 et
1031 451 1202 487 magistrum.
1219 451 1266 478 Ille
1281 450 1347 477 mihi
1359 455 1387 478 et
1401 450 1477 478 vobis
1489 450 1596 484 pra-fuit
1608 452 1633 477 in
1647 451 1775 482 Domino,

993 502 1129 533 caputque
1151 501 1274 524 nostriiin
1295 501 1349 528 est,
1361 497 1488 530 quamvis
1508 497 1628 530 seipsum
1641 497 1777 524 subduxe-

993 544 1038 576 rit,
1057 543 1092 571 ob
1106 542 1207 571 Christi
1222 542 1346 569 aemulam
1366 542 1547 569 humilitatem
1570 542 1670 577 degens
1693 542 1719 569 in
1739 542 1778 569 si-

995 589 1096 618 lentio:
1112 589 1191 624 cujus
1207 589 1291 616 ductu
1311 596 1343 615 ac
1358 588 1483 623 precibus
1498 588 1604 615 conlido
1621 596 1668 615 vos
1687 589 1777 615 salros

994 636 1062 668 fore.
1081 637 1103 664 si
1119 636 1200 663 modo
1222 640 1416 669 congruentem
1432 642 1496 668 erga
1512 635 1588 661 illiiiii
1615 634 1693 660 iidem
1711 635 1776 660 nhe-

992 683 1176 717 dientiamque
1185 681 1339 716 praebealis.
1357 680 1460 708 Deinde
1480 689 1561 714 quem
1578 680 1627 714 ipsi
1640 680 1776 707 communi

992 728 1097 757 calculo
1112 727 1252 758 divinitus,
1276 730 1391 761 paterno
1415 726 1530 753 consilio
1545 731 1691 759 praeunte,
1708 734 1779 760 pra:-

992 773 1135 802 iicietian
1144 781 1200 808 quo
1207 773 1280 800 enim
1290 771 1461 799 consenserit
1472 772 1629 799 fraternitas
1639 772 1776 803 universa,

991 826 1019 848 et
1029 820 1092 848 huic
1102 827 1153 854 ego
1166 819 1254 847 libens
1265 819 1415 853 volensque
1428 818 1572 853 siili‘ragor.
1583 818 1683 845 Verum
1703 818 1777 848 ades,

961 871 1068 921 Bpater
1090 873 1122 893 ac
1148 865 1250 897 frater,
1274 865 1431 900 quicunque
1455 864 1563 891 futurus
1583 871 1633 891 es:
1660 871 1692 890 en
1718 863 1778 890 fidei

993 916 1002 921 -
1062 911 1119 921 μγ,
1151 912 1174 921 -μ
1315 910 1358 921 τω
1439 916 1595 921 -.-μμηηη
1621 910 1775 921 “dum

164 908 273 942 ἁδελφὲ,
287 909 361 940 ὅστις
377 908 410 936 ἂν
424 910 483 943 εἴης
495 917 503 924 ·
521 910 575 936 ἰδοὺ
594 909 764 945 παρατίθημί
777 918 818 936 σοι
834 909 949 936 ἐνώπιον

998 917 1045 940 tua:
1061 911 1178 939 tradoin
1203 911 1290 938 oculis
1315 910 1371 942 Dei,
1393 911 1597 944 electorumque
1620 910 1777 944 angelorum

162 954 211 981 τοῦ
227 954 294 981 Θεοῦ
321 954 368 981 καὶ
394 954 448 980 τῶν
471 955 607 982 ἐκλεκτῶν
623 955 747 989 ἀγγέλων
763 954 846 981 αὑτοῦ
859 956 950 981 πᾶσαν

163 1000 213 1033 τὴν
241 1000 269 1026 ὲν
294 1000 405 1035 Χριστῷ
427 1000 611 1035 ἀδελφότητα·
628 1000 702 1033 ὅπως
728 1000 812 1036 αὐτὴν
834 1000 949 1036 είσδέξῃ.

163 1045 228 1077 Πῶς
239 1045 266 1072 δὲ
285 1045 441 1081 προσλάϐῃς
453 1054 461 1079 ;
475 1046 575 1082 ἡλίκως
597 1046 626 1073 δὲ
645 1046 809 1082 ὀδηγήσεις;
823 1046 951 1078 Martii);

163 1090 192 1117 δὲ
209 1091 404 1125 ﬂagrantiam;
424 1092 467 1123 Ὠς
494 1093 579 1128 ἄρνας
602 1092 720 1127 Χριστοῦ
733 1100 742 1108 ·
754 1092 792 1124 ὼς
817 1092 884 1128 μέλη
902 1100 950 1118 σου

165 1135 280 1170 φίλτατα
293 1144 300 1151 ·
317 1136 427 1162 θάλπων
454 1136 501 1163 καὶ
529 1137 687 1172 περιέπων,
705 1137 752 1164 καὶ
778 1137 951 1173 ίμειρόμενος

164 1182 225 1213 mg
239 1183 365 1216 ἑκάστου,
382 1183 451 1209 κατὰ
464 1182 495 1209 τὸ
510 1184 568 1210 ἴσον
583 1185 631 1219 τῆς
643 1183 753 1218 ἀγάπης
777 1183 876 1219 μέτρον
887 1191 897 1200 ⁸
910 1183 951 1210 ὅτι

165 1228 262 1262 ἐπίσης
277 1229 294 1263 ὴ
314 1229 414 1263 στοργὴ
435 1229 488 1255 τῶν
513 1229 601 1264 μελῶν
622 1228 670 1255 τοῦ
695 1230 820 1263 σώματός
833 1230 907 1256 ἐστιν
922 1230 951 1255 ὲν

166 1274 272 1309 ἑκάστῳ
287 1274 432 1309 ἀνθρώπῳ.
455 1274 595 1308 Διάνοιξόν
619 1283 665 1301 σου
696 1275 730 1301 τὰ
759 1275 900 1310 σπλάγχνα
922 1275 951 1301 ἐν

167 1319 339 1354 συμπαθείᾳ·
358 1320 501 1347 είσοίκισαι
515 1320 578 1352 τοὺς
594 1320 697 1350 πάντας
712 1321 742 1346 ἐν
759 1320 929 1356 ὲλεημοσύνῃ
941 1327 950 1336 ’

167 1363 311 1399 τιθήνησαι
326 1364 425 1395 αὐτούς
437 1373 444 1380 ·
461 1364 658 1399 ἁναμὸρφωσον
675 1364 773 1396 αὐτούς
784 1373 790 1380 ·
807 1364 952 1391 τελείωσον

167 1409 266 1440 αὐτοὺς
283 1410 311 1435 ὲν
329 1410 423 1444 Κυρίῳ
435 1429 442 1436 .
458 1409 571 1441 Ὄξυνόν
588 1418 633 1435 σου
648 1410 698 1444 τὴν
716 1409 834 1436 διάνοιαν
847 1409 951 1444 φρονή-

167 1463 209 1480 σει
221 1463 229 1470 ·
249 1455 383 1489 διέγειρόν
398 1463 445 1481 σου
461 1455 490 1482 τὸ
500 1455 639 1490 πρόθυμον
652 1455 681 1481 ὲν
689 1455 801 1491 ἀνδρείᾳ
812 1462 820 1469 ·
837 1455 953 1489 στερέω-

168 1501 213 1527 σόν
232 1509 279 1527 σου
306 1502 355 1535 τὴν
379 1501 494 1536 καρδίαν
512 1502 540 1528 ὲν
560 1501 650 1527 πίστει
670 1502 717 1528 καὶ
732 1501 833 1527 ἐλπίδι⁸
850 1500 952 1536 προπό-

993 958 1063 992 ejus,
1082 961 1166 983 totam
1181 956 1208 982 in
1224 955 1334 982 Christo
1346 954 1556 985 fraternitatem,
1573 959 1602 981 ut
1618 962 1676 981 eain
1691 954 1778 981 susci-

992 1003 1062 1039 pias.
1076 1003 1110 1029 At
1125 1002 1264 1039 quomodo
1287 1001 1430 1036 accipies?
1451 1009 1505 1036 quo
1520 1006 1598 1035 pacto
1614 1000 1711 1035 reges?
1725 1008 1779 1034 qua

993 1049 1099 1077 ratione
1111 1046 1414 1081 custodies?’l‘anquam
1428 1054 1514 1081 agnos
1525 1046 1637 1077 Christi,
1651 1051 1777 1080 tauquam

993 1094 1114 1122 mei-bra
1128 1098 1174 1120 tua
1184 1093 1357 1123 charissima,
1382 1092 1487 1125 fovens,
1500 1100 1662 1127 piocurans.
1675 1097 1702 1117 (ιι
1718 1091 1779 1118 dili-

994 1148 1060 1177 gens
1085 1147 1319 1174 unumquemque,
1335 1139 1412 1174 juxta
1428 1146 1533 1173 aequam
1548 1137 1689 1165 cliaritatis
1703 1145 1777 1172 inen-

995 1193 1089 1214 suram
1106 1193 1114 1218 ;
1129 1185 1257 1220 quoniam
1274 1192 1307 1211 ex
1325 1192 1404 1219 atquo
1417 1184 1539 1211 membra
1556 1183 1680 1217 corporis
1693 1182 1780 1217 diligit

994 1231 1196 1265 unusquisque.
1212 1230 1292 1263 Aperi
1307 1229 1410 1256 viscera
1423 1234 1467 1255 tua
1480 1228 1507 1254 in
1519 1227 1778 1254 cominiseralione:

994 1275 1121 1304 introduc
1146 1282 1243 1302 omnes
1260 1274 1287 1301 iii
1315 1273 1502 1301 misericordia
1522 1281 1529 1300 :
1548 1273 1618 1300 lacta
1638 1273 1700 1299 illos
1717 1281 1780 1299 :re-

995 1322 1080 1350 I'orma
1095 1322 1155 1348 illos
1171 1330 1178 1348 :
1196 1321 1295 1356 perliee
1306 1320 1366 1347 illos
1384 1320 1411 1347 in
1429 1319 1554 1347 Domino.
1571 1319 1647 1346 Acue
1662 1324 1780 1346 mentem

995 1367 1231 1407 tnamprudentia,
1245 1365 1333 1393 excita
1345 1364 1512 1400 diligentiam
1526 1364 1685 1391 fortitudine
1697 1373 1704 1391 :
1718 1372 1782 1391 con-

999 1414 1074 1440 llrnia
1094 1418 1188 1447 pectus
1211 1411 1265 1438 lide
1288 1418 1321 1438 ac
1337 1418 1406 1445 spe:
1433 1418 1570 1444 praecurre
1583 1410 1635 1437 illis
1653 1410 1685 1437 ad
1701 1417 1782 1436 omne

998 1465 1067 1492 opus
1083 1458 1183 1484 bonum
1201 1465 1209 1490 ;
1226 1464 1364 1491 propugiia
1383 1455 1515 1482 adversus
1528 1455 1665 1490 spiritales
1691 1454 1782 1482 iniiiii-

994 1510 1042 1531 cos
1053 1501 1193 1534 :defende,
1204 1502 1291 1537 dirige
1303 1510 1310 1534 ;
1321 1502 1421 1536 perduc
1432 1501 1493 1528 illos
1506 1501 1540 1527 ad
1551 1501 1659 1527 virtutis
1672 1501 1779 1527 sedem:

169 1554 264 1580 ρευσαι
285 1546 374 1573 αὐτῶν
387 1547 415 1572 ἐν
441 1546 516 1581 πάσῃ
539 1545 723 1581 ἁγαθοεργίᾳ·
743 1545 950 1581 προπολέμησον

998 1548 1085 1576 divide
1100 1548 1153 1575 illis
1165 1552 1266 1574 terrain
1287 1548 1440 1582 tranquilla:
1462 1547 1606 1575 aﬂ'ectuum
1626 1546 1780 1574 vacuitatis.

167 1591 236 1618 κατὰ
247 1591 300 1618 τῶν
315 1592 416 1626 vom-6i;
431 1593 592 1627 μαχομένων
604 1599 611 1607 ·
628 1592 814 1627 ὑπεράσπισαι
826 1599 833 1606 ⁸
848 1590 951 1617 διευθέ-

166 1645 249 1672 τησον
261 1645 269 1652 ⁸
282 1637 414 1672 εἰσάγαγε
429 1638 529 1670 αὐτοὺς
542 1639 582 1670 είς
606 1637 653 1664 τὸν
673 1638 722 1672 τῆς
736 1637 837 1673 ἀρετῆς
850 1637 932 1663 τόπον
943 1643 951 1652 ·

995 1592 1140 1628 Propterea
1167 1592 1293 1619 mandata
1324 1593 1381 1619 [HLO
1407 1592 1455 1619 tibi
1479 1595 1523 1626 do,
1545 1600 1606 1627 qua:
1633 1592 1779 1619 obs'ei'vare

996 1638 1153 1670 necessario
1167 1637 1260 1665 debes.

163 1683 361 1719 κληροδότησαι
374 1682 423 1717 τὴν
440 1682 491 1718 γῆν
505 1682 554 1718 τῆς
565 1682 702 1716 ἀπαθείας
716 1703 724 1713 .
742 1683 790 1710 Διὸ
816 1683 864 1711 καὶ
893 1681 1048 1718 ἐντέλλομαί
1076 1694 1119 1712 σοι
1139 1685 1188 1716 τὰς
1222 1683 1334 1715 ἐντολὰς
1351 1683 1462 1715 ταύτας,
1488 1683 1578 1718 ἇσπερ
1599 1682 1782 1718 διακρατῆσαι

162 1729 281 1762 ὀφείλεις
298 1727 370 1754 κατὰ
382 1727 413 1754 τὺ
426 1729 584 1762 ἀναγκαῖον.

343 1783 479 1810 Ἑγτολαί
495 1781 534 1814 τῷ
552 1780 772 1815 κιῑθηγουμένφ.

194 1845 230 1869 α’.
247 1842 284 1869 Οὺ
299 1839 450 1872 διαλλάξεις
472 1836 517 1865 οὖν
537 1838 566 1864 ὃν
589 1836 759 1872 προσέλαδες
784 1835 870 1862 τύπον
899 1835 947 1862 καὶ

160 1888 261 1914 κανόνα
278 1885 350 1921 παρὰ
369 1885 419 1920 τῆς
433 1882 624 1914 ταπεινώσεώς
642 1890 694 1918 μου
709 1883 739 1908 ὲν
753 1881 867 1914 ἅπασιν,
882 1880 947 1908 ἄνευ

160 1933 379 1968 κατεπειγούσης
390 1932 523 1966 ἀνάγκης.

198 1990 231 2026 β’.
247 1990 284 2017 Οὐ
302 1990 390 2024 κτήσῃ
404 1987 452 2014 τοῦ
472 1986 576 2021 κόσμου
599 1985 696 2013 τούτου
710 1993 750 2019 τι,
764 1983 826 2011 οὐδὲ
839 1983 946 2019 ἀποθη-

162 2036 304 2072 σαυρίσεις
317 2034 467 2071 ίδιορίστως
481 2029 528 2065 είςί
539 2032 636 2060 ἑαυτὸν
658 2031 740 2067 μέχρι
753 2030 801 2058 καὶ
822 2029 883 2061 ἐνὸς
898 2029 949 2065 ἀρ-

161 2082 272 2118 γυρίου.

198 2137 235 2174 γ’.
251 2138 288 2164 Οὐ
305 2137 474 2172 διαμερίσεις
488 2136 538 2172 τὴν
547 2134 636 2170 ψυχὴν
656 2133 704 2160 καὶ
714 2133 763 2169 τὴν
776 2131 892 2168 καρδίαν
901 2140 949 2159 σου

162 2186 194 2212 ὲν
208 2183 300 2219 σχέσει
319 2183 367 2210 καὶ
388 2182 518 2217 φροντίδι,
538 2180 615 2216 παρὰ
636 2181 699 2211 τοὺς
720 2179 773 2206 ὑπὸ
785 2178 852 2205 Θεοῦ
869 2186 950 2204 πεπι-

1180 1773 1311 1801 Mandata
1324 1774 1466 1809 prwposito
1481 1775 1593 1802 tradita.

1032 1830 1058 1858 Ι.
1074 1829 1133 1858 Non
1149 1830 1231 1865 igitur
1254 1830 1425 1864 immutabis,
1443 1832 1547 1866 absque
1561 1837 1673 1866 urgente
1689 1841 1783 1859 neres-

997 1876 1087 1909 sitate,
1101 1875 1215 1904 formam
1230 1880 1258 1904 et
1274 1877 1499 1912 regulam,quani
1511 1878 1545 1905 ab
1559 1878 1711 1905 humilitate
1725 1888 1783 1905 nica

998 1921 1025 1950 in
1040 1922 1168 1949 omnibus
1185 1922 1326 1956 accepisti.

1030 1977 1059 2004 2.
1075 1967 1133 2004 Non
1150 1979 1303 2013 possidebis
1316 1986 1349 2006 ex
1368 1978 1470 2005 mundo
1485 1979 1535 2006 hoc
1548 1978 1695 2013 quidquam
1711 1988 1719 2006 :
1736 1987 1784 2006 nec

997 2021 1045 2050 tibi
1061 2024 1112 2059 ipsi
1126 2024 1235 2058 proprie
1250 2031 1365 2058 repones
1379 2024 1419 2050 vel
1433 2026 1543 2051 unicum
1558 2029 1729 2060 argenteum.

1029 2122 1057 2150 3.
1082 2122 1143 2150 Non
1159 2122 1265 2150 divides
1290 2122 1414 2149 animum
1432 2127 1458 2150 et
1477 2131 1525 2150 cor
1543 2129 1621 2151 tuum
1635 2125 1696 2152 aliis
1711 2125 1784 2152 curis

995 2173 1023 2196 et
1036 2168 1276 2200 sollicitudinibus,
1293 2174 1402 2203 propter
1422 2176 1469 2196 eos
1491 2169 1536 2204 qui
1552 2169 1599 2196 tibi
1616 2177 1631 2197 a
1646 2170 1700 2197 Deo
1711 2179 1785 2197 coni-

167 2216 341 2265 σιτεομένους,
355 2216 463 2256 καίγὺπ“
482 2227 550 2263 ἐμοῦ
564 2226 808 2262 παραδεδομένους,
819 2224 866 2251 καὶ
877 2231 950 2257 γενο-

998 2216 1082 2247 missi,
1092 2221 1119 2243 et
1132 2224 1147 2243 a
1161 2223 1205 2243 me
1215 2216 1306 2243 traditi
1321 2221 1396 2248 sunt,
1408 2217 1546 2251 spiritales
1561 2217 1632 2245 ﬁlios
1644 2222 1671 2245 et
1685 2217 1783 2246 fratres

163 2277 264 2313 μένους
277 2284 324 2302 σου
342 2275 545 2311 πνευματικοὺς
569 2274 643 2303 υἱοὺς
660 2273 707 2299 καὶ
723 2271 864 2306 ἀδελφούς.
880 2269 950 2296 Οὔτε

161 2325 203 2356 είς
233 2322 298 2355 τούς
327 2330 391 2348 ποτε
420 2320 492 2347 κατὰ
518 2320 607 2354 σάρκα
628 2318 720 2350 ἰδίους,
735 2318 752 2353 ἢ
768 2315 949 2351 συγγενεῖς,ῆ

162 2368 269 2404 φίλους,
288 2367 305 2402 ἢ
321 2366 497 2401 συνεταίρους
510 2385 517 2396 ,
532 2365 622 2400 χρήσῃ
641 2365 698 2394 τοῖς
718 2363 767 2396 τῆς
783 2361 888 2392 οἰκείας
903 2368 951 2395 μο-

162 2415 223 2450 νῆς,
237 2413 298 2440 οὔτε
318 2412 384 2445 ζῶν,
403 2411 465 2438 οὐτε
487 2410 556 2446 μετὰ
579 2409 705 2440 θάνατον.
732 2405 951 2443 ὲλεημονητικῶς

163 2461 181 2496 ἢ
201 2457 417 2495 κληρονομικῶς,
437 2458 477 2488 είς
499 2457 561 2487 τοὺς
587 2455 636 2490 ἥδη
659 2452 886 2489 προειρημένους.
913 2450 951 2478 οὐ

164 2506 219 2540 γὰρ
235 2507 267 2531 ὲκ
288 2504 342 2531 τῶν
365 2502 412 2529 τοῦ
434 2502 537 2537 κόσμου
567 2498 602 2531 εί,
617 2500 660 2526 ίνα
673 2498 789 2534 μετέχῃς
799 2497 853 2524 τῶν
863 2498 895 2524 ὲκ
903 2496 951 2523 τοῦ

165 2551 280 2585 κόσμου.
297 2549 371 2585 Πλὴν
385 2549 408 2574 εἰ
423 2548 515 2582 μήπου
538 2545 684 2581 μεταϐαἶέν
703 2552 776 2575 τινες
786 2543 819 2570 ὲκ
832 2542 878 2569 τοῦ
893 2550 953 2568 κοι-

166 2595 281 2623 νωνικοῦ
296 2594 354 2629 βίου
373 2593 440 2629 πρὸς
458 2592 489 2619 τὺ
508 2591 569 2618 καθ’
581 2591 655 2625 ἡμᾶς
678 2589 772 2624 τάγμα
786 2597 794 2604 ·
809 2588 857 2615 καὶ
881 2586 954 2614 οὕτω

168 2642 321 2676 φροντίσεις
336 2640 406 2666 κατὰ
426 2638 542 2673 μίμησιν
555 2637 610 2663 τῶν
622 2636 709 2670 ἁγίων
726 2634 866 2668 Πατέρων.

203 2687 233 2713 δ’.
243 2686 281 2713 Οὐ
292 2686 381 2720 κτήσῃ
389 2684 491 2715 δοῦλον,
499 2682 560 2709 οὔτε
567 2682 607 2714 είς
615 2683 664 2716 τὴν
673 2680 775 2708 οίκείαν
781 2677 954 2715 χρείαν,οὔτε

170 2734 210 2763 είς
225 2732 274 2767 τὴν
287 2731 393 2758 οίκείαν
410 2730 506 2765 μονὴν,
521 2727 583 2755 οὔτε
595 2728 634 2759 είς
648 2726 761 2762 ἀγροὺς,
776 2725 823 2752 τὸν
837 2725 897 2751 κατ’
911 2725 952 2750 εί-

170 2778 235 2803 κόνα
246 2776 313 2803 Θεοῦ
323 2775 454 2810 γεγονότα
465 2773 606 2808 ἄνθρωπον
618 2781 624 2788 ·
635 2772 714 2799 τοῦτο
720 2772 774 2807 γὰρ
794 2770 884 2806 μόνοις
899 2771 954 2801 τοῖς

172 2823 201 2848 ἐν
213 2822 252 2857 τῷ
266 2822 317 2857 βίῳ
328 2820 552 2855 συγκεχώρηται,
567 2819 625 2850 ὼςὸ
642 2818 729 2854 γάμος
740 2825 747 2832 ·
765 2818 806 2844 σοι
829 2817 858 2843 δὲ
867 2815 955 2851 χρεὼν

175 2868 325 2902 παρασχεῖν
339 2866 453 2893 σεαυτὸν
468 2865 562 2892 δοῦλον
580 2866 637 2896 τοῖς
652 2863 800 2899 όμοψύχοις
814 2870 861 2890 σου
877 2862 958 2890 ἁδελ-

995 2266 1066 2288 tuos.
1087 2260 1147 2288 Non
1160 2261 1286 2295 erogabis
1308 2261 1334 2288 in
1348 2266 1410 2290 tuos
1420 2262 1486 2289 olim
1503 2263 1655 2290 secundum
1669 2271 1780 2290 cariieiii

995 2313 1041 2334 aut
1058 2308 1236 2342 propinquos,
1253 2311 1302 2335 aut
1317 2308 1433 2341 amicos,
1450 2313 1496 2336 aut
1510 2310 1617 2336 sodales
1629 2317 1660 2336 ex
1677 2311 1781 2344 proprii

994 2353 1154 2381 monasterii
1176 2354 1257 2381 rebus
1275 2354 1437 2388 quidquam,
1459 2363 1508 2382 nec
1534 2355 1638 2388 virens,
1655 2363 1705 2383 nec
1721 2362 1783 2390 post

995 2405 1122 2432 mortem,
1144 2399 1325 2434 eleemosynaa
1340 2401 1382 2427 vel
1399 2401 1566 2428 lmredilatis
1587 2402 1696 2429 nomine
1713 2411 1720 2429 :
1738 2411 1783 2429 ne-

994 2454 1047 2481 que
1059 2446 1131 2472 enini
1147 2453 1181 2473 ex
1197 2446 1299 2473 sacculo
1314 2453 1355 2478 es,
1373 2452 1401 2474 ut
1420 2448 1587 2474 consortium
1604 2445 1704 2476 habeas
1718 2457 1780 2476 cuni

994 2492 1171 2520 saecularibus
1185 2500 1193 2525 ;
1209 2492 1262 2520 nisi
1279 2493 1327 2527 qui
1343 2493 1414 2520 forte
1428 2501 1462 2520 ex
1478 2494 1604 2521 cognobio
1617 2495 1643 2521 in
1658 2496 1780 2522 ordinem

995 2544 1120 2566 nostrum
1151 2540 1320 2572 transierint,
1346 2543 1427 2574 atque
1450 2540 1487 2566 ita
1503 2547 1598 2567 eorum
1622 2548 1715 2568 curam
1736 2549 1783 2577 ge-

994 2593 1039 2612 ras
1059 2585 1092 2611 ad
1106 2585 1261 2620 exemplum
1279 2589 1439 2613 sanctorum
1456 2585 1579 2613 Patrum.

1030 2676 1056 2701 ι.
1071 2675 1130 2702 Non
1147 2676 1300 2712 possidebis
1314 2684 1434 2709 servum,
1451 2685 1501 2704 nec
1518 2681 1580 2705 tuos
1593 2677 1620 2704 in
1638 2685 1715 2708 usus,
1731 2685 1783 2704 nec

995 2722 1097 2757 proprii
1121 2723 1295 2756 momisterii,
1316 2730 1365 2750 nec
1386 2723 1503 2758 denique
1529 2723 1563 2750 ad
1586 2731 1677 2758 agros.
1695 2724 1783 2750 homi-

995 2776 1056 2796 nem
1070 2769 1116 2804 qui
1134 2770 1168 2797 ad
1187 2769 1234 2797 Dei
1256 2770 1401 2804 imaginem
1427 2770 1516 2797 racius
1540 2776 1581 2797 est
1602 2778 1610 2797 :
1636 2769 1688 2797 hoc
1710 2770 1782 2797 enim

994 2815 1061 2843 solis
1074 2816 1251 2844 saaculariliiis
1265 2823 1423 2843 concessum
1438 2819 1490 2848 est,
1513 2815 1583 2843 sicut
1610 2816 1723 2850 nuptize.
1741 2815 1782 2842 Tii

994 2869 1058 2890 Vero
1076 2862 1205 2891 fratribus
1219 2863 1274 2890 tuis
1292 2861 1427 2890 unanimis
1441 2863 1562 2891 sciosum
1575 2861 1707 2890 famulum
1723 2862 1782 2890 ani-
