1925 3088
177 156 245 190 1819

769 161 799 191 S.
821 156 1018 190 THEODORI
1043 153 1219 186 STUDlTlE

1731 142 1800 176 1820

173 221 220 240 nio
244 216 372 248 prrrstare
397 212 490 245 debes,
506 213 571 241 licet
590 218 701 242 externa
722 215 812 250 specie
831 220 961 249 tanquam

1028 212 1073 242 ιοῐς
1087 211 1120 245 τῇ
1136 207 1275 243 προθέσει,
1295 206 1346 233 κᾶν
1357 206 1390 242 τῇ
1404 205 1457 238 ἔξω
1471 203 1632 240 ἐπιφανείᾳ,
1646 203 1684 235 ὠς
1696 203 1800 230 Δεσπό-

173 258 306 286 l)omiaus
318 262 346 285 et
358 257 487 293 magister
507 265 640 294 repulere.

209 304 235 332 5.
249 302 305 332 Nec
324 305 427 332 habeas
447 304 602 340 jumentum
627 305 738 333 feminei
757 313 841 334 sexus
859 305 892 333 ad
915 305 964 333 mi-

174 351 287 378 nisteria
302 352 470 383 necessaria,
485 357 514 379 tu
526 352 571 386 qui
595 352 701 379 feminis
725 353 839 380 omnino
862 359 964 379 renun-

172 396 248 424 tiasti
265 404 273 423 :
291 405 379 431 neque
391 397 418 424 in
439 398 620 430 monasterio,
635 406 724 433 neque
738 398 766 425 in
788 400 861 433 agris
878 407 884 425 :
899 404 962 425 cum

173 447 223 470 nec
239 442 384 478 quisquam
408 448 564 471 sanctorum
586 447 695 479 patrum
716 449 873 472 nostrorum
896 451 963 472 usus

173 488 218 519 sit,
234 495 284 516 nec
300 493 396 516 natura
412 488 471 524 ipsa
485 489 633 524 permittat.

208 532 236 561 6.
252 533 311 560 Non
325 534 515 569 superveheris
530 536 608 570 equis
632 540 680 563 aut
695 535 778 564 mulis
795 537 898 573 absque
915 546 962 566 ne-

173 579 303 607 cessitate
318 589 325 613 ;
340 580 387 607 sed
401 578 501 609 Christi
517 582 653 616 exemplo,
671 583 784 616 pedibus
803 582 854 610 iter
867 584 960 612 facies.

174 625 222 653 Sin
236 625 339 658 minus,
356 626 446 661 pullus
461 628 531 655 asini
549 628 601 656 erit
614 628 767 662 jumentum
783 633 870 657 tuum.

211 668 236 698 7.
252 671 366 700 Curahis
381 673 504 704 omnino,
521 678 549 701 ut
565 674 634 701 inter
646 673 745 702 fratres
761 676 916 703 communia
935 681 963 704 et

173 717 288 745 indivisa
300 718 354 746 sint
367 719 470 750 omnia,
481 724 508 747 et
523 720 590 747 nihil
605 721 766 756 cujusquam
783 722 887 757 proprii
898 723 962 758 jure

173 764 297 796 dominii,
313 772 400 800 usque
415 766 447 793 ad
460 773 549 793 acum.
563 766 622 794 Tibi
635 775 698 795 vero
710 771 738 795 et
753 769 844 795 anima
858 774 885 796 et
900 777 961 796 cor-

175 816 236 844 pus,
252 817 301 838 nec
316 816 446 846 prmterea
460 810 620 848 quidquam,
631 821 708 847 mqua
724 814 802 842 lance
817 815 960 842 charitatis

174 855 261 883 divisa
280 861 360 884 sunto
379 855 406 884 in
421 864 517 886 omnes
534 863 597 886 tuos
617 860 753 894 spiritales
768 860 837 888 lilios
856 870 889 889 ac
902 860 959 889 fra-

175 906 241 929 tres.

209 947 237 974 8.
250 946 308 975 Non
325 948 426 977 habeas
449 958 512 977 cum
536 950 713 980 stecularihus
736 953 896 988 adoptiones
916 949 965 982 aint

174 993 390 1028 consiliationes,
422 1000 450 1023 tu
471 996 517 1031 qui
533 997 663 1025 mundum
691 997 819 1034 fugis'ac
844 1001 962 1035 nuptias.

174 1036 233 1067 Non
251 1041 323 1068 enim
343 1042 478 1077 reperitur
497 1043 523 1070 in
557 1044 679 1079 patribus
695 1054 703 1079 ;
721 1050 758 1078 et,
780 1045 802 1074 si
818 1046 963 1082 reperitur,

175 1094 239 1114 raro
256 1096 263 1114 :
279 1095 365 1122 neque
380 1088 404 1115 id
422 1088 464 1116 lex
478 1094 529 1117 est.

211 1132 237 1159 9.
257 1131 316 1160 Non
342 1134 452 1168 epulare
473 1143 534 1162 cum
561 1135 735 1169 mulieribus,
747 1144 861 1173 excepta
878 1145 965 1167 matre

177 1181 222 1204 ton
246 1178 395 1206 secundum
418 1187 540 1212 carnem,
558 1186 584 1208 et
604 1189 698 1209 sorore
727 1188 784 1216 tua,
804 1184 862 1211 sive
882 1192 965 1212 cano-

177 1221 245 1250 nica:
260 1223 371 1257 fuerint,
385 1224 442 1253 sive
453 1226 597 1254 saeculares
612 1236 619 1254 :
635 1228 685 1255 nisi
709 1229 751 1256 vis
773 1229 864 1264 aliqua
880 1235 907 1257 et
918 1238 965 1258 ne-

175 1268 290 1297 cessitas
302 1268 434 1305 impellat,
449 1270 520 1299 sicut
532 1272 679 1300 admonent
695 1275 782 1302 sancti
793 1273 898 1303 Patres.

214 1369 260 1397 10,
276 1368 316 1397 Ne
339 1369 468 1406 frequens
482 1371 521 1398 sis
537 1371 562 1398 in
586 1373 742 1407 egressibus
756 1378 784 1400 et
797 1373 966 1402 circumcur-

177 1417 343 1450 sationibus,
352 1417 493 1452 proprium
502 1419 573 1446 ovile
582 1420 710 1447 deserens
721 1421 780 1448 sine
791 1422 966 1449 necessitate:

179 1465 275 1493 melius
297 1465 370 1492 enim
392 1470 435 1493 est
457 1470 484 1493 et
507 1466 673 1500 optabilius,
693 1472 723 1493 ut
745 1467 785 1494 vel
811 1467 916 1495 otiosus
940 1467 966 1495 in

177 1511 256 1538 caula
269 1511 379 1547 degens,
392 1519 502 1539 servare
513 1513 602 1547 possis
611 1512 756 1541 variabiles
767 1517 794 1540 et
808 1513 860 1540 late
872 1521 967 1540 errau-

179 1563 221 1584 tes
236 1558 385 1585 rationales
399 1565 475 1586 oves.

214 1605 257 1632 11.
282 1604 448 1635 Observabis
472 1613 597 1639 prorsus,
614 1610 643 1632 ut
657 1605 813 1633 catechesin
828 1610 869 1633 ter
879 1606 967 1641 quali-

181 1651 225 1678 bet
235 1651 405 1678 hebdomada
433 1650 520 1679 facias
532 1651 651 1686 vesperi,
666 1652 707 1679 vel
721 1660 768 1687 per
779 1652 966 1687 temetipsum,

179 1698 220 1725 vel
235 1705 281 1732 per
306 1698 388 1726 alium
405 1698 558 1733 quempiam
581 1706 596 1725 e
621 1698 704 1732 liliis;
727 1699 855 1733 quoniam
875 1706 890 1725 a
918 1697 969 1725 Pa-

179 1742 268 1771 tribus
280 1743 409 1770 traditum
421 1748 473 1776 est,
484 1748 511 1770 et
522 1744 652 1770 salutare.

216 1790 259 1817 12.
281 1788 340 1817 Non
354 1789 432 1817 dabis
458 1797 572 1824 parvum
598 1790 732 1821 habitum,
757 1798 836 1825 quem
859 1797 967 1822 vocant,

178 1840 272 1870 postea
299 1835 382 1863 veluti
407 1843 536 1871 magnum
560 1843 567 1862 :
596 1843 669 1862 unus
693 1835 765 1862 enim
785 1838 826 1863 est
849 1836 968 1866 habitus,

180 1881 262 1908 sicuti
285 1886 311 1908 et
334 1881 481 1915 baptisma,
507 1881 737 1915 quemadmodum
760 1882 786 1908 in
813 1889 887 1909 more
916 1882 969 1909 fuit

179 1931 337 1954 sanctorum
354 1927 475 1954 Patrum.

215 1983 258 2010 l5.
289 1982 349 2010 Non
372 1983 511 2012 transilies
531 1983 604 2019 leges
625 1988 653 2011 et
678 1985 786 2020 regulas
811 1990 969 2013 sanctorum

179 2027 312 2059 Patrum,
339 2029 474 2063 praecipue
501 2033 564 2056 ante
592 2037 687 2056 omnes
720 2030 804 2057 divini
827 2031 971 2065 magnique

181 2074 273 2102 Basilii
291 2083 298 2101 :
329 2075 378 2102 sed
398 2075 531 2110 quidquid
557 2073 641 2102 facies
663 2080 711 2102 aut
734 2075 819 2106 dices,
841 2080 970 2110 tanquam

181 2120 368 2147 testimonium
393 2119 496 2148 habens
524 2128 558 2148 ex
585 2119 735 2155 Scripturis
756 2120 850 2152 facies,
877 2127 970 2149 autex

181 2171 292 2200 paterna
313 2167 512 2194 consuetudine
531 2167 636 2202 absque
662 2168 781 2195 mandati
800 2166 884 2195 divini
906 2176 972 2203 prte-

181 2211 358 2240 varicatione.

217 2268 262 2296 M.
278 2267 338 2296 Non
359 2268 534 2304 derelinques
558 2276 666 2304 gregem
681 2273 770 2300 tuum,
783 2273 813 2295 ut
834 2268 867 2295 ad
886 2268 970 2296 alium

182 2319 323 2348 transeas;
339 2319 386 2342 aut
406 2315 441 2342 ad
458 2315 617 2349 dignitatem
639 2322 692 2341 non
711 2318 858 2347 revertere,
871 2315 922 2342 nisi
937 2322 969 2342 ex

181 2369 320 2390 consensu
332 2366 359 2388 et
371 2360 567 2396 approbatione
582 2358 773 2386 fraternitatis.

219 2407 262 2435 15.
274 2406 334 2434 Non
344 2408 420 2434 ineas
430 2406 578 2434 amicitiam
590 2414 652 2433 cum
666 2406 814 2438 canonica;
826 2413 914 2440 neque
930 2406 971 2433 in-

182 2454 307 2489 grediare
323 2454 519 2481 monasterium
533 2452 707 2484 feminarum,
724 2460 776 2480 nec
793 2452 869 2480 solus
887 2452 972 2480 collo-

182 2508 267 2535 quare
276 2508 338 2528 cum
349 2500 484 2528 monacha
494 2500 536 2528 vel
549 2500 684 2532 saeculari,
694 2500 745 2526 nisi
756 2499 904 2527 necessitas
916 2503 972 2526 tra-

182 2548 244 2580 hat;
266 2547 347 2582 idque
360 2555 423 2574 cum
442 2547 548 2574 duabus
569 2547 603 2574 ab
622 2551 739 2582 utraque
755 2551 831 2581 parte
846 2546 971 2581 personis

182 2593 337 2621 astantibus
349 2602 355 2620 :
363 2594 444 2620 unius
452 2594 536 2625 enim,
546 2597 576 2620 ut
584 2593 671 2625 aiunt,
680 2593 767 2620 facilis
775 2592 972 2619 cstcalumuia.

219 2638 263 2666 16.
273 2637 331 2665 Non
343 2638 449 2673 aperies
459 2638 560 2665 ostium
569 2638 728 2666 monasterii
738 2638 773 2665 ad
787 2638 974 2665 intromitten-

182 2685 246 2712 dam
267 2684 397 2713 feminam
428 2685 513 2712 ullam
534 2685 593 2712 sine
623 2692 721 2719 magna
746 2685 918 2713 necessitate.
944 2685 972 2714 Si

183 2738 248 2758 vero
277 2737 354 2766 potes
379 2726 448 2759 citra
477 2736 601 2759 mutuum
628 2736 768 2765 aspectum
786 2731 923 2766 excipere,
946 2733 972 2760 id

183 2783 293 2812 quoque
309 2776 422 2804 minime
436 2776 639 2811 negligendum.

221 2832 265 2860 Π.
273 2832 332 2861 Non
343 2837 446 2861 statues
459 2833 506 2860 tibi
519 2833 711 2864 diversorium,
723 2838 771 2861 aut
784 2833 975 2868 spiritualibus

187 2880 261 2914 ﬁliis,
290 2882 448 2909 smcularem
475 2881 598 2915 domum,
615 2881 641 2908 in
660 2889 713 2917 qua
737 2882 793 2910 sint
813 2882 895 2910 etiam
911 2891 974 2910 mu-

1013 265 1062 293 της
1078 254 1174 291 λογίζῃ
1192 255 1240 282 καὶ
1251 253 1424 284 διδάσκαλος.

1049 305 1080 332 ε’,
1098 302 1137 329 Οὺ
1155 301 1249 337 σχοίης
1263 299 1332 332 ζῶον
1345 299 1400 326 τῶν
1416 298 1448 325 ὲκ
1464 297 1512 325 τοῦ
1530 296 1634 333 θήλεως
1651 297 1748 331 γένους
1760 296 1801 328 είς

1013 349 1108 385 χρείαν
1120 346 1303 384 ὑπουργικὴν,
1317 344 1381 381 ότῷ
1400 345 1477 381 (Min
1497 343 1675 371 παντάπασιν
1699 342 1802 368 ἀποτα-

1014 398 1129 434 ξάμενος
1142 404 1149 412 ·
1167 396 1228 423 οὕτε
1250 395 1279 422 ὲν
1292 396 1326 430 τῇ
1345 395 1426 430 μονῇ,
1442 392 1505 421 οὗτε
1516 393 1545 419 ὲν
1559 391 1617 423 τοῖς
1628 391 1732 426 ἀγροῖς.
1745 390 1802 417 Κα-

1013 443 1066 475 θὼς
1091 441 1177 474 οὐδεὶς
1199 439 1254 468 τῶν
1279 440 1360 467 ὁσίων
1385 440 1433 466 καὶ
1463 438 1552 473 ἁγίων
1571 436 1701 472 Πατέρων
1723 435 1803 471 ἡμῶν

1012 489 1159 525 ἐχρήσατο,
1178 487 1239 514 οὕτε
1256 487 1273 522 ὴ
1290 485 1370 522 φύσις
1390 484 1461 520 αὐτὴ
1475 483 1620 518 ἐπιτρέπει

1049 537 1086 567 ς’.
1101 534 1159 561 οὐκ
1174 532 1359 568 ἐποχούμενος
1373 530 1423 566 ἔσῃ
1435 530 1482 557 ἐπὶ
1495 529 1591 560 ἵπποις
1611 527 1660 555 καὶ
1680 526 1802 563 ἡμιόνοις

1011 581 1072 616 δίχα
1090 580 1213 615 ἀνάγκης
1226 587 1233 594 ·
1249 578 1317 606 ἀλλὰ
1331 577 1566 614 Χριστομιμήτως
1590 574 1802 610 πεζοπορήσεις.

1012 626 1044 654 Εἰ
1063 626 1086 653 δ’
1097 625 1155 659 οὖν,
1173 626 1263 658 πῶλός
1278 634 1319 652 σοι
1335 625 1365 652 τὺ
1382 623 1530 658 ὑποζύγιον
1545 621 1626 648 ἔστω.

1046 673 1079 706 ζ’.
1095 672 1303 710 Παραφυλάξεις
1314 671 1424 703 παντως
1439 670 1469 697 τὸ
1480 670 1569 697 πάντα
1585 669 1615 695 ὲν
1630 668 1664 703 τῇ
1683 666 1799 701 ἀδελφό-

1011 728 1073 754 τητι
1087 719 1165 745 κοινὰ
1184 714 1263 750 εἶναι,
1282 719 1329 744 καὶ
1343 716 1491 752 ἀμέριστα,
1507 714 1554 741 καὶ
1567 712 1649 749 μηδὲν
1668 710 1739 738 κατὰ
1753 710 1803 746 μέ-

1012 773 1058 800 ρος
1069 765 1116 792 τοῦ
1131 764 1192 791 καθ’
1205 764 1320 791 ἕκαστον
1333 763 1373 794 εἰς
1394 761 1589 796 ὲξαυθέντησιν
1599 758 1681 794 μέχρι
1695 756 1743 784 καὶ
1756 757 1805 792 ῥα.

1011 810 1096 845 φίδος.
1109 809 1159 836 Σοῦ
1174 810 1201 836 δὲ
1215 809 1262 836 καὶ
1278 807 1308 835 τὺ
1325 807 1405 844 σῶμα
1414 807 1460 834 καὶ⁸
1473 808 1491 842 ἡ
1503 805 1588 842 ψυχὴ,
1602 805 1668 840 μήτι
1683 811 1716 838 γε
1727 802 1804 835 ἄλλο,

1014 856 1134 883 ἔστωσαν
1159 854 1393 891 διαμεμερισμένα
1412 854 1442 880 ὲν
1473 853 1576 888 ἰσότητι
1598 851 1708 886 ἀγάπης
1735 849 1809 877 πᾶσι

980 900 1002 929 Β
1015 904 1072 934 τοῖς
1109 902 1304 937 πνευματικοῖς
1328 909 1375 928 σου
1405 900 1511 931 τέκνοις
1543 898 1591 926 καὶ
1613 897 1747 931 ἀδελφοῖς.

1049 948 1083 985 η’.
1106 950 1142 976 Οὐ
1155 949 1250 984 σχοίης
1265 947 1332 983 μετὰ
1347 947 1487 982 κοσμικῶν
1505 944 1724 980 ἀδελφοποιίαςῆ
1746 951 1808 970 συψ

1013 995 1134 1029 τεκνίας,
1151 997 1164 1023 ὁ
1176 996 1263 1030 φυγὰς
1277 995 1324 1022 τοῦ
1341 994 1443 1029 κόσμου
1456 993 1504 1020 καὶ
1523 993 1570 1019 τοῦ
1582 992 1672 1028 γάμου
1685 999 1692 1007 ·
1704 991 1735 1018 οὐ
1750 991 1807 1028 γὰρ

1014 1042 1127 1078 εὓρηται
1146 1043 1174 1068 ἐν
1193 1043 1251 1073 τοῖς
1277 1041 1433 1075 Πατράσινο
1448 1039 1512 1066 εἰδὲ
1529 1039 1577 1065 καὶ
1594 1037 1720 1074 εὕρηται,
1734 1045 1807 1064 σπα-

1017 1089 1118 1120 νιάκις.
1134 1088 1181 1115 καὶ
1194 1086 1274 1114 τοῦτο
1285 1087 1315 1113 οὺ
1332 1087 1424 1121 νόμος.

1054 1133 1086 1161 θ’.
1104 1134 1141 1160 Οὐ
1172 1133 1368 1168 συνεστιαοήσῃ
1391 1132 1462 1167 μετὰ
1487 1130 1636 1165 γυναικῶν,
1657 1129 1728 1164 πλὴν
1755 1128 1808 1164 τῆς

1016 1181 1086 1208 κατὰ
1112 1179 1202 1216 σάρκα
1217 1179 1320 1215 μητρός
1340 1187 1386 1205 σου
1406 1178 1454 1205 καὶ
1475 1177 1604 1212 ἀδελφῆς,
1619 1177 1670 1204 κάν
1682 1185 1712 1203 τε
1725 1184 1808 1203 κανο-

1016 1226 1104 1263 νικῆς,
1118 1226 1170 1254 κᾶν
1184 1234 1213 1252 τε
1224 1226 1359 1260 κοσμικῆς
1371 1232 1378 1239 ·
1392 1224 1442 1251 οὐκ
1466 1221 1536 1256 οἴδα,
1547 1223 1572 1250 εί
1587 1223 1624 1259 μή
1639 1230 1681 1255 τις
1697 1222 1743 1258 βία
1758 1222 1809 1249 καὶ

1016 1273 1123 1308 ἀνάγκη
1141 1271 1246 1307 καλοίη,
1260 1269 1351 1302 καθὼς
1363 1268 1597 1304 παρακελεύονται
1611 1268 1635 1295 οἱ
1650 1267 1723 1303 ἆγιοι
1745 1267 1806 1294 Πα-

1016 1319 1104 1353 τέρες.

1055 1374 1082 1402 ι’.
1100 1374 1138 1401 Οὐ
1154 1373 1248 1408 σχοίης
1260 1371 1291 1400 τὸ
1319 1371 1503 1407 πολυπρόοδον
1524 1371 1572 1397 καὶ
1591 1369 1809 1405 πολυγὺρευτον,

1018 1423 1083 1450 ἄνευ
1100 1421 1224 1456 ἀνάγκης
1243 1418 1493 1454 ὲγκαταλιμπάνων
1510 1418 1541 1445 τὺ
1554 1419 1653 1445 οἰκεῖον
1669 1417 1808 1452 ποίμνιον.

1025 1467 1182 1502 ’Δγαπητδν
1195 1467 1250 1503 γὰρ
1271 1467 1317 1493 καὶ
1333 1465 1499 1502 σχολάζοντα
1513 1465 1542 1492 ὲν
1555 1466 1591 1500 τῇ
1606 1464 1709 1499 ποίμνῃ
1723 1463 1810 1499 δυνηο

1019 1515 1100 1550 ϐῆναί
1115 1523 1146 1541 σε
1170 1514 1302 1541 διασῶσαι
1321 1514 1356 1539 τὰ
1378 1510 1608 1547 πολυτροπώτατα
1627 1509 1675 1537 καὶ
1696 1509 1809 1536 πολυδι-

1018 1560 1143 1592 εξόδευτα
1156 1559 1252 1594 λογικὰ
1264 1558 1397 1595 πρόὸατα.

1056 1609 1100 1633 ια’.
1117 1604 1324 1642 Παραφυλάξεις
1335 1605 1446 1636 πάντως
1460 1602 1508 1630 τοῦ
1523 1602 1658 1630 ποιεῖσθαι
1678 1601 1810 1637 τρισάκις

1018 1651 1069 1687 τὴν
1085 1652 1236 1688 κατήχησιν
1251 1652 1285 1687 τῇ
1302 1650 1441 1685 ἑϐδομάδι,
1457 1650 1504 1677 καὶ
1518 1648 1580 1676 καθ’
1596 1648 1717 1684 ἑσπέραν
1735 1648 1753 1683 ἦ
1765 1648 1812 1675 διὰ

1021 1697 1130 1730 σαυτοῦ,
1145 1697 1207 1733 ἢδι⁹
1226 1697 1307 1724 ἄλλου
1321 1697 1376 1724 τῶν
1403 1697 1517 1723 Ιτιέκνων.
1535 1695 1646 1730 Ἐπειδὴ
1667 1702 1813 1730 πατροπα-

1021 1745 1133 1780 ράδοτον
1147 1744 1228 1771 τοῦτο
1244 1744 1292 1771 καὶ
1306 1745 1450 1780 σωτήριον.

1058 1790 1100 1826 ιβ’.
1118 1791 1155 1818 Οὐ
1167 1790 1242 1826 δοίης
1256 1791 1325 1826 ὅπερ
1342 1790 1454 1824 λέγουσι
1473 1788 1571 1825 μικρὸν
1591 1788 1696 1824 σχῆμα,
1713 1787 1814 1815 ἔπειτα

1020 1835 1059 1867 ὡς
1076 1836 1147 1870 μέγα
1159 1844 1166 1851 ⁸
1180 1834 1209 1862 ἓν
1226 1835 1281 1871 γὰρ
1293 1835 1322 1861 τὸ
1337 1835 1439 1870 σχῆμα,
1452 1834 1603 1870 ὥσπερκαὶ
1615 1833 1645 1860 τὸ
1657 1833 1814 1869 βάπτισμα,

1021 1882 1110 1914 καθὼς
1126 1882 1151 1909 οἱ
1164 1882 1236 1916 ἅγιοι
1249 1882 1369 1916 Πατέρες
1386 1881 1547 1917 ἐχρήσαντο.

1058 1987 1102 2018 ιγ’.
1117 1983 1155 2010 Οὐ
1169 1981 1326 2018 παραϐαίης
1349 1981 1414 2012 τοὺς
1439 1979 1539 2015 νόμους
1559 1977 1608 2006 καὶ
1623 1976 1738 2008 κανόνας
1755 1975 1816 2004 τῶν

1022 2030 1107 2064 ἁγίων
1123 2029 1263 2063 Πατέρων.
1279 2027 1335 2062 Πρό
1348 2035 1380 2060 γε
1406 2026 1515 2053 πάντων
1539 2023 1586 2050 τοῦ
1610 2023 1684 2050 θείου
1698 2022 1746 2049 καὶ
1762 2030 1816 2058 με-

1022 2064 1105 2109 γάλου
1119 2074 1271 2101 Βασιλείου.
1293 2072 1373 2099 Ἀλλὰ
1389 2072 1442 2098 πᾶν
1452 2071 1466 2097 ὃ
1477 2079 1503 2097 τι
1521 2069 1554 2096 ἂν
1569 2070 1649 2104 ποιῇς
1672 2067 1689 2103 ἢ
1713 2066 1814 2102 λέγῃς,

1022 2121 1060 2152 ὡς
1077 2119 1230 2156 μαρτυρίαν
1251 2118 1320 2154 ἔχων
1338 2119 1370 2145 ὲκ
1389 2117 1444 2143 τῶν
1462 2115 1580 2152 Γραφῶν
1598 2113 1722 2150 πράξαις,
1745 2114 1764 2149 ἢ
1780 2115 1816 2141 ἐκ

1023 2166 1160 2202 πατρικῆς
1191 2164 1357 2200 συνηθείας,
1385 2163 1449 2191 ἄνευ
1487 2162 1674 2199 παραϐάσεως
1699 2160 1815 2196 ἐντολῆς

1023 2211 1102 2240 Θεοῦ.

1060 2269 1100 2297 ιδ’.
1112 2268 1150 2295 Οὐ
1158 2268 1332 2304 καταλείψεις
1345 2268 1375 2295 ἰδ
1390 2266 1515 2302 ποίμνιόν
1531 2274 1578 2293 σου
1589 2266 1636 2292 καὶ
1644 2262 1712 2300 πρὸς
1720 2263 1818 2299 ἕτερον

1024 2316 1178 2352 μεταϐήσῃ,
1192 2313 1209 2350 ἢ
1226 2315 1293 2351 πρὸς
1305 2315 1385 2348 ἀξίαν
1404 2313 1612 2349 ὲπαναδράμῃς,
1627 2313 1691 2340 ἄνευ
1710 2318 1817 2346 συγκα-

1022 2362 1159 2393 ταθέσεως
1175 2362 1226 2396 τῆς
1239 2361 1342 2393 οἰκείας
1361 2370 1407 2388 σου
1430 2360 1622 2395 ἀδελφότητος.

1059 2412 1098 2436 ιε’.
1109 2409 1146 2436 Οὐ
1156 2408 1289 2443 φιλιάσεις
1311 2407 1379 2443 μετὰ
1399 2407 1545 2442 κανονικῆς
1555 2415 1562 2422 ·
1571 2406 1631 2433 οὐδὲ
1643 2404 1817 2441 παρασαλεῖς

1023 2457 1052 2483 ἐν
1071 2455 1218 2490 γυναικείῳ
1239 2454 1358 2490 σεμνείῳ
1370 2462 1377 2469 ·
1396 2452 1458 2480 οὐδὲ
1484 2453 1642 2488 καταμόνας
1669 2452 1815 2487 ὁμιλήσεις

1025 2502 1180 2538 μοναζούσῃ
1196 2501 1212 2537 ἢ
1228 2502 1347 2536 κοσμικῇ
1360 2509 1367 2516 ο
1384 2502 1408 2528 εἰ
1427 2502 1464 2536 μή
1474 2509 1526 2527 που
1541 2501 1649 2535 ἀνάγκη
1666 2499 1752 2531 ἕλκει,
1766 2499 1815 2526 καὶ

1023 2547 1084 2573 τότε
1098 2547 1145 2573 δύο
1156 2547 1297 2582 παρόντοιν
1317 2546 1347 2578 ἐξ
1362 2546 1493 2581 ἑκατέρου
1521 2545 1620 2582 μέρους
1636 2545 1794 2582 προσώπων
1805 2554 1814 2562 ”

1023 2595 1053 2620 τὸ
1068 2594 1122 2629 γὰρ
1135 2593 1174 2626 ἓν,
1190 2593 1227 2624 ὥς
1242 2601 1335 2628 φασιν,
1357 2593 1573 2629 εὐεπηρέαστον.

1061 2643 1110 2672 ις’.
1121 2640 1179 2666 Οὐκ
1193 2639 1311 2672 ἀνοίξεις
1329 2640 1378 2676 τὴν
1398 2639 1483 2674 θύραν
1499 2640 1548 2673 τῆς
1561 2639 1644 2674 μονῆς
1658 2637 1706 2664 ἐπὶ
1718 2638 1817 2674 εἰσόδῳ

1026 2685 1157 2718 παντοίας
1170 2686 1301 2721 γυναικὸς
1311 2687 1377 2714 ἄνευ
1392 2686 1515 2721 μεγάλης
1526 2685 1651 2721 ἀνάγκης
1664 2694 1670 2701 ·
1686 2686 1711 2711 εί
1725 2684 1756 2712 δὲ
1769 2685 1814 2712 δυ·

1025 2733 1105 2764 me;
1120 2731 1145 2759 εἶ
1164 2732 1333 2768 ἁσυμφανῶς
1353 2731 1488 2768 δέχεσθαι,
1508 2732 1569 2759 οὐδὲ
1591 2732 1671 2758 τοῦτο
1690 2731 1816 2767 ἀπόϐλη-

1025 2789 1082 2807 τον.

1064 2837 1148 2868 ις’.οὺ
1162 2837 1286 2872 ποιήσεις
1295 2836 1400 2872 σεαυτῷ
1410 2834 1617 2870 καταγώγιον,ῆ
1625 2836 1680 2866 τοῖς
1689 2843 1817 2870 πνευμα-

1027 2884 1113 2916 τικοῖς
1129 2891 1174 2910 σου
1191 2882 1296 2914 τέκνοις
1307 2880 1380 2909 οἷκον
1396 2882 1538 2917 κοσμικδν,
1559 2882 1588 2908 ἐν
1603 2877 1626 2915 ᾧ
1646 2881 1699 2907 είσι
1718 2881 1817 2915 γυναι-
