1925 3088
179 157 251 190 1823

625 155 656 185 S.
671 152 867 185 THEODORI
893 149 1065 182 STUDITE
1082 148 1378 180 TESTAMENTUM.

1742 137 1812 171 1824

180 218 304 241 vestrum
328 211 518 246 incorruptum
545 208 699 242 custodite,
718 209 744 235 in
768 207 846 235 caelis
874 205 969 232 ambu-
984 208 997 234 Α

1047 204 1209 238 »ἀγγελικὴν
1234 203 1313 239 ὑμῶν
1330 199 1492 235 ἐπάγγελμα
1520 196 1700 231 ἀδιάψευστον
1726 194 1812 230 τηρή-

182 261 283 288 lantes.

218 305 348 332 Mundum
363 303 427 332 odio
446 303 588 334 habentes.
605 302 638 329 ad
653 301 747 328 mundi
764 307 846 335 opera
858 307 892 327 ne
907 306 974 326 con-

183 351 338 380 vertamini.
352 350 454 377 Solutis
471 349 586 376 vinculis
598 348 748 376 carnalium
764 347 923 378 affectuum,
940 353 974 372 ne

186 399 213 426 in
228 397 338 425 eosdem
354 397 454 424 iterum
475 395 642 430 impingatis.

221 488 411 522 Quiomnibus
422 487 533 515 caducis
550 486 633 520 huius
649 486 711 513 vita:
727 484 862 513 illecebris
875 491 977 511 renun-

187 536 286 568 tiastis,
304 544 319 563 a
330 536 475 571 praeposito
495 540 587 562 vestro
602 534 692 562 studio
702 539 729 561 et
745 532 906 560 obedientiaa
920 540 977 559 eer-

188 583 290 609 tamine
302 590 336 609 ne
350 581 478 609 resiliatis
495 589 542 617 per
555 581 691 615 ignaviam
710 600 718 612 ,
735 579 821 606 risum
846 577 977 606 damoni-

189 629 241 656 bus
254 628 414 662 praebentes.

224 673 264 700 Ad
284 681 395 700 cursum
413 673 573 700 obedientiae
594 679 681 706 usque
695 671 728 699 ad
746 670 825 698 finem
839 669 977 703 insistite;

189 723 221 747 ut
232 719 486 747 immarcccsibilem
502 719 614 754 justitize
630 725 759 746 coronam
776 716 932 752 reportetis.

227 805 413 834 Humilitatem
455 810 612 839 sectantes,
642 805 809 832 voluntatem
841 804 978 840 propriam

190 854 333 888 abnegate,
355 853 388 880 ad
404 861 435 880 ea
451 852 538 879 solum
565 860 615 879 vos
639 850 853 883 conformantes,
878 857 939 884 quae
963 857 979 876 a

190 900 334 935 prmposito
348 905 438 927 vestro
451 898 552 926 fuerint
564 898 723 933 approbata.
733 898 764 924 Et
773 897 795 925 si
805 897 912 932 quidem
923 896 981 923 hac

193 943 280 974 scitis,
288 943 358 970 beati
370 943 457 974 eritis,
471 943 494 970 si
508 943 542 970 ad
559 943 639 969 tinem
658 949 744 977 usque
765 942 810 969 illa
827 941 979 969 servabitis.

195 990 251 1018 Vos
276 991 347 1016 enim
374 996 525 1025 martyrum
541 990 643 1017 chorus
667 989 796 1024 excipiet,
816 989 983 1023 coronisque

192 1036 219 1063 in
240 1043 323 1071 regno
336 1036 468 1063 caelorum
485 1035 614 1068 redimiti,
629 1034 801 1070 sempiternis
817 1034 895 1061 bonis
909 1033 982 1061 frue-

192 1089 270 1109 num.
485 1088 489 1095 λ

519 1126 658 1162 Epilogus.

228 1172 267 1202 De
285 1178 394 1207 caetero,
410 1174 520 1207 fratres,
538 1175 636 1202 valete.
654 1173 705 1201 lter
738 1174 810 1201 enim
834 1174 983 1209 ingredior,

195 1221 267 1248 unde
291 1221 395 1248 reditus
423 1227 476 1247 non
498 1225 572 1255 patet
587 1229 594 1246 :
610 1220 682 1255 quod
705 1227 800 1247 omnes
815 1220 848 1246 ab
864 1227 922 1247 aevo
940 1220 982 1247 in-

195 1267 282 1302 gressi
311 1271 376 1294 sunt
395 1276 402 1294 :
421 1266 493 1302 quod
521 1271 549 1294 et
575 1274 625 1294 vos
650 1266 836 1301 postmodum,
857 1265 908 1293 hac
932 1266 983 1292 vita

196 1316 325 1347 peracta,
346 1312 496 1347 ingressuri
523 1311 601 1339 estis.
627 1311 724 1347 Ignoro
755 1316 861 1345 autem,
887 1310 986 1338 fratres

197 1358 261 1389 mei,
287 1365 342 1393 quo
368 1365 497 1393 pergam,
514 1362 541 1385 et
556 1357 637 1393 quale
650 1357 785 1393 judicium
804 1365 848 1385 me
867 1361 985 1389 maneat,

197 1407 245 1430 aut
259 1403 385 1438 quisnam
401 1411 444 1431 me
460 1404 536 1431 locus
555 1404 686 1438 excipiet;
701 1411 770 1438 opus
788 1403 861 1430 cnim
885 1403 986 1430 bonum

198 1449 226 1476 in
240 1454 388 1484 conspectu
405 1449 453 1477 Dei
470 1450 576 1477 nullum
597 1451 650 1484 egi,
665 1457 698 1477 ne
715 1457 798 1476 unum
815 1449 943 1484 quidem;
961 1453 989 1476 at

199 1499 293 1522 contra
308 1502 371 1522 reus
392 1502 453 1522 sum
470 1497 560 1522 omnis
574 1495 689 1530 peccati.
703 1493 898 1522 Verumtamen
912 1494 989 1521 laetor

199 1546 227 1568 et
239 1542 353 1575 gaudeo,
373 1541 446 1576 quod
474 1549 508 1568 ex
531 1541 583 1569 hoc
600 1541 704 1568 mundo
715 1541 742 1568 in
758 1541 855 1568 caelum
874 1541 953 1572 abeo,
974 1548 990 1568 a

199 1587 320 1615 tenebris
349 1588 375 1615 in
391 1588 490 1620 lucem,
503 1596 517 1616 a
537 1587 666 1616 servitute
678 1588 704 1614 in
724 1587 886 1619 libertatem,
899 1587 934 1614 ab
949 1587 991 1614 in-

200 1634 290 1662 colatu
313 1634 340 1661 in
361 1642 453 1662 veram
474 1634 670 1662 habitationem
691 1639 718 1661 et
732 1634 866 1668 patriam;
885 1640 900 1659 a
914 1640 992 1668 pere-

202 1681 288 1715 grinis
317 1685 344 1708 et
369 1681 477 1712 alienis,
492 1680 586 1708 lncala
609 1680 681 1707 enim
699 1687 758 1707 sum
782 1685 807 1707 et
829 1679 991 1714 peregrinus,

201 1726 271 1753 sicut
285 1734 374 1753 omnes
390 1731 478 1761 patres
492 1727 542 1754 mei
554 1727 577 1758 ⁸,
593 1727 626 1753 ad
646 1734 705 1753 mea
722 1730 749 1753 et
764 1725 885 1760 propria.
900 1723 992 1752 Conﬁ-

202 1773 313 1801 dentius
336 1773 425 1801 adhuc
453 1773 555 1803 dicam.
579 1773 651 1808 quod
675 1772 708 1800 ad
737 1771 882 1799 Dominum
903 1778 993 1798 meum

203 1820 282 1852 abeo,
298 1819 332 1848 ad
348 1819 493 1848 Dominum
512 1827 543 1847 ac
558 1819 643 1847 Deum
668 1827 770 1852 meum,
792 1826 874 1853 quem
899 1817 996 1844 dilexit

204 1867 296 1894 anima
324 1874 397 1899 mea;
418 1873 498 1901 quem
525 1865 624 1900 agnovi
650 1865 775 1896 Patrem,
800 1863 908 1891 tametsi
940 1871 994 1890 non

206 1913 276 1941 colui
303 1916 334 1940 ut
362 1912 434 1940 ﬁlius
451 1921 458 1939 :
473 1919 555 1946 quem
580 1910 690 1946 possedi
715 1917 770 1945 pra:
797 1908 936 1942 omnibus,
954 1913 996 1935 la-

207 1960 286 1987 metsi
313 1963 341 1986 ut
368 1965 515 1993 germanus
543 1965 640 1985 servus
669 1964 724 1984 non
752 1955 862 1984 servivi.
884 1954 946 1982 Haec
968 1960 998 1981 ut

208 2005 339 2041 insipiens
349 2004 416 2037 dixi,
426 2004 473 2032 sed
489 2008 600 2039 propter
616 2010 665 2030 vos
679 2002 747 2035 dixi,
759 2006 790 2029 ut
804 2001 997 2037 propensiores

208 2052 280 2085 sitis,
298 2055 325 2079 et
339 2051 424 2079 oretis
442 2059 492 2085 pro
510 2050 598 2078 salute
617 2057 678 2077 mea
693 2058 700 2076 :
719 2056 800 2083 quam
820 2048 865 2075 ubi
883 2047 998 2082 adeptus

209 2099 288 2126 fuero
304 2099 379 2135 (ecce
392 2106 424 2126 ea
441 2097 563 2133 spondeo
577 2097 604 2124 in
616 2096 705 2123 oculis
721 2094 864 2129 veritatis).
878 2101 931 2120 nou
948 2093 996 2119 de-

209 2147 328 2174 siturum
357 2153 402 2173 me
427 2144 595 2173 conﬁdenter
608 2151 688 2171 orare
704 2143 788 2170 Deum
806 2150 837 2169 ac
851 2140 999 2168 Dominum

211 2198 300 2218 meum
314 2198 363 2225 pro
376 2190 504 2217 omnibus
521 2189 609 2220 vobis.
626 2193 655 2216 ut
666 2189 735 2216 bene
751 2187 828 2214 vobis
841 2186 887 2219 sil,
901 2190 930 2212 ut
943 2185 999 2212 sal-

1025 259 1100 282 σατε,
1115 250 1146 277 οὺ
1151 250 1250 285 ρανίως
1264 249 1455 284 πορευόμενοι.

1059 297 1111 323 Τὺν
1129 296 1231 330 κόσμον
1245 297 1421 331 μισήσαντες,
1442 292 1480 328 μὴ
1493 289 1682 329 ἐπιστραφῇ-τε
1698 287 1768 323 πρὸς
1779 287 1814 313 τὰ

1024 343 1071 370 τοῦ
1085 343 1187 378 κόσμου
1205 342 1285 377 ἔργα.
1298 340 1432 371 Λυθέντες
1444 339 1497 365 τῶν
1508 336 1615 372 δεσμῶν
1626 335 1674 368 τῆς
1685 341 1813 368 προσπα-

1026 389 1112 422 Θείας,
1134 388 1172 424 μὴ
1194 387 1321 423 ένδεθῆτε
1347 386 1428 417 αὖθις
1452 384 1520 420 πρὸς
1539 383 1588 413 τὰς
1607 379 1743 415 σαρκικὰς
1756 378 1816 413 σχέ-

1027 442 1096 466 σεις.

1067 479 1304 515 Ἀπαρνησάμενοι
1331 477 1420 504 πάντα
1444 474 1478 502 τὰ
1495 473 1602 509 τερπνὰ
1627 472 1674 498 καὶ
1695 469 1818 504 ἐπίκηρα

1027 527 1074 554 τοῦ
1087 527 1222 562 παρόντος
1238 526 1309 560 βίου,
1329 524 1367 559 μὴ
1392 523 1426 550 δι’
1445 519 1592 555 ὀλιγωρίαν
1621 516 1818 552 ἀποπηδήσητε

1027 575 1077 609 τῆς
1088 573 1237 609 ἀθλητικῆς
1253 571 1330 608 ὑμῶν
1346 569 1497 604 ὑποταγῆς,
1513 566 1656 602 γενόμενοι
1670 563 1818 599 ἐπίχαρμα

1028 620 1172 655 δαιμόνων.

1064 666 1137 701 Πρὸς
1150 665 1196 691 τὸν
1208 663 1309 700 δρόμον
1327 663 1377 698 τῆς
1400 660 1541 694 ὑποταγῆς
1563 658 1645 694 μέχρι
1663 656 1758 687 τέλους
1774 656 1823 688 ὲγ-

1031 712 1234 748 καρτερήσατε·
1246 710 1290 736 ἵνα
1308 709 1355 736 τὸν
1370 708 1419 744 τῆς
1439 704 1613 740 δικαιοσύνης
1635 702 1824 738 ἀμαράντινον

1031 758 1162 793 στέφανον
1179 755 1343 792 κομίσησθε.

1065 805 1105 840 Τῇ
1121 801 1355 837 ταπεινοφροσύνῃ
1369 799 1509 835 ἀγόμενοι.
1523 797 1642 833 ἀρνηταὶ
1655 795 1702 822 τοῦ
1717 794 1822 822 οἰκείου

1031 849 1182 886 θελήματος
1205 846 1428 883 γένοισθεεπρδς
1456 845 1524 880 μόνα
1551 842 1766 878 δια-τυπούμενοι
1786 840 1820 867 τὰ

1033 897 1109 932 παρὰ
1126 896 1173 922 τοῦ
1188 894 1396 931 καθηγουμένου
1419 892 1497 927 ὑμῶν
1517 890 1712 926 ἑγκρινόμενα.
1728 887 1784 914 Καὶ
1799 887 1825 912 εἰ

1031 942 1119 969 ταῦτα
1141 941 1242 973 οἴδατε,
1270 939 1401 974 μακάριοί
1430 939 1502 970 ἐστε,
1518 936 1567 964 ἐὰν
1591 935 1737 971 φυλάξω-ιε
1755 934 1826 961 αὐτὰ

1032 989 1098 1023 ἄχρι
1112 987 1219 1018 τέλους.
1244 987 1272 1013 ’0
1283 986 1337 1020 γὰρ
1352 985 1433 1020 χορὸς
1447 984 1502 1011 τῶν
1519 983 1665 1019 μαρτύρων
1680 982 1753 1016 ὑμᾶς
1766 981 1826 1007 εἰσ-

1032 1034 1149 1068 δέξεται.
1162 1034 1218 1061 Καὶ
1237 1031 1508 1067 στεφανηιξοροῦντες
1527 1031 1557 1057 ἐν
1576 1031 1610 1065 τῇ
1630 1028 1757 1064 βασιλεία
1771 1028 1829 1054 τῶν

1033 1079 1167 1116 οὐρανῶν,
1188 1079 1243 1105 τῶν
1258 1078 1377 1106 αἰωνίων
1401 1076 1512 1111 ἀγαθῶν
1526 1075 1717 1103 ἀπολαύσοιτε,

1343 1123 1498 1156 Ἐπίλοτος
1503 1141 1510 1149 .

1071 1171 1127 1198 Καὶ
1134 1171 1240 1204 λοιπὸν,
1251 1169 1335 1196 τέκνα
1344 1189 1351 1201 ,
1362 1168 1493 1201 σώζοισθε
1509 1175 1516 1184 ·
1525 1167 1682 1202 ἀποδημίαν
1690 1167 1744 1201 γὰρ
1756 1164 1832 1192 στέλ-

1035 1218 1117 1252 λομαι
1135 1217 1352 1252 ἀνεπίστροφον·
1369 1215 1403 1250 ἣν
1425 1214 1525 1243 πάντες
1544 1214 1569 1240 ei
1594 1213 1641 1239 ἀπ’
1665 1211 1763 1242 αἰῶνος
1789 1210 1832 1236 δι-

1037 1262 1157 1290 ώδευσαν
1170 1270 1176 1276 “
1191 1261 1234 1296 ἐφ’
1252 1262 1285 1297 ῆν
1299 1261 1346 1288 καὶ
1353 1260 1430 1287 αὐτοὶ
1447 1259 1545 1295 μικρὸν
1565 1258 1688 1293 ὕστερον,
1703 1257 1831 1292 λειτουρ-

1037 1308 1172 1343 γήσαντες
1181 1308 1215 1334 τὰ
1225 1307 1272 1334 τοῦ
1284 1304 1550 1342 βίου,ὲπι6ιώσεσθε.
1564 1304 1620 1331 Οὐκ
1631 1301 1690 1330 οἶδα
1703 1303 1743 1335 δὲ,
1755 1302 1831 1329 ἀδελ-

1037 1354 1084 1389 φοί
1099 1362 1162 1388 μου,
1177 1353 1228 1380 ποῦ
1254 1353 1429 1388 ἀπέρχομαι·
1441 1352 1458 1387 ἢ
1474 1349 1530 1378 οἷον
1555 1351 1709 1386 ἀπαντήσει
1734 1357 1782 1384 μοι
1797 1348 1833 1374 τὸ

1038 1402 1126 1435 κρῖμα
1141 1408 1148 1415 ·
1162 1400 1179 1435 ῆ
1192 1400 1284 1430 ὁποῖος
1307 1398 1467 1432 ὑποδέξεταί
1492 1406 1527 1433 με
1550 1398 1633 1427 τόπος
1645 1405 1653 1412 ·
1668 1396 1750 1431 ἔργον
1773 1395 1830 1429 γὰρ

1039 1445 1142 1478 ἀγαθὸν
1169 1445 1218 1471 οὐκ
1244 1444 1419 1479 εἰργασάμην
1441 1442 1557 1470 ἐνώπιον
1583 1441 1631 1468 τοῦ
1650 1440 1718 1468 Θεοῦ
1732 1440 1762 1466 ἓν
1781 1440 1834 1466 καὶ

1042 1491 1121 1527 μόνον
1132 1498 1140 1506 ⁴
1157 1491 1247 1525 πάσης
1259 1491 1287 1517 δὲ
1304 1490 1442 1525 ἁμαρτίας
1456 1489 1606 1519 ὑπεύθυνος
1618 1487 1744 1522 ὑπάρχω.
1756 1484 1832 1520 Πλὴν

1002 1552 1024 1584 C
1041 1538 1128 1573 χαίρω
1135 1538 1183 1564 καὶ
1193 1537 1292 1572 ἥδομαι
1303 1537 1344 1563 ὅτι
1357 1536 1411 1562 ἀπὸ
1419 1536 1524 1570 κόσμου
1536 1535 1576 1565 είς
1585 1533 1699 1568 οὐρανὸν
1710 1531 1829 1567 πορεύο-

1044 1594 1092 1622 μαι
1109 1594 1117 1601 ·
1134 1585 1188 1612 ἀπὺ
1204 1585 1314 1616 σκότους
1329 1584 1370 1615 εἰς
1393 1583 1452 1618 φῶς
1465 1591 1473 1598 ·
1489 1581 1543 1609 ἀπὸ
1563 1581 1688 1612 δουλείας
1701 1579 1740 1611 εἰς
1756 1579 1835 1605 ὲλευ-

1042 1631 1152 1666 θερίαν·
1168 1631 1224 1658 ἀπὺ
1234 1630 1382 1665 παροικίας
1397 1630 1437 1661 εἰς
1449 1627 1582 1663 ἀληθινὴν
1591 1626 1746 1654 κατοικίαν.
1765 1624 1836 1652 Ἀπὸ

1042 1677 1096 1704 τῶν
1113 1677 1196 1710 ξένων
1211 1678 1258 1703 καὶ
1277 1675 1426 1711 ἀλλοτρίων
1447 1674 1606 1710 (Πάροικος
1626 1672 1682 1707 γάρ
1703 1672 1763 1705 εἰμι
1782 1670 1837 1697 καὶ

1044 1723 1257 1758 παρεπίδημος,
1268 1722 1365 1755 καθὼς
1385 1720 1498 1754 πάντες
1512 1721 1540 1747 ol
1563 1718 1690 1753 πατέρες
1710 1717 1782 1753 μου)
1795 1717 1838 1748 εἰς

1044 1769 1078 1796 τὰ
1093 1769 1148 1804 ὲμά
1173 1770 1272 1796 οἰκεῖα.
1290 1768 1352 1795 Ἔτι
1380 1766 1582 1802 τολμηρότερον
1609 1765 1772 1800 φθέγξομαι,
1794 1764 1839 1790 ὅτι

1046 1815 1114 1850 πρὸς
1125 1815 1171 1842 τὸν
1181 1815 1320 1849 Δεσπότην
1334 1822 1385 1849 μου
1399 1813 1514 1849 ἀπίημι,
1526 1813 1596 1848 πρὸς
1609 1811 1655 1838 τὸν
1671 1811 1776 1846 Κύριον
1790 1810 1840 1836 καὶ

1046 1859 1113 1886 Θεόν
1129 1867 1191 1894 μου,
1216 1859 1246 1886 ὃν
1267 1859 1414 1894 ἠγάπησεν
1430 1858 1446 1893 ἡ
1467 1857 1540 1892 ψυχή
1566 1865 1618 1892 μου
1632 1863 1640 1871 ·
1653 1855 1684 1882 ὃν
1699 1854 1841 1891 ἐγνώρισα

1047 1905 1167 1941 Πατέρα,
1181 1905 1205 1932 εἰ
1223 1905 1269 1932 καὶ
1283 1905 1334 1931 οὐκ
1349 1903 1521 1939 ἐθεράπευσα
1543 1903 1581 1933 ὡς
1598 1901 1670 1933 υἱός·
1691 1901 1741 1927 Ὃν
1757 1901 1843 1935 ἑκτη-

1049 1952 1140 1986 σάμην
1153 1951 1214 1978 ἀντὶ
1228 1950 1350 1980 πάντων,
1362 1950 1387 1976 εί
1406 1949 1453 1975 καὶ
1472 1949 1522 1976 οὐκ
1535 1947 1681 1974 ἐδούλευσα
1694 1946 1732 1978 ὡς
1747 1944 1844 1976 δοῦλος

1048 1998 1170 2032 γνήσιος.
1188 1996 1281 2023 Ταῦτα
1308 1994 1494 2031 παραφρονῶν
1521 1993 1641 2029 εῖρηκα¹
1655 1992 1688 2019 δι’
1709 1991 1784 2026 ὑμᾶς
1812 1990 1843 2016 δὲ

1048 2045 1146 2080 λέλεχα
1159 2053 1166 2060 ·
1181 2043 1224 2070 ἵνα
1241 2041 1420 2078 προθυμῆσθε
1441 2041 1489 2068 καὶ
1508 2037 1698 2075 ὑπερεύχησθέ
1721 2045 1774 2072 μου
1792 2037 1845 2070 τῆς

1051 2089 1188 2125 σωτηρίας
1199 2096 1207 2103 ·
1224 2088 1272 2115 καὶ
1286 2088 1335 2115 ὲάν
1353 2086 1474 2121 ἐπιτύχω
1495 2084 1608 2120 ταύτης,
1622 2083 1677 2110 ἰδοὺ
1703 2082 1784 2116 λόγον
1796 2081 1845 2107 δί-

1050 2136 1122 2171 δωμι
1136 2134 1251 2162 ἐνώπιον
1263 2134 1312 2169 τῆς
1323 2132 1462 2168 ἀληθείας,
1477 2132 1518 2158 ὅτι
1533 2130 1562 2157 οὐ
1575 2130 1681 2164 σιγήσω
1695 2126 1845 2162 τολμηρῶς

1051 2180 1157 2207 δέεσθαι
1173 2179 1219 2206 τοῦ
1229 2179 1332 2214 Κυρίου
1357 2180 1406 2205 καὶ
1423 2177 1558 2204 Δεσπότου
1581 2184 1633 2211 μου
1649 2175 1720 2209 ὑπὲρ
1733 2174 1848 2201 πάντων

211 2237 322 2269 vemini,
340 2240 368 2263 ut
384 2235 551 2271 impleamini
567 2243 574 2262 :
589 2238 752 2270 exspectans
775 2238 997 2267 unumquemque

1055 2226 1140 2261 ὑμῶν,
1157 2225 1200 2253 ἵνα.
1226 2225 1397 2260 εὐπραγῆτε,
1412 2224 1456 2250 ἶνα
1479 2221 1624 2254 σώζοισθε,
1638 2221 1682 2247 ἵνα
1700 2219 1846 2254 πληθύνη-

212 2283 361 2320 sigillatim,
376 2290 437 2310 cum
455 2289 488 2309 ex
514 2281 616 2308 mundo
643 2280 780 2316 migrabit,
790 2285 820 2307 ut
840 2279 958 2310 videam,
974 2282 1002 2305 ct

211 2329 359 2365 excipiam,
369 2335 398 2356 et
407 2328 565 2363 amplectar.
576 2327 716 2354 Fiduciam
733 2327 805 2354 enim
820 2327 890 2353 hanc
904 2326 1002 2357 habeo,

213 2376 288 2412 quod
305 2376 412 2403 bonitas
429 2375 489 2410 ejus
506 2375 534 2402 in
552 2373 670 2409 idipsum
697 2382 747 2401 nos
766 2380 863 2400 omnes
879 2371 923 2400 hic
945 2379 1004 2398 ser—

214 2423 290 2451 vabit
300 2427 328 2450 et
344 2423 371 2450 in
386 2422 479 2449 futuro
497 2420 608 2453 saeculo,
622 2420 681 2454 ejus
697 2420 832 2447 mandatis
847 2419 1003 2449 obsecutos,

215 2471 250 2498 ad
274 2469 463 2498 celebrandam
486 2468 546 2503 ejus
567 2475 704 2495 summam
723 2466 884 2502 potentiam.
901 2463 1004 2492 Recor-

217 2516 321 2544 damini
346 2515 490 2543 humilium
512 2521 671 2542 sermonum
691 2520 825 2545 meorum,
842 2511 901 2538 lilii.
916 2510 1005 2545 Depo-

167 2602 172 2608 .
218 2564 301 2591 situm
324 2562 459 2590 Custodite
473 2570 481 2589 :
498 2561 525 2588 in
542 2560 652 2588 Christo
674 2558 738 2587 Jesu
762 2559 875 2586 Domino
890 2562 986 2584 nostro
997 2577 1004 2589 ,

217 2611 263 2638 cui
295 2609 382 2645 gloria
412 2613 440 2637 et
472 2607 618 2643 imperium
644 2606 673 2633 in
699 2605 796 2634 szrciila
832 2603 1006 2632 saeculorum.

218 2659 316 2686 Amen.

259 2745 423 2775 Obdormivit
440 2744 622 2772 sanctissimus
640 2742 723 2769 Pater
749 2745 838 2768 noster
858 2744 883 2767 et
899 2746 1009 2774 magnus

222 2793 357 2827 confessor
368 2790 531 2820 Theodorus.
542 2797 624 2816 annos
652 2792 731 2815 nam:
746 2785 885 2821 sexaginta
901 2789 1009 2819 septem,

223 2845 310 2866 mense
323 2836 347 2864 Ν
351 2835 474 2867 ovembri,
486 2835 623 2862 undecima
633 2833 676 2861 die
691 2832 841 2865 Dominica,
849 2831 912 2858 hora
924 2835 1008 2863 sexta,

225 2883 323 2912 Iudici.
336 2883 438 2918 quinta,
455 2890 524 2908 anim
541 2881 621 2909 6535.

261 2942 272 2957 ⁵
290 2940 361 2968 I‘sal.
381 2947 494 2972 xxxviii,
512 2939 554 2965 15.

1055 2270 1117 2297 σθε·
1136 2270 1351 2306 προσδεχόμενος
1365 2269 1414 2296 ἕνα
1429 2268 1532 2296 καθένα
1544 2268 1588 2294 διὰ
1606 2267 1657 2302 τῆς
1675 2265 1729 2292 ἀπὸ
1739 2266 1847 2300 κόσμου

1054 2318 1269 2353 ἀποχωρήσεως,
1296 2317 1419 2352 Θεωρεῖν,
1447 2315 1496 2343 καὶ.
1529 2313 1764 2350 προσλαμὸάνειν,
1798 2311 1849 2338 καὶ

1056 2362 1292 2399 προασπὰζεσθαι.
1305 2360 1470 2396 [ἰεποίθησιν
1494 2359 1550 2396 γὰρ
1571 2358 1700 2393 τοιαύτην
1714 2357 1780 2392 ἔχω,
1804 2357 1848 2383 ὅτι

1056 2410 1073 2444 ὴ
1086 2408 1222 2443 ἀγαθότης
1238 2407 1320 2434 αὑτοῦ
1336 2408 1383 2434 ἐπὶ
1397 2407 1427 2433 τὸ
1437 2407 1513 2439 αὐτὸ,
1529 2406 1568 2437 ὡς
1585 2403 1701 2432 ἐνταῦθα
1713 2403 1850 2438 διατηρή-

1058 2462 1100 2481 σει
1117 2455 1221 2485 πάντας
1237 2453 1309 2489 ὑμᾶς
1322 2453 1369 2480 καὶ
1385 2454 1413 2479 ὲν
1432 2451 1472 2487 τῷ
1488 2451 1611 2486 μέλλοντι
1634 2450 1723 2482 αἰῶνι,
1737 2450 1787 2480 τὰς
1802 2449 1850 2474 ἐν-

1055 2501 1136 2533 τολὰς
1151 2500 1234 2527 αὐτοῦ
1246 2500 1442 2535 τετηρηκότας,
1455 2499 1523 2533 πρὸς
1540 2498 1571 2524 τὸ
1585 2497 1714 2532 ἁνυμνεῖν
1730 2495 1762 2521 τὸ
1777 2503 1850 2521 παν-

1057 2547 1136 2582 άγιον
1165 2545 1248 2574 αὐτοῦ
1264 2546 1376 2581 κράτος,
1390 2545 1540 2580 Μέμνησθέ
1560 2553 1610 2580 μου
1636 2543 1690 2569 τῶν
1709 2541 1850 2569 ταπεινῶν

1056 2593 1154 2628 λόγων,
1173 2593 1267 2620 τεκνία
1280 2602 1287 2609 ·
1306 2593 1355 2628 τὴν
1385 2590 1624 2628 παρακαταθήκην
1645 2589 1786 2625 φυλάξατε
1801 2597 1807 2603 ·
1822 2590 1850 2615 εν

1059 2639 1171 2676 Χριστῷ
1197 2638 1285 2675 Ἰησοῦ
1300 2638 1339 2674 τῷ
1349 2638 1446 2674 Κυρίῳ
1465 2637 1556 2673 ἡμῶν,
1571 2633 1593 2671 ᾦ
1613 2638 1630 2672 ἡ
1657 2635 1721 2668 δόξα
1749 2635 1798 2661 καὶ
1822 2634 1852 2660 τὸ

1060 2689 1164 2725 κράτος
1179 2689 1218 2720 εἰς
1233 2687 1297 2718 τοὺς
1311 2685 1412 2717 αἰῶνας
1431 2685 1486 2711 τῶν
1506 2683 1624 2711 αἰώνων,
1644 2683 1671 2709 ’Λ
1679 2682 1745 2718 μήν.

1100 2733 1260 2770 Ἐπιοιμήθη
1283 2734 1300 2760 ὀ
1313 2730 1535 2765 πανατιώτατος
1562 2729 1664 2763 Πατὴρ
1692 2727 1779 2762 ἡμῶν
1802 2725 1852 2753 καί

1057 2782 1151 2818 μέγας
1162 2779 1351 2816 όμολογητὴς
1362 2777 1512 2811 Θεόδωρος
1521 2775 1597 2803 ἐτῶν
1610 2773 1756 2809 ὑπάρχων
1776 2771 1852 2818 sna

1061 2815 1110 2855 irai
1124 2815 1272 2860 ἐξήκοντα
1284 2833 1290 2840 ·
1303 2822 1376 2859 μηνὶ
1389 2822 1547 2857 Νοεμϐρίῷ,
1557 2823 1592 2848 ια’
1601 2818 1695 2854 ἡμέρῃ
1706 2815 1854 2851 ΚιῬιακῇ,

1061 2875 1120 2909 ὥρῃ
1141 2877 1177 2907 ς’.
1197 2872 1268 2900 Ἰνδ.
1283 2875 1313 2898 ε’.
1334 2871 1376 2897 Et.
1393 2870 1483 2896 ςτλεα
