1925 3088
150 144 1000 158 mm

872 156 919 164 -νγ
937 156 952 157 7

1005 151 1574 168 *Ἐξ

737 238 1156 302 APPENDIX.

371 377 697 423 NAUCRATII
717 346 719 350 Ι
736 377 1140 423 CONFESSORIS
1190 378 1519 425 ENCYCLICA

552 473 605 504 DE
619 472 741 504 OBITU
757 472 898 503 SANCTI
914 472 1123 504 THEODOBI
1143 474 1338 507 STUDITE.

136 629 201 662 τοῖς
217 629 266 656 διὰ
282 629 390 662 Κύριον
403 628 622 663 δεδιωγμένοις,
639 627 688 654 καὶ
701 627 856 662 πανταχοῦ
871 628 915 654 δι-

969 627 1180 654 Persecutionem
1203 632 1309 663 propter
1339 627 1481 654 Dominum
1504 629 1703 662 sustinentibus,
1725 639 1757 658 ac

167 664 366 699 εσπαρμένοις
390 663 600 697 πνευματικοῖς
622 663 764 699 ἀδελφοῖς
791 663 839 690 καὶ
856 665 914 690 [Ια-

168 699 266 734 τράσι,
285 699 468 733 Ναυκράτιος
484 698 668 733 ἁμαρτωλὸς,
681 698 810 732 εὔχεται.

1002 664 1096 701 ultique
1108 663 1245 701 dispersis,
1255 663 1418 701 spiritalibus
1429 664 1556 698 fratribus
1577 666 1756 701 patribusque,

1007 697 1168 724 Naucratius
1183 703 1306 732 peccator
1329 697 1359 726 S.

589 755 743 790 (Couserts.
759 755 863 782 "istor.
882 755 975 782 haeres.
987 754 1167 786 Monotltelit.,
1181 762 1207 789 p.
1223 754 1298 788 856.)

171 813 243 845 Ἕως
265 813 316 847 μὲν
335 812 383 840 τοῦ
402 812 544 848 παρόντος.
561 813 670 847 ἀδελφοί
686 822 738 847 μου
756 812 917 849 τιμιώτατοι

133 860 181 887 καὶ
210 860 344 894 Πατέρες,
368 858 553 894 ἀνεϐαλλόμην
577 860 608 886 τὸ
631 859 760 886 ταπεινὸν
789 860 917 895 γράμμα,

133 906 242 941 ἡμέραν
259 905 289 938 ἐξ
304 905 413 940 ὴμέρας
429 905 644 940 διεξερχόμενος,
660 905 708 931 καὶ
725 905 785 932 κατ’
800 905 918 940 ἐμαυτὸν

133 953 256 987 κατέχων
281 951 311 977 τὸ
332 950 463 985 λυπηρόν.
482 951 544 977 ’Καὶ
568 950 600 986 δὴ
623 951 702 978 τοῦτο
722 951 850 987 πέπραχα
873 950 918 978 διὰ

133 998 230 1028 πολλὰ,
248 997 265 1024 ἃ
282 995 359 1032 οἶμαι
381 996 442 1022 οὐδὲ
461 995 511 1032 τὴν
527 997 674 1031 τιμιότητα
697 996 774 1032 ὑμῶν
796 997 916 1031 ἀγνοεῖν·

132 1044 179 1071 καί
196 1053 228 1078 γε
245 1044 297 1079 πρὸ
311 1043 365 1070 τῶν
379 1042 476 1075 ἄλλων,
494 1043 531 1078 μὴ
547 1043 637 1078 φέρων
650 1043 765 1077 ἄγγελος
783 1043 846 1078 ὑμῖν
861 1043 919 1069 θλι-

132 1090 234 1124 πτικῆς
250 1089 384 1123 ἐπιφορᾶς
398 1088 540 1122 γενέσθαι·
554 1088 627 1123 λέγω
641 1089 684 1123 δὴ.
699 1088 750 1123 τῆς
767 1089 922 1123 κοιμήσεως

130 1135 178 1162 τοῦ
197 1134 332 1170 μακαρίου
349 1134 395 1160 καὶ
416 1133 537 1169 ἀοιδίμου
553 1133 659 1169 Πατρὸς
674 1134 762 1169 ἡμῶν.
783 1133 860 1160 Ἐπεὶ
880 1133 920 1165 δὲ,

131 1180 169 1212 ὼς
186 1180 252 1216 ὁρῶ,
270 1179 305 1206 off
325 1179 404 1214 μόνον
418 1179 452 1206 τὰ
469 1179 596 1210 ἐνταῦθα,
617 1178 684 1206 ἀλλὰ
706 1178 754 1206 καὶ
769 1178 804 1205 τὰ
824 1179 920 1214 πόρρω

1004 811 1156 844 Hactenus,
1173 812 1379 840 honoratissimi
1400 821 1433 841 ac
1448 813 1601 842 charissimi
1615 813 1715 840 fratres
1726 820 1759 840 ac

971 862 1079 893 patres,
1098 858 1214 886 humiles
1234 858 1356 893 vilesque
1380 859 1473 886 distuli
1499 860 1612 892 litteras,
1631 859 1702 886 diem
1724 866 1759 886 ex

971 903 1014 930 die
1029 903 1188 935 decurrens,
1205 910 1237 930 ac
1258 911 1364 930 mecum
1387 903 1444 937 ipse
1469 903 1606 932 tristitiam
1625 903 1756 930 retinens.

971 949 999 977 ld
1016 957 1098 984 porro
1111 950 1204 977 multis
1217 949 1251 977 de
1273 949 1367 976 causis
1389 949 1452 982 feci,
1475 958 1545 985 quas
1565 957 1654 984 neque
1681 954 1757 984 puto,

974 995 1134 1023 honoranda
1163 999 1254 1022 vestra
1277 995 1398 1023 charitas
1419 995 1602 1030 ignoraverit:
1617 995 1645 1022 ln
1662 995 1758 1030 primis

973 1045 1077 1073 antetn,
1107 1041 1181 1076 quod
1211 1049 1265 1068 tton
1281 1040 1380 1069 ferrem
1401 1041 1508 1069 molesti
1524 1041 1603 1068 vobis
1618 1049 1649 1068 ac
1663 1041 1755 1068 acerbi

974 1094 1067 1119 casus,
1082 1087 1194 1114 nuntius
1213 1094 1275 1114 esse
1293 1095 1301 1114 :
1323 1094 1421 1122 nempe
1438 1087 1612 1114 dortnitionis
1633 1087 1705 1114 beati
1722 1095 1755 1115 ac

971 1132 1093 1166 praeclari
1117 1132 1204 1160 Patris
1220 1133 1316 1161 nostri.
1332 1135 1366 1160 At
1384 1137 1539 1167 postquam,
1555 1137 1584 1159 ut
1597 1132 1685 1165 video,
1702 1141 1756 1160 non

971 1178 1015 1205 hic
1026 1183 1143 1211 tantum,
1160 1178 1206 1206 sed
1220 1183 1247 1205 et
1258 1178 1365 1213 longius
1377 1178 1491 1213 positos,
1507 1186 1577 1205 nova
1589 1178 1647 1206 haec
1662 1178 1756 1206 turba-

130 1226 270 1260 δεδόνηται
295 1225 335 1261 τῷ
361 1221 507 1260 παραδόξῳ
531 1224 578 1251 τοῦ
605 1224 796 1260 ἀκούσματος·
812 1224 849 1257 ὡς
871 1224 918 1251 καὶ

971 1224 1007 1250 vit
1024 1224 1145 1256 auditio;
1162 1228 1191 1250 ut
1205 1228 1232 1250 et
1245 1224 1384 1259 plerisque
1398 1224 1506 1251 dillicile
1516 1225 1622 1252 creditu
1632 1224 1757 1252 videatur

130 1274 188 1304 τοῖς
203 1271 307 1298 πλείοσι
324 1271 484 1298 δύσπειστον
495 1271 632 1305 γενέσθαι,
645 1271 669 1297 εἰ
683 1271 738 1306 ἄρα
752 1279 783 1305 γε
797 1271 914 1306 μετέστη

130 1318 186 1344 τῶν
202 1317 305 1344 ἐνθένδε
321 1316 335 1342 ὁ
349 1316 395 1343 τοῦ
411 1316 513 1352 Κυρίου
529 1316 653 1351 θεράπων
663 1325 670 1332 ·
685 1317 734 1343 οὐκ
747 1315 823 1351 οἶμαι
838 1316 866 1343 δὲ
879 1317 916 1352 μὴ

131 1363 180 1389 καὶ
197 1363 264 1397 πρὸς
276 1363 349 1397 ὑμᾶς
365 1362 528 1389 καταλαϐεῖν
546 1363 576 1389 τὸ
591 1362 656 1397 παρ’
669 1362 748 1398 ἡμῶν
766 1363 835 1389 αἰδοῖ
850 1363 916 1389 ὐπο-

133 1407 310 1443 σιωπὼμενον
319 1416 326 1424 ο
342 1407 500 1442 ἀναγκαίως
511 1407 558 1434 ἐπὶ
570 1407 600 1434 τὸ
611 1407 728 1442 γράμμα
739 1405 831 1443 ἦλθον,
853 1408 916 1443 ἀρτι

131 1455 196 1488 ὑμῖν
209 1454 355 1488 ἑναργέστε
360 1462 415 1488 ρον,
431 1454 478 1480 καὶ
491 1453 528 1488 μὴ
542 1453 715 1488 βουλόμενος,
730 1454 914 1488 ἀναγγέλλων,

130 1501 161 1526 τδ
173 1501 237 1535 παρ’
250 1501 351 1535 ἐτέρων
361 1499 563 1535 προακουσθέν·
575 1500 710 1527 καὶτοῦτο
720 1501 770 1527 οὐκ
781 1501 917 1532 ἀποτνιῶς

130 1547 185 1573 οὐδ’
203 1547 346 1582 ἀδακρυτί.
356 1547 404 1578 Τίς
421 1547 475 1583 γὰρ
488 1547 512 1573 εἰ
530 1548 578 1573 καὶ
590 1547 694 1582 λιθίνην
707 1547 764 1582 ἔχει
780 1547 829 1582 τὴν
847 1557 916 1583 καρ-

130 1593 202 1622 δίαν.
227 1593 278 1619 οὐκ
293 1592 457 1625 ἀποστάξειε
481 1593 597 1628 δάκρυον
620 1592 732 1628 θερμόν,
751 1594 801 1629 τὴν
824 1594 917 1629 κοινὴν

131 1636 232 1671 ζημίαν
256 1636 306 1671 τῆς
327 1637 373 1663 τοῦ
398 1636 466 1663 Θεοῦ
487 1637 650 1672 Ἐκκλησίας
671 1638 916 1674 ἀναλογιζόμενοςς

130 1683 227 1709 ὁποίαν
244 1683 271 1709 δὲ
285 1683 470 1718 ἀδαμαντίνην
484 1683 572 1719 ψυχὴν
586 1684 764 1719 κεκτημένος,
781 1686 805 1711 εί
820 1686 868 1712 καὶ
879 1686 917 1721 μὴ

131 1729 272 1760 παντελῶς
287 1729 338 1761 ἔξω
355 1729 409 1755 τῶν
423 1729 494 1764 ὅρων
509 1729 637 1763 γεγονὼς,
658 1730 688 1762 ὂς
706 1731 735 1757 οὐ
747 1731 918 1767 πληγήσεται

130 1774 171 1809 τῷ
202 1775 398 1811 ἀπροσδοκήτῳ
423 1777 473 1811 τῆς
497 1776 592 1810 ἀκοῆς,
622 1777 669 1803 καὶ
693 1777 728 1803 τὰ
744 1777 792 1812 τῆς
810 1777 918 1812 φύσεως

131 1820 270 1855 δράσειενς
289 1822 369 1848 Ἀλλὰ
384 1822 434 1856 φεῦ
447 1822 497 1857 τῆς
512 1823 581 1857 ἐμῆς
594 1823 794 1859 ταλαιπωρίαςι
809 1825 849 1856 εὶς
864 1822 918 1851 οἷον

131 1866 289 1900 τετήρημαι
306 1867 320 1892 ὁ
332 1867 462 1900 δύστηνος
483 1867 598 1902 καιρὸν;
621 1867 668 1893 καὶ
685 1868 774 1894 ὁποῖον
789 1867 919 1894 ἀπέχει-τό

133 1920 184 1946 μου
203 1913 236 1946 τῇ
261 1912 385 1948 μοχθηρᾷ
405 1912 473 1948 ζωῇ.
493 1913 608 1939 θάνατον
632 1913 791 1947 ἀναγγεῖλαι
815 1913 862 1940 τοῦ
881 1913 918 1949 μὴ

131 1957 222 1993 ἑαυτῷ
238 1957 376 1993 ἐζηκότας,
398 1958 466 1985 ἀλλὰ
480 1958 606 1994 Χριστῷ;
628 1959 682 1985 Καὶ
706 1958 789 1990 ὅντως
809 1959 918 1994 ἀληθῶς

131 2003 295 2038 κεκοίμηται
312 2005 325 2030 ὁ
337 2004 424 2036 κοινὸς
443 2004 537 2039 Πατὴρ
553 2004 642 2039 ἡμῶν,
658 2006 671 2031 ὁ
685 2004 769 2031 πολλὰ
783 2005 855 2040 ὑμᾶς
870 2005 917 2032 καὶ

132 2048 227 2082 φιλῶν,
249 2049 294 2075 καὶ
307 2048 438 2083 στέργων,
450 2049 487 2079 ὡς
500 2049 580 2076 τέκνα
597 2049 711 2084 ἀληθινὰ
723 2057 730 2064 ·
745 2049 783 2081 ὡς
797 2050 915 2085 ἐργάτας

131 2093 179 2120 τοῦ
211 2094 372 2128 ἀμπελῶνος
402 2095 524 2130 Κυρίου·
552 2095 590 2127 ὡς
616 2095 690 2127 υἱοὺς
708 2095 855 2131 λὺπικοῆς·
879 2096 917 2129 ὡς

133 2139 302 2174 στρατιώτας
317 2139 435 2175 Χριστοῦ
445 2148 452 2154 ·
469 2140 508 2172 ὡς
527 2141 697 2175 ὁμολογητὰς
719 2141 864 2176 ἀψευδεῖς·
879 2143 917 2174 ὡς

133 2185 385 2218 συγκεκοπιαχότας
397 2185 481 2220 αὐτῷ,
493 2185 540 2212 καὶ
552 2185 753 2220 συνηθληκότας
766 2187 795 2213 ὲν
810 2187 917 2219 πολλοῖς

967 1274 997 1296 ιιι
1013 1277 1074 1297 vere
1090 1269 1198 1296 Domini
1222 1269 1345 1297 famulus
1359 1270 1393 1297 ab
1410 1270 1539 1297 humanis
1554 1271 1702 1297 translatus
1721 1270 1758 1298 sit

967 1314 1039 1341 haud
1054 1322 1119 1342 vero
1129 1315 1258 1348 arbitror,
1275 1320 1305 1342 ut
1320 1315 1393 1350 quod
1421 1315 1473 1350 ipsi
1489 1323 1522 1342 ex
1543 1316 1661 1350 quadam
1679 1322 1757 1342 reve~

967 1360 1055 1386 rentia
1068 1366 1094 1387 et
1107 1365 1178 1387 metu
1195 1360 1395 1394 sublacuimus,
1412 1361 1445 1388 ad
1458 1369 1507 1388 vos
1519 1368 1572 1388 non
1586 1361 1755 1395 pervenerit;

967 1406 1130 1434 necessitate
1149 1407 1181 1433 ad
1207 1406 1381 1434 scribendum
1411 1407 1620 1442 processi;jam
1637 1407 1754 1442 planius,

966 1460 1124 1487 quanquam
1152 1453 1260 1486 nolens,
1278 1454 1497 1486 renuntiaturus,
1516 1454 1588 1488 quod
1611 1455 1704 1489 utique
1722 1461 1757 1481 ex

968 1499 1084 1526 aliorum
1095 1498 1151 1533 jam
1170 1499 1256 1526 relatu
1272 1499 1390 1526 audistis
1404 1508 1410 1526 :
1428 1507 1479 1528 nec
1495 1500 1584 1534 plane,
1612 1499 1673 1527 sine
1687 1507 1757 1535 que-

968 1544 1036 1571 rulis
1059 1544 1300 1572 lamentationibus
1342 1552 1374 1571 ac
1399 1540 1541 1579 lacrymis.
1575 1543 1642 1578 Quis
1670 1545 1755 1576 enim,

968 1598 1124 1625 quanquam
1141 1599 1223 1618 saxeo
1245 1591 1339 1622 corde,
1364 1599 1419 1618 non
1443 1591 1579 1619 ferventes
1610 1591 1757 1626 profundat

968 1637 1114 1672 lacrymas.
1132 1645 1304 1664 communem
1325 1636 1453 1665 Ecclesia:
1468 1637 1514 1664 Dei
1527 1637 1663 1677 jacturam
1677 1645 1743 1672 repu

969 1683 1050 1711 tans?
1064 1682 1132 1715 Quis
1150 1690 1216 1710 vero
1243 1690 1330 1718 usque
1350 1683 1418 1710 adeo
1438 1683 1642 1710 adamantinum
1659 1687 1757 1718 pectus

970 1729 1079 1763 habeat,
1100 1730 1153 1757 nisi
1172 1729 1287 1757 omnino
1303 1730 1422 1758 excessit
1437 1735 1541 1757 naturae
1556 1729 1634 1762 lines,
1655 1734 1681 1756 ut
1699 1737 1755 1757 non

970 1776 1155 1811 inexspectata
1192 1776 1333 1803 auditione
1362 1784 1529 1811 percussus,
1557 1775 1638 1803 faciat
1669 1776 1756 1811 patia-

969 1828 1079 1857 turque,
1096 1823 1169 1858 quod
1181 1822 1333 1850 humanum
1347 1822 1407 1850 est?
1420 1822 1484 1855 Sed,
1500 1822 1552 1849 heu
1565 1829 1610 1848 me
1620 1821 1754 1848 miserum

969 1869 996 1896 in
1013 1868 1104 1903 quale.
1127 1867 1231 1901 infelix,
1247 1873 1353 1902 tempus
1373 1872 1495 1895 servatus
1518 1867 1601 1895 sum?
1616 1866 1754 1899 Quidnam

971 1922 1035 1942 vero
1047 1914 1121 1946 illud,
1134 1913 1239 1941 afflictae
1250 1915 1310 1941 vittc
1322 1922 1388 1941 meae
1399 1919 1458 1941 erat
1469 1915 1630 1949 repositum.
1641 1920 1671 1940 ut
1683 1913 1754 1948 ejus,

971 1964 1084 1987 mortem
1102 1961 1190 1988 esseni
1203 1961 1424 1992 annuntiaturus,
1437 1960 1482 1995 qui
1497 1968 1550 1987 non
1563 1960 1614 1988 sibi
1629 1960 1755 1992 vixisset,

969 2005 1016 2032 sed
1030 2005 1160 2032 Christo?
1175 2005 1257 2033 Plane
1269 2013 1344 2039 vero,
1357 2005 1522 2033 obdormivit
1540 2005 1618 2034 Pater
1632 2014 1756 2034 commu-

968 2051 1034 2078 nis:
1059 2051 1093 2083 is,
1110 2051 1232 2085 inquam,
1247 2051 1294 2086 qui
1318 2052 1401 2078 multa
1422 2059 1469 2079 vos
1487 2052 1632 2080 dilectione
1659 2056 1686 2079 et
1704 2059 1754 2086 pa-

968 2101 1046 2123 terno
1068 2096 1165 2124 all'ectu
1193 2101 1356 2131 prosecutus
1381 2101 1432 2130 est,
1459 2101 1489 2124 ut
1515 2105 1579 2125 vere
1609 2097 1704 2130 filios;
1725 2100 1754 2123 ut

967 2143 1054 2169 vineae
1077 2142 1184 2169 Domini
1206 2142 1346 2178 operarios
1362 2152 1369 2176 ;
1385 2147 1415 2169 ιιι
1433 2143 1594 2170 obedientiaa
1608 2143 1679 2169 filios
1693 2151 1701 2175 ;
1725 2147 1756 2170 ut

969 2188 1070 2216 milites
1091 2188 1192 2216 Christi
1208 2197 1216 2222 -,
1238 2193 1266 2216 ut
1281 2196 1362 2216 veros
1382 2188 1555 2216 confessores
1570 2197 1578 2222 ;
1599 2193 1628 2216 ut
1645 2196 1692 2216 eos
1706 2187 1754 2223 qui

881 2255 998 2283 ΝΟΤᾸΕ.

168 2311 206 2346 (Ι)
224 2310 311 2345 Magni
332 2310 468 2338 Theodori
489 2311 627 2345 praepositi
646 2311 733 2339 Studii
749 2320 804 2342 res.
826 2321 920 2341 susce-

132 2347 226 2381 ptique
241 2346 274 2372 ab
290 2353 322 2372 eo
332 2354 381 2381 pro
391 2346 511 2373 Ecclesia
524 2346 642 2378 labores,
657 2354 689 2374 ac
701 2347 860 2375 defensione
874 2357 919 2375 sa-

132 2389 241 2417 crarum
257 2381 418 2415 imaginum,
435 2382 503 2408 adeo
521 2386 663 2415 pnestant,
683 2387 800 2417 suntque
823 2384 917 2411 Eccle-

132 2416 181 2443 sia:
195 2415 332 2453 utiles_,__ut
342 2417 466 2453 quamvis
483 2417 559 2453 plura
574 2416 629 2449 jam
641 2417 675 2444 de
687 2417 721 2444 iis
734 2415 838 2453 scripta
850 2419 916 2451 sint,

132 2456 214 2486 atque
229 2450 255 2476 in
273 2450 420 2488 Historiam
438 2452 663 2488 ecclesiasticam,
676 2460 775 2487 magno
788 2450 858 2488 ejus.
872 2450 918 2480 oré

133 2490 262 2513 namento
275 2486 359 2518 illata,
381 2486 454 2513 haud
472 2491 562 2514 tamen
584 2488 647 2519 alia,
662 2486 810 2516 codicibus
823 2489 917 2516 hacte-

132 2529 185 2548 nus
201 2521 334 2556 reposita.
345 2529 377 2547 ac
396 2522 500 2556 paucis,
519 2523 620 2556 pervia,
638 2522 726 2550 eidem
739 2524 872 2555 historiae,
885 2531 918 2550 ac

131 2557 269 2583 communi
285 2555 413 2583 Ecclesia:
427 2556 500 2586 usui,
516 2555 638 2591 neganda
649 2558 801 2586 videantur.
815 2558 915 2586 Praeter

131 2599 196 2628 ergo
208 2598 250 2628 ea,
260 2598 327 2628 qua
341 2591 383 2628 vel
394 2591 452 2628 suis
466 2591 523 2628 ipse.
539 2592 571 2619 de
587 2600 617 2620 se
633 2593 797 2628 conscripsit
811 2594 915 2628 episto-

132 2626 175 2659 lis,
190 2626 232 2652 vel
250 2626 283 2652 de
295 2633 328 2652 eo
345 2626 466 2662 ejusdem
488 2627 639 2662 discipulus
662 2626 775 2656 Michael
800 2626 836 2656 in'
854 2630 915 2656 eius

131 2662 196 2693 vita,
232 2668 347 2695 qumque
371 2661 503 2688 Baronius
534 2661 752 2690 cdmmuniCante
777 2664 836 2691 viro
864 2665 914 2690 do-

131 2696 254 2723 ctissimo
263 2695 366 2723 Jacobo
383 2698 466 2723 Sirtn.
479 2697 508 2724 S.
524 2696 543 2724 l.
562 2698 587 2724 in
602 2698 721 2725 Annales
732 2698 832 2730 retulit,
849 2707 914 2732 ope-

131 2738 168 2768 rae
179 2731 294 2768 pretium
313 2731 390 2768 duxi,
401 2732 472 2759 hanc
486 2733 655 2760 successoris
663 2732 799 2761 Naucratii
812 2731 914 2768 episto-

134 2766 185 2792 lam
201 2766 273 2804 velut
289 2767 466 2804 encyclicam,
476 2767 591 2804 dignum
609 2769 688 2801 plane
700 2776 762 2796 cum
776 2766 910 2804 ponentis,

130 2806 186 2828 unn
204 2800 263 2836 ejus
278 2801 322 2828 cui
337 2800 456 2836 positum
472 2800 534 2836 fuii,
549 2800 809 2839 ntouutnentum,'in
824 2800 913 2839 publi;

966 2321 1028 2341 cum
1045 2314 1134 2341 facere
1147 2323 1154 2341 :
1169 2321 1200 2341 ac
1215 2321 1264 2341 nec
1279 2312 1345 2340 mihi
1360 2313 1500 2348 imperare
1520 2321 1641 2347 possum,
1664 2317 1694 2340 ιιι
1716 2321 1751 2341 ne

966 2349 1037 2376 idem
1052 2354 1178 2384 praestem
1193 2350 1227 2376 de.
1238 2349 1333 2384 sancti
1343 2347 1447 2375 Nicolai
1475 2348 1589 2375 Studitm
1615 2349 1692 2384 vita,
1704 2349 1751 2383 qui

966 2385 1025 2418 ipse
1046 2392 1108 2411 cum
1129 2384 1249 2418 praefatis
1268 2383 1421 2415 confessor,
1442 2391 1484 2418 iac
1509 2391 1603 2410 eorutn
1631 2383 1751 2415 tandem,

966 2417 1119 2451 successor,
1131 2417 1168 2446 ad
1187 2419 1280 2454 lgnatii
1295 2426 1381 2454 usque
1393 2426 1425 2446 ac
1437 2417 1526 2444 Photii
1535 2422 1673 2454 tempora,
1683 2427 1752 2453 prae-

966 2454 1058 2482 clarus
1073 2454 1178 2481 meritis
1194 2453 1226 2481 ac
1246 2453 1309 2485 fide.

966 2489 1130 2524 patrocinio,
1148 2489 1261 2524 insignis
1279 2488 1400 2524 pervenit
1418 2497 1426 2515 :
1441 2495 1494 2522 qua
1517 2488 1638 2524 ejusdem
1660 2489 1751 2524 Τηρο-

966 2522 1026 2551 ilori
1039 2532 1072 2551 ac
1086 2522 1255 2558 reliquorum
1270 2523 1462 2550 confessorum
1479 2525 1531 2550 sub
1547 2522 1673 2557 pluribus
1691 2522 1750 2550 Ico-

966 2559 1097 2586 noclastis
1116 2559 1298 2594 principibus,
1318 2563 1391 2593 gesta
1412 2558 1588 2594 memoranda
1602 2558 1750 2594 plurimum

967 2592 1146 2624 illustrentur,
1166 2592 1352 2622 ac'successio
1381 2598 1436 2620 tota
1448 2600 1539 2620 rerum
1564 2592 1693 2619 Ecclesia:
1723 2593 1750 2619 in

966 2629 1126 2665 Graeciaad
1145 2637 1232 2665 usque
1256 2628 1420 2665 Photianum
1440 2628 1577 2665 Aschisrna.
1601 2626 1752 2665 Consecrat

967 2664 1049 2699 hujus
1062 2664 1164 2691 Nicolai
1187 2662 1347 2692 memoriam
1372 2663 1499 2690 Nicolaus
1518 2662 1601 2698 Papa,
1615 2662 1752 2699 qua_petit

965 2696 1062 2738 ipsum
1072 2700 1145 2738 mitti
1158 2701 1272 2738 Romam
1278 2699 1320 2738 _ab
1339 2700 1510 2738 imperatore,
1527 2696 1566 2725 ei
1581 2702 1658 2732 parte
1673 2696 1751 2738 lgna-

965 2735 1007 2766 tii,
1022 2734 1065 2761 cui
1082 2735 1209 2762 nimirum
1240 2735 1401 2767 adhaereret,
1424 2734 1562 2765 obnitens,
1587 2734 1748 2767 grassatori,

966 2769 1074 2802 Photio,
1094 2770 1134 2797 uti
1149 2770 1253 2806 pridem
1268 2769 1385 2797 obnixus
1398 2768 1487 2797 fuerat
1506 2767 1675 2804 principibus
1691 2767 1745 2794 Ico-

965 2806 1106 2834 noclastis.

1346 2453 1484 2488 gnatiique
1510 2453 1703 2480 communione
1719 2461 1752 2480 ac
