  <div class='ocr_page' id='page_1' title='image "/cluster/home/n/w/nwhite01/storage/ocr_20150623/99/njp.32101010943858/985.png"; bbox 0 0 1925 3088; ppageno 0'>
   <div class='ocr_carea' id='block_1_1' title="bbox 185 115 253 149">
    <p class='ocr_par' dir='ltr' id='par_1_1' title="bbox 185 115 253 149">
     <span class='ocr_line' id='line_1_1' title="bbox 185 115 253 149; baseline -0.015 0"><span class='ocrx_word' id='word_1_1' title='bbox 185 115 253 149; x_wconf 76' lang='grc' dir='ltr'><strong>182Ἰ</strong></span> 
     </span>
    </p>
   </div>
   <div class='ocr_carea' id='block_1_2' title="bbox 641 116 1334 149">
    <p class='ocr_par' dir='ltr' id='par_1_2' title="bbox 641 116 1334 149">
     <span class='ocr_line' id='line_1_2' title="bbox 641 116 1334 149; baseline -0.001 -2"><span class='ocrx_word' id='word_1_2' title='bbox 641 117 841 148; x_wconf 78' lang='grc' dir='ltr'><strong>ΛΡΡΕΝΒῘΧ.</strong></span> <span class='ocrx_word' id='word_1_3' title='bbox 854 129 889 139; x_wconf 80' lang='grc' dir='ltr'><strong>ι·-</strong></span> <span class='ocrx_word' id='word_1_4' title='bbox 907 118 1114 149; x_wconf 81' lang='lat' dir='ltr'><strong>NAUCRATII</strong></span> <span class='ocrx_word' id='word_1_5' title='bbox 1128 116 1334 149; x_wconf 73' lang='lat' dir='ltr'><strong>ENCYCLICA</strong></span> 
     </span>
    </p>
   </div>
   <div class='ocr_carea' id='block_1_3' title="bbox 1732 114 1801 146">
    <p class='ocr_par' dir='ltr' id='par_1_3' title="bbox 1732 114 1801 146">
     <span class='ocr_line' id='line_1_3' title="bbox 1732 114 1801 146; baseline 0 0"><span class='ocrx_word' id='word_1_6' title='bbox 1732 114 1801 146; x_wconf 73' lang='grc'><strong>18⁵28</strong></span> 
     </span>
    </p>
   </div>
   <div class='ocr_carea' id='block_1_4' title="bbox 184 167 976 206">
    <p class='ocr_par' dir='ltr' id='par_1_4' title="bbox 184 169 963 206">
     <span class='ocr_line' id='line_1_4' title="bbox 184 169 963 206; baseline 0.001 -8"><span class='ocrx_word' id='word_1_7' title='bbox 184 171 238 206; x_wconf 81' lang='lat' dir='ltr'><strong>ipsi</strong></span> <span class='ocrx_word' id='word_1_8' title='bbox 267 169 487 198; x_wconf 82' lang='lat' dir='ltr'><strong>oollahorassetis</strong></span> <span class='ocrx_word' id='word_1_9' title='bbox 502 190 510 204; x_wconf 92' lang='lat'><strong>,</strong></span> <span class='ocrx_word' id='word_1_10' title='bbox 535 178 566 197; x_wconf 82' lang='lat' dir='ltr'><strong>ac</strong></span> <span class='ocrx_word' id='word_1_11' title='bbox 592 169 619 197; x_wconf 92' lang='lat' dir='ltr'><strong>in</strong></span> <span class='ocrx_word' id='word_1_12' title='bbox 655 171 748 198; x_wconf 88' lang='lat' dir='ltr'><strong>multis</strong></span> <span class='ocrx_word' id='word_1_13' title='bbox 772 172 963 206; x_wconf 86' lang='lat' dir='ltr'><strong>omnibusque,</strong></span> 
     </span>
    </p>
   </div>
   <div class='ocr_carea' id='block_1_5' title="bbox 1029 167 1803 206">
    <p class='ocr_par' dir='ltr' id='par_1_5' title="bbox 1029 167 1803 205">
     <span class='ocr_line' id='line_1_5' title="bbox 1029 167 1803 205; baseline -0.003 -7"><span class='ocrx_word' id='word_1_14' title='bbox 1029 173 1061 198; x_wconf 76' lang='grc' dir='ltr'><strong>ταὶ</strong></span> <span class='ocrx_word' id='word_1_15' title='bbox 1082 173 1110 198; x_wconf 78' lang='grc' dir='ltr'><strong>εν</strong></span> <span class='ocrx_word' id='word_1_16' title='bbox 1128 172 1205 198; x_wconf 74' lang='grc' dir='ltr'>πᾶσι.</span> <span class='ocrx_word' id='word_1_17' title='bbox 1232 170 1403 205; x_wconf 83' lang='grc' dir='ltr'>Κεκοίμηται</span> <span class='ocrx_word' id='word_1_18' title='bbox 1426 169 1441 196; x_wconf 91' lang='lat'><strong>6</strong></span> <span class='ocrx_word' id='word_1_19' title='bbox 1463 168 1552 200; x_wconf 72' lang='grc' dir='ltr'>κοινὸς</span> <span class='ocrx_word' id='word_1_20' title='bbox 1567 167 1661 204; x_wconf 78' lang='grc' dir='ltr'>Πατὴρ</span> <span class='ocrx_word' id='word_1_21' title='bbox 1677 169 1768 204; x_wconf 79' lang='grc' dir='ltr'>ἡμων,</span> <span class='ocrx_word' id='word_1_22' title='bbox 1788 170 1803 196; x_wconf 90' lang='grc' dir='ltr'><strong>ὀ</strong></span> 
     </span>
    </p>
   </div>
   <div class='ocr_carea' id='block_1_6' title="bbox 183 216 966 247">
    <p class='ocr_par' dir='ltr' id='par_1_6' title="bbox 183 216 966 247">
     <span class='ocr_line' id='line_1_6' title="bbox 183 216 966 247; baseline 0.001 -3"><span class='ocrx_word' id='word_1_23' title='bbox 183 224 326 244; x_wconf 81' lang='lat' dir='ltr'><strong>commune</strong></span> <span class='ocrx_word' id='word_1_24' title='bbox 340 223 402 243; x_wconf 92' lang='lat' dir='ltr'><strong>cum</strong></span> <span class='ocrx_word' id='word_1_25' title='bbox 423 224 455 244; x_wconf 91' lang='lat' dir='ltr'><strong>eo</strong></span> <span class='ocrx_word' id='word_1_26' title='bbox 469 216 633 244; x_wconf 71' lang='lat' dir='ltr'><strong>habuissetis</strong></span> <span class='ocrx_word' id='word_1_27' title='bbox 659 223 806 244; x_wconf 89' lang='lat' dir='ltr'><strong>certamen.</strong></span> <span class='ocrx_word' id='word_1_28' title='bbox 818 218 966 247; x_wconf 89' lang='lat' dir='ltr'><strong>Dormitio-</strong></span> 
     </span>
    </p>
   </div>
   <div class='ocr_carea' id='block_1_7' title="bbox 186 262 965 298">
    <p class='ocr_par' dir='ltr' id='par_1_7' title="bbox 186 262 965 298">
     <span class='ocr_line' id='line_1_7' title="bbox 186 262 965 298; baseline 0.001 -8"><span class='ocrx_word' id='word_1_29' title='bbox 186 271 248 290; x_wconf 92' lang='lat' dir='ltr'><strong>nem</strong></span> <span class='ocrx_word' id='word_1_30' title='bbox 278 263 384 297; x_wconf 88' lang='lat' dir='ltr'><strong>accepit</strong></span> <span class='ocrx_word' id='word_1_31' title='bbox 396 263 551 290; x_wconf 80' lang='lat' dir='ltr'><strong>cemlnnnis</strong></span> <span class='ocrx_word' id='word_1_32' title='bbox 567 262 646 289; x_wconf 89' lang='lat' dir='ltr'><strong>Pater</strong></span> <span class='ocrx_word' id='word_1_33' title='bbox 664 267 766 295; x_wconf 91' lang='lat' dir='ltr'><strong>noster,</strong></span> <span class='ocrx_word' id='word_1_34' title='bbox 783 264 826 290; x_wconf 91' lang='lat' dir='ltr'><strong>ille</strong></span> <span class='ocrx_word' id='word_1_35' title='bbox 838 271 965 298; x_wconf 82' lang='lat' dir='ltr'><strong>prorsus,</strong></span> 
     </span>
    </p>
   </div>
   <div class='ocr_carea' id='block_1_8' title="bbox 185 308 966 343">
    <p class='ocr_par' dir='ltr' id='par_1_8' title="bbox 185 308 966 343">
     <span class='ocr_line' id='line_1_8' title="bbox 185 308 966 343; baseline 0 -7"><span class='ocrx_word' id='word_1_36' title='bbox 185 313 212 336; x_wconf 84' lang='lat' dir='ltr'><strong>et</strong></span> <span class='ocrx_word' id='word_1_37' title='bbox 223 308 373 342; x_wconf 82' lang='lat' dir='ltr'><strong>discipulus</strong></span> <span class='ocrx_word' id='word_1_38' title='bbox 388 308 486 335; x_wconf 87' lang='lat' dir='ltr'><strong>Christi</strong></span> <span class='ocrx_word' id='word_1_39' title='bbox 499 308 653 335; x_wconf 88' lang='lat' dir='ltr'><strong>etimitator</strong></span> <span class='ocrx_word' id='word_1_40' title='bbox 671 316 678 341; x_wconf 90' lang='lat'><strong>;</strong></span> <span class='ocrx_word' id='word_1_41' title='bbox 693 316 724 336; x_wconf 89' lang='lat' dir='ltr'><strong>os</strong></span> <span class='ocrx_word' id='word_1_42' title='bbox 744 308 809 336; x_wconf 92' lang='lat' dir='ltr'><strong>illud</strong></span> <span class='ocrx_word' id='word_1_43' title='bbox 822 308 966 343; x_wconf 59' lang='lat' dir='ltr'><strong>Ecclesia;</strong></span> 
     </span>
    </p>
   </div>
   <div class='ocr_carea' id='block_1_9' title="bbox 185 352 969 391">
    <p class='ocr_par' dir='ltr' id='par_1_9' title="bbox 185 352 969 391">
     <span class='ocr_line' id='line_1_9' title="bbox 185 352 969 391; baseline 0.003 -11"><span class='ocrx_word' id='word_1_44' title='bbox 185 353 358 380; x_wconf 73' lang='lat' dir='ltr'><strong>sacerdotum</strong></span> <span class='ocrx_word' id='word_1_45' title='bbox 379 352 461 380; x_wconf 81' lang='lat' dir='ltr'><strong>decus</strong></span> <span class='ocrx_word' id='word_1_46' title='bbox 476 361 483 385; x_wconf 90' lang='lat'><strong>;</strong></span> <span class='ocrx_word' id='word_1_47' title='bbox 500 352 562 379; x_wconf 78' lang='lat' dir='ltr'><strong>ﬁdei</strong></span> <span class='ocrx_word' id='word_1_48' title='bbox 595 354 719 381; x_wconf 82' lang='lat' dir='ltr'><strong>columen</strong></span> <span class='ocrx_word' id='word_1_49' title='bbox 733 362 740 386; x_wconf 88' lang='lat'>;</span> <span class='ocrx_word' id='word_1_50' title='bbox 757 354 850 391; x_wconf 67' lang='lat' dir='ltr'><strong>regula</strong></span> <span class='ocrx_word' id='word_1_51' title='bbox 872 362 969 382; x_wconf 86' lang='lat' dir='ltr'><strong>mona-</strong></span> 
     </span>
    </p>
   </div>
   <div class='ocr_carea' id='block_1_10' title="bbox 188 398 967 434">
    <p class='ocr_par' dir='ltr' id='par_1_10' title="bbox 188 398 967 434">
     <span class='ocr_line' id='line_1_10' title="bbox 188 398 967 434; baseline 0.001 -8"><span class='ocrx_word' id='word_1_52' title='bbox 188 400 302 426; x_wconf 86' lang='lat' dir='ltr'><strong>chorum</strong></span> <span class='ocrx_word' id='word_1_53' title='bbox 316 407 324 431; x_wconf 86' lang='lat'><strong>;</strong></span> <span class='ocrx_word' id='word_1_54' title='bbox 342 398 513 432; x_wconf 79' lang='lat' dir='ltr'><strong>evangelicus</strong></span> <span class='ocrx_word' id='word_1_55' title='bbox 527 402 618 432; x_wconf 89' lang='lat' dir='ltr'><strong>pastor</strong></span> <span class='ocrx_word' id='word_1_56' title='bbox 634 406 641 430; x_wconf 90' lang='lat'><strong>;</strong></span> <span class='ocrx_word' id='word_1_57' title='bbox 656 404 749 433; x_wconf 88' lang='lat' dir='ltr'><strong>pectus</strong></span> <span class='ocrx_word' id='word_1_58' title='bbox 768 400 946 434; x_wconf 90' lang='lat' dir='ltr'><strong>apostolicum</strong></span> <span class='ocrx_word' id='word_1_59' title='bbox 959 409 967 433; x_wconf 89' lang='lat'><strong>;</strong></span> 
     </span>
    </p>
   </div>
   <div class='ocr_carea' id='block_1_11' title="bbox 187 444 969 480">
    <p class='ocr_par' dir='ltr' id='par_1_11' title="bbox 187 444 969 480">
     <span class='ocr_line' id='line_1_11' title="bbox 187 444 969 480; baseline 0.001 -8"><span class='ocrx_word' id='word_1_60' title='bbox 187 445 304 472; x_wconf 75' lang='lat' dir='ltr'><strong>eximius</strong></span> <span class='ocrx_word' id='word_1_61' title='bbox 329 444 471 471; x_wconf 84' lang='lat' dir='ltr'><strong>confessor</strong></span> <span class='ocrx_word' id='word_1_62' title='bbox 497 452 504 477; x_wconf 90' lang='lat'><strong>;</strong></span> <span class='ocrx_word' id='word_1_63' title='bbox 530 449 618 480; x_wconf 83' lang='lat' dir='ltr'><strong>matyr</strong></span> <span class='ocrx_word' id='word_1_64' title='bbox 648 445 817 480; x_wconf 77' lang='lat' dir='ltr'><strong>propositus;</strong></span> <span class='ocrx_word' id='word_1_65' title='bbox 839 446 880 473; x_wconf 81' lang='lat' dir='ltr'><strong>sol</strong></span> <span class='ocrx_word' id='word_1_66' title='bbox 906 445 969 473; x_wconf 89' lang='lat' dir='ltr'><strong>lidei</strong></span> 
     </span>
    </p>
   </div>
   <div class='ocr_carea' id='block_1_12' title="bbox 186 488 968 527">
    <p class='ocr_par' dir='ltr' id='par_1_12' title="bbox 186 488 968 527">
     <span class='ocr_line' id='line_1_12' title="bbox 186 488 968 527; baseline 0.004 -11"><span class='ocrx_word' id='word_1_67' title='bbox 186 490 370 522; x_wconf 56' lang='lat' dir='ltr'><strong>orthodoxae;</strong></span> <span class='ocrx_word' id='word_1_68' title='bbox 397 488 472 516; x_wconf 86' lang='lat' dir='ltr'><strong>orbis</strong></span> <span class='ocrx_word' id='word_1_69' title='bbox 494 489 598 516; x_wconf 86' lang='lat' dir='ltr'><strong>doctor.</strong></span> <span class='ocrx_word' id='word_1_70' title='bbox 625 490 723 524; x_wconf 80' lang='lat' dir='ltr'><strong>Atque,</strong></span> <span class='ocrx_word' id='word_1_71' title='bbox 742 491 809 524; x_wconf 86' lang='lat' dir='ltr'><strong>proh</strong></span> <span class='ocrx_word' id='word_1_72' title='bbox 830 491 968 527; x_wconf 80' lang='lat' dir='ltr'><strong>verbum!</strong></span> 
     </span>
    </p>
   </div>
   <div class='ocr_carea' id='block_1_13' title="bbox 187 528 969 570">
    <p class='ocr_par' dir='ltr' id='par_1_13' title="bbox 187 528 969 570">
     <span class='ocr_line' id='line_1_13' title="bbox 187 528 969 570; baseline 0.003 -8"><span class='ocrx_word' id='word_1_73' title='bbox 187 535 292 570; x_wconf 86' lang='lat' dir='ltr'><strong>accepit</strong></span> <span class='ocrx_word' id='word_1_74' title='bbox 305 534 496 562; x_wconf 90' lang='lat' dir='ltr'><strong>dormitionem</strong></span> <span class='ocrx_word' id='word_1_75' title='bbox 520 536 674 562; x_wconf 90' lang='lat' dir='ltr'><strong>communis</strong></span> <span class='ocrx_word' id='word_1_76' title='bbox 696 535 798 568; x_wconf 80' lang='lat' dir='ltr'><strong>Pater;</strong></span> <span class='ocrx_word' id='word_1_77' title='bbox 823 528 969 564; x_wconf 84' lang='lat' dir='ltr'><strong>vocalissi-</strong></span> 
     </span>
    </p>
   </div>
   <div class='ocr_carea' id='block_1_14' title="bbox 188 579 969 617">
    <p class='ocr_par' dir='ltr' id='par_1_14' title="bbox 188 579 969 617">
     <span class='ocr_line' id='line_1_14' title="bbox 188 579 969 617; baseline 0 -9"><span class='ocrx_word' id='word_1_78' title='bbox 188 589 250 608; x_wconf 91' lang='lat' dir='ltr'><strong>mus</strong></span> <span class='ocrx_word' id='word_1_79' title='bbox 268 581 311 607; x_wconf 84' lang='lat' dir='ltr'><strong>ille</strong></span> <span class='ocrx_word' id='word_1_80' title='bbox 321 580 443 607; x_wconf 83' lang='lat' dir='ltr'><strong>veritatis</strong></span> <span class='ocrx_word' id='word_1_81' title='bbox 456 587 543 615; x_wconf 70' lang='lat' dir='ltr'><strong>praeco</strong></span> <span class='ocrx_word' id='word_1_82' title='bbox 559 579 652 616; x_wconf 79' lang='lat' dir='ltr'><strong>;jugis</strong></span> <span class='ocrx_word' id='word_1_83' title='bbox 665 580 795 608; x_wconf 66' lang='lat' dir='ltr'><strong>doctrinae</strong></span> <span class='ocrx_word' id='word_1_84' title='bbox 808 582 947 617; x_wconf 79' lang='lat' dir='ltr'><strong>scaturigo</strong></span> <span class='ocrx_word' id='word_1_85' title='bbox 962 591 969 615; x_wconf 87' lang='lat'><strong>;</strong></span> 
     </span>
    </p>
   </div>
   <div class='ocr_carea' id='block_1_15' title="bbox 188 626 970 663">
    <p class='ocr_par' dir='ltr' id='par_1_15' title="bbox 188 626 970 663">
     <span class='ocr_line' id='line_1_15' title="bbox 188 626 970 663; baseline 0.001 -9"><span class='ocrx_word' id='word_1_86' title='bbox 188 627 233 654; x_wconf 79' lang='lat' dir='ltr'><strong>cui</strong></span> <span class='ocrx_word' id='word_1_87' title='bbox 257 626 330 654; x_wconf 83' lang='lat' dir='ltr'><strong>velut</strong></span> <span class='ocrx_word' id='word_1_88' title='bbox 357 626 566 653; x_wconf 82' lang='lat' dir='ltr'><strong>innumerabilis</strong></span> <span class='ocrx_word' id='word_1_89' title='bbox 592 626 630 661; x_wconf 72' lang='lat'><strong>(2)</strong></span> <span class='ocrx_word' id='word_1_90' title='bbox 648 627 680 653; x_wconf 87' lang='lat' dir='ltr'><strong>ad</strong></span> <span class='ocrx_word' id='word_1_91' title='bbox 698 628 921 663; x_wconf 78' lang='lat' dir='ltr'><strong>gubernationem</strong></span> <span class='ocrx_word' id='word_1_92' title='bbox 943 629 970 655; x_wconf 94' lang='lat' dir='ltr'><strong>in</strong></span> 
     </span>
    </p>
   </div>
   <div class='ocr_carea' id='block_1_16' title="bbox 187 672 971 706">
    <p class='ocr_par' dir='ltr' id='par_1_16' title="bbox 187 672 971 706">
     <span class='ocr_line' id='line_1_16' title="bbox 187 672 971 706; baseline 0.003 -6"><span class='ocrx_word' id='word_1_93' title='bbox 187 673 267 700; x_wconf 82' lang='lat' dir='ltr'><strong>linem</strong></span> <span class='ocrx_word' id='word_1_94' title='bbox 279 672 362 699; x_wconf 90' lang='lat' dir='ltr'><strong>divini</strong></span> <span class='ocrx_word' id='word_1_95' title='bbox 375 672 504 706; x_wconf 80' lang='lat' dir='ltr'><strong>propositi</strong></span> <span class='ocrx_word' id='word_1_96' title='bbox 515 677 585 700; x_wconf 85' lang='lat' dir='ltr'><strong>esset</strong></span> <span class='ocrx_word' id='word_1_97' title='bbox 600 673 754 701; x_wconf 72' lang='lat' dir='ltr'><strong>intellectus</strong></span> <span class='ocrx_word' id='word_1_98' title='bbox 770 681 777 706; x_wconf 89' lang='lat'><strong>;</strong></span> <span class='ocrx_word' id='word_1_99' title='bbox 791 674 971 702; x_wconf 81' lang='lat' dir='ltr'><strong>&#39;admirabilis</strong></span> 
     </span>
    </p>
   </div>
   <div class='ocr_carea' id='block_1_17' title="bbox 186 717 970 752">
    <p class='ocr_par' dir='ltr' id='par_1_17' title="bbox 186 717 970 752">
     <span class='ocr_line' id='line_1_17' title="bbox 186 717 970 752; baseline 0.004 -8"><span class='ocrx_word' id='word_1_100' title='bbox 186 717 232 745; x_wconf 86' lang='lat' dir='ltr'><strong>ille</strong></span> <span class='ocrx_word' id='word_1_101' title='bbox 245 717 438 750; x_wconf 86' lang='lat' dir='ltr'><strong>consiliarius;</strong></span> <span class='ocrx_word' id='word_1_102' title='bbox 453 717 539 744; x_wconf 81' lang='lat' dir='ltr'><strong>fidelis</strong></span> <span class='ocrx_word' id='word_1_103' title='bbox 552 718 723 752; x_wconf 83' lang='lat' dir='ltr'><strong>dispensator</strong></span> <span class='ocrx_word' id='word_1_104' title='bbox 736 724 970 748; x_wconf 81' lang='lat' dir='ltr'><strong>sacramentorum</strong></span> 
     </span>
    </p>
   </div>
   <div class='ocr_carea' id='block_1_18' title="bbox 188 761 969 799">
    <p class='ocr_par' dir='ltr' id='par_1_18' title="bbox 188 761 969 799">
     <span class='ocr_line' id='line_1_18' title="bbox 188 761 969 799; baseline 0.005 -10"><span class='ocrx_word' id='word_1_105' title='bbox 188 762 233 790; x_wconf 88' lang='lat' dir='ltr'><strong>Dei</strong></span> <span class='ocrx_word' id='word_1_106' title='bbox 248 770 256 796; x_wconf 90' lang='lat'><strong>;</strong></span> <span class='ocrx_word' id='word_1_107' title='bbox 273 762 342 789; x_wconf 84' lang='lat' dir='ltr'><strong>civis</strong></span> <span class='ocrx_word' id='word_1_108' title='bbox 358 763 477 790; x_wconf 67' lang='lat' dir='ltr'><strong>caelestis</strong></span> <span class='ocrx_word' id='word_1_109' title='bbox 493 761 662 797; x_wconf 81' lang='lat' dir='ltr'><strong>Jerusalem;</strong></span> <span class='ocrx_word' id='word_1_110' title='bbox 675 771 752 791; x_wconf 89' lang='lat' dir='ltr'><strong>mens</strong></span> <span class='ocrx_word' id='word_1_111' title='bbox 768 770 880 799; x_wconf 79' lang='lat' dir='ltr'><strong>purgata</strong></span> <span class='ocrx_word' id='word_1_112' title='bbox 895 773 903 798; x_wconf 88' lang='lat'><strong>;</strong></span> <span class='ocrx_word' id='word_1_113' title='bbox 919 771 969 793; x_wconf 73' lang='lat' dir='ltr'><strong>au-i</strong></span> 
     </span>
    </p>
   </div>
   <div class='ocr_carea' id='block_1_19' title="bbox 187 809 968 849">
    <p class='ocr_par' dir='ltr' id='par_1_19' title="bbox 187 809 968 849">
     <span class='ocr_line' id='line_1_19' title="bbox 187 809 968 849; baseline 0.004 -15"><span class='ocrx_word' id='word_1_114' title='bbox 187 816 250 835; x_wconf 87' lang='lat' dir='ltr'><strong>reus</strong></span> <span class='ocrx_word' id='word_1_115' title='bbox 262 809 370 835; x_wconf 85' lang='lat' dir='ltr'><strong>animus</strong></span> <span class='ocrx_word' id='word_1_116' title='bbox 387 816 394 841; x_wconf 87' lang='lat'><strong>;</strong></span> <span class='ocrx_word' id='word_1_117' title='bbox 414 809 579 844; x_wconf 70' lang='lat' dir='ltr'><strong>pmnitentim</strong></span> <span class='ocrx_word' id='word_1_118' title='bbox 593 809 676 844; x_wconf 87' lang='lat' dir='ltr'><strong>janna</strong></span> <span class='ocrx_word' id='word_1_119' title='bbox 692 809 774 842; x_wconf 85' lang='lat' dir='ltr'><strong>;l&#39;ons</strong></span> <span class='ocrx_word' id='word_1_120' title='bbox 791 811 968 849; x_wconf 22' lang='lat' dir='ltr'><strong>dogmatum‘,</strong></span> 
     </span>
    </p>
   </div>
   <div class='ocr_carea' id='block_1_20' title="bbox 186 843 1008 892">
    <p class='ocr_par' dir='ltr' id='par_1_20' title="bbox 186 843 1008 892">
     <span class='ocr_line' id='line_1_20' title="bbox 186 843 1008 892; baseline 0.004 -11"><span class='ocrx_word' id='word_1_121' title='bbox 186 854 256 881; x_wconf 87' lang='lat' dir='ltr'><strong>bene</strong></span> <span class='ocrx_word' id='word_1_122' title='bbox 277 854 413 882; x_wconf 87' lang='lat' dir='ltr'><strong>modulata</strong></span> <span class='ocrx_word' id='word_1_123' title='bbox 434 853 552 889; x_wconf 88' lang='lat' dir='ltr'><strong>Spiritus</strong></span> <span class='ocrx_word' id='word_1_124' title='bbox 572 843 628 890; x_wconf 82' lang='lat' dir='ltr'><strong>lyra</strong></span> <span class='ocrx_word' id='word_1_125' title='bbox 649 864 656 889; x_wconf 89' lang='lat'>;</span> <span class='ocrx_word' id='word_1_126' title='bbox 676 856 761 883; x_wconf 74' lang='lat' dir='ltr'><strong>beata:</strong></span> <span class='ocrx_word' id='word_1_127' title='bbox 784 863 815 884; x_wconf 86' lang='lat' dir='ltr'><strong>ac</strong></span> <span class='ocrx_word' id='word_1_128' title='bbox 826 843 970 892; x_wconf 45' lang='lat' dir='ltr'><strong>‘principis</strong></span> <span class='ocrx_word' id='word_1_129' title='bbox 985 843 1008 872; x_wconf 68' lang='grc' dir='ltr'><strong>Β</strong></span> 
     </span>
    </p>
   </div>
   <div class='ocr_carea' id='block_1_21' title="bbox 183 899 971 930">
    <p class='ocr_par' dir='ltr' id='par_1_21' title="bbox 183 899 971 930">
     <span class='ocr_line' id='line_1_21' title="bbox 183 899 971 930; baseline 0.005 -4"><span class='ocrx_word' id='word_1_130' title='bbox 183 899 329 928; x_wconf 81' lang='lat' dir='ltr'><strong>Trinitatis</strong></span> <span class='ocrx_word' id='word_1_131' title='bbox 345 901 513 928; x_wconf 88' lang='lat' dir='ltr'><strong>domicilium</strong></span> <span class='ocrx_word' id='word_1_132' title='bbox 527 900 662 928; x_wconf 74' lang='lat' dir='ltr'><strong>Cmterum</strong></span> <span class='ocrx_word' id='word_1_133' title='bbox 680 902 767 929; x_wconf 86' lang='lat' dir='ltr'><strong>dicam</strong></span> <span class='ocrx_word' id='word_1_134' title='bbox 780 903 877 930; x_wconf 81' lang='lat' dir='ltr'><strong>iterum</strong></span> <span class='ocrx_word' id='word_1_135' title='bbox 891 911 898 930; x_wconf 90' lang='lat'>:</span> <span class='ocrx_word' id='word_1_136' title='bbox 917 911 971 930; x_wconf 92' lang='lat' dir='ltr'><strong>non</strong></span> 
     </span>
    </p>
   </div>
   <div class='ocr_carea' id='block_1_22' title="bbox 187 946 972 981">
    <p class='ocr_par' dir='ltr' id='par_1_22' title="bbox 187 946 972 981">
     <span class='ocr_line' id='line_1_22' title="bbox 187 946 972 981; baseline 0.005 -9"><span class='ocrx_word' id='word_1_137' title='bbox 187 950 215 972; x_wconf 91' lang='lat' dir='ltr'><strong>ut</strong></span> <span class='ocrx_word' id='word_1_138' title='bbox 231 946 447 974; x_wconf 80' lang='lat' dir='ltr'><strong>oortsolationem</strong></span> <span class='ocrx_word' id='word_1_139' title='bbox 465 946 606 974; x_wconf 88' lang='lat' dir='ltr'><strong>adhibeam</strong></span> <span class='ocrx_word' id='word_1_140' title='bbox 620 956 627 981; x_wconf 87' lang='lat'><strong>;</strong></span> <span class='ocrx_word' id='word_1_141' title='bbox 641 946 708 979; x_wconf 76' lang='lat' dir='ltr'><strong>Qtue</strong></span> <span class='ocrx_word' id='word_1_142' title='bbox 721 948 792 975; x_wconf 85' lang='lat' dir='ltr'><strong>enim</strong></span> <span class='ocrx_word' id='word_1_143' title='bbox 810 949 897 976; x_wconf 85' lang='lat' dir='ltr'><strong>oratio</strong></span> <span class='ocrx_word' id='word_1_144' title='bbox 911 955 972 976; x_wconf 86' lang='lat' dir='ltr'><strong>tan-</strong></span> 
     </span>
    </p>
   </div>
   <div class='ocr_carea' id='block_1_23' title="bbox 187 991 971 1027">
    <p class='ocr_par' dir='ltr' id='par_1_23' title="bbox 187 991 971 1027">
     <span class='ocr_line' id='line_1_23' title="bbox 187 991 971 1027; baseline 0.004 -9"><span class='ocrx_word' id='word_1_145' title='bbox 187 995 221 1018; x_wconf 71' lang='lat' dir='ltr'><strong>tae</strong></span> <span class='ocrx_word' id='word_1_146' title='bbox 236 991 300 1019; x_wconf 87' lang='lat' dir='ltr'><strong>huic</strong></span> <span class='ocrx_word' id='word_1_147' title='bbox 314 992 464 1019; x_wconf 80' lang='lat' dir='ltr'><strong>calamitati</strong></span> <span class='ocrx_word' id='word_1_148' title='bbox 485 992 588 1020; x_wconf 91' lang='lat' dir='ltr'><strong>mederi</strong></span> <span class='ocrx_word' id='word_1_149' title='bbox 606 993 693 1027; x_wconf 90' lang='lat' dir='ltr'><strong>possit</strong></span> <span class='ocrx_word' id='word_1_150' title='bbox 703 993 715 1019; x_wconf 69' lang='grc' dir='ltr'><em>ἲ</em></span> <span class='ocrx_word' id='word_1_151' title='bbox 725 993 771 1020; x_wconf 90' lang='lat' dir='ltr'><strong>sed</strong></span> <span class='ocrx_word' id='word_1_152' title='bbox 788 998 817 1020; x_wconf 96' lang='lat' dir='ltr'><strong>ut</strong></span> <span class='ocrx_word' id='word_1_153' title='bbox 831 1002 895 1021; x_wconf 87' lang='lat' dir='ltr'><strong>voce</strong></span> <span class='ocrx_word' id='word_1_154' title='bbox 909 994 971 1027; x_wconf 84' lang='lat' dir='ltr'><strong>hac,</strong></span> 
     </span>
    </p>
   </div>
   <div class='ocr_carea' id='block_1_24' title="bbox 189 1037 971 1074">
    <p class='ocr_par' dir='ltr' id='par_1_24' title="bbox 189 1037 971 1074">
     <span class='ocr_line' id='line_1_24' title="bbox 189 1037 971 1074; baseline 0.004 -10"><span class='ocrx_word' id='word_1_155' title='bbox 189 1037 313 1065; x_wconf 87' lang='lat' dir='ltr'><strong>dolorem</strong></span> <span class='ocrx_word' id='word_1_156' title='bbox 329 1038 403 1064; x_wconf 86' lang='lat' dir='ltr'><strong>omni</strong></span> <span class='ocrx_word' id='word_1_157' title='bbox 418 1042 493 1073; x_wconf 84' lang='lat' dir='ltr'><strong>parte</strong></span> <span class='ocrx_word' id='word_1_158' title='bbox 504 1038 733 1073; x_wconf 70' lang='lat' dir='ltr'><strong>constt-ingentem</strong></span> <span class='ocrx_word' id='word_1_159' title='bbox 745 1046 802 1071; x_wconf 93' lang='lat' dir='ltr'><strong>cor,</strong></span> <span class='ocrx_word' id='word_1_160' title='bbox 818 1039 949 1074; x_wconf 83' lang='lat' dir='ltr'><strong>explicem</strong></span> <span class='ocrx_word' id='word_1_161' title='bbox 964 1049 971 1067; x_wconf 86' lang='lat'><strong>:</strong></span> 
     </span>
    </p>
   </div>
   <div class='ocr_carea' id='block_1_25' title="bbox 187 1083 973 1118">
    <p class='ocr_par' dir='ltr' id='par_1_25' title="bbox 187 1083 973 1118">
     <span class='ocr_line' id='line_1_25' title="bbox 187 1083 973 1118; baseline 0.004 -9"><span class='ocrx_word' id='word_1_162' title='bbox 187 1083 290 1118; x_wconf 79' lang='lat' dir='ltr'><strong>accepit</strong></span> <span class='ocrx_word' id='word_1_163' title='bbox 314 1083 503 1111; x_wconf 90' lang='lat' dir='ltr'><strong>dormitionem</strong></span> <span class='ocrx_word' id='word_1_164' title='bbox 532 1084 686 1111; x_wconf 88' lang='lat' dir='ltr'><strong>communis</strong></span> <span class='ocrx_word' id='word_1_165' title='bbox 698 1083 806 1117; x_wconf 86' lang='lat' dir='ltr'><strong>Pater;</strong></span> <span class='ocrx_word' id='word_1_166' title='bbox 837 1086 973 1113; x_wconf 86' lang='lat' dir='ltr'><strong>terrestris</strong></span> 
     </span>
    </p>
   </div>
   <div class='ocr_carea' id='block_1_26' title="bbox 188 1128 974 1164">
    <p class='ocr_par' dir='ltr' id='par_1_26' title="bbox 188 1128 974 1164">
     <span class='ocr_line' id='line_1_26' title="bbox 188 1128 974 1164; baseline 0.004 -9"><span class='ocrx_word' id='word_1_167' title='bbox 188 1128 233 1156; x_wconf 85' lang='lat' dir='ltr'><strong>ille</strong></span> <span class='ocrx_word' id='word_1_168' title='bbox 244 1129 368 1164; x_wconf 75' lang='lat' dir='ltr'><strong>angelus,</strong></span> <span class='ocrx_word' id='word_1_169' title='bbox 382 1134 409 1157; x_wconf 90' lang='lat' dir='ltr'><strong>et</strong></span> <span class='ocrx_word' id='word_1_170' title='bbox 423 1129 504 1157; x_wconf 87' lang='lat' dir='ltr'><strong>homo</strong></span> <span class='ocrx_word' id='word_1_171' title='bbox 516 1129 634 1158; x_wconf 64' lang='lat' dir='ltr'><strong>caelestis</strong></span> <span class='ocrx_word' id='word_1_172' title='bbox 652 1139 660 1162; x_wconf 89' lang='lat'><strong>;</strong></span> <span class='ocrx_word' id='word_1_173' title='bbox 678 1131 888 1158; x_wconf 90' lang='lat' dir='ltr'><strong>mundissimum</strong></span> <span class='ocrx_word' id='word_1_174' title='bbox 907 1131 974 1158; x_wconf 90' lang='lat' dir='ltr'><strong>illud</strong></span> 
     </span>
    </p>
   </div>
   <div class='ocr_carea' id='block_1_27' title="bbox 189 1173 973 1211">
    <p class='ocr_par' dir='ltr' id='par_1_27' title="bbox 189 1173 973 1211">
     <span class='ocr_line' id='line_1_27' title="bbox 189 1173 973 1211; baseline 0.006 -11"><span class='ocrx_word' id='word_1_175' title='bbox 189 1173 353 1209; x_wconf 75' lang='lat' dir='ltr'><strong>virginitatis</strong></span> <span class='ocrx_word' id='word_1_176' title='bbox 364 1175 492 1210; x_wconf 91' lang='lat' dir='ltr'><strong>templum</strong></span> <span class='ocrx_word' id='word_1_177' title='bbox 508 1183 516 1209; x_wconf 89' lang='lat'><strong>;</strong></span> <span class='ocrx_word' id='word_1_178' title='bbox 533 1175 675 1210; x_wconf 83' lang='lat' dir='ltr'><strong>multiplex</strong></span> <span class='ocrx_word' id='word_1_179' title='bbox 690 1176 733 1203; x_wconf 92' lang='lat' dir='ltr'><strong>ille</strong></span> <span class='ocrx_word' id='word_1_180' title='bbox 749 1184 780 1203; x_wconf 91' lang='lat' dir='ltr'><strong>ac</strong></span> <span class='ocrx_word' id='word_1_181' title='bbox 788 1177 973 1211; x_wconf 80' lang='lat' dir='ltr'><strong>multiformis,</strong></span> 
     </span>
    </p>
   </div>
   <div class='ocr_carea' id='block_1_28' title="bbox 189 1220 974 1258">
    <p class='ocr_par' dir='ltr' id='par_1_28' title="bbox 189 1220 974 1258">
     <span class='ocr_line' id='line_1_28' title="bbox 189 1220 974 1258; baseline 0.005 -12"><span class='ocrx_word' id='word_1_182' title='bbox 189 1220 302 1247; x_wconf 89' lang='lat' dir='ltr'><strong>volubili</strong></span> <span class='ocrx_word' id='word_1_183' title='bbox 312 1221 444 1255; x_wconf 88' lang='lat' dir='ltr'><strong>sapientia</strong></span> <span class='ocrx_word' id='word_1_184' title='bbox 454 1221 592 1256; x_wconf 81' lang='lat' dir='ltr'><strong>Spiritus;</strong></span> <span class='ocrx_word' id='word_1_185' title='bbox 605 1222 805 1250; x_wconf 86' lang='lat' dir='ltr'><strong>intentissimus</strong></span> <span class='ocrx_word' id='word_1_186' title='bbox 818 1223 974 1258; x_wconf 84' lang='lat' dir='ltr'><strong>conjector;</strong></span> 
     </span>
    </p>
   </div>
   <div class='ocr_carea' id='block_1_29' title="bbox 191 1266 975 1303">
    <p class='ocr_par' dir='ltr' id='par_1_29' title="bbox 191 1266 975 1303">
     <span class='ocr_line' id='line_1_29' title="bbox 191 1266 975 1303; baseline 0.003 -10"><span class='ocrx_word' id='word_1_187' title='bbox 191 1273 272 1293; x_wconf 84' lang='lat' dir='ltr'><strong>verus</strong></span> <span class='ocrx_word' id='word_1_188' title='bbox 292 1266 392 1294; x_wconf 81' lang='lat' dir='ltr'><strong>Christi</strong></span> <span class='ocrx_word' id='word_1_189' title='bbox 416 1266 535 1296; x_wconf 82' lang='lat' dir='ltr'><strong>famulus</strong></span> <span class='ocrx_word' id='word_1_190' title='bbox 563 1276 570 1301; x_wconf 90' lang='lat'>;</span> <span class='ocrx_word' id='word_1_191' title='bbox 594 1268 717 1302; x_wconf 91' lang='lat' dir='ltr'><strong>corporis</strong></span> <span class='ocrx_word' id='word_1_192' title='bbox 737 1268 838 1296; x_wconf 88' lang='lat' dir='ltr'><strong>Christi</strong></span> <span class='ocrx_word' id='word_1_193' title='bbox 861 1269 975 1303; x_wconf 89' lang='lat' dir='ltr'><strong>pulchro</strong></span> 
     </span>
    </p>
   </div>
   <div class='ocr_carea' id='block_1_30' title="bbox 193 1312 976 1350">
    <p class='ocr_par' dir='ltr' id='par_1_30' title="bbox 193 1312 976 1350">
     <span class='ocr_line' id='line_1_30' title="bbox 193 1312 976 1350; baseline 0.005 -11"><span class='ocrx_word' id='word_1_194' title='bbox 193 1313 340 1347; x_wconf 79' lang='lat' dir='ltr'><strong>supercilio</strong></span> <span class='ocrx_word' id='word_1_195' title='bbox 368 1312 465 1340; x_wconf 90' lang='lat' dir='ltr'><strong>oculus</strong></span> <span class='ocrx_word' id='word_1_196' title='bbox 492 1321 502 1346; x_wconf 85' lang='lat'><strong>;</strong></span> <span class='ocrx_word' id='word_1_197' title='bbox 528 1314 663 1347; x_wconf 78' lang='lat' dir='ltr'><strong>patientiae</strong></span> <span class='ocrx_word' id='word_1_198' title='bbox 691 1315 776 1349; x_wconf 79' lang='lat' dir='ltr'><strong>pugil,</strong></span> <span class='ocrx_word' id='word_1_199' title='bbox 810 1315 976 1350; x_wconf 67' lang='lat' dir='ltr'><strong>hazresisque</strong></span> 
     </span>
    </p>
   </div>
   <div class='ocr_carea' id='block_1_31' title="bbox 192 1357 977 1394">
    <p class='ocr_par' dir='ltr' id='par_1_31' title="bbox 192 1357 977 1394">
     <span class='ocr_line' id='line_1_31' title="bbox 192 1357 977 1394; baseline 0.004 -9"><span class='ocrx_word' id='word_1_200' title='bbox 192 1357 436 1386; x_wconf 85' lang='lat' dir='ltr'><strong>lconomachorum</strong></span> <span class='ocrx_word' id='word_1_201' title='bbox 460 1360 546 1387; x_wconf 89' lang='lat' dir='ltr'><strong>victor</strong></span> <span class='ocrx_word' id='word_1_202' title='bbox 562 1369 569 1393; x_wconf 87' lang='lat'><strong>;</strong></span> <span class='ocrx_word' id='word_1_203' title='bbox 589 1360 702 1394; x_wconf 68' lang='lat' dir='ltr'><strong>justitiaa</strong></span> <span class='ocrx_word' id='word_1_204' title='bbox 723 1364 862 1387; x_wconf 85' lang='lat' dir='ltr'><strong>armatura</strong></span> <span class='ocrx_word' id='word_1_205' title='bbox 880 1369 887 1394; x_wconf 87' lang='lat'><strong>;</strong></span> <span class='ocrx_word' id='word_1_206' title='bbox 904 1361 977 1388; x_wconf 86' lang='lat' dir='ltr'><strong>elee-</strong></span> 
     </span>
    </p>
   </div>
   <div class='ocr_carea' id='block_1_32' title="bbox 191 1405 978 1441">
    <p class='ocr_par' dir='ltr' id='par_1_32' title="bbox 191 1405 978 1441">
     <span class='ocr_line' id='line_1_32' title="bbox 191 1405 978 1441; baseline 0.004 -10"><span class='ocrx_word' id='word_1_207' title='bbox 191 1412 312 1440; x_wconf 65' lang='lat' dir='ltr'><strong>mosynm</strong></span> <span class='ocrx_word' id='word_1_208' title='bbox 334 1405 395 1432; x_wconf 77' lang='lat' dir='ltr'><strong>lotis</strong></span> <span class='ocrx_word' id='word_1_209' title='bbox 410 1414 417 1439; x_wconf 86' lang='lat'><strong>;</strong></span> <span class='ocrx_word' id='word_1_210' title='bbox 433 1405 548 1439; x_wconf 77' lang='lat' dir='ltr'><strong>diligens</strong></span> <span class='ocrx_word' id='word_1_211' title='bbox 564 1405 671 1434; x_wconf 88' lang='lat' dir='ltr'><strong>Domini</strong></span> <span class='ocrx_word' id='word_1_212' title='bbox 685 1406 774 1441; x_wconf 75' lang='lat' dir='ltr'><strong>legum</strong></span> <span class='ocrx_word' id='word_1_213' title='bbox 791 1411 902 1440; x_wconf 89' lang='lat' dir='ltr'><strong>custos;</strong></span> <span class='ocrx_word' id='word_1_214' title='bbox 919 1407 978 1434; x_wconf 82' lang='lat' dir='ltr'><strong>the-</strong></span> 
     </span>
    </p>
   </div>
   <div class='ocr_carea' id='block_1_33' title="bbox 192 1450 978 1486">
    <p class='ocr_par' dir='ltr' id='par_1_33' title="bbox 192 1450 978 1486">
     <span class='ocr_line' id='line_1_33' title="bbox 192 1450 978 1486; baseline 0.004 -9"><span class='ocrx_word' id='word_1_215' title='bbox 192 1451 267 1478; x_wconf 68' lang='lat' dir='ltr'><strong>sauri</strong></span> <span class='ocrx_word' id='word_1_216' title='bbox 288 1450 420 1478; x_wconf 85' lang='lat' dir='ltr'><strong>virtutum</strong></span> <span class='ocrx_word' id='word_1_217' title='bbox 440 1459 510 1486; x_wconf 87' lang='lat' dir='ltr'><strong>penu</strong></span> <span class='ocrx_word' id='word_1_218' title='bbox 528 1460 535 1485; x_wconf 91' lang='lat'><strong>;</strong></span> <span class='ocrx_word' id='word_1_219' title='bbox 558 1452 644 1480; x_wconf 90' lang='lat' dir='ltr'><strong>dulcis</strong></span> <span class='ocrx_word' id='word_1_220' title='bbox 660 1460 795 1485; x_wconf 82' lang='lat' dir='ltr'><strong>sermone,</strong></span> <span class='ocrx_word' id='word_1_221' title='bbox 813 1457 840 1479; x_wconf 92' lang='lat' dir='ltr'><strong>et</strong></span> <span class='ocrx_word' id='word_1_222' title='bbox 855 1453 889 1480; x_wconf 87' lang='lat' dir='ltr'><strong>ad</strong></span> <span class='ocrx_word' id='word_1_223' title='bbox 906 1453 978 1480; x_wconf 88' lang='lat' dir='ltr'><strong>salu-</strong></span> 
     </span>
    </p>
   </div>
   <div class='ocr_carea' id='block_1_34' title="bbox 192 1496 978 1533">
    <p class='ocr_par' dir='ltr' id='par_1_34' title="bbox 192 1496 978 1533">
     <span class='ocr_line' id='line_1_34' title="bbox 192 1496 978 1533; baseline 0.003 -10"><span class='ocrx_word' id='word_1_224' title='bbox 192 1496 305 1524; x_wconf 90' lang='lat' dir='ltr'><strong>tandum</strong></span> <span class='ocrx_word' id='word_1_225' title='bbox 327 1497 473 1533; x_wconf 77' lang='lat' dir='ltr'><strong>lacilis(5).</strong></span> <span class='ocrx_word' id='word_1_226' title='bbox 493 1497 559 1531; x_wconf 88' lang='lat' dir='ltr'><strong>Quis</strong></span> <span class='ocrx_word' id='word_1_227' title='bbox 572 1506 647 1531; x_wconf 82' lang='lat' dir='ltr'><strong>vero,</strong></span> <span class='ocrx_word' id='word_1_228' title='bbox 669 1503 707 1526; x_wconf 90' lang='lat' dir='ltr'><strong>tot</strong></span> <span class='ocrx_word' id='word_1_229' title='bbox 722 1503 842 1526; x_wconf 76' lang='lat' dir='ltr'><strong>tantaSve</strong></span> <span class='ocrx_word' id='word_1_230' title='bbox 861 1499 978 1533; x_wconf 86' lang='lat' dir='ltr'><strong>appella-</strong></span> 
     </span>
    </p>
   </div>
   <div class='ocr_carea' id='block_1_35' title="bbox 194 1543 977 1579">
    <p class='ocr_par' dir='ltr' id='par_1_35' title="bbox 194 1543 977 1579">
     <span class='ocr_line' id='line_1_35' title="bbox 194 1543 977 1579; baseline 0.003 -10"><span class='ocrx_word' id='word_1_231' title='bbox 194 1543 283 1570; x_wconf 83' lang='lat' dir='ltr'><strong>tiones</strong></span> <span class='ocrx_word' id='word_1_232' title='bbox 302 1543 386 1578; x_wconf 79' lang='lat' dir='ltr'><strong>gratia</strong></span> <span class='ocrx_word' id='word_1_233' title='bbox 411 1550 568 1575; x_wconf 81' lang='lat' dir='ltr'><strong>concessas,</strong></span> <span class='ocrx_word' id='word_1_234' title='bbox 589 1544 623 1571; x_wconf 90' lang='lat' dir='ltr'><strong>ab</strong></span> <span class='ocrx_word' id='word_1_235' title='bbox 637 1544 696 1578; x_wconf 87' lang='lat' dir='ltr'><strong>ejus</strong></span> <span class='ocrx_word' id='word_1_236' title='bbox 711 1544 915 1579; x_wconf 83' lang='lat' dir='ltr'><strong>operationibus</strong></span> <span class='ocrx_word' id='word_1_237' title='bbox 930 1544 977 1579; x_wconf 87' lang='lat' dir='ltr'><strong>qui</strong></span> 
     </span>
    </p>
   </div>
   <div class='ocr_carea' id='block_1_36' title="bbox 193 1589 976 1623">
    <p class='ocr_par' dir='ltr' id='par_1_36' title="bbox 193 1589 976 1623">
     <span class='ocr_line' id='line_1_36' title="bbox 193 1589 976 1623; baseline 0.003 -8"><span class='ocrx_word' id='word_1_238' title='bbox 193 1589 341 1623; x_wconf 83' lang='lat' dir='ltr'><strong>apostolica</strong></span> <span class='ocrx_word' id='word_1_239' title='bbox 359 1589 502 1617; x_wconf 77' lang='lat' dir='ltr'><strong>ali‘ectione</strong></span> <span class='ocrx_word' id='word_1_240' title='bbox 516 1590 606 1617; x_wconf 83' lang='lat' dir='ltr'><strong>omnia</strong></span> <span class='ocrx_word' id='word_1_241' title='bbox 629 1590 757 1617; x_wconf 91' lang='lat' dir='ltr'><strong>omnibus</strong></span> <span class='ocrx_word' id='word_1_242' title='bbox 769 1590 881 1617; x_wconf 74' lang='lat' dir='ltr'><strong>ellectus</strong></span> <span class='ocrx_word' id='word_1_243' title='bbox 895 1594 976 1623; x_wconf 53' lang='lat' dir='ltr'><strong>esset,</strong></span> 
     </span>
    </p>
   </div>
   <div class='ocr_carea' id='block_1_37' title="bbox 193 1635 978 1670">
    <p class='ocr_par' dir='ltr' id='par_1_37' title="bbox 193 1635 978 1670">
     <span class='ocr_line' id='line_1_37' title="bbox 193 1635 978 1670; baseline 0.004 -10"><span class='ocrx_word' id='word_1_244' title='bbox 193 1635 318 1661; x_wconf 86' lang='lat' dir='ltr'><strong>oratione</strong></span> <span class='ocrx_word' id='word_1_245' title='bbox 343 1635 531 1670; x_wconf 79' lang='lat' dir='ltr'><strong>expresserit?</strong></span> <span class='ocrx_word' id='word_1_246' title='bbox 551 1635 573 1663; x_wconf 94' lang='lat'><strong>0</strong></span> <span class='ocrx_word' id='word_1_247' title='bbox 598 1635 835 1668; x_wconf 84' lang='lat' dir='ltr'><strong>desideratissimi,</strong></span> <span class='ocrx_word' id='word_1_248' title='bbox 854 1635 919 1670; x_wconf 88' lang='lat' dir='ltr'><strong>quid</strong></span> <span class='ocrx_word' id='word_1_249' title='bbox 944 1636 978 1663; x_wconf 88' lang='lat' dir='ltr'><strong>ad</strong></span> 
     </span>
    </p>
   </div>
   <div class='ocr_carea' id='block_1_38' title="bbox 193 1681 978 1714">
    <p class='ocr_par' dir='ltr' id='par_1_38' title="bbox 193 1681 978 1714">
     <span class='ocr_line' id='line_1_38' title="bbox 193 1681 978 1714; baseline 0 -5"><span class='ocrx_word' id='word_1_250' title='bbox 193 1689 244 1709; x_wconf 88' lang='lat' dir='ltr'><strong>nos</strong></span> <span class='ocrx_word' id='word_1_251' title='bbox 264 1681 385 1709; x_wconf 70' lang='lat' dir='ltr'><strong>lunnlles</strong></span> <span class='ocrx_word' id='word_1_252' title='bbox 411 1681 481 1708; x_wconf 83' lang='lat' dir='ltr'><strong>istud</strong></span> <span class='ocrx_word' id='word_1_253' title='bbox 502 1681 690 1708; x_wconf 85' lang='lat' dir='ltr'><strong>sacramenti?</strong></span> <span class='ocrx_word' id='word_1_254' title='bbox 719 1681 785 1714; x_wconf 64' lang='lat' dir='ltr'><strong>Quae</strong></span> <span class='ocrx_word' id='word_1_255' title='bbox 802 1688 866 1708; x_wconf 93' lang='lat' dir='ltr'><strong>vero</strong></span> <span class='ocrx_word' id='word_1_256' title='bbox 879 1689 978 1709; x_wconf 86' lang='lat' dir='ltr'><strong>arcana</strong></span> 
     </span>
    </p>
   </div>
   <div class='ocr_carea' id='block_1_39' title="bbox 195 1726 979 1763">
    <p class='ocr_par' dir='ltr' id='par_1_39' title="bbox 195 1726 979 1763">
     <span class='ocr_line' id='line_1_39' title="bbox 195 1726 979 1763; baseline 0 -9"><span class='ocrx_word' id='word_1_257' title='bbox 195 1727 241 1754; x_wconf 85' lang='lat' dir='ltr'><strong>Dei</strong></span> <span class='ocrx_word' id='word_1_258' title='bbox 261 1727 393 1763; x_wconf 88' lang='lat' dir='ltr'><strong>sapientia</strong></span> <span class='ocrx_word' id='word_1_259' title='bbox 406 1728 421 1754; x_wconf 73' lang='grc' dir='ltr'>τ</span> <span class='ocrx_word' id='word_1_260' title='bbox 436 1726 514 1754; x_wconf 82' lang='grc' dir='ltr'>Νυιιο</span> <span class='ocrx_word' id='word_1_261' title='bbox 530 1727 597 1754; x_wconf 90' lang='lat' dir='ltr'><strong>mihi</strong></span> <span class='ocrx_word' id='word_1_262' title='bbox 613 1727 737 1755; x_wconf 73' lang='lat' dir='ltr'><strong>Jeremia:</strong></span> <span class='ocrx_word' id='word_1_263' title='bbox 761 1727 886 1755; x_wconf 86' lang='lat' dir='ltr'><strong>lamentis</strong></span> <span class='ocrx_word' id='word_1_264' title='bbox 910 1735 979 1762; x_wconf 92' lang='lat' dir='ltr'><strong>opus</strong></span> 
     </span>
    </p>
   </div>
   <div class='ocr_carea' id='block_1_40' title="bbox 193 1773 979 1809">
    <p class='ocr_par' dir='ltr' id='par_1_40' title="bbox 193 1773 979 1809">
     <span class='ocr_line' id='line_1_40' title="bbox 193 1773 979 1809; baseline -0.001 -8"><span class='ocrx_word' id='word_1_265' title='bbox 193 1779 275 1806; x_wconf 79' lang='lat' dir='ltr'><strong>esset.</strong></span> <span class='ocrx_word' id='word_1_266' title='bbox 289 1782 321 1801; x_wconf 90' lang='lat' dir='ltr'><strong>ac</strong></span> <span class='ocrx_word' id='word_1_267' title='bbox 339 1774 361 1801; x_wconf 89' lang='lat' dir='ltr'><strong>si</strong></span> <span class='ocrx_word' id='word_1_268' title='bbox 375 1774 437 1809; x_wconf 89' lang='lat' dir='ltr'><strong>quis</strong></span> <span class='ocrx_word' id='word_1_269' title='bbox 449 1773 517 1801; x_wconf 85' lang='lat' dir='ltr'><strong>alius</strong></span> <span class='ocrx_word' id='word_1_270' title='bbox 537 1774 632 1801; x_wconf 88' lang='lat' dir='ltr'><strong>beatus</strong></span> <span class='ocrx_word' id='word_1_271' title='bbox 642 1774 686 1800; x_wconf 93' lang='lat' dir='ltr'><strong>vir</strong></span> <span class='ocrx_word' id='word_1_272' title='bbox 701 1779 878 1808; x_wconf 89' lang='lat' dir='ltr'><strong>sanctusque,</strong></span> <span class='ocrx_word' id='word_1_273' title='bbox 895 1781 979 1809; x_wconf 83' lang='lat' dir='ltr'><strong>gran-</strong></span> 
     </span>
    </p>
   </div>
   <div class='ocr_carea' id='block_1_41' title="bbox 193 1819 978 1855">
    <p class='ocr_par' dir='ltr' id='par_1_41' title="bbox 193 1819 978 1855">
     <span class='ocr_line' id='line_1_41' title="bbox 193 1819 978 1855; baseline -0.001 -8"><span class='ocrx_word' id='word_1_274' title='bbox 193 1821 253 1848; x_wconf 83' lang='lat' dir='ltr'><strong>dem</strong></span> <span class='ocrx_word' id='word_1_275' title='bbox 273 1820 392 1855; x_wconf 85' lang='lat' dir='ltr'><strong>aliquam</strong></span> <span class='ocrx_word' id='word_1_276' title='bbox 402 1819 584 1847; x_wconf 83' lang='lat' dir='ltr'><strong>calamitatem</strong></span> <span class='ocrx_word' id='word_1_277' title='bbox 606 1820 766 1854; x_wconf 89' lang='lat' dir='ltr'><strong>deploravit.</strong></span> <span class='ocrx_word' id='word_1_278' title='bbox 793 1819 901 1846; x_wconf 86' lang='lat' dir='ltr'><strong>Corruit</strong></span> <span class='ocrx_word' id='word_1_279' title='bbox 926 1820 978 1852; x_wconf 84' lang='lat' dir='ltr'><strong>vir,</strong></span> 
     </span>
    </p>
   </div>
   <div class='ocr_carea' id='block_1_42' title="bbox 194 1864 979 1900">
    <p class='ocr_par' dir='ltr' id='par_1_42' title="bbox 194 1864 979 1900">
     <span class='ocr_line' id='line_1_42' title="bbox 194 1864 979 1900; baseline -0.001 -9"><span class='ocrx_word' id='word_1_280' title='bbox 194 1865 274 1900; x_wconf 84' lang='lat' dir='ltr'><strong>plane</strong></span> <span class='ocrx_word' id='word_1_281' title='bbox 306 1865 433 1893; x_wconf 90' lang='lat' dir='ltr'><strong>columna</strong></span> <span class='ocrx_word' id='word_1_282' title='bbox 462 1869 489 1892; x_wconf 87' lang='lat' dir='ltr'><strong>et</strong></span> <span class='ocrx_word' id='word_1_283' title='bbox 520 1865 637 1892; x_wconf 81' lang='lat' dir='ltr'><strong>fulcrum</strong></span> <span class='ocrx_word' id='word_1_284' title='bbox 669 1865 799 1892; x_wconf 67' lang='lat' dir='ltr'><strong>Ecclesia:</strong></span> <span class='ocrx_word' id='word_1_285' title='bbox 826 1874 832 1891; x_wconf 94' lang='lat'>:</span> <span class='ocrx_word' id='word_1_286' title='bbox 863 1864 933 1896; x_wconf 86' lang='lat' dir='ltr'><strong>imo,</strong></span> <span class='ocrx_word' id='word_1_287' title='bbox 955 1865 979 1891; x_wconf 85' lang='lat' dir='ltr'><strong>is</strong></span> 
     </span>
    </p>
   </div>
   <div class='ocr_carea' id='block_1_43' title="bbox 195 1909 978 1946">
    <p class='ocr_par' dir='ltr' id='par_1_43' title="bbox 195 1909 978 1946">
     <span class='ocr_line' id='line_1_43' title="bbox 195 1909 978 1946; baseline -0.003 -8"><span class='ocrx_word' id='word_1_288' title='bbox 195 1911 303 1946; x_wconf 89' lang='lat' dir='ltr'><strong>quidem</strong></span> <span class='ocrx_word' id='word_1_289' title='bbox 325 1911 358 1938; x_wconf 91' lang='lat' dir='ltr'><strong>ad</strong></span> <span class='ocrx_word' id='word_1_290' title='bbox 373 1911 479 1938; x_wconf 82' lang='lat' dir='ltr'><strong>beatam</strong></span> <span class='ocrx_word' id='word_1_291' title='bbox 497 1911 582 1938; x_wconf 88' lang='lat' dir='ltr'><strong>elatus</strong></span> <span class='ocrx_word' id='word_1_292' title='bbox 595 1911 689 1943; x_wconf 92' lang='lat' dir='ltr'><strong>vitam,</strong></span> <span class='ocrx_word' id='word_1_293' title='bbox 703 1918 718 1937; x_wconf 87' lang='lat' dir='ltr'><strong>a</strong></span> <span class='ocrx_word' id='word_1_294' title='bbox 730 1910 810 1937; x_wconf 88' lang='lat' dir='ltr'><strong>nobis</strong></span> <span class='ocrx_word' id='word_1_295' title='bbox 825 1909 978 1937; x_wconf 85' lang='lat' dir='ltr'><strong>abscessit:</strong></span> 
     </span>
    </p>
   </div>
   <div class='ocr_carea' id='block_1_44' title="bbox 195 1956 978 1992">
    <p class='ocr_par' dir='ltr' id='par_1_44' title="bbox 195 1956 978 1992">
     <span class='ocr_line' id='line_1_44' title="bbox 195 1956 978 1992; baseline -0.001 -8"><span class='ocrx_word' id='word_1_296' title='bbox 195 1957 347 1992; x_wconf 88' lang='lat' dir='ltr'><strong>periculum</strong></span> <span class='ocrx_word' id='word_1_297' title='bbox 365 1963 428 1983; x_wconf 86' lang='lat' dir='ltr'><strong>vero</strong></span> <span class='ocrx_word' id='word_1_298' title='bbox 438 1960 489 1987; x_wconf 82' lang='lat' dir='ltr'><strong>est,</strong></span> <span class='ocrx_word' id='word_1_299' title='bbox 504 1964 538 1983; x_wconf 78' lang='lat' dir='ltr'><strong>ne</strong></span> <span class='ocrx_word' id='word_1_300' title='bbox 553 1961 629 1983; x_wconf 87' lang='lat' dir='ltr'><strong>tanto</strong></span> <span class='ocrx_word' id='word_1_301' title='bbox 639 1956 796 1983; x_wconf 88' lang='lat' dir='ltr'><strong>l&#39;ulcimento</strong></span> <span class='ocrx_word' id='word_1_302' title='bbox 813 1956 978 1989; x_wconf 88' lang='lat' dir='ltr'><strong>substracto,</strong></span> 
     </span>
    </p>
   </div>
   <div class='ocr_carea' id='block_1_45' title="bbox 197 2001 980 2036">
    <p class='ocr_par' dir='ltr' id='par_1_45' title="bbox 197 2001 980 2036">
     <span class='ocr_line' id='line_1_45' title="bbox 197 2001 980 2036; baseline 0 -7"><span class='ocrx_word' id='word_1_303' title='bbox 197 2007 326 2030; x_wconf 87' lang='lat' dir='ltr'><strong>corruant</strong></span> <span class='ocrx_word' id='word_1_304' title='bbox 358 2002 452 2036; x_wconf 79' lang='lat' dir='ltr'><strong>aliqui,</strong></span> <span class='ocrx_word' id='word_1_305' title='bbox 472 2001 616 2036; x_wconf 83' lang='lat' dir='ltr'><strong>palamque</strong></span> <span class='ocrx_word' id='word_1_306' title='bbox 632 2002 678 2028; x_wconf 91' lang='lat' dir='ltr'><strong>liat</strong></span> <span class='ocrx_word' id='word_1_307' title='bbox 690 2002 762 2036; x_wconf 85' lang='lat' dir='ltr'><strong>quod</strong></span> <span class='ocrx_word' id='word_1_308' title='bbox 779 2007 857 2036; x_wconf 89' lang='lat' dir='ltr'><strong>putre</strong></span> <span class='ocrx_word' id='word_1_309' title='bbox 885 2001 913 2028; x_wconf 92' lang='lat' dir='ltr'><strong>in</strong></span> <span class='ocrx_word' id='word_1_310' title='bbox 940 2002 980 2030; x_wconf 90' lang='lat' dir='ltr'><strong>eis</strong></span> 
     </span>
    </p>
   </div>
   <div class='ocr_carea' id='block_1_46' title="bbox 196 2048 982 2084">
    <p class='ocr_par' dir='ltr' id='par_1_46' title="bbox 196 2048 982 2084">
     <span class='ocr_line' id='line_1_46' title="bbox 196 2048 982 2084; baseline -0.003 -7"><span class='ocrx_word' id='word_1_311' title='bbox 196 2055 246 2077; x_wconf 79' lang='lat' dir='ltr'><strong>est.</strong></span> <span class='ocrx_word' id='word_1_312' title='bbox 259 2049 419 2077; x_wconf 89' lang='lat' dir='ltr'><strong>Obturatum</strong></span> <span class='ocrx_word' id='word_1_313' title='bbox 433 2053 476 2076; x_wconf 84' lang='lat' dir='ltr'><strong>est</strong></span> <span class='ocrx_word' id='word_1_314' title='bbox 491 2056 532 2080; x_wconf 87' lang='lat' dir='ltr'><strong>os,</strong></span> <span class='ocrx_word' id='word_1_315' title='bbox 547 2048 623 2081; x_wconf 82' lang='lat' dir='ltr'><strong>Quod</strong></span> <span class='ocrx_word' id='word_1_316' title='bbox 637 2049 665 2075; x_wconf 85' lang='lat' dir='ltr'><strong>in</strong></span> <span class='ocrx_word' id='word_1_317' title='bbox 677 2048 732 2084; x_wconf 80' lang='lat' dir='ltr'><strong>lege</strong></span> <span class='ocrx_word' id='word_1_318' title='bbox 743 2048 791 2075; x_wconf 81' lang='grc' dir='ltr'><strong>Ι)ρί</strong></span> <span class='ocrx_word' id='word_1_319' title='bbox 808 2049 982 2076; x_wconf 79' lang='lat' dir='ltr'><strong>meditaretur</strong></span> 
     </span>
    </p>
   </div>
   <div class='ocr_carea' id='block_1_47' title="bbox 196 2095 981 2130">
    <p class='ocr_par' dir='ltr' id='par_1_47' title="bbox 196 2095 981 2130">
     <span class='ocr_line' id='line_1_47' title="bbox 196 2095 981 2130; baseline 0 -8"><span class='ocrx_word' id='word_1_320' title='bbox 196 2096 238 2122; x_wconf 76' lang='lat' dir='ltr'><strong>die</strong></span> <span class='ocrx_word' id='word_1_321' title='bbox 259 2104 289 2122; x_wconf 84' lang='lat' dir='ltr'><strong>ac</strong></span> <span class='ocrx_word' id='word_1_322' title='bbox 321 2101 394 2122; x_wconf 83' lang='lat' dir='ltr'><strong>nocte</strong></span> <span class='ocrx_word' id='word_1_323' title='bbox 408 2095 428 2128; x_wconf 76' lang='grc'>³,</span> <span class='ocrx_word' id='word_1_324' title='bbox 445 2095 662 2130; x_wconf 70' lang='lat' dir='ltr'><strong>quodqncjustaa</strong></span> <span class='ocrx_word' id='word_1_325' title='bbox 693 2095 827 2122; x_wconf 84' lang='lat' dir='ltr'><strong>libertatis</strong></span> <span class='ocrx_word' id='word_1_326' title='bbox 851 2095 932 2122; x_wconf 86' lang='lat' dir='ltr'><strong>verba</strong></span> <span class='ocrx_word' id='word_1_327' title='bbox 948 2095 981 2122; x_wconf 90' lang='lat' dir='ltr'><strong>ad</strong></span> 
     </span>
    </p>
   </div>
   <div class='ocr_carea' id='block_1_48' title="bbox 195 2141 981 2176">
    <p class='ocr_par' dir='ltr' id='par_1_48' title="bbox 195 2141 981 2176">
     <span class='ocr_line' id='line_1_48' title="bbox 195 2141 981 2176; baseline 0 -7"><span class='ocrx_word' id='word_1_328' title='bbox 195 2141 401 2169; x_wconf 62' lang='lat' dir='ltr'><strong>aediﬁcationem</strong></span> <span class='ocrx_word' id='word_1_329' title='bbox 419 2142 575 2169; x_wconf 89' lang='lat' dir='ltr'><strong>scaluriret.</strong></span> <span class='ocrx_word' id='word_1_330' title='bbox 591 2142 789 2168; x_wconf 86' lang='lat' dir='ltr'><strong>Abscesserunt</strong></span> <span class='ocrx_word' id='word_1_331' title='bbox 806 2141 866 2176; x_wconf 86' lang='lat' dir='ltr'><strong>ejus</strong></span> <span class='ocrx_word' id='word_1_332' title='bbox 882 2141 981 2169; x_wconf 88' lang='lat' dir='ltr'><strong>mentis</strong></span> 
     </span>
    </p>
   </div>
   <div class='ocr_carea' id='block_1_49' title="bbox 1018 215 1804 252">
    <p class='ocr_par' dir='ltr' id='par_1_49' title="bbox 1018 215 1804 252">
     <span class='ocr_line' id='line_1_49' title="bbox 1018 215 1804 252; baseline -0.005 -8"><span class='ocrx_word' id='word_1_333' title='bbox 1018 218 1064 247; x_wconf 77' lang='grc' dir='ltr'>τοῦ</span> <span class='ocrx_word' id='word_1_334' title='bbox 1076 218 1193 251; x_wconf 73' lang='grc' dir='ltr'>Χριστοῦ</span> <span class='ocrx_word' id='word_1_335' title='bbox 1209 216 1326 252; x_wconf 80' lang='grc' dir='ltr'>ἀληθῶς,</span> <span class='ocrx_word' id='word_1_336' title='bbox 1340 216 1386 242; x_wconf 74' lang='grc' dir='ltr'>καὶ</span> <span class='ocrx_word' id='word_1_337' title='bbox 1403 215 1536 251; x_wconf 85' lang='grc' dir='ltr'>μαθητὴς,</span> <span class='ocrx_word' id='word_1_338' title='bbox 1554 216 1598 241; x_wconf 80' lang='grc' dir='ltr'>καὶ</span> <span class='ocrx_word' id='word_1_339' title='bbox 1614 215 1735 250; x_wconf 83' lang='grc' dir='ltr'>μιμητής</span> <span class='ocrx_word' id='word_1_340' title='bbox 1747 222 1754 230; x_wconf 88' lang='grc'>·</span> <span class='ocrx_word' id='word_1_341' title='bbox 1772 215 1804 241; x_wconf 78' lang='grc' dir='ltr'>τὸ</span> 
     </span>
    </p>
   </div>
   <div class='ocr_carea' id='block_1_50' title="bbox 1018 260 1803 298">
    <p class='ocr_par' dir='ltr' id='par_1_50' title="bbox 1018 260 1803 298">
     <span class='ocr_line' id='line_1_50' title="bbox 1018 260 1803 298; baseline -0.006 -8"><span class='ocrx_word' id='word_1_342' title='bbox 1018 264 1116 295; x_wconf 73' lang='grc' dir='ltr'>σκεῦος</span> <span class='ocrx_word' id='word_1_343' title='bbox 1136 263 1186 298; x_wconf 80' lang='grc' dir='ltr'>τῆς</span> <span class='ocrx_word' id='word_1_344' title='bbox 1206 262 1336 297; x_wconf 78' lang='grc' dir='ltr'>ὲκλογῆς’</span> <span class='ocrx_word' id='word_1_345' title='bbox 1353 261 1385 288; x_wconf 82' lang='grc' dir='ltr'><strong>τὺ</strong></span> <span class='ocrx_word' id='word_1_346' title='bbox 1402 261 1488 296; x_wconf 82' lang='grc' dir='ltr'><strong>στόμα</strong></span> <span class='ocrx_word' id='word_1_347' title='bbox 1508 260 1558 295; x_wconf 84' lang='grc' dir='ltr'>τῆς</span> <span class='ocrx_word' id='word_1_348' title='bbox 1577 260 1756 295; x_wconf 83' lang='grc' dir='ltr'>Ἐκκλησίας·</span> <span class='ocrx_word' id='word_1_349' title='bbox 1772 261 1803 286; x_wconf 71' lang='grc' dir='ltr'><strong>τὺ</strong></span> 
     </span>
    </p>
   </div>
   <div class='ocr_carea' id='block_1_51' title="bbox 1018 306 1803 344">
    <p class='ocr_par' dir='ltr' id='par_1_51' title="bbox 1018 306 1803 344">
     <span class='ocr_line' id='line_1_51' title="bbox 1018 306 1803 344; baseline -0.005 -8"><span class='ocrx_word' id='word_1_350' title='bbox 1018 310 1096 341; x_wconf 81' lang='grc' dir='ltr'><strong>κλέος</strong></span> <span class='ocrx_word' id='word_1_351' title='bbox 1117 309 1171 335; x_wconf 84' lang='grc' dir='ltr'><strong>τῶν</strong></span> <span class='ocrx_word' id='word_1_352' title='bbox 1194 309 1288 344; x_wconf 78' lang='grc' dir='ltr'>ἱερέων</span> <span class='ocrx_word' id='word_1_353' title='bbox 1299 307 1350 340; x_wconf 35' lang='grc' dir='ltr'>’,τὸ</span> <span class='ocrx_word' id='word_1_354' title='bbox 1369 308 1417 342; x_wconf 88' lang='grc' dir='ltr'>τῆς</span> <span class='ocrx_word' id='word_1_355' title='bbox 1432 308 1550 338; x_wconf 81' lang='grc' dir='ltr'>πίστεως</span> <span class='ocrx_word' id='word_1_356' title='bbox 1565 306 1678 341; x_wconf 76' lang='grc' dir='ltr'>ἔρεισμα</span> <span class='ocrx_word' id='word_1_357' title='bbox 1689 314 1696 322; x_wconf 72' lang='grc'><strong><em>⁸</em></strong></span> <span class='ocrx_word' id='word_1_358' title='bbox 1716 307 1731 333; x_wconf 88' lang='lat'><strong>6</strong></span> <span class='ocrx_word' id='word_1_359' title='bbox 1747 306 1803 332; x_wconf 77' lang='grc' dir='ltr'><strong>τῶν</strong></span> 
     </span>
    </p>
   </div>
   <div class='ocr_carea' id='block_1_52' title="bbox 1020 351 1803 391">
    <p class='ocr_par' dir='ltr' id='par_1_52' title="bbox 1020 351 1803 391">
     <span class='ocr_line' id='line_1_52' title="bbox 1020 351 1803 391; baseline -0.006 -9"><span class='ocrx_word' id='word_1_360' title='bbox 1020 354 1189 391; x_wconf 83' lang='grc' dir='ltr'>μοναζόντων</span> <span class='ocrx_word' id='word_1_361' title='bbox 1206 353 1295 380; x_wconf 84' lang='grc' dir='ltr'>κανών</span> <span class='ocrx_word' id='word_1_362' title='bbox 1307 360 1313 368; x_wconf 92' lang='grc'><strong>·</strong></span> <span class='ocrx_word' id='word_1_363' title='bbox 1335 353 1349 380; x_wconf 84' lang='lat'><strong>6</strong></span> <span class='ocrx_word' id='word_1_364' title='bbox 1366 351 1544 386; x_wconf 80' lang='grc' dir='ltr'>εὖαγγελικὺς</span> <span class='ocrx_word' id='word_1_365' title='bbox 1558 352 1676 386; x_wconf 86' lang='grc' dir='ltr'>ποιμήν·</span> <span class='ocrx_word' id='word_1_366' title='bbox 1693 352 1709 385; x_wconf 82' lang='grc' dir='ltr'>ἡ</span> <span class='ocrx_word' id='word_1_367' title='bbox 1734 352 1803 378; x_wconf 79' lang='grc' dir='ltr'><strong>ἁπο-</strong></span> 
     </span>
    </p>
   </div>
   <div class='ocr_carea' id='block_1_53' title="bbox 1020 399 1804 437">
    <p class='ocr_par' dir='ltr' id='par_1_53' title="bbox 1020 399 1804 437">
     <span class='ocr_line' id='line_1_53' title="bbox 1020 399 1804 437; baseline -0.004 -9"><span class='ocrx_word' id='word_1_368' title='bbox 1020 401 1129 436; x_wconf 85' lang='grc' dir='ltr'>στολικὴ</span> <span class='ocrx_word' id='word_1_369' title='bbox 1159 401 1271 437; x_wconf 81' lang='grc' dir='ltr'><strong>καρδία·</strong></span> <span class='ocrx_word' id='word_1_370' title='bbox 1298 400 1352 427; x_wconf 86' lang='grc' dir='ltr'>τῶν</span> <span class='ocrx_word' id='word_1_371' title='bbox 1378 400 1551 435; x_wconf 84' lang='grc' dir='ltr'>όμολογητῶν</span> <span class='ocrx_word' id='word_1_372' title='bbox 1574 401 1587 426; x_wconf 88' lang='lat'><strong>6</strong></span> <span class='ocrx_word' id='word_1_373' title='bbox 1608 399 1764 434; x_wconf 82' lang='grc' dir='ltr'>ἐξαίρετος·</span> <span class='ocrx_word' id='word_1_374' title='bbox 1789 400 1804 426; x_wconf 97' lang='lat'><strong>6</strong></span> 
     </span>
    </p>
   </div>
   <div class='ocr_carea' id='block_1_54' title="bbox 1019 445 1803 483">
    <p class='ocr_par' dir='ltr' id='par_1_54' title="bbox 1019 445 1803 483">
     <span class='ocr_line' id='line_1_54' title="bbox 1019 445 1803 483; baseline -0.005 -9"><span class='ocrx_word' id='word_1_375' title='bbox 1019 448 1210 483; x_wconf 63' lang='lat' dir='ltr'><strong>rrpoatpmmbc</strong></span> <span class='ocrx_word' id='word_1_376' title='bbox 1226 446 1344 482; x_wconf 83' lang='grc' dir='ltr'>μάρτυς·</span> <span class='ocrx_word' id='word_1_377' title='bbox 1357 445 1372 472; x_wconf 88' lang='lat'><strong>6</strong></span> <span class='ocrx_word' id='word_1_378' title='bbox 1389 446 1437 480; x_wconf 84' lang='grc' dir='ltr'>τῆς</span> <span class='ocrx_word' id='word_1_379' title='bbox 1449 445 1602 480; x_wconf 80' lang='grc' dir='ltr'>ὀρθοδοξίας</span> <span class='ocrx_word' id='word_1_380' title='bbox 1619 445 1693 480; x_wconf 82' lang='grc' dir='ltr'>ἣλιος</span> <span class='ocrx_word' id='word_1_381' title='bbox 1704 453 1711 460; x_wconf 73' lang='grc'><strong><em>⁸</em></strong></span> <span class='ocrx_word' id='word_1_382' title='bbox 1727 445 1741 470; x_wconf 88' lang='grc' dir='ltr'>ὁ</span> <span class='ocrx_word' id='word_1_383' title='bbox 1762 445 1803 471; x_wconf 78' lang='lat' dir='ltr'><strong>ot-</strong></span> 
     </span>
    </p>
   </div>
   <div class='ocr_carea' id='block_1_55' title="bbox 1019 490 1804 528">
    <p class='ocr_par' dir='ltr' id='par_1_55' title="bbox 1019 490 1804 528">
     <span class='ocr_line' id='line_1_55' title="bbox 1019 490 1804 528; baseline -0.005 -8"><span class='ocrx_word' id='word_1_384' title='bbox 1019 491 1180 528; x_wconf 81' lang='grc' dir='ltr'>κουμενικδς</span> <span class='ocrx_word' id='word_1_385' title='bbox 1195 491 1362 523; x_wconf 82' lang='grc' dir='ltr'>διδάσκαλος.</span> <span class='ocrx_word' id='word_1_386' title='bbox 1374 491 1439 523; x_wconf 77' lang='grc' dir='ltr'><strong>Καὶ,</strong></span> <span class='ocrx_word' id='word_1_387' title='bbox 1456 490 1478 516; x_wconf 83' lang='grc' dir='ltr'><strong>ὣ</strong></span> <span class='ocrx_word' id='word_1_388' title='bbox 1489 490 1536 517; x_wconf 75' lang='grc' dir='ltr'><strong>τοῦ</strong></span> <span class='ocrx_word' id='word_1_389' title='bbox 1548 490 1738 525; x_wconf 82' lang='grc' dir='ltr'>ἀκούσματοςῐ</span> <span class='ocrx_word' id='word_1_390' title='bbox 1755 499 1804 517; x_wconf 89' lang='grc' dir='ltr'>κε-</span> 
     </span>
    </p>
   </div>
   <div class='ocr_carea' id='block_1_56' title="bbox 1019 535 1804 573">
    <p class='ocr_par' dir='ltr' id='par_1_56' title="bbox 1019 535 1804 573">
     <span class='ocr_line' id='line_1_56' title="bbox 1019 535 1804 573; baseline -0.004 -9"><span class='ocrx_word' id='word_1_391' title='bbox 1019 538 1147 573; x_wconf 86' lang='grc' dir='ltr'>κοίμηται</span> <span class='ocrx_word' id='word_1_392' title='bbox 1166 538 1180 564; x_wconf 88' lang='lat'><strong>6</strong></span> <span class='ocrx_word' id='word_1_393' title='bbox 1204 536 1293 568; x_wconf 77' lang='grc' dir='ltr'>κοινὸς</span> <span class='ocrx_word' id='word_1_394' title='bbox 1310 536 1404 571; x_wconf 82' lang='grc' dir='ltr'>Πατὴρ</span> <span class='ocrx_word' id='word_1_395' title='bbox 1422 535 1499 571; x_wconf 81' lang='grc' dir='ltr'>ἡμῶν</span> <span class='ocrx_word' id='word_1_396' title='bbox 1514 536 1528 562; x_wconf 89' lang='lat'><strong>6</strong></span> <span class='ocrx_word' id='word_1_397' title='bbox 1545 535 1804 570; x_wconf 79' lang='grc' dir='ltr'>μεγαλοφωνότατος</span> 
     </span>
    </p>
   </div>
   <div class='ocr_carea' id='block_1_57' title="bbox 1019 583 1806 621">
    <p class='ocr_par' dir='ltr' id='par_1_57' title="bbox 1019 583 1806 621">
     <span class='ocr_line' id='line_1_57' title="bbox 1019 583 1806 621; baseline -0.005 -8"><span class='ocrx_word' id='word_1_398' title='bbox 1019 587 1068 621; x_wconf 88' lang='grc' dir='ltr'>τῆς</span> <span class='ocrx_word' id='word_1_399' title='bbox 1079 585 1207 619; x_wconf 75' lang='grc' dir='ltr'><strong>ἀληθείας</strong></span> <span class='ocrx_word' id='word_1_400' title='bbox 1221 584 1323 620; x_wconf 81' lang='grc' dir='ltr'>κῆρυξ·</span> <span class='ocrx_word' id='word_1_401' title='bbox 1338 584 1352 610; x_wconf 91' lang='lat'><strong>6</strong></span> <span class='ocrx_word' id='word_1_402' title='bbox 1364 584 1475 615; x_wconf 81' lang='grc' dir='ltr'>ἅένναος</span> <span class='ocrx_word' id='word_1_403' title='bbox 1489 584 1538 618; x_wconf 81' lang='grc' dir='ltr'>τῆς</span> <span class='ocrx_word' id='word_1_404' title='bbox 1553 583 1724 615; x_wconf 76' lang='grc' dir='ltr'><strong>διδασκαλίας</strong></span> <span class='ocrx_word' id='word_1_405' title='bbox 1738 583 1806 618; x_wconf 80' lang='grc' dir='ltr'>βρυ-</span> 
     </span>
    </p>
   </div>
   <div class='ocr_carea' id='block_1_58' title="bbox 1018 629 1807 668">
    <p class='ocr_par' dir='ltr' id='par_1_58' title="bbox 1018 629 1807 668">
     <span class='ocr_line' id='line_1_58' title="bbox 1018 629 1807 668; baseline -0.005 -8"><span class='ocrx_word' id='word_1_406' title='bbox 1018 633 1072 668; x_wconf 83' lang='grc' dir='ltr'>τήρ</span> <span class='ocrx_word' id='word_1_407' title='bbox 1081 639 1088 646; x_wconf 91' lang='grc'><strong>·</strong></span> <span class='ocrx_word' id='word_1_408' title='bbox 1105 632 1119 658; x_wconf 90' lang='lat'><strong>6</strong></span> <span class='ocrx_word' id='word_1_409' title='bbox 1130 631 1273 667; x_wconf 84' lang='grc' dir='ltr'>μυριόνους</span> <span class='ocrx_word' id='word_1_410' title='bbox 1283 631 1316 667; x_wconf 82' lang='grc' dir='ltr'><strong>τῇ</strong></span> <span class='ocrx_word' id='word_1_411' title='bbox 1329 629 1469 664; x_wconf 83' lang='grc' dir='ltr'>θεοσκόπῳ</span> <span class='ocrx_word' id='word_1_412' title='bbox 1482 629 1643 665; x_wconf 73' lang='grc' dir='ltr'>κυϐερνήσει</span> <span class='ocrx_word' id='word_1_413' title='bbox 1653 638 1660 645; x_wconf 89' lang='grc'>·</span> <span class='ocrx_word' id='word_1_414' title='bbox 1671 630 1685 656; x_wconf 90' lang='lat'><strong>6</strong></span> <span class='ocrx_word' id='word_1_415' title='bbox 1701 630 1807 664; x_wconf 78' lang='grc' dir='ltr'>Θαυμα-</span> 
     </span>
    </p>
   </div>
   <div class='ocr_carea' id='block_1_59' title="bbox 1021 674 1805 713">
    <p class='ocr_par' dir='ltr' id='par_1_59' title="bbox 1021 674 1805 713">
     <span class='ocr_line' id='line_1_59' title="bbox 1021 674 1805 713; baseline -0.004 -9"><span class='ocrx_word' id='word_1_416' title='bbox 1021 679 1082 709; x_wconf 80' lang='grc' dir='ltr'>στὸς</span> <span class='ocrx_word' id='word_1_417' title='bbox 1099 677 1264 713; x_wconf 81' lang='grc' dir='ltr'>βουληφόρος</span> <span class='ocrx_word' id='word_1_418' title='bbox 1274 685 1282 692; x_wconf 88' lang='grc'>·</span> <span class='ocrx_word' id='word_1_419' title='bbox 1297 677 1311 703; x_wconf 82' lang='grc' dir='ltr'>ὁ</span> <span class='ocrx_word' id='word_1_420' title='bbox 1324 675 1421 707; x_wconf 76' lang='grc' dir='ltr'>πιστὸς</span> <span class='ocrx_word' id='word_1_421' title='bbox 1435 675 1576 710; x_wconf 70' lang='grc' dir='ltr'><strong>οἰκονόμος</strong></span> <span class='ocrx_word' id='word_1_422' title='bbox 1591 675 1646 703; x_wconf 72' lang='grc' dir='ltr'>τῶν</span> <span class='ocrx_word' id='word_1_423' title='bbox 1666 675 1713 704; x_wconf 76' lang='grc' dir='ltr'>τοῦ</span> <span class='ocrx_word' id='word_1_424' title='bbox 1734 674 1805 702; x_wconf 80' lang='grc' dir='ltr'>Θεοῦ</span> 
     </span>
    </p>
   </div>
   <div class='ocr_carea' id='block_1_60' title="bbox 1022 721 1806 760">
    <p class='ocr_par' dir='ltr' id='par_1_60' title="bbox 1022 721 1806 760">
     <span class='ocr_line' id='line_1_60' title="bbox 1022 721 1806 760; baseline -0.005 -9"><span class='ocrx_word' id='word_1_425' title='bbox 1022 724 1177 760; x_wconf 85' lang='grc' dir='ltr'><strong>μυστηρίων</strong></span> <span class='ocrx_word' id='word_1_426' title='bbox 1189 725 1195 732; x_wconf 85' lang='grc'><strong><em>⁵</em></strong></span> <span class='ocrx_word' id='word_1_427' title='bbox 1215 723 1229 750; x_wconf 87' lang='lat'><strong>6</strong></span> <span class='ocrx_word' id='word_1_428' title='bbox 1241 722 1291 757; x_wconf 79' lang='grc' dir='ltr'>τῆς</span> <span class='ocrx_word' id='word_1_429' title='bbox 1305 721 1466 756; x_wconf 79' lang='grc' dir='ltr'><strong>ἐπουρανίου</strong></span> <span class='ocrx_word' id='word_1_430' title='bbox 1485 721 1664 756; x_wconf 66' lang='grc' dir='ltr'>Ἰερουσαλὴμ</span> <span class='ocrx_word' id='word_1_431' title='bbox 1681 721 1806 756; x_wconf 72' lang='grc' dir='ltr'>πολίτηςο</span> 
     </span>
    </p>
   </div>
   <div class='ocr_carea' id='block_1_61' title="bbox 1020 766 1809 804">
    <p class='ocr_par' dir='ltr' id='par_1_61' title="bbox 1020 766 1809 804">
     <span class='ocr_line' id='line_1_61' title="bbox 1020 766 1809 804; baseline -0.005 -8"><span class='ocrx_word' id='word_1_432' title='bbox 1020 771 1034 796; x_wconf 90' lang='lat'><strong>6</strong></span> <span class='ocrx_word' id='word_1_433' title='bbox 1048 768 1251 804; x_wconf 78' lang='grc' dir='ltr'><strong>κεκαθαρμένος</strong></span> <span class='ocrx_word' id='word_1_434' title='bbox 1277 767 1356 798; x_wconf 84' lang='grc' dir='ltr'>νοῦς·</span> <span class='ocrx_word' id='word_1_435' title='bbox 1375 768 1391 802; x_wconf 81' lang='grc' dir='ltr'>ἡ</span> <span class='ocrx_word' id='word_1_436' title='bbox 1418 767 1577 802; x_wconf 74' lang='grc' dir='ltr'><strong>χρυσοειδὴς</strong></span> <span class='ocrx_word' id='word_1_437' title='bbox 1600 767 1692 802; x_wconf 83' lang='grc' dir='ltr'>ψυχή·</span> <span class='ocrx_word' id='word_1_438' title='bbox 1717 768 1733 802; x_wconf 81' lang='grc' dir='ltr'><strong>ὴ</strong></span> <span class='ocrx_word' id='word_1_439' title='bbox 1756 766 1809 802; x_wconf 81' lang='grc' dir='ltr'>τῆς</span> 
     </span>
    </p>
   </div>
   <div class='ocr_carea' id='block_1_62' title="bbox 1023 812 1810 850">
    <p class='ocr_par' dir='ltr' id='par_1_62' title="bbox 1023 812 1810 850">
     <span class='ocr_line' id='line_1_62' title="bbox 1023 812 1810 850; baseline -0.004 -9"><span class='ocrx_word' id='word_1_440' title='bbox 1023 815 1165 850; x_wconf 78' lang='grc' dir='ltr'>μετανοίας</span> <span class='ocrx_word' id='word_1_441' title='bbox 1181 813 1266 849; x_wconf 86' lang='grc' dir='ltr'>θύρα’</span> <span class='ocrx_word' id='word_1_442' title='bbox 1291 813 1308 848; x_wconf 80' lang='grc' dir='ltr'><strong>ἡ</strong></span> <span class='ocrx_word' id='word_1_443' title='bbox 1325 813 1378 839; x_wconf 84' lang='grc' dir='ltr'>τῶν</span> <span class='ocrx_word' id='word_1_444' title='bbox 1399 813 1541 847; x_wconf 77' lang='grc' dir='ltr'>δογμάτων</span> <span class='ocrx_word' id='word_1_445' title='bbox 1559 814 1635 848; x_wconf 86' lang='grc' dir='ltr'>πηγή</span> <span class='ocrx_word' id='word_1_446' title='bbox 1646 821 1654 828; x_wconf 88' lang='grc'><strong>·</strong></span> <span class='ocrx_word' id='word_1_447' title='bbox 1678 813 1694 848; x_wconf 85' lang='grc' dir='ltr'>ἡ</span> <span class='ocrx_word' id='word_1_448' title='bbox 1709 812 1810 847; x_wconf 75' lang='grc' dir='ltr'>εὖηχος</span> 
     </span>
    </p>
   </div>
   <div class='ocr_carea' id='block_1_63' title="bbox 1021 859 1810 894">
    <p class='ocr_par' dir='ltr' id='par_1_63' title="bbox 1021 859 1810 894">
     <span class='ocr_line' id='line_1_63' title="bbox 1021 859 1810 894; baseline -0.003 -7"><span class='ocrx_word' id='word_1_449' title='bbox 1021 860 1068 887; x_wconf 76' lang='grc' dir='ltr'><strong>τοῦ</strong></span> <span class='ocrx_word' id='word_1_450' title='bbox 1094 859 1254 894; x_wconf 86' lang='grc' dir='ltr'>Πνεύματος</span> <span class='ocrx_word' id='word_1_451' title='bbox 1269 859 1353 894; x_wconf 79' lang='grc' dir='ltr'>λύρα·</span> <span class='ocrx_word' id='word_1_452' title='bbox 1374 860 1405 886; x_wconf 75' lang='grc' dir='ltr'><strong>τὸ</strong></span> <span class='ocrx_word' id='word_1_453' title='bbox 1422 859 1582 894; x_wconf 72' lang='grc' dir='ltr'>ἐνδιαίτημα</span> <span class='ocrx_word' id='word_1_454' title='bbox 1601 859 1652 893; x_wconf 83' lang='grc' dir='ltr'>τῆς</span> <span class='ocrx_word' id='word_1_455' title='bbox 1669 859 1810 894; x_wconf 77' lang='grc' dir='ltr'>μακαρίας</span> 
     </span>
    </p>
   </div>
   <div class='ocr_carea' id='block_1_64' title="bbox 1022 904 1811 941">
    <p class='ocr_par' dir='ltr' id='par_1_64' title="bbox 1022 904 1811 941">
     <span class='ocr_line' id='line_1_64' title="bbox 1022 904 1811 941; baseline -0.003 -8"><span class='ocrx_word' id='word_1_456' title='bbox 1022 906 1069 933; x_wconf 79' lang='grc' dir='ltr'>καὶ</span> <span class='ocrx_word' id='word_1_457' title='bbox 1091 905 1209 941; x_wconf 84' lang='grc' dir='ltr'>ἀρχικῆς</span> <span class='ocrx_word' id='word_1_458' title='bbox 1229 905 1356 940; x_wconf 83' lang='grc' dir='ltr'>Τριάδος.</span> <span class='ocrx_word' id='word_1_459' title='bbox 1372 905 1427 932; x_wconf 86' lang='grc' dir='ltr'>Καί</span> <span class='ocrx_word' id='word_1_460' title='bbox 1448 914 1480 940; x_wconf 89' lang='grc' dir='ltr'><strong>γε</strong></span> <span class='ocrx_word' id='word_1_461' title='bbox 1498 904 1575 936; x_wconf 81' lang='grc' dir='ltr'>αὖθις</span> <span class='ocrx_word' id='word_1_462' title='bbox 1590 905 1656 940; x_wconf 68' lang='grc' dir='ltr'><strong>ἐρῶ,</strong></span> <span class='ocrx_word' id='word_1_463' title='bbox 1672 905 1702 931; x_wconf 74' lang='grc' dir='ltr'>οὔ</span> <span class='ocrx_word' id='word_1_464' title='bbox 1719 913 1811 940; x_wconf 82' lang='grc' dir='ltr'>παρα-</span> 
     </span>
    </p>
   </div>
   <div class='ocr_carea' id='block_1_65' title="bbox 1022 949 1811 986">
    <p class='ocr_par' dir='ltr' id='par_1_65' title="bbox 1022 949 1811 986">
     <span class='ocr_line' id='line_1_65' title="bbox 1022 949 1811 986; baseline -0.001 -9"><span class='ocrx_word' id='word_1_465' title='bbox 1022 951 1143 986; x_wconf 82' lang='grc' dir='ltr'>κλήσεως</span> <span class='ocrx_word' id='word_1_466' title='bbox 1162 951 1256 977; x_wconf 72' lang='grc' dir='ltr'>ἕνεκα·</span> <span class='ocrx_word' id='word_1_467' title='bbox 1283 952 1326 981; x_wconf 86' lang='grc' dir='ltr'><strong>τίς</strong></span> <span class='ocrx_word' id='word_1_468' title='bbox 1349 951 1403 986; x_wconf 72' lang='grc' dir='ltr'><strong>γὰρ</strong></span> <span class='ocrx_word' id='word_1_469' title='bbox 1426 951 1458 978; x_wconf 85' lang='grc' dir='ltr'>ἂν</span> <span class='ocrx_word' id='word_1_470' title='bbox 1481 951 1528 977; x_wconf 74' lang='grc' dir='ltr'>καὶ</span> <span class='ocrx_word' id='word_1_471' title='bbox 1551 951 1629 985; x_wconf 82' lang='grc' dir='ltr'>λόγος</span> <span class='ocrx_word' id='word_1_472' title='bbox 1651 949 1811 986; x_wconf 79' lang='grc' dir='ltr'>ὲξευρεθείη</span> 
     </span>
    </p>
   </div>
   <div class='ocr_carea' id='block_1_66' title="bbox 1022 996 1811 1032">
    <p class='ocr_par' dir='ltr' id='par_1_66' title="bbox 1022 996 1811 1032">
     <span class='ocr_line' id='line_1_66' title="bbox 1022 996 1811 1032; baseline -0.001 -9"><span class='ocrx_word' id='word_1_473' title='bbox 1022 998 1156 1032; x_wconf 85' lang='grc' dir='ltr'>τοσαύτης</span> <span class='ocrx_word' id='word_1_474' title='bbox 1180 998 1322 1032; x_wconf 77' lang='grc' dir='ltr'>συμφορᾶς</span> <span class='ocrx_word' id='word_1_475' title='bbox 1348 997 1458 1031; x_wconf 81' lang='grc' dir='ltr'>ίατρός;</span> <span class='ocrx_word' id='word_1_476' title='bbox 1482 997 1550 1024; x_wconf 72' lang='grc' dir='ltr'>ἀλλὰ</span> <span class='ocrx_word' id='word_1_477' title='bbox 1569 997 1620 1032; x_wconf 80' lang='grc' dir='ltr'><strong>τὴν</strong></span> <span class='ocrx_word' id='word_1_478' title='bbox 1636 996 1811 1032; x_wconf 83' lang='grc' dir='ltr'>περιοδυνίαν</span> 
     </span>
    </p>
   </div>
   <div class='ocr_carea' id='block_1_67' title="bbox 1022 1041 1813 1078">
    <p class='ocr_par' dir='ltr' id='par_1_67' title="bbox 1022 1041 1813 1078">
     <span class='ocr_line' id='line_1_67' title="bbox 1022 1041 1813 1078; baseline -0.003 -9"><span class='ocrx_word' id='word_1_479' title='bbox 1022 1044 1072 1078; x_wconf 83' lang='grc' dir='ltr'>τῆς</span> <span class='ocrx_word' id='word_1_480' title='bbox 1095 1044 1225 1078; x_wconf 86' lang='grc' dir='ltr'>ταπεινῆς</span> <span class='ocrx_word' id='word_1_481' title='bbox 1243 1043 1322 1078; x_wconf 83' lang='grc' dir='ltr'>ἡμῶν</span> <span class='ocrx_word' id='word_1_482' title='bbox 1338 1043 1462 1078; x_wconf 81' lang='grc' dir='ltr'>καρδίας,</span> <span class='ocrx_word' id='word_1_483' title='bbox 1479 1043 1511 1069; x_wconf 82' lang='grc' dir='ltr'>ἐκ</span> <span class='ocrx_word' id='word_1_484' title='bbox 1530 1043 1580 1078; x_wconf 78' lang='grc' dir='ltr'>τῆς</span> <span class='ocrx_word' id='word_1_485' title='bbox 1600 1042 1693 1077; x_wconf 81' lang='grc' dir='ltr'>φωνῆς</span> <span class='ocrx_word' id='word_1_486' title='bbox 1708 1041 1813 1076; x_wconf 79' lang='grc' dir='ltr'>ταύτης</span> 
     </span>
    </p>
   </div>
   <div class='ocr_carea' id='block_1_68' title="bbox 1024 1087 1813 1124">
    <p class='ocr_par' dir='ltr' id='par_1_68' title="bbox 1024 1087 1813 1124">
     <span class='ocr_line' id='line_1_68' title="bbox 1024 1087 1813 1124; baseline -0.004 -8"><span class='ocrx_word' id='word_1_487' title='bbox 1024 1089 1088 1124; x_wconf 81' lang='grc' dir='ltr'>ὑμῖν</span> <span class='ocrx_word' id='word_1_488' title='bbox 1111 1089 1351 1124; x_wconf 80' lang='grc' dir='ltr'>διασημαίνοντες”</span> <span class='ocrx_word' id='word_1_489' title='bbox 1376 1088 1541 1123; x_wconf 81' lang='grc' dir='ltr'>κεκοίμηται</span> <span class='ocrx_word' id='word_1_490' title='bbox 1563 1089 1577 1115; x_wconf 92' lang='lat'><strong>6</strong></span> <span class='ocrx_word' id='word_1_491' title='bbox 1597 1088 1685 1119; x_wconf 76' lang='grc' dir='ltr'>κοινὸς</span> <span class='ocrx_word' id='word_1_492' title='bbox 1714 1087 1813 1122; x_wconf 74' lang='grc' dir='ltr'>Πατὴρ</span> 
     </span>
    </p>
   </div>
   <div class='ocr_carea' id='block_1_69' title="bbox 1023 1133 1814 1171">
    <p class='ocr_par' dir='ltr' id='par_1_69' title="bbox 1023 1133 1814 1171">
     <span class='ocr_line' id='line_1_69' title="bbox 1023 1133 1814 1171; baseline -0.005 -9"><span class='ocrx_word' id='word_1_493' title='bbox 1023 1135 1113 1171; x_wconf 75' lang='grc' dir='ltr'>ὴμῶν,</span> <span class='ocrx_word' id='word_1_494' title='bbox 1130 1136 1144 1162; x_wconf 88' lang='lat'><strong>6</strong></span> <span class='ocrx_word' id='word_1_495' title='bbox 1159 1135 1278 1169; x_wconf 76' lang='grc' dir='ltr'><strong>ἐπίγειος</strong></span> <span class='ocrx_word' id='word_1_496' title='bbox 1292 1134 1407 1169; x_wconf 77' lang='grc' dir='ltr'>ἄγγελος</span> <span class='ocrx_word' id='word_1_497' title='bbox 1420 1135 1467 1161; x_wconf 77' lang='grc' dir='ltr'><strong>καὶ</strong></span> <span class='ocrx_word' id='word_1_498' title='bbox 1479 1135 1605 1169; x_wconf 81' lang='grc' dir='ltr'>οὐράνιος</span> <span class='ocrx_word' id='word_1_499' title='bbox 1618 1133 1778 1168; x_wconf 78' lang='grc' dir='ltr'>ἄνθρωπος·</span> <span class='ocrx_word' id='word_1_500' title='bbox 1798 1133 1814 1158; x_wconf 88' lang='lat'><strong>6</strong></span> 
     </span>
    </p>
   </div>
   <div class='ocr_carea' id='block_1_70' title="bbox 1023 1177 1814 1217">
    <p class='ocr_par' dir='ltr' id='par_1_70' title="bbox 1023 1177 1814 1217">
     <span class='ocr_line' id='line_1_70' title="bbox 1023 1177 1814 1217; baseline -0.005 -9"><span class='ocrx_word' id='word_1_501' title='bbox 1023 1182 1073 1216; x_wconf 83' lang='grc' dir='ltr'>τῆς</span> <span class='ocrx_word' id='word_1_502' title='bbox 1092 1181 1241 1217; x_wconf 77' lang='grc' dir='ltr'>παρθενίας</span> <span class='ocrx_word' id='word_1_503' title='bbox 1268 1181 1330 1212; x_wconf 81' lang='grc' dir='ltr'>ναὸς</span> <span class='ocrx_word' id='word_1_504' title='bbox 1350 1180 1556 1215; x_wconf 81' lang='grc' dir='ltr'>καθαρώτατος’</span> <span class='ocrx_word' id='word_1_505' title='bbox 1571 1180 1585 1206; x_wconf 97' lang='lat'><strong>6</strong></span> <span class='ocrx_word' id='word_1_506' title='bbox 1603 1178 1749 1210; x_wconf 72' lang='grc' dir='ltr'>πολλοστὸς</span> <span class='ocrx_word' id='word_1_507' title='bbox 1765 1177 1814 1204; x_wconf 70' lang='grc' dir='ltr'>καὶ</span> 
     </span>
    </p>
   </div>
   <div class='ocr_carea' id='block_1_71' title="bbox 1024 1223 1816 1262">
    <p class='ocr_par' dir='ltr' id='par_1_71' title="bbox 1024 1223 1816 1262">
     <span class='ocr_line' id='line_1_71' title="bbox 1024 1223 1816 1262; baseline -0.006 -8"><span class='ocrx_word' id='word_1_508' title='bbox 1024 1227 1166 1262; x_wconf 83' lang='grc' dir='ltr'><strong>πολυειδὴς</strong></span> <span class='ocrx_word' id='word_1_509' title='bbox 1179 1227 1212 1262; x_wconf 83' lang='grc' dir='ltr'>τῇ</span> <span class='ocrx_word' id='word_1_510' title='bbox 1228 1226 1443 1261; x_wconf 70' lang='grc' dir='ltr'>ποικιλοστρόφῳ</span> <span class='ocrx_word' id='word_1_511' title='bbox 1456 1225 1536 1261; x_wconf 81' lang='grc' dir='ltr'>σοφίᾳ</span> <span class='ocrx_word' id='word_1_512' title='bbox 1551 1224 1597 1251; x_wconf 84' lang='grc' dir='ltr'>τοῦ</span> <span class='ocrx_word' id='word_1_513' title='bbox 1610 1223 1783 1259; x_wconf 86' lang='grc' dir='ltr'>Πνεύματος·</span> <span class='ocrx_word' id='word_1_514' title='bbox 1799 1223 1816 1250; x_wconf 89' lang='lat'><strong>6</strong></span> 
     </span>
    </p>
   </div>
   <div class='ocr_carea' id='block_1_72' title="bbox 1025 1268 1814 1306">
    <p class='ocr_par' dir='ltr' id='par_1_72' title="bbox 1025 1268 1814 1306">
     <span class='ocr_line' id='line_1_72' title="bbox 1025 1268 1814 1306; baseline -0.004 -9"><span class='ocrx_word' id='word_1_515' title='bbox 1025 1271 1222 1306; x_wconf 81' lang='grc' dir='ltr'>ὲπιτεταμένος</span> <span class='ocrx_word' id='word_1_516' title='bbox 1239 1271 1390 1306; x_wconf 81' lang='grc' dir='ltr'>στοχαστής</span> <span class='ocrx_word' id='word_1_517' title='bbox 1400 1279 1407 1286; x_wconf 93' lang='grc'><strong>·</strong></span> <span class='ocrx_word' id='word_1_518' title='bbox 1423 1271 1438 1297; x_wconf 91' lang='lat'><strong>6</strong></span> <span class='ocrx_word' id='word_1_519' title='bbox 1451 1270 1562 1305; x_wconf 78' lang='grc' dir='ltr'>γνήσιος</span> <span class='ocrx_word' id='word_1_520' title='bbox 1577 1268 1694 1296; x_wconf 81' lang='grc' dir='ltr'>Χσιστοῦ</span> <span class='ocrx_word' id='word_1_521' title='bbox 1707 1268 1814 1304; x_wconf 78' lang='grc' dir='ltr'>ὑπηρέ-</span> 
     </span>
    </p>
   </div>
   <div class='ocr_carea' id='block_1_73' title="bbox 1024 1312 1815 1352">
    <p class='ocr_par' dir='ltr' id='par_1_73' title="bbox 1024 1312 1815 1352">
     <span class='ocr_line' id='line_1_73' title="bbox 1024 1312 1815 1352; baseline -0.005 -9"><span class='ocrx_word' id='word_1_522' title='bbox 1024 1325 1074 1352; x_wconf 88' lang='grc' dir='ltr'><strong>της</strong></span> <span class='ocrx_word' id='word_1_523' title='bbox 1085 1324 1093 1332; x_wconf 80' lang='grc' dir='ltr'><strong>ο</strong></span> <span class='ocrx_word' id='word_1_524' title='bbox 1109 1317 1123 1343; x_wconf 88' lang='lat'><strong>6</strong></span> <span class='ocrx_word' id='word_1_525' title='bbox 1141 1316 1356 1350; x_wconf 80' lang='grc' dir='ltr'>καλλιϐλέφαρος</span> <span class='ocrx_word' id='word_1_526' title='bbox 1371 1315 1509 1350; x_wconf 77' lang='grc' dir='ltr'>ὀφθαλμὸς</span> <span class='ocrx_word' id='word_1_527' title='bbox 1522 1313 1570 1341; x_wconf 81' lang='grc' dir='ltr'>τοῦ</span> <span class='ocrx_word' id='word_1_528' title='bbox 1584 1313 1702 1349; x_wconf 78' lang='grc' dir='ltr'>Χριστοῦ</span> <span class='ocrx_word' id='word_1_529' title='bbox 1718 1312 1815 1348; x_wconf 83' lang='grc' dir='ltr'>σώμα-</span> 
     </span>
    </p>
   </div>
   <div class='ocr_carea' id='block_1_74' title="bbox 1025 1360 1816 1396">
    <p class='ocr_par' dir='ltr' id='par_1_74' title="bbox 1025 1360 1816 1396">
     <span class='ocr_line' id='line_1_74' title="bbox 1025 1360 1816 1396; baseline -0.005 -7"><span class='ocrx_word' id='word_1_530' title='bbox 1025 1370 1084 1394; x_wconf 84' lang='grc' dir='ltr'>τος·</span> <span class='ocrx_word' id='word_1_531' title='bbox 1096 1362 1110 1388; x_wconf 87' lang='lat'><strong>6</strong></span> <span class='ocrx_word' id='word_1_532' title='bbox 1120 1362 1169 1396; x_wconf 83' lang='grc' dir='ltr'>τῆς</span> <span class='ocrx_word' id='word_1_533' title='bbox 1183 1362 1321 1396; x_wconf 80' lang='grc' dir='ltr'>ὑπομονῆς</span> <span class='ocrx_word' id='word_1_534' title='bbox 1332 1361 1461 1396; x_wconf 81' lang='grc' dir='ltr'>ἀθλητὴς,</span> <span class='ocrx_word' id='word_1_535' title='bbox 1473 1361 1520 1388; x_wconf 72' lang='grc' dir='ltr'>καὶ</span> <span class='ocrx_word' id='word_1_536' title='bbox 1533 1360 1582 1395; x_wconf 83' lang='grc' dir='ltr'>τῆς</span> <span class='ocrx_word' id='word_1_537' title='bbox 1596 1360 1816 1394; x_wconf 70' lang='grc' dir='ltr'>Εἰκονομαχικῆς</span> 
     </span>
    </p>
   </div>
   <div class='ocr_carea' id='block_1_75' title="bbox 1027 1405 1817 1442">
    <p class='ocr_par' dir='ltr' id='par_1_75' title="bbox 1027 1405 1817 1442">
     <span class='ocr_line' id='line_1_75' title="bbox 1027 1405 1817 1442; baseline -0.003 -9"><span class='ocrx_word' id='word_1_538' title='bbox 1027 1407 1160 1442; x_wconf 74' lang='grc' dir='ltr'>αἱρέσεως</span> <span class='ocrx_word' id='word_1_539' title='bbox 1172 1407 1284 1442; x_wconf 85' lang='grc' dir='ltr'>νικητής</span> <span class='ocrx_word' id='word_1_540' title='bbox 1296 1415 1303 1422; x_wconf 94' lang='grc'><strong>·</strong></span> <span class='ocrx_word' id='word_1_541' title='bbox 1321 1406 1351 1433; x_wconf 83' lang='grc' dir='ltr'>τὸ</span> <span class='ocrx_word' id='word_1_542' title='bbox 1365 1407 1415 1441; x_wconf 83' lang='grc' dir='ltr'>τῆς</span> <span class='ocrx_word' id='word_1_543' title='bbox 1426 1406 1598 1441; x_wconf 86' lang='grc' dir='ltr'>δικαιοσύνης</span> <span class='ocrx_word' id='word_1_544' title='bbox 1618 1406 1699 1432; x_wconf 76' lang='grc' dir='ltr'>ὅπλον</span> <span class='ocrx_word' id='word_1_545' title='bbox 1710 1413 1717 1419; x_wconf 70' lang='grc'><strong><em>⁵</em></strong></span> <span class='ocrx_word' id='word_1_546' title='bbox 1733 1405 1751 1440; x_wconf 80' lang='grc' dir='ltr'>ἠ</span> <span class='ocrx_word' id='word_1_547' title='bbox 1765 1405 1817 1439; x_wconf 79' lang='grc' dir='ltr'>τῆς</span> 
     </span>
    </p>
   </div>
   <div class='ocr_carea' id='block_1_76' title="bbox 1027 1451 1819 1489">
    <p class='ocr_par' dir='ltr' id='par_1_76' title="bbox 1027 1451 1819 1489">
     <span class='ocr_line' id='line_1_76' title="bbox 1027 1451 1819 1489; baseline -0.003 -10"><span class='ocrx_word' id='word_1_548' title='bbox 1027 1454 1213 1489; x_wconf 77' lang='grc' dir='ltr'>ἑλεημοσύνης</span> <span class='ocrx_word' id='word_1_549' title='bbox 1231 1453 1330 1488; x_wconf 81' lang='grc' dir='ltr'>κρήνη,</span> <span class='ocrx_word' id='word_1_550' title='bbox 1350 1454 1364 1480; x_wconf 90' lang='lat'><strong>6</strong></span> <span class='ocrx_word' id='word_1_551' title='bbox 1378 1453 1494 1488; x_wconf 75' lang='grc' dir='ltr'>ἀκριϐὴς</span> <span class='ocrx_word' id='word_1_552' title='bbox 1510 1453 1556 1479; x_wconf 83' lang='grc' dir='ltr'>τοῦ</span> <span class='ocrx_word' id='word_1_553' title='bbox 1575 1452 1678 1487; x_wconf 82' lang='grc' dir='ltr'>Κυρίου</span> <span class='ocrx_word' id='word_1_554' title='bbox 1696 1451 1819 1485; x_wconf 82' lang='grc' dir='ltr'>νομοφύ-</span> 
     </span>
    </p>
   </div>
   <div class='ocr_carea' id='block_1_77' title="bbox 992 1494 1818 1549">
    <p class='ocr_par' dir='ltr' id='par_1_77' title="bbox 992 1494 1818 1549">
     <span class='ocr_line' id='line_1_77' title="bbox 992 1494 1818 1549; baseline -0.006 -24"><span class='ocrx_word' id='word_1_555' title='bbox 992 1520 1013 1549; x_wconf 77' lang='lat' dir='ltr'><strong>c</strong></span> <span class='ocrx_word' id='word_1_556' title='bbox 1029 1498 1093 1531; x_wconf 77' lang='grc' dir='ltr'>λαξ⁸</span> <span class='ocrx_word' id='word_1_557' title='bbox 1109 1498 1139 1524; x_wconf 78' lang='grc' dir='ltr'><strong>τὺ</strong></span> <span class='ocrx_word' id='word_1_558' title='bbox 1154 1496 1404 1533; x_wconf 71' lang='grc' dir='ltr'>θησαυροφυλάκιον</span> <span class='ocrx_word' id='word_1_559' title='bbox 1426 1496 1481 1524; x_wconf 86' lang='grc' dir='ltr'>τῶν</span> <span class='ocrx_word' id='word_1_560' title='bbox 1501 1495 1624 1532; x_wconf 83' lang='grc' dir='ltr'>ἀρετῶν·</span> <span class='ocrx_word' id='word_1_561' title='bbox 1644 1495 1659 1521; x_wconf 80' lang='grc' dir='ltr'><strong>ὁ</strong></span> <span class='ocrx_word' id='word_1_562' title='bbox 1675 1495 1720 1521; x_wconf 81' lang='grc' dir='ltr'>τὸν</span> <span class='ocrx_word' id='word_1_563' title='bbox 1736 1494 1818 1528; x_wconf 87' lang='grc' dir='ltr'>λόγον</span> 
     </span>
    </p>
   </div>
   <div class='ocr_carea' id='block_1_78' title="bbox 1031 1540 1819 1579">
    <p class='ocr_par' dir='ltr' id='par_1_78' title="bbox 1031 1540 1819 1579">
     <span class='ocr_line' id='line_1_78' title="bbox 1031 1540 1819 1579; baseline -0.005 -9"><span class='ocrx_word' id='word_1_564' title='bbox 1031 1543 1106 1579; x_wconf 73' lang='grc' dir='ltr'>ἡδὺς,</span> <span class='ocrx_word' id='word_1_565' title='bbox 1121 1545 1167 1570; x_wconf 78' lang='grc' dir='ltr'><strong>καὶ</strong></span> <span class='ocrx_word' id='word_1_566' title='bbox 1176 1543 1225 1579; x_wconf 84' lang='grc' dir='ltr'><strong>τὴν</strong></span> <span class='ocrx_word' id='word_1_567' title='bbox 1239 1543 1424 1579; x_wconf 83' lang='grc' dir='ltr'>προσηγορίαν</span> <span class='ocrx_word' id='word_1_568' title='bbox 1440 1542 1609 1578; x_wconf 79' lang='grc' dir='ltr'>εὐπρόσιτος.</span> <span class='ocrx_word' id='word_1_569' title='bbox 1624 1541 1680 1569; x_wconf 77' lang='grc' dir='ltr'><strong>Καὶ</strong></span> <span class='ocrx_word' id='word_1_570' title='bbox 1695 1541 1738 1571; x_wconf 86' lang='grc' dir='ltr'><strong>τίς</strong></span> <span class='ocrx_word' id='word_1_571' title='bbox 1754 1540 1819 1567; x_wconf 87' lang='grc' dir='ltr'>ίκα-</span> 
     </span>
    </p>
   </div>
   <div class='ocr_carea' id='block_1_79' title="bbox 1030 1588 1819 1625">
    <p class='ocr_par' dir='ltr' id='par_1_79' title="bbox 1030 1588 1819 1625">
     <span class='ocr_line' id='line_1_79' title="bbox 1030 1588 1819 1625; baseline -0.008 -8"><span class='ocrx_word' id='word_1_572' title='bbox 1030 1590 1075 1622; x_wconf 80' lang='grc' dir='ltr'>νὸς</span> <span class='ocrx_word' id='word_1_573' title='bbox 1089 1591 1279 1625; x_wconf 78' lang='grc' dir='ltr'>λογογραφεῖν,</span> <span class='ocrx_word' id='word_1_574' title='bbox 1297 1590 1397 1621; x_wconf 83' lang='grc' dir='ltr'>ὁπόσας</span> <span class='ocrx_word' id='word_1_575' title='bbox 1412 1589 1486 1623; x_wconf 76' lang='grc' dir='ltr'>αὐτῷ</span> <span class='ocrx_word' id='word_1_576' title='bbox 1497 1589 1545 1615; x_wconf 78' lang='grc' dir='ltr'>καὶ</span> <span class='ocrx_word' id='word_1_577' title='bbox 1564 1588 1661 1623; x_wconf 75' lang='grc' dir='ltr'>ἡλίκας</span> <span class='ocrx_word' id='word_1_578' title='bbox 1677 1594 1819 1622; x_wconf 86' lang='grc' dir='ltr'>προσηγο-</span> 
     </span>
    </p>
   </div>
   <div class='ocr_carea' id='block_1_80' title="bbox 1032 1632 1820 1673">
    <p class='ocr_par' dir='ltr' id='par_1_80' title="bbox 1032 1632 1820 1673">
     <span class='ocr_line' id='line_1_80' title="bbox 1032 1632 1820 1673; baseline -0.008 -10"><span class='ocrx_word' id='word_1_579' title='bbox 1032 1636 1093 1673; x_wconf 90' lang='grc' dir='ltr'>ρίας</span> <span class='ocrx_word' id='word_1_580' title='bbox 1107 1635 1228 1671; x_wconf 81' lang='grc' dir='ltr'>παρέσχε</span> <span class='ocrx_word' id='word_1_581' title='bbox 1245 1636 1262 1670; x_wconf 80' lang='grc' dir='ltr'><strong>ἡ</strong></span> <span class='ocrx_word' id='word_1_582' title='bbox 1275 1635 1335 1661; x_wconf 82' lang='grc' dir='ltr'>θεία</span> <span class='ocrx_word' id='word_1_583' title='bbox 1354 1635 1445 1669; x_wconf 77' lang='grc' dir='ltr'>χάρις,</span> <span class='ocrx_word' id='word_1_584' title='bbox 1459 1635 1519 1665; x_wconf 80' lang='grc' dir='ltr'>ταῖς</span> <span class='ocrx_word' id='word_1_585' title='bbox 1533 1633 1684 1667; x_wconf 75' lang='grc' dir='ltr'>ἐνεργείαις</span> <span class='ocrx_word' id='word_1_586' title='bbox 1699 1632 1746 1659; x_wconf 81' lang='grc' dir='ltr'>τοῦ</span> <span class='ocrx_word' id='word_1_587' title='bbox 1761 1633 1820 1664; x_wconf 77' lang='grc' dir='ltr'>τοῖς</span> 
     </span>
    </p>
   </div>
   <div class='ocr_carea' id='block_1_81' title="bbox 1032 1674 1819 1715">
    <p class='ocr_par' dir='ltr' id='par_1_81' title="bbox 1032 1674 1819 1715">
     <span class='ocr_line' id='line_1_81' title="bbox 1032 1674 1819 1715; baseline -0.009 -5"><span class='ocrx_word' id='word_1_588' title='bbox 1032 1684 1100 1710; x_wconf 79' lang='grc' dir='ltr'>πᾶσι</span> <span class='ocrx_word' id='word_1_589' title='bbox 1115 1682 1203 1709; x_wconf 80' lang='grc' dir='ltr'>πάντα</span> <span class='ocrx_word' id='word_1_590' title='bbox 1215 1680 1380 1715; x_wconf 81' lang='grc' dir='ltr'>ἀποστολικῇ</span> <span class='ocrx_word' id='word_1_591' title='bbox 1403 1679 1522 1707; x_wconf 82' lang='grc' dir='ltr'>διαθέσει</span> <span class='ocrx_word' id='word_1_592' title='bbox 1538 1678 1685 1714; x_wconf 82' lang='grc' dir='ltr'>γενομένου</span> <span class='ocrx_word' id='word_1_593' title='bbox 1707 1686 1715 1711; x_wconf 88' lang='grc'>;</span> <span class='ocrx_word' id='word_1_594' title='bbox 1731 1674 1819 1705; x_wconf 76' lang='grc' dir='ltr'>ὧὰει-</span> 
     </span>
    </p>
   </div>
   <div class='ocr_carea' id='block_1_82' title="bbox 1031 1723 1819 1762">
    <p class='ocr_par' dir='ltr' id='par_1_82' title="bbox 1031 1723 1819 1762">
     <span class='ocr_line' id='line_1_82' title="bbox 1031 1723 1819 1762; baseline -0.008 -7"><span class='ocrx_word' id='word_1_595' title='bbox 1031 1728 1157 1762; x_wconf 82' lang='grc' dir='ltr'>πόθητοι,</span> <span class='ocrx_word' id='word_1_596' title='bbox 1175 1726 1201 1753; x_wconf 83' lang='grc' dir='ltr'><strong>τί</strong></span> <span class='ocrx_word' id='word_1_597' title='bbox 1215 1727 1245 1753; x_wconf 81' lang='grc' dir='ltr'><strong>τὺ</strong></span> <span class='ocrx_word' id='word_1_598' title='bbox 1263 1726 1328 1761; x_wconf 78' lang='grc' dir='ltr'>περὶ</span> <span class='ocrx_word' id='word_1_599' title='bbox 1344 1726 1417 1761; x_wconf 74' lang='grc' dir='ltr'>ἡμᾶς</span> <span class='ocrx_word' id='word_1_600' title='bbox 1437 1725 1500 1756; x_wconf 77' lang='grc' dir='ltr'>τοὺς</span> <span class='ocrx_word' id='word_1_601' title='bbox 1517 1724 1662 1755; x_wconf 83' lang='grc' dir='ltr'>ταπεινοὺς</span> <span class='ocrx_word' id='word_1_602' title='bbox 1675 1723 1753 1750; x_wconf 81' lang='grc' dir='ltr'>τοῦτο</span> <span class='ocrx_word' id='word_1_603' title='bbox 1768 1731 1819 1758; x_wconf 85' lang='grc' dir='ltr'>μυ-</span> 
     </span>
    </p>
   </div>
   <div class='ocr_carea' id='block_1_83' title="bbox 1033 1767 1820 1809">
    <p class='ocr_par' dir='ltr' id='par_1_83' title="bbox 1033 1767 1820 1809">
     <span class='ocr_line' id='line_1_83' title="bbox 1033 1767 1820 1809; baseline -0.009 -8"><span class='ocrx_word' id='word_1_604' title='bbox 1033 1775 1159 1809; x_wconf 70' lang='grc' dir='ltr'>στήριονς</span> <span class='ocrx_word' id='word_1_605' title='bbox 1181 1773 1236 1800; x_wconf 77' lang='grc' dir='ltr'><strong>Καὶ</strong></span> <span class='ocrx_word' id='word_1_606' title='bbox 1257 1772 1298 1804; x_wconf 85' lang='grc' dir='ltr'><strong>τίς</strong></span> <span class='ocrx_word' id='word_1_607' title='bbox 1324 1773 1340 1806; x_wconf 86' lang='grc' dir='ltr'><strong>ὴ</strong></span> <span class='ocrx_word' id='word_1_608' title='bbox 1365 1771 1413 1798; x_wconf 84' lang='grc' dir='ltr'>τοῦ</span> <span class='ocrx_word' id='word_1_609' title='bbox 1428 1770 1496 1797; x_wconf 83' lang='grc' dir='ltr'>Θεοῦ</span> <span class='ocrx_word' id='word_1_610' title='bbox 1515 1770 1596 1805; x_wconf 82' lang='grc' dir='ltr'>σοφία</span> <span class='ocrx_word' id='word_1_611' title='bbox 1617 1770 1752 1806; x_wconf 75' lang='grc' dir='ltr'>ἇῤῥητοςς</span> <span class='ocrx_word' id='word_1_612' title='bbox 1772 1767 1820 1794; x_wconf 78' lang='grc' dir='ltr'>νῦν</span> 
     </span>
    </p>
   </div>
   <div class='ocr_carea' id='block_1_84' title="bbox 1033 1813 1822 1855">
    <p class='ocr_par' dir='ltr' id='par_1_84' title="bbox 1033 1813 1822 1855">
     <span class='ocr_line' id='line_1_84' title="bbox 1033 1813 1822 1855; baseline -0.009 -9"><span class='ocrx_word' id='word_1_613' title='bbox 1033 1820 1147 1855; x_wconf 77' lang='grc' dir='ltr'>ἐδεόμην</span> <span class='ocrx_word' id='word_1_614' title='bbox 1160 1819 1215 1845; x_wconf 88' lang='grc' dir='ltr'>τῶν</span> <span class='ocrx_word' id='word_1_615' title='bbox 1235 1817 1367 1853; x_wconf 83' lang='grc' dir='ltr'>Ἱερεμίου</span> <span class='ocrx_word' id='word_1_616' title='bbox 1385 1816 1502 1852; x_wconf 77' lang='grc' dir='ltr'>θρήνων,</span> <span class='ocrx_word' id='word_1_617' title='bbox 1517 1816 1564 1842; x_wconf 77' lang='grc' dir='ltr'>καὶ</span> <span class='ocrx_word' id='word_1_618' title='bbox 1586 1816 1610 1841; x_wconf 84' lang='grc' dir='ltr'><strong>εί</strong></span> <span class='ocrx_word' id='word_1_619' title='bbox 1632 1815 1663 1849; x_wconf 84' lang='grc' dir='ltr'>δή</span> <span class='ocrx_word' id='word_1_620' title='bbox 1680 1822 1722 1845; x_wconf 85' lang='grc' dir='ltr'><strong>τις</strong></span> <span class='ocrx_word' id='word_1_621' title='bbox 1741 1813 1822 1845; x_wconf 79' lang='grc' dir='ltr'>ἄλλος</span> 
     </span>
    </p>
   </div>
   <div class='ocr_carea' id='block_1_85' title="bbox 1032 1859 1823 1900">
    <p class='ocr_par' dir='ltr' id='par_1_85' title="bbox 1032 1859 1823 1900">
     <span class='ocr_line' id='line_1_85' title="bbox 1032 1859 1823 1900; baseline -0.006 -8"><span class='ocrx_word' id='word_1_622' title='bbox 1032 1866 1087 1893; x_wconf 83' lang='grc' dir='ltr'><strong>τῶν</strong></span> <span class='ocrx_word' id='word_1_623' title='bbox 1098 1865 1241 1900; x_wconf 79' lang='grc' dir='ltr'>μακαρίων</span> <span class='ocrx_word' id='word_1_624' title='bbox 1252 1863 1358 1899; x_wconf 83' lang='grc' dir='ltr'>ἀνδρῶν</span> <span class='ocrx_word' id='word_1_625' title='bbox 1369 1863 1510 1898; x_wconf 79' lang='grc' dir='ltr'>συμφορᾶς</span> <span class='ocrx_word' id='word_1_626' title='bbox 1523 1861 1636 1897; x_wconf 84' lang='grc' dir='ltr'>μέγεθος</span> <span class='ocrx_word' id='word_1_627' title='bbox 1647 1859 1823 1895; x_wconf 82' lang='grc' dir='ltr'>ἀπωδύρατο.</span> 
     </span>
    </p>
   </div>
   <div class='ocr_carea' id='block_1_86' title="bbox 1034 1905 1825 1945">
    <p class='ocr_par' dir='ltr' id='par_1_86' title="bbox 1034 1905 1825 1945">
     <span class='ocr_line' id='line_1_86' title="bbox 1034 1905 1825 1945; baseline -0.009 -7"><span class='ocrx_word' id='word_1_628' title='bbox 1034 1912 1165 1939; x_wconf 82' lang='grc' dir='ltr'>Πέτιτωκε</span> <span class='ocrx_word' id='word_1_629' title='bbox 1178 1910 1247 1945; x_wconf 84' lang='grc' dir='ltr'>ἀνὴρ</span> <span class='ocrx_word' id='word_1_630' title='bbox 1257 1909 1296 1944; x_wconf 82' lang='grc' dir='ltr'>τῷ</span> <span class='ocrx_word' id='word_1_631' title='bbox 1311 1909 1366 1936; x_wconf 73' lang='lat' dir='ltr'><strong>liv-rt</strong></span> <span class='ocrx_word' id='word_1_632' title='bbox 1381 1908 1474 1940; x_wconf 82' lang='grc' dir='ltr'>στύλος</span> <span class='ocrx_word' id='word_1_633' title='bbox 1488 1908 1536 1934; x_wconf 75' lang='grc' dir='ltr'>καὶ</span> <span class='ocrx_word' id='word_1_634' title='bbox 1550 1907 1690 1942; x_wconf 77' lang='grc' dir='ltr'>ἑδραίωμα</span> <span class='ocrx_word' id='word_1_635' title='bbox 1701 1905 1825 1941; x_wconf 81' lang='grc' dir='ltr'>τῆςῈκ-</span> 
     </span>
    </p>
   </div>
   <div class='ocr_carea' id='block_1_87' title="bbox 1034 1951 1825 1992">
    <p class='ocr_par' dir='ltr' id='par_1_87' title="bbox 1034 1951 1825 1992">
     <span class='ocr_line' id='line_1_87' title="bbox 1034 1951 1825 1992; baseline -0.01 -8"><span class='ocrx_word' id='word_1_636' title='bbox 1034 1957 1165 1992; x_wconf 86' lang='grc' dir='ltr'>κλησίας·</span> <span class='ocrx_word' id='word_1_637' title='bbox 1185 1956 1285 1991; x_wconf 82' lang='grc' dir='ltr'>μᾶλλον</span> <span class='ocrx_word' id='word_1_638' title='bbox 1306 1955 1344 1987; x_wconf 80' lang='grc' dir='ltr'><strong>δὲ,</strong></span> <span class='ocrx_word' id='word_1_639' title='bbox 1365 1954 1447 1986; x_wconf 82' lang='grc' dir='ltr'>αὐτὸς</span> <span class='ocrx_word' id='word_1_640' title='bbox 1466 1953 1516 1990; x_wconf 83' lang='grc' dir='ltr'>μὲν</span> <span class='ocrx_word' id='word_1_641' title='bbox 1530 1953 1597 1989; x_wconf 69' lang='grc' dir='ltr'>πρὸς</span> <span class='ocrx_word' id='word_1_642' title='bbox 1618 1952 1667 1979; x_wconf 62' lang='grc' dir='ltr'><strong>τὴν</strong></span> <span class='ocrx_word' id='word_1_643' title='bbox 1683 1951 1825 1986; x_wconf 82' lang='grc' dir='ltr'>μακαρίαν</span> 
     </span>
    </p>
   </div>
   <div class='ocr_carea' id='block_1_88' title="bbox 1035 1996 1824 2039">
    <p class='ocr_par' dir='ltr' id='par_1_88' title="bbox 1035 1996 1824 2039">
     <span class='ocr_line' id='line_1_88' title="bbox 1035 1996 1824 2039; baseline -0.01 -9"><span class='ocrx_word' id='word_1_644' title='bbox 1035 2004 1108 2039; x_wconf 76' lang='grc' dir='ltr'>ζωὴν</span> <span class='ocrx_word' id='word_1_645' title='bbox 1137 2002 1241 2037; x_wconf 77' lang='grc' dir='ltr'>ἀρθεὶς,</span> <span class='ocrx_word' id='word_1_646' title='bbox 1265 2001 1312 2035; x_wconf 81' lang='grc' dir='ltr'><strong>ἀφ’</strong></span> <span class='ocrx_word' id='word_1_647' title='bbox 1333 2000 1414 2036; x_wconf 84' lang='grc' dir='ltr'>ἡμῶν</span> <span class='ocrx_word' id='word_1_648' title='bbox 1439 2000 1558 2035; x_wconf 71' lang='grc' dir='ltr'>οἴχεται·</span> <span class='ocrx_word' id='word_1_649' title='bbox 1582 1999 1642 2029; x_wconf 85' lang='grc' dir='ltr'>δέος</span> <span class='ocrx_word' id='word_1_650' title='bbox 1668 1997 1707 2030; x_wconf 81' lang='grc' dir='ltr'><strong>δὲ,</strong></span> <span class='ocrx_word' id='word_1_651' title='bbox 1729 1997 1767 2032; x_wconf 91' lang='grc' dir='ltr'><strong>μὴ</strong></span> <span class='ocrx_word' id='word_1_652' title='bbox 1784 1996 1824 2031; x_wconf 77' lang='grc' dir='ltr'><strong>τῷ</strong></span> 
     </span>
    </p>
   </div>
   <div class='ocr_carea' id='block_1_89' title="bbox 1035 2041 1825 2084">
    <p class='ocr_par' dir='ltr' id='par_1_89' title="bbox 1035 2041 1825 2084">
     <span class='ocr_line' id='line_1_89' title="bbox 1035 2041 1825 2084; baseline -0.01 -9"><span class='ocrx_word' id='word_1_653' title='bbox 1035 2048 1178 2084; x_wconf 75' lang='grc' dir='ltr'>ἐρείσματι</span> <span class='ocrx_word' id='word_1_654' title='bbox 1192 2046 1279 2081; x_wconf 81' lang='grc' dir='ltr'>τούτῳ</span> <span class='ocrx_word' id='word_1_655' title='bbox 1294 2045 1511 2080; x_wconf 77' lang='grc' dir='ltr'>ύπεξαιρεθέντι,</span> <span class='ocrx_word' id='word_1_656' title='bbox 1522 2044 1594 2075; x_wconf 78' lang='grc' dir='ltr'>τινὲς</span> <span class='ocrx_word' id='word_1_657' title='bbox 1608 2041 1825 2077; x_wconf 78' lang='grc' dir='ltr'>συγκαταπέσω-</span> 
     </span>
    </p>
   </div>
   <div class='ocr_carea' id='block_1_90' title="bbox 1036 2087 1825 2126">
    <p class='ocr_par' dir='ltr' id='par_1_90' title="bbox 1036 2087 1825 2126">
     <span class='ocr_line' id='line_1_90' title="bbox 1036 2087 1825 2126; baseline -0.01 -6"><span class='ocrx_word' id='word_1_658' title='bbox 1036 2101 1073 2126; x_wconf 80' lang='lat' dir='ltr'><strong>at,</strong></span> <span class='ocrx_word' id='word_1_659' title='bbox 1098 2093 1145 2120; x_wconf 69' lang='grc' dir='ltr'>καὶ</span> <span class='ocrx_word' id='word_1_660' title='bbox 1166 2093 1200 2119; x_wconf 81' lang='grc' dir='ltr'>τὰ</span> <span class='ocrx_word' id='word_1_661' title='bbox 1220 2091 1323 2118; x_wconf 81' lang='grc' dir='ltr'>τούτων</span> <span class='ocrx_word' id='word_1_662' title='bbox 1339 2090 1426 2126; x_wconf 84' lang='grc' dir='ltr'>σαθρὰ</span> <span class='ocrx_word' id='word_1_663' title='bbox 1447 2088 1630 2124; x_wconf 82' lang='grc' dir='ltr'>διελεγχθῶσι.</span> <span class='ocrx_word' id='word_1_664' title='bbox 1660 2087 1825 2115; x_wconf 76' lang='grc' dir='ltr'>Κὲκλεισται</span> 
     </span>
    </p>
   </div>
   <div class='ocr_carea' id='block_1_91' title="bbox 1037 2132 1825 2173">
    <p class='ocr_par' dir='ltr' id='par_1_91' title="bbox 1037 2132 1825 2173">
     <span class='ocr_line' id='line_1_91' title="bbox 1037 2132 1825 2173; baseline -0.009 -8"><span class='ocrx_word' id='word_1_665' title='bbox 1037 2139 1134 2173; x_wconf 83' lang='grc' dir='ltr'>στόμα,</span> <span class='ocrx_word' id='word_1_666' title='bbox 1147 2136 1287 2165; x_wconf 71' lang='grc' dir='ltr'>Μελετῶν</span> <span class='ocrx_word' id='word_1_667' title='bbox 1299 2136 1334 2163; x_wconf 76' lang='grc' dir='ltr'><strong>ἐν</strong></span> <span class='ocrx_word' id='word_1_668' title='bbox 1345 2136 1425 2170; x_wconf 82' lang='grc' dir='ltr'>νόμῳ</span> <span class='ocrx_word' id='word_1_669' title='bbox 1442 2135 1551 2169; x_wconf 83' lang='grc' dir='ltr'>Κυρίου</span> <span class='ocrx_word' id='word_1_670' title='bbox 1570 2133 1682 2168; x_wconf 79' lang='grc' dir='ltr'>ἡμέρας</span> <span class='ocrx_word' id='word_1_671' title='bbox 1702 2132 1751 2159; x_wconf 81' lang='grc' dir='ltr'>καὶ</span> <span class='ocrx_word' id='word_1_672' title='bbox 1768 2140 1825 2158; x_wconf 67' lang='grc' dir='ltr'><strong>νυ-</strong></span> 
     </span>
    </p>
   </div>
   <div class='ocr_carea' id='block_1_92' title="bbox 195 2177 976 2224">
    <p class='ocr_par' dir='ltr' id='par_1_92' title="bbox 195 2185 976 2221">
     <span class='ocr_line' id='line_1_92' title="bbox 195 2185 976 2221; baseline -0.003 -7"><span class='ocrx_word' id='word_1_673' title='bbox 195 2186 320 2218; x_wconf 77' lang='lat' dir='ltr'><strong>ronsilia,</strong></span> <span class='ocrx_word' id='word_1_674' title='bbox 333 2186 413 2221; x_wconf 87' lang='lat' dir='ltr'><strong>cujus</strong></span> <span class='ocrx_word' id='word_1_675' title='bbox 424 2186 452 2213; x_wconf 92' lang='lat' dir='ltr'><strong>in</strong></span> <span class='ocrx_word' id='word_1_676' title='bbox 465 2186 519 2213; x_wconf 91' lang='lat' dir='ltr'><strong>Deo</strong></span> <span class='ocrx_word' id='word_1_677' title='bbox 533 2190 623 2213; x_wconf 89' lang='lat' dir='ltr'><strong>motus</strong></span> <span class='ocrx_word' id='word_1_678' title='bbox 635 2190 721 2213; x_wconf 86' lang='lat' dir='ltr'><strong>erant.</strong></span> <span class='ocrx_word' id='word_1_679' title='bbox 734 2185 850 2213; x_wconf 87' lang='lat' dir='ltr'><strong>Clausus</strong></span> <span class='ocrx_word' id='word_1_680' title='bbox 863 2189 905 2212; x_wconf 86' lang='lat' dir='ltr'><strong>est</strong></span> <span class='ocrx_word' id='word_1_681' title='bbox 917 2193 976 2212; x_wconf 92' lang='lat' dir='ltr'><strong>ocu-</strong></span> 
     </span>
    </p>
   </div>
   <div class='ocr_carea' id='block_1_93' title="bbox 1029 2177 1826 2224">
    <p class='ocr_par' dir='ltr' id='par_1_93' title="bbox 1037 2177 1826 2218">
     <span class='ocr_line' id='line_1_93' title="bbox 1037 2177 1826 2218; baseline -0.011 -7"><span class='ocrx_word' id='word_1_682' title='bbox 1037 2184 1107 2216; x_wconf 80' lang='grc' dir='ltr'>κτός</span> <span class='ocrx_word' id='word_1_683' title='bbox 1118 2191 1126 2198; x_wconf 92' lang='grc'><strong>·</strong></span> <span class='ocrx_word' id='word_1_684' title='bbox 1145 2182 1301 2218; x_wconf 71' lang='grc' dir='ltr'>παρρησίας</span> <span class='ocrx_word' id='word_1_685' title='bbox 1314 2190 1345 2208; x_wconf 82' lang='grc' dir='ltr'><strong>τε</strong></span> <span class='ocrx_word' id='word_1_686' title='bbox 1358 2179 1392 2207; x_wconf 82' lang='grc' dir='ltr'>αὖ</span> <span class='ocrx_word' id='word_1_687' title='bbox 1407 2180 1525 2212; x_wconf 84' lang='grc' dir='ltr'>δικαίας,</span> <span class='ocrx_word' id='word_1_688' title='bbox 1542 2180 1605 2209; x_wconf 74' lang='grc' dir='ltr'>τοὺς</span> <span class='ocrx_word' id='word_1_689' title='bbox 1617 2179 1713 2212; x_wconf 82' lang='grc' dir='ltr'>λόγους</span> <span class='ocrx_word' id='word_1_690' title='bbox 1729 2177 1773 2204; x_wconf 71' lang='grc' dir='ltr'><strong>ἐπ’</strong></span> <span class='ocrx_word' id='word_1_691' title='bbox 1783 2178 1826 2202; x_wconf 84' lang='grc' dir='ltr'><strong>οἱ-</strong></span> 
     </span>
    </p>
   </div>
   <div class='ocr_carea' id='block_1_94' title="bbox 196 2231 987 2266">
    <p class='ocr_par' dir='ltr' id='par_1_94' title="bbox 196 2231 987 2266">
     <span class='ocr_line' id='line_1_94' title="bbox 196 2231 987 2266; baseline -0.003 -6"><span class='ocrx_word' id='word_1_692' title='bbox 196 2233 239 2260; x_wconf 88' lang='lat' dir='ltr'><strong>lus</strong></span> <span class='ocrx_word' id='word_1_693' title='bbox 248 2237 321 2260; x_wconf 87' lang='lat' dir='ltr'><strong>recta</strong></span> <span class='ocrx_word' id='word_1_694' title='bbox 333 2232 438 2264; x_wconf 85' lang='lat' dir='ltr'><strong>videns,</strong></span> <span class='ocrx_word' id='word_1_695' title='bbox 445 2231 547 2266; x_wconf 80' lang='lat' dir='ltr'><strong>quique</strong></span> <span class='ocrx_word' id='word_1_696' title='bbox 559 2232 661 2259; x_wconf 88' lang='lat' dir='ltr'><strong>bonum</strong></span> <span class='ocrx_word' id='word_1_697' title='bbox 670 2238 685 2258; x_wconf 83' lang='lat' dir='ltr'><strong>a</strong></span> <span class='ocrx_word' id='word_1_698' title='bbox 694 2231 766 2258; x_wconf 85' lang='lat' dir='ltr'><strong>malo</strong></span> <span class='ocrx_word' id='word_1_699' title='bbox 775 2231 876 2266; x_wconf 83' lang='lat' dir='ltr'><strong>optime</strong></span> <span class='ocrx_word' id='word_1_700' title='bbox 883 2231 987 2258; x_wconf 88' lang='lat' dir='ltr'><strong>discer-</strong></span> 
     </span>
    </p>
   </div>
   <div class='ocr_carea' id='block_1_95' title="bbox 197 2277 985 2314">
    <p class='ocr_par' dir='ltr' id='par_1_95' title="bbox 197 2277 985 2314">
     <span class='ocr_line' id='line_1_95' title="bbox 197 2277 985 2314; baseline -0.005 -7"><span class='ocrx_word' id='word_1_701' title='bbox 197 2283 284 2309; x_wconf 84' lang='lat' dir='ltr'><strong>neret.</strong></span> <span class='ocrx_word' id='word_1_702' title='bbox 293 2278 460 2314; x_wconf 85' lang='lat' dir='ltr'><strong>Quieverunt</strong></span> <span class='ocrx_word' id='word_1_703' title='bbox 472 2278 553 2310; x_wconf 88' lang='lat' dir='ltr'><strong>labia,</strong></span> <span class='ocrx_word' id='word_1_704' title='bbox 562 2285 621 2311; x_wconf 61' lang='lat' dir='ltr'><strong>quae</strong></span> <span class='ocrx_word' id='word_1_705' title='bbox 636 2278 777 2304; x_wconf 87' lang='lat' dir='ltr'><strong>scientiam</strong></span> <span class='ocrx_word' id='word_1_706' title='bbox 805 2277 985 2309; x_wconf 88' lang='lat' dir='ltr'><strong>custodirent,</strong></span> 
     </span>
    </p>
   </div>
   <div class='ocr_carea' id='block_1_96' title="bbox 198 2322 985 2358">
    <p class='ocr_par' dir='ltr' id='par_1_96' title="bbox 198 2322 985 2358">
     <span class='ocr_line' id='line_1_96' title="bbox 198 2322 985 2358; baseline -0.004 -5"><span class='ocrx_word' id='word_1_707' title='bbox 198 2331 230 2353; x_wconf 67' lang='lat' dir='ltr'><strong>ac</strong></span> <span class='ocrx_word' id='word_1_708' title='bbox 255 2332 287 2352; x_wconf 74' lang='lat' dir='ltr'><strong>ex</strong></span> <span class='ocrx_word' id='word_1_709' title='bbox 309 2324 409 2358; x_wconf 80' lang='lat' dir='ltr'><strong>quibus</strong></span> <span class='ocrx_word' id='word_1_710' title='bbox 425 2345 433 2356; x_wconf 93' lang='lat'><strong>,</strong></span> <span class='ocrx_word' id='word_1_711' title='bbox 450 2327 581 2358; x_wconf 79' lang='lat' dir='ltr'><strong>tanquam</strong></span> <span class='ocrx_word' id='word_1_712' title='bbox 609 2323 698 2357; x_wconf 82' lang='lat' dir='ltr'><strong>angeli</strong></span> <span class='ocrx_word' id='word_1_713' title='bbox 727 2322 833 2350; x_wconf 81' lang='lat' dir='ltr'><strong>Domini</strong></span> <span class='ocrx_word' id='word_1_714' title='bbox 859 2322 985 2356; x_wconf 83' lang='lat' dir='ltr'><strong>omnipo-</strong></span> 
     </span>
    </p>
   </div>
   <div class='ocr_carea' id='block_1_97' title="bbox 200 2367 984 2405">
    <p class='ocr_par' dir='ltr' id='par_1_97' title="bbox 200 2367 984 2405">
     <span class='ocr_line' id='line_1_97' title="bbox 200 2367 984 2405; baseline -0.003 -8"><span class='ocrx_word' id='word_1_715' title='bbox 200 2370 281 2397; x_wconf 80' lang='lat' dir='ltr'><strong>tenu&#39;s</strong></span> <span class='ocrx_word' id='word_1_716' title='bbox 307 2369 398 2401; x_wconf 89' lang='lat' dir='ltr'><strong>labiis,</strong></span> <span class='ocrx_word' id='word_1_717' title='bbox 414 2369 539 2405; x_wconf 51' lang='lat' dir='ltr'><strong>.divinam</strong></span> <span class='ocrx_word' id='word_1_718' title='bbox 567 2369 651 2404; x_wconf 77' lang='lat' dir='ltr'><strong>legem</strong></span> <span class='ocrx_word' id='word_1_719' title='bbox 676 2368 859 2403; x_wconf 79' lang='lat' dir='ltr'><strong>exquirerent.</strong></span> <span class='ocrx_word' id='word_1_720' title='bbox 891 2367 984 2397; x_wconf 86' lang='lat' dir='ltr'><strong>Vincta</strong></span> 
     </span>
    </p>
   </div>
   <div class='ocr_carea' id='block_1_98' title="bbox 234 2435 401 2470">
    <p class='ocr_par' dir='ltr' id='par_1_98' title="bbox 234 2435 401 2470">
     <span class='ocr_line' id='line_1_98' title="bbox 234 2435 401 2470; baseline 0 -6"><span class='ocrx_word' id='word_1_721' title='bbox 234 2436 244 2455; x_wconf 79' lang='grc'><em>³</em></span> <span class='ocrx_word' id='word_1_722' title='bbox 254 2435 327 2464; x_wconf 66' lang='lat' dir='ltr'><strong>Paul.</strong></span> <span class='ocrx_word' id='word_1_723' title='bbox 338 2444 358 2470; x_wconf 90' lang='lat' dir='ltr'><strong>I,</strong></span> <span class='ocrx_word' id='word_1_724' title='bbox 371 2435 401 2464; x_wconf 73' lang='grc' dir='ltr'><strong>Ω.</strong></span> 
     </span>
    </p>
   </div>
   <div class='ocr_carea' id='block_1_99' title="bbox 1036 2222 1827 2263">
    <p class='ocr_par' dir='ltr' id='par_1_99' title="bbox 1036 2222 1827 2263">
     <span class='ocr_line' id='line_1_99' title="bbox 1036 2222 1827 2263; baseline -0.011 -7"><span class='ocrx_word' id='word_1_725' title='bbox 1036 2229 1139 2263; x_wconf 81' lang='grc' dir='ltr'>κοδομῇ</span> <span class='ocrx_word' id='word_1_726' title='bbox 1162 2228 1279 2259; x_wconf 80' lang='grc' dir='ltr'>πίστεως</span> <span class='ocrx_word' id='word_1_727' title='bbox 1295 2226 1388 2262; x_wconf 84' lang='grc' dir='ltr'>βρύον.</span> <span class='ocrx_word' id='word_1_728' title='bbox 1406 2225 1516 2260; x_wconf 85' lang='grc' dir='ltr'>Οἴχεται</span> <span class='ocrx_word' id='word_1_729' title='bbox 1533 2224 1632 2259; x_wconf 78' lang='grc' dir='ltr'>φρενὸς</span> <span class='ocrx_word' id='word_1_730' title='bbox 1651 2222 1827 2258; x_wconf 79' lang='grc' dir='ltr'>βουλεύματα</span> 
     </span>
    </p>
   </div>
   <div class='ocr_carea' id='block_1_100' title="bbox 1037 2267 1828 2310">
    <p class='ocr_par' dir='ltr' id='par_1_100' title="bbox 1037 2267 1828 2310">
     <span class='ocr_line' id='line_1_100' title="bbox 1037 2267 1828 2310; baseline -0.01 -9"><span class='ocrx_word' id='word_1_731' title='bbox 1037 2276 1087 2310; x_wconf 82' lang='grc' dir='ltr'>τῆς</span> <span class='ocrx_word' id='word_1_732' title='bbox 1106 2274 1190 2305; x_wconf 76' lang='grc' dir='ltr'>ὅντως</span> <span class='ocrx_word' id='word_1_733' title='bbox 1215 2275 1244 2300; x_wconf 82' lang='grc' dir='ltr'>ὲν</span> <span class='ocrx_word' id='word_1_734' title='bbox 1267 2273 1327 2308; x_wconf 81' lang='grc' dir='ltr'><strong>Θεῷ</strong></span> <span class='ocrx_word' id='word_1_735' title='bbox 1345 2272 1517 2306; x_wconf 88' lang='grc' dir='ltr'>κινουμένης.</span> <span class='ocrx_word' id='word_1_736' title='bbox 1533 2270 1664 2304; x_wconf 82' lang='grc' dir='ltr'>Μέμυκεν</span> <span class='ocrx_word' id='word_1_737' title='bbox 1687 2267 1828 2303; x_wconf 77' lang='grc' dir='ltr'>ὀφθαλμὸς</span> 
     </span>
    </p>
   </div>
   <div class='ocr_carea' id='block_1_101' title="bbox 1038 2311 1828 2355">
    <p class='ocr_par' dir='ltr' id='par_1_101' title="bbox 1038 2311 1828 2355">
     <span class='ocr_line' id='line_1_101' title="bbox 1038 2311 1828 2355; baseline -0.013 -8"><span class='ocrx_word' id='word_1_738' title='bbox 1038 2319 1144 2355; x_wconf 80' lang='grc' dir='ltr'>βλέπων</span> <span class='ocrx_word' id='word_1_739' title='bbox 1168 2318 1245 2354; x_wconf 77' lang='grc' dir='ltr'>ὀρθὰ,</span> <span class='ocrx_word' id='word_1_740' title='bbox 1270 2319 1318 2344; x_wconf 82' lang='grc' dir='ltr'>καὶ</span> <span class='ocrx_word' id='word_1_741' title='bbox 1340 2315 1484 2352; x_wconf 76' lang='grc' dir='ltr'>διακρίνων</span> <span class='ocrx_word' id='word_1_742' title='bbox 1507 2315 1538 2341; x_wconf 82' lang='grc' dir='ltr'>τὸ</span> <span class='ocrx_word' id='word_1_743' title='bbox 1559 2315 1682 2347; x_wconf 71' lang='grc' dir='ltr'>κρεῖττον</span> <span class='ocrx_word' id='word_1_744' title='bbox 1704 2311 1758 2343; x_wconf 71' lang='grc' dir='ltr'><strong>ἀπὸ</strong></span> <span class='ocrx_word' id='word_1_745' title='bbox 1778 2311 1828 2342; x_wconf 78' lang='grc' dir='ltr'>τοῦ</span> 
     </span>
    </p>
   </div>
   <div class='ocr_carea' id='block_1_102' title="bbox 1039 2358 1829 2401">
    <p class='ocr_par' dir='ltr' id='par_1_102' title="bbox 1039 2358 1829 2401">
     <span class='ocr_line' id='line_1_102' title="bbox 1039 2358 1829 2401; baseline -0.011 -9"><span class='ocrx_word' id='word_1_746' title='bbox 1039 2365 1162 2401; x_wconf 79' lang='grc' dir='ltr'>χείρονος</span> <span class='ocrx_word' id='word_1_747' title='bbox 1191 2363 1336 2390; x_wconf 76' lang='grc' dir='ltr'>κάλλιστα.</span> <span class='ocrx_word' id='word_1_748' title='bbox 1366 2361 1513 2388; x_wconf 78' lang='grc' dir='ltr'>Πέπαυται</span> <span class='ocrx_word' id='word_1_749' title='bbox 1545 2359 1623 2395; x_wconf 83' lang='grc' dir='ltr'>χείλη</span> <span class='ocrx_word' id='word_1_750' title='bbox 1656 2358 1829 2393; x_wconf 72' lang='grc' dir='ltr'>φυλάσσοντα</span> 
     </span>
    </p>
   </div>
   <div class='ocr_carea' id='block_1_103' title="bbox 956 2489 1074 2523">
    <p class='ocr_par' dir='ltr' id='par_1_103' title="bbox 956 2489 1074 2523">
     <span class='ocr_line' id='line_1_103' title="bbox 956 2489 1074 2523; baseline 0.008 -5"><span class='ocrx_word' id='word_1_751' title='bbox 956 2489 1074 2523; x_wconf 62' lang='grc' dir='ltr'><strong>ΝΟἸΪΑΕ.</strong></span> 
     </span>
    </p>
   </div>
   <div class='ocr_carea' id='block_1_104' title="bbox 237 2538 985 2576">
    <p class='ocr_par' dir='ltr' id='par_1_104' title="bbox 237 2538 985 2576">
     <span class='ocr_line' id='line_1_104' title="bbox 237 2538 985 2576; baseline -0.005 -8"><span class='ocrx_word' id='word_1_752' title='bbox 237 2541 276 2576; x_wconf 73' lang='grc'><strong>(2)</strong></span> <span class='ocrx_word' id='word_1_753' title='bbox 303 2540 354 2570; x_wconf 75' lang='lat' dir='ltr'><strong>Cui</strong></span> <span class='ocrx_word' id='word_1_754' title='bbox 380 2540 456 2576; x_wconf 60' lang='lat' dir='ltr'><strong>velut</strong></span> <span class='ocrx_word' id='word_1_755' title='bbox 478 2538 794 2576; x_wconf 22' lang='lat' dir='ltr'><strong>immrantlisaetcu</strong></span> <span class='ocrx_word' id='word_1_756' title='bbox 822 2538 985 2576; x_wconf 75' lang='grc' dir='ltr'>μυριόνουςο</span> 
     </span>
    </p>
   </div>
   <div class='ocr_carea' id='block_1_105' title="bbox 200 2573 987 2611">
    <p class='ocr_par' dir='ltr' id='par_1_105' title="bbox 200 2573 987 2611">
     <span class='ocr_line' id='line_1_105' title="bbox 200 2573 987 2611; baseline -0.005 -7"><span class='ocrx_word' id='word_1_757' title='bbox 200 2573 285 2604; x_wconf 71' lang='lat' dir='ltr'><strong>Plane</strong></span> <span class='ocrx_word' id='word_1_758' title='bbox 295 2577 435 2611; x_wconf 70' lang='lat' dir='ltr'><strong>egregium</strong></span> <span class='ocrx_word' id='word_1_759' title='bbox 452 2575 479 2603; x_wconf 89' lang='lat' dir='ltr'><strong>in</strong></span> <span class='ocrx_word' id='word_1_760' title='bbox 501 2574 627 2611; x_wconf 57' lang='lat' dir='ltr'><strong>praelatos</strong></span> <span class='ocrx_word' id='word_1_761' title='bbox 645 2573 813 2611; x_wconf 67' lang='lat' dir='ltr'><strong>epitheton);</strong></span> <span class='ocrx_word' id='word_1_762' title='bbox 833 2574 934 2611; x_wconf 66' lang='lat' dir='ltr'><strong>quibus</strong></span> <span class='ocrx_word' id='word_1_763' title='bbox 946 2577 987 2600; x_wconf 91' lang='lat' dir='ltr'><strong>tot</strong></span> 
     </span>
    </p>
   </div>
   <div class='ocr_carea' id='block_1_106' title="bbox 200 2607 986 2644">
    <p class='ocr_par' dir='ltr' id='par_1_106' title="bbox 200 2607 986 2644">
     <span class='ocr_line' id='line_1_106' title="bbox 200 2607 986 2644; baseline -0.009 -4"><span class='ocrx_word' id='word_1_764' title='bbox 200 2607 326 2640; x_wconf 44' lang='lat' dir='ltr'><strong>debeant?</strong></span> <span class='ocrx_word' id='word_1_765' title='bbox 341 2607 403 2638; x_wconf 61' lang='lat' dir='ltr'><strong>eine</strong></span> <span class='ocrx_word' id='word_1_766' title='bbox 434 2607 540 2644; x_wconf 74' lang='lat' dir='ltr'><strong>ingenia</strong></span> <span class='ocrx_word' id='word_1_767' title='bbox 561 2613 627 2642; x_wconf 83' lang='lat' dir='ltr'><strong>quot</strong></span> <span class='ocrx_word' id='word_1_768' title='bbox 646 2608 767 2644; x_wconf 72' lang='lat' dir='ltr'><strong>subditi:</strong></span> <span class='ocrx_word' id='word_1_769' title='bbox 795 2615 845 2637; x_wconf 86' lang='lat' dir='ltr'><strong>nec</strong></span> <span class='ocrx_word' id='word_1_770' title='bbox 863 2607 890 2637; x_wconf 88' lang='lat' dir='ltr'><strong>id</strong></span> <span class='ocrx_word' id='word_1_771' title='bbox 915 2616 986 2642; x_wconf 86' lang='lat' dir='ltr'><strong>quo-</strong></span> 
     </span>
    </p>
   </div>
   <div class='ocr_carea' id='block_1_107' title="bbox 200 2643 986 2679">
    <p class='ocr_par' dir='ltr' id='par_1_107' title="bbox 200 2643 986 2679">
     <span class='ocr_line' id='line_1_107' title="bbox 200 2643 986 2679; baseline -0.005 -6"><span class='ocrx_word' id='word_1_772' title='bbox 200 2648 243 2675; x_wconf 81' lang='lat' dir='ltr'><strong>vis</strong></span> <span class='ocrx_word' id='word_1_773' title='bbox 260 2646 352 2677; x_wconf 75' lang='lat' dir='ltr'><strong>modo.</strong></span> <span class='ocrx_word' id='word_1_774' title='bbox 367 2645 416 2676; x_wconf 73' lang='lat' dir='ltr'><strong>sed</strong></span> <span class='ocrx_word' id='word_1_775' title='bbox 431 2643 621 2679; x_wconf 67' lang='grc' dir='ltr'>ςῆθεοονιόπῳ</span> <span class='ocrx_word' id='word_1_776' title='bbox 633 2643 818 2677; x_wconf 74' lang='grc' dir='ltr'>κυὸερνήσει·</span> <span class='ocrx_word' id='word_1_777' title='bbox 835 2647 864 2669; x_wconf 90' lang='lat' dir='ltr'><strong>ut</strong></span> <span class='ocrx_word' id='word_1_778' title='bbox 884 2644 986 2679; x_wconf 74' lang='lat' dir='ltr'><strong>guber-</strong></span> 
     </span>
    </p>
   </div>
   <div class='ocr_carea' id='block_1_108' title="bbox 201 2677 986 2716">
    <p class='ocr_par' dir='ltr' id='par_1_108' title="bbox 201 2677 986 2716">
     <span class='ocr_line' id='line_1_108' title="bbox 201 2677 986 2716; baseline -0.008 -7"><span class='ocrx_word' id='word_1_779' title='bbox 201 2686 268 2710; x_wconf 84' lang='lat' dir='ltr'><strong>nem</strong></span> <span class='ocrx_word' id='word_1_780' title='bbox 282 2677 594 2716; x_wconf 47' lang='lat' dir='ltr'><strong>dirigautque&#39;sobditos</strong></span> <span class='ocrx_word' id='word_1_781' title='bbox 616 2679 643 2704; x_wconf 91' lang='lat' dir='ltr'><strong>iu</strong></span> <span class='ocrx_word' id='word_1_782' title='bbox 663 2686 776 2712; x_wconf 80' lang='lat' dir='ltr'><strong>scopum</strong></span> <span class='ocrx_word' id='word_1_783' title='bbox 790 2681 817 2704; x_wconf 89' lang='lat' dir='ltr'><strong>et</strong></span> <span class='ocrx_word' id='word_1_784' title='bbox 834 2679 915 2706; x_wconf 84' lang='lat' dir='ltr'><strong>linem</strong></span> <span class='ocrx_word' id='word_1_785' title='bbox 928 2677 986 2704; x_wconf 87' lang='lat' dir='ltr'><strong>cui-</strong></span> 
     </span>
    </p>
   </div>
   <div class='ocr_carea' id='block_1_109' title="bbox 202 2715 987 2751">
    <p class='ocr_par' dir='ltr' id='par_1_109' title="bbox 202 2715 987 2751">
     <span class='ocr_line' id='line_1_109' title="bbox 202 2715 987 2751; baseline -0.006 -8"><span class='ocrx_word' id='word_1_786' title='bbox 202 2723 256 2751; x_wconf 78' lang='lat' dir='ltr'><strong>que</strong></span> <span class='ocrx_word' id='word_1_787' title='bbox 269 2715 439 2751; x_wconf 76' lang='lat' dir='ltr'><strong>propositum</strong></span> <span class='ocrx_word' id='word_1_788' title='bbox 456 2722 472 2742; x_wconf 75' lang='grc' dir='ltr'><strong>ιι</strong></span> <span class='ocrx_word' id='word_1_789' title='bbox 491 2715 561 2745; x_wconf 85' lang='lat' dir='ltr'><strong>Deo;</strong></span> <span class='ocrx_word' id='word_1_790' title='bbox 580 2721 646 2751; x_wconf 42' lang='lat' dir='ltr'><strong>non“</strong></span> <span class='ocrx_word' id='word_1_791' title='bbox 658 2718 687 2743; x_wconf 87' lang='lat' dir='ltr'><strong>ut</strong></span> <span class='ocrx_word' id='word_1_792' title='bbox 701 2720 808 2751; x_wconf 67' lang='lat' dir='ltr'><strong>eorum</strong></span> <span class='ocrx_word' id='word_1_793' title='bbox 836 2718 987 2751; x_wconf 81' lang='lat' dir='ltr'><strong>sequantur</strong></span> 
     </span>
    </p>
   </div>
   <div class='ocr_carea' id='block_1_110' title="bbox 201 2747 990 2785">
    <p class='ocr_par' dir='ltr' id='par_1_110' title="bbox 201 2747 990 2785">
     <span class='ocr_line' id='line_1_110' title="bbox 201 2747 990 2785; baseline -0.005 -7"><span class='ocrx_word' id='word_1_794' title='bbox 201 2747 280 2781; x_wconf 64' lang='lat' dir='ltr'><strong>vitia:</strong></span> <span class='ocrx_word' id='word_1_795' title='bbox 295 2747 472 2785; x_wconf 78' lang='lat' dir='ltr'><strong>placeantque</strong></span> <span class='ocrx_word' id='word_1_796' title='bbox 506 2756 559 2778; x_wconf 84' lang='lat' dir='ltr'><strong>non</strong></span> <span class='ocrx_word' id='word_1_797' title='bbox 583 2747 889 2785; x_wconf 38' lang='grc' dir='ltr'>ἱειβυιιιᾶοεθ--ίξζιιιιιιε</span> <span class='ocrx_word' id='word_1_798' title='bbox 916 2751 990 2785; x_wconf 79' lang='lat' dir='ltr'><strong>certe</strong></span> 
     </span>
    </p>
   </div>
   <div class='ocr_carea' id='block_1_111' title="bbox 204 2782 987 2820">
    <p class='ocr_par' dir='ltr' id='par_1_111' title="bbox 204 2782 987 2820">
     <span class='ocr_line' id='line_1_111' title="bbox 204 2782 987 2820; baseline -0.005 -8"><span class='ocrx_word' id='word_1_799' title='bbox 204 2786 257 2813; x_wconf 88' lang='lat' dir='ltr'><strong>hnc</strong></span> <span class='ocrx_word' id='word_1_800' title='bbox 268 2782 443 2820; x_wconf 54' lang='lat' dir='ltr'><strong>in&#39;praelatos.</strong></span> <span class='ocrx_word' id='word_1_801' title='bbox 457 2788 486 2810; x_wconf 90' lang='lat' dir='ltr'><strong>ut</strong></span> <span class='ocrx_word' id='word_1_802' title='bbox 500 2783 674 2820; x_wconf 77' lang='lat' dir='ltr'><strong>postmodum</strong></span> <span class='ocrx_word' id='word_1_803' title='bbox 687 2782 967 2820; x_wconf 14' lang='lat' dir='ltr'><strong>collig‘itNaut-ratius</strong></span> <span class='ocrx_word' id='word_1_804' title='bbox 980 2790 987 2808; x_wconf 87' lang='lat'>:</span> 
     </span>
    </p>
   </div>
   <div class='ocr_carea' id='block_1_112' title="bbox 204 2817 988 2856">
    <p class='ocr_par' dir='ltr' id='par_1_112' title="bbox 204 2817 988 2856">
     <span class='ocr_line' id='line_1_112' title="bbox 204 2817 988 2856; baseline -0.006 -8"><span class='ocrx_word' id='word_1_805' title='bbox 204 2821 299 2856; x_wconf 79' lang='lat' dir='ltr'><strong>paucis</strong></span> <span class='ocrx_word' id='word_1_806' title='bbox 310 2817 373 2848; x_wconf 64' lang='lat' dir='ltr'><strong>vere</strong></span> <span class='ocrx_word' id='word_1_807' title='bbox 398 2817 506 2852; x_wconf 64' lang='lat' dir='ltr'><strong>notum&#39;,</strong></span> <span class='ocrx_word' id='word_1_808' title='bbox 517 2825 604 2852; x_wconf 81' lang='lat' dir='ltr'><strong>coque</strong></span> <span class='ocrx_word' id='word_1_809' title='bbox 625 2818 680 2852; x_wconf 75' lang='lat' dir='ltr'><strong>jam</strong></span> <span class='ocrx_word' id='word_1_810' title='bbox 696 2818 772 2845; x_wconf 89' lang='lat' dir='ltr'><strong>multi</strong></span> <span class='ocrx_word' id='word_1_811' title='bbox 788 2825 843 2845; x_wconf 83' lang='lat' dir='ltr'><strong>rem</strong></span> <span class='ocrx_word' id='word_1_812' title='bbox 855 2817 988 2844; x_wconf 86' lang='lat' dir='ltr'><strong>ambiunt.</strong></span> 
     </span>
    </p>
   </div>
   <div class='ocr_carea' id='block_1_113' title="bbox 1080 2531 1830 2573">
    <p class='ocr_par' dir='ltr' id='par_1_113' title="bbox 1080 2531 1830 2573">
     <span class='ocr_line' id='line_1_113' title="bbox 1080 2531 1830 2573; baseline -0.012 -9"><span class='ocrx_word' id='word_1_813' title='bbox 1080 2537 1121 2573; x_wconf 70' lang='lat' dir='ltr'><strong>(5i</strong></span> <span class='ocrx_word' id='word_1_814' title='bbox 1147 2536 1190 2573; x_wconf 70' lang='grc' dir='ltr'>Διί</span> <span class='ocrx_word' id='word_1_815' title='bbox 1205 2535 1379 2573; x_wconf 67' lang='grc' dir='ltr'>ιαίιιιαηόιιιῃ</span> <span class='ocrx_word' id='word_1_816' title='bbox 1394 2533 1491 2573; x_wconf 56' lang='lat' dir='ltr'><strong>facilis:</strong></span> <span class='ocrx_word' id='word_1_817' title='bbox 1516 2532 1636 2573; x_wconf 47' lang='lat' dir='ltr'><strong>Passive,</strong></span> <span class='ocrx_word' id='word_1_818' title='bbox 1658 2531 1712 2571; x_wconf 54' lang='lat' dir='ltr'><strong>sip:</strong></span> <span class='ocrx_word' id='word_1_819' title='bbox 1742 2531 1830 2573; x_wconf 55' lang='lat' dir='ltr'><strong>ripae-</strong></span> 
     </span>
    </p>
   </div>
   <div class='ocr_carea' id='block_1_114' title="bbox 1039 2568 1828 2607">
    <p class='ocr_par' dir='ltr' id='par_1_114' title="bbox 1039 2568 1828 2607">
     <span class='ocr_line' id='line_1_114' title="bbox 1039 2568 1828 2607; baseline -0.009 -8"><span class='ocrx_word' id='word_1_820' title='bbox 1039 2568 1155 2607; x_wconf 85' lang='grc' dir='ltr'>ηγόρίαν</span> <span class='ocrx_word' id='word_1_821' title='bbox 1166 2571 1325 2606; x_wconf 76' lang='grc' dir='ltr'>εὐπρόσιτος</span> <span class='ocrx_word' id='word_1_822' title='bbox 1337 2578 1343 2585; x_wconf 84' lang='grc'><em>’</em></span> <span class='ocrx_word' id='word_1_823' title='bbox 1364 2568 1502 2607; x_wconf 63' lang='grc' dir='ltr'>,Λοοείαίξίε</span> <span class='ocrx_word' id='word_1_824' title='bbox 1518 2576 1526 2594; x_wconf 88' lang='grc'><em>;</em></span> <span class='ocrx_word' id='word_1_825' title='bbox 1540 2571 1640 2607; x_wconf 28' lang='lat' dir='ltr'><strong>quaeret</strong></span> <span class='ocrx_word' id='word_1_826' title='bbox 1658 2568 1714 2605; x_wconf 74' lang='lat' dir='ltr'><strong>ipsa</strong></span> <span class='ocrx_word' id='word_1_827' title='bbox 1727 2568 1828 2607; x_wconf 78' lang='lat' dir='ltr'><strong>virtus.</strong></span> 
     </span>
    </p>
   </div>
   <div class='ocr_carea' id='block_1_115' title="bbox 1036 2601 1829 2640">
    <p class='ocr_par' dir='ltr' id='par_1_115' title="bbox 1036 2601 1829 2640">
     <span class='ocr_line' id='line_1_115' title="bbox 1036 2601 1829 2640; baseline -0.013 -5"><span class='ocrx_word' id='word_1_828' title='bbox 1036 2601 1136 2635; x_wconf 61' lang='lat' dir='ltr'><strong>Fatrcs</strong></span> <span class='ocrx_word' id='word_1_829' title='bbox 1152 2601 1318 2636; x_wconf 74' lang='lat' dir='ltr'><strong>animorum.</strong></span> <span class='ocrx_word' id='word_1_830' title='bbox 1330 2609 1359 2632; x_wconf 85' lang='lat' dir='ltr'><strong>et</strong></span> <span class='ocrx_word' id='word_1_831' title='bbox 1374 2604 1508 2638; x_wconf 83' lang='lat' dir='ltr'><strong>spiritales</strong></span> <span class='ocrx_word' id='word_1_832' title='bbox 1530 2602 1615 2640; x_wconf 65' lang='lat' dir='ltr'><strong>duth</strong></span> <span class='ocrx_word' id='word_1_833' title='bbox 1641 2601 1758 2640; x_wconf 62' lang='lat' dir='ltr'><strong>lataxime</strong></span> <span class='ocrx_word' id='word_1_834' title='bbox 1779 2601 1829 2640; x_wconf 59' lang='grc' dir='ltr'><strong>έθ-</strong></span> 
     </span>
    </p>
   </div>
   <div class='ocr_carea' id='block_1_116' title="bbox 1040 2634 1830 2675">
    <p class='ocr_par' dir='ltr' id='par_1_116' title="bbox 1040 2634 1830 2675">
     <span class='ocr_line' id='line_1_116' title="bbox 1040 2634 1830 2675; baseline -0.011 -6"><span class='ocrx_word' id='word_1_835' title='bbox 1040 2648 1092 2669; x_wconf 88' lang='lat' dir='ltr'><strong>cet.</strong></span> <span class='ocrx_word' id='word_1_836' title='bbox 1107 2634 1161 2669; x_wconf 24' lang='lat' dir='ltr'><strong>Vix.</strong></span> <span class='ocrx_word' id='word_1_837' title='bbox 1175 2641 1323 2675; x_wconf 84' lang='lat' dir='ltr'><strong>quidquam</strong></span> <span class='ocrx_word' id='word_1_838' title='bbox 1337 2634 1443 2667; x_wconf 63' lang='lat' dir='ltr'><strong>Ascette</strong></span> <span class='ocrx_word' id='word_1_839' title='bbox 1457 2638 1622 2675; x_wconf 78' lang='lat' dir='ltr'><strong>constiterit,</strong></span> <span class='ocrx_word' id='word_1_840' title='bbox 1642 2636 1687 2675; x_wconf 76' lang='lat' dir='ltr'><strong>cui</strong></span> <span class='ocrx_word' id='word_1_841' title='bbox 1707 2643 1761 2675; x_wconf 84' lang='lat' dir='ltr'><strong>non</strong></span> <span class='ocrx_word' id='word_1_842' title='bbox 1779 2634 1830 2675; x_wconf 68' lang='lat' dir='ltr'><strong>Pa-</strong></span> 
     </span>
    </p>
   </div>
   <div class='ocr_carea' id='block_1_117' title="bbox 1041 2673 1827 2709">
    <p class='ocr_par' dir='ltr' id='par_1_117' title="bbox 1041 2673 1827 2709">
     <span class='ocr_line' id='line_1_117' title="bbox 1041 2673 1827 2709; baseline -0.01 -5"><span class='ocrx_word' id='word_1_843' title='bbox 1041 2678 1092 2704; x_wconf 79' lang='lat' dir='ltr'><strong>tris</strong></span> <span class='ocrx_word' id='word_1_844' title='bbox 1104 2673 1258 2704; x_wconf 74' lang='lat' dir='ltr'><strong>constiterit</strong></span> <span class='ocrx_word' id='word_1_845' title='bbox 1269 2677 1388 2705; x_wconf 72' lang='lat' dir='ltr'><strong>animus,</strong></span> <span class='ocrx_word' id='word_1_846' title='bbox 1402 2674 1449 2703; x_wconf 76' lang='lat' dir='ltr'><strong>sed</strong></span> <span class='ocrx_word' id='word_1_847' title='bbox 1467 2673 1553 2707; x_wconf 71' lang='lat' dir='ltr'><strong>inagis</strong></span> <span class='ocrx_word' id='word_1_848' title='bbox 1574 2673 1661 2699; x_wconf 65' lang='lat' dir='ltr'><strong>severi</strong></span> <span class='ocrx_word' id='word_1_849' title='bbox 1679 2673 1827 2709; x_wconf 78' lang='lat' dir='ltr'><strong>exactoris.</strong></span> 
     </span>
    </p>
   </div>
   <div class='ocr_carea' id='block_1_118' title="bbox 1042 2708 1827 2743">
    <p class='ocr_par' dir='ltr' id='par_1_118' title="bbox 1042 2708 1827 2743">
     <span class='ocr_line' id='line_1_118' title="bbox 1042 2708 1827 2743; baseline -0.011 -4"><span class='ocrx_word' id='word_1_850' title='bbox 1042 2720 1073 2739; x_wconf 83' lang='lat' dir='ltr'><strong>ac</strong></span> <span class='ocrx_word' id='word_1_851' title='bbox 1089 2711 1214 2740; x_wconf 76' lang='lat' dir='ltr'><strong>tetricosi</strong></span> <span class='ocrx_word' id='word_1_852' title='bbox 1234 2710 1333 2743; x_wconf 84' lang='lat' dir='ltr'><strong>judieis</strong></span> <span class='ocrx_word' id='word_1_853' title='bbox 1353 2720 1358 2735; x_wconf 93' lang='lat'><strong><em>:</em></strong></span> <span class='ocrx_word' id='word_1_854' title='bbox 1376 2710 1416 2735; x_wconf 74' lang='lat' dir='ltr'><strong>vel</strong></span> <span class='ocrx_word' id='word_1_855' title='bbox 1430 2708 1522 2740; x_wconf 84' lang='lat' dir='ltr'><strong>etiam,</strong></span> <span class='ocrx_word' id='word_1_856' title='bbox 1542 2714 1592 2743; x_wconf 65' lang='lat' dir='ltr'><strong>sua</strong></span> <span class='ocrx_word' id='word_1_857' title='bbox 1613 2708 1762 2743; x_wconf 63' lang='lat' dir='ltr'><strong>quarentis</strong></span> <span class='ocrx_word' id='word_1_858' title='bbox 1775 2713 1827 2733; x_wconf 91' lang='lat' dir='ltr'><strong>non</strong></span> 
     </span>
    </p>
   </div>
   <div class='ocr_carea' id='block_1_119' title="bbox 1042 2740 1828 2779">
    <p class='ocr_par' dir='ltr' id='par_1_119' title="bbox 1042 2740 1828 2779">
     <span class='ocr_line' id='line_1_119' title="bbox 1042 2740 1828 2779; baseline -0.013 -4"><span class='ocrx_word' id='word_1_859' title='bbox 1042 2747 1155 2778; x_wconf 73' lang='lat' dir='ltr'><strong>subditi,</strong></span> <span class='ocrx_word' id='word_1_860' title='bbox 1171 2740 1308 2779; x_wconf 69' lang='lat' dir='ltr'><strong>eoquene</strong></span> <span class='ocrx_word' id='word_1_861' title='bbox 1322 2744 1408 2771; x_wconf 92' lang='lat' dir='ltr'><strong>hilum</strong></span> <span class='ocrx_word' id='word_1_862' title='bbox 1430 2744 1528 2770; x_wconf 86' lang='lat' dir='ltr'><strong>Patris.</strong></span> <span class='ocrx_word' id='word_1_863' title='bbox 1553 2741 1652 2768; x_wconf 81' lang='lat' dir='ltr'><strong>Pareat</strong></span> <span class='ocrx_word' id='word_1_864' title='bbox 1681 2740 1763 2771; x_wconf 78' lang='lat' dir='ltr'><strong>Deus,</strong></span> <span class='ocrx_word' id='word_1_865' title='bbox 1796 2747 1828 2779; x_wconf 70' lang='lat' dir='ltr'><strong>ne</strong></span> 
     </span>
    </p>
   </div>
   <div class='ocr_carea' id='block_1_120' title="bbox 1043 2774 1826 2816">
    <p class='ocr_par' dir='ltr' id='par_1_120' title="bbox 1043 2774 1826 2816">
     <span class='ocr_line' id='line_1_120' title="bbox 1043 2774 1826 2816; baseline -0.01 -8"><span class='ocrx_word' id='word_1_866' title='bbox 1043 2781 1107 2816; x_wconf 92' lang='lat' dir='ltr'><strong>quid</strong></span> <span class='ocrx_word' id='word_1_867' title='bbox 1123 2774 1237 2816; x_wconf 61' lang='lat' dir='ltr'><strong>monstri</strong></span> <span class='ocrx_word' id='word_1_868' title='bbox 1252 2779 1397 2814; x_wconf 71' lang='lat' dir='ltr'><strong>ejusmodi,</strong></span> <span class='ocrx_word' id='word_1_869' title='bbox 1415 2783 1468 2809; x_wconf 82' lang='lat' dir='ltr'><strong>tam</strong></span> <span class='ocrx_word' id='word_1_870' title='bbox 1485 2782 1593 2810; x_wconf 79' lang='lat' dir='ltr'><strong>sancta,</strong></span> <span class='ocrx_word' id='word_1_871' title='bbox 1613 2779 1701 2803; x_wconf 80' lang='lat' dir='ltr'><strong>mater</strong></span> <span class='ocrx_word' id='word_1_872' title='bbox 1717 2780 1744 2802; x_wconf 85' lang='lat' dir='ltr'><strong>et</strong></span> <span class='ocrx_word' id='word_1_873' title='bbox 1764 2774 1826 2801; x_wconf 85' lang='lat' dir='ltr'><strong>reli-</strong></span> 
     </span>
    </p>
   </div>
   <div class='ocr_carea' id='block_1_121' title="bbox 1043 2815 1247 2851">
    <p class='ocr_par' dir='ltr' id='par_1_121' title="bbox 1043 2815 1247 2851">
     <span class='ocr_line' id='line_1_121' title="bbox 1043 2815 1247 2851; baseline -0.005 -8"><span class='ocrx_word' id='word_1_874' title='bbox 1043 2815 1087 2851; x_wconf 74' lang='lat' dir='ltr'><strong>gio</strong></span> <span class='ocrx_word' id='word_1_875' title='bbox 1103 2815 1247 2851; x_wconf 85' lang='lat' dir='ltr'><strong>pepererit.</strong></span> 
     </span>
    </p>
   </div>
  </div>
