1925 3088
171 103 236 138 1831

203 162 259 190 Nos
276 160 405 191 humiles.
421 167 484 186 eum
502 159 564 187 aliis
578 167 611 187 ac
634 167 691 195 prae
707 161 768 188 aliis
794 161 820 188 in
837 169 956 196 prmseu-
968 161 993 191 Α

167 210 267 236 tiarum
282 207 346 234 facti
364 206 492 241 orpliani,
510 214 542 233 ac
560 213 675 241 corpore
691 207 823 242 disjuncli
838 229 845 239 ,
859 202 954 235 ’τοίίοιί

167 262 269 292 sumus.
286 252 412 280 desolati.
440 251 515 278 Facti
541 260 637 279 sumus
656 253 729 280 sicut
758 260 772 279 a
797 253 952 288 principio:

168 301 291 332 lugentes
315 298 469 325 incedimus
486 305 517 324 ac
532 297 607 324 vultu
628 303 735 326 mcesto.
753 298 828 325 Facti
856 306 954 325 sumus

168 343 337 371 adversariis
360 343 537 378 opprobrium
553 363 560 375 ,
586 344 770 379 gaudiumque
808 343 953 371 haereticis.

167 390 332 424 Aperuerunt
343 394 432 415 contra
448 398 494 416 nos
511 389 682 416 Iconomachi
695 398 723 416 os
737 389 850 416 suum‘:
866 388 954 415 (Esti-

167 436 232 462 mati
256 443 346 462 sumus
372 443 430 461 cum
452 435 666 462 descendentibus
681 436 708 462 in
723 435 809 461 lacum
824 437 834 452 ⁸
850 443 857 461 :
876 435 954 462 Facti

166 490 256 508 sumus
269 481 337 508 sicut
351 489 442 515 passer
455 481 593 507 solitarius
604 482 631 507 in
647 485 712 507 tecto
722 481 731 496 '
750 490 756 507 :
771 480 857 508 Paula
867 481 953 507 minus

166 526 295 554 habitavit
308 527 362 552 vita
371 531 460 552 nostra
475 527 502 552 in
518 526 647 560 inferno".
662 525 763 553 Sumus
771 526 892 553 destituti
902 527 951 561 (6),

167 581 198 600 ac
220 572 282 599 \‘icti
298 572 378 599 tzedio
395 581 401 598 :
418 572 623 606 desperavimus
638 580 644 598 :
659 572 721 599 facti
742 579 838 599 sumus
867 572 952 599 tristis

166 617 269 644 mundo
287 617 407 643 narratio
421 625 427 643 :
444 622 536 650 atque,
552 617 705 651 ograudem
720 625 813 643 revera
832 617 952 644 tristem-

165 671 218 697 que
249 663 421 689 solitudinem
441 664 447 689 !
466 671 545 697 quam
567 663 646 697 plane
666 671 761 690 sumus
772 663 834 689 facti
848 663 952 690 similes

166 710 296 743 pelecano
308 709 434 736 solitario
447 710 458 725 ⁸
471 709 482 735 ?
508 709 603 744 lnclyti
628 709 677 736 viri
709 709 842 736 transitus
857 709 952 736 dolore

166 755 286 789 implevit
301 759 423 782 nostrum
441 763 488 782 cor
504 755 616 781 humile.
643 754 842 783 Obtenehratos
857 755 952 783 oculos

166 807 274 827 nostros
295 801 415 836 opplevit
428 801 565 836 lacrymis.
581 801 670 827 Animi
690 809 786 828 sensus
805 801 950 836 gemitibus

164 847 326 879 Cumulavit,
351 855 383 874 ac
404 847 464 873 aliis
480 847 596 881 aliisque
611 847 702 874 cordis
724 847 847 874 aestibus.
861 847 950 874 Vitam
967 836 988 863 Β

165 897 325 928 praesentem
344 894 470 920 odibilem
484 893 611 924 reddidit.
627 897 742 920 mortem
755 901 819 920 vero
838 893 952 920 deside-

165 939 289 966 rabilem.
320 939 411 965 Animi
438 947 485 965 ver
511 939 537 965 in
569 939 684 966 hiemem
718 940 860 966 convertit.
886 939 952 972 Quae

115 975 119 982 ’
165 985 242 1011 multi
260 986 382 1019 impense
393 989 496 1016 amant,
510 992 541 1012 ea
553 985 631 1012 nobis
643 985 839 1012 abominationi
851 986 953 1013 haben-

165 1024 221 1056 tur.
237 1029 280 1056 Sit:
295 1037 360 1056 vero
376 1036 480 1062 nostra,
494 1038 511 1057 ο
524 1030 765 1062 venerabilissiuii,
787 1031 950 1058 immensum

165 1076 300 1110 lugubria,
319 1083 479 1110 amaraque,
498 1084 549 1103 nec
566 1077 665 1108 amica,
680 1077 722 1103 vel
739 1077 888 1111 quidquam
904 1077 951 1104 lm-

165 1126 208 1152 ta;
223 1130 255 1148 ac
271 1122 416 1156 ejusmodi.
446 1126 474 1148 ut
495 1122 596 1148 nullam
620 1122 836 1149 consolationem
854 1122 952 1150 adiuit-

165 1173 240 1200 tant;
261 1173 386 1203 utquam
404 1168 431 1194 in
450 1173 553 1202 partem
577 1169 715 1196 discurrat
737 1169 849 1196 humilis
869 1169 949 1202 ratio,

165 1211 312 1244 nusquam.
332 1213 384 1239 nisi
408 1221 439 1240 ea
455 1218 560 1240 tantum
585 1215 700 1245 ratione,
721 1219 749 1241 ut
766 1215 793 1241 in
809 1214 892 1242 Deum
919 1223 952 1242 ac

164 1265 272 1285 sacrum
291 1259 444 1292 sepulcrum
460 1259 570 1286 assidue
587 1261 747 1294 respexerit.
770 1261 889 1295 quietem
908 1261 952 1288 in-

165 1304 264 1330 veniat.
280 1303 413 1331 Caeterum
429 1305 476 1339 qui
491 1305 592 1332 habent
614 1314 657 1332 res
672 1307 788 1333 vestrae?
803 1306 862 1334 Non
879 1307 952 1334 velut

164 1350 283 1377 nesciant
306 1350 452 1385 interrogo.
470 1351 621 1378 Percontor
648 1351 838 1384 nihilominus,
861 1360 878 1379 ο
904 1353 952 1380 de-

164 1395 358 1423 sideratissimi
377 1405 383 1422 :
402 1404 469 1424 sane
483 1397 556 1424 enim
569 1397 666 1424 similia
683 1406 795 1432 prorsus
810 1399 950 1433 dixeritis;

164 1442 308 1475 siquidem,
317 1447 384 1469 teste
394 1443 546 1477 Scriptura,
557 1452 608 1470 uno
621 1445 734 1470 membro
744 1445 869 1478 patiente,
879 1453 951 1472 com-

164 1491 304 1522 patiuntur
320 1490 408 1515 omnia
425 1489 540 1516 membra
553 1491 573 1517 '.
589 1490 666 1522 Quod
683 1498 747 1516 vero
766 1490 815 1524 ipsi
828 1491 949 1518 membra

163 1535 234 1566 sitis,
261 1540 287 1562 et
304 1537 415 1570 quidem
440 1536 465 1562 in
486 1537 615 1564 membris
631 1536 813 1569 nobilissima,
837 1538 950 1565 omnino

164 1581 338 1609 ruaiiil‘estum
364 1582 418 1613 sit;
453 1591 538 1617 quare
563 1583 661 1610 merito
688 1584 850 1613 condoletis.
883 1585 949 1618 Quis

162 1627 235 1654 enim
247 1627 375 1660 deinceps
391 1627 560 1654 venientibus
571 1629 632 1654 laeto
651 1627 726 1653 vultu
743 1628 905 1660 occurrerit,
917 1636 950 1655 ac

163 1674 289 1701 manibus
304 1674 409 1708 supinis
427 1674 588 1707 susceperit.
615 1675 827 1709 complexusque
852 1674 949 1701 charos

162 1719 254 1746 vultus
271 1719 412 1746 osculatus
426 1719 526 1746 fuerit?
543 1719 610 1752 Quis
627 1725 792 1754 opportuna.
809 1725 837 1747 et
852 1720 950 1747 animae

162 1766 348 1792 conducibilia
365 1765 590 1799 percontabitur?
604 1765 671 1798 Quis
691 1766 783 1793 tristes
798 1767 949 1800 composita

162 1811 349 1838 admonitione
369 1811 568 1838 laetiiicaverit?
585 1811 655 1844 Quis
681 1820 736 1846 pra:
755 1812 880 1839 molestia
900 1820 948 1839 co-

162 1856 324 1890 gitationum
342 1861 466 1889 mmstos,
484 1861 609 1891 totosque
622 1865 771 1884 succenses
784 1865 816 1884 ac
829 1862 949 1884 mstuan-

163 1906 202 1928 les
222 1901 445 1936 refrigeraverit?
472 1902 540 1934 Quis
562 1902 699 1929 inunxerit
721 1903 754 1929 ad
780 1903 949 1930 certamina?

161 1948 228 1980 Quis
243 1948 275 1974 ad
298 1947 406 1982 pietatis
417 1955 529 1975 cursum
543 1948 708 1975 intenderit?
725 1948 792 1982 Quis
813 1950 846 1975 ad
864 1949 948 1977 virilis

161 1993 246 2020 animi
261 1993 343 2021 robur
357 1993 566 2028 provocaverit?
590 1994 657 2027 Quis
669 1995 702 2022 ad
721 1995 843 2022 veritatis
860 1999 949 2022 certa-

162 2047 223 2066 men
239 2039 399 2066 duraverit?
418 2039 484 2072 Quis
496 2041 689 2074 aegrotantibus
703 2041 832 2067 medelam
851 2040 950 2068 attule-

163 2085 216 2112 rit?
232 2085 299 2118 Quis
314 2086 408 2120 procul
430 2086 589 2113 absentibus
605 2094 652 2121 per
671 2087 799 2121 epistolas
814 2091 947 2121 opportu-

162 2139 196 2158 ua
225 2131 349 2158 elocutus
369 2131 469 2159 fuerit?
486 2131 553 2164 Quis
567 2132 603 2159 ita
616 2132 758 2165 dilexerit,
773 2133 948 2167 animamque

642 103 846 137 APPENDIX.
861 117 895 123 ο-
911 104 1120 135 NAUCRATII
1138 103 1345 136 ENCYCLICA

1722 100 1793 134 1832

1047 162 1140 196 Ἡμεῖς
1154 161 1178 187 οἱ
1192 160 1324 191 ταπεινοὶ,
1340 159 1365 185 οί
1386 157 1456 194 μετὰ
1467 156 1578 184 πάντων
1593 156 1640 182 καὶ
1657 162 1709 192 προ
1726 158 1794 184 πᾶν·

1005 215 1060 234 των
1071 207 1105 233 τὰ
1115 206 1163 233 νῦν
1173 205 1433 240 ἀπορφανισθέντες,
1451 203 1498 230 καὶ
1513 202 1718 237 διαζευχθέντες
1738 211 1792 230 σω-

1007 250 1141 287 ματικῶς.
1153 249 1371 284 κατελείφθημεν
1383 247 1580 284 μεμονωμένοι.
1589 247 1740 282 Γεγόναμεν
1754 247 1794 279 ὡς

1005 298 1035 324 τὸ
1049 298 1097 324 ἀπ’
1111 297 1198 332 ἀρχῆς
1210 306 1216 312 ·
1237 295 1399 327 πενθοῦντες
1419 295 1467 320 καὶ
1484 294 1728 328 σκυθρωπάζοντες
1744 302 1794 319 πο-

1007 343 1140 379 ρευόμεθα
1150 349 1156 356 ·
1173 342 1324 376 γεγόναμεν
1337 340 1437 371 ὄνειδος
1446 338 1502 371 τοῖς
1517 339 1659 370 ἐναντίοις,
1675 338 1792 373 ἐπίχαρ-

1006 398 1044 424 μα
1059 390 1115 420 τοῖς
1127 387 1291 419 κακοδόξοις.
1309 388 1456 414 Ἦνοηιται
1471 385 1536 413 καθ’
1547 384 1631 419 ’ἡμῶν
1642 384 1793 418 Είκονομά-

1004 444 1059 471 χων
1074 436 1172 469 στόμα
1181 442 1187 448 ·
1203 433 1484 467 Προσελογίσθημεν
1493 432 1568 466 μετὰ
1582 430 1642 457 τῶν
1656 431 1795 457 καταϐαι-

1003 483 1119 510 νόντων
1137 483 1181 515 εἰς
1194 482 1319 514 λάκκον,
1329 480 1474 516 ψαλμικῶς
1489 480 1576 506 εἰπεῖν
1588 487 1596 494 ·
1618 478 1792 513 Γεγόναμεν

1003 529 1043 561 ὡς
1057 527 1218 561 στρουθίον
1233 525 1364 561 μονάζον
1377 526 1426 552 ἐπὶ
1441 525 1575 559 δώματος
1586 531 1593 539 ⁸
1611 522 1792 557 Παραὸραχὺ

1004 573 1164 607 “arma
1188 572 1227 605 τῶ
1245 572 1301 606 ἅδῃ
1327 572 1346 605 ἠ
1369 571 1426 605 ζωὴ
1447 570 1540 605 ἡμῶν·
1563 569 1791 604 Ἐξηπορήμεθα·

1003 618 1180 653 ἀπειπάμεθα
1199 617 1303 644 ἐαυτῶν
1313 623 1320 631 ·
1337 616 1491 650 γεγόναμεν
1504 615 1544 650 τῷ
1557 614 1653 649 κόσμῳ
1667 614 1794 648 διήγημα

1003 664 1165 698 σκυθρωπόν
1175 671 1183 679 ·
1207 663 1264 694 καὶ,
1276 663 1298 688 ὢ
1311 662 1360 697 τῆς
1373 661 1462 696 δεινῆς
1472 660 1557 691 ὅντως
1569 660 1617 686 καὶ
1628 659 1794 694 σκυθρωπῆς

1003 710 1138 745 ὲρημίαςί
1156 710 1214 740 πῶς
1234 709 1356 745 ἀκριϐῶς
1374 707 1558 742 ὡμοιώθημεν
1574 705 1704 732 πελεκᾶνι
1726 705 1794 740 ἐρη-

1003 757 1092 793 μικῷ;
1119 756 1238 782 Ἐκείνου
1259 754 1306 781 τοῦ
1317 754 1438 788 ἀοιδίμου
1462 754 1479 788 ἡ
1503 753 1677 788 μετάστασις,
1697 751 1795 786 ὀδύνης

1003 803 1186 837 πεπλήρωκεν
1203 801 1281 836 ἡμῶν
1295 800 1344 835 τὴν
1358 799 1488 834 ταπεινὴν
1510 798 1626 833 καρδίαν
1637 805 1644 813 ·
1667 797 1794 832 δακρύων

1003 850 1081 885 ἡμῶν
1092 850 1155 881 τοὺς
1165 849 1374 884 ἐσκοτισμένους
1385 847 1532 882 ἐνέπλησεν
1542 844 1700 880 ὀφθαλμούς
1708 852 1715 858 ·
1731 851 1794 870 στε-

1003 897 1116 931 ναγμῶν
1127 895 1280 931 ἐπλήρωσε,
1296 894 1450 929 καρδιακῶν
1464 892 1608 928 βρασμῶν,
1618 891 1667 918 καὶ
1676 889 1793 925 ἀναδρα-

1003 942 1091 977 σμῶν,
1102 942 1136 968 τὰ
1147 943 1196 977 τῆς
1205 941 1292 976 ψυχῆς
1303 940 1480 975 αἰσθητήρια.
1491 938 1547 974 Τὴν
1562 937 1704 973 παροῦσαν
1717 936 1792 971 ζωὴν

1004 988 1122 1024 μισητὴν
1138 987 1282 1022 πεποίηκε,
1297 987 1342 1013 τὸν
1356 986 1471 1013 θάνατον
1492 984 1671 1019 ἐπιθυμητὸν.
1687 983 1724 1009 Τὸ
1739 983 1793 1017 ψυ-

1002 1034 1078 1070 χικὸν
1095 1034 1145 1069 ἔαρ
1161 1035 1201 1065 είς
1217 1033 1337 1069 χειμῶνα
1358 1031 1535 1067 μετέστρεφε.
1555 1031 1597 1057 Τὰ
1611 1031 1666 1062 τοῖς
1683 1029 1793 1059 πολλοῖς

1002 1079 1236 1114 περισπούδαστα,
1255 1079 1322 1114 ἡμῖν
1345 1077 1516 1104 ἅπόπτυστα.
1534 1077 1588 1102 Καὶ
1606 1075 1641 1101 τὰ
1663 1074 1713 1109 μὲν
1730 1073 1792 1100 καθ’

1002 1127 1085 1161 ἡμᾶς,
1116 1123 1138 1152 ὦ
1166 1124 1394 1160 σεϐασμιώτατοι,
1418 1123 1490 1150 οὕτω
1517 1121 1718 1149 πολυστένακτα
1745 1120 1793 1146 καὶ

1002 1172 1170 1204 πολυώδυνα,
1193 1171 1277 1206 ἄφιλα
1293 1179 1322 1197 τε
1339 1170 1386 1197 καὶ
1411 1169 1536 1205 ἁνέορτα,
1561 1168 1699 1204 μηδεμίαν
1717 1174 1792 1201 παρ-

1001 1217 1115 1253 ηγορίαν
1143 1216 1256 1251 ἔχοντα’
1280 1214 1418 1250 πανταχοῦ
1437 1214 1484 1241 τοῦ
1509 1213 1639 1241 ταπεινοῦ
1660 1211 1793 1246 λογισμοῦ

1000 1263 1161 1294 διαθέοντος,
1177 1262 1224 1289 καὶ
1240 1261 1365 1297 μηδαμοῦ
1380 1261 1475 1287 στάσιν
1489 1258 1698 1296 εὑρίσκοντος,ἢ
1711 1257 1792 1293 μόνον

1001 1311 1026 1336 εί
1049 1310 1089 1340 είς
1110 1309 1177 1335 Θεὸν
1200 1308 1247 1335 καὶ
1272 1309 1312 1340 είς
1331 1307 1376 1334 τὸν
1397 1307 1469 1342 ἱερὸν
1483 1307 1568 1340 τάφον
1587 1304 1792 1340 παρεδρευτικὴ

1001 1356 1151 1392 amasso“.
1173 1356 1269 1382 Ὀποῖα
1282 1354 1310 1381 δέ
1323 1354 1357 1380 τὰ
1372 1353 1434 1380 καθ’
1452 1353 1539 1388 ὑμᾶς
1556 1352 1605 1377 οὑκ
1621 1350 1728 1385 ἀγνοῶν
1742 1351 1793 1376 ἐπ-

1001 1402 1111 1437 ερωτῶ·
1139 1401 1308 1435 πυνθάνομαι
1331 1399 1354 1426 δ’
1371 1397 1419 1426 οὖν
1443 1399 1527 1434 ὅμως,
1547 1395 1570 1424 ὦ
1594 1397 1791 1427 ποθεινότατοι,

1001 1448 1047 1475 καί
1059 1457 1089 1482 γε
1103 1447 1139 1474 τὰ
1159 1447 1239 1482 ὅμοια
1253 1446 1361 1477 πάντως
1376 1445 1503 1479 φήσοιτε·
1519 1445 1544 1470 εἰ
1564 1444 1630 1479 γὰρ,
1642 1443 1679 1475 ὥς
1695 1451 1791 1478 φησιν,

963 1506 985 1536 C
1001 1494 1069 1527 ἐνὸς
1089 1494 1203 1528 μέλους
1227 1491 1401 1526 πάσχοντος
1427 1489 1605 1524 σιμιμπάσχει
1633 1488 1731 1515 πάντα
1756 1490 1793 1515 τὰ

1000 1539 1089 1575 μέλη.
1118 1540 1178 1566 Ὀτι
1203 1539 1232 1565 δέ
1255 1538 1333 1572 ὑμεῖς
1357 1536 1436 1572 μέλη,
1451 1536 1499 1563 καὶ
1525 1535 1580 1562 τῶν
1606 1534 1791 1570 τιμιωτάτων,

1003 1586 1084 1613 παντί
1104 1593 1155 1612 που
1170 1584 1259 1620 δῆλον.
1279 1583 1361 1610 Ὅθεν
1381 1583 1493 1613 εἰκότως
1510 1582 1528 1615 ἡ
1545 1581 1719 1615 συνάλγησις.
1743 1580 1792 1611 Τίς

1002 1634 1056 1668 γὰρ
1077 1632 1155 1667 ὑμῶν
1176 1631 1217 1658 ἔτι
1234 1629 1465 1666 παραγενομένων
1487 1628 1710 1663 προσυπαντήσε.
1728 1634 1792 1660 φαι-

1002 1680 1058 1714 δρῷ
1072 1678 1112 1713 τῷ
1126 1677 1275 1713 προσώπῳ,
1298 1676 1346 1703 καὶ
1371 1675 1481 1706 ὑπτίαις
1509 1674 1602 1709 χερσὶν
1622 1671 1790 1704 ὑποδέξεται,

1002 1725 1049 1752 καὶ
1082 1723 1277 1759 περιπλακεὶς,
1309 1721 1515 1748 κατασπάσεται
1542 1719 1619 1754 ὑμῶν
1648 1719 1682 1745 τὰ
1712 1718 1793 1752 τίμια

1003 1770 1154 1803 πρόσωπα;
1169 1768 1217 1799 Τίς
1230 1767 1399 1801 ἐπερωτήσει
1412 1765 1447 1791 τὰ
1459 1765 1551 1791 δέοντα
1562 1763 1612 1789 καὶ
1626 1761 1791 1797 ψυχωφελῆ;

1002 1817 1050 1846 Τίς
1063 1815 1250 1850 λυπουμένους
1265 1813 1456 1849 χαροποιήσειε
1471 1812 1503 1845 τῇ
1521 1809 1633 1844 ἐμμελεῖ
1646 1807 1772 1842 νουθεσίᾳ
1783 1827 1792 1840 ,

1001 1860 1049 1892 Τίς
1064 1860 1261 1894 ἀπεγνωκότας
1277 1857 1478 1893 παρακαλέσει-ε
1491 1863 1498 1887 ;
1512 1855 1560 1886 Τίς
1572 1854 1622 1881 ἀου
1628 1854 1744 1888 μοῦντας
1759 1854 1793 1879 ἐκ

1000 1905 1150 1940 λογισμῶν,
1174 1904 1223 1931 καὶ
1243 1902 1523 1938 κατεμπρηζομένους
1551 1899 1715 1934 ἁναψύξειε;
1743 1898 1793 1929 Τίς

1001 1951 1162 1986 ἀπαλείψειε
1188 1950 1256 1986 πρὸς
1279 1950 1342 1977 τοὺς
1365 1948 1490 1982 ἁγῶναςς
1512 1946 1561 1978 Τίς
1576 1945 1702 1973 τονώσειε
1722 1945 1793 1980 πρὸς

1000 1998 1046 2024 τὸν
1060 1997 1110 2032 τῆς
1124 1995 1267 2025 εὐσεϐείας
1283 1993 1401 2028 δρόμον;
1416 1992 1463 2024 Τίς
1475 1991 1604 2025 διεγείροι
1621 1990 1690 2024 πρὸς
1709 1990 1792 2016 εὐαν-

1000 2042 1110 2078 δρείαν;
1127 2040 1175 2072 Τίς
1189 2039 1340 2074 στομώσειε
1355 2038 1423 2073 πρὸς
1439 2038 1563 2064 ἔνστασιν
1581 2036 1726 2071 ἁληθείαςς
1742 2035 1792 2066 Τίς

1003 2088 1141 2123 ίατρεύσει
1153 2085 1349 2120 νενοσηκότας;
1363 2084 1410 2115 Τίς
1425 2084 1519 2119 πόρρω
1529 2083 1589 2109 οὖσι
1602 2082 1648 2109 διὰ
1661 2081 1793 2117 γράμμα-

1000 2143 1046 2165 τος
1062 2131 1280 2169 προσφθέγξεται
1294 2131 1328 2157 τὰ
1342 2130 1500 2165 ὀφείλοντα;
1516 2129 1562 2160 Τίς
1577 2128 1664 2158 οὕτως
1680 2126 1791 2162 ἀγαπή-

161 2177 308 2212 pretiosam
325 2197 333 2209 ,
361 2177 462 2204 Christi
481 2178 608 2213 exemplo
623 2198 630 2210 ,
646 2178 877 2213 quemadmodum
903 2179 948 2205 ille

1002 2188 1067 2210 σειε,
1090 2179 1138 2205 καὶ
1161 2178 1210 2213 τὴν
1233 2178 1326 2212 τιμίαν
1347 2175 1436 2211 ψυχὴν
1464 2176 1534 2209 ὑπὲρ
1562 2175 1678 2201 ἐκάστου
1697 2174 1790 2207 θήσειι

161 2223 255 2250 divino
271 2231 384 2250 munere
399 2231 549 2251 concessus
566 2229 658 2258 pastor
683 2232 715 2251 ac
741 2225 838 2251 doctor
852 2245 860 2257 ,
897 2232 947 2259 pro

161 2276 326 2303 unoquoque
342 2269 481 2304 posuerit?
496 2269 565 2301 Quid
585 2278 649 2297 vero
664 2278 744 2304 opus,
760 2276 790 2297 nt
817 2270 947 2305 pleraque

136 2324 138 2327 ·
161 2314 235 2341 beati
261 2319 343 2348 atque
367 2315 539 2342 admirabilis
556 2316 618 2348 viri,
646 2316 773 2343 lamentis
786 2323 944 2351 prosequar,

161 2359 197 2386 ob
208 2367 267 2394 quae
277 2361 360 2387 etiam
379 2361 498 2387 maxime
511 2360 617 2394 jactura
632 2360 739 2387 videtur
750 2360 947 2389 intolerabilis?

161 2403 228 2431 Nam
244 2413 298 2431 non
320 2405 412 2432 tulerit
425 2405 521 2433 modus
537 2406 658 2440 epistolae
674 2415 681 2434 :
695 2414 852 2441 quanquam
877 2407 947 2434 alio-

161 2450 218 2484 qui,
231 2451 271 2478 sie
285 2451 381 2478 humili
394 2452 484 2478 anima
499 2457 593 2480 nostra
605 2461 637 2479 ex
647 2453 757 2480 tristitia
771 2453 943 2486 coacideule,

999 2226 1252 2261 Χριστομιμήτως;
1282 2223 1320 2254 ὡς
1340 2224 1354 2250 ὁ
1375 2221 1542 2256 θεεδώρητος
1561 2221 1664 2251 ἐκεῖνος
1687 2218 1790 2253 ποιμὴν

1000 2271 1046 2298 δια)⁴
1065 2269 1239 2300 διδάσκαλος;
1263 2267 1318 2294 Καὶ
1338 2267 1364 2292 τί
1377 2266 1417 2292 δεῖ
1430 2266 1464 2293 τὰ
1489 2265 1574 2292 πολλὰ.
1591 2263 1639 2291 τοῦ
1653 2263 1789 2298 μακαρίου

1001 2316 1048 2343 καὶ
1069 2315 1233 2349 ἁξιαγὰστου
1262 2312 1458 2347 ἐκτραγῳδεῖν,
1483 2311 1524 2345 ἐφ’
1546 2307 1586 2341 οἷς
1608 2310 1654 2336 καὶ
1672 2308 1791 2344 μάλιστα

999 2362 1049 2398 τὴν
1073 2361 1173 2396 ζημίαν
1192 2360 1329 2394 ἀφόρητον
1351 2359 1484 2393 ὑπάρχειν
1500 2356 1661 2390 λογίζεσθες
1679 2354 1735 2381 οὐδ’
1755 2354 1790 2380 ἂν

999 2407 1143 2442 ἐπιστολῆς
1159 2407 1258 2442 μέτρον
1271 2405 1442 2438 ὑποδέξαιτο·
1455 2404 1502 2430 καὶ
1519 2403 1617 2435 ἄλλως,
1630 2403 1680 2428 οὑκ
1694 2401 1790 2428 εῠχαμ

1000 2463 1046 2490 ρον
1067 2454 1274 2490 ἀριστευμάτων
1290 2452 1380 2487 πλήθη
1400 2451 1439 2486 τῷ
1454 2451 1600 2486 γράμματι
1624 2450 1787 2485 προσάγειν,

194 2517 205 2533 ⁸
219 2517 292 2545 Psal.
311 2525 368 2549 ut,
389 2518 433 2545 ιι.
471 2518 482 2534 ⁵
499 2518 573 2546 Psal.
591 2527 713 2552 Luxvu,
729 2520 756 2547 5.
794 2520 805 2536 ⁸
823 2519 897 2548 Psal.
917 2528 950 2553 cr.

1036 2522 1046 2538 ⁷
1061 2521 1134 2549 Psal.
1148 2528 1224 2553 xcut,
1241 2521 1284 2547 17.
1304 2520 1316 2536 ⁸
1335 2520 1409 2548 Psal.
1424 2527 1461 2552 cr,
1479 2519 1505 2546 7.
1540 2519 1551 2535 ’
1566 2518 1574 2545 Ι
1589 2518 1654 2546 Cor.
1675 2527 1724 2552 xu,
1739 2517 1787 2546 '26.

913 2577 1029 2607 ΝΟΤΕ.

195 2633 359 2670 (ϐλδρυιιω
393 2634 521 2661 destituti.
550 2635 743 2670 ὲξηπορήμεθα
769 2644 778 2662 :
803 2635 950 2670 apostolica

159 2676 211 2706 vox
237 2668 340 2706 I|_Cor.
364 2677 400 2700 Iv,
430 2671 531 2697 habens
560 2668 723 2703 emphasim.
756 2675 786 2697 ut
815 2668 950 2706 signiticet

159 2704 233 2731 velut
260 2704 480 2738 desperationem
512 2705 636 2732 vincente
667 2713 780 2740 prorsus
811 2704 891 2732 taedio
923 2711 949 2733 et

160 2739 296 2775 ansietate
324 2740 525 2775 ἀπορούμενοι,
556 2739 673 2775 inquit,’
690 2740 747 2767 ἀλλ’
764 2741 814 2767 οὑκ
848 2740 948 2772 ἐξαπο-

162 2773 307 2810 ρούμενοι;
325 2773 403 2809 quasi
422 2773 495 2802 dicat
513 2785 519 2802 :
539 2773 617 2802 Anxii
639 2776 748 2810 quidem
760 2795 767 2807 .
788 2780 816 2802 at
833 2784 888 2802 nou
910 2776 947 2803 ita

161 2814 190 2836 ut
206 2809 328 2837 anxietas
348 2811 460 2838 omnino
476 2810 582 2842 vincat.
604 2818 635 2838 ac
649 2809 734 2842 velut,
761 2812 787 2837 in
816 2811 944 2846 despera-

1000 2636 1082 2663 tionis
1097 2635 1256 2662 barathrum
1270 2634 1401 2669 impellat.
1416 2633 1523 2660 Erasin.
1540 2632 1714 2669 Laboromus,
1728 2631 1787 2669 sed.

998 2677 1063 2703 etc.,
1078 2671 1151 2697 velut
1165 2671 1198 2697 de
1222 2667 1316 2696 reruni
1336 2669 1447 2703 penuria
1476 2671 1603 2703 loquatur
1625 2667 1786 2701 Apostolus,

998 2702 1069 2741 quod
1091 2706 1183 2733 minus
1197 2711 1289 2739 aplqu
1305 2702 1423 2731 videtur.
1448 2703 1541 2741 Maluit
1566 2702 1643 2741 Vulg.
1667 2703 1788 2741 retinete

996 2737 1090 2768 vocem
1114 2737 1249 2771 Graecam,
1277 2747 1308 2767 ac
1329 2748 1379 2767 celi
1403 2747 1435 2766 ex
1464 2748 1494 2765 ca
1522 2739 1645 2765 Latinam
1672 2737 1786 2772 tingere,

996 2785 1051 2811 quo
1065 2784 1114 2807 sua
1136 2776 1174 2802 illi
1190 2775 1342 2810 amplitudo
1357 2776 1528 2811 consisteret.
1542 2773 1713 2808 Aperiantur,
1727 2775 1786 2806 sed,

999 2810 1051 2840 etc.
1066 2811 1148 2838 Plane
1163 2816 1254 2838 tamen
1271 2810 1417 2838 obscurius
1435 2815 1487 2837 est.
