1925 3088
141 159 209 191 1833

620 163 669 193 DE
685 163 801 194 OBITU
824 165 844 194 S
872 162 1253 198 THEODORISTUDITE

1703 169 1771 205 183i

132 215 220 248 οὓτως
241 215 318 251 ήμῶν
331 216 382 252 τῆς
395 217 526 252 ταπεινῆς
541 218 628 254 ψυχῆς
643 228 878 255 συμπεπτωκυιας
893 223 921 256 τῇ

979 222 1167 257 importununt
1181 224 1217 252 sit
1229 224 1306 258 plura
1317 224 1368 252 viri
1386 225 1510 253 facinora
1527 225 1624 255 litteris
1641 227 1770 257 insereret

131 261 216 298 λύπῃ,
234 262 267 288 Τί
284 262 338 297 γὰρ
349 263 403 289 τῶν
414 263 518 290 ἐκείνου
533 265 665 297 τοιοῦτον,
681 263 736 292 οἷον
751 266 767 302 ἢ
787 267 837 302 τῆς
856 268 909 302 μνή
919 283 925 287 -

134 315 189 342 μης
202 307 281 342 ήμῶν
295 308 434 340 ἐκπεσεῖν,
451 308 467 343 ἢ
481 309 636 336 σιωπᾶσθαι
654 310 728 344 ἄξιον
748 312 923 347 νομισθῆναι;

139 353 210 379 Ἀλλ’
224 352 298 388 οἴμοι
315 353 354 388 τῷ
368 354 504 389 ταπεινῷι
523 354 627 383 ἔνδοθεν
639 357 684 391 ὑφ’
701 358 798 393 ἡδονῆς
813 358 866 385 τῶν
881 358 925 385 λε-

132 397 252 432 χθέντων
278 399 450 434 κινούμενος,
473 400 573 435 λέληθα
592 402 710 436 ἐμαυτὸν
730 404 926 439 ὲμφιλοχωρῶν

130 442 170 478 τῷ
187 443 278 476 πάθει,
294 444 342 471 καὶ
357 444 580 480 ὑπομιμνήσκειν
593 446 665 481 ὑμᾶς
679 447 713 474 τὰ
725 448 772 474 τοῦ
788 449 925 483 μακαρίου

131 487 201 523 πρὸς
228 489 304 522 ἡμᾶς
329 489 567 524 πρακτικεύματα,
586 493 803 528 παρηγορεῖσθαι
820 494 924 522 δοκῶν

129 533 286 560 τούναντίον
304 534 444 570 ἐπικνήθω
465 535 542 570 ὑμῶν
573 536 604 562 τὸ
627 538 677 572 τῆς
694 538 783 574 ψυχῆς
803 540 925 575 τραῦμα,

129 579 177 606 καὶ
192 579 307 606 ἀνάπτω
318 579 368 614 τὴν
382 582 434 615 τῆς
449 581 564 616 καρδίας
576 582 672 617 φλόγα,
685 585 732 610 καὶ
741 583 815 616 αὔξω
828 585 859 611 τὸ
873 587 926 612 πά-

129 624 187 657 θος,
203 626 251 653 καὶ
262 626 388 660 δακρύων
403 626 480 661 ὑμῶν
492 627 562 663 τάχα
575 628 638 661 τοὺς
650 629 813 664 ἀδελφικοὺς
826 631 925 666 ὀφθαλ-

132 671 200 706 μοὺς
215 672 325 707 ἀποπλη
330 673 380 707 ρῶ.
499 676 502 679 ’

169 718 251 746 Ἀλλά
267 728 311 754 μοι
325 719 405 756 δεῦρο
417 740 426 754 ,
448 717 483 748 dy
500 721 631 758 Πατέρων
652 722 769 758 ἄριστοι,
785 724 833 751 καὶ
847 724 925 752 ἁδελ-

127 765 187 798 φῶν
214 765 410 800 γνησιώτατοι·
434 767 472 802 μὴ
498 768 579 804 μέχρι
600 769 703 796 τούτων
724 770 771 796 τὸν
795 770 923 807 λογισμὸν

128 811 283 846 στήσωμεν,
302 812 370 847 μηδὲ
382 813 669 849 καταμαλακισθῶμεν
690 816 737 841 καὶ
761 817 922 843 καταπέσω-

128 866 180 892 μεν
205 858 244 893 τῷ
267 859 358 891 πάθει,
384 859 428 887 ἴνα
451 861 488 896 μὴ
514 863 693 898 κατηγορήσῃ
722 863 769 890 καὶ
797 864 878 899 ήμῶν
908 867 923 891 ὁ

977 269 1046 301 Quid
1065 270 1139 297 enim
1156 277 1200 298 res
1213 271 1272 305 ejus
1294 271 1348 298 tale
1368 271 1481 304 habent,
1499 277 1529 299 ut
1546 272 1589 299 vel
1611 273 1770 302 excisurum

977 315 1120 347 memoria,
1137 316 1179 343 vel
1195 316 1308 351 dignum
1324 317 1397 352 quod
1414 321 1548 351 taceatur,
1568 319 1664 346 debeat
1678 320 1771 348 existi-

978 360 1068 387 mari?
1095 361 1148 388 Sed
1169 362 1222 389 heu
1253 370 1297 390 me
1325 363 1474 391 humilem!
1497 365 1572 393 Intus
1599 365 1769 399 stimulante,

977 413 1060 440 quam
1080 406 1150 434 dicta
1167 407 1333 442 voluptatem
1348 408 1460 441 habent,
1487 409 1545 444 ipse
1571 411 1682 439 nescius
1696 412 1770 440 velut

978 451 1049 479 ultro
1059 452 1148 480 dolori
1161 454 1311 487 immoror;
1328 461 1360 482 ac
1377 455 1547 490 suggerendo
1566 461 1596 484 ut
1610 464 1640 484 se
1651 457 1694 484 vir
1705 457 1769 485 δελ-ι

978 502 1023 525 tus
1045 498 1072 525 in
1090 506 1142 526 nos
1166 499 1290 534 haberet,
1314 500 1389 528 visus
1409 501 1556 535 consolari,
1574 503 1666 537 potius
1684 504 1768 531 vestri

977 543 1061 571 animi
1072 545 1172 572 vulnus
1186 545 1298 578 refrico,
1312 546 1487 581 accendoque
1499 548 1620 582 pectoris
1631 548 1766 576 flammam

977 595 1009 616 ac
1024 597 1112 624 augeo
1131 590 1268 624 dolorem,
1289 591 1401 626 forsque
1429 591 1544 620 fratrum
1565 594 1661 622 oculos
1682 594 1769 629 lacry-

977 636 1030 663 mis
1049 636 1158 671 oppleo.

1012 723 1166 758 Enimvero,
1183 725 1276 753 adeste
1292 725 1374 759 mihi,
1392 731 1485 761 patres
1500 727 1607 762 optimi,
1623 736 1655 756 ac
1670 729 1768 756 fratres

975 769 1156 798 sincerissimi
1173 780 1180 798 :
1197 779 1230 799 ne
1242 771 1294 799 huc
1307 779 1395 807 usque
1410 774 1617 802 cohibuerimus
1634 775 1766 804 animum.

975 821 1044 842 neve
1057 815 1241 848 emolliamur,
1256 821 1303 843 aut
1324 817 1418 844 dolore
1433 818 1612 846 concidamus
1629 827 1662 846 nc
1674 823 1702 846 et
1717 827 1767 846 nos

975 867 1091 895 magnus
1106 860 1256 895 Apostolus
1280 861 1478 896 vitttperaverit
1495 871 1502 889 :
1520 864 1567 891 sed
1592 871 1767 892 recurramus

129 903 217 938 μέγας
241 904 421 937 Ἀπόστολος’
439 906 641 942 ἀναδράμωμεν
666 908 714 936 ἐπὶ
738 908 786 944 τὴν
808 910 921 944 ἀρχαιο-

974 905 1007 931 ad
1025 905 1152 940 antiquas
1169 906 1382 940 generationes,
1415 907 1612 943 vitleztntuSque
1638 917 1652 935 a
1680 910 1767 944 primo

125 948 229 982 γονίαν,
246 949 292 975 καὶ
308 949 410 984 ἴδωμεν
422 951 475 978 ἀπὸ
489 951 536 978 τοῦ
549 952 723 988 προπάτορος
738 953 818 988 ήμῶν
840 954 920 989 μέχρι

123 993 174 1021 τοῦ
185 994 265 1030 δεῦρο
275 1003 282 1010 ·
297 990 343 1022 καί
357 1003 389 1030 γε
401 997 455 1030 πρὸ
465 996 520 1022 τῶν
530 997 617 1024 ἄλλων
628 998 692 1029 τοὺς
702 998 761 1033 Θεῷ
773 998 921 1034 εὐαρεστη-

124 1040 209 1071 adea;
222 1040 267 1068 διὰ
285 1040 344 1076 βίου
362 1042 409 1068 καὶ
423 1042 563 1074 πολιτείας
578 1043 695 1079 ἀρίστης
706 1052 712 1058 ·
725 1044 796 1078 λέγω
810 1045 842 1080 δὴ
857 1047 921 1078 τοὺς

125 1086 181 1121 πρὸ
201 1087 283 1122 νόμου
303 1088 436 1122 πατέρας,
452 1088 637 1124 πατριάρχας,
657 1089 793 1125 Ἀϐραὰμ,
817 1091 919 1124 Ἰσαὰκ,

132 1130 250 1158 Ἰακώϐο
279 1133 342 1164 τοὺς
369 1133 422 1168 πρὸ
451 1133 551 1166 αὐτῶν,
576 1134 624 1161 καὶ
651 1134 712 1170 μετ’
733 1136 842 1168 αὐτοὺς,
858 1137 921 1170 τοὺς

125 1177 156 1203 ὲν
168 1177 254 1212 νόμῳ,
270 1177 371 1205 Μωσὲα
388 1179 436 1206 καὶ
457 1179 563 1215 ’Λαρών
574 1187 581 1195 ·
602 1181 666 1212 τοὺς
682 1182 842 1216 μετέπειτα,
857 1191 920 1218 κριέ

124 1222 178 1254 τὰς
195 1223 242 1250 καὶ
258 1224 418 1259 προφήτας
435 1225 500 1257 τοὺς
515 1226 545 1252 ὲν
561 1227 594 1261 τῇ
611 1226 713 1262 χάριτι,
736 1228 920 1262 ἀποστόλους,

127 1267 284 1303 μάρτυρας,
316 1269 497 1304 ὁμολογητὰς,
527 1270 669 1306 ίεράρχας,
699 1271 802 1305 ὁσίους,
837 1273 921 1308 μέχρι

125 1311 174 1338 τοῦ
203 1313 462 1348 μνημονευομένου·
493 1314 540 1341 καὶ
564 1314 602 1346 ὡς
630 1315 745 1343 ἕκαστον
765 1317 869 1345 τούτων
887 1320 920 1354 τῇ

127 1358 182 1393 ἰδίᾳ
210 1359 292 1394 γενεᾷ
317 1359 466 1394 ἐπιτρέψας
491 1360 738 1396 ὑπηρετήσασθαι,
755 1364 812 1395 τοῖς
850 1364 921 1391 καθ-

126 1402 226 1439 ήκουσι
249 1404 356 1440 χρόνοις
373 1405 442 1441 πρὸς
457 1406 553 1432 ἑαυτὸν
569 1406 650 1434 πάλιν
665 1408 923 1438 ἀνεκαλέσατο.Καὶ

127 1451 167 1486 μὴ
184 1451 304 1478 λυπείτω
321 1452 395 1486 ὑμᾶς
423 1452 499 1486 ήτοῦ
526 1453 692 1489 ἀειμνήστου
724 1456 892 1490 μετάστασις
913 1466 920 1472 ·

127 1496 299 1531 εὐφραινέτω
313 1497 341 1523 δὲ
361 1497 471 1532 μᾶλλον,
490 1498 530 1525 ὅτι
552 1499 607 1525 τῶν
623 1502 922 1536 προμνημονευθὲντων

128 1543 308 1578 συναρίθμιος
323 1545 371 1571 καὶ
389 1545 573 1581 συμμέτοχος,
586 1546 624 1578 ὼς
638 1546 672 1573 τὰ
686 1547 731 1574 ῐσα
747 1549 794 1574 καὶ
819 1549 922 1583 ἀγωνι-

128 1589 246 1625 σάμενος
259 1590 404 1626 ἀριδήλως.
419 1591 483 1618 Ὅτι
498 1592 559 1618 οὐδὲ
577 1593 755 1621 ἀπολέλοιπεν
781 1595 853 1630 ἡμᾶς
880 1596 920 1622 εἵ-

128 1640 183 1670 περ
196 1635 320 1670 θέλομεν,
336 1636 404 1662 ἀλλὰ
423 1636 483 1671 μεθ’
497 1637 575 1672 ήμῶν
591 1639 676 1672 ἐστιν,
696 1639 722 1665 ετ
735 1647 778 1674 γε,
791 1640 829 1672 ὡς
841 1641 922 1673 αὐτὸς

127 1680 192 1716 ἔφη,
222 1681 272 1712 τὰς
297 1682 410 1714 ἐντολὰς
438 1683 521 1710 αὐτοῦ
555 1684 732 1719 τηρήσομεν·
763 1686 922 1722 ὑπερτέρως

126 1726 192 1761 ἄρτι
206 1727 307 1761 ἰσχύων
324 1727 490 1762 πρεσϐεύειν
503 1737 535 1754 τε
547 1729 596 1755 καὶ
613 1729 721 1764 βοηθεῖν
734 1739 741 1746 ·
761 1732 809 1758 καὶ
827 1732 922 1759 τοσοῦ-

126 1776 183 1805 τον,
195 1772 258 1799 ὅσον
274 1774 302 1799 ἑν
311 1773 511 1808 ὑποδείγματος
522 1774 590 1810 ὅρῳ,
598 1775 731 1812 πρότερον
742 1776 777 1803 δι’
788 1777 920 1813 ἐσόπτρου

125 1817 174 1844 καὶ
183 1818 356 1853 αἰνίγματος,
374 1818 422 1846 νῦν
435 1819 464 1846 δὲ
480 1820 628 1856 πρόσωπον
664 1821 734 1856 πρὸς
763 1822 920 1858 πρόσωπον,

124 1864 330 1900 καθαρωτέρως
347 1865 394 1892 καὶ
405 1865 483 1901 λαμπ
491 1866 612 1902 ροτέρως
639 1867 678 1903 τῷ
693 1867 753 1903 Θεῷ
780 1869 921 1905 ,λατρεύων

125 1911 174 1937 καὶ
185 1910 363 1946 λειτουργῶν.
382 1912 438 1938 Καὶ
450 1911 541 1947 ὀλίγον
559 1913 747 1949 προενήρξατο
775 1915 826 1950 τῆς
850 1916 919 1950 πρὸς

124 1956 193 1983 Θεὸν
203 1956 276 1989 ὀδοῦ,
296 1957 484 1992 προοδοποιῶν
514 1959 581 1994 ήμίν
606 1959 710 1996 ταύτην
724 1967 733 1976 '
752 1961 920 1996 εὐτρεπίζων

124 2003 194 2038 ἡμῖν
213 2003 341 2030 κάκεῖθεν
353 2004 533 2038 ἀναπαύσεως
546 2006 703 2041 κατάλυμα,
720 2007 800 2042 εἴπερ
824 2008 921 2043 εὐαρέ-

125 2057 199 2080 στως
218 2049 314 2085 Κυρίῳ
330 2048 516 2085 βιοτεύσομεν,
530 2051 577 2078 καὶ
593 2051 631 2083 ὼς
646 2052 727 2084 αὐτὸς
743 2053 808 2089 ἡμῖν
820 2054 920 2089 ἐμαθή-

123 2103 222 2122 τευσεν
254 2094 328 2130 ἔργῳ
360 2096 407 2122 καὶ
430 2096 510 2131 λόγῳ.
548 2097 920 2134 Ταῦτα¹παρηγορείτωσαν

125 2141 205 2176 ὑμῶν
218 2141 267 2176 τὴν
283 2142 423 2178 μακαρίαν
438 2142 539 2178 ψυχήν.
561 2143 606 2169 Ἑν
623 2143 729 2176 τούτοις
744 2145 895 2180 ἀνιστορῶν
906 2148 920 2173 ό

124 2186 319 2222 καθαρώτατος
344 2188 422 2222 ὑμῶν
438 2188 510 2220 νοῦς,
542 2189 731 2221 σαΰΰατιζέτω
765 2191 812 2218 καὶ
839 2192 920 2218 οἱονεὶ

972 952 1084 982 parente
1097 954 1202 982 nostro,
1223 949 1255 976 ad
1269 949 1320 978 hoc
1341 959 1430 986 usque
1444 955 1569 987 tempus;
1583 957 1664 988 atque
1679 961 1725 981 eos
1739 954 1766 982 in

972 994 1078 1028 primis,
1094 994 1141 1029 qui
1155 995 1210 1022 vita
1229 1003 1261 1023 ac
1275 996 1377 1031 Optima
1395 997 1620 1030 conversatione,
1638 998 1693 1027 Deo
1707 999 1766 1034 piae

972 1040 1213 1073 cueruntzpatres,
1225 1041 1412 1076 iuquam,lcgc
1425 1042 1608 1077 antiquiores,
1616 1044 1764 1075 Abraham,

973 1083 1057 1116 Isaac,
1077 1083 1251 1113 Jacob:illis
1273 1091 1353 1114 aetate
1368 1089 1536 1122 superiores,
1564 1096 1596 1116 ac
1622 1095 1764 1124 posteros:

972 1136 1020 1156 eOs
1034 1129 1080 1164 qui
1093 1130 1223 1158 vixerunt
1236 1131 1289 1159 sub
1309 1133 1380 1168 lege,
1404 1132 1497 1161 Mosen
1515 1139 1543 1161 et
1564 1135 1656 1162 Aaron
1671 1143 1678 1162 :
1692 1143 1767 1163 secu-

972 1179 1069 1211 tosque
1082 1176 1192 1211 jndices
1219 1182 1247 1205 et
1265 1179 1425 1213 prophetas.
1448 1180 1502 1207 Eos
1520 1181 1569 1215 qui
1595 1181 1647 1208 sub
1667 1182 1765 1216 gratia,

972 1222 1124 1256 ap0stolos,
1141 1228 1288 1259 martyres,
1305 1223 1482 1253 confessores
1494 1245 1502 1256 ,
1519 1225 1680 1261 pontiﬁces,
1701 1234 1767 1255 sans

973 1271 1033 1295 ctos
1044 1267 1093 1303 (7),
1110 1269 1143 1296 ad
1162 1269 1235 1296 hunc
1250 1277 1348 1304 usque,
1370 1270 1404 1298 de
1427 1277 1482 1305 quo
1497 1272 1577 1300 nobis
1590 1276 1633 1300 est
1653 1279 1744 1300 sermo
1758 1278 1764 1298 ξ

973 1318 1058 1348 utque
1085 1313 1166 1346 Dens,
1195 1314 1242 1342 ubi
1271 1315 1397 1350 singulos
1415 1324 1472 1344 sua:
1490 1325 1628 1352 quemque
1642 1319 1715 1346 aetati
1735 1324 1767 1346 ac

974 1359 1016 1386 sui
1033 1359 1082 1386 aevi
1097 1359 1257 1388 hominibus
1275 1361 1390 1396 obsequi
1409 1363 1590 1396 permisisset,
1615 1364 1650 1391 ad
1665 1373 1696 1392 se
1706 1372 1767 1392 rure

974 1412 1034 1432 sum
1043 1405 1174 1440 congruis
1190 1406 1360 1440 temporibus
1376 1409 1555 1436 revocaverit.
1572 1408 1628 1436 Nec
1639 1417 1706 1438 vero
1720 1417 1767 1437 vos

974 1451 1105 1479 transitus
1119 1452 1153 1478 ab
1164 1452 1292 1480 humanis
1301 1453 1465 1487 sempiterna
1485 1455 1618 1482 memoria
1634 1456 1683 1482 viri
1699 1463 1766 1483 cun-

975 1497 1137 1529 tristavcrit.
1156 1498 1248 1532 potius
1263 1505 1329 1526 vero
1339 1499 1459 1526 laetitiam
1477 1500 1555 1528 vobis
1570 1500 1677 1532 fecerit,
1694 1501 1767 1535 quod

949 1566 956 1582 ᾗ
975 1543 1010 1571 iis
1024 1551 1143 1578 quorum
1163 1544 1350 1578 meminimus,
1369 1546 1404 1572 sit
1431 1551 1594 1579 consertus,
1624 1546 1768 1582 factusque

973 1596 1068 1616 eorum
1087 1589 1233 1625 particeps,
1248 1590 1321 1618 velut
1344 1591 1390 1626 qui
1407 1591 1502 1619 eadem
1521 1593 1611 1627 palam
1626 1593 1768 1621 desudarit

973 1635 1133 1667 certamina,
1156 1636 1295 1671 vitamque
1320 1637 1446 1664 eamdem
1459 1638 1580 1665 duxerit.
1597 1637 1666 1666 Nam
1679 1643 1768 1674 neque

973 1681 996 1709 si
1009 1681 1147 1713 volumus,
1158 1689 1208 1710 nos
1220 1682 1382 1717 dereliquit:
1394 1684 1460 1718 quin
1470 1690 1598 1711 versatur
1607 1685 1767 1712 nobiscum:

973 1728 1065 1761 modo,
1081 1733 1111 1756 ut
1134 1729 1204 1756 dixit
1226 1729 1293 1764 ipse,
1320 1729 1380 1764 ejus
1398 1730 1528 1757 mandata
1549 1731 1766 1762 servaverimus;

973 1775 1110 1808 potentior
1133 1774 1190 1810 jam
1212 1775 1244 1801 ad
1266 1775 1491 1802 intercessionem
1513 1779 1596 1811 atque
1611 1776 1765 1803 auxilium:

974 1825 1104 1855 tantoque
1119 1820 1248 1855 amplius,
1271 1825 1415 1855 quantum,
1431 1821 1550 1856 exempli
1569 1828 1652 1849 causa
1668 1821 1764 1853 refert,

973 1870 1002 1893 ut
1020 1866 1095 1901 prius
1116 1874 1164 1901 per
1191 1867 1333 1901 speculum
1355 1867 1383 1893 in
1405 1865 1559 1901 aenigmate,
1584 1874 1659 1894 nunc
1676 1871 1768 1895 autent

972 1912 1043 1940 facie
1063 1912 1096 1939 ad
1108 1912 1218 1944 faciem,
1237 1913 1334 1947 purius
1356 1911 1584 1948 splendidiusque
1595 1911 1652 1940 Deo
1667 1913 1768 1940 serviat

971 1964 1053 1994 atque
1068 1958 1218 1986 ministret.
1248 1960 1287 1986 Ac
1311 1958 1386 1994 prior
1403 1958 1604 1993 aliquantulum
1625 1958 1672 1985 Dei
1695 1959 1767 1985 viam

972 2005 1124 2036 inchoavit,
1140 2005 1219 2032 nobis
1233 2004 1337 2032 faciens
1357 2005 1409 2031 iter
1424 2014 1430 2030 :
1449 2005 1505 2032 illic
1518 2008 1667 2039 paraturus
1684 2005 1769 2032 beatae

971 2051 1073 2086 quietis
1092 2051 1279 2078 habitaculum
1295 2071 1302 2083 ,
1320 2050 1473 2078 dummodo
1488 2051 1543 2078 Deo
1559 2050 1667 2085 placitis
1685 2051 1769 2077 morie

972 2098 1023 2124 bus
1040 2097 1191 2124 vixerimus
1204 2117 1211 2129 ,
1230 2105 1283 2130 qua
1302 2097 1360 2131 ipse
1382 2097 1498 2129 ratione,
1525 2096 1609 2123 verbo
1631 2100 1659 2123 et
1687 2103 1768 2130 opere

971 2144 1075 2171 docuit.
1103 2144 1165 2170 Sint
1177 2144 1236 2171 hmo
1252 2143 1338 2170 beatae
1351 2142 1450 2169 animae
1463 2146 1563 2169 vestrae
1579 2141 1686 2170 solatia.
1705 2140 1767 2168 llaec

971 2190 1097 2218 recolens
1121 2190 1269 2224 purissima
1297 2196 1376 2216 meus
1407 2191 1518 2220 vestra,
1553 2187 1704 2216 Sabbatum
1735 2195 1768 2214 ac

125 2232 317 2259 καταπααέτω.
335 2233 390 2264 Τὰς
400 2233 427 2260 δὲ
441 2233 488 2260 τοῦ
501 2234 654 2269 τρισολόίου
679 2235 785 2269 Πατρὺς
810 2237 920 2269 ἐντολὰς

974 2235 1091 2270 quietem
1105 2238 1177 2269 agat.
1202 2234 1255 2262 Ter
1273 2233 1345 2261 beati
1376 2233 1462 2268 patris
1477 2233 1606 2260 mandata
1620 2237 1648 2260 et
1672 2233 1767 2260 admo-

124 2279 174 2305 καὶ
187 2279 340 2312 νουθεσίας,
357 2281 404 2306 καὶ
416 2281 488 2315 μάλα
508 2281 616 2316 ἡμέρας
649 2282 697 2308 καὶ
727 2284 825 2315 νυκτος
852 2284 920 2310 ἀνα-

128 2325 357 2361 μιμνησκόμενοι,
375 2327 422 2353 καὶ
435 2327 578 2362 προσεχῶς
592 2329 621 2354 ὲν
641 2328 754 2360 ταύταις
771 2329 920 2364 ὲνασχλούν

125 2378 203 2404 μενοι
221 2371 269 2397 καὶ
285 2371 451 2405 μελετῶντες
464 2379 470 2386 ·
486 2371 558 2399 οὕτω
568 2372 623 2407 γὰρ
638 2373 685 2399 καὶ
697 2373 757 2408 Θεῴ
772 2374 922 2409 εὐαρεστή-

126 2408 211 2450 σόμεν
282 2417 554 2453 προσκεκολλήμεθα,
583 2419 630 2445 καὶ
664 2418 709 2445 τὸν
741 2408 921 2454 προκείμενον

124 2462 221 2495 ἀγῶνα
233 2462 316 2493 ὁσίως
330 2463 521 2498 ἐκτελέσομεν,
533 2465 578 2491 καὶ
589 2464 785 2500 δοξασθήσεται
801 2465 834 2492 δι’
843 2466 921 2501 ἡμῶν

125 2507 174 2533 καὶ
188 2507 388 2540 ἀντιδοξάσειεν
397 2509 471 2543 ἡμᾶς
487 2509 624 2541 ἐντεῦθεν,
641 2511 688 2536 καὶ
702 2511 730 2536 ὲν
744 2510 784 2545 τῷ
797 2510 921 2545 μέλλοντι

126 2552 269 2586 ἑτοιμάσει
284 2553 351 2587 ἡμῖν
368 2553 508 2588 βασιλείαν
522 2555 655 2590 οὐρανῶν.
685 2555 741 2581 Καὶ
767 2555 853 2582 ταῦτα
872 2557 921 2591 μὲν

125 2597 244 2632 διῆλθον,
254 2598 277 2624 εί
288 2600 336 2626 καὶ
345 2599 415 2635 ὑπὲρ
424 2599 568 2634 ἐπιστολὴν
587 2601 660 2635 παρά
671 2609 751 2627 τινων
764 2601 901 2637 λογισθείη
912 2610 919 2618 ·

126 2644 196 2679 πρὸς
210 2645 239 2671 δὲ
251 2646 285 2672 τὰ
300 2646 452 2682 ὀφείλοντα,
470 2647 531 2673 οὐδὲ
545 2647 627 2682 μέρος
659 2647 805 2682 ἐπιστολῆς
817 2656 825 2664 ο
852 2649 919 2683 ὁμοῦ

128 2691 190 2726 μὲν,
211 2691 246 2719 τὰ
262 2693 334 2719 κατὰ
347 2693 392 2720 τὸν
414 2693 550 2728 μακάριον
569 2694 672 2719 ὲιεῖνον
688 2695 921 2729 ἁνδραγαθήματα

973 2282 1091 2308 ultiones
1107 2281 1153 2308 diu
1172 2285 1311 2315 noctuque
1336 2279 1470 2308 tnemoria
1491 2279 1658 2310 retinentes,
1680 2279 1766 2305 otiinn

973 2327 999 2354 in
1013 2327 1068 2354 illis
1084 2334 1218 2361 portamus
1237 2333 1270 2354 ac
1288 2326 1451 2354 meditemur
1468 2334 1475 2352 :
1493 2325 1533 2352 sic
1554 2325 1626 2351 enim
1638 2344 1645 2356 ,
1661 2330 1688 2351 et
1707 2324 1767 2358 pla-

972 2373 1112 2400 cuerimus
1122 2373 1175 2399 Deo
1185 2372 1227 2400 cui
1241 2371 1419 2404 adltmsimus,
1432 2377 1582 2405 sancteque
1592 2371 1766 2405 propositum

973 2423 1111 2447 certamen
1126 2418 1328 2446 confecerimus
1344 2427 1350 2445 :
1370 2418 1450 2452 isque
1466 2424 1481 2444 a
1500 2416 1580 2444 nobis
1597 2415 1766 2450 glorificabi-

976 2469 1029 2496 tur,
1044 2472 1077 2490 ac
1091 2463 1211 2491 vicissim
1224 2463 1399 2498 glorificabit,
1417 2462 1566 2497 futuroque
1578 2461 1679 2489 saeculo
1699 2469 1766 2496 pra:-

974 2510 1081 2545 parabit
1092 2510 1203 2537 cmleste
1216 2517 1339 2544 regnum.
1359 2510 1450 2544 Atque
1463 2509 1521 2536 haec
1534 2509 1683 2540 hactenus;
1698 2515 1767 2542 quo-

974 2554 1100 2582 rumdam
1112 2554 1182 2581 forte
1192 2554 1298 2588 judicio
1313 2561 1396 2587 supra
1427 2553 1551 2588 epistola:
1565 2552 1693 2585 modum;
1706 2558 1767 2586 qua:

976 2606 1065 2628 tamen
1082 2607 1131 2627 nec
1147 2600 1269 2635 epistolae
1289 2600 1424 2633 attingant
1444 2603 1560 2633 partem,
1583 2603 1611 2625 ut
1627 2602 1767 2633 spectetur

974 2647 1097 2674 debitum
1113 2654 1119 2672 :
1138 2650 1196 2672 tum
1208 2666 1216 2676 .
1245 2646 1354 2678 inquam
1368 2666 1374 2677 ,
1394 2645 1468 2679 quod
1493 2645 1564 2672 beati
1589 2644 1639 2671 viri
1658 2644 1765 2678 egregia

977 2694 1084 2723 merito,
1104 2692 1271 2725 humilisque
1301 2699 1332 2718 ac
1354 2691 1458 2718 aillictaz
1488 2691 1585 2717 animm
1611 2693 1713 2716 nostra:
1739 2689 1746 2715 i

892 2761 1006 2790 ΝΟΤΔΕ.

167 2815 343 2853 (ηδαηειοδ.
363 2817 462 2848 ὁσίους.
495 2817 560 2844 Eam
585 2825 678 2845 Vocem
705 2819 841 2853 prmcipue
858 2827 918 2846 mo-

132 2850 395 2887 nachisrassignant
410 2871 418 2883 ,
450 2860 516 2879 suas
539 2853 637 2887 cuique
661 2850 767 2886 ordini,
790 2850 824 2880 ἰιι
856 2860 920 2881 sunt

133 2885 220 2913 Gi‘wci
235 2885 438 2921 ἀκριϐέστατοι,
458 2885 731 2922 habentes-proprias
756 2897 762 2914 :
788 2888 832 2916 Sic
858 2898 920 2923 pas-

300 2933 434 2963 ΡΑτιιοι..
452 2934 508 2963 Gn.
528 2933 640 2964 XCIX.

973 2818 1025 2855 sim
1041 2816 1181 2851 apostolos
1197 2820 1296 2843 vocant
1307 2817 1442 2855 Απανευφή
1448 2823 1513 2851 μους
1523 2823 1530 2831 ·
1549 2815 1763 2855 ἱερομάιρτυρας.

974 2853 1118 2887 episcopos
1133 2856 1267 2886 martyres
1283 2860 1288 2877 ε
1305 2851 1428 2882 δικαίους
1440 2871 1448 2884 ,
1466 2855 1576 2879 sanctos
1593 2851 1761 2886 conjugatoso

975 2895 1021 2915 seu
1036 2894 1085 2915 nec
1103 2887 1221 2922 virgines
1237 2893 1286 2914 nec
1309 2891 1453 2922 martyres,
1469 2891 1523 2915 etc.

1526 2926 1564 2963 ὅθ
