  <div class='ocr_page' id='page_1' title='image "/cluster/home/n/w/nwhite01/storage/ocr_20150623/99/njp.32101010943858/989.png"; bbox 0 0 1925 3088; ppageno 0'>
   <div class='ocr_carea' id='block_1_1' title="bbox 174 151 242 183">
    <p class='ocr_par' dir='ltr' id='par_1_1' title="bbox 174 151 242 183">
     <span class='ocr_line' id='line_1_1' title="bbox 174 151 242 183; baseline -0.029 0"><span class='ocrx_word' id='word_1_1' title='bbox 174 151 242 183; x_wconf 69' lang='grc' dir='ltr'><strong>18δὸ</strong></span> 
     </span>
    </p>
   </div>
   <div class='ocr_carea' id='block_1_2' title="bbox 617 140 1333 174">
    <p class='ocr_par' dir='ltr' id='par_1_2' title="bbox 617 140 1333 174">
     <span class='ocr_line' id='line_1_2' title="bbox 617 140 1333 174; baseline -0.007 0"><span class='ocrx_word' id='word_1_2' title='bbox 617 143 818 174; x_wconf 75' lang='lat' dir='ltr'><strong>APPENDIX.</strong></span> <span class='ocrx_word' id='word_1_3' title='bbox 837 142 1090 172; x_wconf 78' lang='lat' dir='ltr'><strong>-NAUCRATII</strong></span> <span class='ocrx_word' id='word_1_4' title='bbox 1128 140 1333 171; x_wconf 81' lang='lat' dir='ltr'><strong>ENCYCLICA</strong></span> 
     </span>
    </p>
   </div>
   <div class='ocr_carea' id='block_1_3' title="bbox 1736 136 1805 168">
    <p class='ocr_par' dir='ltr' id='par_1_3' title="bbox 1736 136 1805 168">
     <span class='ocr_line' id='line_1_3' title="bbox 1736 136 1805 168; baseline 0 0"><span class='ocrx_word' id='word_1_5' title='bbox 1736 136 1805 168; x_wconf 80' lang='lat'><strong>1836</strong></span> 
     </span>
    </p>
   </div>
   <div class='ocr_carea' id='block_1_4' title="bbox 171 191 974 235">
    <p class='ocr_par' dir='ltr' id='par_1_4' title="bbox 171 198 962 235">
     <span class='ocr_line' id='line_1_4' title="bbox 171 198 962 235; baseline -0.013 -1"><span class='ocrx_word' id='word_1_6' title='bbox 171 214 233 234; x_wconf 86' lang='lat' dir='ltr'><strong>eum</strong></span> <span class='ocrx_word' id='word_1_7' title='bbox 249 202 442 234; x_wconf 72' lang='lat' dir='ltr'><strong>necessitudo;</strong></span> <span class='ocrx_word' id='word_1_8' title='bbox 461 205 520 228; x_wconf 89' lang='lat' dir='ltr'><strong>tum</strong></span> <span class='ocrx_word' id='word_1_9' title='bbox 536 200 607 235; x_wconf 87' lang='lat' dir='ltr'><strong>qttod</strong></span> <span class='ocrx_word' id='word_1_10' title='bbox 625 200 754 227; x_wconf 65' lang='lat' dir='ltr'><strong>fraternae</strong></span> <span class='ocrx_word' id='word_1_11' title='bbox 775 203 873 226; x_wconf 74' lang='lat' dir='ltr'><strong>vestra:</strong></span> <span class='ocrx_word' id='word_1_12' title='bbox 894 198 962 225; x_wconf 90' lang='lat' dir='ltr'><strong>dile—</strong></span> 
     </span>
    </p>
   </div>
   <div class='ocr_carea' id='block_1_5' title="bbox 1028 191 1806 235">
    <p class='ocr_par' dir='ltr' id='par_1_5' title="bbox 1028 191 1806 231">
     <span class='ocr_line' id='line_1_5' title="bbox 1028 191 1806 231; baseline -0.008 -8"><span class='ocrx_word' id='word_1_13' title='bbox 1028 197 1063 223; x_wconf 77' lang='lat' dir='ltr'><strong>:a.t</strong></span> <span class='ocrx_word' id='word_1_14' title='bbox 1074 197 1123 231; x_wconf 83' lang='grc' dir='ltr'>τῆς</span> <span class='ocrx_word' id='word_1_15' title='bbox 1151 195 1283 230; x_wconf 79' lang='grc' dir='ltr'>ταπεινῆς</span> <span class='ocrx_word' id='word_1_16' title='bbox 1299 193 1378 229; x_wconf 82' lang='grc' dir='ltr'>ἡμῶν</span> <span class='ocrx_word' id='word_1_17' title='bbox 1403 193 1450 220; x_wconf 82' lang='grc' dir='ltr'><strong>καὶ</strong></span> <span class='ocrx_word' id='word_1_18' title='bbox 1466 192 1620 220; x_wconf 80' lang='grc' dir='ltr'>κατωδὺνου</span> <span class='ocrx_word' id='word_1_19' title='bbox 1646 191 1736 226; x_wconf 78' lang='grc' dir='ltr'>ψυχῆς</span> <span class='ocrx_word' id='word_1_20' title='bbox 1759 200 1806 225; x_wconf 81' lang='grc' dir='ltr'><strong>φι-</strong></span> 
     </span>
    </p>
   </div>
   <div class='ocr_carea' id='block_1_6' title="bbox 172 242 959 284">
    <p class='ocr_par' dir='ltr' id='par_1_6' title="bbox 172 242 959 284">
     <span class='ocr_line' id='line_1_6' title="bbox 172 242 959 284; baseline -0.013 -5"><span class='ocrx_word' id='word_1_21' title='bbox 172 250 257 280; x_wconf 87' lang='lat' dir='ltr'><strong>ctioni</strong></span> <span class='ocrx_word' id='word_1_22' title='bbox 275 247 464 284; x_wconf 66' lang='lat' dir='ltr'><strong>impertienda:</strong></span> <span class='ocrx_word' id='word_1_23' title='bbox 479 245 583 274; x_wconf 89' lang='lat' dir='ltr'><strong>salutes</strong></span> <span class='ocrx_word' id='word_1_24' title='bbox 598 245 654 280; x_wconf 91' lang='lat'><strong>(8),</strong></span> <span class='ocrx_word' id='word_1_25' title='bbox 685 251 718 272; x_wconf 91' lang='lat' dir='ltr'><strong>ac</strong></span> <span class='ocrx_word' id='word_1_26' title='bbox 735 243 808 272; x_wconf 81' lang='lat' dir='ltr'><strong>velut</strong></span> <span class='ocrx_word' id='word_1_27' title='bbox 825 242 959 271; x_wconf 85' lang='lat' dir='ltr'><strong>solamina</strong></span> 
     </span>
    </p>
   </div>
   <div class='ocr_carea' id='block_1_7' title="bbox 172 296 295 332">
    <p class='ocr_par' dir='ltr' id='par_1_7' title="bbox 172 296 295 332">
     <span class='ocr_line' id='line_1_7' title="bbox 172 296 295 332; baseline -0.016 -8"><span class='ocrx_word' id='word_1_28' title='bbox 172 296 295 332; x_wconf 77' lang='lat' dir='ltr'><strong>exigunt.</strong></span> 
     </span>
    </p>
   </div>
   <div class='ocr_carea' id='block_1_8' title="bbox 209 376 962 417">
    <p class='ocr_par' dir='ltr' id='par_1_8' title="bbox 209 376 962 417">
     <span class='ocr_line' id='line_1_8' title="bbox 209 376 962 417; baseline -0.012 -5"><span class='ocrx_word' id='word_1_29' title='bbox 209 384 297 412; x_wconf 88' lang='lat' dir='ltr'><strong>Porro</strong></span> <span class='ocrx_word' id='word_1_30' title='bbox 312 381 495 417; x_wconf 75' lang='lat' dir='ltr'><strong>qumsieritis;</strong></span> <span class='ocrx_word' id='word_1_31' title='bbox 518 381 586 407; x_wconf 91' lang='lat' dir='ltr'><strong>bene</strong></span> <span class='ocrx_word' id='word_1_32' title='bbox 612 379 692 412; x_wconf 87' lang='lat' dir='ltr'><strong>novi;</strong></span> <span class='ocrx_word' id='word_1_33' title='bbox 712 386 766 413; x_wconf 90' lang='lat' dir='ltr'><strong>qua</strong></span> <span class='ocrx_word' id='word_1_34' title='bbox 791 377 896 404; x_wconf 87' lang='lat' dir='ltr'><strong>ratione</strong></span> <span class='ocrx_word' id='word_1_35' title='bbox 915 376 962 403; x_wconf 84' lang='lat' dir='ltr'><strong>ba-</strong></span> 
     </span>
    </p>
   </div>
   <div class='ocr_carea' id='block_1_9' title="bbox 173 421 961 460">
    <p class='ocr_par' dir='ltr' id='par_1_9' title="bbox 173 421 961 460">
     <span class='ocr_line' id='line_1_9' title="bbox 173 421 961 460; baseline -0.014 -2"><span class='ocrx_word' id='word_1_36' title='bbox 173 430 263 458; x_wconf 89' lang='lat' dir='ltr'><strong>buerit</strong></span> <span class='ocrx_word' id='word_1_37' title='bbox 275 429 325 456; x_wconf 92' lang='lat' dir='ltr'><strong>viri</strong></span> <span class='ocrx_word' id='word_1_38' title='bbox 344 428 416 455; x_wconf 88' lang='lat' dir='ltr'><strong>beati</strong></span> <span class='ocrx_word' id='word_1_39' title='bbox 427 426 556 454; x_wconf 89' lang='lat' dir='ltr'><strong>dormitio</strong></span> <span class='ocrx_word' id='word_1_40' title='bbox 570 435 576 452; x_wconf 77' lang='grc' dir='ltr'><strong>ε</strong></span> <span class='ocrx_word' id='word_1_41' title='bbox 590 425 652 460; x_wconf 81' lang='lat' dir='ltr'><strong>quis</strong></span> <span class='ocrx_word' id='word_1_42' title='bbox 662 432 727 451; x_wconf 89' lang='lat' dir='ltr'><strong>vero</strong></span> <span class='ocrx_word' id='word_1_43' title='bbox 737 423 820 450; x_wconf 86' lang='lat' dir='ltr'><strong>fuerit</strong></span> <span class='ocrx_word' id='word_1_44' title='bbox 833 421 961 449; x_wconf 86' lang='lat' dir='ltr'><strong>morbus:</strong></span> 
     </span>
    </p>
   </div>
   <div class='ocr_carea' id='block_1_10' title="bbox 173 469 962 512">
    <p class='ocr_par' dir='ltr' id='par_1_10' title="bbox 173 469 962 512">
     <span class='ocr_line' id='line_1_10' title="bbox 173 469 962 512; baseline -0.014 -8"><span class='ocrx_word' id='word_1_45' title='bbox 173 480 276 512; x_wconf 91' lang='lat' dir='ltr'><strong>quotve</strong></span> <span class='ocrx_word' id='word_1_46' title='bbox 290 475 349 502; x_wconf 89' lang='lat' dir='ltr'><strong>dies</strong></span> <span class='ocrx_word' id='word_1_47' title='bbox 371 472 543 500; x_wconf 87' lang='lat' dir='ltr'><strong>decubuerit.</strong></span> <span class='ocrx_word' id='word_1_48' title='bbox 562 471 613 504; x_wconf 83' lang='lat' dir='ltr'><strong>Qui</strong></span> <span class='ocrx_word' id='word_1_49' title='bbox 640 471 738 497; x_wconf 88' lang='lat' dir='ltr'><strong>itcrum</strong></span> <span class='ocrx_word' id='word_1_50' title='bbox 757 469 809 496; x_wconf 92' lang='lat' dir='ltr'><strong>sub</strong></span> <span class='ocrx_word' id='word_1_51' title='bbox 821 474 962 501; x_wconf 70' lang='lat' dir='ltr'><strong>egressum</strong></span> 
     </span>
    </p>
   </div>
   <div class='ocr_carea' id='block_1_11' title="bbox 174 515 963 550">
    <p class='ocr_par' dir='ltr' id='par_1_11' title="bbox 174 515 963 550">
     <span class='ocr_line' id='line_1_11' title="bbox 174 515 963 550; baseline -0.014 -1"><span class='ocrx_word' id='word_1_52' title='bbox 174 527 314 548; x_wconf 89' lang='lat' dir='ltr'><strong>sermones</strong></span> <span class='ocrx_word' id='word_1_53' title='bbox 330 526 361 546; x_wconf 93' lang='lat' dir='ltr'><strong>ac</strong></span> <span class='ocrx_word' id='word_1_54' title='bbox 373 516 544 544; x_wconf 87' lang='lat' dir='ltr'><strong>valcdictorii</strong></span> <span class='ocrx_word' id='word_1_55' title='bbox 560 524 566 542; x_wconf 74' lang='grc' dir='ltr'>ε</span> <span class='ocrx_word' id='word_1_56' title='bbox 584 515 720 550; x_wconf 78' lang='lat' dir='ltr'><strong>quodnam</strong></span> <span class='ocrx_word' id='word_1_57' title='bbox 735 522 799 541; x_wconf 85' lang='lat' dir='ltr'><strong>vero</strong></span> <span class='ocrx_word' id='word_1_58' title='bbox 818 517 963 540; x_wconf 88' lang='lat' dir='ltr'><strong>testamen-</strong></span> 
     </span>
    </p>
   </div>
   <div class='ocr_carea' id='block_1_12' title="bbox 174 557 965 601">
    <p class='ocr_par' dir='ltr' id='par_1_12' title="bbox 174 557 965 601">
     <span class='ocr_line' id='line_1_12' title="bbox 174 557 965 601; baseline -0.014 -7"><span class='ocrx_word' id='word_1_59' title='bbox 174 570 244 599; x_wconf 88' lang='lat' dir='ltr'><strong>tum,</strong></span> <span class='ocrx_word' id='word_1_60' title='bbox 258 571 353 600; x_wconf 79' lang='lat' dir='ltr'><strong>quaeve</strong></span> <span class='ocrx_word' id='word_1_61' title='bbox 370 562 548 601; x_wconf 72' lang='lat' dir='ltr'><strong>orilinaverit.</strong></span> <span class='ocrx_word' id='word_1_62' title='bbox 579 561 618 587; x_wconf 82' lang='lat' dir='ltr'><strong>Ac</strong></span> <span class='ocrx_word' id='word_1_63' title='bbox 636 567 757 593; x_wconf 81' lang='lat' dir='ltr'><strong>rursum,</strong></span> <span class='ocrx_word' id='word_1_64' title='bbox 778 558 889 593; x_wconf 87' lang='lat' dir='ltr'><strong>quinam</strong></span> <span class='ocrx_word' id='word_1_65' title='bbox 913 557 965 584; x_wconf 89' lang='lat' dir='ltr'><strong>sub</strong></span> 
     </span>
    </p>
   </div>
   <div class='ocr_carea' id='block_1_13' title="bbox 175 603 964 640">
    <p class='ocr_par' dir='ltr' id='par_1_13' title="bbox 175 603 964 640">
     <span class='ocr_line' id='line_1_13' title="bbox 175 603 964 640; baseline -0.011 -2"><span class='ocrx_word' id='word_1_66' title='bbox 175 610 236 638; x_wconf 71' lang='lat' dir='ltr'><strong>vitae</strong></span> <span class='ocrx_word' id='word_1_67' title='bbox 253 613 418 639; x_wconf 80' lang='lat' dir='ltr'><strong>extremum,</strong></span> <span class='ocrx_word' id='word_1_68' title='bbox 430 612 457 634; x_wconf 86' lang='lat' dir='ltr'><strong>et</strong></span> <span class='ocrx_word' id='word_1_69' title='bbox 475 607 509 634; x_wconf 82' lang='lat' dir='ltr'><strong>ad</strong></span> <span class='ocrx_word' id='word_1_70' title='bbox 525 606 671 640; x_wconf 83' lang='lat' dir='ltr'><strong>exsequias</strong></span> <span class='ocrx_word' id='word_1_71' title='bbox 685 603 884 635; x_wconf 86' lang='lat' dir='ltr'><strong>concurrerint,</strong></span> <span class='ocrx_word' id='word_1_72' title='bbox 901 608 927 631; x_wconf 84' lang='lat' dir='ltr'><strong>et</strong></span> <span class='ocrx_word' id='word_1_73' title='bbox 941 603 964 630; x_wconf 91' lang='lat' dir='ltr'><strong>si</strong></span> 
     </span>
    </p>
   </div>
   <div class='ocr_carea' id='block_1_14' title="bbox 175 649 963 690">
    <p class='ocr_par' dir='ltr' id='par_1_14' title="bbox 175 649 963 690">
     <span class='ocr_line' id='line_1_14' title="bbox 175 649 963 690; baseline -0.01 -7"><span class='ocrx_word' id='word_1_74' title='bbox 175 663 229 690; x_wconf 88' lang='lat' dir='ltr'><strong>qua</strong></span> <span class='ocrx_word' id='word_1_75' title='bbox 249 654 385 689; x_wconf 72' lang='lat' dir='ltr'><strong>ejusmodi</strong></span> <span class='ocrx_word' id='word_1_76' title='bbox 406 657 480 680; x_wconf 84' lang='lat' dir='ltr'><strong>sunt.</strong></span> <span class='ocrx_word' id='word_1_77' title='bbox 495 652 642 679; x_wconf 88' lang='lat' dir='ltr'><strong>Enimvero</strong></span> <span class='ocrx_word' id='word_1_78' title='bbox 668 650 731 685; x_wconf 86' lang='lat' dir='ltr'><strong>quis</strong></span> <span class='ocrx_word' id='word_1_79' title='bbox 752 650 867 677; x_wconf 86' lang='lat' dir='ltr'><strong>idoneus</strong></span> <span class='ocrx_word' id='word_1_80' title='bbox 888 649 963 681; x_wconf 81' lang='lat' dir='ltr'><strong>satis,</strong></span> 
     </span>
    </p>
   </div>
   <div class='ocr_carea' id='block_1_15' title="bbox 176 694 965 733">
    <p class='ocr_par' dir='ltr' id='par_1_15' title="bbox 176 694 965 733">
     <span class='ocr_line' id='line_1_15' title="bbox 176 694 965 733; baseline -0.011 -4"><span class='ocrx_word' id='word_1_81' title='bbox 176 706 206 729; x_wconf 92' lang='lat' dir='ltr'><strong>ut</strong></span> <span class='ocrx_word' id='word_1_82' title='bbox 224 702 281 728; x_wconf 65' lang='lat' dir='ltr'><strong>haec</strong></span> <span class='ocrx_word' id='word_1_83' title='bbox 295 700 372 727; x_wconf 88' lang='lat' dir='ltr'><strong>vobis</strong></span> <span class='ocrx_word' id='word_1_84' title='bbox 386 707 433 733; x_wconf 87' lang='lat' dir='ltr'><strong>per</strong></span> <span class='ocrx_word' id='word_1_85' title='bbox 449 699 553 725; x_wconf 90' lang='lat' dir='ltr'><strong>litteras</strong></span> <span class='ocrx_word' id='word_1_86' title='bbox 564 696 728 728; x_wconf 89' lang='lat' dir='ltr'><strong>annuntiet;</strong></span> <span class='ocrx_word' id='word_1_87' title='bbox 749 695 845 730; x_wconf 87' lang='lat' dir='ltr'><strong>quisve</strong></span> <span class='ocrx_word' id='word_1_88' title='bbox 856 694 965 721; x_wconf 83' lang='lat' dir='ltr'><strong>animus</strong></span> 
     </span>
    </p>
   </div>
   <div class='ocr_carea' id='block_1_16' title="bbox 176 738 965 774">
    <p class='ocr_par' dir='ltr' id='par_1_16' title="bbox 176 738 965 774">
     <span class='ocr_line' id='line_1_16' title="bbox 176 738 965 774; baseline -0.009 -3"><span class='ocrx_word' id='word_1_89' title='bbox 176 745 235 771; x_wconf 83' lang='lat' dir='ltr'><strong>sine</strong></span> <span class='ocrx_word' id='word_1_90' title='bbox 256 742 359 770; x_wconf 84' lang='lat' dir='ltr'><strong>doloris</strong></span> <span class='ocrx_word' id='word_1_91' title='bbox 375 742 471 768; x_wconf 73' lang='lat' dir='ltr'><strong>affectu</strong></span> <span class='ocrx_word' id='word_1_92' title='bbox 488 741 529 767; x_wconf 90' lang='lat' dir='ltr'><strong>vel</strong></span> <span class='ocrx_word' id='word_1_93' title='bbox 542 740 606 774; x_wconf 90' lang='lat' dir='ltr'><strong>quid</strong></span> <span class='ocrx_word' id='word_1_94' title='bbox 623 739 767 766; x_wconf 90' lang='lat' dir='ltr'><strong>tninimum</strong></span> <span class='ocrx_word' id='word_1_95' title='bbox 780 738 881 772; x_wconf 87' lang='lat' dir='ltr'><strong>scripto</strong></span> <span class='ocrx_word' id='word_1_96' title='bbox 898 745 965 765; x_wconf 84' lang='lat' dir='ltr'><strong>con-</strong></span> 
     </span>
    </p>
   </div>
   <div class='ocr_carea' id='block_1_17' title="bbox 177 785 967 824">
    <p class='ocr_par' dir='ltr' id='par_1_17' title="bbox 177 785 967 824">
     <span class='ocr_line' id='line_1_17' title="bbox 177 785 967 824; baseline -0.009 -8"><span class='ocrx_word' id='word_1_97' title='bbox 177 790 286 824; x_wconf 79' lang='lat' dir='ltr'><strong>signare</strong></span> <span class='ocrx_word' id='word_1_98' title='bbox 306 788 410 823; x_wconf 87' lang='lat' dir='ltr'><strong>possit;</strong></span> <span class='ocrx_word' id='word_1_99' title='bbox 430 792 558 814; x_wconf 59' lang='lat' dir='ltr'><strong>caeterum</strong></span> <span class='ocrx_word' id='word_1_100' title='bbox 583 786 672 813; x_wconf 86' lang='lat' dir='ltr'><strong>dicam</strong></span> <span class='ocrx_word' id='word_1_101' title='bbox 695 785 769 812; x_wconf 89' lang='lat' dir='ltr'><strong>velut</strong></span> <span class='ocrx_word' id='word_1_102' title='bbox 796 792 915 816; x_wconf 84' lang='lat' dir='ltr'><strong>summa,</strong></span> <span class='ocrx_word' id='word_1_103' title='bbox 937 788 967 810; x_wconf 90' lang='lat' dir='ltr'><strong>ut</strong></span> 
     </span>
    </p>
   </div>
   <div class='ocr_carea' id='block_1_18' title="bbox 177 830 966 869">
    <p class='ocr_par' dir='ltr' id='par_1_18' title="bbox 177 830 966 869">
     <span class='ocr_line' id='line_1_18' title="bbox 177 830 966 869; baseline -0.006 -8"><span class='ocrx_word' id='word_1_104' title='bbox 177 836 242 862; x_wconf 84' lang='lat' dir='ltr'><strong>hinc</strong></span> <span class='ocrx_word' id='word_1_105' title='bbox 259 834 362 869; x_wconf 87' lang='lat' dir='ltr'><strong>aliquid</strong></span> <span class='ocrx_word' id='word_1_106' title='bbox 376 833 456 861; x_wconf 84' lang='lat' dir='ltr'><strong>vobis</strong></span> <span class='ocrx_word' id='word_1_107' title='bbox 479 833 568 861; x_wconf 87' lang='lat' dir='ltr'><strong>solatii</strong></span> <span class='ocrx_word' id='word_1_108' title='bbox 581 832 700 860; x_wconf 84' lang='lat' dir='ltr'><strong>accedat.</strong></span> <span class='ocrx_word' id='word_1_109' title='bbox 715 831 826 858; x_wconf 84' lang='lat' dir='ltr'><strong>Morbus</strong></span> <span class='ocrx_word' id='word_1_110' title='bbox 846 830 966 864; x_wconf 89' lang='lat' dir='ltr'><strong>quidem,</strong></span> 
     </span>
    </p>
   </div>
   <div class='ocr_carea' id='block_1_19' title="bbox 177 875 1006 914">
    <p class='ocr_par' dir='ltr' id='par_1_19' title="bbox 177 875 1006 914">
     <span class='ocr_line' id='line_1_19' title="bbox 177 875 1006 914; baseline -0.006 -7"><span class='ocrx_word' id='word_1_111' title='bbox 177 880 223 908; x_wconf 90' lang='lat' dir='ltr'><strong>ille</strong></span> <span class='ocrx_word' id='word_1_112' title='bbox 238 880 368 914; x_wconf 85' lang='lat' dir='ltr'><strong>antiquus</strong></span> <span class='ocrx_word' id='word_1_113' title='bbox 379 879 448 913; x_wconf 90' lang='lat' dir='ltr'><strong>fuit;</strong></span> <span class='ocrx_word' id='word_1_114' title='bbox 463 886 560 913; x_wconf 84' lang='lat' dir='ltr'><strong>nempe</strong></span> <span class='ocrx_word' id='word_1_115' title='bbox 573 877 720 905; x_wconf 84' lang='lat' dir='ltr'><strong>stomachi.</strong></span> <span class='ocrx_word' id='word_1_116' title='bbox 737 876 773 909; x_wconf 86' lang='lat' dir='ltr'><strong>Is,</strong></span> <span class='ocrx_word' id='word_1_117' title='bbox 786 883 819 903; x_wconf 85' lang='lat' dir='ltr'><strong>ex</strong></span> <span class='ocrx_word' id='word_1_118' title='bbox 833 875 969 903; x_wconf 86' lang='lat' dir='ltr'><strong>diuturnis</strong></span> <span class='ocrx_word' id='word_1_119' title='bbox 986 879 1006 905; x_wconf 72' lang='lat' dir='ltr'><strong>It</strong></span> 
     </span>
    </p>
   </div>
   <div class='ocr_carea' id='block_1_20' title="bbox 177 923 970 960">
    <p class='ocr_par' dir='ltr' id='par_1_20' title="bbox 177 923 970 960">
     <span class='ocr_line' id='line_1_20' title="bbox 177 923 970 960; baseline -0.008 -6"><span class='ocrx_word' id='word_1_120' title='bbox 177 926 336 955; x_wconf 86' lang='lat' dir='ltr'><strong>carceribus</strong></span> <span class='ocrx_word' id='word_1_121' title='bbox 344 926 513 960; x_wconf 84' lang='lat' dir='ltr'><strong>exsiliisque,</strong></span> <span class='ocrx_word' id='word_1_122' title='bbox 525 931 688 959; x_wconf 88' lang='lat' dir='ltr'><strong>summoque</strong></span> <span class='ocrx_word' id='word_1_123' title='bbox 703 923 764 951; x_wconf 92' lang='lat' dir='ltr'><strong>inde</strong></span> <span class='ocrx_word' id='word_1_124' title='bbox 778 923 898 957; x_wconf 80' lang='lat' dir='ltr'><strong>neglectu</strong></span> <span class='ocrx_word' id='word_1_125' title='bbox 913 929 970 949; x_wconf 84' lang='lat' dir='ltr'><strong>cor~</strong></span> 
     </span>
    </p>
   </div>
   <div class='ocr_carea' id='block_1_21' title="bbox 178 968 968 1007">
    <p class='ocr_par' dir='ltr' id='par_1_21' title="bbox 178 968 968 1007">
     <span class='ocr_line' id='line_1_21' title="bbox 178 968 968 1007; baseline -0.008 -8"><span class='ocrx_word' id='word_1_126' title='bbox 178 972 265 1007; x_wconf 88' lang='lat' dir='ltr'><strong>poris,</strong></span> <span class='ocrx_word' id='word_1_127' title='bbox 283 975 380 998; x_wconf 89' lang='lat' dir='ltr'><strong>auctus</strong></span> <span class='ocrx_word' id='word_1_128' title='bbox 391 975 472 1005; x_wconf 86' lang='lat' dir='ltr'><strong>atque</strong></span> <span class='ocrx_word' id='word_1_129' title='bbox 486 972 513 997; x_wconf 92' lang='lat' dir='ltr'><strong>in</strong></span> <span class='ocrx_word' id='word_1_130' title='bbox 529 969 651 997; x_wconf 77' lang='lat' dir='ltr'><strong>difﬁciles</strong></span> <span class='ocrx_word' id='word_1_131' title='bbox 667 968 844 1003; x_wconf 78' lang='lat' dir='ltr'><strong>aegritudines</strong></span> <span class='ocrx_word' id='word_1_132' title='bbox 859 974 968 1002; x_wconf 89' lang='lat' dir='ltr'><strong>promo-</strong></span> 
     </span>
    </p>
   </div>
   <div class='ocr_carea' id='block_1_22' title="bbox 179 1013 968 1052">
    <p class='ocr_par' dir='ltr' id='par_1_22' title="bbox 179 1013 968 1052">
     <span class='ocr_line' id='line_1_22' title="bbox 179 1013 968 1052; baseline -0.006 -9"><span class='ocrx_word' id='word_1_133' title='bbox 179 1025 256 1050; x_wconf 85' lang='lat' dir='ltr'><strong>vcns,</strong></span> <span class='ocrx_word' id='word_1_134' title='bbox 284 1017 312 1044; x_wconf 93' lang='lat' dir='ltr'><strong>in</strong></span> <span class='ocrx_word' id='word_1_135' title='bbox 330 1016 482 1052; x_wconf 78' lang='lat' dir='ltr'><strong>perfectam</strong></span> <span class='ocrx_word' id='word_1_136' title='bbox 510 1015 621 1042; x_wconf 91' lang='lat' dir='ltr'><strong>detnum</strong></span> <span class='ocrx_word' id='word_1_137' title='bbox 651 1014 768 1041; x_wconf 88' lang='lat' dir='ltr'><strong>deietatn</strong></span> <span class='ocrx_word' id='word_1_138' title='bbox 786 1013 968 1048; x_wconf 86' lang='lat' dir='ltr'><strong>appetentiam</strong></span> 
     </span>
    </p>
   </div>
   <div class='ocr_carea' id='block_1_23' title="bbox 180 1058 970 1095">
    <p class='ocr_par' dir='ltr' id='par_1_23' title="bbox 180 1058 970 1095">
     <span class='ocr_line' id='line_1_23' title="bbox 180 1058 970 1095; baseline -0.008 -5"><span class='ocrx_word' id='word_1_139' title='bbox 180 1063 281 1095; x_wconf 81' lang='lat' dir='ltr'><strong>desiit;</strong></span> <span class='ocrx_word' id='word_1_140' title='bbox 297 1067 328 1090; x_wconf 91' lang='lat' dir='ltr'><strong>ut</strong></span> <span class='ocrx_word' id='word_1_141' title='bbox 345 1063 385 1090; x_wconf 91' lang='lat' dir='ltr'><strong>vir</strong></span> <span class='ocrx_word' id='word_1_142' title='bbox 402 1062 509 1092; x_wconf 84' lang='lat' dir='ltr'><strong>beatus,</strong></span> <span class='ocrx_word' id='word_1_143' title='bbox 527 1065 591 1087; x_wconf 86' lang='lat' dir='ltr'><strong>ante</strong></span> <span class='ocrx_word' id='word_1_144' title='bbox 605 1060 687 1087; x_wconf 83' lang='lat' dir='ltr'><strong>etiam</strong></span> <span class='ocrx_word' id='word_1_145' title='bbox 700 1058 902 1090; x_wconf 83' lang='lat' dir='ltr'><strong>dormitionetn,</strong></span> <span class='ocrx_word' id='word_1_146' title='bbox 924 1059 970 1085; x_wconf 81' lang='lat' dir='ltr'><strong>vix</strong></span> 
     </span>
    </p>
   </div>
   <div class='ocr_carea' id='block_1_24' title="bbox 179 1103 968 1136">
    <p class='ocr_par' dir='ltr' id='par_1_24' title="bbox 179 1103 968 1136">
     <span class='ocr_line' id='line_1_24' title="bbox 179 1103 968 1136; baseline -0.009 0"><span class='ocrx_word' id='word_1_147' title='bbox 179 1115 235 1136; x_wconf 90' lang='lat' dir='ltr'><strong>non</strong></span> <span class='ocrx_word' id='word_1_148' title='bbox 250 1112 377 1135; x_wconf 86' lang='lat' dir='ltr'><strong>mortuus</strong></span> <span class='ocrx_word' id='word_1_149' title='bbox 398 1107 546 1134; x_wconf 86' lang='lat' dir='ltr'><strong>videretur.</strong></span> <span class='ocrx_word' id='word_1_150' title='bbox 574 1105 613 1132; x_wconf 80' lang='lat' dir='ltr'><strong>Eo</strong></span> <span class='ocrx_word' id='word_1_151' title='bbox 636 1104 747 1136; x_wconf 88' lang='lat' dir='ltr'><strong>morbo,</strong></span> <span class='ocrx_word' id='word_1_152' title='bbox 763 1103 811 1130; x_wconf 93' lang='lat' dir='ltr'><strong>ubi</strong></span> <span class='ocrx_word' id='word_1_153' title='bbox 836 1103 968 1135; x_wconf 87' lang='lat' dir='ltr'><strong>triduum,</strong></span> 
     </span>
    </p>
   </div>
   <div class='ocr_carea' id='block_1_25' title="bbox 180 1149 972 1183">
    <p class='ocr_par' dir='ltr' id='par_1_25' title="bbox 180 1149 972 1183">
     <span class='ocr_line' id='line_1_25' title="bbox 180 1149 972 1183; baseline -0.008 -2"><span class='ocrx_word' id='word_1_154' title='bbox 180 1152 342 1181; x_wconf 83' lang='lat' dir='ltr'><strong>Novembris</strong></span> <span class='ocrx_word' id='word_1_155' title='bbox 365 1151 463 1183; x_wconf 87' lang='lat' dir='ltr'><strong>initio,</strong></span> <span class='ocrx_word' id='word_1_156' title='bbox 490 1150 686 1181; x_wconf 81' lang='lat' dir='ltr'><strong>decubuisset,</strong></span> <span class='ocrx_word' id='word_1_157' title='bbox 715 1150 812 1176; x_wconf 88' lang='lat' dir='ltr'><strong>iterutn</strong></span> <span class='ocrx_word' id='word_1_158' title='bbox 833 1149 972 1176; x_wconf 86' lang='lat' dir='ltr'><strong>convaluit</strong></span> 
     </span>
    </p>
   </div>
   <div class='ocr_carea' id='block_1_26' title="bbox 181 1196 972 1230">
    <p class='ocr_par' dir='ltr' id='par_1_26' title="bbox 181 1196 972 1230">
     <span class='ocr_line' id='line_1_26' title="bbox 181 1196 972 1230; baseline -0.006 -4"><span class='ocrx_word' id='word_1_159' title='bbox 181 1199 272 1226; x_wconf 91' lang='lat' dir='ltr'><strong>divina</strong></span> <span class='ocrx_word' id='word_1_160' title='bbox 292 1198 442 1225; x_wconf 87' lang='lat' dir='ltr'><strong>voluntate.</strong></span> <span class='ocrx_word' id='word_1_161' title='bbox 457 1196 522 1227; x_wconf 88' lang='lat' dir='ltr'><strong>Sed,</strong></span> <span class='ocrx_word' id='word_1_162' title='bbox 548 1201 589 1223; x_wconf 89' lang='lat' dir='ltr'><strong>ter</strong></span> <span class='ocrx_word' id='word_1_163' title='bbox 613 1196 718 1223; x_wconf 89' lang='lat' dir='ltr'><strong>beatam</strong></span> <span class='ocrx_word' id='word_1_164' title='bbox 735 1196 820 1222; x_wconf 93' lang='lat' dir='ltr'><strong>animi</strong></span> <span class='ocrx_word' id='word_1_165' title='bbox 837 1196 972 1230; x_wconf 84' lang='lat' dir='ltr'><strong>magnitu-</strong></span> 
     </span>
    </p>
   </div>
   <div class='ocr_carea' id='block_1_27' title="bbox 181 1240 968 1277">
    <p class='ocr_par' dir='ltr' id='par_1_27' title="bbox 181 1240 968 1277">
     <span class='ocr_line' id='line_1_27' title="bbox 181 1240 968 1277; baseline -0.003 -7"><span class='ocrx_word' id='word_1_166' title='bbox 181 1244 289 1277; x_wconf 85' lang='lat' dir='ltr'><strong>dinem,</strong></span> <span class='ocrx_word' id='word_1_167' title='bbox 316 1250 349 1270; x_wconf 90' lang='lat' dir='ltr'><strong>ae</strong></span> <span class='ocrx_word' id='word_1_168' title='bbox 365 1241 535 1277; x_wconf 84' lang='lat' dir='ltr'><strong>propositum</strong></span> <span class='ocrx_word' id='word_1_169' title='bbox 561 1240 661 1268; x_wconf 86' lang='lat' dir='ltr'><strong>invicta</strong></span> <span class='ocrx_word' id='word_1_170' title='bbox 684 1241 840 1268; x_wconf 88' lang='lat' dir='ltr'><strong>constantia</strong></span> <span class='ocrx_word' id='word_1_171' title='bbox 859 1241 968 1269; x_wconf 88' lang='lat' dir='ltr'><strong>nobile!</strong></span> 
     </span>
    </p>
   </div>
   <div class='ocr_carea' id='block_1_28' title="bbox 180 1286 971 1322">
    <p class='ocr_par' dir='ltr' id='par_1_28' title="bbox 180 1286 971 1322">
     <span class='ocr_line' id='line_1_28' title="bbox 180 1286 971 1322; baseline -0.003 -6"><span class='ocrx_word' id='word_1_172' title='bbox 180 1288 249 1316; x_wconf 87' lang='lat' dir='ltr'><strong>Nam</strong></span> <span class='ocrx_word' id='word_1_173' title='bbox 263 1295 353 1322; x_wconf 87' lang='lat' dir='ltr'><strong>neque</strong></span> <span class='ocrx_word' id='word_1_174' title='bbox 373 1295 406 1315; x_wconf 91' lang='lat' dir='ltr'><strong>eo</strong></span> <span class='ocrx_word' id='word_1_175' title='bbox 424 1287 532 1318; x_wconf 91' lang='lat' dir='ltr'><strong>morbo,</strong></span> <span class='ocrx_word' id='word_1_176' title='bbox 559 1287 677 1321; x_wconf 89' lang='lat' dir='ltr'><strong>quietetn</strong></span> <span class='ocrx_word' id='word_1_177' title='bbox 694 1286 813 1321; x_wconf 80' lang='lat' dir='ltr'><strong>aliquant</strong></span> <span class='ocrx_word' id='word_1_178' title='bbox 833 1287 876 1313; x_wconf 92' lang='lat' dir='ltr'><strong>vel</strong></span> <span class='ocrx_word' id='word_1_179' title='bbox 898 1287 971 1314; x_wconf 86' lang='lat' dir='ltr'><strong>sola-</strong></span> 
     </span>
    </p>
   </div>
   <div class='ocr_carea' id='block_1_29' title="bbox 183 1331 973 1368">
    <p class='ocr_par' dir='ltr' id='par_1_29' title="bbox 183 1331 973 1368">
     <span class='ocr_line' id='line_1_29' title="bbox 183 1331 973 1368; baseline -0.003 -7"><span class='ocrx_word' id='word_1_180' title='bbox 183 1333 264 1361; x_wconf 90' lang='lat' dir='ltr'><strong>minis</strong></span> <span class='ocrx_word' id='word_1_181' title='bbox 272 1333 376 1368; x_wconf 89' lang='lat' dir='ltr'><strong>aliquid</strong></span> <span class='ocrx_word' id='word_1_182' title='bbox 391 1333 531 1368; x_wconf 80' lang='lat' dir='ltr'><strong>indulgere</strong></span> <span class='ocrx_word' id='word_1_183' title='bbox 544 1332 630 1359; x_wconf 91' lang='lat' dir='ltr'><strong>voluit</strong></span> <span class='ocrx_word' id='word_1_184' title='bbox 645 1340 652 1358; x_wconf 85' lang='lat'><strong>:</strong></span> <span class='ocrx_word' id='word_1_185' title='bbox 669 1331 704 1358; x_wconf 88' lang='lat' dir='ltr'><strong>ita</strong></span> <span class='ocrx_word' id='word_1_186' title='bbox 722 1331 749 1358; x_wconf 93' lang='lat' dir='ltr'><strong>in</strong></span> <span class='ocrx_word' id='word_1_187' title='bbox 766 1332 846 1359; x_wconf 82' lang='lat' dir='ltr'><strong>tinem</strong></span> <span class='ocrx_word' id='word_1_188' title='bbox 857 1332 894 1367; x_wconf 90' lang='lat'><strong>(9)</strong></span> <span class='ocrx_word' id='word_1_189' title='bbox 907 1332 973 1360; x_wconf 88' lang='lat' dir='ltr'><strong>ode-</strong></span> 
     </span>
    </p>
   </div>
   <div class='ocr_carea' id='block_1_30' title="bbox 183 1376 973 1413">
    <p class='ocr_par' dir='ltr' id='par_1_30' title="bbox 183 1376 973 1413">
     <span class='ocr_line' id='line_1_30' title="bbox 183 1376 973 1413; baseline -0.001 -7"><span class='ocrx_word' id='word_1_190' title='bbox 183 1384 226 1406; x_wconf 87' lang='lat' dir='ltr'><strong>rat</strong></span> <span class='ocrx_word' id='word_1_191' title='bbox 243 1379 325 1406; x_wconf 88' lang='lat' dir='ltr'><strong>vitam</strong></span> <span class='ocrx_word' id='word_1_192' title='bbox 354 1384 527 1413; x_wconf 61' lang='lat' dir='ltr'><strong>praesentem.</strong></span> <span class='ocrx_word' id='word_1_193' title='bbox 546 1376 605 1404; x_wconf 80' lang='lat' dir='ltr'><strong>Jatn</strong></span> <span class='ocrx_word' id='word_1_194' title='bbox 621 1377 693 1404; x_wconf 89' lang='lat' dir='ltr'><strong>enim</strong></span> <span class='ocrx_word' id='word_1_195' title='bbox 712 1377 884 1412; x_wconf 66' lang='lat' dir='ltr'><strong>longatvitate</strong></span> <span class='ocrx_word' id='word_1_196' title='bbox 899 1378 973 1405; x_wconf 81' lang='lat' dir='ltr'><strong>defe-</strong></span> 
     </span>
    </p>
   </div>
   <div class='ocr_carea' id='block_1_31' title="bbox 183 1423 972 1457">
    <p class='ocr_par' dir='ltr' id='par_1_31' title="bbox 183 1423 972 1457">
     <span class='ocr_line' id='line_1_31' title="bbox 183 1423 972 1457; baseline -0.001 -6"><span class='ocrx_word' id='word_1_197' title='bbox 183 1429 243 1451; x_wconf 83' lang='lat' dir='ltr'><strong>ctus</strong></span> <span class='ocrx_word' id='word_1_198' title='bbox 255 1445 262 1457; x_wconf 89' lang='lat'><strong>,</strong></span> <span class='ocrx_word' id='word_1_199' title='bbox 285 1423 419 1457; x_wconf 81' lang='lat' dir='ltr'><strong>senioque</strong></span> <span class='ocrx_word' id='word_1_200' title='bbox 440 1423 550 1450; x_wconf 87' lang='lat' dir='ltr'><strong>attritus</strong></span> <span class='ocrx_word' id='word_1_201' title='bbox 564 1443 572 1454; x_wconf 83' lang='lat'><strong>,</strong></span> <span class='ocrx_word' id='word_1_202' title='bbox 589 1427 719 1457; x_wconf 67' lang='lat' dir='ltr'><strong>praeterea</strong></span> <span class='ocrx_word' id='word_1_203' title='bbox 745 1431 809 1450; x_wconf 91' lang='lat' dir='ltr'><strong>vero</strong></span> <span class='ocrx_word' id='word_1_204' title='bbox 820 1443 827 1455; x_wconf 85' lang='lat'><strong>,</strong></span> <span class='ocrx_word' id='word_1_205' title='bbox 846 1423 972 1450; x_wconf 85' lang='lat' dir='ltr'><strong>dolorum</strong></span> 
     </span>
    </p>
   </div>
   <div class='ocr_carea' id='block_1_32' title="bbox 183 1467 973 1503">
    <p class='ocr_par' dir='ltr' id='par_1_32' title="bbox 183 1467 973 1503">
     <span class='ocr_line' id='line_1_32' title="bbox 183 1467 973 1503; baseline -0.001 -8"><span class='ocrx_word' id='word_1_206' title='bbox 183 1468 355 1496; x_wconf 85' lang='lat' dir='ltr'><strong>immanitate</strong></span> <span class='ocrx_word' id='word_1_207' title='bbox 372 1468 428 1502; x_wconf 84' lang='lat' dir='ltr'><strong>(i0)</strong></span> <span class='ocrx_word' id='word_1_208' title='bbox 440 1467 511 1495; x_wconf 88' lang='lat' dir='ltr'><strong>lecto</strong></span> <span class='ocrx_word' id='word_1_209' title='bbox 526 1467 632 1499; x_wconf 80' lang='lat' dir='ltr'><strong>atlixus,</strong></span> <span class='ocrx_word' id='word_1_210' title='bbox 647 1468 726 1503; x_wconf 86' lang='lat' dir='ltr'><strong>juxta</strong></span> <span class='ocrx_word' id='word_1_211' title='bbox 744 1467 902 1495; x_wconf 88' lang='lat' dir='ltr'><strong>Davidicum</strong></span> <span class='ocrx_word' id='word_1_212' title='bbox 915 1476 973 1495; x_wconf 82' lang='lat' dir='ltr'><strong>ser—</strong></span> 
     </span>
    </p>
   </div>
   <div class='ocr_carea' id='block_1_33' title="bbox 184 1512 972 1548">
    <p class='ocr_par' dir='ltr' id='par_1_33' title="bbox 184 1512 972 1548">
     <span class='ocr_line' id='line_1_33' title="bbox 184 1512 972 1548; baseline -0.003 -7"><span class='ocrx_word' id='word_1_213' title='bbox 184 1521 293 1541; x_wconf 87' lang='lat' dir='ltr'><strong>monem</strong></span> <span class='ocrx_word' id='word_1_214' title='bbox 310 1523 316 1540; x_wconf 91' lang='lat'>:</span> <span class='ocrx_word' id='word_1_215' title='bbox 335 1513 397 1540; x_wconf 85' lang='lat' dir='ltr'><strong>Non</strong></span> <span class='ocrx_word' id='word_1_216' title='bbox 421 1513 494 1540; x_wconf 81' lang='lat' dir='ltr'><strong>dedit</strong></span> <span class='ocrx_word' id='word_1_217' title='bbox 515 1521 636 1540; x_wconf 81' lang='lat' dir='ltr'><strong>somnum</strong></span> <span class='ocrx_word' id='word_1_218' title='bbox 662 1513 765 1546; x_wconf 77' lang='lat' dir='ltr'><strong>oculis,</strong></span> <span class='ocrx_word' id='word_1_219' title='bbox 782 1521 862 1548; x_wconf 82' lang='lat' dir='ltr'><strong>neque</strong></span> <span class='ocrx_word' id='word_1_220' title='bbox 881 1512 972 1548; x_wconf 80' lang='lat' dir='ltr'><strong>palpe-</strong></span> 
     </span>
    </p>
   </div>
   <div class='ocr_carea' id='block_1_34' title="bbox 173 1559 1009 1606">
    <p class='ocr_par' dir='ltr' id='par_1_34' title="bbox 173 1559 1009 1606">
     <span class='ocr_line' id='line_1_34' title="bbox 173 1559 1009 1606; baseline 0.001 -21"><span class='ocrx_word' id='word_1_221' title='bbox 173 1559 238 1585; x_wconf 63' lang='lat' dir='ltr'><strong>bris</strong></span> <span class='ocrx_word' id='word_1_222' title='bbox 263 1559 497 1590; x_wconf 82' lang='lat' dir='ltr'><strong>darmitationem;</strong></span> <span class='ocrx_word' id='word_1_223' title='bbox 516 1567 547 1585; x_wconf 84' lang='lat' dir='ltr'><strong>ac</strong></span> <span class='ocrx_word' id='word_1_224' title='bbox 569 1567 650 1593; x_wconf 81' lang='lat' dir='ltr'><strong>neque</strong></span> <span class='ocrx_word' id='word_1_225' title='bbox 671 1560 786 1594; x_wconf 80' lang='lat' dir='ltr'><strong>requiem</strong></span> <span class='ocrx_word' id='word_1_226' title='bbox 803 1560 973 1592; x_wconf 76' lang='lat' dir='ltr'><strong>temporibus,</strong></span> <span class='ocrx_word' id='word_1_227' title='bbox 988 1575 1009 1606; x_wconf 80' lang='lat' dir='ltr'><strong>C</strong></span> 
     </span>
    </p>
   </div>
   <div class='ocr_carea' id='block_1_35' title="bbox 184 1604 974 1632">
    <p class='ocr_par' dir='ltr' id='par_1_35' title="bbox 184 1604 974 1632">
     <span class='ocr_line' id='line_1_35' title="bbox 184 1604 974 1632; baseline 0.001 -1"><span class='ocrx_word' id='word_1_228' title='bbox 184 1605 267 1632; x_wconf 80' lang='lat' dir='ltr'><strong>donec</strong></span> <span class='ocrx_word' id='word_1_229' title='bbox 281 1605 422 1632; x_wconf 68' lang='lat' dir='ltr'><strong>inuertisset</strong></span> <span class='ocrx_word' id='word_1_230' title='bbox 435 1605 522 1631; x_wconf 81' lang='lat' dir='ltr'><strong>locum</strong></span> <span class='ocrx_word' id='word_1_231' title='bbox 544 1604 702 1632; x_wconf 79' lang='lat' dir='ltr'><strong>Domino”.</strong></span> <span class='ocrx_word' id='word_1_232' title='bbox 721 1606 760 1632; x_wconf 89' lang='lat' dir='ltr'><strong>Ac</strong></span> <span class='ocrx_word' id='word_1_233' title='bbox 776 1613 842 1632; x_wconf 88' lang='lat' dir='ltr'><strong>sane</strong></span> <span class='ocrx_word' id='word_1_234' title='bbox 860 1605 974 1632; x_wconf 83' lang='lat' dir='ltr'><strong>invenit.</strong></span> 
     </span>
    </p>
   </div>
   <div class='ocr_carea' id='block_1_36' title="bbox 186 1650 975 1686">
    <p class='ocr_par' dir='ltr' id='par_1_36' title="bbox 186 1650 975 1686">
     <span class='ocr_line' id='line_1_36' title="bbox 186 1650 975 1686; baseline 0 -8"><span class='ocrx_word' id='word_1_235' title='bbox 186 1652 272 1686; x_wconf 80' lang='lat' dir='ltr'><strong>Quem</strong></span> <span class='ocrx_word' id='word_1_236' title='bbox 287 1650 386 1678; x_wconf 82' lang='lat' dir='ltr'><strong>illum?</strong></span> <span class='ocrx_word' id='word_1_237' title='bbox 402 1650 602 1686; x_wconf 76' lang='lat' dir='ltr'><strong>Utiquejugcm</strong></span> <span class='ocrx_word' id='word_1_238' title='bbox 618 1650 692 1677; x_wconf 84' lang='lat' dir='ltr'><strong>illam</strong></span> <span class='ocrx_word' id='word_1_239' title='bbox 707 1658 739 1678; x_wconf 89' lang='lat' dir='ltr'><strong>ac</strong></span> <span class='ocrx_word' id='word_1_240' title='bbox 750 1651 824 1678; x_wconf 88' lang='lat' dir='ltr'><strong>velut</strong></span> <span class='ocrx_word' id='word_1_241' title='bbox 835 1651 896 1685; x_wconf 85' lang='lat' dir='ltr'><strong>jure</strong></span> <span class='ocrx_word' id='word_1_242' title='bbox 914 1659 975 1686; x_wconf 90' lang='lat' dir='ltr'><strong>per-</strong></span> 
     </span>
    </p>
   </div>
   <div class='ocr_carea' id='block_1_37' title="bbox 185 1697 977 1733">
    <p class='ocr_par' dir='ltr' id='par_1_37' title="bbox 185 1697 977 1733">
     <span class='ocr_line' id='line_1_37' title="bbox 185 1697 977 1733; baseline 0.001 -9"><span class='ocrx_word' id='word_1_243' title='bbox 185 1701 268 1733; x_wconf 87' lang='lat' dir='ltr'><strong>petuo</strong></span> <span class='ocrx_word' id='word_1_244' title='bbox 285 1701 383 1724; x_wconf 86' lang='lat' dir='ltr'><strong>statam</strong></span> <span class='ocrx_word' id='word_1_245' title='bbox 400 1697 468 1730; x_wconf 80' lang='lat' dir='ltr'><strong>(li),</strong></span> <span class='ocrx_word' id='word_1_246' title='bbox 488 1704 569 1731; x_wconf 86' lang='lat' dir='ltr'><strong>quain</strong></span> <span class='ocrx_word' id='word_1_247' title='bbox 586 1705 635 1731; x_wconf 85' lang='lat' dir='ltr'><strong>pro</strong></span> <span class='ocrx_word' id='word_1_248' title='bbox 653 1704 730 1724; x_wconf 88' lang='lat' dir='ltr'><strong>more</strong></span> <span class='ocrx_word' id='word_1_249' title='bbox 747 1697 868 1730; x_wconf 89' lang='lat' dir='ltr'><strong>quotidie</strong></span> <span class='ocrx_word' id='word_1_250' title='bbox 882 1705 977 1732; x_wconf 86' lang='lat' dir='ltr'><strong>perso-</strong></span> 
     </span>
    </p>
   </div>
   <div class='ocr_carea' id='block_1_38' title="bbox 186 1743 976 1779">
    <p class='ocr_par' dir='ltr' id='par_1_38' title="bbox 186 1743 976 1779">
     <span class='ocr_line' id='line_1_38' title="bbox 186 1743 976 1779; baseline 0.001 -8"><span class='ocrx_word' id='word_1_251' title='bbox 186 1748 264 1772; x_wconf 81' lang='lat' dir='ltr'><strong>naret</strong></span> <span class='ocrx_word' id='word_1_252' title='bbox 279 1743 427 1771; x_wconf 74' lang='lat' dir='ltr'><strong>salutarem</strong></span> <span class='ocrx_word' id='word_1_253' title='bbox 451 1744 615 1775; x_wconf 88' lang='lat' dir='ltr'><strong>doctrinam,</strong></span> <span class='ocrx_word' id='word_1_254' title='bbox 636 1752 718 1778; x_wconf 83' lang='lat' dir='ltr'><strong>quam</strong></span> <span class='ocrx_word' id='word_1_255' title='bbox 737 1748 765 1771; x_wconf 90' lang='lat' dir='ltr'><strong>et</strong></span> <span class='ocrx_word' id='word_1_256' title='bbox 786 1744 856 1771; x_wconf 91' lang='lat' dir='ltr'><strong>lecto</strong></span> <span class='ocrx_word' id='word_1_257' title='bbox 871 1744 976 1779; x_wconf 88' lang='lat' dir='ltr'><strong>jacens,</strong></span> 
     </span>
    </p>
   </div>
   <div class='ocr_carea' id='block_1_39' title="bbox 187 1789 977 1824">
    <p class='ocr_par' dir='ltr' id='par_1_39' title="bbox 187 1789 977 1824">
     <span class='ocr_line' id='line_1_39' title="bbox 187 1789 977 1824; baseline 0.001 -8"><span class='ocrx_word' id='word_1_258' title='bbox 187 1794 218 1816; x_wconf 93' lang='lat' dir='ltr'><strong>ut</strong></span> <span class='ocrx_word' id='word_1_259' title='bbox 232 1789 280 1824; x_wconf 89' lang='lat' dir='ltr'><strong>qui</strong></span> <span class='ocrx_word' id='word_1_260' title='bbox 302 1796 356 1816; x_wconf 90' lang='lat' dir='ltr'><strong>non</strong></span> <span class='ocrx_word' id='word_1_261' title='bbox 374 1792 468 1824; x_wconf 79' lang='lat' dir='ltr'><strong>posset</strong></span> <span class='ocrx_word' id='word_1_262' title='bbox 482 1789 612 1816; x_wconf 87' lang='lat' dir='ltr'><strong>collectos</strong></span> <span class='ocrx_word' id='word_1_263' title='bbox 627 1789 698 1824; x_wconf 86' lang='lat' dir='ltr'><strong>apud</strong></span> <span class='ocrx_word' id='word_1_264' title='bbox 714 1789 803 1824; x_wconf 89' lang='lat' dir='ltr'><strong>ipsum</strong></span> <span class='ocrx_word' id='word_1_265' title='bbox 822 1789 923 1817; x_wconf 83' lang='lat' dir='ltr'><strong>fratres</strong></span> <span class='ocrx_word' id='word_1_266' title='bbox 938 1790 977 1817; x_wconf 91' lang='lat' dir='ltr'><strong>al-</strong></span> 
     </span>
    </p>
   </div>
   <div class='ocr_carea' id='block_1_40' title="bbox 186 1835 978 1870">
    <p class='ocr_par' dir='ltr' id='par_1_40' title="bbox 186 1835 978 1870">
     <span class='ocr_line' id='line_1_40' title="bbox 186 1835 978 1870; baseline 0 -8"><span class='ocrx_word' id='word_1_267' title='bbox 186 1835 243 1862; x_wconf 88' lang='lat' dir='ltr'><strong>tius</strong></span> <span class='ocrx_word' id='word_1_268' title='bbox 258 1835 374 1869; x_wconf 84' lang='lat' dir='ltr'><strong>alloqui,</strong></span> <span class='ocrx_word' id='word_1_269' title='bbox 389 1835 434 1861; x_wconf 90' lang='lat' dir='ltr'><strong>uni</strong></span> <span class='ocrx_word' id='word_1_270' title='bbox 446 1835 599 1862; x_wconf 87' lang='lat' dir='ltr'><strong>scribarum</strong></span> <span class='ocrx_word' id='word_1_271' title='bbox 615 1835 768 1870; x_wconf 74' lang='lat' dir='ltr'><strong>suggessit;</strong></span> <span class='ocrx_word' id='word_1_272' title='bbox 786 1835 900 1863; x_wconf 87' lang='lat' dir='ltr'><strong>alterius</strong></span> <span class='ocrx_word' id='word_1_273' title='bbox 910 1836 978 1870; x_wconf 82' lang='lat' dir='ltr'><strong>ipse,</strong></span> 
     </span>
    </p>
   </div>
   <div class='ocr_carea' id='block_1_41' title="bbox 183 1881 980 1917">
    <p class='ocr_par' dir='ltr' id='par_1_41' title="bbox 183 1881 980 1917">
     <span class='ocr_line' id='line_1_41' title="bbox 183 1881 980 1917; baseline 0.004 -11"><span class='ocrx_word' id='word_1_274' title='bbox 183 1887 256 1907; x_wconf 63' lang='lat' dir='ltr'><strong>voce</strong></span> <span class='ocrx_word' id='word_1_275' title='bbox 267 1881 423 1914; x_wconf 83' lang='lat' dir='ltr'><strong>alloquens:</strong></span> <span class='ocrx_word' id='word_1_276' title='bbox 442 1888 525 1915; x_wconf 91' lang='lat' dir='ltr'><strong>quam</strong></span> <span class='ocrx_word' id='word_1_277' title='bbox 541 1886 568 1907; x_wconf 90' lang='lat' dir='ltr'><strong>et</strong></span> <span class='ocrx_word' id='word_1_278' title='bbox 582 1886 683 1908; x_wconf 63' lang='lat' dir='ltr'><strong>nostra:</strong></span> <span class='ocrx_word' id='word_1_279' title='bbox 697 1881 761 1908; x_wconf 86' lang='lat' dir='ltr'><strong>huic</strong></span> <span class='ocrx_word' id='word_1_280' title='bbox 775 1882 895 1917; x_wconf 78' lang='lat' dir='ltr'><strong>epistola:</strong></span> <span class='ocrx_word' id='word_1_281' title='bbox 914 1882 980 1909; x_wconf 85' lang='lat' dir='ltr'><strong>sub-</strong></span> 
     </span>
    </p>
   </div>
   <div class='ocr_carea' id='block_1_42' title="bbox 180 1926 980 1963">
    <p class='ocr_par' dir='ltr' id='par_1_42' title="bbox 180 1926 980 1963">
     <span class='ocr_line' id='line_1_42' title="bbox 180 1926 980 1963; baseline 0.003 -10"><span class='ocrx_word' id='word_1_282' title='bbox 180 1926 317 1962; x_wconf 58' lang='lat' dir='ltr'><strong>iecimus.</strong></span> <span class='ocrx_word' id='word_1_283' title='bbox 328 1931 357 1953; x_wconf 91' lang='lat' dir='ltr'><strong>ut</strong></span> <span class='ocrx_word' id='word_1_284' title='bbox 367 1926 409 1953; x_wconf 89' lang='lat' dir='ltr'><strong>vel</strong></span> <span class='ocrx_word' id='word_1_285' title='bbox 422 1926 486 1954; x_wconf 91' lang='lat' dir='ltr'><strong>hinc</strong></span> <span class='ocrx_word' id='word_1_286' title='bbox 501 1927 619 1961; x_wconf 87' lang='lat' dir='ltr'><strong>quisque</strong></span> <span class='ocrx_word' id='word_1_287' title='bbox 632 1928 741 1961; x_wconf 88' lang='lat' dir='ltr'><strong>sapiens</strong></span> <span class='ocrx_word' id='word_1_288' title='bbox 758 1928 875 1960; x_wconf 85' lang='lat' dir='ltr'><strong>noverit,</strong></span> <span class='ocrx_word' id='word_1_289' title='bbox 892 1935 980 1963; x_wconf 86' lang='lat' dir='ltr'><strong>neque</strong></span> 
     </span>
    </p>
   </div>
   <div class='ocr_carea' id='block_1_43' title="bbox 187 1972 979 2002">
    <p class='ocr_par' dir='ltr' id='par_1_43' title="bbox 187 1972 979 2002">
     <span class='ocr_line' id='line_1_43' title="bbox 187 1972 979 2002; baseline 0.004 -4"><span class='ocrx_word' id='word_1_290' title='bbox 187 1972 296 1999; x_wconf 89' lang='lat' dir='ltr'><strong>beatam</strong></span> <span class='ocrx_word' id='word_1_291' title='bbox 316 1979 394 1999; x_wconf 85' lang='lat' dir='ltr'><strong>suam</strong></span> <span class='ocrx_word' id='word_1_292' title='bbox 416 1972 608 1999; x_wconf 87' lang='lat' dir='ltr'><strong>dormitioncm</strong></span> <span class='ocrx_word' id='word_1_293' title='bbox 629 1973 777 2000; x_wconf 90' lang='lat' dir='ltr'><strong>nescivisse</strong></span> <span class='ocrx_word' id='word_1_294' title='bbox 804 1973 892 2000; x_wconf 85' lang='lat' dir='ltr'><strong>virum</strong></span> <span class='ocrx_word' id='word_1_295' title='bbox 915 1982 979 2002; x_wconf 89' lang='lat' dir='ltr'><strong>san-</strong></span> 
     </span>
    </p>
   </div>
   <div class='ocr_carea' id='block_1_44' title="bbox 181 2016 978 2054">
    <p class='ocr_par' dir='ltr' id='par_1_44' title="bbox 181 2016 978 2054">
     <span class='ocr_line' id='line_1_44' title="bbox 181 2016 978 2054; baseline 0.005 -11"><span class='ocrx_word' id='word_1_296' title='bbox 181 2021 279 2051; x_wconf 71' lang='lat' dir='ltr'><strong>ctum,</strong></span> <span class='ocrx_word' id='word_1_297' title='bbox 305 2016 417 2052; x_wconf 89' lang='lat' dir='ltr'><strong>quando</strong></span> <span class='ocrx_word' id='word_1_298' title='bbox 432 2017 582 2052; x_wconf 81' lang='lat' dir='ltr'><strong>symbolice</strong></span> <span class='ocrx_word' id='word_1_299' title='bbox 602 2024 663 2045; x_wconf 88' lang='lat' dir='ltr'><strong>eam</strong></span> <span class='ocrx_word' id='word_1_300' title='bbox 684 2018 820 2054; x_wconf 68' lang='lat' dir='ltr'><strong>praedixit.</strong></span> <span class='ocrx_word' id='word_1_301' title='bbox 849 2018 915 2046; x_wconf 86' lang='lat' dir='ltr'><strong>Nam</strong></span> <span class='ocrx_word' id='word_1_302' title='bbox 941 2020 978 2047; x_wconf 90' lang='lat' dir='ltr'><strong>ita</strong></span> 
     </span>
    </p>
   </div>
   <div class='ocr_carea' id='block_1_45' title="bbox 187 2061 281 2089">
    <p class='ocr_par' dir='ltr' id='par_1_45' title="bbox 187 2061 281 2089">
     <span class='ocr_line' id='line_1_45' title="bbox 187 2061 281 2089; baseline -0.011 -1"><span class='ocrx_word' id='word_1_303' title='bbox 187 2061 281 2089; x_wconf 87' lang='lat' dir='ltr'><strong>habet.</strong></span> 
     </span>
    </p>
   </div>
   <div class='ocr_carea' id='block_1_46' title="bbox 224 2117 456 2152">
    <p class='ocr_par' dir='ltr' id='par_1_46' title="bbox 224 2117 456 2152">
     <span class='ocr_line' id='line_1_46' title="bbox 224 2117 456 2152; baseline -0.004 -6"><span class='ocrx_word' id='word_1_304' title='bbox 224 2117 247 2133; x_wconf 83' lang='lat'><strong>‘°</strong></span> <span class='ocrx_word' id='word_1_305' title='bbox 262 2117 335 2146; x_wconf 87' lang='lat' dir='ltr'><strong>Psal.</strong></span> <span class='ocrx_word' id='word_1_306' title='bbox 347 2125 410 2152; x_wconf 76' lang='lat' dir='ltr'><strong>cxi,</strong></span> <span class='ocrx_word' id='word_1_307' title='bbox 429 2119 456 2145; x_wconf 71' lang='lat' dir='ltr'><strong>It.</strong></span> 
     </span>
    </p>
   </div>
   <div class='ocr_carea' id='block_1_47' title="bbox 1014 236 1807 277">
    <p class='ocr_par' dir='ltr' id='par_1_47' title="bbox 1014 236 1807 277">
     <span class='ocr_line' id='line_1_47' title="bbox 1014 236 1807 277; baseline -0.01 -8"><span class='ocrx_word' id='word_1_308' title='bbox 1014 243 1242 277; x_wconf 82' lang='grc' dir='ltr'>λοστοργήματα·</span> <span class='ocrx_word' id='word_1_309' title='bbox 1269 239 1338 275; x_wconf 80' lang='grc' dir='ltr'>ὁμοῦ</span> <span class='ocrx_word' id='word_1_310' title='bbox 1371 239 1410 272; x_wconf 77' lang='grc' dir='ltr'>δὲ,</span> <span class='ocrx_word' id='word_1_311' title='bbox 1438 239 1485 265; x_wconf 77' lang='grc' dir='ltr'><strong>καὶ</strong></span> <span class='ocrx_word' id='word_1_312' title='bbox 1509 239 1543 273; x_wconf 86' lang='grc' dir='ltr'>τῇ</span> <span class='ocrx_word' id='word_1_313' title='bbox 1565 237 1698 271; x_wconf 83' lang='grc' dir='ltr'>ἀδελφικῇ</span> <span class='ocrx_word' id='word_1_314' title='bbox 1729 236 1807 270; x_wconf 86' lang='grc' dir='ltr'>ὑμῶν</span> 
     </span>
    </p>
   </div>
   <div class='ocr_carea' id='block_1_48' title="bbox 1015 283 1807 323">
    <p class='ocr_par' dir='ltr' id='par_1_48' title="bbox 1015 283 1807 323">
     <span class='ocr_line' id='line_1_48' title="bbox 1015 283 1807 323; baseline -0.009 -8"><span class='ocrx_word' id='word_1_315' title='bbox 1015 289 1110 323; x_wconf 82' lang='grc' dir='ltr'><strong>ἀγάπῃ</strong></span> <span class='ocrx_word' id='word_1_316' title='bbox 1137 286 1394 322; x_wconf 77' lang='grc' dir='ltr'>προσφθεγκτήρια,</span> <span class='ocrx_word' id='word_1_317' title='bbox 1424 285 1470 311; x_wconf 78' lang='grc' dir='ltr'><strong>καὶ</strong></span> <span class='ocrx_word' id='word_1_318' title='bbox 1489 284 1570 311; x_wconf 79' lang='grc' dir='ltr'>οἱονεὶ</span> <span class='ocrx_word' id='word_1_319' title='bbox 1598 283 1807 318; x_wconf 81' lang='grc' dir='ltr'>παρηγορητή-</span> 
     </span>
    </p>
   </div>
   <div class='ocr_carea' id='block_1_49' title="bbox 1026 343 1072 360">
    <p class='ocr_par' dir='ltr' id='par_1_49' title="bbox 1026 343 1072 360">
     <span class='ocr_line' id='line_1_49' title="bbox 1026 343 1072 360; baseline 0 0"><span class='ocrx_word' id='word_1_320' title='bbox 1026 343 1072 360; x_wconf 66' lang='lat' dir='ltr'><strong>na.</strong></span> 
     </span>
    </p>
   </div>
   <div class='ocr_carea' id='block_1_50' title="bbox 1017 344 1809 413">
    <p class='ocr_par' dir='ltr' id='par_1_50' title="bbox 1017 344 1809 413">
     <span class='ocr_line' id='line_1_50' title="bbox 1017 344 1072 370; baseline 0 -10"><span class='ocrx_word' id='word_1_321' title='bbox 1017 344 1072 370; x_wconf 70' lang='lat' dir='ltr'><strong>pta.</strong></span> 
     </span>
     <span class='ocr_line' id='line_1_51' title="bbox 1057 372 1809 413; baseline -0.007 -9"><span class='ocrx_word' id='word_1_322' title='bbox 1057 377 1247 413; x_wconf 79' lang='grc' dir='ltr'>Ἐπιζητοίητε</span> <span class='ocrx_word' id='word_1_323' title='bbox 1262 376 1300 409; x_wconf 81' lang='grc' dir='ltr'><strong>δὲ,</strong></span> <span class='ocrx_word' id='word_1_324' title='bbox 1315 376 1346 403; x_wconf 83' lang='grc' dir='ltr'><strong>εὖ</strong></span> <span class='ocrx_word' id='word_1_325' title='bbox 1361 374 1432 408; x_wconf 81' lang='grc' dir='ltr'>οἶδα,</span> <span class='ocrx_word' id='word_1_326' title='bbox 1453 375 1512 406; x_wconf 84' lang='grc' dir='ltr'><strong>πῶς</strong></span> <span class='ocrx_word' id='word_1_327' title='bbox 1526 382 1556 401; x_wconf 87' lang='grc' dir='ltr'><strong>τε</strong></span> <span class='ocrx_word' id='word_1_328' title='bbox 1571 375 1588 409; x_wconf 86' lang='grc' dir='ltr'><strong>ἡ</strong></span> <span class='ocrx_word' id='word_1_329' title='bbox 1604 373 1653 400; x_wconf 81' lang='grc' dir='ltr'>τοῦ</span> <span class='ocrx_word' id='word_1_330' title='bbox 1672 372 1809 409; x_wconf 78' lang='grc' dir='ltr'><strong>μακαρίου</strong></span> 
     </span>
    </p>
   </div>
   <div class='ocr_carea' id='block_1_51' title="bbox 1017 418 1811 459">
    <p class='ocr_par' dir='ltr' id='par_1_51' title="bbox 1017 418 1811 459">
     <span class='ocr_line' id='line_1_52' title="bbox 1017 418 1811 459; baseline -0.008 -9"><span class='ocrx_word' id='word_1_331' title='bbox 1017 425 1157 459; x_wconf 81' lang='grc' dir='ltr'>γοίμησις,</span> <span class='ocrx_word' id='word_1_332' title='bbox 1186 423 1228 454; x_wconf 85' lang='grc' dir='ltr'><strong>τίς</strong></span> <span class='ocrx_word' id='word_1_333' title='bbox 1242 424 1300 457; x_wconf 81' lang='grc' dir='ltr'>τεὴ</span> <span class='ocrx_word' id='word_1_334' title='bbox 1318 422 1405 453; x_wconf 81' lang='grc' dir='ltr'>νόσος,</span> <span class='ocrx_word' id='word_1_335' title='bbox 1424 421 1471 447; x_wconf 78' lang='grc' dir='ltr'><strong>καὶ</strong></span> <span class='ocrx_word' id='word_1_336' title='bbox 1496 420 1700 454; x_wconf 82' lang='grc' dir='ltr'>ποσαήμεροςή</span> <span class='ocrx_word' id='word_1_337' title='bbox 1726 418 1811 445; x_wconf 79' lang='grc' dir='ltr'>κατά-</span> 
     </span>
    </p>
   </div>
   <div class='ocr_carea' id='block_1_52' title="bbox 1017 463 1811 501">
    <p class='ocr_par' dir='ltr' id='par_1_52' title="bbox 1017 463 1811 501">
     <span class='ocr_line' id='line_1_53' title="bbox 1017 463 1811 501; baseline -0.008 -6"><span class='ocrx_word' id='word_1_338' title='bbox 1017 469 1105 500; x_wconf 84' lang='grc' dir='ltr'>κλισις</span> <span class='ocrx_word' id='word_1_339' title='bbox 1117 476 1124 483; x_wconf 79' lang='grc'><strong><em>⁸</em></strong></span> <span class='ocrx_word' id='word_1_340' title='bbox 1141 469 1213 500; x_wconf 84' lang='grc' dir='ltr'>τίνες</span> <span class='ocrx_word' id='word_1_341' title='bbox 1240 467 1262 494; x_wconf 85' lang='grc' dir='ltr'><strong>δ’</strong></span> <span class='ocrx_word' id='word_1_342' title='bbox 1275 465 1309 494; x_wconf 83' lang='grc' dir='ltr'>αὖ</span> <span class='ocrx_word' id='word_1_343' title='bbox 1325 468 1350 493; x_wconf 82' lang='grc' dir='ltr'>οἱ</span> <span class='ocrx_word' id='word_1_344' title='bbox 1364 466 1495 501; x_wconf 79' lang='grc' dir='ltr'>ὲξιτήριοι</span> <span class='ocrx_word' id='word_1_345' title='bbox 1516 465 1603 498; x_wconf 81' lang='grc' dir='ltr'><strong>λόγοι,</strong></span> <span class='ocrx_word' id='word_1_346' title='bbox 1621 465 1670 490; x_wconf 69' lang='grc' dir='ltr'><strong>καὶ</strong></span> <span class='ocrx_word' id='word_1_347' title='bbox 1686 463 1811 498; x_wconf 81' lang='grc' dir='ltr'>προπόμ-</span> 
     </span>
    </p>
   </div>
   <div class='ocr_carea' id='block_1_53' title="bbox 1018 507 1811 549">
    <p class='ocr_par' dir='ltr' id='par_1_53' title="bbox 1018 507 1811 549">
     <span class='ocr_line' id='line_1_54' title="bbox 1018 507 1811 549; baseline -0.008 -9"><span class='ocrx_word' id='word_1_348' title='bbox 1018 523 1073 541; x_wconf 80' lang='grc' dir='ltr'>πιοι</span> <span class='ocrx_word' id='word_1_349' title='bbox 1087 522 1093 529; x_wconf 90' lang='grc'><strong>·</strong></span> <span class='ocrx_word' id='word_1_350' title='bbox 1109 514 1151 545; x_wconf 77' lang='grc' dir='ltr'><strong>τίς</strong></span> <span class='ocrx_word' id='word_1_351' title='bbox 1164 522 1193 540; x_wconf 84' lang='grc' dir='ltr'><strong>τε</strong></span> <span class='ocrx_word' id='word_1_352' title='bbox 1208 514 1224 549; x_wconf 84' lang='grc' dir='ltr'>ἡ</span> <span class='ocrx_word' id='word_1_353' title='bbox 1249 513 1377 548; x_wconf 80' lang='grc' dir='ltr'><strong>διαθήκη,</strong></span> <span class='ocrx_word' id='word_1_354' title='bbox 1393 513 1438 539; x_wconf 73' lang='grc' dir='ltr'>καὶ</span> <span class='ocrx_word' id='word_1_355' title='bbox 1455 510 1576 544; x_wconf 82' lang='grc' dir='ltr'><strong>διάταξις</strong></span> <span class='ocrx_word' id='word_1_356' title='bbox 1591 519 1597 525; x_wconf 92' lang='grc'><strong>·</strong></span> <span class='ocrx_word' id='word_1_357' title='bbox 1613 510 1660 537; x_wconf 75' lang='grc' dir='ltr'><strong>καὶ</strong></span> <span class='ocrx_word' id='word_1_358' title='bbox 1679 507 1712 536; x_wconf 78' lang='grc' dir='ltr'>αὖ</span> <span class='ocrx_word' id='word_1_359' title='bbox 1728 509 1811 536; x_wconf 84' lang='grc' dir='ltr'>πάλιν</span> 
     </span>
    </p>
   </div>
   <div class='ocr_carea' id='block_1_54' title="bbox 1017 554 1812 593">
    <p class='ocr_par' dir='ltr' id='par_1_54' title="bbox 1017 554 1812 593">
     <span class='ocr_line' id='line_1_55' title="bbox 1017 554 1812 593; baseline -0.009 -7"><span class='ocrx_word' id='word_1_360' title='bbox 1017 560 1089 591; x_wconf 79' lang='grc' dir='ltr'>τίνες</span> <span class='ocrx_word' id='word_1_361' title='bbox 1099 560 1125 585; x_wconf 78' lang='lat' dir='ltr'><strong>oi</strong></span> <span class='ocrx_word' id='word_1_362' title='bbox 1144 558 1401 593; x_wconf 79' lang='grc' dir='ltr'>συνδεδραμηκότες</span> <span class='ocrx_word' id='word_1_363' title='bbox 1415 558 1444 583; x_wconf 88' lang='grc' dir='ltr'>ὲν</span> <span class='ocrx_word' id='word_1_364' title='bbox 1458 558 1491 592; x_wconf 81' lang='grc' dir='ltr'>τῇ</span> <span class='ocrx_word' id='word_1_365' title='bbox 1511 556 1626 590; x_wconf 77' lang='grc' dir='ltr'><strong>ἐσχατιᾷ</strong></span> <span class='ocrx_word' id='word_1_366' title='bbox 1635 554 1734 590; x_wconf 78' lang='grc' dir='ltr'>ταύτῃ,</span> <span class='ocrx_word' id='word_1_367' title='bbox 1751 555 1812 589; x_wconf 75' lang='grc' dir='ltr'>ἢτοι</span> 
     </span>
    </p>
   </div>
   <div class='ocr_carea' id='block_1_55' title="bbox 1018 599 1813 639">
    <p class='ocr_par' dir='ltr' id='par_1_55' title="bbox 1018 599 1813 639">
     <span class='ocr_line' id='line_1_56' title="bbox 1018 599 1813 639; baseline -0.006 -9"><span class='ocrx_word' id='word_1_368' title='bbox 1018 606 1047 630; x_wconf 78' lang='grc' dir='ltr'>ὲν</span> <span class='ocrx_word' id='word_1_369' title='bbox 1073 605 1107 639; x_wconf 83' lang='grc' dir='ltr'>τῇ</span> <span class='ocrx_word' id='word_1_370' title='bbox 1124 603 1230 639; x_wconf 79' lang='grc' dir='ltr'><strong>κηδείᾳ,</strong></span> <span class='ocrx_word' id='word_1_371' title='bbox 1244 604 1290 629; x_wconf 66' lang='grc' dir='ltr'>καὶ</span> <span class='ocrx_word' id='word_1_372' title='bbox 1304 603 1353 629; x_wconf 81' lang='grc' dir='ltr'>ὅσα</span> <span class='ocrx_word' id='word_1_373' title='bbox 1380 602 1474 637; x_wconf 73' lang='grc' dir='ltr'>ἔτερα.</span> <span class='ocrx_word' id='word_1_374' title='bbox 1505 601 1562 628; x_wconf 79' lang='grc' dir='ltr'><strong>Καὶ</strong></span> <span class='ocrx_word' id='word_1_375' title='bbox 1584 601 1626 632; x_wconf 77' lang='grc' dir='ltr'><strong>τίς</strong></span> <span class='ocrx_word' id='word_1_376' title='bbox 1656 599 1749 630; x_wconf 81' lang='grc' dir='ltr'>ἱκανὸς</span> <span class='ocrx_word' id='word_1_377' title='bbox 1766 600 1813 626; x_wconf 71' lang='grc' dir='ltr'><strong>διὰ</strong></span> 
     </span>
    </p>
   </div>
   <div class='ocr_carea' id='block_1_56' title="bbox 1019 644 1814 684">
    <p class='ocr_par' dir='ltr' id='par_1_56' title="bbox 1019 644 1814 684">
     <span class='ocr_line' id='line_1_57' title="bbox 1019 644 1814 684; baseline -0.006 -9"><span class='ocrx_word' id='word_1_378' title='bbox 1019 650 1182 684; x_wconf 81' lang='grc' dir='ltr'><strong>γράμματος</strong></span> <span class='ocrx_word' id='word_1_379' title='bbox 1195 648 1380 682; x_wconf 79' lang='grc' dir='ltr'><strong>ἀπαγγέλλειν</strong></span> <span class='ocrx_word' id='word_1_380' title='bbox 1397 648 1472 682; x_wconf 78' lang='grc' dir='ltr'>ὑμῖν,</span> <span class='ocrx_word' id='word_1_381' title='bbox 1491 647 1539 673; x_wconf 75' lang='grc' dir='ltr'>καὶ</span> <span class='ocrx_word' id='word_1_382' title='bbox 1564 647 1629 672; x_wconf 76' lang='grc' dir='ltr'>ποία</span> <span class='ocrx_word' id='word_1_383' title='bbox 1657 644 1731 680; x_wconf 72' lang='grc' dir='ltr'>ψυχὴ</span> <span class='ocrx_word' id='word_1_384' title='bbox 1759 645 1814 678; x_wconf 76' lang='grc' dir='ltr'><strong>ἔξω</strong></span> 
     </span>
    </p>
   </div>
   <div class='ocr_carea' id='block_1_57' title="bbox 1019 691 1813 729">
    <p class='ocr_par' dir='ltr' id='par_1_57' title="bbox 1019 691 1813 729">
     <span class='ocr_line' id='line_1_58' title="bbox 1019 691 1813 729; baseline -0.006 -8"><span class='ocrx_word' id='word_1_385' title='bbox 1019 696 1066 721; x_wconf 79' lang='grc' dir='ltr'>τοῦ</span> <span class='ocrx_word' id='word_1_386' title='bbox 1082 694 1184 726; x_wconf 77' lang='grc' dir='ltr'>πάθους</span> <span class='ocrx_word' id='word_1_387' title='bbox 1209 694 1368 729; x_wconf 70' lang='grc' dir='ltr'><strong>ὑπάρχουσα</strong></span> <span class='ocrx_word' id='word_1_388' title='bbox 1398 692 1501 727; x_wconf 77' lang='grc' dir='ltr'>ἰσχύσει</span> <span class='ocrx_word' id='word_1_389' title='bbox 1529 692 1733 726; x_wconf 82' lang='grc' dir='ltr'>λογογραφῆσαι</span> <span class='ocrx_word' id='word_1_390' title='bbox 1761 691 1813 717; x_wconf 78' lang='grc' dir='ltr'>κᾶν</span> 
     </span>
    </p>
   </div>
   <div class='ocr_carea' id='block_1_58' title="bbox 1019 737 1814 776">
    <p class='ocr_par' dir='ltr' id='par_1_58' title="bbox 1019 737 1814 776">
     <span class='ocr_line' id='line_1_59' title="bbox 1019 737 1814 776; baseline -0.006 -9"><span class='ocrx_word' id='word_1_391' title='bbox 1019 742 1049 767; x_wconf 69' lang='grc' dir='ltr'><strong>τὸ</strong></span> <span class='ocrx_word' id='word_1_392' title='bbox 1075 740 1259 776; x_wconf 77' lang='grc' dir='ltr'>σμικρότατον</span> <span class='ocrx_word' id='word_1_393' title='bbox 1275 749 1281 773; x_wconf 89' lang='grc'><strong>;</strong></span> <span class='ocrx_word' id='word_1_394' title='bbox 1303 740 1346 771; x_wconf 71' lang='grc' dir='ltr'>Ὠς</span> <span class='ocrx_word' id='word_1_395' title='bbox 1364 740 1392 766; x_wconf 79' lang='grc' dir='ltr'>ἐν</span> <span class='ocrx_word' id='word_1_396' title='bbox 1409 738 1550 773; x_wconf 74' lang='grc' dir='ltr'><strong>κεφαλαίῳ</strong></span> <span class='ocrx_word' id='word_1_397' title='bbox 1579 738 1607 764; x_wconf 83' lang='grc' dir='ltr'><strong>δὲ</strong></span> <span class='ocrx_word' id='word_1_398' title='bbox 1619 737 1748 773; x_wconf 74' lang='grc' dir='ltr'>ἐροῦμεν,</span> <span class='ocrx_word' id='word_1_399' title='bbox 1776 737 1814 767; x_wconf 80' lang='grc' dir='ltr'>ὡς</span> 
     </span>
    </p>
   </div>
   <div class='ocr_carea' id='block_1_59' title="bbox 1021 783 1814 820">
    <p class='ocr_par' dir='ltr' id='par_1_59' title="bbox 1021 783 1814 820">
     <span class='ocr_line' id='line_1_60' title="bbox 1021 783 1814 820; baseline -0.006 -7"><span class='ocrx_word' id='word_1_400' title='bbox 1021 786 1168 813; x_wconf 77' lang='grc' dir='ltr'>κάντεῦϐέν</span> <span class='ocrx_word' id='word_1_401' title='bbox 1183 794 1244 812; x_wconf 84' lang='grc' dir='ltr'>τινα</span> <span class='ocrx_word' id='word_1_402' title='bbox 1258 785 1434 820; x_wconf 75' lang='grc' dir='ltr'><strong>παραμυθίαν</strong></span> <span class='ocrx_word' id='word_1_403' title='bbox 1450 784 1579 819; x_wconf 79' lang='grc' dir='ltr'><strong>εὑρέσθαι</strong></span> <span class='ocrx_word' id='word_1_404' title='bbox 1602 784 1684 817; x_wconf 83' lang='grc' dir='ltr'>ὑμᾶς.</span> <span class='ocrx_word' id='word_1_405' title='bbox 1707 783 1739 809; x_wconf 86' lang='lat' dir='ltr'><strong>&#39;H</strong></span> <span class='ocrx_word' id='word_1_406' title='bbox 1765 783 1814 817; x_wconf 73' lang='grc' dir='ltr'>μὲν</span> 
     </span>
    </p>
   </div>
   <div class='ocr_carea' id='block_1_60' title="bbox 1021 829 1815 867">
    <p class='ocr_par' dir='ltr' id='par_1_60' title="bbox 1021 829 1815 867">
     <span class='ocr_line' id='line_1_61' title="bbox 1021 829 1815 867; baseline -0.006 -8"><span class='ocrx_word' id='word_1_407' title='bbox 1021 832 1107 864; x_wconf 79' lang='grc' dir='ltr'>νόσος,</span> <span class='ocrx_word' id='word_1_408' title='bbox 1125 833 1141 867; x_wconf 84' lang='grc' dir='ltr'>ἡ</span> <span class='ocrx_word' id='word_1_409' title='bbox 1158 831 1260 867; x_wconf 79' lang='grc' dir='ltr'>ἀρχαία</span> <span class='ocrx_word' id='word_1_410' title='bbox 1271 839 1279 846; x_wconf 80' lang='grc'><em>’</em></span> <span class='ocrx_word' id='word_1_411' title='bbox 1293 831 1368 865; x_wconf 84' lang='grc' dir='ltr'>λέγω</span> <span class='ocrx_word' id='word_1_412' title='bbox 1381 830 1413 866; x_wconf 78' lang='grc' dir='ltr'><strong>δὴ</strong></span> <span class='ocrx_word' id='word_1_413' title='bbox 1438 829 1484 856; x_wconf 81' lang='grc' dir='ltr'>τοῦ</span> <span class='ocrx_word' id='word_1_414' title='bbox 1521 830 1659 864; x_wconf 81' lang='grc' dir='ltr'>στομάχου</span> <span class='ocrx_word' id='word_1_415' title='bbox 1674 838 1680 845; x_wconf 87' lang='grc'>·</span> <span class='ocrx_word' id='word_1_416' title='bbox 1695 829 1756 863; x_wconf 75' lang='grc' dir='ltr'>ἣτις</span> <span class='ocrx_word' id='word_1_417' title='bbox 1782 830 1815 854; x_wconf 85' lang='grc' dir='ltr'>ὲκ</span> 
     </span>
    </p>
   </div>
   <div class='ocr_carea' id='block_1_61' title="bbox 1021 875 1817 913">
    <p class='ocr_par' dir='ltr' id='par_1_61' title="bbox 1021 875 1817 913">
     <span class='ocr_line' id='line_1_62' title="bbox 1021 875 1817 913; baseline -0.006 -8"><span class='ocrx_word' id='word_1_418' title='bbox 1021 879 1075 905; x_wconf 79' lang='grc' dir='ltr'><strong>τῶν</strong></span> <span class='ocrx_word' id='word_1_419' title='bbox 1097 878 1281 913; x_wconf 83' lang='grc' dir='ltr'>πολυχρονίων</span> <span class='ocrx_word' id='word_1_420' title='bbox 1301 876 1429 911; x_wconf 79' lang='grc' dir='ltr'>φυλακῶν</span> <span class='ocrx_word' id='word_1_421' title='bbox 1443 877 1490 903; x_wconf 78' lang='grc' dir='ltr'><strong>καί</strong></span> <span class='ocrx_word' id='word_1_422' title='bbox 1503 875 1628 911; x_wconf 79' lang='grc' dir='ltr'>ὲξοριῶν,</span> <span class='ocrx_word' id='word_1_423' title='bbox 1648 875 1696 902; x_wconf 81' lang='grc' dir='ltr'><strong>καὶ</strong></span> <span class='ocrx_word' id='word_1_424' title='bbox 1707 876 1756 910; x_wconf 83' lang='grc' dir='ltr'><strong>τῆς</strong></span> <span class='ocrx_word' id='word_1_425' title='bbox 1773 875 1817 900; x_wconf 79' lang='grc' dir='ltr'><strong>ὲν-</strong></span> 
     </span>
    </p>
   </div>
   <div class='ocr_carea' id='block_1_62' title="bbox 1022 920 1816 957">
    <p class='ocr_par' dir='ltr' id='par_1_62' title="bbox 1022 920 1816 957">
     <span class='ocr_line' id='line_1_63' title="bbox 1022 920 1816 957; baseline -0.005 -7"><span class='ocrx_word' id='word_1_426' title='bbox 1022 924 1118 951; x_wconf 85' lang='grc' dir='ltr'>τεῦοεν</span> <span class='ocrx_word' id='word_1_427' title='bbox 1133 924 1238 955; x_wconf 77' lang='grc' dir='ltr'>τελείας</span> <span class='ocrx_word' id='word_1_428' title='bbox 1259 922 1475 957; x_wconf 84' lang='grc' dir='ltr'>ἁνεπιμελησίας</span> <span class='ocrx_word' id='word_1_429' title='bbox 1504 921 1664 956; x_wconf 74' lang='grc' dir='ltr'>αὐξηθεῖσα,</span> <span class='ocrx_word' id='word_1_430' title='bbox 1699 920 1746 947; x_wconf 74' lang='grc' dir='ltr'><strong>καὶ</strong></span> <span class='ocrx_word' id='word_1_431' title='bbox 1776 921 1816 952; x_wconf 73' lang='grc' dir='ltr'><strong>είς</strong></span> 
     </span>
    </p>
   </div>
   <div class='ocr_carea' id='block_1_63' title="bbox 1024 965 1818 1001">
    <p class='ocr_par' dir='ltr' id='par_1_63' title="bbox 1024 965 1818 1001">
     <span class='ocr_line' id='line_1_64' title="bbox 1024 965 1818 1001; baseline -0.005 -5"><span class='ocrx_word' id='word_1_432' title='bbox 1024 970 1121 1001; x_wconf 80' lang='grc' dir='ltr'>πόνους</span> <span class='ocrx_word' id='word_1_433' title='bbox 1147 970 1287 1000; x_wconf 77' lang='grc' dir='ltr'>δυσιάτους</span> <span class='ocrx_word' id='word_1_434' title='bbox 1317 968 1448 1001; x_wconf 74' lang='grc' dir='ltr'>ἐλάσασα,</span> <span class='ocrx_word' id='word_1_435' title='bbox 1475 968 1516 998; x_wconf 79' lang='lat' dir='ltr'><strong>et;</strong></span> <span class='ocrx_word' id='word_1_436' title='bbox 1545 967 1652 993; x_wconf 84' lang='grc' dir='ltr'>τελείαν</span> <span class='ocrx_word' id='word_1_437' title='bbox 1675 965 1818 1000; x_wconf 70' lang='grc' dir='ltr'>ἀνορεξίαν</span> 
     </span>
    </p>
   </div>
   <div class='ocr_carea' id='block_1_64' title="bbox 1024 1011 1818 1050">
    <p class='ocr_par' dir='ltr' id='par_1_64' title="bbox 1024 1011 1818 1050">
     <span class='ocr_line' id='line_1_65' title="bbox 1024 1011 1818 1050; baseline -0.005 -8"><span class='ocrx_word' id='word_1_438' title='bbox 1024 1015 1165 1050; x_wconf 77' lang='grc' dir='ltr'>κατέληξε,</span> <span class='ocrx_word' id='word_1_439' title='bbox 1181 1015 1226 1041; x_wconf 66' lang='grc' dir='ltr'><strong>καὶ</strong></span> <span class='ocrx_word' id='word_1_440' title='bbox 1238 1014 1376 1046; x_wconf 73' lang='grc' dir='ltr'>τοσοῦτον,</span> <span class='ocrx_word' id='word_1_441' title='bbox 1391 1013 1428 1045; x_wconf 81' lang='grc' dir='ltr'>ὡς</span> <span class='ocrx_word' id='word_1_442' title='bbox 1455 1012 1546 1047; x_wconf 66' lang='grc' dir='ltr'>σχεδὸν</span> <span class='ocrx_word' id='word_1_443' title='bbox 1576 1011 1672 1047; x_wconf 73' lang='grc' dir='ltr'>νεκρὸν</span> <span class='ocrx_word' id='word_1_444' title='bbox 1701 1011 1818 1046; x_wconf 75' lang='grc' dir='ltr'>ὁρᾶσθαι</span> 
     </span>
    </p>
   </div>
   <div class='ocr_carea' id='block_1_65' title="bbox 1024 1055 1818 1096">
    <p class='ocr_par' dir='ltr' id='par_1_65' title="bbox 1024 1055 1818 1096">
     <span class='ocr_line' id='line_1_66' title="bbox 1024 1055 1818 1096; baseline -0.006 -9"><span class='ocrx_word' id='word_1_445' title='bbox 1024 1062 1070 1088; x_wconf 73' lang='grc' dir='ltr'>καὶ</span> <span class='ocrx_word' id='word_1_446' title='bbox 1087 1061 1141 1096; x_wconf 72' lang='grc' dir='ltr'>πρὸ</span> <span class='ocrx_word' id='word_1_447' title='bbox 1165 1061 1319 1095; x_wconf 78' lang='grc' dir='ltr'><strong>κοιμήσεως</strong></span> <span class='ocrx_word' id='word_1_448' title='bbox 1347 1060 1392 1086; x_wconf 77' lang='grc' dir='ltr'>τὸν</span> <span class='ocrx_word' id='word_1_449' title='bbox 1420 1058 1562 1094; x_wconf 83' lang='grc' dir='ltr'>μακαρίον.</span> <span class='ocrx_word' id='word_1_450' title='bbox 1585 1057 1630 1089; x_wconf 78' lang='grc' dir='ltr'><strong>Ἐξ</strong></span> <span class='ocrx_word' id='word_1_451' title='bbox 1655 1055 1689 1092; x_wconf 79' lang='grc' dir='ltr'>ἧς</span> <span class='ocrx_word' id='word_1_452' title='bbox 1716 1065 1818 1091; x_wconf 78' lang='grc' dir='ltr'>τετρα-</span> 
     </span>
    </p>
   </div>
   <div class='ocr_carea' id='block_1_66' title="bbox 1027 1102 1817 1142">
    <p class='ocr_par' dir='ltr' id='par_1_66' title="bbox 1027 1102 1817 1142">
     <span class='ocr_line' id='line_1_67' title="bbox 1027 1102 1817 1142; baseline -0.008 -9"><span class='ocrx_word' id='word_1_453' title='bbox 1027 1107 1132 1142; x_wconf 81' lang='grc' dir='ltr'>ήμερον</span> <span class='ocrx_word' id='word_1_454' title='bbox 1146 1107 1193 1132; x_wconf 71' lang='grc' dir='ltr'><strong>ἐπὶ</strong></span> <span class='ocrx_word' id='word_1_455' title='bbox 1203 1107 1251 1141; x_wconf 85' lang='grc' dir='ltr'><strong>τῆς</strong></span> <span class='ocrx_word' id='word_1_456' title='bbox 1261 1106 1354 1140; x_wconf 80' lang='grc' dir='ltr'>κλίνης</span> <span class='ocrx_word' id='word_1_457' title='bbox 1366 1104 1466 1137; x_wconf 86' lang='grc' dir='ltr'>πεσὼν,</span> <span class='ocrx_word' id='word_1_458' title='bbox 1477 1106 1506 1131; x_wconf 82' lang='grc' dir='ltr'>ὲν</span> <span class='ocrx_word' id='word_1_459' title='bbox 1514 1104 1585 1139; x_wconf 84' lang='grc' dir='ltr'>ἀρχῇ</span> <span class='ocrx_word' id='word_1_460' title='bbox 1601 1103 1648 1129; x_wconf 74' lang='grc' dir='ltr'>τοῦ</span> <span class='ocrx_word' id='word_1_461' title='bbox 1662 1102 1817 1136; x_wconf 80' lang='grc' dir='ltr'>Νοεμϐρὶου</span> 
     </span>
    </p>
   </div>
   <div class='ocr_carea' id='block_1_67' title="bbox 1026 1147 1818 1189">
    <p class='ocr_par' dir='ltr' id='par_1_67' title="bbox 1026 1147 1818 1189">
     <span class='ocr_line' id='line_1_68' title="bbox 1026 1147 1818 1189; baseline -0.009 -10"><span class='ocrx_word' id='word_1_462' title='bbox 1026 1153 1120 1189; x_wconf 68' lang='grc' dir='ltr'>μηνὸς,</span> <span class='ocrx_word' id='word_1_463' title='bbox 1134 1152 1215 1178; x_wconf 80' lang='grc' dir='ltr'>πάλιν</span> <span class='ocrx_word' id='word_1_464' title='bbox 1227 1151 1335 1186; x_wconf 61' lang='grc' dir='ltr'>εὐδοκία</span> <span class='ocrx_word' id='word_1_465' title='bbox 1348 1151 1449 1186; x_wconf 79' lang='grc' dir='ltr'>Κυρίου</span> <span class='ocrx_word' id='word_1_466' title='bbox 1462 1149 1633 1184; x_wconf 66' lang='grc' dir='ltr'>ὰνερέώσθη.</span> <span class='ocrx_word' id='word_1_467' title='bbox 1651 1147 1721 1174; x_wconf 77' lang='grc' dir='ltr'>Ἀλλ’</span> <span class='ocrx_word' id='word_1_468' title='bbox 1736 1147 1759 1173; x_wconf 81' lang='grc' dir='ltr'>ὦ</span> <span class='ocrx_word' id='word_1_469' title='bbox 1768 1147 1818 1182; x_wconf 80' lang='grc' dir='ltr'>τῆς</span> 
     </span>
    </p>
   </div>
   <div class='ocr_carea' id='block_1_68' title="bbox 1024 1193 1816 1233">
    <p class='ocr_par' dir='ltr' id='par_1_68' title="bbox 1024 1193 1816 1233">
     <span class='ocr_line' id='line_1_69' title="bbox 1024 1193 1816 1233; baseline -0.008 -9"><span class='ocrx_word' id='word_1_470' title='bbox 1024 1197 1071 1224; x_wconf 82' lang='grc' dir='ltr'>τοῦ</span> <span class='ocrx_word' id='word_1_471' title='bbox 1089 1198 1277 1233; x_wconf 81' lang='grc' dir='ltr'>τρισμάκαρος</span> <span class='ocrx_word' id='word_1_472' title='bbox 1296 1196 1501 1232; x_wconf 68' lang='grc' dir='ltr'>μεγαλοψυχίας</span> <span class='ocrx_word' id='word_1_473' title='bbox 1529 1195 1577 1221; x_wconf 72' lang='grc' dir='ltr'><strong>καὶ</strong></span> <span class='ocrx_word' id='word_1_474' title='bbox 1605 1193 1816 1228; x_wconf 68' lang='grc' dir='ltr'>γενναιότητοςῐ</span> 
     </span>
    </p>
   </div>
   <div class='ocr_carea' id='block_1_69' title="bbox 1024 1237 1821 1277">
    <p class='ocr_par' dir='ltr' id='par_1_69' title="bbox 1024 1237 1821 1277">
     <span class='ocr_line' id='line_1_70' title="bbox 1024 1237 1821 1277; baseline -0.009 -8"><span class='ocrx_word' id='word_1_475' title='bbox 1024 1243 1065 1269; x_wconf 80' lang='grc' dir='ltr'>ὃτι</span> <span class='ocrx_word' id='word_1_476' title='bbox 1079 1242 1140 1268; x_wconf 75' lang='grc' dir='ltr'>οὐδὲ</span> <span class='ocrx_word' id='word_1_477' title='bbox 1153 1243 1182 1268; x_wconf 83' lang='grc' dir='ltr'><strong>ἐν</strong></span> <span class='ocrx_word' id='word_1_478' title='bbox 1197 1242 1264 1277; x_wconf 83' lang='grc' dir='ltr'>αὐτῇ</span> <span class='ocrx_word' id='word_1_479' title='bbox 1277 1243 1311 1276; x_wconf 78' lang='grc' dir='ltr'>τῇ</span> <span class='ocrx_word' id='word_1_480' title='bbox 1327 1241 1397 1276; x_wconf 84' lang='grc' dir='ltr'>νόσῳ</span> <span class='ocrx_word' id='word_1_481' title='bbox 1412 1240 1541 1275; x_wconf 72' lang='grc' dir='ltr'>ἠρεμίας,</span> <span class='ocrx_word' id='word_1_482' title='bbox 1557 1239 1574 1273; x_wconf 79' lang='grc' dir='ltr'>ἦ</span> <span class='ocrx_word' id='word_1_483' title='bbox 1589 1247 1662 1269; x_wconf 80' lang='grc' dir='ltr'>τινος</span> <span class='ocrx_word' id='word_1_484' title='bbox 1676 1237 1821 1272; x_wconf 72' lang='grc' dir='ltr'>παρακλή-</span> 
     </span>
    </p>
   </div>
   <div class='ocr_carea' id='block_1_70' title="bbox 1026 1284 1822 1320">
    <p class='ocr_par' dir='ltr' id='par_1_70' title="bbox 1026 1284 1822 1320">
     <span class='ocr_line' id='line_1_71' title="bbox 1026 1284 1822 1320; baseline -0.009 -5"><span class='ocrx_word' id='word_1_485' title='bbox 1026 1297 1094 1320; x_wconf 78' lang='grc' dir='ltr'>σεως</span> <span class='ocrx_word' id='word_1_486' title='bbox 1110 1287 1236 1314; x_wconf 77' lang='grc' dir='ltr'>ἐϐούλετο</span> <span class='ocrx_word' id='word_1_487' title='bbox 1260 1286 1406 1314; x_wconf 74' lang='grc' dir='ltr'>ἀπολαύειν</span> <span class='ocrx_word' id='word_1_488' title='bbox 1420 1293 1426 1300; x_wconf 93' lang='grc'><strong>·</strong></span> <span class='ocrx_word' id='word_1_489' title='bbox 1449 1285 1534 1317; x_wconf 74' lang='grc' dir='ltr'>οὕτως</span> <span class='ocrx_word' id='word_1_490' title='bbox 1548 1286 1588 1316; x_wconf 83' lang='grc' dir='ltr'>εἰς</span> <span class='ocrx_word' id='word_1_491' title='bbox 1599 1284 1675 1315; x_wconf 82' lang='grc' dir='ltr'>τέλος</span> <span class='ocrx_word' id='word_1_492' title='bbox 1700 1291 1822 1318; x_wconf 65' lang='grc' dir='ltr'>μεμιση-</span> 
     </span>
    </p>
   </div>
   <div class='ocr_carea' id='block_1_71' title="bbox 1025 1330 1819 1369">
    <p class='ocr_par' dir='ltr' id='par_1_71' title="bbox 1025 1330 1819 1369">
     <span class='ocr_line' id='line_1_72' title="bbox 1025 1330 1819 1369; baseline -0.008 -8"><span class='ocrx_word' id='word_1_493' title='bbox 1025 1334 1081 1366; x_wconf 78' lang='grc' dir='ltr'>κὼς</span> <span class='ocrx_word' id='word_1_494' title='bbox 1092 1334 1141 1369; x_wconf 87' lang='grc' dir='ltr'><strong>τὴν</strong></span> <span class='ocrx_word' id='word_1_495' title='bbox 1155 1333 1298 1368; x_wconf 79' lang='grc' dir='ltr'>παροῦσαν</span> <span class='ocrx_word' id='word_1_496' title='bbox 1316 1332 1399 1368; x_wconf 80' lang='grc' dir='ltr'>ζωήν.</span> <span class='ocrx_word' id='word_1_497' title='bbox 1417 1331 1600 1362; x_wconf 81' lang='grc' dir='ltr'>Ἐκλελοιπὼς</span> <span class='ocrx_word' id='word_1_498' title='bbox 1626 1330 1681 1366; x_wconf 83' lang='grc' dir='ltr'>γὰρ</span> <span class='ocrx_word' id='word_1_499' title='bbox 1706 1330 1758 1366; x_wconf 66' lang='grc' dir='ltr'><strong>ἤδη</strong></span> <span class='ocrx_word' id='word_1_500' title='bbox 1786 1331 1819 1364; x_wconf 81' lang='grc' dir='ltr'>τῇ</span> 
     </span>
    </p>
   </div>
   <div class='ocr_carea' id='block_1_72' title="bbox 1027 1375 1819 1414">
    <p class='ocr_par' dir='ltr' id='par_1_72' title="bbox 1027 1375 1819 1414">
     <span class='ocr_line' id='line_1_73' title="bbox 1027 1375 1819 1414; baseline -0.008 -9"><span class='ocrx_word' id='word_1_501' title='bbox 1027 1379 1267 1414; x_wconf 76' lang='grc' dir='ltr'>μακροημερεύσει</span> <span class='ocrx_word' id='word_1_502' title='bbox 1281 1396 1289 1409; x_wconf 91' lang='lat'><strong>,</strong></span> <span class='ocrx_word' id='word_1_503' title='bbox 1307 1377 1353 1403; x_wconf 76' lang='grc' dir='ltr'><strong>καὶ</strong></span> <span class='ocrx_word' id='word_1_504' title='bbox 1377 1375 1653 1411; x_wconf 78' lang='grc' dir='ltr'>κατατετρυχωμένος</span> <span class='ocrx_word' id='word_1_505' title='bbox 1678 1375 1716 1409; x_wconf 77' lang='grc' dir='ltr'><strong>τῷ</strong></span> <span class='ocrx_word' id='word_1_506' title='bbox 1733 1375 1819 1410; x_wconf 69' lang='grc' dir='ltr'>γήρᾳ,</span> 
     </span>
    </p>
   </div>
   <div class='ocr_carea' id='block_1_73' title="bbox 1026 1421 1821 1457">
    <p class='ocr_par' dir='ltr' id='par_1_73' title="bbox 1026 1421 1821 1457">
     <span class='ocr_line' id='line_1_74' title="bbox 1026 1421 1821 1457; baseline -0.008 -5"><span class='ocrx_word' id='word_1_507' title='bbox 1026 1425 1112 1455; x_wconf 80' lang='grc' dir='ltr'>ἄλλως</span> <span class='ocrx_word' id='word_1_508' title='bbox 1138 1429 1167 1450; x_wconf 79' lang='grc' dir='ltr'><strong>τε</strong></span> <span class='ocrx_word' id='word_1_509' title='bbox 1183 1424 1210 1450; x_wconf 79' lang='grc' dir='ltr'><strong>δὲ</strong></span> <span class='ocrx_word' id='word_1_510' title='bbox 1226 1423 1274 1449; x_wconf 76' lang='grc' dir='ltr'><strong>καὶ</strong></span> <span class='ocrx_word' id='word_1_511' title='bbox 1290 1425 1347 1454; x_wconf 81' lang='grc' dir='ltr'>τοῖς</span> <span class='ocrx_word' id='word_1_512' title='bbox 1371 1422 1496 1457; x_wconf 73' lang='grc' dir='ltr'>σφοδροῖς</span> <span class='ocrx_word' id='word_1_513' title='bbox 1521 1422 1614 1453; x_wconf 81' lang='grc' dir='ltr'>πόνοις</span> <span class='ocrx_word' id='word_1_514' title='bbox 1643 1421 1821 1456; x_wconf 80' lang='grc' dir='ltr'>βαλλόμενος,</span> 
     </span>
    </p>
   </div>
   <div class='ocr_carea' id='block_1_74' title="bbox 1027 1466 1823 1500">
    <p class='ocr_par' dir='ltr' id='par_1_74' title="bbox 1027 1466 1823 1500">
     <span class='ocr_line' id='line_1_75' title="bbox 1027 1466 1823 1500; baseline -0.005 -4"><span class='ocrx_word' id='word_1_515' title='bbox 1027 1469 1097 1496; x_wconf 77' lang='grc' dir='ltr'>κατὰ</span> <span class='ocrx_word' id='word_1_516' title='bbox 1110 1469 1141 1496; x_wconf 78' lang='grc' dir='ltr'>τὸ</span> <span class='ocrx_word' id='word_1_517' title='bbox 1154 1469 1306 1495; x_wconf 82' lang='grc' dir='ltr'>Δαυῖτικόν’</span> <span class='ocrx_word' id='word_1_518' title='bbox 1325 1469 1386 1494; x_wconf 83' lang='grc' dir='ltr'><strong>Οὐκ</strong></span> <span class='ocrx_word' id='word_1_519' title='bbox 1398 1467 1498 1494; x_wconf 78' lang='grc' dir='ltr'>ἐδίδου</span> <span class='ocrx_word' id='word_1_520' title='bbox 1513 1467 1612 1493; x_wconf 77' lang='grc' dir='ltr'>ὕπνον</span> <span class='ocrx_word' id='word_1_521' title='bbox 1632 1466 1694 1498; x_wconf 82' lang='grc' dir='ltr'>τοῖς</span> <span class='ocrx_word' id='word_1_522' title='bbox 1709 1466 1823 1500; x_wconf 58' lang='grc' dir='ltr'><em>ὀφθαλ-</em></span> 
     </span>
    </p>
   </div>
   <div class='ocr_carea' id='block_1_75' title="bbox 1024 1511 1822 1550">
    <p class='ocr_par' dir='ltr' id='par_1_75' title="bbox 1024 1511 1822 1550">
     <span class='ocr_line' id='line_1_76' title="bbox 1024 1511 1822 1550; baseline -0.006 -9"><span class='ocrx_word' id='word_1_523' title='bbox 1024 1514 1103 1550; x_wconf 83' lang='grc' dir='ltr'>μοῖς,</span> <span class='ocrx_word' id='word_1_524' title='bbox 1121 1513 1192 1541; x_wconf 76' lang='grc' dir='ltr'><strong>οὑδὲ</strong></span> <span class='ocrx_word' id='word_1_525' title='bbox 1202 1513 1265 1546; x_wconf 83' lang='grc' dir='ltr'>τοῖς</span> <span class='ocrx_word' id='word_1_526' title='bbox 1279 1512 1643 1546; x_wconf 63' lang='grc' dir='ltr'>βλεφάροις-νυσταγμόν.</span> <span class='ocrx_word' id='word_1_527' title='bbox 1658 1512 1733 1538; x_wconf 72' lang='grc' dir='ltr'><strong>Ἀλλ’</strong></span> <span class='ocrx_word' id='word_1_528' title='bbox 1750 1511 1822 1537; x_wconf 72' lang='grc' dir='ltr'><strong>οὐδὲ</strong></span> 
     </span>
    </p>
   </div>
   <div class='ocr_carea' id='block_1_76' title="bbox 1026 1555 1823 1594">
    <p class='ocr_par' dir='ltr' id='par_1_76' title="bbox 1026 1555 1823 1594">
     <span class='ocr_line' id='line_1_77' title="bbox 1026 1555 1823 1594; baseline -0.006 -7"><span class='ocrx_word' id='word_1_529' title='bbox 1026 1560 1088 1592; x_wconf 79' lang='grc' dir='ltr'>τοῖς</span> <span class='ocrx_word' id='word_1_530' title='bbox 1102 1560 1264 1594; x_wconf 55' lang='grc' dir='ltr'>κροτάφοις</span> <span class='ocrx_word' id='word_1_531' title='bbox 1281 1558 1466 1588; x_wconf 76' lang='grc' dir='ltr'><strong>ἀνάπαυσιν,</strong></span> <span class='ocrx_word' id='word_1_532' title='bbox 1483 1558 1538 1590; x_wconf 72' lang='grc' dir='ltr'>ἕως</span> <span class='ocrx_word' id='word_1_533' title='bbox 1568 1557 1606 1584; x_wconf 75' lang='grc' dir='ltr'>ἂν</span> <span class='ocrx_word' id='word_1_534' title='bbox 1635 1555 1705 1590; x_wconf 75' lang='grc' dir='ltr'>εὗρε</span> <span class='ocrx_word' id='word_1_535' title='bbox 1727 1558 1823 1583; x_wconf 78' lang='grc' dir='ltr'>τόπον</span> 
     </span>
    </p>
   </div>
   <div class='ocr_carea' id='block_1_77' title="bbox 1028 1601 1824 1640">
    <p class='ocr_par' dir='ltr' id='par_1_77' title="bbox 1028 1601 1824 1640">
     <span class='ocr_line' id='line_1_78' title="bbox 1028 1601 1824 1640; baseline -0.005 -7"><span class='ocrx_word' id='word_1_536' title='bbox 1028 1605 1068 1639; x_wconf 85' lang='grc' dir='ltr'>τῷ</span> <span class='ocrx_word' id='word_1_537' title='bbox 1075 1606 1183 1640; x_wconf 78' lang='grc' dir='ltr'>Κυρίῳ.</span> <span class='ocrx_word' id='word_1_538' title='bbox 1199 1606 1254 1631; x_wconf 69' lang='grc' dir='ltr'><strong>Καὶ</strong></span> <span class='ocrx_word' id='word_1_539' title='bbox 1264 1605 1294 1639; x_wconf 83' lang='grc' dir='ltr'><strong>δὴ</strong></span> <span class='ocrx_word' id='word_1_540' title='bbox 1309 1604 1418 1639; x_wconf 74' lang='grc' dir='ltr'>ἐφεῦρε.</span> <span class='ocrx_word' id='word_1_541' title='bbox 1432 1604 1487 1630; x_wconf 79' lang='grc' dir='ltr'><strong>Καὶ</strong></span> <span class='ocrx_word' id='word_1_542' title='bbox 1500 1604 1541 1636; x_wconf 81' lang='grc' dir='ltr'><strong>τίς</strong></span> <span class='ocrx_word' id='word_1_543' title='bbox 1554 1601 1649 1636; x_wconf 49' lang='grc' dir='ltr'>οὗτος</span> <span class='ocrx_word' id='word_1_544' title='bbox 1662 1603 1693 1630; x_wconf 83' lang='grc' dir='ltr'><strong><em>Ἡ</em></strong></span> <span class='ocrx_word' id='word_1_545' title='bbox 1706 1603 1824 1638; x_wconf 79' lang='grc' dir='ltr'>ἂληχτος</span> 
     </span>
    </p>
   </div>
   <div class='ocr_carea' id='block_1_78' title="bbox 1030 1650 1824 1687">
    <p class='ocr_par' dir='ltr' id='par_1_78' title="bbox 1030 1650 1824 1687">
     <span class='ocr_line' id='line_1_79' title="bbox 1030 1650 1824 1687; baseline -0.003 -8"><span class='ocrx_word' id='word_1_546' title='bbox 1030 1653 1078 1679; x_wconf 78' lang='grc' dir='ltr'><strong>καὶ</strong></span> <span class='ocrx_word' id='word_1_547' title='bbox 1092 1653 1173 1679; x_wconf 84' lang='grc' dir='ltr'>οἱονεὶ</span> <span class='ocrx_word' id='word_1_548' title='bbox 1189 1651 1367 1687; x_wconf 72' lang='grc' dir='ltr'>ἀπαράϐατος</span> <span class='ocrx_word' id='word_1_549' title='bbox 1381 1652 1452 1678; x_wconf 71' lang='grc' dir='ltr'>κατὰ</span> <span class='ocrx_word' id='word_1_550' title='bbox 1471 1651 1502 1677; x_wconf 80' lang='grc' dir='ltr'>τὸ</span> <span class='ocrx_word' id='word_1_551' title='bbox 1517 1651 1614 1682; x_wconf 70' lang='grc' dir='ltr'>εἰωθὸς</span> <span class='ocrx_word' id='word_1_552' title='bbox 1641 1651 1706 1686; x_wconf 77' lang='grc' dir='ltr'>παρ’</span> <span class='ocrx_word' id='word_1_553' title='bbox 1738 1650 1824 1678; x_wconf 72' lang='grc' dir='ltr'>αὐτοῦ</span> 
     </span>
    </p>
   </div>
   <div class='ocr_carea' id='block_1_79' title="bbox 1031 1697 1825 1733">
    <p class='ocr_par' dir='ltr' id='par_1_79' title="bbox 1031 1697 1825 1733">
     <span class='ocr_line' id='line_1_80' title="bbox 1031 1697 1825 1733; baseline -0.003 -8"><span class='ocrx_word' id='word_1_554' title='bbox 1031 1698 1202 1733; x_wconf 79' lang='grc' dir='ltr'>ὲξηχουμένη</span> <span class='ocrx_word' id='word_1_555' title='bbox 1221 1697 1352 1724; x_wconf 79' lang='grc' dir='ltr'>ἑκάστοτε</span> <span class='ocrx_word' id='word_1_556' title='bbox 1370 1697 1503 1732; x_wconf 79' lang='grc' dir='ltr'>σωτήριος</span> <span class='ocrx_word' id='word_1_557' title='bbox 1519 1697 1690 1728; x_wconf 82' lang='grc' dir='ltr'>διδασκαλία,</span> <span class='ocrx_word' id='word_1_558' title='bbox 1719 1698 1753 1732; x_wconf 79' lang='grc' dir='ltr'>ἣν</span> <span class='ocrx_word' id='word_1_559' title='bbox 1776 1697 1825 1723; x_wconf 74' lang='grc' dir='ltr'><strong>καὶ</strong></span> 
     </span>
    </p>
   </div>
   <div class='ocr_carea' id='block_1_80' title="bbox 1032 1743 1827 1779">
    <p class='ocr_par' dir='ltr' id='par_1_80' title="bbox 1032 1743 1827 1779">
     <span class='ocr_line' id='line_1_81' title="bbox 1032 1743 1827 1779; baseline -0.001 -9"><span class='ocrx_word' id='word_1_560' title='bbox 1032 1744 1164 1779; x_wconf 81' lang='grc' dir='ltr'>κλινήρης</span> <span class='ocrx_word' id='word_1_561' title='bbox 1179 1743 1226 1775; x_wconf 80' lang='grc' dir='ltr'>ὢν,</span> <span class='ocrx_word' id='word_1_562' title='bbox 1248 1743 1292 1769; x_wconf 69' lang='grc' dir='ltr'><strong>διὰ</strong></span> <span class='ocrx_word' id='word_1_563' title='bbox 1307 1743 1336 1769; x_wconf 72' lang='grc' dir='ltr'>τὸ</span> <span class='ocrx_word' id='word_1_564' title='bbox 1351 1744 1388 1778; x_wconf 86' lang='grc' dir='ltr'>μὴ</span> <span class='ocrx_word' id='word_1_565' title='bbox 1408 1743 1538 1769; x_wconf 79' lang='grc' dir='ltr'><strong>δύνασθαι</strong></span> <span class='ocrx_word' id='word_1_566' title='bbox 1557 1744 1743 1779; x_wconf 85' lang='grc' dir='ltr'>γεγωνότερον</span> <span class='ocrx_word' id='word_1_567' title='bbox 1768 1744 1827 1774; x_wconf 78' lang='grc' dir='ltr'>τοῖς</span> 
     </span>
    </p>
   </div>
   <div class='ocr_carea' id='block_1_81' title="bbox 1032 1788 1827 1825">
    <p class='ocr_par' dir='ltr' id='par_1_81' title="bbox 1032 1788 1827 1825">
     <span class='ocr_line' id='line_1_82' title="bbox 1032 1788 1827 1825; baseline -0.001 -8"><span class='ocrx_word' id='word_1_568' title='bbox 1032 1790 1156 1824; x_wconf 77' lang='grc' dir='ltr'>ἀδελφοῖς</span> <span class='ocrx_word' id='word_1_569' title='bbox 1169 1790 1235 1824; x_wconf 80' lang='grc' dir='ltr'><strong>παρ’</strong></span> <span class='ocrx_word' id='word_1_570' title='bbox 1248 1789 1329 1816; x_wconf 74' lang='grc' dir='ltr'>αὐτοῦ</span> <span class='ocrx_word' id='word_1_571' title='bbox 1343 1788 1603 1824; x_wconf 76' lang='grc' dir='ltr'>ὲκκλησιαζομένοις</span> <span class='ocrx_word' id='word_1_572' title='bbox 1631 1789 1827 1825; x_wconf 75' lang='grc' dir='ltr'>προσφθέγξα-</span> 
     </span>
    </p>
   </div>
   <div class='ocr_carea' id='block_1_82' title="bbox 1034 1834 1826 1870">
    <p class='ocr_par' dir='ltr' id='par_1_82' title="bbox 1034 1834 1826 1870">
     <span class='ocr_line' id='line_1_83' title="bbox 1034 1834 1826 1870; baseline -0.001 -8"><span class='ocrx_word' id='word_1_573' title='bbox 1034 1835 1107 1868; x_wconf 84' lang='grc' dir='ltr'>σθαι,</span> <span class='ocrx_word' id='word_1_574' title='bbox 1139 1835 1329 1870; x_wconf 74' lang='grc' dir='ltr'>ὑπηγόρευσεν</span> <span class='ocrx_word' id='word_1_575' title='bbox 1359 1834 1400 1861; x_wconf 74' lang='grc' dir='ltr'><strong>ἐνὶ</strong></span> <span class='ocrx_word' id='word_1_576' title='bbox 1426 1834 1480 1861; x_wconf 77' lang='grc' dir='ltr'><strong>τῶν</strong></span> <span class='ocrx_word' id='word_1_577' title='bbox 1501 1835 1646 1870; x_wconf 78' lang='grc' dir='ltr'><strong>γραφέων·</strong></span> <span class='ocrx_word' id='word_1_578' title='bbox 1673 1835 1705 1861; x_wconf 83' lang='grc' dir='ltr'><strong>δι’</strong></span> <span class='ocrx_word' id='word_1_579' title='bbox 1729 1836 1826 1870; x_wconf 76' lang='grc' dir='ltr'>ἑτέρου</span> 
     </span>
    </p>
   </div>
   <div class='ocr_carea' id='block_1_83' title="bbox 1034 1880 1827 1916">
    <p class='ocr_par' dir='ltr' id='par_1_83' title="bbox 1034 1880 1827 1916">
     <span class='ocr_line' id='line_1_84' title="bbox 1034 1880 1827 1916; baseline 0.001 -10"><span class='ocrx_word' id='word_1_580' title='bbox 1034 1881 1125 1916; x_wconf 80' lang='grc' dir='ltr'>φωνῆς</span> <span class='ocrx_word' id='word_1_581' title='bbox 1138 1880 1218 1912; x_wconf 66' lang='grc' dir='ltr'>αὐτὸς</span> <span class='ocrx_word' id='word_1_582' title='bbox 1236 1881 1494 1915; x_wconf 79' lang='grc' dir='ltr'>προσφθεγγόμενος</span> <span class='ocrx_word' id='word_1_583' title='bbox 1508 1889 1515 1895; x_wconf 89' lang='grc'>·</span> <span class='ocrx_word' id='word_1_584' title='bbox 1542 1881 1576 1916; x_wconf 82' lang='grc' dir='ltr'>ἥν</span> <span class='ocrx_word' id='word_1_585' title='bbox 1592 1881 1639 1907; x_wconf 70' lang='grc' dir='ltr'>καὶ</span> <span class='ocrx_word' id='word_1_586' title='bbox 1663 1880 1827 1915; x_wconf 77' lang='grc' dir='ltr'>ὑπεθέμεθα</span> 
     </span>
    </p>
   </div>
   <div class='ocr_carea' id='block_1_84' title="bbox 1034 1924 1828 1962">
    <p class='ocr_par' dir='ltr' id='par_1_84' title="bbox 1034 1924 1828 1962">
     <span class='ocr_line' id='line_1_85' title="bbox 1034 1924 1828 1962; baseline -0.001 -9"><span class='ocrx_word' id='word_1_587' title='bbox 1034 1926 1074 1962; x_wconf 79' lang='grc' dir='ltr'>τῷ</span> <span class='ocrx_word' id='word_1_588' title='bbox 1089 1925 1246 1961; x_wconf 82' lang='grc' dir='ltr'>γράμματι,</span> <span class='ocrx_word' id='word_1_589' title='bbox 1262 1925 1337 1956; x_wconf 81' lang='grc' dir='ltr'>ὅπως</span> <span class='ocrx_word' id='word_1_590' title='bbox 1351 1925 1427 1960; x_wconf 84' lang='grc' dir='ltr'>γνοίη</span> <span class='ocrx_word' id='word_1_591' title='bbox 1446 1926 1499 1957; x_wconf 82' lang='grc' dir='ltr'>πᾶς</span> <span class='ocrx_word' id='word_1_592' title='bbox 1516 1935 1557 1957; x_wconf 84' lang='grc' dir='ltr'><strong>τις</strong></span> <span class='ocrx_word' id='word_1_593' title='bbox 1568 1926 1624 1952; x_wconf 82' lang='grc' dir='ltr'><strong>τῶν</strong></span> <span class='ocrx_word' id='word_1_594' title='bbox 1650 1924 1680 1952; x_wconf 81' lang='grc' dir='ltr'><strong>εὖ</strong></span> <span class='ocrx_word' id='word_1_595' title='bbox 1695 1925 1828 1961; x_wconf 74' lang='grc' dir='ltr'>φρονούν-</span> 
     </span>
    </p>
   </div>
   <div class='ocr_carea' id='block_1_85' title="bbox 1033 1971 1829 2007">
    <p class='ocr_par' dir='ltr' id='par_1_85' title="bbox 1033 1971 1829 2007">
     <span class='ocr_line' id='line_1_86' title="bbox 1033 1971 1829 2007; baseline -0.001 -8"><span class='ocrx_word' id='word_1_596' title='bbox 1033 1981 1089 1999; x_wconf 83' lang='grc' dir='ltr'><strong>των</strong></span> <span class='ocrx_word' id='word_1_597' title='bbox 1106 1971 1265 2004; x_wconf 79' lang='grc' dir='ltr'>κάντεῦθεν,</span> <span class='ocrx_word' id='word_1_598' title='bbox 1283 1971 1320 2003; x_wconf 79' lang='grc' dir='ltr'>ὡς</span> <span class='ocrx_word' id='word_1_599' title='bbox 1337 1971 1404 2007; x_wconf 81' lang='grc' dir='ltr'>μηδὲ</span> <span class='ocrx_word' id='word_1_600' title='bbox 1416 1972 1466 2007; x_wconf 76' lang='grc' dir='ltr'><strong>τὴν</strong></span> <span class='ocrx_word' id='word_1_601' title='bbox 1480 1972 1621 2006; x_wconf 85' lang='grc' dir='ltr'>μακαρίαν</span> <span class='ocrx_word' id='word_1_602' title='bbox 1634 1971 1717 1998; x_wconf 75' lang='grc' dir='ltr'>αὑτοῦ</span> <span class='ocrx_word' id='word_1_603' title='bbox 1726 1971 1829 2007; x_wconf 81' lang='grc' dir='ltr'>κοίμη-</span> 
     </span>
    </p>
   </div>
   <div class='ocr_carea' id='block_1_86' title="bbox 1035 2017 1830 2053">
    <p class='ocr_par' dir='ltr' id='par_1_86' title="bbox 1035 2017 1830 2053">
     <span class='ocr_line' id='line_1_87' title="bbox 1035 2017 1830 2053; baseline -0.003 -8"><span class='ocrx_word' id='word_1_604' title='bbox 1035 2028 1078 2046; x_wconf 87' lang='grc' dir='ltr'><strong>σιν</strong></span> <span class='ocrx_word' id='word_1_605' title='bbox 1105 2018 1282 2053; x_wconf 74' lang='grc' dir='ltr'>ἠγνοηκέναι,</span> <span class='ocrx_word' id='word_1_606' title='bbox 1303 2018 1328 2043; x_wconf 76' lang='grc' dir='ltr'>εἰ</span> <span class='ocrx_word' id='word_1_607' title='bbox 1341 2019 1388 2044; x_wconf 79' lang='grc' dir='ltr'><strong>καὶ</strong></span> <span class='ocrx_word' id='word_1_608' title='bbox 1401 2017 1573 2053; x_wconf 78' lang='grc' dir='ltr'>συμϐολικῶς</span> <span class='ocrx_word' id='word_1_609' title='bbox 1587 2017 1690 2052; x_wconf 83' lang='grc' dir='ltr'>ταύτην</span> <span class='ocrx_word' id='word_1_610' title='bbox 1703 2018 1830 2052; x_wconf 73' lang='grc' dir='ltr'><strong>προέφιι-</strong></span> 
     </span>
    </p>
   </div>
   <div class='ocr_carea' id='block_1_87' title="bbox 1034 2060 1328 2099">
    <p class='ocr_par' dir='ltr' id='par_1_87' title="bbox 1034 2060 1328 2099">
     <span class='ocr_line' id='line_1_88' title="bbox 1034 2060 1328 2099; baseline -0.007 -9"><span class='ocrx_word' id='word_1_611' title='bbox 1034 2073 1086 2091; x_wconf 89' lang='grc' dir='ltr'>σεν.</span> <span class='ocrx_word' id='word_1_612' title='bbox 1109 2064 1184 2099; x_wconf 84' lang='grc' dir='ltr'>Ἔχει</span> <span class='ocrx_word' id='word_1_613' title='bbox 1197 2064 1252 2098; x_wconf 84' lang='grc' dir='ltr'>γὰρ</span> <span class='ocrx_word' id='word_1_614' title='bbox 1267 2060 1328 2089; x_wconf 81' lang='grc' dir='ltr'><strong>ὦδε·</strong></span> 
     </span>
    </p>
   </div>
   <div class='ocr_carea' id='block_1_88' title="bbox 945 2177 1061 2204">
    <p class='ocr_par' dir='ltr' id='par_1_88' title="bbox 945 2177 1061 2204">
     <span class='ocr_line' id='line_1_89' title="bbox 945 2177 1061 2204; baseline 0 0"><span class='ocrx_word' id='word_1_615' title='bbox 945 2177 1061 2204; x_wconf 70' lang='grc' dir='ltr'><strong>ΝΟΤᾸί.</strong></span> 
     </span>
    </p>
   </div>
   <div class='ocr_carea' id='block_1_89' title="bbox 224 2221 979 2258">
    <p class='ocr_par' dir='ltr' id='par_1_89' title="bbox 224 2221 979 2258">
     <span class='ocr_line' id='line_1_90' title="bbox 224 2221 979 2258; baseline 0.001 -9"><span class='ocrx_word' id='word_1_616' title='bbox 224 2223 263 2258; x_wconf 88' lang='lat'><strong>(8)</strong></span> <span class='ocrx_word' id='word_1_617' title='bbox 280 2221 466 2258; x_wconf 76' lang='lat' dir='ltr'><strong>Impertiendw</strong></span> <span class='ocrx_word' id='word_1_618' title='bbox 476 2222 584 2258; x_wconf 73' lang='lat' dir='ltr'><strong>salutes.</strong></span> <span class='ocrx_word' id='word_1_619' title='bbox 598 2221 844 2258; x_wconf 80' lang='grc' dir='ltr'>προσφθεγκτήρια</span> <span class='ocrx_word' id='word_1_620' title='bbox 857 2230 864 2238; x_wconf 70' lang='grc' dir='ltr'><strong>ο</strong></span> <span class='ocrx_word' id='word_1_621' title='bbox 883 2223 979 2250; x_wconf 66' lang='lat' dir='ltr'><strong>amicas</strong></span> 
     </span>
    </p>
   </div>
   <div class='ocr_carea' id='block_1_90' title="bbox 188 2257 979 2327">
    <p class='ocr_par' dir='ltr' id='par_1_90' title="bbox 188 2257 979 2327">
     <span class='ocr_line' id='line_1_91' title="bbox 188 2257 979 2299; baseline 0 -14"><span class='ocrx_word' id='word_1_622' title='bbox 188 2257 370 2299; x_wconf 75' lang='lat' dir='ltr'><strong>allocutiones</strong></span> <span class='ocrx_word' id='word_1_623' title='bbox 385 2257 491 2285; x_wconf 84' lang='lat' dir='ltr'><strong>solandi</strong></span> <span class='ocrx_word' id='word_1_624' title='bbox 511 2264 605 2290; x_wconf 81' lang='lat' dir='ltr'><strong>causa,</strong></span> <span class='ocrx_word' id='word_1_625' title='bbox 622 2257 661 2284; x_wconf 47' lang='lat' dir='ltr'><strong>&#39;ut</strong></span> <span class='ocrx_word' id='word_1_626' title='bbox 682 2257 804 2293; x_wconf 79' lang='lat' dir='ltr'><strong>sequens</strong></span> <span class='ocrx_word' id='word_1_627' title='bbox 820 2257 905 2286; x_wconf 85' lang='lat' dir='ltr'><strong>dictio</strong></span> <span class='ocrx_word' id='word_1_628' title='bbox 929 2266 979 2285; x_wconf 87' lang='lat' dir='ltr'><strong>ex-</strong></span> 
     </span>
     <span class='ocr_line' id='line_1_92' title="bbox 188 2298 769 2327; baseline 0.014 -8"><span class='ocrx_word' id='word_1_629' title='bbox 188 2298 276 2327; x_wconf 83' lang='lat' dir='ltr'><strong>ponit.</strong></span> <span class='ocrx_word' id='word_1_630' title='bbox 765 2326 769 2327; x_wconf 36' lang='grc' dir='ltr'><em>ν</em></span> 
     </span>
    </p>
   </div>
   <div class='ocr_carea' id='block_1_91' title="bbox 227 2326 979 2367">
    <p class='ocr_par' dir='ltr' id='par_1_91' title="bbox 227 2326 979 2367">
     <span class='ocr_line' id='line_1_93' title="bbox 227 2326 979 2367; baseline -0.001 -12"><span class='ocrx_word' id='word_1_631' title='bbox 227 2328 265 2367; x_wconf 60' lang='grc' dir='ltr'><strong>(ρ)</strong></span> <span class='ocrx_word' id='word_1_632' title='bbox 282 2327 326 2367; x_wconf 67' lang='lat' dir='ltr'><strong>Ita</strong></span> <span class='ocrx_word' id='word_1_633' title='bbox 385 2327 476 2362; x_wconf 83' lang='lat' dir='ltr'><strong>ﬁnem.</strong></span> <span class='ocrx_word' id='word_1_634' title='bbox 490 2327 530 2367; x_wconf 59' lang='lat' dir='ltr'><strong>si;</strong></span> <span class='ocrx_word' id='word_1_635' title='bbox 545 2327 632 2367; x_wconf 70' lang='grc' dir='ltr'>τέλος.</span> <span class='ocrx_word' id='word_1_636' title='bbox 658 2327 736 2367; x_wconf 78' lang='lat' dir='ltr'><strong>Quod</strong></span> <span class='ocrx_word' id='word_1_637' title='bbox 760 2326 880 2367; x_wconf 56' lang='lat' dir='ltr'><strong>ioanncs</strong></span> <span class='ocrx_word' id='word_1_638' title='bbox 900 2328 979 2360; x_wconf 80' lang='lat' dir='ltr'><strong>dixit,</strong></span> 
     </span>
    </p>
   </div>
   <div class='ocr_carea' id='block_1_92' title="bbox 1032 2221 1825 2260">
    <p class='ocr_par' dir='ltr' id='par_1_92' title="bbox 1032 2221 1825 2260">
     <span class='ocr_line' id='line_1_94' title="bbox 1032 2221 1825 2260; baseline -0.003 -10"><span class='ocrx_word' id='word_1_639' title='bbox 1032 2225 1102 2260; x_wconf 74' lang='lat' dir='ltr'><strong>quod</strong></span> <span class='ocrx_word' id='word_1_640' title='bbox 1115 2232 1167 2251; x_wconf 81' lang='lat' dir='ltr'><strong>non</strong></span> <span class='ocrx_word' id='word_1_641' title='bbox 1182 2224 1322 2257; x_wconf 75' lang='lat' dir='ltr'><strong>subsistat,</strong></span> <span class='ocrx_word' id='word_1_642' title='bbox 1343 2229 1368 2251; x_wconf 84' lang='lat' dir='ltr'><strong>et</strong></span> <span class='ocrx_word' id='word_1_643' title='bbox 1390 2224 1459 2260; x_wconf 81' lang='lat' dir='ltr'><strong>quod</strong></span> <span class='ocrx_word' id='word_1_644' title='bbox 1475 2224 1509 2251; x_wconf 78' lang='lat' dir='ltr'><strong>sit</strong></span> <span class='ocrx_word' id='word_1_645' title='bbox 1526 2222 1702 2260; x_wconf 56' lang='lat' dir='ltr'><strong>intolerabile.</strong></span> <span class='ocrx_word' id='word_1_646' title='bbox 1772 2228 1825 2260; x_wconf 69' lang='lat' dir='ltr'><strong>est,</strong></span> 
     </span>
    </p>
   </div>
   <div class='ocr_carea' id='block_1_93' title="bbox 1033 2257 1828 2294">
    <p class='ocr_par' dir='ltr' id='par_1_93' title="bbox 1033 2257 1828 2294">
     <span class='ocr_line' id='line_1_95' title="bbox 1033 2257 1828 2294; baseline 0 -8"><span class='ocrx_word' id='word_1_647' title='bbox 1033 2257 1102 2293; x_wconf 71' lang='lat' dir='ltr'><strong>quod</strong></span> <span class='ocrx_word' id='word_1_648' title='bbox 1124 2267 1199 2286; x_wconf 85' lang='lat' dir='ltr'><strong>nemo</strong></span> <span class='ocrx_word' id='word_1_649' title='bbox 1221 2259 1290 2294; x_wconf 80' lang='lat' dir='ltr'><strong>ferre</strong></span> <span class='ocrx_word' id='word_1_650' title='bbox 1304 2257 1401 2294; x_wconf 34' lang='lat' dir='ltr'><strong>queat.’</strong></span> <span class='ocrx_word' id='word_1_651' title='bbox 1416 2259 1461 2286; x_wconf 89' lang='lat' dir='ltr'><strong>Sic</strong></span> <span class='ocrx_word' id='word_1_652' title='bbox 1484 2259 1567 2293; x_wconf 87' lang='lat' dir='ltr'><strong>paulo</strong></span> <span class='ocrx_word' id='word_1_653' title='bbox 1588 2257 1702 2284; x_wconf 87' lang='lat' dir='ltr'><strong>inferius</strong></span> <span class='ocrx_word' id='word_1_654' title='bbox 1726 2257 1828 2286; x_wconf 86' lang='lat' dir='ltr'><strong>dicitur</strong></span> 
     </span>
    </p>
   </div>
   <div class='ocr_carea' id='block_1_94' title="bbox 1034 2293 1826 2329">
    <p class='ocr_par' dir='ltr' id='par_1_94' title="bbox 1034 2293 1826 2329">
     <span class='ocr_line' id='line_1_96' title="bbox 1034 2293 1826 2329; baseline 0.001 -9"><span class='ocrx_word' id='word_1_655' title='bbox 1034 2294 1127 2321; x_wconf 86' lang='lat' dir='ltr'><strong>futura</strong></span> <span class='ocrx_word' id='word_1_656' title='bbox 1142 2294 1188 2321; x_wconf 77' lang='lat' dir='ltr'><strong>Dei</strong></span> <span class='ocrx_word' id='word_1_657' title='bbox 1207 2293 1247 2321; x_wconf 82' lang='lat' dir='ltr'><strong>ira</strong></span> <span class='ocrx_word' id='word_1_658' title='bbox 1258 2293 1340 2329; x_wconf 79' lang='lat' dir='ltr'><strong>super</strong></span> <span class='ocrx_word' id='word_1_659' title='bbox 1352 2299 1517 2329; x_wconf 83' lang='lat' dir='ltr'><strong>peccatores,</strong></span> <span class='ocrx_word' id='word_1_660' title='bbox 1532 2293 1732 2323; x_wconf 81' lang='grc' dir='ltr'>ἀνυπόστατος’</span> <span class='ocrx_word' id='word_1_661' title='bbox 1751 2294 1826 2326; x_wconf 82' lang='lat' dir='ltr'><strong>quod</strong></span> 
     </span>
    </p>
   </div>
   <div class='ocr_carea' id='block_1_95' title="bbox 1035 2329 1827 2363">
    <p class='ocr_par' dir='ltr' id='par_1_95' title="bbox 1035 2329 1827 2363">
     <span class='ocr_line' id='line_1_97' title="bbox 1035 2329 1827 2363; baseline -0.001 -8"><span class='ocrx_word' id='word_1_662' title='bbox 1035 2336 1163 2363; x_wconf 83' lang='lat' dir='ltr'><strong>sequens.</strong></span> <span class='ocrx_word' id='word_1_663' title='bbox 1178 2330 1356 2361; x_wconf 84' lang='grc' dir='ltr'>ἀνυποίστους</span> <span class='ocrx_word' id='word_1_664' title='bbox 1367 2329 1504 2360; x_wconf 79' lang='grc' dir='ltr'>κολάσεις,</span> <span class='ocrx_word' id='word_1_665' title='bbox 1522 2329 1548 2355; x_wconf 90' lang='lat' dir='ltr'><strong>in</strong></span> <span class='ocrx_word' id='word_1_666' title='bbox 1569 2335 1636 2363; x_wconf 89' lang='lat' dir='ltr'><strong>quas</strong></span> <span class='ocrx_word' id='word_1_667' title='bbox 1650 2331 1761 2363; x_wconf 80' lang='lat' dir='ltr'><strong>sanctus</strong></span> <span class='ocrx_word' id='word_1_668' title='bbox 1778 2336 1827 2356; x_wconf 74' lang='lat' dir='ltr'><strong>ve-</strong></span> 
     </span>
    </p>
   </div>
   <div class='ocr_carea' id='block_1_96' title="bbox 188 2362 1828 2409">
    <p class='ocr_par' dir='ltr' id='par_1_96' title="bbox 188 2362 1828 2409">
     <span class='ocr_line' id='line_1_98' title="bbox 188 2362 1828 2409; baseline 0.002 -21"><span class='ocrx_word' id='word_1_669' title='bbox 188 2362 344 2409; x_wconf 54' lang='lat' dir='ltr'><strong>deJDoniitii</strong></span> <span class='ocrx_word' id='word_1_670' title='bbox 367 2362 394 2388; x_wconf 87' lang='lat' dir='ltr'><strong>in</strong></span> <span class='ocrx_word' id='word_1_671' title='bbox 415 2369 479 2409; x_wconf 62' lang='lat' dir='ltr'><strong>suos</strong></span> <span class='ocrx_word' id='word_1_672' title='bbox 491 2363 649 2409; x_wconf 76' lang='lat' dir='ltr'><strong>dilectione.</strong></span> <span class='ocrx_word' id='word_1_673' title='bbox 675 2363 720 2409; x_wconf 36' lang='lat' dir='ltr'><strong>biit:</strong></span> <span class='ocrx_word' id='word_1_674' title='bbox 744 2362 843 2402; x_wconf 80' lang='lat' dir='ltr'><strong>ubique</strong></span> <span class='ocrx_word' id='word_1_675' title='bbox 858 2368 981 2409; x_wconf 27' lang='lat' dir='ltr'><strong>lsart‘ctos</strong></span> <span class='ocrx_word' id='word_1_676' title='bbox 998 2382 1020 2409; x_wconf 66' lang='grc' dir='ltr'>υ</span> <span class='ocrx_word' id='word_1_677' title='bbox 1036 2362 1191 2409; x_wconf 65' lang='lat' dir='ltr'><strong>hementius</strong></span> <span class='ocrx_word' id='word_1_678' title='bbox 1216 2364 1475 2409; x_wconf 54' lang='lat' dir='ltr'><strong>titneretJincidere,</strong></span> <span class='ocrx_word' id='word_1_679' title='bbox 1500 2362 1661 2409; x_wconf 62' lang='lat' dir='ltr'><strong>memet-iatn</strong></span> <span class='ocrx_word' id='word_1_680' title='bbox 1690 2362 1828 2409; x_wconf 68' lang='lat' dir='ltr'><strong>Iexcitante</strong></span> 
     </span>
    </p>
   </div>
   <div class='ocr_carea' id='block_1_97' title="bbox 187 2397 982 2432">
    <p class='ocr_par' dir='ltr' id='par_1_97' title="bbox 187 2397 982 2432">
     <span class='ocr_line' id='line_1_99' title="bbox 187 2397 982 2432; baseline -0.001 -6"><span class='ocrx_word' id='word_1_681' title='bbox 187 2398 292 2426; x_wconf 68' lang='lat' dir='ltr'><strong>videris</strong></span> <span class='ocrx_word' id='word_1_682' title='bbox 305 2404 384 2424; x_wconf 84' lang='lat' dir='ltr'><strong>sacra</strong></span> <span class='ocrx_word' id='word_1_683' title='bbox 399 2397 481 2424; x_wconf 84' lang='lat' dir='ltr'><strong>verba</strong></span> <span class='ocrx_word' id='word_1_684' title='bbox 496 2398 649 2432; x_wconf 77' lang='lat' dir='ltr'><strong>loquentes,</strong></span> <span class='ocrx_word' id='word_1_685' title='bbox 664 2402 693 2424; x_wconf 95' lang='lat' dir='ltr'><strong>ut</strong></span> <span class='ocrx_word' id='word_1_686' title='bbox 707 2398 735 2424; x_wconf 90' lang='lat' dir='ltr'><strong>in</strong></span> <span class='ocrx_word' id='word_1_687' title='bbox 752 2397 792 2424; x_wconf 83' lang='lat' dir='ltr'><strong>eis</strong></span> <span class='ocrx_word' id='word_1_688' title='bbox 802 2397 982 2425; x_wconf 88' lang='lat' dir='ltr'><strong>meditatissi-</strong></span> 
     </span>
    </p>
   </div>
   <div class='ocr_carea' id='block_1_98' title="bbox 190 2432 984 2466">
    <p class='ocr_par' dir='ltr' id='par_1_98' title="bbox 190 2432 984 2466">
     <span class='ocr_line' id='line_1_100' title="bbox 190 2432 984 2466; baseline -0.001 -6"><span class='ocrx_word' id='word_1_689' title='bbox 190 2440 252 2460; x_wconf 88' lang='lat' dir='ltr'><strong>mos</strong></span> <span class='ocrx_word' id='word_1_690' title='bbox 268 2441 275 2458; x_wconf 92' lang='lat'>:</span> <span class='ocrx_word' id='word_1_691' title='bbox 293 2439 375 2466; x_wconf 89' lang='lat' dir='ltr'><strong>quam</strong></span> <span class='ocrx_word' id='word_1_692' title='bbox 392 2432 497 2459; x_wconf 86' lang='lat' dir='ltr'><strong>utinam</strong></span> <span class='ocrx_word' id='word_1_693' title='bbox 521 2433 727 2459; x_wconf 88' lang='lat' dir='ltr'><strong>meditationem</strong></span> <span class='ocrx_word' id='word_1_694' title='bbox 749 2436 917 2465; x_wconf 82' lang='lat' dir='ltr'><strong>eructarent,</strong></span> <span class='ocrx_word' id='word_1_695' title='bbox 941 2432 984 2459; x_wconf 81' lang='lat' dir='ltr'><strong>vel</strong></span> 
     </span>
    </p>
   </div>
   <div class='ocr_carea' id='block_1_99' title="bbox 189 2467 986 2528">
    <p class='ocr_par' dir='ltr' id='par_1_99' title="bbox 189 2467 986 2528">
     <span class='ocr_line' id='line_1_101' title="bbox 189 2467 986 2502; baseline 0 -8"><span class='ocrx_word' id='word_1_696' title='bbox 189 2467 255 2502; x_wconf 84' lang='lat' dir='ltr'><strong>quia</strong></span> <span class='ocrx_word' id='word_1_697' title='bbox 271 2467 450 2494; x_wconf 89' lang='lat' dir='ltr'><strong>meditatione</strong></span> <span class='ocrx_word' id='word_1_698' title='bbox 467 2467 607 2502; x_wconf 85' lang='lat' dir='ltr'><strong>ejusmodi</strong></span> <span class='ocrx_word' id='word_1_699' title='bbox 624 2467 678 2494; x_wconf 77' lang='grc' dir='ltr'>ἀπὸ</span> <span class='ocrx_word' id='word_1_700' title='bbox 690 2467 741 2501; x_wconf 73' lang='grc' dir='ltr'>τῆς</span> <span class='ocrx_word' id='word_1_701' title='bbox 764 2467 920 2502; x_wconf 72' lang='grc' dir='ltr'>ἀσκήσεως,</span> <span class='ocrx_word' id='word_1_702' title='bbox 935 2475 986 2494; x_wconf 89' lang='lat' dir='ltr'><strong>no-</strong></span> 
     </span>
     <span class='ocr_line' id='line_1_102' title="bbox 189 2502 381 2528; baseline 0 0"><span class='ocrx_word' id='word_1_703' title='bbox 189 2509 253 2528; x_wconf 87' lang='lat' dir='ltr'><strong>men</strong></span> <span class='ocrx_word' id='word_1_704' title='bbox 270 2502 381 2528; x_wconf 89' lang='lat' dir='ltr'><strong>habent.</strong></span> 
     </span>
    </p>
   </div>
   <div class='ocr_carea' id='block_1_100' title="bbox 188 2506 381 2529">
    <p class='ocr_par' dir='ltr' id='par_1_100' title="bbox 188 2506 381 2529">
     <span class='ocr_line' id='line_1_103' title="bbox 188 2506 381 2529; baseline -0.005 0"><span class='ocrx_word' id='word_1_705' title='bbox 188 2509 253 2529; x_wconf 84' lang='lat' dir='ltr'><strong>men</strong></span> <span class='ocrx_word' id='word_1_706' title='bbox 270 2506 381 2528; x_wconf 85' lang='lat' dir='ltr'><strong>habent.</strong></span> 
     </span>
    </p>
   </div>
   <div class='ocr_carea' id='block_1_101' title="bbox 226 2536 985 2572">
    <p class='ocr_par' dir='ltr' id='par_1_101' title="bbox 226 2536 985 2572">
     <span class='ocr_line' id='line_1_104' title="bbox 226 2536 985 2572; baseline 0.001 -9"><span class='ocrx_word' id='word_1_707' title='bbox 226 2537 283 2572; x_wconf 79' lang='grc' dir='ltr'><strong>(ιο)</strong></span> <span class='ocrx_word' id='word_1_708' title='bbox 301 2536 430 2563; x_wconf 80' lang='lat' dir='ltr'><strong>Dolorum</strong></span> <span class='ocrx_word' id='word_1_709' title='bbox 449 2537 616 2564; x_wconf 75' lang='lat' dir='ltr'><strong>immanitate</strong></span> <span class='ocrx_word' id='word_1_710' title='bbox 632 2538 700 2563; x_wconf 79' lang='lat' dir='ltr'><strong>lecto</strong></span> <span class='ocrx_word' id='word_1_711' title='bbox 720 2537 830 2571; x_wconf 65' lang='lat' dir='ltr'><strong>afﬁxus.</strong></span> <span class='ocrx_word' id='word_1_712' title='bbox 844 2537 902 2568; x_wconf 83' lang='grc' dir='ltr'>τοῖς</span> <span class='ocrx_word' id='word_1_713' title='bbox 918 2545 985 2571; x_wconf 81' lang='grc' dir='ltr'>σφο-</span> 
     </span>
    </p>
   </div>
   <div class='ocr_carea' id='block_1_102' title="bbox 191 2571 987 2608">
    <p class='ocr_par' dir='ltr' id='par_1_102' title="bbox 191 2571 987 2608">
     <span class='ocr_line' id='line_1_105' title="bbox 191 2571 987 2608; baseline -0.001 -9"><span class='ocrx_word' id='word_1_714' title='bbox 191 2571 266 2608; x_wconf 81' lang='grc' dir='ltr'>δροῖς</span> <span class='ocrx_word' id='word_1_715' title='bbox 286 2571 380 2602; x_wconf 83' lang='grc' dir='ltr'>πόνοις</span> <span class='ocrx_word' id='word_1_716' title='bbox 397 2571 570 2608; x_wconf 66' lang='grc' dir='ltr'>βαλλόμενος.</span> <span class='ocrx_word' id='word_1_717' title='bbox 597 2572 682 2605; x_wconf 87' lang='lat' dir='ltr'><strong>Quasi</strong></span> <span class='ocrx_word' id='word_1_718' title='bbox 712 2574 850 2606; x_wconf 83' lang='lat' dir='ltr'><strong>projectus</strong></span> <span class='ocrx_word' id='word_1_719' title='bbox 870 2577 897 2598; x_wconf 86' lang='lat' dir='ltr'><strong>et</strong></span> <span class='ocrx_word' id='word_1_720' title='bbox 923 2579 987 2606; x_wconf 91' lang='lat' dir='ltr'><strong>pro-</strong></span> 
     </span>
    </p>
   </div>
   <div class='ocr_carea' id='block_1_103' title="bbox 193 2606 985 2642">
    <p class='ocr_par' dir='ltr' id='par_1_103' title="bbox 193 2606 985 2642">
     <span class='ocr_line' id='line_1_106' title="bbox 193 2606 985 2642; baseline -0.001 -7"><span class='ocrx_word' id='word_1_721' title='bbox 193 2606 297 2635; x_wconf 81' lang='lat' dir='ltr'><strong>stratus</strong></span> <span class='ocrx_word' id='word_1_722' title='bbox 312 2614 417 2642; x_wconf 21' lang='lat' dir='ltr'><strong>:rquam</strong></span> <span class='ocrx_word' id='word_1_723' title='bbox 436 2606 493 2642; x_wconf 86' lang='lat' dir='ltr'><strong>ipse</strong></span> <span class='ocrx_word' id='word_1_724' title='bbox 513 2606 672 2634; x_wconf 89' lang='lat' dir='ltr'><strong>Theodorus</strong></span> <span class='ocrx_word' id='word_1_725' title='bbox 692 2614 784 2633; x_wconf 87' lang='lat' dir='ltr'><strong>vocem</strong></span> <span class='ocrx_word' id='word_1_726' title='bbox 811 2607 985 2641; x_wconf 88' lang='lat' dir='ltr'><strong>postmodum</strong></span> 
     </span>
    </p>
   </div>
   <div class='ocr_carea' id='block_1_104' title="bbox 190 2640 984 2676">
    <p class='ocr_par' dir='ltr' id='par_1_104' title="bbox 190 2640 984 2676">
     <span class='ocr_line' id='line_1_107' title="bbox 190 2640 984 2676; baseline -0.001 -7"><span class='ocrx_word' id='word_1_727' title='bbox 190 2642 291 2676; x_wconf 82' lang='lat' dir='ltr'><strong>repetit</strong></span> <span class='ocrx_word' id='word_1_728' title='bbox 308 2650 315 2667; x_wconf 86' lang='lat'><strong>:</strong></span> <span class='ocrx_word' id='word_1_729' title='bbox 329 2640 462 2676; x_wconf 68' lang='grc' dir='ltr'>Ἐλόήθην</span> <span class='ocrx_word' id='word_1_730' title='bbox 476 2642 529 2668; x_wconf 80' lang='grc' dir='ltr'><strong>ὑπὸ</strong></span> <span class='ocrx_word' id='word_1_731' title='bbox 543 2642 673 2673; x_wconf 82' lang='grc' dir='ltr'>διακαοῦς</span> <span class='ocrx_word' id='word_1_732' title='bbox 689 2640 818 2675; x_wconf 17' lang='grc' dir='ltr'>πυρετοῢγ</span> <span class='ocrx_word' id='word_1_733' title='bbox 829 2642 894 2676; x_wconf 81' lang='grc' dir='ltr'>ὃλην</span> <span class='ocrx_word' id='word_1_734' title='bbox 914 2642 984 2676; x_wconf 81' lang='grc' dir='ltr'><strong>ὴμέ-</strong></span> 
     </span>
    </p>
   </div>
   <div class='ocr_carea' id='block_1_105' title="bbox 191 2676 985 2712">
    <p class='ocr_par' dir='ltr' id='par_1_105' title="bbox 191 2676 985 2712">
     <span class='ocr_line' id='line_1_108' title="bbox 191 2676 985 2712; baseline 0 -10"><span class='ocrx_word' id='word_1_735' title='bbox 191 2685 252 2712; x_wconf 88' lang='grc' dir='ltr'>ραν.</span> <span class='ocrx_word' id='word_1_736' title='bbox 270 2676 365 2712; x_wconf 82' lang='lat' dir='ltr'><strong>Totam</strong></span> <span class='ocrx_word' id='word_1_737' title='bbox 378 2676 459 2708; x_wconf 84' lang='lat' dir='ltr'><strong>diem,</strong></span> <span class='ocrx_word' id='word_1_738' title='bbox 475 2681 565 2703; x_wconf 83' lang='lat' dir='ltr'><strong>urente</strong></span> <span class='ocrx_word' id='word_1_739' title='bbox 582 2678 654 2711; x_wconf 82' lang='lat' dir='ltr'><strong>febre</strong></span> <span class='ocrx_word' id='word_1_740' title='bbox 668 2676 781 2703; x_wconf 72' lang='lat' dir='ltr'><strong>decubat&quot;</strong></span> <span class='ocrx_word' id='word_1_741' title='bbox 797 2685 806 2703; x_wconf 91' lang='lat'><em>:</em></span> <span class='ocrx_word' id='word_1_742' title='bbox 822 2681 884 2711; x_wconf 86' lang='lat' dir='ltr'><strong>post</strong></span> <span class='ocrx_word' id='word_1_743' title='bbox 904 2676 985 2703; x_wconf 77' lang='lat' dir='ltr'><strong>uitni-</strong></span> 
     </span>
    </p>
   </div>
   <div class='ocr_carea' id='block_1_106' title="bbox 191 2711 986 2746">
    <p class='ocr_par' dir='ltr' id='par_1_106' title="bbox 191 2711 986 2746">
     <span class='ocr_line' id='line_1_109' title="bbox 191 2711 986 2746; baseline -0.001 -7"><span class='ocrx_word' id='word_1_744' title='bbox 191 2711 252 2739; x_wconf 76' lang='lat' dir='ltr'><strong>rum</strong></span> <span class='ocrx_word' id='word_1_745' title='bbox 273 2711 461 2746; x_wconf 69' lang='grc' dir='ltr'>ἀνυπόστατον</span> <span class='ocrx_word' id='word_1_746' title='bbox 484 2712 559 2738; x_wconf 81' lang='lat' dir='ltr'><strong>illuni</strong></span> <span class='ocrx_word' id='word_1_747' title='bbox 585 2712 691 2743; x_wconf 84' lang='grc' dir='ltr'>κλόνον,</span> <span class='ocrx_word' id='word_1_748' title='bbox 713 2719 746 2737; x_wconf 86' lang='lat' dir='ltr'><strong>ex</strong></span> <span class='ocrx_word' id='word_1_749' title='bbox 768 2711 868 2746; x_wconf 66' lang='lat' dir='ltr'><strong>rigore,</strong></span> <span class='ocrx_word' id='word_1_750' title='bbox 890 2719 904 2737; x_wconf 84' lang='lat' dir='ltr'><strong>a</strong></span> <span class='ocrx_word' id='word_1_751' title='bbox 931 2719 986 2746; x_wconf 88' lang='lat' dir='ltr'><strong>quo</strong></span> 
     </span>
    </p>
   </div>
   <div class='ocr_carea' id='block_1_107' title="bbox 190 2744 986 2781">
    <p class='ocr_par' dir='ltr' id='par_1_107' title="bbox 190 2744 986 2781">
     <span class='ocr_line' id='line_1_110' title="bbox 190 2744 986 2781; baseline 0.001 -9"><span class='ocrx_word' id='word_1_752' title='bbox 190 2746 277 2774; x_wconf 81' lang='lat' dir='ltr'><strong>febris</strong></span> <span class='ocrx_word' id='word_1_753' title='bbox 294 2745 390 2781; x_wconf 77' lang='lat' dir='ltr'><strong>incipit</strong></span> <span class='ocrx_word' id='word_1_754' title='bbox 409 2755 416 2772; x_wconf 95' lang='lat'>:</span> <span class='ocrx_word' id='word_1_755' title='bbox 435 2746 641 2778; x_wconf 74' lang='lat' dir='ltr'><strong>Quassationem</strong></span> <span class='ocrx_word' id='word_1_756' title='bbox 667 2744 862 2773; x_wconf 70' lang='lat' dir='ltr'><strong>intolerabilem</strong></span> <span class='ocrx_word' id='word_1_757' title='bbox 885 2754 894 2772; x_wconf 89' lang='lat'><em>:</em></span> <span class='ocrx_word' id='word_1_758' title='bbox 917 2744 986 2781; x_wconf 83' lang='lat' dir='ltr'><strong>quo-</strong></span> 
     </span>
    </p>
   </div>
   <div class='ocr_carea' id='block_1_108' title="bbox 193 2780 984 2816">
    <p class='ocr_par' dir='ltr' id='par_1_108' title="bbox 193 2780 984 2816">
     <span class='ocr_line' id='line_1_111' title="bbox 193 2780 984 2816; baseline 0 -9"><span class='ocrx_word' id='word_1_759' title='bbox 193 2782 272 2808; x_wconf 91' lang='lat' dir='ltr'><strong>modo</strong></span> <span class='ocrx_word' id='word_1_760' title='bbox 299 2780 414 2816; x_wconf 84' lang='lat' dir='ltr'><strong>dicitur,</strong></span> <span class='ocrx_word' id='word_1_761' title='bbox 445 2781 515 2816; x_wconf 63' lang='grc' dir='ltr'><strong>μοι.</strong></span> <span class='ocrx_word' id='word_1_762' title='bbox 545 2789 628 2809; x_wconf 79' lang='lat' dir='ltr'><strong>cum</strong></span> <span class='ocrx_word' id='word_1_763' title='bbox 656 2790 663 2808; x_wconf 92' lang='lat'><strong>:</strong></span> <span class='ocrx_word' id='word_1_764' title='bbox 689 2780 761 2816; x_wconf 74' lang='grc' dir='ltr'>ὕδωρ</span> <span class='ocrx_word' id='word_1_765' title='bbox 786 2780 984 2808; x_wconf 76' lang='grc' dir='ltr'>ἀνυπόστατον.</span> 
     </span>
    </p>
   </div>
   <div class='ocr_carea' id='block_1_109' title="bbox 193 2815 987 2852">
    <p class='ocr_par' dir='ltr' id='par_1_109' title="bbox 193 2815 987 2852">
     <span class='ocr_line' id='line_1_112' title="bbox 193 2815 987 2852; baseline 0.001 -11"><span class='ocrx_word' id='word_1_766' title='bbox 193 2815 467 2852; x_wconf 62' lang='lat' dir='ltr'><strong>Aquajnlolerabilis.</strong></span> <span class='ocrx_word' id='word_1_767' title='bbox 486 2816 536 2852; x_wconf 81' lang='lat' dir='ltr'><strong>Ubi</strong></span> <span class='ocrx_word' id='word_1_768' title='bbox 561 2816 717 2852; x_wconf 83' lang='lat' dir='ltr'><strong>llieronym.</strong></span> <span class='ocrx_word' id='word_1_769' title='bbox 741 2815 864 2848; x_wconf 80' lang='lat' dir='ltr'><strong>Verbum,</strong></span> <span class='ocrx_word' id='word_1_770' title='bbox 886 2816 987 2850; x_wconf 71' lang='lat' dir='ltr'><strong>inquit,</strong></span> 
     </span>
    </p>
   </div>
   <div class='ocr_carea' id='block_1_110' title="bbox 192 2850 985 2886">
    <p class='ocr_par' dir='ltr' id='par_1_110' title="bbox 192 2850 985 2886">
     <span class='ocr_line' id='line_1_113' title="bbox 192 2850 985 2886; baseline 0.001 -10"><span class='ocrx_word' id='word_1_771' title='bbox 192 2850 391 2884; x_wconf 75' lang='grc' dir='ltr'>ἀνυπόστατον,</span> <span class='ocrx_word' id='word_1_772' title='bbox 406 2851 504 2879; x_wconf 76' lang='lat' dir='ltr'><strong>ercis</strong></span> <span class='ocrx_word' id='word_1_773' title='bbox 520 2850 671 2886; x_wconf 76' lang='lat' dir='ltr'><strong>ambiguum</strong></span> <span class='ocrx_word' id='word_1_774' title='bbox 685 2855 734 2885; x_wconf 73' lang='lat' dir='ltr'><strong>est,</strong></span> <span class='ocrx_word' id='word_1_775' title='bbox 747 2855 771 2878; x_wconf 82' lang='lat' dir='ltr'><strong>et</strong></span> <span class='ocrx_word' id='word_1_776' title='bbox 791 2855 875 2886; x_wconf 76' lang='lat' dir='ltr'><strong>potest</strong></span> <span class='ocrx_word' id='word_1_777' title='bbox 891 2858 985 2878; x_wconf 74' lang='lat' dir='ltr'><strong>sonare</strong></span> 
     </span>
    </p>
   </div>
   <div class='ocr_carea' id='block_1_111' title="bbox 1035 2396 1826 2433">
    <p class='ocr_par' dir='ltr' id='par_1_111' title="bbox 1035 2396 1826 2433">
     <span class='ocr_line' id='line_1_114' title="bbox 1035 2396 1826 2433; baseline 0.001 -8"><span class='ocrx_word' id='word_1_778' title='bbox 1035 2399 1142 2425; x_wconf 85' lang='lat' dir='ltr'><strong>suailia</strong></span> <span class='ocrx_word' id='word_1_779' title='bbox 1157 2399 1216 2426; x_wconf 87' lang='lat' dir='ltr'><strong>dira</strong></span> <span class='ocrx_word' id='word_1_780' title='bbox 1230 2399 1403 2433; x_wconf 65' lang='lat' dir='ltr'><strong>aegritudine,</strong></span> <span class='ocrx_word' id='word_1_781' title='bbox 1427 2405 1457 2425; x_wconf 84' lang='lat' dir='ltr'><strong>tit</strong></span> <span class='ocrx_word' id='word_1_782' title='bbox 1477 2403 1543 2425; x_wconf 84' lang='lat' dir='ltr'><strong>sunt</strong></span> <span class='ocrx_word' id='word_1_783' title='bbox 1564 2397 1652 2425; x_wconf 86' lang='lat' dir='ltr'><strong>sancti</strong></span> <span class='ocrx_word' id='word_1_784' title='bbox 1671 2396 1772 2430; x_wconf 89' lang='lat' dir='ltr'><strong>ubique</strong></span> <span class='ocrx_word' id='word_1_785' title='bbox 1791 2399 1826 2426; x_wconf 86' lang='lat' dir='ltr'><strong>ad</strong></span> 
     </span>
    </p>
   </div>
   <div class='ocr_carea' id='block_1_112' title="bbox 1035 2433 1826 2468">
    <p class='ocr_par' dir='ltr' id='par_1_112' title="bbox 1035 2433 1826 2468">
     <span class='ocr_line' id='line_1_115' title="bbox 1035 2433 1826 2468; baseline 0.003 -9"><span class='ocrx_word' id='word_1_786' title='bbox 1035 2433 1197 2468; x_wconf 74' lang='lat' dir='ltr'><strong>modestiam</strong></span> <span class='ocrx_word' id='word_1_787' title='bbox 1218 2433 1363 2468; x_wconf 85' lang='lat' dir='ltr'><strong>compositi</strong></span> <span class='ocrx_word' id='word_1_788' title='bbox 1388 2438 1413 2460; x_wconf 88' lang='lat' dir='ltr'><strong>et</strong></span> <span class='ocrx_word' id='word_1_789' title='bbox 1441 2433 1568 2465; x_wconf 87' lang='lat' dir='ltr'><strong>humiles,</strong></span> <span class='ocrx_word' id='word_1_790' title='bbox 1594 2433 1668 2460; x_wconf 79' lang='lat' dir='ltr'><strong>clare</strong></span> <span class='ocrx_word' id='word_1_791' title='bbox 1694 2433 1826 2465; x_wconf 80' lang='lat' dir='ltr'><strong>explicat.</strong></span> 
     </span>
    </p>
   </div>
   <div class='ocr_carea' id='block_1_113' title="bbox 1035 2467 1827 2503">
    <p class='ocr_par' dir='ltr' id='par_1_113' title="bbox 1035 2467 1827 2503">
     <span class='ocr_line' id='line_1_116' title="bbox 1035 2467 1827 2503; baseline 0.001 -9"><span class='ocrx_word' id='word_1_792' title='bbox 1035 2467 1149 2495; x_wconf 59' lang='lat' dir='ltr'><strong>llehrma</strong></span> <span class='ocrx_word' id='word_1_793' title='bbox 1161 2476 1194 2495; x_wconf 89' lang='lat' dir='ltr'><strong>eo</strong></span> <span class='ocrx_word' id='word_1_794' title='bbox 1209 2469 1268 2495; x_wconf 89' lang='lat' dir='ltr'><strong>loco</strong></span> <span class='ocrx_word' id='word_1_795' title='bbox 1283 2467 1352 2503; x_wconf 79' lang='lat' dir='ltr'><strong>psal.</strong></span> <span class='ocrx_word' id='word_1_796' title='bbox 1368 2468 1469 2495; x_wconf 89' lang='lat' dir='ltr'><strong>habent</strong></span> <span class='ocrx_word' id='word_1_797' title='bbox 1485 2468 1560 2503; x_wconf 82' lang='lat' dir='ltr'><strong>quod</strong></span> <span class='ocrx_word' id='word_1_798' title='bbox 1577 2470 1666 2503; x_wconf 66' lang='lat' dir='ltr'><strong>sonet,</strong></span> <span class='ocrx_word' id='word_1_799' title='bbox 1686 2473 1764 2503; x_wconf 66' lang='lat' dir='ltr'><strong>aqua:</strong></span> <span class='ocrx_word' id='word_1_800' title='bbox 1782 2474 1827 2495; x_wconf 83' lang='lat' dir='ltr'><strong>tu-</strong></span> 
     </span>
    </p>
   </div>
   <div class='ocr_carea' id='block_1_114' title="bbox 1035 2500 1829 2538">
    <p class='ocr_par' dir='ltr' id='par_1_114' title="bbox 1035 2500 1829 2538">
     <span class='ocr_line' id='line_1_117' title="bbox 1035 2500 1829 2538; baseline 0.003 -9"><span class='ocrx_word' id='word_1_801' title='bbox 1035 2503 1136 2538; x_wconf 65' lang='lat' dir='ltr'><strong>initiae;</strong></span> <span class='ocrx_word' id='word_1_802' title='bbox 1150 2508 1180 2538; x_wconf 78' lang='lat' dir='ltr'><strong>ut</strong></span> <span class='ocrx_word' id='word_1_803' title='bbox 1194 2500 1290 2531; x_wconf 45' lang='lat' dir='ltr'><strong>sanct.‘</strong></span> <span class='ocrx_word' id='word_1_804' title='bbox 1301 2504 1340 2530; x_wconf 87' lang='lat' dir='ltr'><strong>vel</strong></span> <span class='ocrx_word' id='word_1_805' title='bbox 1355 2508 1385 2530; x_wconf 94' lang='lat' dir='ltr'><strong>ut</strong></span> <span class='ocrx_word' id='word_1_806' title='bbox 1404 2503 1461 2537; x_wconf 83' lang='lat' dir='ltr'><strong>alii,</strong></span> <span class='ocrx_word' id='word_1_807' title='bbox 1479 2500 1549 2538; x_wconf 64' lang='lat' dir='ltr'><strong>aqua</strong></span> <span class='ocrx_word' id='word_1_808' title='bbox 1570 2500 1694 2538; x_wconf 77' lang='lat' dir='ltr'><strong>superba.</strong></span> <span class='ocrx_word' id='word_1_809' title='bbox 1719 2500 1829 2536; x_wconf 82' lang='lat' dir='ltr'><strong>Optime</strong></span> 
     </span>
    </p>
   </div>
   <div class='ocr_carea' id='block_1_115' title="bbox 1036 2537 1358 2572">
    <p class='ocr_par' dir='ltr' id='par_1_115' title="bbox 1036 2537 1358 2572">
     <span class='ocr_line' id='line_1_118' title="bbox 1036 2537 1358 2572; baseline 0.003 -8"><span class='ocrx_word' id='word_1_810' title='bbox 1036 2538 1082 2564; x_wconf 89' lang='lat' dir='ltr'><strong>illo</strong></span> <span class='ocrx_word' id='word_1_811' title='bbox 1100 2537 1170 2564; x_wconf 56' lang='lat' dir='ltr'><strong>LXX</strong></span> <span class='ocrx_word' id='word_1_812' title='bbox 1186 2546 1358 2572; x_wconf 80' lang='lat' dir='ltr'><strong>expressum.</strong></span> 
     </span>
    </p>
   </div>
   <div class='ocr_carea' id='block_1_116' title="bbox 1072 2573 1828 2607">
    <p class='ocr_par' dir='ltr' id='par_1_116' title="bbox 1072 2573 1828 2607">
     <span class='ocr_line' id='line_1_119' title="bbox 1072 2573 1828 2607; baseline 0.001 -9"><span class='ocrx_word' id='word_1_813' title='bbox 1072 2573 1128 2607; x_wconf 80' lang='lat' dir='ltr'><strong>(H)</strong></span> <span class='ocrx_word' id='word_1_814' title='bbox 1143 2574 1179 2599; x_wconf 77' lang='lat' dir='ltr'><strong>Ac</strong></span> <span class='ocrx_word' id='word_1_815' title='bbox 1192 2574 1261 2600; x_wconf 80' lang='lat' dir='ltr'><strong>velut</strong></span> <span class='ocrx_word' id='word_1_816' title='bbox 1274 2573 1334 2607; x_wconf 72' lang='lat' dir='ltr'><strong>jure</strong></span> <span class='ocrx_word' id='word_1_817' title='bbox 1348 2577 1472 2607; x_wconf 84' lang='lat' dir='ltr'><strong>perpetua</strong></span> <span class='ocrx_word' id='word_1_818' title='bbox 1484 2577 1593 2599; x_wconf 75' lang='lat' dir='ltr'><strong>statam.</strong></span> <span class='ocrx_word' id='word_1_819' title='bbox 1610 2573 1691 2600; x_wconf 77' lang='grc' dir='ltr'>οἱονεὶ</span> <span class='ocrx_word' id='word_1_820' title='bbox 1716 2573 1828 2607; x_wconf 62' lang='grc' dir='ltr'>ἀτηρᾶς</span> 
     </span>
    </p>
   </div>
   <div class='ocr_carea' id='block_1_117' title="bbox 1038 2607 1830 2642">
    <p class='ocr_par' dir='ltr' id='par_1_117' title="bbox 1038 2607 1830 2642">
     <span class='ocr_line' id='line_1_120' title="bbox 1038 2607 1830 2642; baseline 0.001 -9"><span class='ocrx_word' id='word_1_821' title='bbox 1038 2607 1130 2634; x_wconf 71' lang='grc' dir='ltr'>δαῖον.</span> <span class='ocrx_word' id='word_1_822' title='bbox 1154 2607 1234 2634; x_wconf 84' lang='lat' dir='ltr'><strong>Velut</strong></span> <span class='ocrx_word' id='word_1_823' title='bbox 1256 2608 1497 2642; x_wconf 76' lang='lat' dir='ltr'><strong>imprzeteribilem,</strong></span> <span class='ocrx_word' id='word_1_824' title='bbox 1513 2608 1536 2635; x_wconf 89' lang='lat' dir='ltr'><strong>si</strong></span> <span class='ocrx_word' id='word_1_825' title='bbox 1562 2612 1589 2634; x_wconf 90' lang='lat' dir='ltr'><strong>et</strong></span> <span class='ocrx_word' id='word_1_826' title='bbox 1605 2608 1685 2634; x_wconf 86' lang='lat' dir='ltr'><strong>nobis</strong></span> <span class='ocrx_word' id='word_1_827' title='bbox 1703 2613 1778 2636; x_wconf 84' lang='lat' dir='ltr'><strong>esset</strong></span> <span class='ocrx_word' id='word_1_828' title='bbox 1795 2609 1830 2634; x_wconf 85' lang='lat' dir='ltr'><strong>li-</strong></span> 
     </span>
    </p>
   </div>
   <div class='ocr_carea' id='block_1_118' title="bbox 1041 2642 1830 2677">
    <p class='ocr_par' dir='ltr' id='par_1_118' title="bbox 1041 2642 1830 2677">
     <span class='ocr_line' id='line_1_121' title="bbox 1041 2642 1830 2677; baseline -0.001 -8"><span class='ocrx_word' id='word_1_829' title='bbox 1041 2642 1132 2669; x_wconf 90' lang='lat' dir='ltr'><strong>berior</strong></span> <span class='ocrx_word' id='word_1_830' title='bbox 1147 2642 1229 2669; x_wconf 82' lang='lat' dir='ltr'><strong>ﬁctio.</strong></span> <span class='ocrx_word' id='word_1_831' title='bbox 1248 2642 1390 2676; x_wconf 68' lang='lat' dir='ltr'><strong>Significat</strong></span> <span class='ocrx_word' id='word_1_832' title='bbox 1409 2643 1483 2670; x_wconf 90' lang='lat' dir='ltr'><strong>velut</strong></span> <span class='ocrx_word' id='word_1_833' title='bbox 1504 2647 1634 2677; x_wconf 88' lang='lat' dir='ltr'><strong>perpetua</strong></span> <span class='ocrx_word' id='word_1_834' title='bbox 1656 2643 1830 2670; x_wconf 81' lang='lat' dir='ltr'><strong>districtione</strong></span> 
     </span>
    </p>
   </div>
   <div class='ocr_carea' id='block_1_119' title="bbox 1041 2677 1832 2712">
    <p class='ocr_par' dir='ltr' id='par_1_119' title="bbox 1041 2677 1832 2712">
     <span class='ocr_line' id='line_1_122' title="bbox 1041 2677 1832 2712; baseline 0.001 -9"><span class='ocrx_word' id='word_1_835' title='bbox 1041 2677 1066 2704; x_wconf 89' lang='lat' dir='ltr'><strong>id</strong></span> <span class='ocrx_word' id='word_1_836' title='bbox 1087 2685 1102 2703; x_wconf 92' lang='lat' dir='ltr'><strong>a</strong></span> <span class='ocrx_word' id='word_1_837' title='bbox 1120 2684 1149 2703; x_wconf 90' lang='lat' dir='ltr'><strong>se</strong></span> <span class='ocrx_word' id='word_1_838' title='bbox 1167 2678 1300 2712; x_wconf 79' lang='lat' dir='ltr'><strong>exegisse,</strong></span> <span class='ocrx_word' id='word_1_839' title='bbox 1316 2681 1343 2704; x_wconf 87' lang='lat' dir='ltr'><strong>et</strong></span> <span class='ocrx_word' id='word_1_840' title='bbox 1363 2678 1389 2704; x_wconf 89' lang='lat' dir='ltr'><strong>in</strong></span> <span class='ocrx_word' id='word_1_841' title='bbox 1411 2685 1487 2704; x_wconf 91' lang='lat' dir='ltr'><strong>more</strong></span> <span class='ocrx_word' id='word_1_842' title='bbox 1505 2679 1625 2712; x_wconf 87' lang='lat' dir='ltr'><strong>positum</strong></span> <span class='ocrx_word' id='word_1_843' title='bbox 1642 2677 1780 2708; x_wconf 82' lang='lat' dir='ltr'><strong>habuisse.</strong></span> <span class='ocrx_word' id='word_1_844' title='bbox 1800 2682 1832 2704; x_wconf 89' lang='lat' dir='ltr'><strong>ut</strong></span> 
     </span>
    </p>
   </div>
   <div class='ocr_carea' id='block_1_120' title="bbox 1041 2712 1832 2747">
    <p class='ocr_par' dir='ltr' id='par_1_120' title="bbox 1041 2712 1832 2747">
     <span class='ocr_line' id='line_1_123' title="bbox 1041 2712 1832 2747; baseline 0.003 -10"><span class='ocrx_word' id='word_1_845' title='bbox 1041 2712 1171 2738; x_wconf 77' lang='grc' dir='ltr'>ἑκάστοτε</span> <span class='ocrx_word' id='word_1_846' title='bbox 1181 2720 1187 2726; x_wconf 94' lang='grc'><strong>·</strong></span> <span class='ocrx_word' id='word_1_847' title='bbox 1204 2713 1320 2746; x_wconf 82' lang='lat' dir='ltr'><strong>quotidie</strong></span> <span class='ocrx_word' id='word_1_848' title='bbox 1335 2720 1367 2739; x_wconf 84' lang='lat' dir='ltr'><strong>ac</strong></span> <span class='ocrx_word' id='word_1_849' title='bbox 1381 2720 1463 2746; x_wconf 83' lang='lat' dir='ltr'><strong>quant</strong></span> <span class='ocrx_word' id='word_1_850' title='bbox 1485 2713 1660 2744; x_wconf 82' lang='lat' dir='ltr'><strong>creberrime,</strong></span> <span class='ocrx_word' id='word_1_851' title='bbox 1689 2713 1832 2747; x_wconf 65' lang='lat' dir='ltr'><strong>paraeneti-</strong></span> 
     </span>
    </p>
   </div>
   <div class='ocr_carea' id='block_1_121' title="bbox 1039 2747 1831 2782">
    <p class='ocr_par' dir='ltr' id='par_1_121' title="bbox 1039 2747 1831 2782">
     <span class='ocr_line' id='line_1_124' title="bbox 1039 2747 1831 2782; baseline -0.001 -8"><span class='ocrx_word' id='word_1_852' title='bbox 1039 2754 1102 2782; x_wconf 76' lang='lat' dir='ltr'><strong>cum</strong></span> <span class='ocrx_word' id='word_1_853' title='bbox 1123 2754 1277 2774; x_wconf 87' lang='lat' dir='ltr'><strong>sermonem</strong></span> <span class='ocrx_word' id='word_1_854' title='bbox 1293 2747 1326 2774; x_wconf 88' lang='lat' dir='ltr'><strong>ad</strong></span> <span class='ocrx_word' id='word_1_855' title='bbox 1347 2748 1445 2774; x_wconf 88' lang='lat' dir='ltr'><strong>fratres</strong></span> <span class='ocrx_word' id='word_1_856' title='bbox 1461 2747 1583 2780; x_wconf 86' lang='lat' dir='ltr'><strong>haberet,</strong></span> <span class='ocrx_word' id='word_1_857' title='bbox 1600 2755 1682 2782; x_wconf 86' lang='lat' dir='ltr'><strong>quam</strong></span> <span class='ocrx_word' id='word_1_858' title='bbox 1708 2749 1732 2775; x_wconf 92' lang='lat' dir='ltr'><strong>is</strong></span> <span class='ocrx_word' id='word_1_859' title='bbox 1750 2755 1831 2782; x_wconf 76' lang='lat' dir='ltr'><strong>regu-</strong></span> 
     </span>
    </p>
   </div>
   <div class='ocr_carea' id='block_1_122' title="bbox 1040 2781 1832 2823">
    <p class='ocr_par' dir='ltr' id='par_1_122' title="bbox 1040 2781 1832 2823">
     <span class='ocr_line' id='line_1_125' title="bbox 1040 2781 1832 2823; baseline 0.001 -16"><span class='ocrx_word' id='word_1_860' title='bbox 1040 2781 1106 2823; x_wconf 84' lang='lat' dir='ltr'><strong>lam,</strong></span> <span class='ocrx_word' id='word_1_861' title='bbox 1128 2789 1177 2823; x_wconf 81' lang='lat' dir='ltr'><strong>nec</strong></span> <span class='ocrx_word' id='word_1_862' title='bbox 1193 2783 1219 2808; x_wconf 93' lang='lat' dir='ltr'><strong>in</strong></span> <span class='ocrx_word' id='word_1_863' title='bbox 1242 2789 1370 2823; x_wconf 76' lang='lat' dir='ltr'><strong>supremo</strong></span> <span class='ocrx_word' id='word_1_864' title='bbox 1390 2782 1499 2823; x_wconf 77' lang='lat' dir='ltr'><strong>spiritu,</strong></span> <span class='ocrx_word' id='word_1_865' title='bbox 1519 2781 1640 2823; x_wconf 52' lang='lat' dir='ltr'><strong>jamque,</strong></span> <span class='ocrx_word' id='word_1_866' title='bbox 1666 2789 1736 2817; x_wconf 86' lang='lat' dir='ltr'><strong>pene</strong></span> <span class='ocrx_word' id='word_1_867' title='bbox 1756 2781 1832 2809; x_wconf 73' lang='lat' dir='ltr'><strong>mor-</strong></span> 
     </span>
    </p>
   </div>
   <div class='ocr_carea' id='block_1_123' title="bbox 1042 2817 1832 2852">
    <p class='ocr_par' dir='ltr' id='par_1_123' title="bbox 1042 2817 1832 2852">
     <span class='ocr_line' id='line_1_126' title="bbox 1042 2817 1832 2852; baseline -0.001 -8"><span class='ocrx_word' id='word_1_868' title='bbox 1042 2822 1116 2850; x_wconf 87' lang='lat' dir='ltr'><strong>tuus,</strong></span> <span class='ocrx_word' id='word_1_869' title='bbox 1135 2817 1387 2851; x_wconf 77' lang='lat' dir='ltr'><strong>transgrediendam</strong></span> <span class='ocrx_word' id='word_1_870' title='bbox 1404 2817 1516 2852; x_wconf 90' lang='lat' dir='ltr'><strong>putarit,</strong></span> <span class='ocrx_word' id='word_1_871' title='bbox 1532 2817 1573 2844; x_wconf 88' lang='lat' dir='ltr'><strong>vel</strong></span> <span class='ocrx_word' id='word_1_872' title='bbox 1591 2817 1680 2852; x_wconf 57' lang='lat' dir='ltr'><strong>alieno</strong></span> <span class='ocrx_word' id='word_1_873' title='bbox 1690 2825 1738 2844; x_wconf 86' lang='lat' dir='ltr'><strong>ore</strong></span> <span class='ocrx_word' id='word_1_874' title='bbox 1758 2824 1832 2852; x_wconf 72' lang='lat' dir='ltr'><strong>pra:-</strong></span> 
     </span>
    </p>
   </div>
   <div class='ocr_carea' id='block_1_124' title="bbox 1041 2851 1831 2887">
    <p class='ocr_par' dir='ltr' id='par_1_124' title="bbox 1041 2851 1831 2887">
     <span class='ocr_line' id='line_1_127' title="bbox 1041 2851 1831 2887; baseline -0.001 -8"><span class='ocrx_word' id='word_1_875' title='bbox 1041 2857 1128 2885; x_wconf 82' lang='lat' dir='ltr'><strong>stans,</strong></span> <span class='ocrx_word' id='word_1_876' title='bbox 1150 2852 1222 2886; x_wconf 85' lang='lat' dir='ltr'><strong>quod</strong></span> <span class='ocrx_word' id='word_1_877' title='bbox 1244 2852 1302 2886; x_wconf 88' lang='lat' dir='ltr'><strong>jnm</strong></span> <span class='ocrx_word' id='word_1_878' title='bbox 1330 2861 1385 2880; x_wconf 91' lang='lat' dir='ltr'><strong>non</strong></span> <span class='ocrx_word' id='word_1_879' title='bbox 1409 2856 1502 2887; x_wconf 86' lang='lat' dir='ltr'><strong>posset</strong></span> <span class='ocrx_word' id='word_1_880' title='bbox 1530 2859 1589 2880; x_wconf 86' lang='lat' dir='ltr'><strong>suo.</strong></span> <span class='ocrx_word' id='word_1_881' title='bbox 1618 2851 1667 2880; x_wconf 84' lang='lat' dir='ltr'><strong>Est</strong></span> <span class='ocrx_word' id='word_1_882' title='bbox 1694 2851 1831 2887; x_wconf 80' lang='lat' dir='ltr'><strong>ejusmodi</strong></span> 
     </span>
    </p>
   </div>
  </div>
