1925 3088
105 187 167 220 1837

584 185 633 216 DE
654 184 769 215 OBITU
794 184 825 214 S.
852 180 1050 213 THEODORI
1077 174 1262 210 STUDIT/E.

1672 176 1742 209 1838

137 254 148 271 ι
173 241 297 278 ’Δδελφολ
321 241 370 270 καὶ
394 241 516 278 Πατὲρες
531 250 537 256 ·
562 242 710 278 ἠσθένησα,
738 241 786 268 καὶ
816 239 915 268 πάλινλ

987 248 996 264 ι
1010 237 1131 269 Fratres,
1153 241 1309 271 patresque,
1326 223 1743 269 aegrotavi],iterumquevestris

102 291 193 326 εὐχαῖς
211 289 287 325 ὑμῶν
303 289 505 324 ἀνακέκλημαι.
526 288 596 314 Ἀλλ’
611 289 665 319 ἕως
679 287 746 314 πότε
765 286 899 322 μέλλομεν

102 335 229 372 ἔρχεσθαι
244 334 290 361 ἐπὶ
298 333 328 360 τὸ
344 333 458 366 mutu;
477 333 636 360 Ἐλεύσεται
650 332 683 368 δὴ
700 331 831 366 πάντωςή
841 331 900 356 ἑπι-

103 382 227 413 θάνατιος
241 380 344 416 ἡμέρα,
355 380 400 407 ὅτε
415 380 465 415 οὑχ
481 379 539 411 ἕξει
555 378 648 415 χώραν
664 378 695 404 τὸ
709 377 813 410 πάλιν,
843 384 898 411 χω-

104 427 217 463 ρὶζοιισά
234 436 268 461 με
283 427 330 460 ἀφ’
348 425 438 461 ὑμῶν,
455 426 503 452 καὶ
515 423 741 460 παραπέμπουσα
758 431 792 457 με
803 422 836 448 ὲκ
845 421 900 448 τῶν

103 474 221 501 ἐνθένδε.
237 473 275 499 Οὐ
293 471 396 508 μὴνδιὰ
408 470 489 498 τοῦτο
503 471 644 504 λογιστέον
659 468 792 505 ὀρφανίαν
803 467 901 502 ’ἀψευ-

103 519 151 555 δὴς
164 519 220 553 γὰρ
235 520 249 545 ὁ
260 517 355 544 εἰπών·
373 519 434 544 οὐκ
451 517 561 551 ἀφήσω
576 515 654 550 ὑμᾶς
669 514 820 550 (ῖρφανούς
830 513 899 546 ἰιι-ιι,

109 565 183 593 Ἰδοὺ
200 564 257 599 ἐγὼ
271 563 335 599 μεθ’
353 562 436 598 ὑμῶν
450 564 509 597 εἰμι
529 561 631 593 πάσας
645 562 699 593 τὰς
714 559 901 595 ὴμέρας-,ἓως

103 611 160 645 τῆς
174 610 356 642 συντελείας
368 609 421 637 τοῦ
436 608 545 641 αὶῶνος
561 616 567 623 ·
585 607 674 638 ἄλλως
690 615 719 632 τε
736 605 784 633 καὶ
799 605 902 640 ὀψόμε-

105 658 139 685 θα
161 656 295 690 ἀλλήλους
314 656 343 682 ὲν
359 657 392 690 τῇ
410 654 504 689 ἡμέρᾳ.
519 653 626 688 ἐκείνῃ·
657 652 714 679 ἀλλ’
743 651 786 686 εἴη
815 651 902 677 εἰπεῖν

105 704 134 730 ἐν
147 702 220 738 χαρᾷ
234 701 410 736 ἀνεκλαλήτῳ
426 700 474 726 καὶ
489 699 546 733 ζωῇ
565 697 747 732 ἀτελευτήτῳ.
767 696 799 722 Ὃ
814 695 842 722 δὲ
853 695 902 721 πέ-

106 749 192 775 πονθα
213 748 242 773 ἐν
259 748 294 781 τῇ
316 745 444 780 ἀσθενείᾳ
470 745 529 770 ἴστε
544 753 551 759 ·
576 743 634 775 πῶς
665 742 718 769 ὑπὸ
735 742 827 777 ῥίγους
855 750 902 768 συ-

108 793 224 829 σχεθεὶς,
243 792 430 819 ἀνυπόστατον
458 790 552 818 κλόνον
583 789 705 824 ὑπέστην
719 796 726 802 ·
757 785 816 814 εἶτα
845 787 904 818 πῶς

107 841 206 867 Θᾶττον
222 836 340 874 ὲϐλήθην
352 837 404 864 ὑπὸ
420 836 550 868 διακαοῦς
561 835 680 872 πυρετοῦ
698 835 762 870 ὃλην
775 834 883 869 ἡμέραν
895 854 902 861 .

112 885 304 921 Ἐνεθυμήθην
318 882 365 911 οὖν
389 885 430 915 είς
445 883 565 919 ἐμαυτὸν
579 883 701 917 πάσχων,
730 883 772 909 ὅτι
799 882 903 916 μήποτε

108 934 157 960 καὶ
180 934 209 959 ὲν
222 933 255 967 τῇ
282 930 416 966 μελλούσῃ
430 930 533 964 κρίσει,
548 929 602 956 ἀπὸ
613 928 664 963 τῆς
677 928 732 954 τῶν
754 927 904 962 Ταρτάρων

107 978 255 1014 τιμωρίας,
271 977 329 1003 ἔστι
349 975 533 1011 μεταπίπτειν
547 976 588 1007 εἰς
604 975 655 1010 τὴν
667 974 781 1009 γέενναν
792 972 840 999 τοῦ
853 981 905 998 πυ-

109 1025 157 1060 pd;
169 1033 176 1040 ·
191 1025 239 1051 καὶ
254 1024 327 1050 δυοῖν
343 1023 424 1058 τυχὸν
439 1021 592 1058 τιμωριῶν,
603 1021 620 1056 ἢ
636 1021 684 1048 καὶ
692 1019 821 1046 πλειόνων
832 1017 906 1044 ἐστὶν

109 1070 264 1102 ὑπεύθυνος
281 1070 295 1096 ὁ
310 1069 486 1104 ταλαίπωρος
503 1067 657 1102 ἄνθρωπος.

920 911 941 937 Β

146 1156 220 1192 Πλὴν
243 1156 298 1183 εἴτε
315 1156 391 1191 μιᾶς,
418 1155 472 1182 εἴτε
488 1155 582 1188 δυοῖν,
610 1153 809 1189 τεκμαίρεσθαι
835 1151 909 1178 ἐστιν

109 1204 146 1230 ἐκ
161 1203 215 1230 τῶν
239 1201 359 1229 ἐνταῦθα
373 1201 520 1235 ἀλγεινῶν,
537 1201 586 1236 τὴν
601 1200 788 1227 ἀνυπόστατον
799 1199 846 1226 ἐπὶ
853 1199 910 1230 τοῖς

111 1244 287 1283 ἁμαρτωλοῖς
303 1246 390 1281 ὀργὴν
401 1245 448 1272 τοῦ
465 1245 532 1272 Θεοῦ
548 1254 554 1259 ·
568 1245 616 1271 καὶ
632 1244 708 1280 φόϐῳ
732 1243 834 1279 πολλῷ,
863 1243 911 1270 καὶ

120 1293 218 1328 τρόμῳ
234 1291 396 1327 συνέχεσθαι
412 1290 547 1324 ἐντεῦθεν,
564 1291 605 1322 είς
620 1291 650 1317 τι
667 1289 704 1326 μὴ
720 1290 848 1316 ἐκπεσεῖν
872 1289 912 1321 είς

110 1339 164 1370 τὰς
200 1338 383 1370 ἀνυποξστονς
415 1337 543 1369 κολάσεις
569 1336 689 1368 ὲκείνας.
719 1335 874 1371 Τοιγαροῦν
899 1335 913 1361 ὁ

113 1384 212 1420 παρὼν
227 1384 363 1419 διωγμός·
376 1381 418 1415 οἷς
438 1384 497 1419 μὲν,
518 1382 569 1418 ὕλη
595 1383 697 1418 ἀρετῆς
719 1382 830 1417 εὑρέθη,
863 1382 914 1408 Ἐν

112 1423 140 1464 ᾧ
155 1428 336 1464 ἐξέλαμψαν
349 1429 390 1461 ὡς
403 1428 560 1463 φωστῆρες
570 1428 605 1455 ἐν
616 1429 729 1462 κόσμῳ,
737 1428 832 1462 λόγον
841 1426 915 1461 ζωῆς

116 1475 298 1510 ἐπέχοι-τες,
314 1476 358 1507 εἰς
370 1474 513 1509 καύχημα
530 1474 596 1508 ἐμοὶ
616 1473 650 1509 (εί
663 1473 742 1507 θέμις
755 1473 852 1507 είπεῖν)
872 1473 916 1510 εἰς

113 1522 233 1556 ἡμέραν
249 1521 379 1555 Χριστοῦ
390 1529 397 1536 ·
409 1521 435 1547 τε
453 1521 482 1546 οὐ
492 1519 573 1547 καλὸν
587 1520 769 1555 ἐργασάμενοι
783 1528 790 1552 ;
806 1520 847 1550 εἰς
858 1519 916 1545 οἵαν

951 282 1078 318 precibus
1091 281 1228 310 convalui.
1250 279 1409 311 Enimvero,
1432 279 1555 314 quandiu
1568 279 1677 306 venturi
1695 285 1744 306 suo

950 336 1012 356 mus
1026 329 1059 356 ad
1076 328 1141 355 illud
1155 348 1162 361 ,
1190 326 1313 354 Iterum?
1337 326 1409 354 Sane
1433 326 1547 353 omnino
1571 330 1684 353 ventura
1701 328 1744 352 cst

951 374 1049 402 mortis
1064 373 1134 406 dies,
1150 372 1261 408 quando
1284 372 1324 399 illi
1338 373 1432 399 iterum
1447 379 1502 399 non
1519 372 1556 399 sit
1575 370 1687 398 futurus
1703 370 1745 398 lo-

951 427 1001 448 cus
1019 429 1026 447 :
1045 420 1141 447 mortis
1164 419 1276 454 inquam
1292 418 1371 451 dies,
1387 425 1440 453 qua
1459 425 1474 444 a
1497 417 1576 445 vobis
1597 417 1650 445 sim
1665 423 1744 452 sepa-

951 465 1066 497 randus.
1087 470 1170 500 atque
1196 465 1230 492 ab
1256 463 1386 492 humanis
1402 464 1582 499 migraturus.
1602 463 1663 491 Non
1683 464 1746 491 ideo

953 515 1044 538 tamen
1064 510 1216 545 reputanda
1240 509 1364 537 orbitas:
1379 509 1480 544 quippe
1505 517 1590 536 verax
1609 513 1670 542 est,
1698 508 1745 543 qu’

952 555 1044 583 dixit:
1061 555 1124 583 Non
1139 556 1289 591 relinquam
1312 563 1356 582 vos
1381 555 1513 587 orplmnos
1536 555 1581 589 “5
1604 559 1632 582 et
1650 564 1657 581 :
1679 554 1746 582 Ecca

952 610 998 638 ego
1016 603 1149 630 vobiscum
1169 611 1229 629 sum
1244 601 1366 629 erunibus
1381 601 1473 628 diebus
1484 609 1566 636 usque
1577 600 1613 628 ad
1626 609 1749 628 consum-

953 650 1096 677 mationem
1111 649 1204 677 sreculi
1218 649 1238 665 "
1253 658 1259 676 :
1281 658 1289 675 ι
1305 648 1440 676 Praterea
1457 648 1541 675 etiam
1556 647 1679 675 futurum
1696 652 1748 680 cst,

953 699 984 723 ut
1001 702 1053 722 nos
1069 695 1115 722 illa
1136 695 1180 722 die
1196 698 1292 722 mutuo
1316 694 1459 721 videamus
1476 702 1482 720 :
1501 693 1607 720 utinam
1630 701 1696 721 vero
1721 694 1749 720 in

953 741 1054 776 gaudio
1079 741 1277 773 inenarrabili,
1303 745 1330 768 et
1354 741 1410 767 vita
1436 740 1646 768 interminabili.
1671 739 1749 773 Quod

953 795 1037 823 porro
1057 788 1124 814 mihi
1143 787 1170 814 in
1195 787 1356 815 inﬁrmitate
1371 787 1493 820 accidit,
1514 794 1567 814 non
1592 794 1641 814 vos
1662 786 1750 814 latet:

954 838 986 862 ut
1004 834 1094 867 rigore
1109 833 1328 868 constringente,
1345 832 1546 860 intolerabilem
1574 837 1673 866 passus
1698 833 1750 859 sim

955 880 1160 915 quassationem
1173 886 1180 905 :
1193 884 1278 914 utque
1290 879 1465 914 postmodum
1478 878 1512 905 ab
1523 878 1622 906 ardore
1633 877 1750 905 l'ebrlum

956 925 1028 952 diem
1045 928 1131 951 totam
1149 923 1294 959 jacuerim.
1320 923 1367 951 Sic
1387 931 1438 959 ego
1464 923 1569 951 habens
1596 923 1750 959 cogitabam

958 970 1027 1005 apud
1042 970 1189 1004 meipsum,
1213 977 1279 996 num
1294 973 1320 996 ct
1335 968 1362 996 in
1379 969 1473 996 futuro
1485 968 1602 1004 judicio,
1624 977 1638 995 a
1667 974 1753 996 tarta‘

958 1017 1013 1044 rcis
1026 1015 1196 1043 cruciatibus
1205 1015 1241 1042 sit
1255 1014 1376 1042 incidere
1386 1015 1412 1042 in
1427 1016 1580 1050 gehennam
1593 1015 1664 1050 ignis
1677 1015 1751 1051 (‘12):

959 1069 1060 1089 numve
1079 1061 1163 1089 miser
1178 1061 1262 1088 homo
1274 1060 1377 1096 duplici
1394 1068 1494 1096 paenae,
1508 1061 1547 1089 ait
1568 1061 1652 1089 etiam
1666 1061 1753 1096 pluri-

959 1109 1023 1142 bus,
1038 1107 1176 1136 obnoxius
1193 1108 1241 1135 sit.

995 1154 1143 1187 Cteterum,
1162 1153 1220 1182 sive
1242 1162 1296 1181 una
1324 1158 1435 1181 maneat
1457 1161 1549 1188 poena,
1565 1153 1622 1181 sive
1643 1153 1754 1188 duplex,

961 1206 1036 1229 certo
1048 1200 1198 1234 coniectari
1214 1200 1288 1232 licet,
1300 1207 1332 1227 ex
1349 1199 1493 1235 praesentis
1514 1199 1577 1227 vitae
1596 1199 1755 1232 doloribus,

961 1247 1021 1274 fore
1038 1245 1086 1273 Dei
1110 1247 1179 1273 iram
1199 1246 1226 1273 in
1251 1250 1410 1281 peccatores
1431 1245 1632 1273 intolerabilem
1650 1254 1657 1273 ε
1674 1249 1756 1280 atque

963 1291 1043 1324 adeo,
1061 1290 1148 1317 multo
1174 1290 1274 1318 timore
1298 1297 1331 1317 ac
1351 1294 1474 1317 tremore
1493 1290 1673 1317 habuerimus
1689 1297 1757 1318 con-

966 1337 1076 1372 stringi,
1093 1341 1123 1364 ut
1137 1344 1172 1363 ne
1186 1337 1213 1363 in
1229 1343 1326 1371 poenas
1342 1337 1403 1364 illas
1423 1336 1611 1364 intolerabiles
1627 1337 1758 1364 incideri-

966 1391 1039 1411 mus.
1054 1383 1179 1411 Praesens
1194 1390 1260 1418 ergo
1276 1383 1443 1418 persecutio,
1457 1383 1518 1411 aliis
1534 1384 1656 1419 quidem.
1672 1384 1759 1411 virtu-

966 1430 1001 1457 tis
1015 1429 1129 1456 materia
1147 1429 1257 1456 inventa
1272 1433 1325 1462 est,
1345 1430 1405 1462 Qua
1425 1430 1492 1457 sicut
1508 1429 1654 1457 luminaria
1668 1430 1760 1457 eluse—

967 1480 1028 1502 runt
1044 1475 1073 1502 in
1087 1475 1198 1508 mundo,
1214 1484 1361 1503 sermonem
1381 1477 1443 1503 rin
1458 1476 1582 1504 [tabentes
1597 1477 1631 1503 ad
1648 1477 1762 1512 gloriam

968 1529 1054 1548 meam
1071 1521 1105 1554 (si
1121 1520 1162 1548 fas
1177 1525 1219 1548 est
1233 1521 1336 1556 dicere)
1352 1521 1433 1549 indie
1444 1521 1545 1550 Christi
1565 1522 1597 1549 η.
1614 1522 1673 1555 Quc
1690 1523 1763 1549 bono

114 1569 146 1594 δὲ
162 1567 304 1603 βελτὶωσιν
318 1567 349 1593 οὐ
366 1567 567 1602 προελθόντες;
583 1567 624 1593 ὅτι
650 1566 698 1592 καὶ
717 1566 840 1598 ἑαυτοὺς,
871 1565 915 1592 καὶ

973 1577 1027 1597 non
1048 1569 1189 1597 defuncti?
1208 1569 1268 1602 Quo
1282 1577 1336 1597 non
1352 1570 1475 1605 profectu
1496 1578 1528 1598 ac
1543 1570 1711 1605 proiectione
1728 1569 1763 1597 ad

115 1614 238 1648 ἔσωσαν,
255 1615 303 1640 καὶ
322 1613 466 1646 σώζουσιν,
485 1612 722 1648 ὲγγυμνασθέντες
735 1613 791 1643 τοῖς
816 1620 912 1645 πειρα-

118 1659 211 1694 σμοῖς,
239 1659 413 1695 πυρωθέντες
425 1660 485 1690 ταῖς
503 1658 608 1694 θλίψεσι
626 1658 799 1694 χρυσοειδῶς,
817 1658 913 1690 ἄλλους

116 1712 150 1730 τε
167 1704 354 1740 προσιέμενοι,
371 1703 419 1730 καὶ
440 1704 562 1739 σωτῆρες
579 1703 684 1731 πολλῶν
698 1703 837 1738 ὀφθέντες,
853 1703 916 1737 ὁμο-

119 1750 215 1784 ταγῶν
231 1759 260 1776 τε
273 1750 320 1777 καὶ
331 1750 500 1785 ὲτεροταγῶν
509 1758 517 1765 ·
528 1749 589 1785 μεθ’
600 1747 637 1776 ὦν
648 1750 689 1785 εἴη
704 1759 749 1785 μοι
765 1758 797 1784 με
803 1750 854 1784 ρὶς,
868 1749 916 1776 καὶ

119 1797 149 1823 εἴ
162 1804 215 1823 τινι
232 1797 307 1831 φίλον
321 1798 384 1832 ἐμοὶ
396 1796 593 1823 συντάττεσθαι
606 1804 613 1812 ”
629 1793 669 1826 οἷς
684 1795 723 1827 δὲ,
739 1795 787 1822 καὶ
810 1794 916 1826 τούτοις

120 1842 291 1877 ὸλιγοστοῖς,
316 1842 366 1878 ὕλη
395 1842 504 1875 κακίας,
531 1843 564 1878 τῇ
591 1842 744 1877 αὐθαιρέτῳ
774 1841 842 1877 ζωῇ,
871 1841 918 1868 καὶ

120 1890 207 1917 οἱονεὶ
230 1889 409 1924 ἁπονοσφίσει
424 1889 476 1924 τῆς
506 1889 648 1924 ὑποταγῆς
678 1889 845 1924 ἐνεργήσασι
869 1887 919 1919 τὰς

122 1936 232 1963 ἑαυτῶν
253 1935 394 1971 αίσχύνας.
409 1935 492 1962 Ὅθεν
504 1935 651 1970 Γραφικῶς
679 1934 806 1969 εὓκαιρον
821 1935 918 1961 εἰπεῖν·

129 1983 304 2010 Ἐσκότωσε
320 1982 354 2009 τὸ
369 1980 450 2014 εἶδος
466 1982 519 2009 τοῦ
533 1981 697 2016 προσώπου
711 1981 820 2013 αὐτῶν,
848 1981 920 2008 ὡσεί

121 2030 255 2062 ἀμϐόλη·
264 2029 332 2064 πρδς
343 2028 389 2060 οὓς
397 2029 444 2055 καὶ
454 2029 586 2064 βοήσομαι
597 2037 603 2043 ·
618 2028 677 2055 Υἱοὶ
692 2028 807 2062 ἄνομοι,
815 2027 921 2061 ἐγκατ-

120 2075 246 2102 ελίπετε
269 2075 323 2101 τὸν
339 2075 447 2109 Κύριον
460 2081 466 2088 ·
484 2074 617 2108 ἠλλάξατε
635 2073 669 2100 τὰ
683 2073 786 2108 νόμιμα
799 2073 849 2108 τῆς
873 2080 923 2107 μο-

122 2121 240 2156 ναδικῆς
251 2120 421 2152 διαΰιώσεως
434 2129 442 2137 -
456 2120 569 2155 τροχιὰς
588 2119 672 2155 ὁρθὰς
696 2119 747 2145 οὑκ
766 2119 853 2154 ἔχετε,
865 2118 922 2145 ἀλλ’

123 2167 165 2199 ὡς
180 2167 266 2202 χωλοὶ
283 2166 450 2202 ἐκτρέπεσθε
466 2163 517 2193 ὦδε
533 2167 646 2193 κακείσε
661 2162 806 2201 φερόμενοι
823 2174 830 2182 ·
854 2165 924 2193 ἁπο-

123 2212 267 2240 ὃιὶστασθε
281 2212 337 2239 τῶν
364 2212 493 2239 συνοδιῶν
519 2212 616 2248 ὑμῶν’
644 2211 850 2246 φιλογυνιάζετε
866 2220 874 2228 ·
899 2212 924 2238 οἱ

965 1615 1091 1643 meliora?
1098 1615 1165 1643 Nam
1180 1620 1208 1643 et
1220 1620 1365 1643 servarunt
1379 1617 1484 1651 seipsos
1499 1621 1672 1652 servantque,
1687 1623 1765 1643 exer-

966 1662 1043 1690 citati
1082 1661 1278 1689 lentationibus
1294 1683 1302 1695 ,
1322 1662 1381 1689 auri
1417 1662 1505 1689 instar
1531 1662 1765 1695 tribulationibus,

966 1708 1041 1736 velut
1065 1707 1126 1743 igne
1157 1707 1265 1742 probati
1288 1707 1450 1743 purgatique
1471 1716 1478 1741 ;
1503 1708 1550 1743 qui
1579 1712 1606 1736 et
1632 1707 1766 1743 recipiant

970 1754 1050 1786 alios,
1069 1757 1097 1780 et
1112 1753 1260 1781 multorum
1275 1761 1304 1781 se
1316 1758 1472 1781 servatores
1487 1753 1673 1786 exhibuerint,
1689 1753 1766 1788 ejus-

970 1800 1032 1828 dem
1046 1807 1142 1828 secum
1158 1807 1191 1828 ac
1204 1799 1305 1828 diversi
1321 1800 1426 1828 ordinis
1445 1809 1453 1828 :
1473 1800 1639 1835 quibuscum
1660 1804 1766 1835 partem

971 1847 1040 1874 mihi
1057 1846 1130 1874 Deus
1145 1846 1326 1881 concesserit,
1342 1854 1375 1874 ac
1389 1846 1413 1875 si
1432 1846 1489 1879 cui,
1505 1853 1534 1874 ut
1549 1846 1617 1874 mihi
1632 1846 1768 1881 adjunga~

971 1896 1026 1924 tur,
1045 1891 1173 1927 placitum
1191 1892 1273 1919 fuerit
1295 1898 1303 1919 ι
1324 1892 1385 1920 aliis
1415 1898 1505 1921 autem
1539 1894 1628 1929 lisque
1653 1893 1768 1928 paucis,

973 1938 1089 1966 materia
1111 1937 1164 1965 fuit
1189 1941 1218 1965 et
1233 1938 1344 1966 occasio
1361 1938 1474 1967 sceleris
1489 1946 1522 1967 ac
1538 1940 1649 1975 probri:
1666 1940 1710 1972 iis,
1726 1940 1770 1967 in-

974 1991 1069 2018 quam,
1085 1983 1134 2018 qui
1155 1983 1218 2010 vitae
1238 1983 1374 2017 libertate,
1399 1991 1432 2012 ac
1455 1985 1530 2013 velut
1552 1985 1677 2013 suﬂurati
1703 1986 1771 2014 obe-

975 2029 1105 2056 dientiam
1121 2028 1189 2063 (l3),
1211 2036 1260 2056 sua
1276 2029 1400 2064 ipsorum
1417 2030 1552 2058 dedecora
1570 2033 1675 2066 operati
1695 2037 1770 2060 sunt.

976 2075 1067 2108 Quare
1089 2078 1244 2109 opportune
1260 2082 1309 2102 ceu
1327 2075 1478 2110 Scriptura
1491 2077 1583 2105 verbis
1597 2077 1747 2106 dixerimus
1762 2085 1770 2105 :

980 2121 1155 2148 Obtenebrula
1170 2125 1208 2148 est
1224 2121 1321 2155 species
1344 2121 1432 2148 vultur
1446 2129 1537 2149 eorum
1553 2123 1622 2149 sicut
1635 2123 1720 2158 fuligo
1733 2124 1772 2151 “z

979 2167 1012 2194 ad
1028 2174 1098 2202 quos
1113 2166 1195 2194 etiam
1213 2167 1354 2196 clamabo:
1373 2167 1440 2195 Filii
1458 2168 1574 2202 scelesti,
1592 2169 1771 2205 dereliquistis

981 2213 1126 2240 Dominum
1141 2212 1182 2240 u':
1198 2212 1366 2240 immutastis
1381 2213 1502 2248 legitima
1516 2214 1580 2242 vita:
1593 2215 1772 2243 monasticae:

126 2260 192 2294 μὲν,
209 2258 399 2294 μεμονωμένοι
413 2258 595 2294 τυγχάνοντες
606 2266 614 2273 ·
631 2259 655 2284 οἱ
671 2258 829 2290 δὲ,δούλους
844 2258 914 2285 ὠνού

981 2259 1041 2288 Non
1060 2260 1165 2288 habetis
1180 2267 1293 2295 gressus
1309 2263 1400 2287 rectos
1416 2259 1448 2294 “;
1461 2260 1508 2288 sed
1523 2261 1599 2288 velut
1613 2260 1704 2288 claudi
1722 2262 1775 2288 huc

127 2313 209 2341 μενοι
221 2313 229 2320 ·
247 2304 324 2337 ἔνιοι,
338 2304 494 2340 ἐμπορικὴν
515 2304 589 2340 ζωὴν
608 2304 797 2340 διαμείϐοντες
820 2303 866 2331 διὰ
877 2305 926 2340 τὴν

165 2363 187 2379 ¹¹
202 2362 286 2425 algam
307 2362 423 2395 xiv,18.
471 2362 493 2378 ¹¹
510 2361 606 2389 Matth.
625 2369 724 2396 xxvm,
740 2362 786 2390 20.
847 2363 869 2379 "
888 2362 959 2392 Phil.

165 2406 183 2425 ι.
240 2417 248 2425 .

127 2406 183 2431 zu,
202 2406 248 2425 ao.

981 2311 1064 2342 atque
1081 2306 1146 2334 illuc
1160 2305 1331 2334 deﬂectentes
1344 2306 1406 2341 iter,
1422 2306 1551 2334 lerimini.
1587 2306 1774 2342 Abjungimini

977 2372 1008 2397 ιι,
1026 2363 1070 2391 15.
1117 2359 1255 2390 “Thren.
1279 2370 1317 2396 iv,
1332 2363 1358 2390 8.
1412 2363 1433 2380 “
1458 2363 1512 2392 lsa.
1530 2372 1549 2397 ι,
1572 2364 1601 2392 4.
1653 2364 1676 2380 ¹⁶
1691 2363 1774 2392 Hebr.

897 2445 1016 2474 ΝΟΤᾹΞ.

131 2490 283 2521 districtio,
309 2489 336 2516 in
364 2489 397 2516 iis
419 2489 549 2521 maxime,
575 2497 636 2524 quae
665 2494 729 2517 sunt
753 2490 878 2523 canonis,
902 2496 929 2518 et

133 2529 230 2554 sancte
253 2524 389 2557 obtinent,
406 2525 579 2552 continenda:
601 2524 724 2558 religioni
749 2533 868 2560 prorsus
880 2533 928 2553 ne-

133 2560 267 2596 cessaria.
297 2560 375 2594 Apud
387 2560 527 2596 __Paulnm
564 2559 754 2596 ἀπαρᾴσατος
772 2559 908 2596 ἱερωσύνη
920 2581 928 2592 ,

134 2595 221 2623 Hebr.
236 2603 285 2626 vn,
300 2594 484 2622 sacerdotium
500 2599 551 2626 est,
577 2595 648 2629 quod
672 2602 725 2621 non
751 2594 871 2622 transeat
896 2594 930 2623 ad

136 2631 232 2660 alium.
249 2637 337 2664 eoque
350 2635 523 2664 perpetuum,
537 2634 618 2663 atque
631 2633 659 2655 ut
670 2630 759 2656 reddit
773 2630 928 2664 interpres:

136 2666 334 2700 sempiternum.
360 2665 437 2698 Apud
456 2664 541 2699 Epict.
562 2664 740 2700 ὰπαράὸατος
752 2665 844 2698 νόμος·
863 2665 928 2698 Lex,

137 2709 218 2728 auum
236 2708 311 2727 nemo
325 2700 547 2734 lransgrediatttr.

173 2735 231 2770 (l2)
246 2735 268 2761 Α
288 2733 589 2770 tartareisrcruciatibus
605 2735 638 2760 sit
654 2733 769 2770 incidere
787 2735 812 2761 in
834 2735 929 2770 gehen—

137 2768 202 2799 nam
219 2771 299 2805 ignis.
312 2769 402 2797 Multis
417 2769 518 2797 Pineda
532 2770 564 2797 ad
581 2777 639 2800 XIX,
656 2777 718 2796 xxrv
733 2768 796 2801 Job,
816 2768 872 2804 quo
889 2771 930 2796 vi-

138 2807 219 2834 detur
231 2804 328 2833 auctor
342 2804 494 2839 respicere;
518 2805 551 2832 de
572 2805 616 2832 illa
626 2806 633 2816 '
647 2812 790 2838 pmnarum
811 2805 931 2832 alterna-

140 2843 225 2869 tione.
242 2840 357 2867 Videtur
369 2840 442 2874 quod
456 2840 500 2867 hic
517 2841 607 2867 innuit
621 2839 793 2872 Theodorus,
810 2847 871 2867 esse
887 2847 930 2868 res

141 2877 233 2904 minus
247 2880 337 2908 certa;
350 2876 442 2903 minus
464 2881 537 2903 certe
558 2875 670 2903 coniicit
690 2875 734 2902 ille
748 2875 835 2908 locus,
850 2883 929 2910 quem

139 2912 215 2939 varie
232 2917 382 2946 exponunt.
409 2910 504 2946 Magna
527 2915 616 2939 tamen
642 2910 845 2947 probabilitate,
857 2911 932 2939 velut

982 2498 1103 2526 consona
1123 2490 1190 2518 satis
1211 2490 1397 2526 Scriptum."
1411 2498 1462 2519 nec
1487 2490 1590 2518 habens
1603 2490 1706 2526 aliquid
1727 2491 1776 2519 ab-

983 2527 1070 2559 surdi,
1086 2524 1426 2561 Patribusque’aonnullis
1439 2533 1472 2553 ac
1485 2526 1619 2561 theologis
1635 2524 1696 2554 aliis
1712 2535 1776 2561 proa

983 2563 1057 2594 bata,
1075 2560 1181 2588 admitti
1198 2565 1287 2595 potest
1314 2567 1346 2588 ac
1362 2561 1474 2596 timeri:
1491 2560 1655 2595 Quanquam
1678 2560 1774 2596 parum

984 2596 1080 2628 refert,
1096 2596 1259 2622 timeaturne
1272 2596 1342 2630 ipsa,
1361 2596 1401 2623 vel
1416 2595 1492 2623 solus
1505 2597 1584 2631 ignis.

1020 2632 1075 2666 (l5)
1096 2630 1173 2658 Velut
1188 2631 1315 2666 suffurgti
1329 2630 1618 2659 οὺειίὶεηιὶηγηζοίονεὶ
1629 2632 1776 2666 ἀπονοσφί-

986 2665 1029 2693 σει
1041 2668 1089 2701 τῆς
1100 2665 1258 2701 ὑποταγῆς.
1272 2665 1414 2699 Tanquam
1425 2666 1528 2694 alludat
1543 2667 1576 2693 ad
1588 2667 1688 2694 factum
1702 2665 1777 2694 Ana-

983 2702 1035 2729 nite
1052 2700 1078 2728 et
1094 2700 1217 2735 Sapltirte
1232 2700 1291 2727 Act.
1311 2708 1338 2730 v.
1353 2708 1408 2734 quo
1423 2701 1561 2732 dicuntur,
1578 2702 1775 2736 νοσφίσασθαι·

982 2736 1147 2771 subtraxisse
1162 2743 1193 2761 ac
1207 2735 1383 2771 defraudasse
1399 2736 1431 2762 de
1449 2736 1535 2769 pretio
1548 2737 1606 2771 agri
1615 2735 1715 2769 ,"velut
1734 2737 1777 2764 di-

983 2776 1027 2798 cat
1054 2781 1060 2798 :
1085 2770 1285 2798 Substructione
1312 2770 1466 2799 obedientiaz
1489 2779 1498 2798 :
1524 2770 1575 2806 qua
1603 2772 1776 2806 sacrilegium

984 2807 1105 2834 immane
1129 2810 1243 2839 peccant
1267 2805 1357 2832 devoti
1383 2806 1438 2834 Deo
1474 2807 1619 2838 homines,
1643 2805 1777 2841 siquidem

984 2843 1060 2876 quasi
1076 2845 1216 2876 peccatum
1227 2840 1360 2867 ariolamli
1377 2848 1428 2875 est,
1450 2848 1604 2876 repugnare,
1617 2840 1699 2870 ett-[1
1714 2842 1777 2876 Reg.

985 2875 1029 2908 iv.
1045 2875 1142 2910 nempe
1157 2875 1183 2902 in
1201 2875 1312 2912 debitis.
1328 2877 1419 2910 qualia
1441 2875 1504 2904 iacit
1527 2877 1570 2904 vel
1588 2877 1678 2912 ipsum
1693 2875 1777 2912 spon-

985 2913 1106 2944 dentem,
1122 2910 1235 2944 sponsio
1251 2910 1387 2944 religiosa.
