1925 3088
183 165 253 198 1839

182 227 197 247 a
213 218 311 246 vestris
327 216 527 245 conventibus:
542 205 608 245 estis
626 218 785 250 mulierosi;
800 217 845 244 alii
864 215 974 251 quidem
991 218 1011 244 Α

182 266 297 294 solitarii
310 265 396 296 estis;
413 265 459 292 alii
470 269 559 292 autem
576 265 680 292 emistis
699 271 793 292 servos
807 272 814 296 ;
831 263 877 290 alii
897 262 971 290 deni-

181 319 246 347 que,
269 319 325 346 prte
346 310 431 338 animi
453 311 581 338 sordibus
597 318 629 339 ac
651 310 777 342 avaritia,
790 312 972 336 mercaturam

181 357 334 385 assumitis.
359 356 420 383 Non
443 364 492 384 vos
516 361 628 388 terrent,
645 356 687 383 vel
706 355 772 382 dirae
795 355 971 390 prophetica;

182 403 222 430 vel
247 403 403 437 apostolicae
425 403 521 435 minae;
543 402 583 429 vel
609 409 676 429 meae
689 402 775 436 ipsius
798 400 972 432 humilitatis,

182 449 220 476 uti
237 449 319 476 etiam
339 449 412 479 novi,
432 448 594 480 admonitio,
611 449 721 482 quando
735 447 819 475 etiam
837 446 972 481 ejusmodi

181 495 299 530 aliquis,
316 495 464 521 amicitiam
487 494 576 521 iniens
593 501 654 521 eum
678 494 779 529 puella,
794 497 907 527 excepto
928 500 973 520 ra-

181 546 240 574 ptu.
257 541 338 566 etiam
360 539 460 567 divina:
485 540 672 573 aspernationi
690 539 773 574 pedes
787 539 889 574 aptavit
904 537 972 573 (M).

181 586 250 618 Quid
261 585 302 612 ais
318 585 412 612 infelix
426 593 458 612 ac
469 585 569 612 miser?
583 585 696 618 Quoties
706 585 823 613 eantasti
838 594 844 612 :
858 584 916 617 Quo
931 584 973 610 ibo

180 639 195 656 α
213 630 309 664 spiritu
329 634 384 662 tuo,
406 633 494 664 etquo
517 638 533 656 ιι
558 629 625 664 facie
648 635 694 656 tua
713 630 814 664 fugiant
831 630 851 644 "
864 629 876 655 ’ἔ
891 629 973 656 Plane

182 674 318 709 impulsus
335 681 366 702 es
380 674 406 701 in
421 681 555 707 amorem,
573 675 731 709 serpentino
743 675 791 702 illo
802 674 904 706 alllatu,
918 681 973 708 quo

181 722 292 747 seducta
309 719 374 753 Eva,
394 728 445 747 una
467 727 529 747 cum
547 721 637 755 primo
654 724 767 755 parente
782 721 880 752 Adam,
896 720 973 754 pulsa

179 770 220 793 est
235 765 374 800 paradiso.
396 765 507 800 Cogitas
531 765 644 792 omnino
663 765 804 793 Christum
825 765 972 799 abnegare,

179 810 225 845 cui
249 818 350 837 vovens
373 811 559 845 virginitatem
575 810 762 845 desponsatus
776 818 817 842 es,
835 816 865 837 ut
881 810 973 837 adita:-

181 863 242 884 reas
259 861 443 891 peccato,qno
452 864 524 884 mors
538 857 564 884 in
582 857 715 884 mundum
731 857 856 891 ingressa
871 859 914 884 est
928 856 971 883 l""2
987 857 1008 886 Β

181 897 239 926 Non
257 899 336 926 audis
352 899 515 927 clamantem
537 900 706 935 Seripturam
730 901 758 928 in
771 908 830 933 eos,
845 901 893 936 qui
908 901 972 928 talia

180 950 262 981 agunt
281 955 287 972 :
313 945 412 972 Vermis
428 955 518 973 eorum
538 955 589 973 non
603 947 742 979 morietur,
756 951 782 974 et
801 947 869 982 ignis
882 955 973 974 eorum

180 999 232 1017 non
248 991 433 1026 cxslinguelur
449 992 494 1017 "‘7
510 990 570 1019 Non
588 993 668 1020 audis
682 992 817 1020 dicentem
834 991 950 1020 Paulum
965 1003 972 1021 ε

181 1036 371 1064 Fornicatores
385 1042 410 1064 et
429 1037 568 1065 adulteros
585 1037 720 1072 judicabit
735 1037 808 1065 Deus
824 1039 846 1054 '°
856 1038 867 1064 ?
879 1038 913 1065 Et
924 1038 974 1066 ite-

179 1091 238 1110 rum
257 1090 265 1109 ι
285 1083 314 1110 Si
331 1084 389 1118 quis
411 1083 538 1118 templum
559 1083 606 1110 Dei
626 1083 775 1115 violaverit,
793 1084 926 1118 disperdat
939 1083 974 1111 ii-

177 1129 234 1156 lum
260 1128 332 1156 Deus
358 1130 400 1156 “‘3
423 1129 494 1162 Quid
519 1137 548 1157 es
568 1129 742 1162 inventurus,
760 1137 823 1158 cum
842 1137 973 1158 consum-

179 1175 298 1203 maveris
312 1175 506 1209 iniquitatem?
531 1174 627 1202 Nonne
642 1176 770 1203 tenebras
798 1175 973 1210 gladiumque

177 1221 376 1248 dissecaturum
399 1228 445 1247 cor
469 1221 569 1248 tuum?
589 1220 687 1249 Nonne
705 1221 906 1256 desperationis
922 1230 973 1257 pu-

180 1266 277 1295 teum?
296 1267 392 1294 Nonne
406 1267 496 1302 ipsum
515 1267 646 1294 Satanam
663 1267 709 1302 qui
725 1267 854 1301 seduxit,
873 1275 973 1303 urgen-

150 1329 156 1335 κ
178 1319 231 1340 tem
256 1316 284 1340 ut
309 1313 403 1340 restim
426 1312 601 1347 amplexeris,
622 1313 650 1340 in
670 1320 753 1347 quam
772 1313 838 1340 olim
862 1313 974 1347 impulit

177 1357 297 1385 ludam?
313 1358 453 1393 Re'sipisce
467 1358 514 1392 qui
531 1359 653 1386 tenebris
667 1359 824 1386 obcazeatus
838 1366 886 1386 es:
900 1359 974 1394 Fuge

177 1405 274 1432 mortis
287 1405 424 1439 laqueum,
439 1404 486 1440 qui
506 1404 582 1432 fuisti
601 1405 812 1440 supplautatus:
827 1412 860 1432 ne
873 1405 972 1432 inferni

177 1455 294 1489 capiaris
317 1459 431 1490 petauro
447 1455 515 1490 (15),
530 1455 558 1482 in
576 1463 642 1490 quo,
663 1456 745 1483 etiam
764 1456 894 1491 praesenti
912 1464 972 1484 :evo

177 1500 256 1528 Caini
271 1501 375 1529 vixeris
389 1502 490 1534 vitam;
508 1501 649 1537 fuerisque
666 1508 787 1530 tremens
802 1509 835 1530 ac
849 1510 970 1537 gemens,

177 1553 330 1580 omnesque
340 1550 420 1573 notos
434 1545 557 1581 fugiens:
569 1547 596 1573 in
605 1536 705 1573 futuro
718 1550 823 1579 autem,
834 1536 972 1573 damneris
985 1536 1008 1567 Ο

178 1592 205 1619 in
230 1592 353 1627 gehenna
373 1592 454 1628 ignis.
473 1592 543 1625 Quid
557 1600 640 1625 vero,
654 1592 738 1620 miser
760 1599 825 1628 ego,
839 1592 900 1620 loco
917 1599 972 1620 uno

177 1637 304 1666 deﬁnitus
322 1638 349 1665 in
362 1645 459 1669 omnes
473 1639 603 1674 pra‘fatos
616 1639 719 1674 agam?
741 1638 825 1672 Quid,
848 1638 972 1673 inquam,

177 1683 270 1716 aliud,
293 1692 376 1720 quam
403 1689 433 1712 ut
453 1685 554 1720 gemitu
579 1684 702 1720 lugeam,
724 1688 927 1718 eonteslerque,
942 1691 974 1711 ac

180 1735 324 1758 venturum
343 1730 464 1765 gladium
484 1731 666 1758 annuntiem?
684 1730 716 1757 Et
726 1730 749 1759 si
763 1730 899 1758 audierint
913 1730 975 1765 qui-

176 1776 250 1809 dem,
268 1776 424 1812 fuerintque
437 1776 564 1804 coriversi
583 1784 600 1803 a
619 1776 664 1804 via
679 1776 783 1804 erroris
802 1775 856 1809 sui,
868 1780 895 1803 et
913 1783 975 1810 quae

176 1822 210 1849 ad
227 1822 409 1857 perditionem
426 1822 521 1853 ducit,
538 1822 591 1850 sibi
616 1822 684 1856 ipsis
708 1829 830 1856 meaeque
862 1821 974 1848 humili-

177 1867 238 1900 tati,
252 1868 334 1895 saluti
349 1867 452 1895 fuerint
467 1877 474 1895 :
495 1868 537 1895 sin
556 1872 648 1895 autem
662 1887 669 1900 ,
683 1868 732 1895 soli
747 1867 875 1895 haurient
889 1867 971 1901 mala,

177 1913 227 1940 soli
238 1913 314 1940 ibunt
325 1913 351 1940 in
362 1913 466 1947 ignem,
476 1919 557 1947 quem
569 1912 774 1940 succenderunt
785 1912 856 1945 ;soli
868 1920 971 1947 pernam

177 1959 247 1984 luent
259 1978 266 1990 ,
293 1962 422 1985 wtenmm
444 1958 579 1985 interitum
596 1965 612 1984 a
627 1957 698 1992 [acie
725 1957 792 1991 Dei,
813 1962 837 1985 et
855 1965 870 1983 a
886 1957 972 1992 gloria

175 2001 282 2029 virtutis
299 2001 368 2036 ejus,
384 2009 444 2028 cum
457 2002 556 2029 uenerit
574 2001 723 2036 glori/icui
742 2002 770 2028 in
787 2002 887 2029 sanctis
903 2002 969 2034 suis,

172 2056 200 2078 et
215 2051 385 2078 admirabilis
406 2052 466 2086 ﬁeri
485 2052 514 2078 in
533 2051 652 2078 omnibus
665 2052 696 2084 “,
715 2051 762 2087 qui
777 2058 810 2079 ex
826 2051 971 2078 mandato-

175 2108 236 2128 rum
253 2101 339 2137 ipsius
355 2102 515 2136 przescripto
532 2101 647 2128 lidcliler
668 2100 871 2128 ambulaverint
888 2107 897 2126 :
916 2099 970 2127 illis

183 2147 294 2182 quidem
320 2147 475 2175 retribuens
497 2147 631 2182 condigna
655 2146 779 2182 praemia;
804 2145 970 2174 adversariis

179 2199 284 2226 autem,
298 2199 393 2229 parata
405 2199 512 2222 aeterna
527 2193 671 2228 supplicia.
688 2193 743 2220 Vos
757 2196 860 2223 autem,
873 2191 970 2218 fratres
987 2204 1010 2234 υ

174 2241 247 2274 mei,
272 2242 340 2270 bene
364 2248 458 2277 quaeso
484 2241 710 2274 ambulaveritis,
729 2239 932 2274 uidi/famulus
951 2239 968 2265 ὰ

209 2332 230 2350 ³⁷
243 2332 316 2361 Psal.
328 2333 496 2365 CXXXVIII,7-
518 2333 540 2353 εδ
556 2332 576 2360 ιι
589 2332 653 2360 Cor.
672 2339 702 2365 ll,
716 2331 743 2359 Ξ.
784 2332 804 2347 ”
821 2331 871 2359 lsa.
885 2340 957 2359 Lm.
970 2333 997 2360 4.

647 161 848 192 ΛΡΡΕΝΒΙΧ.
864 172 898 177 -
918 159 1128 190 NAULIHATII
1146 160 1351 192 ENCYCLICA

1029 215 1198 252 φιλάργυρον
1213 218 1337 254 γνώμην.
1352 218 1389 245 Οὐ
1403 219 1480 254 φοϐεῖ
1496 220 1578 255 ὑμας,
1596 218 1660 247 οὔτε
1675 219 1731 255 ἀρὰ
1749 230 1818 257 προ-

1025 262 1127 297 φητική
1145 271 1152 279 ·
1165 263 1227 289 οὗτε
1255 265 1421 300 ἁποστολικὴ
1438 265 1537 301 ἀπειλή
1552 273 1559 281 ’
1579 264 1643 292 οὕτε
1673 267 1724 302 ’τῆς
1750 267 1822 302 ἐμῆς

1024 307 1216 340 ταπεινώσεως
1231 311 1248 345 ἡ
1263 310 1424 346 παραίνεσις
1436 318 1443 326 ·
1458 310 1497 343 ὡς
1525 311 1685 346 μεμάθηκα,
1709 312 1750 338 ὃτι
1773 312 1822 338 καί

1024 362 1065 385 τις
1080 354 1135 381 τῶν
1153 354 1292 387 τοιούτων,
1311 356 1358 383 καὶ
1375 356 1443 393 κόρῃ
1458 357 1652 391 συμφιλιάσας,
1670 356 1738 392 πρὸς
1749 358 1820 392 αὐτῇ

1024 401 1057 434 τῇ
1073 401 1196 437 ἁρπαγῇ,
1210 401 1259 428 καὶ
1269 403 1302 437 τῇ
1317 402 1444 437 ἀϐετήσει
1470 404 1516 429 τοῦ
1535 403 1614 436 Θεοῦ,
1640 404 1704 436 τοὺς
1737 404 1822 435 πόδας

1025 446 1221 482 εὐτρέπισε.Τι
1235 448 1334 481 λέγεις,
1348 445 1370 475 ὦ
1384 449 1459 476 ἄθλιε
1471 450 1518 476 καὶ¹
1532 450 1709 485 ταλαίπωρε;
1733 451 1822 477 ποσά-

1025 502 1068 524 κις
1085 493 1200 528 suam;
1213 502 1220 509 '
1236 494 1298 521 Ποῦ
1324 494 1460 528 πορευθῶ
1477 495 1537 522 ἀπὸ
1566 496 1618 523 τοῦ
1650 497 1823 531 πνεύματός

1025 546 1103 570 σου;
1119 540 1168 566 καὶ
1196 540 1256 567 ἀπὸ
1275 540 1328 567 τοῦ
1358 540 1521 575 προσώπου
1545 549 1604 568 σου
1629 542 1689 569 ποῦ
1714 543 1822 578 satira);

1027 585 1163 617 ψιλιάξειν
1176 585 1243 616 ὅλως
1255 585 1343 622 ἣχϐης
1359 587 1429 613 κατὰ
1444 586 1492 613 τοῦ
1512 587 1600 620 ὄφεως
1614 588 1659 614 τοῦ
1679 588 1823 624 ἠπατηκὸ-

1025 639 1070 662 eo;
1094 632 1143 666 τὴν
1158 631 1241 662 Εὕαν,
1257 633 1305 658 καὶ
1323 632 1534 664 συνεκϐαλόντος
1549 633 1581 659 ἐκ
1591 633 1638 660 τοῦ
1654 635 1821 668 παραδείσου

1033 676 1117 711 Ἀδὰμ
1130 677 1176 703 τὸν
1195 677 1357 712 προπάτορα
1376 678 1465 712 ἡμῶν.
1489 678 1609 714 Ἐνθυμῇ
1639 678 1709 712 ὅλως
1735 680 1823 715 ἀρνή-

1026 721 1126 749 σασθαι
1151 719 1174 756 ᾧ
1197 723 1338 758 ἡρμόσοης
1354 723 1477 758 Χριστῷ,
1506 723 1552 750 διὰ
1580 723 1627 751 τοῦ
1655 724 1822 760 παρθενικοῦ

1026 768 1247 804 ἐπαγγέλματος,
1264 769 1311 795 καὶ
1328 769 1499 804 συναφθῆναι
1514 771 1547 805 τῇ
1570 769 1703 805 ἁμαρτίᾳ,
1733 770 1767 797 δι’
1787 768 1822 805 ἧς

1027 814 1141 846 θάνατος
1157 815 1197 846 εἰς
1208 814 1255 841 τὸν
1269 814 1371 850 κόσμον
1388 815 1514 849 εἰσῆλθεν
1529 824 1536 848 ς
1557 815 1608 842 οὐκ
1637 816 1747 848 ἀκούεις
1770 816 1822 852 τῆς

1025 859 1136 896 Γραφῆς
1162 859 1268 895 βοώσης
1292 861 1357 896 περὶ
1383 861 1438 888 τῶν
1469 861 1545 888 οὕτω
1566 862 1761 897 πραττόντων·
1792 863 1822 887 '0

1025 905 1150 939 σκώληξ
1165 905 1265 933 αὐτῶν
1279 907 1315 933 οὐ
1333 907 1520 940 τελευτήσει,
1540 907 1588 934 καὶ
1604 907 1637 934 τὸ
1651 907 1711 942 πῦρ
1722 907 1824 935 αὐτῶν

1025 952 1061 979 οὺ
1076 951 1299 985 etiamquem”
1323 953 1380 980 Οὐκ
1396 954 1502 985 ἐπαϊεις
1512 954 1560 980 τοῦ
1587 954 1752 981 ’Δποστόλου
1776 954 1824 981 λέ-

1024 1005 1136 1031 γοντος·
1152 998 1289 1032 [Idm-ove
1299 999 1349 1026 καὶ
1364 999 1492 1033 μοιχοὺς
1507 1000 1606 1034 κρινεῖ
1634 1001 1651 1027 ό
1665 1000 1757 1033 Θεός;
1774 1001 1824 1027 καὶ

1024 1044 1102 1077 αὖθις
1115 1052 1122 1059 ’
1141 1044 1175 1071 El
1188 1053 1232 1078 τις
1249 1045 1304 1071 τὸν
1317 1046 1394 1072 ναὸν
1409 1046 1463 1073 τοῦ
1480 1047 1554 1074 Θεοῦ
1570 1048 1694 1081 φθείρει,
1721 1047 1826 1082 φθερεῖ

1024 1089 1132 1116 τοῦτον
1152 1091 1168 1116 ὀ
1182 1089 1254 1123 Θεός
1265 1098 1276 1122 ;
1296 1090 1328 1117 Τί
1342 1090 1469 1126 εὑρήσεις
1488 1092 1518 1118 ὲν
1532 1092 1571 1127 τῷ
1592 1093 1749 1119 συντελέσαι
1772 1093 1822 1128 τὴν

1025 1135 1140 1170 ἀνομίαν
1153 1145 1159 1168 ;
1178 1135 1240 1170 οὐχὶ
1256 1135 1351 1167 σκότος
1366 1138 1412 1163 καὶ
1428 1137 1568 1173 μάχαιραν
1595 1138 1749 1172 τέμνουσάν
1772 1148 1822 1166 σου

1024 1181 1074 1216 τὴν
1088 1181 1202 1216 καρδίαν
1216 1189 1223 1214 ;
1240 1181 1301 1217 οὐχὶ
1315 1182 1499 1217 ἀπογνώσεως
1515 1183 1611 1219 βόθρον
1625 1193 1632 1218 ;
1658 1185 1709 1212 οὐκ
1740 1186 1825 1213 αὐτὸν

1024 1226 1187 1261 ἡπατηκότα
1200 1235 1230 1252 σε
1243 1219 1379 1260 Σατανᾶν,
1391 1227 1440 1262 τὴν
1452 1228 1570 1264 ἀγχόνην
1580 1237 1610 1255 σε
1624 1231 1824 1265 κατεπείγοντα

1024 1271 1210 1304 ἀσπάσασθαι,
1222 1272 1348 1307 καθάπερ
1380 1273 1426 1300 τὸν
1445 1274 1545 1301 Ἰούδαν
1556 1275 1639 1310 ποτέ;
1660 1276 1822 1312 ’Δνάνηψον,

1024 1318 1038 1344 ό
1060 1317 1270 1353 ὲσκοτισμὲνος·
1288 1318 1357 1353 φύγε
1368 1319 1417 1355 τὴν
1435 1320 1538 1354 παγῖδα
1567 1320 1614 1347 τοῦ
1650 1321 1780 1354 θανάτου,
1808 1326 1824 1350 ό

1024 1363 1216 1399 ὲσκελισμένος
1229 1373 1235 1379 ·
1254 1365 1290 1400 μὴ
1309 1365 1380 1399 ἁλιξς
1409 1366 1449 1398 εἰς
1475 1366 1614 1402 πέταυρον
1643 1367 1719 1403 ᾅδου,
1732 1369 1778 1403 ὑφ’
1791 1366 1822 1396 οὗ

1024 1411 1165 1437 κάνταῦθα
1184 1410 1230 1436 τοῦ
1246 1411 1315 1438 Καῖν
1330 1411 1378 1445 τὴν
1405 1411 1479 1448 ζωὴν
1502 1411 1611 1447 ζήσεις·
1643 1414 1755 1449 τρέμων
1775 1416 1824 1441 καὶ

1025 1456 1127 1485 στένων
1148 1456 1208 1492 ἔσῃ,
1227 1457 1276 1483 καὶ
1299 1457 1466 1492 ἀποφεύγων
1487 1459 1632 1494 πρόσωπον
1658 1459 1800 1496 γνώριμον
1814 1469 1822 1476 ·

1025 1505 1053 1531 ἐν
1069 1513 1099 1531 τε
1110 1505 1149 1541 τῷ
1163 1505 1288 1540 μέλλοντι
1306 1506 1394 1538 αἰῶνι,
1413 1507 1662 1542 καταδικαζόμενος
1674 1509 1702 1535 ἐν
1710 1509 1744 1544 τῇ
1774 1517 1822 1543 γε-

1026 1552 1089 1588 έννῃ
1103 1551 1150 1577 τοῦ
1170 1551 1263 1587 πυρός.
1280 1551 1312 1578 Τί
1327 1552 1374 1578 οὖν
1400 1552 1464 1579 ἄλλο
1478 1554 1584 1588 ποιήσω
1601 1554 1614 1580 ό
1627 1553 1712 1586 τάλας
1724 1574 1731 1586 ,
1746 1563 1824 1590 περι-

1026 1597 1177 1633 ωρισμένος
1188 1598 1217 1623 ὲν
1232 1598 1272 1624 ἑνὶ
1289 1598 1452 1633 τόπῳ,πρὸς
1468 1598 1592 1630 ἅπαντας
1604 1599 1667 1631 τοὺς
1685 1608 1824 1636 προειρη-

1028 1643 1126 1678 μένους
1142 1652 1148 1676 ;
1166 1644 1197 1669 Τί
1213 1643 1344 1678 ἓτερον,ῆ
1361 1644 1390 1670 τὸ
1399 1645 1502 1670 στένειν
1521 1644 1569 1670 καὶ
1582 1644 1823 1682 διαμαρτύρασθαι

1026 1689 1073 1714 καὶ
1086 1689 1135 1723 τὴν
1150 1688 1302 1724 ἐρχομένην
1320 1689 1460 1724 ῥομφαίαν
1470 1690 1647 1724 ἀναγγέλλειν
1661 1699 1667 1724 ;
1683 1691 1824 1726 καὶείμὲν

1025 1735 1179 1766 ἀκούσοιεν,
1195 1735 1243 1761 καὶ
1258 1735 1455 1770 ὲπιστρέψαιεν
1471 1736 1526 1762 ἀπὸ
1541 1736 1593 1770 τῆς
1608 1737 1824 1772 πεπλανημένης

1025 1779 1116 1806 αὐτῶν
1128 1779 1200 1812 ὁδοῦ,
1216 1779 1353 1814 φερούσης
1369 1780 1409 1811 εἰς
1423 1779 1534 1815 ὀλεθρον
1550 1788 1557 1796 ·
1575 1781 1681 1812 ἑαυτοῖς
1713 1782 1823 1808 ἔσονται

1026 1825 1171 1860 σωτήριον,
1188 1825 1236 1852 καὶ
1251 1826 1284 1860 τῇ
1301 1826 1354 1861 ἐμῇ
1369 1825 1552 1853 ταπεινώσει·
1570 1827 1593 1853 εὶ
1609 1827 1638 1853 δὲ
1667 1827 1716 1862 μὴ,
1745 1827 1823 1863 μόνοι

1024 1870 1188 1906 ἀντλήσουσι
1211 1872 1245 1898 τὰ
1259 1872 1345 1904 κακὰ,
1364 1871 1439 1907 μόνοι
1453 1872 1633 1908 πορεύσονται
1659 1875 1692 1909 τῇ
1714 1872 1823 1911 φλογὶῇ

1025 1916 1184 1950 ἐξέκαυσαν,
1205 1918 1298 1944 Μόνοι
1314 1918 1457 1944 τίσουσιν
1473 1917 1598 1952 ὄλεθρον
1614 1918 1734 1946 αιώνιον
1763 1920 1823 1947 ἀπὸ

1023 1963 1187 1997 προσώπου
1207 1963 1261 1990 τοῦ
1292 1963 1377 1996 Θεοῦ,
1402 1963 1451 1990 καὶ
1482 1963 1541 1990 ἀπὸ
1562 1964 1619 1998 τῆς
1647 1965 1742 1998 δόξης
1766 1965 1824 1999 τῆς

1024 2009 1131 2043 Ισχύος
1143 2008 1247 2041 αὐτοῦ,
1265 2008 1340 2036 ὅταν
1355 2009 1429 2043 ἕλοῃ
1452 2009 1675 2044 ἐνδοξασθῆναι
1705 2012 1740 2038 ἐν
1755 2012 1823 2044 τοῖς

1022 2054 1117 2088 ἁγίοις
1132 2054 1292 2086 αὐτοῦ,κ(ιὶ
1304 2054 1514 2089 θαυμασθῆναι
1529 2055 1564 2081 ἐν
1578 2055 1653 2082 πᾶσι
1666 2058 1723 2088 τοῖς
1750 2059 1823 2084 κατὰ

1022 2099 1072 2131 τὰς
1091 2100 1200 2132 ἐντολὰς
1218 2101 1301 2127 αὐτοῦ
1323 2102 1427 2133 πιστῶς
1454 2102 1627 2137 πορευθεῖσιν
1644 2112 1649 2117 ·
1668 2103 1760 2134 αὐτοῖς
1773 2104 1824 2139 μὲν

1024 2146 1169 2177 ἀποδιδοὺς
1184 2146 1221 2173 τὰ
1238 2145 1302 2178 ἄξια
1317 2147 1385 2182 γέρα
1396 2154 1404 2162 ’
1419 2149 1475 2178 τοῖς
1484 2148 1512 2174 δὲ
1528 2148 1670 2179 ἐναντίοις,
1687 2148 1735 2179 τὰς
1748 2150 1824 2183 ἡτοι-

1026 2193 1169 2227 μασμὲνας
1184 2193 1277 2224 αὐτοῖς
1292 2193 1489 2228 ἀτελευτήτους
1506 2193 1642 2225 κολάσεις.
1670 2194 1769 2229 Ὑμεῖς
1779 2195 1823 2228 δὲ,

1024 2235 1134 2270 ἀδελφοί
1147 2244 1209 2271 μου,
1226 2236 1257 2263 εὖ
1277 2237 1450 2272 πορεύοισθε,
1467 2238 1629 2273 παρακαλῶ,
1657 2239 1694 2272 ὠς
1714 2240 1746 2267 ἂν
1771 2241 1824 2275 ἀέρ’

1035 2332 1058 2348 ὀ
1069 2331 1151 2358 llebr.
1165 2338 1227 2362 xm,
1241 2331 1270 2359 4.

1308 2332 1328 2347 ¹¹
1343 2330 1423 2359 lCor.
1437 2340 1476 2363 Ill,
1490 2332 1533 2359 l7.
1571 2333 1593 2349 "
1609 2332 1628 2360 ll
1644 2333 1755 2366 TiICSJ,
1777 2334 1821 2362 10.

933 2401 1052 2430 NOTAE.

208 2459 274 2494 (li).
300 2458 416 2494 Excepto
443 2465 521 2495 raptu
537 2480 544 2490 .
568 2461 649 2487 etiam
677 2460 773 2487 divina:
796 2460 971 2494 aﬁirmnlioni

174 2494 252 2531 paries
270 2495 383 2531 aptavit.
397 2495 466 2530 πρὸς
479 2496 547 2531 αὐτῇ
556 2497 589 2531 τῇ
603 2496 726 2531 ἁρπαγῇ,
740 2495 787 2522 καὶ
797 2496 831 2530 τῇ
840 2495 969 2530 ἀθετήσει

172 2530 218 2566 τοῦ
228 2530 304 2566 -Θεοὺ
317 2530 381 2566 τοὺς
401 2531 486 2562 πόδας
498 2531 653 2566 εὑτρὲπισε.
663 2530 779 2558 Videtur
789 2530 904 2556 innuere
922 2537 970 2557 ne-

171 2564 268 2591 fandas
292 2565 413 2598 nuptias,
436 2574 505 2600 quas
533 2564 608 2592 velut
632 2566 659 2592 in
681 2566 729 2593 Dei
761 2569 968 2600 contemptum,

171 2604 266 2633 aposta
279 2607 359 2634 quem
376 2599 463 2634 notat,
486 2601 676 2629 contraxerit:
697 2600 792 2636 quales
815 2599 879 2627 fere
899 2608 968 2636 con-

171 2639 315 2661 traxerunt
337 2641 469 2669 apustata:
499 2637 600 2668 nostri,
627 2635 782 2663 novo'orto
808 2635 969 2669 Evangelia,

171 2668 291 2706 Luthero
306 2668 472 2704 praidicante
497 2680 503 2697 :
523 2671 595 2706 quod
622 2674 788 2703 monstrum,
811 2668 969 2706 quanquam

171 2703 216 2739 alii
232 2703 393 2732 assuescere
406 2710 501 2734 coacta
517 2703 606 2733 Callia
621 2710 728 2738 nostra,
752 2703 828 2732 haud
853 2703 903 2732 ita’
914 2707 968 2739 pri~

170 2738 245 2771 dem,
261 2741 393 2768 severiori
410 2742 556 2769 sanctione
570 2742 596 2768 in
618 2749 679 2768 eam
695 2748 751 2768 rem
770 2741 855 2772 edita,
870 2738 969 2774 [depel-

171 2774 227 2812 l_ere
241 2780 338 2812 conata
360 2781 412 2812 est.
425 2775 517 2804 Potest
531 2777 589 2812 ipse
604 2775 880 2812 TilBOdOfllSﬁOlEuii
897 2774 967 2812 apud

171 2808 330 2841 Baroniuln,
349 2811 393 2837 ubi
407 2808 583 2839 nonnulla-de
599 2811 674 2838 falsis
695 2811 748 2838 illis
766 2808 968 2837 fratribus.Est

171 2843 244 2877 apud
260 2845 456 2880 Theophanem
469 2847 503 2874 de
521 2847 676 2880 monachis,
692 2854 761 2881 quos
778 2845 900 2872 nonnulli
916 2845 969 2872 im-

172 2883 313 2915 peratores
328 2881 503 2909 iconoclastm
517 2883 652 2916 cogebant
673 2880 814 2909 curonari.
837 2889 855 2908 I.
880 2880 968 2908 sacri~

1025 2459 1168 2520 ιριςιι-ἰηίἓο
1183 2458 1321 2494 coniugia,
1339 2463 1370 2486 ut
1384 2459 1466 2487 docto
1482 2462 1629 2497 συμμυοτῇ
1653 2461 1715 2496 ejus
1736 2462 1822 2490 inter-

1026 2501 1094 2520 Dlelt
1118 2503 1141 2520 \t
1163 2499 1235 2520 etur.

1046 2501 1094 2522 teli
1118 2499 1235 2520 \tdetut‘.

1026 2502 1094 2529 picti
1118 2502 1235 2520 \iuetur.

1035 2564 1040 2566 _
1061 2529 1129 2566 (lii).
1145 2528 1186 2556 Ne
1199 2528 1297 2566 inferni
1312 2528 1428 2566 capieris
1441 2534 1562 2566 petauro.
1581 2530 1661 2557 Plura
1681 2530 1818 2566 Stephan.

1025 2564 1059 2591 de
1075 2564 1120 2591 illa
1137 2571 1204 2591 voce
1221 2564 1247 2590 in
1268 2565 1428 2599 appendice.
1448 2564 1497 2592 llic
1514 2565 1621 2593 videtur
1633 2564 1823 2595 auctor-acci-

1025 2607 1089 2634 pere
1111 2606 1161 2634 pro
1183 2599 1229 2625 tali
1252 2606 1349 2632 genere
1370 2599 1469 2634 laquei,
1494 2608 1550 2633 quo
1570 2608 1618 2627 ceu
1641 2609 1751 2628 carcere
1772 2610 1821 2630 ca-

1026 2641 1100 2668 ptum
1123 2634 1374 2671 animalrteneatur
1399 2643 1405 2661 :
1422 2635 1472 2671 sic
1493 2635 1565 2671 enim
1585 2637 1702 2670 quadrat
1717 2638 1824 2671 optime

1025 2668 1330 2707 exciiipluni_C_aini,ali
1353 2670 1482 2707 omnibus
1498 2668 1622 2707 timentis
1639 2675 1666 2698 et
1684 2668 1757 2707 vagi.
1777 2672 1821 2699 Vel

1024 2701 1162 2741 etiani'tb,
1177 2701 1276 2741 ύφίοῦ.
1302 2704 1405 2735 Fuerit.
1431 2706 1505 2741 velut
1527 2713 1583 2741 quo
1607 2701 1765 2740 detineni'e,
1787 2715 1822 2735 eo

1025 2739 1107 2776 modo
1123 2747 1178 2772 quo
1190 2739 1260 2771 avis,
1277 2741 1345 2773 pede
1356 2744 1404 2776 aut
1416 2740 1458 2776 ala
1474 2739 1614 2768 detinetur
1634 2741 1751 2776 laqueo,
1778 2743 1821 2770 fu-

1025 2775 1147 2809 gitatque
1165 2781 1196 2800 ac
1218 2779 1297 2811 pavet
1317 2775 1418 2801 omnia.
1439 2774 1728 2811 Eamamplitudinem
1752 2778 1820 2805 satis

1023 2810 1106 2836 refert
1126 2814 1262 2840 nostrum,
1280 2810 1307 2836 in
1329 2818 1392 2840 quo,
1417 2814 1470 2837 etc.
1494 2810 1585 2838 Utitur
1601 2819 1632 2838 ea
1648 2820 1715 2839 voce
1731 2813 1818 2839 Andr.

1023 2818 1106 2836 reteri
1126 2818 1262 2840 nosu-um,
1280 2818 1307 2836 ιιι
1349 2818 1392 2840 uo,
1417 2818 1470 2837 etc.
1495 2818 1585 2838 Utitur
1601 2819 1632 2838 ea
1648 2820 1715 2839 voce
1731 2818 1818 2839 Andr.

1023 2845 1096 2871 (Iret.
1114 2844 1300 2883 Eric0iiiio_st;
1318 2818 1521 2883 rgivdtﬁozouhy
1537 2846 1584 2872 τοῦ
1600 2847 1677 2880 ἁγίου
1699 2847 1819 2883 Προδρό-

1023 2888 1086 2912 μου,
1102 2879 1218 2907 necdum
1232 2879 1325 2907 Graece
1334 2880 1416 2907 edito.
1426 2881 1494 2915 γυνὴ
1504 2879 1659 2916 ἄφρων·οὖκ
1669 2879 1819 2909 iniisdem
