1925 3088
192 126 261 160 1843

651 124 853 155 ΑΡΡΕΝΒῙΧ.
878 135 907 141 -
924 120 1134 152 NAUCRATiI
1152 120 1356 152 ENCYCLICA

1744 113 1816 145 ’1844

192 185 264 212 velut
292 182 340 218 qui
355 182 402 210 Dei
431 185 458 210 et
471 185 629 209 sanctorum
654 185 728 208 esset
742 189 848 213 amans,
879 180 977 207 iterum

1040 177 1096 209 >ὦν,
1115 177 1144 204 ἐν
1195 177 1345 212 ἐφέστηκεν
1364 177 1381 211 ἠ
1407 175 1504 211 μνήμη
1523 173 1571 200 τοῦ
1586 171 1818 218 μεγάλουγὸμολο-

193 227 309 262 tmplens
325 225 506 262 apostolicum
526 225 636 257 scitum,
656 232 713 251 rem
731 231 838 252 sacram
854 223 977 258 peragit,

192 272 221 298 in
248 270 336 298 sancti
353 268 505 303 defungens
528 267 688 295 memoriam
710 267 778 302 (l9).
798 267 858 294 Jam
885 271 978 294 autent

192 315 264 342 facto
287 321 413 348 vespere,
432 320 494 340 cum
514 319 564 347 pro
581 319 656 339 more
675 311 779 345 secum]
793 311 978 344 considentes,

193 359 287 387 multis
307 358 442 385 allocutus
457 360 543 387 esset,
562 355 701 389 multaque
718 355 843 386 dixisset,
859 354 921 381 inde
936 355 979 381 in-

193 409 305 437 gressus
320 401 347 427 in
359 399 493 432 cellulam,
504 403 693 433 consuetoque
708 398 877 432 psalmorum
895 405 979 432 penso

193 453 226 473 ac
241 445 367 480 precibus
389 442 536 475 absolutis,
561 450 591 470 se
608 443 633 468 in
650 442 780 470 lectulum
799 442 883 470 dedit.
899 441 979 468 Circa

193 494 284 517 autem
301 488 397 517 horam
412 489 551 521 quartam,
566 485 650 513 subiit
662 486 760 513 solitus
773 493 806 513 ex
816 485 980 521 aegritudine

192 533 280 565 dolor,
297 536 449 565 vocatoque
463 537 517 556 uno
536 529 652 557 fratrum
666 530 859 558 excubantium
876 531 909 557 ad
924 531 980 557 cel-

195 578 258 609 lam,
272 584 351 604 suum
367 576 390 602 ei
400 575 533 608 dolorem,
543 575 690 611 statimque
701 575 817 603 fratrum
833 583 981 603 accurren—

193 623 261 649 tium
279 629 396 653 coronaa,
416 620 571 650 denuntiat.
587 620 655 648 Cum
676 628 757 655 porro
778 621 850 649 haud
869 621 904 649 ita
923 629 981 649 mo-

194 667 259 697 leste
273 674 334 693 eam
346 666 416 692 diem
431 665 542 700 egisset,
561 665 692 700 postridie
713 666 816 694 accitos
828 674 922 694 omnes
934 667 981 702 qui

193 711 329 742 adessent,
351 710 486 744 supremis
506 711 690 742 sermonibus,
707 717 755 738 ceu
774 711 830 745 jam
853 712 983 746 migratu—

195 764 261 788 rus,
288 755 398 783 eosdem
426 755 525 783 all‘atus
540 761 590 783 cst.
615 755 721 789 Quibus
741 757 812 784 illis?
826 756 861 784 lis
877 758 981 792 utique,

194 809 264 838 quos
279 801 400 836 quotidie
415 808 470 828 non
478 801 608 830 .eessabat
625 802 712 837 loqui,
725 802 827 837 diuque
847 810 879 830 ac
898 809 982 831 noctu

195 847 223 878 in
239 847 397 874 memoriam
414 847 578 879 revocabat;
598 846 637 874 ita
660 854 723 874 cum
742 846 838 882 primis
858 848 953 875 dicens
971 857 979 875 :
995 851 1019 881 B

197 900 208 917 c
231 889 340 918 Fratres
367 895 512 926 patresque
527 899 533 917 :
551 890 683 918 Poculqu
703 891 756 918 hoc
769 899 914 919 commune
929 896 982 925 est,

195 938 268 972 quod
287 937 414 964 biberunt
436 944 533 964 omnes
549 943 639 971 patres
658 937 753 967 nostri.
770 937 860 971 ipsum
875 945 925 973 ego
941 938 984 965 bi-

196 982 304 1011 biturus
324 989 395 1013 smn,
416 981 539 1016 vadoque
558 981 592 1011 ad
613 986 705 1016 patres
719 988 806 1010 meos.
824 980 920 1010 Videte
945 986 985 1010 te-

196 1031 360 1057 stamentum
372 1026 444 1061 quod
453 1026 561 1054 condidi
572 1026 650 1054 vobis
665 1035 671 1059 ;
686 1026 778 1056 Fidem
795 1031 911 1057 vestram
926 1035 985 1054 ser-

198 1075 258 1100 vate
272 1070 481 1102 inconcussatn,
503 1074 530 1096 et
567 1069 652 1097 vitam
677 1070 894 1099 immaculatam.
911 1070 984 1098 Nihil

197 1115 270 1147 enim
292 1115 364 1141 ultra
387 1114 474 1141 habeo
494 1114 593 1147 dicere,
611 1114 683 1149 quod
699 1114 755 1149 jam
772 1115 838 1142 olim
853 1115 985 1150 quidquid

197 1166 286 1195 operte
301 1158 416 1193 pretiutu
429 1162 497 1191 erat,
519 1157 739 1187 annuntiaverint
766 1158 854 1191 vobis,
881 1167 986 1194 vosque

198 1202 290 1231 omnia
304 1201 508 1241 praedocuerim.
532 1210 541 1226 ι

235 1331 368 1358 Praeterea
383 1330 455 1358 istud
475 1330 584 1365 adjecit,
603 1338 667 1357 vere
686 1329 759 1358 ﬁlius
773 1330 850 1366 pacis
876 1335 902 1359 et
917 1331 988 1360 dile-

201 1376 298 1404 ctionis
313 1384 320 1403 :
332 1385 341 1401 ‹
359 1375 476 1402 Domino
489 1381 582 1402 nostro
596 1375 735 1410 episcopo,
748 1376 863 1403 salutem
877 1382 903 1404 et
911 1384 990 1404 oscu-

202 1424 257 1449 lum
276 1429 338 1450 cum
360 1422 511 1449 reverentia
528 1426 555 1448 et
574 1421 690 1453 honore,
705 1430 719 1448 a
737 1430 780 1449 me
798 1422 988 1458 impertimini.

203 1465 325 1500 Reliquis
344 1465 406 1492 item
422 1464 547 1491 Pati-ibus
559 1485 566 1496 ,
581 1465 774 1500 episcopisque
790 1471 816 1492 et
844 1466 991 1494 sacerdoti-

1029 221 1114 256 γητοῦ
1131 221 1237 248 Παύλου
1249 229 1256 236 '
1282 221 1319 252 ὡς
1337 219 1470 254 φιλόθεος,
1487 219 1532 245 καὶ
1551 218 1676 252 φιλάγιος
1694 217 1725 244 τδ
1747 217 1817 242 ἀπο-

1031 269 1151 295 στολικδν
1168 268 1290 304 πληρῶν,
1305 268 1353 295 καὶ
1367 265 1455 300 αὖθις,
1464 266 1568 293 ἐκτελεϊ
1583 264 1631 300 τὴν
1643 264 1719 291 θείαν
1734 271 1818 298 μυστ-

1030 314 1164 349 αγωγίαν,
1180 315 1214 349 τῇ
1243 313 1290 340 τοῦ
1319 314 1397 348 ἁγίου
1426 314 1519 349 μνήμῃ
1540 310 1746 345 ἀφοσιούμενος.
1762 308 1818 335 Kal

1030 361 1150 396 ἑσπέρας
1167 361 1217 395 ήδη
1239 359 1462 394 καταλασούσης,
1479 358 1594 384 πλεῖστα
1610 356 1657 382 καὶ
1673 354 1817 390 ὁμιλήσας,

1031 406 1078 433 καὶ
1101 405 1358 441 προσφθεγξάμενος
1380 406 1435 436 τοῖς
1466 402 1711 437 συγκαθεζομένοις
1731 400 1818 435 αὐτῷ.

1031 453 1102 480 κατὰ
1115 453 1146 479 τὸ
1163 452 1270 485 εἰωθὸς,
1285 451 1414 479 κάκεῖθεν
1429 451 1476 477 ἐπὶ
1488 450 1519 477 τδ
1539 449 1644 476 κελλιον
1657 447 1739 474 αὐτοῦ
1762 448 1819 473 εἱσ-

1031 499 1128 532 ελθὼν,
1149 500 1196 527 καὶ
1222 499 1273 535 τὴν
1289 499 1392 533 συνήθη
1414 496 1574 532 ψαλμῳδίαν
1596 495 1644 522 καὶ
1666 495 1714 525 τὰς
1736 494 1820 528 εὐχὰς

1031 545 1224 577 ἐκτετελεκὼς,
1239 544 1371 572 ἀνέπεσεν
1388 543 1435 570 ἐπὶ
1448 542 1496 569 τοῦ
1518 540 1656 568 κλινιδίου.
1680 540 1735 566 Καὶ
1754 539 1821 574 περὶ

1031 591 1106 626 ὥραν
1119 591 1261 627 τετάρτην,
1280 589 1444 624 ύπεισῆλθεν
1467 587 1541 623 αὑτῷ
1554 589 1569 614 ὁ
1584 586 1655 614 κατὰ
1674 585 1821 620 συνήθειαν

1032 638 1130 668 nover
1155 637 1203 663 καὶ
1223 636 1255 671 δὴ
1279 636 1407 670 φωνήσας
1424 634 1484 662 τινὰ
1502 633 1556 660 τῶν
1579 633 1633 669 πρὸ
1652 633 1702 665 τῆς
1720 631 1821 666 κέλλης

1033 682 1116 709 αὑτοῦ
1145 681 1329 708 καθευδόντων
1347 679 1480 714 ἀδελφῶν,
1501 677 1666 712 ἀπαγγέλλει
1690 677 1766 712 αὐτῷ
1790 677 1822 703 τὸ

1033 728 1154 763 ἄλγημα,
1167 727 1214 753 καὶ
1236 727 1269 761 τῇ
1289 727 1356 761 αὐτῇ
1381 725 1517 761 συνδρομῇ
1542 718 1595 750 τῶν
1613 723 1746 757 ἀδελφῶν.
1766 723 1823 750 Καὶ

1033 772 1218 809 διημερεύσας
1245 771 1450 807 μετριοπὸνως,
1475 772 1507 805 τῇ
1532 769 1594 805 ἑξῆς
1626 768 1822 804 προσκαλεῖται

1034 820 1097 852 τοὺς
1107 819 1244 855 παρόντας
1260 817 1447 857 ἆπανταςηκαὶ
1462 817 1526 848 τοὺς
1537 816 1690 851 ἐξιτηρίους
1703 816 1823 841 ποιεῖται

1033 866 1140 900 λόγους.
1157 864 1234 895 Τίνες
1247 864 1276 891 δὲ
1293 860 1384 895 obrvit;
1402 861 1449 894 οὒς
1465 861 1596 888 ἑκάστοτε
1611 861 1641 887 οὐ
1655 860 1759 887 διέλιπε
1775 859 1824 885 καὶ

1034 912 1135 945 λαλεῖν,
1163 911 1211 937 καὶ
1238 909 1459 944 ὑπομιμνήσκειν
1487 907 1594 942 νύκτωρ
1622 915 1652 933 τε
1685 905 1734 932 καὶ
1762 905 1824 940 μεθ’

1035 957 1158 993 ἡμέραν·
1181 956 1260 983 τοῦτο
1282 955 1312 982 δέ
1334 955 1394 981 κατ’
1421 954 1575 990 ἐξαίρετον
1603 962 1612 979 ι
1635 952 1757 987 Ἀδελφοὶ
1775 952 1825 979 καὶ

1035 1003 1172 1038 Πατέρεςο
1190 1002 1220 1028 τὺ
1245 1002 1373 1037 ποτήριον
1392 1000 1473 1026 τοῦτο
1496 1000 1586 1027 κοινόν
1601 1000 1687 1031 ἐστιν,
1710 998 1724 1024 ὃ
1747 998 1825 1024 ἔπιον

1036 1049 1136 1080 πάντες
1150 1049 1175 1075 οι
1193 1048 1310 1084 πατέρες
1327 1047 1414 1083 ἡμῶν.
1430 1046 1467 1072 Τὸ
1481 1045 1547 1072 αὐτὸ
1560 1045 1666 1083 πίνοιμι
1678 1043 1826 1079 κὰγὼ,καὶ

1037 1095 1190 1130 πορεύομαι
1214 1094 1284 1129 πρὸς
1309 1094 1372 1124 τοὺς
1398 1092 1521 1127 πατέρας
1547 1099 1609 1126 μου.
1631 1090 1751 1117 Βλέπετε
1775 1089 1826 1124 τὴν

1037 1140 1200 1176 παραθήκην
1222 1139 1256 1174 ἣν
1273 1138 1435 1174 παρεθέμην
1461 1138 1541 1172 ὑμῖν·
1562 1137 1611 1171 τὴν
1638 1135 1731 1163 πίστιν
1748 1135 1828 1170 ῠΜΝ

1037 1186 1173 1221 φυλάξατε
1190 1185 1350 1217 ἀσάλευτον,
1363 1184 1409 1211 καὶ
1422 1183 1467 1211 τὸν
1484 1183 1541 1218 βίον
1557 1182 1731 1218 ἀκηλίδωτον.
1742 1181 1828 1208 Πλέον

1037 1233 1092 1268 γάρ
1109 1242 1135 1259 τι
1149 1232 1238 1266 λέγειν
1253 1232 1302 1258 οὐκ
1317 1231 1382 1266 ἔχω,
1403 1230 1448 1257 διὰ
1472 1230 1502 1256 τὸ
1517 1230 1607 1256 πάντα
1622 1229 1657 1255 τὰ
1672 1227 1826 1262 ὀφείλοντα,

1038 1280 1085 1307 κει)⁸
1102 1278 1316 1314 προαναγγεῖλαι
1332 1277 1407 1311 ὑμῖν,
1428 1276 1475 1302 καὶ
1490 1274 1659 1310 προδιδάξαι.
1680 1283 1688 1299 ι

1075 1325 1208 1360 Προσθεὶς
1225 1324 1273 1353 καὶ
1287 1322 1377 1354 τοῦτο,
1394 1323 1407 1348 ὁ
1428 1322 1478 1356 τῆς
1497 1322 1608 1357 εἰρήνης
1621 1321 1705 1352 ὄντως
1717 1319 1766 1346 καὶ
1779 1327 1829 1354 της

1040 1372 1152 1406 ἀγάπης
1173 1371 1247 1402 υἱός·
1264 1380 1273 1396 ι
1292 1370 1337 1404 Τῷ
1360 1368 1479 1404 δεσπότῃ
1493 1367 1572 1403 ήμῶν
1586 1367 1626 1402 τῷ
1646 1366 1770 1401 ἀρχιερεῖ
1783 1365 1832 1392 τὸν

1041 1418 1073 1444 δι’
1088 1417 1179 1448 αἰδοῦς
1200 1416 1248 1443 καὶ
1265 1415 1347 1451 τιμῆς
1360 1414 1505 1449 ἀσπασμὸν
1520 1414 1549 1446 ἐξ
1564 1413 1631 1448 ἐμοῦ
1642 1413 1809 1448 ἀπονείματε
1822 1418 1830 1425 ·

1041 1465 1097 1494 τοῖς
1111 1463 1213 1494 λοιποῖς
1226 1461 1376 1496 Πατρέισιν,
1391 1461 1532 1496 ἱεράρχαις
1547 1468 1576 1485 τε
1591 1459 1637 1485 καὶ
1654 1458 1756 1494 ἱερεῦσι
1774 1459 1834 1489 τοῖς

204 1513 254 1538 bus
263 1509 362 1538 Christi
370 1518 377 1543 ;
385 1508 589 1537 confessoribns
598 1514 708 1544 propter
717 1509 861 1536 Dominum
871 1518 988 1545 persecu‘

1045 1508 1175 1544 Χριστοῦ,
1189 1507 1370 1542 ὁμολογηταῖς
1386 1506 1442 1536 τοῖς
1456 1504 1500 1531 διὰ
1514 1504 1616 1539 Κύριον
1628 1502 1834 1537 δεδιωγμένοις,

204 1557 306 1584 tionem
316 1555 515 1584 sustinentibus
527 1564 534 1583 :
547 1555 677 1582 fratribus
687 1556 832 1589 universis,
843 1557 993 1593 amicisque

203 1605 231 1628 et
240 1600 322 1633 notis,
338 1600 478 1635 aciis,qui
489 1600 632 1627 nobiscum
646 1600 852 1628 collaborarunt
868 1601 894 1627 in
906 1605 995 1628 certa-

205 1646 278 1674 mine
292 1645 364 1679 ﬂdei,
383 1650 441 1673 tum
462 1646 563 1681 parvis,
582 1651 638 1673 tum
660 1646 777 1680 magnis.
801 1654 812 1671 ι
834 1645 992 1679 Enimvero,

204 1692 314 1719 beatum
331 1692 408 1719 illum
424 1699 456 1719 ae
471 1692 624 1719 studiosum
641 1691 763 1718 anitnum
775 1692 781 1718 !
795 1696 824 1719 ut
841 1699 927 1726 neque
944 1693 995 1720 sub

204 1745 264 1766 eam
278 1738 385 1770 iterant,
400 1737 474 1765 aliud
490 1737 556 1772 quid
568 1742 615 1765 aut
626 1738 813 1770 meditaretur,
827 1742 873 1765 aut
883 1742 995 1766 conten-

205 1784 292 1815 deret,
308 1791 391 1819 quam
409 1788 440 1810 ut
459 1783 549 1811 solum
568 1784 688 1818 placeret
704 1783 770 1816 Deo,
785 1784 924 1819 Deumque
939 1785 996 1819 glo-

205 1828 334 1855 riﬁcaret.
348 1828 480 1863 Denique,
493 1833 668 1863 percontante
683 1836 742 1855 mea
757 1828 921 1861 humilitate,
931 1829 995 1863 quid

206 1875 239 1901 de
255 1874 308 1901 illis
322 1873 442 1908 juberet,
459 1874 500 1901 vel
519 1873 663 1905 fratribus,
680 1873 721 1900 vel
741 1874 819 1900 laicis
832 1874 879 1908 qui
908 1876 996 1908 pannis

207 1919 316 1946 obnoxii
343 1924 437 1947 essent
466 1927 498 1947 ac
519 1919 714 1954 paenitentibus
736 1918 794 1954 (20)
815 1928 822 1945 :
847 1918 996 1953 Respondit

206 1971 268 1991 vere
283 1964 451 1998 compatiens
476 1964 597 1991 medicus
619 1967 646 1991 et
663 1963 766 1991 Christi
782 1963 903 1991 imitator
918 1974 924 1991 :
942 1963 990 1991 lu-

205 2009 321 2044 (fulgebit
335 2008 464 2036 Dominus
479 2009 606 2036 universis
620 2010 659 2039 ¹⁷ς
673 2009 840 2044 subjungens
855 2009 889 2036 ad
912 2009 991 2037 ﬁdem

205 2054 380 2080 astruendam
397 2074 404 2086 ,
428 2061 491 2081 vere
507 2053 531 2080 is
553 2053 606 2080 [ide
631 2053 740 2088 dignus,
763 2053 846 2080 etiam
868 2053 991 2080 divinam

206 2106 254 2133 per
277 2098 388 2135 Moysen
412 2099 472 2134 ejus
498 2099 651 2133 famulum,
671 2099 890 2126 ordinationem:
907 2106 991 2134 seque

1045 1555 1129 1582 ἆπασι
1145 1555 1202 1584 τοῖς
1217 1552 1341 1585 ἀδελφοῖς
1354 1572 1361 1583 ,
1381 1551 1468 1584 φὶλοις
1488 1558 1518 1576 τε
1532 1551 1579 1576 καὶ
1601 1549 1766 1584 γνωρίμοις,
1785 1549 1836 1574 καὶ

1045 1601 1100 1630 τοῖς
1115 1600 1144 1626 ἐν
1160 1599 1198 1633 τῷ
1215 1599 1285 1634 ὑπὲρ
1298 1598 1348 1632 τῆς
1364 1597 1483 1628 πίστεως
1495 1596 1581 1631 ἀγῶνι
1599 1595 1837 1630 συγκεκοπιακὸσι

1045 1646 1122 1681 ἡμῖν,
1140 1645 1247 1680 μικροῖς
1261 1652 1291 1670 τε
1307 1643 1356 1672 καὶ
1374 1643 1512 1678 μεγάλοις.
1530 1642 1620 1669 »Ἀλλ’
1632 1641 1695 1676 εὖγε
1710 1641 1763 1675 τῆς
1781 1649 1837 1677 μα-

1045 1690 1144 1726 καρίας
1156 1690 1265 1722 ἐκείνης
1280 1689 1327 1716 καὶ
1348 1688 1494 1724 φιλαρέτου
1511 1687 1613 1724 ψυχῆς,
1629 1688 1689 1725 ἦτις
1703 1687 1764 1714 οὐδὲ
1788 1687 1836 1713 ἐπ’

1046 1737 1129 1771 αὐτῆς
1154 1737 1202 1771 τῆς
1223 1735 1298 1771 ὥρας
1313 1735 1407 1770 ἕτερόν
1421 1744 1448 1760 τι
1464 1735 1480 1769 ἢ
1495 1734 1622 1769 ἐμελέτα,
1637 1734 1653 1768 ἦ
1671 1734 1836 1769 ἠγωνίζετο,

1044 1782 1060 1817 ἢ
1080 1782 1158 1817 μόνον
1170 1781 1209 1816 τῷ
1231 1781 1290 1816 Θεῷ
1304 1781 1419 1817 ἀρέσαι,
1434 1781 1482 1808 καὶ
1505 1780 1570 1807 Θεὸν
1586 1780 1705 1812 δοξάσαι.
1724 1779 1837 1813 ’Λμὲλει

1044 1825 1193 1861 ἐρωτηθεὶς
1218 1826 1294 1860 παρὰ
1318 1826 1368 1861 τῆς
1390 1823 1582 1856 ταπεινώσεως
1605 1825 1682 1859 ἡμῶν
1699 1826 1764 1859 περὶ
1780 1824 1838 1850 τῶν

1044 1872 1074 1898 ἐν
1088 1870 1237 1907 ἐπιτιμίοις
1253 1871 1338 1897 ὄντων
1351 1871 1483 1905 ἀδελφῶν,
1501 1871 1517 1906 ἢ
1531 1870 1578 1896 καὶ
1596 1870 1686 1902 ξένων,
1700 1870 1725 1896 τί
1741 1871 1773 1896 ἂν
1786 1879 1837 1899 κε-

1045 1916 1277 1951 λεύοιοάπεκρίθη
1294 1916 1308 1942 ὁ
1324 1916 1409 1946 ὅντως
1425 1915 1635 1950 φιλοσυμπαοὴς
1655 1915 1702 1942 καὶ
1717 1916 1837 1951 Χριστο-

1048 1961 1165 1996 μὶμητος
1195 1960 1302 1996 ἰατρόςι
1329 1960 1360 1986 'O
1380 1960 1487 1993 Κύριος
1511 1959 1702 1994 συγχωρήσει
1725 1959 1835 1992 πᾶσιν,

1046 2005 1203 2040 ἐπενεγκὼν
1218 2006 1285 2040 πρὸς
1299 2005 1440 2038 πὶστωσιν,
1458 2007 1472 2031 ὁ
1484 2005 1521 2036 ὡς
1539 2005 1647 2041 ἀληθῶς
1665 2005 1834 2038 ἀξιόπιστος,

1045 2052 1093 2078 καὶ
1102 2052 1151 2087 τὴν
1166 2051 1212 2078 τοῦ
1226 2051 1294 2077 Θεοῦ
1307 2051 1351 2077 διὰ
1363 2051 1410 2077 τοῦ
1422 2051 1589 2086 θεράποντος
1600 2051 1681 2078 αὐτοῦ
1692 2044 1846 2084 Μωῦσέωξ

1043 2096 1189 2130 διαταγήν·
1214 2096 1262 2122 καὶ
1279 2096 1311 2122 ἐκ
1329 2096 1422 2131 τρίτου
1439 2097 1678 2131 κατασφραγίσας,
1695 2096 1836 2132 ἐπηύξατο

206 2144 295 2179 ipsum
321 2146 399 2173 tertio
419 2146 599 2180 consignatus,
622 2145 785 2180 adprecatus
799 2149 851 2178 est,
865 2145 960 2173 dicens
981 2153 988 2173 :

1044 2143 1144 2178 εἰπώνς
1165 2142 1197 2169 '0
1215 2142 1322 2176 Κύριος
1347 2141 1403 2177 τῆς
1426 2142 1550 2176 εἰρήνης
1573 2143 1660 2170 ἔσται
1680 2144 1757 2179 μετὰ
1779 2143 1835 2171 τοῦ

246 2211 269 2228 ³⁷
285 2210 337 2239 lsa.
358 2219 434 2246 xxvt,
452 2212 493 2240 l5.

957 2257 1074 2286 NOTzE.

242 2314 308 2375 SIQ).
344 2314 376 2341 In
398 2315 484 2342 sancti
510 2315 651 2349 defungens
677 2315 849 2345 memoriam,
874 2316 907 2350 τῇ
941 2315 989 2341 τοῦ

253 2358 283 2375 ου
303 2351 395 2375 ιινήιιτ)
419 2349 630 2375 ἀφοσιούμενος·
647 2349 719 2375 velut
739 2349 900 2375 calefaciens
923 2350 989 2375 satis

206 2349 283 2384 ἁγίου
303 2351 395 2385 μνήμῃ
419 2349 630 2385 ἀφοσιούμενος·
647 2349 719 2376 velut
739 2349 905 2377 calefaciens'
923 2350 991 2377 satis

208 2385 346 2419 memoriae
371 2385 469 2417 sancti,
494 2392 578 2419 seque
595 2385 725 2419 religione
744 2385 776 2411 ad
797 2385 880 2418 ipsam
900 2385 991 2412 absol-

205 2427 283 2446 Vens.
314 2418 395 2446 Plura
423 2419 489 2446 Bud.
519 2418 571 2446 col.
593 2418 657 2451 587,
669 2425 720 2446 etc.
741 2419 826 2446 Porro
841 2420 907 2446 dicit
920 2420 992 2446 cele-

208 2455 312 2494 brasse,
332 2454 535 2494 πληροῦνται-τὺ
552 2455 750 2494 ᾁποστιξλικόν..
771 2454 848 2494 )lelut
867 2453 992 2494 Apostoli

208 2489 310 2516 scitum
330 2497 336 2515 :
355 2489 408 2516 non
425 2489 593 2521 sancientis,
614 2490 660 2516 sed
681 2490 752 2523 quod
770 2489 881 2516 haberet
902 2489 993 2516 Domi-

207 2525 268 2560 nica
281 2525 396 2556 sanctio,
415 2524 625 2560 promulgantis.
644 2524 699 2557 Ego
713 2525 781 2550 enim
796 2524 885 2560 accepi
901 2532 917 2550 α
939 2523 994 2560 Da:

208 2559 298 2597 mino,
316 2560 400 2597 quod)
417 2558 473 2587 rete.
492 2559 506 2585 Ι
531 2559 591 2597 (ζον.
612 2567 640 2586 ll.
654 2559 796 2597 Gltrysost.
814 2558 866 2585 non
888 2566 950 2585 raro
969 2558 995 2597 id

208 2594 342 2629 privilegii
357 2594 446 2625 elfett,
463 2599 492 2622 ut
505 2596 591 2626 miles,
608 2602 700 2622 coram
712 2594 716 2597 ’
728 2595 892 2628 imperatore
909 2594 998 2621 nomi-

209 2633 298 2661 netur,
320 2630 511 2667 habeaturque
524 2630 575 2667 sub
599 2630 684 2667 ipsam
707 2637 761 2656 rem
789 2637 895 2667 sacram
933 2637 998 2667 san:

206 2667 313 2725 attribui
337 2663 473 2693 memoria
495 2673 502 2692 τ
521 2663 619 2700 quibus
633 2669 722 2692 tamen
745 2671 797 2691 non
816 2663 940 2696 facimus,
951 2663 1000 2691 sed

209 2706 255 2725 um
294 2707 337 2725 eo.

209 2706 255 2725 unt
271 2706 337 2728 Deo.

243 2733 311 2768 βο).
334 2734 386 2767 Qui
414 2739 499 2762 essent
519 2734 601 2769 ptent:
623 2734 729 2760 obnoxii
754 2742 784 2760 ac
800 2733 994 2768 pertinentibus,

211 2769 276 2805 περὶ
290 2769 344 2805 τῶν
357 2771 386 2805 ἐν
397 2770 557 2805 ἐπιτιμίοις.
572 2770 746 2805 Desciverant
765 2769 842 2796 multi
859 2777 873 2796 a
890 2769 951 2799 title,
965 2774 996 2795 ut

210 2803 277 2839 solet
293 2804 320 2830 in
338 2803 480 2839 ejusmodi
500 2804 715 2837 tentationibus;
730 2805 756 2831 in
775 2812 844 2838 quos
869 2811 994 2837 magnam

211 2838 481 2869 lcttilalem'exhibct
513 2839 684 2872 Theodorus,
709 2840 834 2867 animans
861 2840 892 2866 ad
920 2846 992 2874 spem

1044 2316 1139 2348 venim,
1157 2315 1239 2342 etiam
1258 2314 1349 2350 Moyse
1368 2316 1454 2345 ascito
1466 2317 1492 2343 ln
1513 2320 1610 2343 testem
1633 2317 1732 2344 divina:
1749 2319 1833 2346 mise~

1044 2351 1168 2388 ricordia:
1182 2359 1188 2377 :
1200 2351 1280 2388 Forte
1295 2357 1359 2388 vero
1373 2352 1484 2388 respicit
1497 2359 1522 2378 ν.
1533 2351 1566 2377 45
1577 2359 1600 2377 c.
1611 2360 1694 2379 xxxn.
1711 2353 1834 2388 l)euter.;

1045 2394 1097 2420 quo
1110 2386 1190 2413 etiam
1206 2394 1235 2413 se
1254 2385 1400 2411 Machabzci
1423 2394 1484 2413 cum
1510 2391 1598 2412 matre
1616 2387 1788 2419 solabamur,
1807 2385 1836 2416 et

1044 2422 1203 2448 animabant
1223 2421 1255 2448 ad
1276 2421 1456 2447 constantiam
1480 2420 1508 2447 Il
1529 2420 1654 2448 Maclmb.
1679 2424 1732 2449 \‘n.
1749 2424 1838 2451 Aliter

1045 2455 1182 2495 Meletius,‘
1195 2462 1223 2482 ut
1238 2459 1280 2483 est
1296 2455 1366 2488 apud
1380 2455 1478 2496 Epiplt.
1497 2457 1562 2484 lltk‘l'.
1581 2458 1626 2496 48,
1637 2457 1671 2496 al.
1685 2458 1730 2496 se,
1744 2467 1837 2496 quan-

1045 2499 1126 2525 quam
1148 2492 1237 2517 minus
1247 2496 1405 2527 consonent
1421 2492 1477 2527 alii,
1493 2498 1581 2527 cotet
1594 2493 1677 2518 nimia
1694 2494 1719 2518 in
1743 2494 1836 2527 lapsos

1047 2526 1202 2557 severitate,
1215 2526 1361 2552 schismate
1381 2525 1485 2553 divisus
1502 2534 1516 2552 a
1539 2526 1620 2554 Petro
1638 2525 1836 2560 Alexandrino,

1048 2569 1080 2598 ac
1094 2561 1202 2598 demum
1221 2561 1246 2587 in
1264 2560 1436 2598 suisafactus
1451 2561 1507 2589 Arii
1526 2561 1670 2590 fautorcut
1682 2567 1835 2598 martyrum

1051 2595 1172 2622 Ecclesia
1185 2594 1352 2630 prmuorerit
1362 2596 1387 2621 in
1397 2603 1474 2622 ςοιινι
1486 2598 1617 2624 nticulum
1629 2602 1654 2623 et
1667 2594 1835 2630 synaxi-pam

1051 2630 1240 2658 hmreticorum
1259 2640 1265 2658 :
1282 2630 1322 2657 sic
1336 2630 1435 2663 ubique
1449 2631 1610 2665 periculum,
1627 2631 1713 2659 scindi
1732 2633 1767 2659 ab
1783 2632 1836 2660 Ee-

1052 2666 1134 2694 clesia
1152 2665 1287 2693 catholica
1300 2684 1307 2696 ,
1327 2666 1416 2700 qualis
1435 2666 1513 2701 velut
1538 2667 1648 2701 proprio
1675 2667 1836 2695 charactere

1054 2701 1192 2732 distincta,
1217 2701 1344 2728 audiebat
1367 2701 1411 2736 illa
1434 2700 1506 2727 Petri
1530 2700 1640 2735 legitimi
1661 2702 1834 2736 patriarchas,

1050 2743 1206 2772 quanquam
1227 2736 1335 2772 minor;
1350 2735 1486 2770 plerisque
1497 2738 1588 2770 specie
1606 2737 1656 2763 zeli
1681 2737 1836 2765 delicienti-

1051 2770 1102 2833 lius
1115 2772 1147 2833 alii
1158 2770 1306 2804 Meletiutn,
1322 2776 1351 2798 ιιι
1365 2778 1501 2806 nusquam
1511 2775 1607 2800 desunt
1620 2772 1725 2800 colores
1734 2773 1835 2803 volenti

1051 2818 1056 2833 ι
1070 2814 1135 2833 ιερο(
1145 2814 1200 2833 ere.

1051 2808 1200 2836 discedere.
