1925 3088
156 108 225 141 1845

654 114 703 144 DE
718 115 835 148 OBlTU
855 118 885 148 S.
902 118 1099 151 THEODOHI
1120 121 1303 154 STUDI‘L‘E.

1727 131 1793 163 18i€

154 164 326 198 πνεύματος
346 164 446 199 ὑμῶν*
464 165 511 192 καὶ
524 166 718 204 ἀσπασάμενος
736 171 800 203 τοὺς
813 173 929 206 παρόντα

155 210 280 223 Ζ--ιωηρ
306 210 440 223 ἓ..ι..-...-,.
459 211 543 223 .ἲ’-.,Α
570 214 591 223 Ir
613 215 620 223 ε
661 215 667 223 ι
727 217 733 223 1
759 216 765 223 ε
801 217 813 223 α.
847 218 885 223 -.Α

987 203 988 207 η
1004 175 1135 204 Dominus
1152 179 1225 212 pacis
1240 180 1290 207 erit
1307 188 1365 207 cum
1381 183 1476 216 spiritu
1494 189 1577 212 vestro
1590 186 1623 213 ’⁸.
1637 186 1794 223 Omnesque

155 210 289 242 ἅπαντας,
304 210 440 245 διέμεινεν
457 211 554 245 οὕτως.
569 214 625 240 Καὶ
641 215 691 250 τὴν
705 216 788 252 αὐτὴν
799 217 946 247 διαδίδοται

151 256 168 289 ὴ
184 256 264 289 ἀκοὴ,
289 256 339 282 καὶ
362 257 545 292 παραγίνεται
566 259 632 286 λαοῦ
654 261 757 296 πλῆθος
782 263 832 290 οὐκ
846 264 946 299 ὀλίγον.

153 300 210 327 Καὶ
233 300 306 327 οὓτω
329 301 543 338 δισημερεύσας,
569 305 685 333 ἕκαστον
713 308 768 334 τῶν
781 309 947 344 ἐρχομένων,

152 346 201 373 καὶ
215 349 458 383 κατασφραγίζων,
477 351 524 377 καὶ
549 352 680 386 εὐλογῶν,
700 355 748 381 καὶ
771 357 946 390 κατασπαζό-

153 401 243 427 μενος,
260 394 307 420 καὶ
329 394 420 429 ἠρέμα
436 396 708 433 προσφθεγγόμενος,
730 401 777 427 καὶ
791 402 946 438 ἐπευχόμε-

150 447 195 470 νος
218 439 232 465 ὁ
257 441 470 476 τρισμακάριος,
491 443 612 471 ἀπέλυεν
638 445 667 471 ὲν
691 446 811 482 εἰρήνῃ,
837 448 946 486 ἑκάστῳ

152 486 262 519 μνήμης
278 484 352 518 ἄξιον
370 486 416 512 καὶ
431 488 569 522 σωτηρίας
596 489 702 524 ἑφόδιον
718 484 942 527 καταλιμπάνων.

187 530 241 556 Καὶ
252 531 285 565 τῇ
302 531 429 567 κυριακῇ
444 532 473 558 ἐν
490 530 506 570 ᾗ
523 534 539 569 ἡ
557 534 654 570 μνήμη
671 535 820 569 ἐξετελεῖτο
835 538 882 565 τοῦ
894 548 944 574 με-

149 574 233 608 γάλου
253 575 391 610 μάρτυρος
416 577 517 612 Μηνᾶ,
543 578 670 613 suam;
687 580 722 608 τὰ
745 582 868 619 συνήθη·
893 582 943 611 εἶθ’

148 619 236 651 οὕτως
264 620 408 656 μετασχὼν
431 622 485 648 τῶν
510 624 691 660 ἀγιασμάτων
720 627 774 654 τῶν
801 627 943 660 ζωοποιῶν

148 666 278 699 ἐκείνων,
305 666 352 693 καὶ
373 667 444 694 κατὰ
466 668 496 695 τὸ
522 669 618 702 εἰωθὸς
651 671 870 708 ἐπαλειψάμενος
895 675 943 702 καὶ

147 711 457 746 κατασφραγισάμενος,
485 712 553 748 ὑψοῦ
582 715 632 746 τὰς
660 716 755 751 χεῖρας
785 718 865 753 ἄρας,
894 719 942 746 καὶ

147 756 380 791 προσευξάμενος,
396 759 461 793 περὶ
474 758 550 794 ὥραν
563 759 648 796 ἕκτην
662 762 825 797 αἰσθόμενος
841 765 940 791 ἑαυτοῦ

146 801 346 837 ἠσθενηκότας,
375 803 543 837 προστάσσει
572 805 664 841 ἡρέμα
691 808 832 843 κηραψίαν
862 810 939 844 γενέ-

147 848 226 874 σθαι·
253 848 392 875 κάνταῦθα
421 849 628 886 προσδάλλομεν
648 854 680 888 τῇ
705 853 852 890 ψαλμῳδίᾳ
865 863 873 871 ·
892 856 938 883 καὶ
956 859 976 887 Β
993 852 1132 888 missisque
1147 860 1242 881 cereos
1258 855 1370 882 accendi
1385 855 1463 890 ,Ῐυῢθι
1486 865 1493 884 :

144 895 175 920 ἐν
193 894 232 929 τῷ
256 894 355 930 στίχῳ,
371 896 400 921 ἐν
456 904 556 931 φησιν,
574 899 627 931 Εὶς
647 899 701 926 τὸν
722 899 817 928 αἰῶνα
836 902 873 929 οὐ
893 902 936 936 μὴ

143 941 330 975 ἐπιλάθωμαι
343 941 402 977 τῶν
418 941 623 977 δικαιωμάτων
635 953 707 978 σου,
726 946 770 972 ὅτι
785 947 820 974 ἐν
834 948 938 981 αὐτοῖς

143 986 255 1020 ἓζησάς
281 995 329 1021 με,
352 987 589 1023 ὲνδιατριὸόντων,
614 991 758 1026 παρέδωκε
775 993 825 1027 τὴν
844 1002 936 1029 μακα-

145 1033 206 1068 ρίαν
234 1033 281 1059 καὶ
303 1033 427 1068 καθαρὰν
452 1034 535 1062 αὑτοῦ
549 1035 639 1071 ψυχὴν
663 1038 719 1068 τοῖς
748 1038 838 1072 ἁγίοις
853 1039 937 1074 ἀγγέ-

142 1078 209 1110 λοις.
225 1078 302 1105 Οὕτω
318 1078 368 1113 μὲν
386 1076 432 1105 οὖν
450 1079 487 1111 ὡς
500 1080 528 1106 ὲν
545 1081 677 1117 συντομία
690 1084 707 1117 ἡ
721 1083 768 1109 τοῦ
781 1085 937 1120 τρισμάκα-

143 1131 190 1158 ρος
205 1124 349 1159 κοίμησις,
375 1125 423 1150 καὶ
440 1125 487 1151 τοῦ
502 1125 651 1160 ἀθλητικοῦ
668 1128 770 1163 δρόμου
785 1130 815 1156 τὸ
830 1130 917 1166 πέρας
927 1139 933 1146 ι

141 1170 190 1197 καὶ
214 1170 318 1205 αὒτηὴ
341 1170 395 1196 τῶν
413 1171 518 1199 πολλῶν
541 1172 667 1206 ἀγώνων,
690 1175 737 1201 καὶ
762 1175 862 1210 πόνων,
888 1178 936 1204 καὶ

143 1214 264 1251 ίδρὼῖων
276 1216 315 1247 είς
330 1215 417 1243 αίῶνα
434 1217 533 1249 αἰῶνος
551 1219 735 1252 κατάπαυσις.

186 1261 257 1287 Ἀλλ’
279 1261 313 1295 ὣ,
336 1262 396 1293 πῶς
417 1263 482 1298 ὑμῖν
514 1264 648 1299 ἀδακρυτὶ
663 1266 698 1292 τὰ
722 1266 787 1302 ἑξῆς
811 1267 857 1295 ὑπ’
873 1269 934 1304 ὄψιν

139 1307 249 1342 ἀγάγω,
276 1308 500 1344 πυρπολούμενος
517 1311 574 1342 τοῖς
600 1311 753 1346 λογισμοῖς,
779 1314 827 1341 καὶ
851 1315 934 1342 οίονεὶ

133 1352 296 1388 ἐξεστηκὼς
312 1355 343 1389 τῇ
361 1354 459 1390 καρδίᾳ
471 1364 478 1388 ;
491 1355 539 1382 καί
557 1365 602 1390 μοι
616 1356 675 1383 δότε
689 1359 786 1394 μικρὸν
801 1359 933 1396 ἐνδιατρί-

138 1398 189 1433 ψαι
205 1399 244 1434 τῷ
257 1398 417 1434 διηγήματι.
443 1400 552 1427 ’Ἐκειτο
567 1399 614 1428 οὗν
628 1402 642 1428 ό
658 1404 818 1441 τρισμάκαρ
833 1405 933 1440 (καλὸν

138 1444 193 1479 γὰρ
232 1445 299 1480 μηδὲ
324 1445 403 1472 τοῦτο
433 1446 641 1482 παραδραμεῖν,
667 1449 763 1485 ὥσπερ
803 1459 828 1477 τι
857 1450 933 1484 ξένον

139 1491 252 1526 θέαμα),
270 1491 408 1526 αἰδέσιμος
419 1494 451 1528 τῇ
469 1492 541 1528 ὄψει,
554 1494 731 1530 ἀγγελοειδὴς
746 1496 785 1531 τῷ
798 1497 930 1532 σχήματι,

137 1537 189 1572 τῆς
208 1537 400 1573 ὲνδημησάσης
416 1539 484 1574 πρὸς
510 1539 613 1575 Κύριον
635 1540 724 1576 ψυχῆς
743 1541 838 1577 ὥσπερ
853 1543 930 1575 τινὰς

138 1584 294 1618 φωτοειδεῖς
318 1585 431 1616 ἀκτῖνας
459 1585 710 1622 ὲναπομαξαμένης
730 1587 768 1622 τῷ
793 1589 858 1624 ίερῷ
875 1589 930 1616 σώ-

139 1638 215 1665 ματι,
226 1630 286 1664 μεθ’
302 1625 332 1656 οὗ
349 1631 396 1657 καὶ
408 1631 451 1666 ἐφ’
463 1627 484 1665 ᾧ
499 1631 665 1668 λελὰτρευκε
681 1634 712 1668 τῇ
729 1634 796 1669 ἁγίᾳ
821 1634 927 1670 Τριάδι.

137 1675 332 1706 Προστέθειται
351 1675 482 1712 ἐξαπίνης
493 1677 550 1709 τοῖς
561 1678 729 1713 προλαῦοὖσι
747 1679 851 1714 πλῆθος
870 1680 929 1707 ἓτε-

137 1731 196 1758 ρον,
211 1722 278 1758 ὁμοῦ
295 1723 344 1757 μὲν
359 1723 512 1757 μοναστῶν,
525 1723 593 1759 ὁμοῦ
605 1724 634 1751 δὲ
651 1725 697 1751 καὶ
713 1725 845 1760 μιγάδων·
860 1727 927 1753 πολ-

135 1768 177 1795 λοὶ
190 1769 230 1795 ὃτι
250 1768 378 1803 μάλιστα,
402 1770 448 1796 καὶ
462 1769 516 1796 τῶν
532 1769 645 1805 ἐξόχων,
670 1770 731 1806 μεθ’
745 1767 783 1798 ὧν
800 1772 848 1799 καὶ
871 1774 928 1808 lep-

133 1814 235 1849 άρχαι,
261 1815 308 1841 καὶ
336 1815 437 1850 ἱερεῖς,
465 1815 664 1852 ἐπιφερόμενος
683 1816 799 1849 ἕκαστος
822 1818 856 1845 τὰ
877 1818 927 1853 τῆς

135 1860 275 1895 μακαρίας
294 1860 402 1895 ἐκείνης
425 1860 535 1895 κηδείας
555 1861 604 1888 καὶ
627 1861 720 1896 ταφῆς
745 1862 882 1898 ἀρμόδια’
902 1864 926 1890 οἱ

134 1904 183 1939 μὲν
194 1905 296 1939 κηροὺς
311 1904 465 1940 ὲξάσπρους
479 1906 526 1933 καὶ
540 1906 705 1941 πολυτίμους
715 1916 721 1923 ·
737 1908 751 1934 ὁ
765 1909 803 1941 δὲ,
815 1909 922 1936 σινδόνα

132 1950 352 1985 πεποικιλμένην
362 1959 369 1966 ·
384 1950 477 1986 ἕτερος
493 1951 694 1988 καταπέτασμα
705 1954 924 1990 περιπόρφυρον·

132 1997 180 2024 καὶ
196 1998 270 2024 ἄλλοι
292 1997 378 2033 σκεύη
393 2000 515 2035 ἀργυρᾶ,
535 2000 582 2026 καὶ
595 2001 786 2036 χρυσάργυρα,
805 2002 853 2029 καὶ
868 2002 926 2037 ἠλε-

130 2042 267 2078 κτριώόησ
284 2044 332 2070 καὶ
352 2044 376 2070 oi
394 2046 444 2078 μὲν
459 2044 605 2080 ἀρώματα,
620 2046 667 2072 καὶ
688 2046 860 2082 θυμιάματα,
878 2048 925 2074 καὶ

128 2090 209 2121 ἄλλος
227 2089 301 2121 ἄλλο,
317 2091 364 2117 καὶ
382 2090 477 2126 ἕτερος
494 2091 598 2127 ἕτερον,
620 2093 663 2119 ἵνα
679 2093 718 2128 μὴ
741 2094 921 2130 μακρηγορῶ.

129 2137 238 2168 Πάντες
252 2136 274 2162 δ’
286 2136 333 2163 οὖν
347 2137 423 2171 ὅμως
440 2137 532 2164 πίστει
546 2138 709 2170 σπεύδοντες
724 2139 800 2172 ἄξιον
812 2140 923 2175 μνήμης

129 2182 170 2218 ’τῷ
190 2182 255 2217 ίερῷ
272 2182 392 2218 λειψάνῳ
407 2185 561 2218 προσοῖσαι,
574 2184 622 2210 καὶ
635 2185 674 2219 τῷ
688 2185 772 2220 τιμίῳ
785 2185 862 2220 τάφῳ
875 2186 923 2212 ἐπ·
936 2202 961 2231 D

128 2229 290 2255 αποθὲσθαι.
306 2229 404 2263 Γέγονε
427 2229 455 2255 δὲ
477 2229 582 2264 χειμὼν
600 2230 671 2257 κατὰ
695 2230 727 2256 τὸ
748 2232 921 2267 νυχθήμερον

127 2276 218 2302 ἐκεῖνο
239 2275 363 2310 σφοδρὸς,
382 2275 418 2306 ὡς
441 2275 524 2301 πάλαι
539 2276 585 2302 ἐπὶ
601 2275 648 2302 τοῦ
673 2276 792 2311 μεγάλου
816 2278 920 2312 Πέτρου

136 2322 349 2358 ’Δλεξανδρείας.
367 2322 422 2349 Καὶ
436 2320 470 2358 ἦν
481 2323 545 2349 ἰδεῖν
560 2323 700 2358 ὑπερφυὲς
715 2323 745 2350 τὸ
760 2324 916 2359 γενόμενον.

162 2380 186 2396 ’⁸
200 2379 280 2408 Num.
296 2389 333 2412 γι,
350 2380 396 2408 26.
435 2381 457 2397 ¹⁹
470 2380 542 2408 Psal.
558 2389 653 2412 cxvnu
669 2381 713 2408 95.

1000 222 1047 257 qui
1065 223 1179 252 aderant
1190 227 1374 261 amplexatus,
1386 230 1423 257 ita
1435 231 1576 260 remansit.
1602 232 1713 261 Interim
1726 222 1792 262 vero

999 268 1088 302 gliscit
1102 268 1186 302 fama.
1197 271 1329 307 adestque
1343 275 1434 310 populi
1447 277 1593 306 multitudo
1606 286 1660 307 non
1673 280 1791 309 modica.

999 313 1052 341 Ubi
1067 314 1108 342 sic
1121 316 1163 343 vir
1179 321 1219 344 ter
1234 318 1331 347 beatus
1345 320 1416 349 duos
1431 323 1567 358 exegisset
1583 324 1651 358 dies,
1667 325 1791 361 singulos

998 358 1159 387 accedentes
1181 362 1359 397 consignans,
1380 371 1413 391 ac
1434 366 1600 396 benedicens
1624 373 1651 396 et
1673 358 1791 399 deoscu-

996 407 1066 435 laus,
1083 404 1198 440 leneque
1214 415 1246 434 ac
1258 408 1397 437 submisse
1413 411 1555 446 alloquens
1565 418 1593 441 et
1609 414 1788 450 adprecatus;

996 451 1078 481 atque
1100 449 1206 486 signum
1232 455 1375 488 memoria,
1393 460 1421 483 et
1441 457 1578 486 salubrem
1606 449 1788 490 commeatum

996 494 1162 530 rcliQuisset,
1177 498 1283 527 dimisit
1300 502 1326 528 in
1342 509 1418 537 pace.

1034 541 1120 570 Porro
1142 543 1185 571 die
1207 544 1361 580 Dominica,
1376 556 1432 583 qua
1454 550 1547 585 magni
1563 553 1691 588 martyris
1705 554 1789 582 Mena

995 588 1129 615 memoria
1147 589 1311 621 celebratur.
1328 591 1376 618 ubi
1396 598 1528 621 consueta
1547 595 1660 623 Cantica
1674 602 1700 624 et
1712 597 1788 625 Psal-

995 639 1055 659 mos
1082 633 1244 666 recitasset;
1263 638 1376 669 tumque
1396 637 1533 673 particeps
1553 646 1695 667 sacrorum
1725 643 1788 670 etl'e-

994 680 1056 703 ctus
1069 675 1137 711 (21);
1150 683 1305 710 sacrorum,
1322 678 1446 714 inquam,
1463 689 1526 716 quae
1537 682 1645 711 viviﬁca
1660 689 1740 718 sunt;
1755 693 1788 714 ac

994 726 1045 754 pro
1059 727 1136 747 more
1165 721 1297 749 inunctus
1336 724 1570 761 consignatusque
1591 735 1599 754 :
1619 728 1735 756 sublatis
1758 730 1786 757 in

993 765 1113 793 sublime
1126 766 1264 800 manibus,
1278 774 1426 803 oransque;
1437 777 1512 804 cum,
1525 772 1599 800 circa
1610 773 1707 801 horam
1723 783 1786 803 sex-

993 813 1060 842 tam,
1083 817 1113 838 se
1132 810 1236 838 sensim
1257 811 1374 840 deﬁcere
1389 814 1532 848 sensisset,
1548 823 1614 844 voce
1627 825 1706 846 cassa
1720 820 1785 847 sub-

1515 858 1697 895 deincepsque
1709 861 1786 889 Psal-

990 905 1051 925 mos
1067 898 1212 933 incipimus
1231 907 1238 925 :
1259 903 1340 934 atque
1354 900 1388 926 ad
1404 899 1482 927 illum
1498 909 1607 930 versum
1623 912 1631 931 ;
1655 903 1690 931 In
1707 910 1784 932 reter-

989 952 1052 971 num
1066 952 1119 971 non
1135 944 1278 973 obliviscar
1291 946 1498 980 jusliﬁmtioncs
1516 953 1586 982 tuas,
1601 951 1664 985 quia
1679 951 1707 980 in
1718 952 1783 986 ipsis

988 989 1127 1024 υἱυίβεαιιὶ
1133 990 1201 1017 me"
1211 1000 1217 1017 :
1226 990 1439 1020 immorantibus
1447 993 1526 1021 nobis
1535 993 1708 1030 Psalmodiae,
1719 997 1783 1025 bea-

989 1039 1043 1062 tam
1056 1035 1243 1071 mundamque
1256 1044 1334 1065 suam
1361 1037 1481 1066 animam
1495 1041 1598 1068 sanctis
1609 1043 1713 1076 angelis
1727 1047 1782 1071 tra-

987 1078 1066 1106 didit.
1083 1079 1128 1107 Sic
1149 1087 1216 1108 sane
1232 1080 1304 1107 velut
1318 1082 1480 1116 compendio
1495 1089 1605 1111 narrata
1619 1085 1714 1113 habuit
1730 1088 1782 1114 viri

987 1129 1028 1152 ter
1049 1125 1120 1152 beati
1143 1126 1283 1153 dormitio.
1303 1126 1362 1154 Tali
1384 1128 1503 1155 termino
1532 1129 1636 1158 athleta
1665 1132 1781 1160 absolvit

986 1178 1110 1198 cursum.
1124 1171 1187 1199 Fuit
1202 1172 1258 1200 lucc
1271 1173 1419 1201 multorum
1433 1177 1625 1208 certaminum,
1640 1178 1780 1205 labarum-

985 1224 1038 1252 que
1050 1223 1076 1245 ct
1093 1218 1237 1251 sudorum,
1254 1220 1383 1247 saeculum
1401 1221 1427 1247 in
1445 1222 1536 1249 szeculi
1555 1223 1674 1258 requies.

1021 1263 1181 1297 Enimvero,
1200 1272 1254 1299 qua
1268 1265 1348 1293 vobis
1359 1266 1475 1300 ratione,
1489 1275 1548 1302 quae
1564 1274 1627 1296 sunt
1638 1269 1779 1305 deinceps,

984 1307 1045 1335 sine
1066 1307 1195 1343 lacrymis
1219 1310 1254 1336 ob
1275 1309 1370 1337 oculos
1391 1317 1502 1345 ponam,
1524 1319 1605 1346 quem
1630 1320 1679 1341 ceu
1710 1313 1779 1349 ignis

985 1353 1170 1388 cogitationes
1185 1353 1338 1388 devastent,
1356 1356 1457 1391 quique
1476 1357 1550 1385 velut
1568 1359 1661 1386 animo
1672 1359 1778 1387 defece-

984 1398 1048 1425 rim.
1069 1398 1168 1426 Verum
1201 1399 1283 1427 liceat
1306 1401 1431 1428 nonnihil
1461 1403 1611 1430 narrationi
1640 1404 1777 1433 insistere.

984 1444 1096 1473 Iacebat
1117 1445 1200 1479 igitur
1221 1446 1264 1474 vir
1285 1451 1324 1474 ter
1345 1447 1441 1475 beatus
1458 1457 1464 1475 :
1482 1448 1594 1477 Pra-stat
1608 1451 1698 1484 enim,
1729 1460 1777 1480 nec

984 1490 1050 1518 illud
1076 1487 1150 1518 velut
1176 1499 1277 1520 novum
1300 1493 1476 1529 insolensque
1496 1496 1680 1529 spectaculum
1698 1498 1776 1525 omit—

985 1540 1043 1567 tere
1062 1546 1069 1564 :
1084 1536 1203 1571 jacebat,
1220 1538 1344 1573 inquam,
1372 1539 1441 1566 facie
1476 1541 1641 1569 venerabilis
1655 1551 1662 1569 :
1678 1542 1775 1578 ﬁgura,

985 1582 1059 1610 velut
1102 1584 1253 1617 angelicam
1279 1585 1396 1619 speciem
1422 1585 1562 1620 referens;
1586 1588 1689 1621 anima,
1716 1597 1777 1624 qua:

984 1633 1059 1657 esset
1078 1630 1250 1665 peregrinata
1268 1630 1301 1658 ad
1319 1630 1477 1664 Dominum,
1496 1633 1568 1660 velut
1585 1635 1720 1669 quosdam
1736 1636 1777 1663 lu-

983 1675 1023 1703 cis
1051 1676 1154 1708 radios,
1182 1683 1262 1703 sacro
1291 1677 1412 1711 corpori,
1440 1685 1502 1705 cum
1527 1687 1592 1714 quo,
1609 1687 1641 1707 ac
1666 1680 1694 1707 in
1719 1690 1775 1716 quo

983 1725 1085 1749 sancta:
1102 1720 1229 1749 Trinitati
1255 1722 1395 1756 servisset,
1413 1731 1447 1750 ex
1464 1731 1504 1757 se,
1521 1732 1553 1752 ac
1576 1725 1634 1754 suis
1658 1726 1775 1763 fulgori-

982 1767 1044 1800 bus,
1056 1768 1229 1803 imprimente
1244 1769 1311 1804 (22).
1324 1769 1465 1798 Prioribus
1478 1771 1636 1805 confestim,
1652 1780 1712 1801 sese
1725 1782 1773 1809 po-

982 1814 1038 1849 puli
1053 1814 1098 1841 alii
1111 1814 1307 1849 adjunxerunt,
1326 1823 1380 1850 qua
1406 1816 1615 1850 monachorum,
1637 1827 1689 1853 qua
1707 1827 1773 1854 pro-

982 1860 1096 1887 miscuae
1126 1860 1309 1888 multitudinis
1339 1871 1344 1888 τ
1371 1861 1506 1897 multique
1533 1863 1560 1890 in
1587 1864 1693 1899 primis,
1722 1866 1772 1894 viri

981 1906 1099 1939 nobiles,
1114 1914 1146 1933 ac
1158 1912 1310 1942 magnates,
1327 1915 1379 1934 una
1396 1916 1458 1936 cum
1473 1909 1610 1945 episcopis
1635 1915 1662 1938 et
1681 1919 1774 1940 sacer-

979 1953 1104 1987 dotibus;
1137 1953 1254 1988 singulis
1283 1953 1480 1987 inl‘erentibus,
1517 1964 1578 1991 qua:
1601 1957 1690 1985 beatis
1719 1958 1773 1987 illis

980 1999 1121 2034 exsequiis
1133 2006 1166 2026 ac
1182 1999 1271 2027 funeri
1285 2007 1406 2036 cangrua
1414 2006 1516 2029 essent.
1527 1997 1531 2000 “
1543 2002 1702 2031 Αίῐει-θιιειιιι
1725 2005 1772 2032 alii

978 2046 1088 2081 quidem
1118 2045 1194 2073 albos
1225 2052 1257 2072 ac
1285 2046 1376 2080 magni
1405 2048 1483 2082 pretii
1499 2055 1593 2076 cereos
1620 2049 1695 2084 (25);
1727 2050 1772 2078 hic

978 2091 1095 2127 Phrygio
1111 2099 1192 2126 opere
1205 2091 1306 2127 pictam
1328 2092 1491 2127 sindonem;
1506 2094 1550 2121 ille
1578 2100 1770 2130 praetextatum

976 2138 1087 2172 velum;
1104 2138 1149 2165 alii
1166 2142 1258 2165 autem
1292 2145 1358 2165 vasa
1385 2143 1512 2174 argentea
1536 2144 1564 2168 et
1587 2141 1727 2174 deaurata.
1743 2147 1771 2171 et

977 2185 1105 2213 succinea
1123 2193 1130 2212 :
1149 2191 1181 2212 ac
1196 2184 1242 2212 alii
1257 2184 1369 2220 quidem
1393 2191 1515 2213 aromata
1535 2191 1562 2214 et
1579 2187 1699 2222 sutlitus;
1722 2189 1768 2216 alii

975 2231 1060 2264 aliud,
1073 2235 1104 2259 ut
1120 2238 1154 2258 ne
1169 2231 1196 2258 in
1221 2231 1331 2266 longum
1353 2238 1509 2259 sermonem
1538 2234 1708 2268 protraham.
1731 2235 1767 2263 ita

976 2276 1153 2305 nihilominus
1169 2279 1199 2303 ut
1212 2281 1388 2305 accurrentes
1405 2285 1501 2306 omnes
1515 2279 1601 2308 sacris
1614 2279 1717 2315 aliquid
1727 2289 1768 2309 re-

976 2322 1059 2358 iquiis
1074 2329 1124 2357 pro
1139 2322 1269 2350 memoria
1292 2323 1480 2356 admoverent,
1499 2332 1531 2352 ac
1545 2326 1696 2353 venerabili
1723 2331 1767 2355 tu-

887 2430 1004 2459 ΝΟΤίΕ.

165 2496 395 2533 (θηηρατιξςερδ
410 2505 548 2524 sacrarunt
573 2497 671 2532 factus,
702 2498 847 2533 μετασχὼν
863 2499 918 2525 τῶν

126 2531 406 2569 ᾴγιασμάτωνΝεςιιιι
416 2537 663 2569 sacramentorum,
677 2541 692 2560 a
703 2531 848 2566 sacranda,
860 2542 921 2569 quae

124 2566 190 2594 ideo
205 2566 342 2598 dicantur,
354 2567 490 2600 ζωποιά·
513 2566 621 2601 Viviﬁca
640 2573 819 2601 sacramenta,
839 2566 921 2596 nimi-

125 2609 187 2628 rum
196 2601 374 2630 Eucharistize
387 2611 394 2629 :
407 2607 463 2629 tum
473 2602 547 2629 addit
559 2605 592 2630 de
607 2603 666 2631 solo
682 2608 853 2631 sacramento
871 2613 921 2631 un-

125 2637 236 2671 c'ionis,
257 2638 376 2674 quojam
392 2638 567 2672 migraturus,
586 2643 672 2674 utrest
684 2639 769 2666 moris
785 2639 859 2666 velut
871 2647 919 2674 pro

125 2679 254 2707 supremo
265 2680 352 2707 agone
364 2673 491 2700 iuunctus
503 2673 555 2699 sit:
568 2673 795 2708 ὲτιαλειψάμενος.
804 2673 919 2702 Michael

125 2707 212 2744 litem,
231 2712 259 2744 ut
277 2708 570 2744 erxpressitwintcrprcs
593 2707 711 2741 Baronii,
727 2709 814 2744 magis
836 2710 912 2736 vide-

125 2743 379 2779 tur-Eucharistiam
399 2743 492 2779 dicere
510 2751 516 2769 ε
551 2743 652 2770 Deinde
692 2743 823 2779 mysteriis
843 2745 910 2771 ιιίιιίε

126 2777 177 2810 nis,
190 2783 218 2804 ut
233 2778 328 2805 anima:
339 2778 462 2804 viaticum
472 2783 495 2804 et
510 2779 640 2806 nuntium:
650 2777 745 2811 essent,
755 2779 908 2813 participat.

127 2813 164 2839 lle
175 2813 227 2840 ritu
249 2814 412 2841 sacramenti
436 2812 582 2844 unctionis,
608 2814 732 2841 nonnihil
755 2812 856 2842 Grascis
876 2822 908 2842 ac

127 2847 230 2878 Latinis
245 2847 363 2882 diverso,
379 2848 503 2884 utrisque
523 2848 701 2878 nihilominus
719 2857 797 2884 sano,
820 2857 906 2885 quan-

976 2507 1060 2534 quam
1080 2501 1106 2526 in
1128 2500 1187 2527 suis
1204 2500 1308 2528 Graecis
1339 2501 1521 2535 improbante,
1537 2506 1562 2528 et
1581 2507 1608 2529 ut
1627 2504 1765 2532 novullnm

975 2543 1098 2574 errorem
1113 2543 1128 2562 a
1140 2536 1277 2574 sordibus,
1299 2536 1448 2574 damnante
1460 2536 1590 2574 Arcudio,
1617 2545 1671 2565 non
1689 2547 1767 2574 sper-

976 2571 1064 2597 nenda
1085 2570 1112 2597 in
1139 2571 1197 2598 suis
1211 2571 1400 2605 Euchologicis
1419 2577 1511 2598 noster
1528 2571 1611 2599 Goar.

1011 2605 1081 2640 (92).
1102 2605 1148 2642 Ea;
1170 2613 1216 2642 se,
1234 2614 1264 2632 ac
1286 2607 1342 2642 suis
1384 2606 1544 2641 fulgoribus,
1587 2608 1762 2642 imprimente.

976 2640 1022 2678 Sic
1035 2640 1284 2678 circumloquimur
1300 2640 1349 2678 τὸ..
1365 2640 1710 2678 ὲναιξομαξαμένης·ἠυοι1
1727 2646 1764 2671 sit

975 2675 1048 2712 velut
1067 2683 1082 2712 ει
1102 2683 1131 2703 se
1148 2675 1331 2712 abstergendo
1342 2675 1509 2712 imprimere,
1529 2675 1561 2704 ac
1574 2675 1691 2712 quadam
1708 2687 1723 2707 a
1734 2687 1762 2707 se

967 2710 1138 2748 derivatione
1155 2719 1161 2736 :
1177 2711 1232 2748 alia
1247 2710 1323 2748 'voce_
1336 2715 1363 2738 et
1383 2710 1482 2748 simili,
1495 2710 1748 2748 ἐναπομόργνυσθαι

966 2746 1046 2781 plane
1063 2746 1303 2781 signautissimum
1317 2746 1343 2773 in
1362 2747 1474 2773 materia
1494 2746 1626 2781 subjecta.

1001 2779 1172 2817 (‘25)._Albos
1188 2789 1293 2817 cereos,
1316 2783 1419 2817 μηροὺς
1440 2779 1609 2817 iambo;-
1638 2783 1693 2811 Vox
1721 2792 1754 2811 se

962 2816 1050 2849 quiori
1064 2815 1176 2843 Graecia:
1189 2816 1382 2848 usitatissima,
1396 2821 1425 2843 ut
1444 2815 1704 2847 etiam'numismata
1719 2828 1763 2847 ιιι·-

961 2855 1057 2886 gentea
1079 2858 1094 2877 a
1109 2852 1203 2879 colore
1218 2851 1343 2886 ἄσπρους
1363 2851 1465 2879 dicant.
