1925 3088
158 105 224 141 1847

863 100 1068 131 ΑΡΡΕΝΒῙΧ.

1726 95 1794 131 1848

154 163 231 191 mulo
240 166 468 197 superponerent.
477 161 564 189 Porro
577 157 650 188 facta
658 162 700 186 est
712 158 757 186 die
768 158 814 186 illa
824 165 857 186 ac
870 161 948 185 nocte

1006 157 1106 188 Πάντες
1131 156 1185 191 γὰρ
1202 155 1412 191 κατεφρόνησαν
1429 155 1476 182 καὶ
1502 155 1641 190 θαλάσσης
1652 175 1660 187 ,
1683 155 1730 181 καὶ
1746 154 1794 181 ἀέ-

155 213 303 244 tempestas
333 208 439 240 valida,
466 207 558 242 qualis
592 206 658 233 olitn
690 206 717 232 in
753 205 845 240 magni
874 203 949 231 Petri

154 253 330 282 Alexandrini
347 255 440 281 funere
460 253 527 288 (26).
553 253 674 286 Eratque
702 251 795 279 videre
818 258 875 277 rem
896 250 949 277 mi-

153 300 279 329 rabilem.
308 299 415 335 Quippe
437 303 600 335 spreverunt
625 305 733 330 omnes,
760 305 901 332 mareque,
923 302 950 324 et

156 354 259 378 acrem,
277 350 306 374 et.
332 345 540 373 inundationem
564 344 720 376 fluminum,
740 343 950 378 principumque

154 392 345 425 tentationem,
364 399 396 419 ac
413 391 436 420 si
449 391 515 426 quid
532 390 606 418 aliud
618 394 661 418 est
681 395 815 417 terrorem
832 389 947 420 habens,

153 437 348 473 posthabuere.
358 437 429 470 Quin
445 443 472 464 et
484 437 566 469 servi,
579 436 755 464 dominorum
766 434 947 468 obsequium;

154 487 182 510 et
194 483 331 518 agricolze,
349 483 465 510 culturae
483 490 610 517 operam;
627 487 826 515 euratoresquc
839 485 866 508 et
880 488 949 515 pra:-

154 527 411 560 fecti.curationem
436 535 468 556 ac
492 528 700 563 praefecturam;
729 531 820 555 nautm
844 527 908 554 item
923 529 950 554 et

156 582 335 609 mercatores,
355 581 562 609 mercaturam;
589 584 623 603 ac
643 576 774 608 viatores,
805 575 856 603 iter
885 583 893 602 :

1001 211 1058 238 ρος,
1081 202 1128 228 καὶ
1153 201 1323 232 ἐπικλύσεως
1342 201 1555 236 ποταμῶνηκαὶ
1569 199 1722 236 πειρασμοῦ
1739 200 1795 226 τῶν

999 247 1185 284 κρατούντων,
1201 248 1248 275 καὶ
1263 247 1291 274 εἴ
1302 256 1374 279 τινος
1389 247 1482 280 ἄλλου,
1491 247 1608 282 δεύτερα
1622 246 1711 273 πάντα
1724 246 1796 281 ἡγη-

1000 295 1123 330 σάμενοι,
1146 293 1227 321 Ἀλλὰ
1240 294 1288 321 καὶ
1306 294 1396 320 δοῦλοι
1410 294 1549 321 δεσποτῶν
1564 292 1713 329 θεραπείαν
1724 312 1731 325 ,
1748 293 1796 319 καὶ

998 341 1128 376 γεηπόνοι
1149 341 1199 376 τὴν
1219 341 1353 375 ἐργασίαν
1366 360 1373 372 ,
1400 340 1446 366 καὶ
1459 340 1606 374 ἐπίτροποι
1620 339 1670 374 τὴν
1685 339 1797 365 ἐπιστα-

1002 387 1075 420 σίαν,
1089 386 1136 413 καὶ
1152 385 1297 420 πλωτῆρες
1323 385 1370 412 καὶ
1386 385 1503 420 ἔμποροι
1520 384 1569 420 τὴν
1586 383 1732 419 ἐμπορίαν,
1749 383 1797 409 καὶ

1002 432 1087 460 ὁδῖται
1109 431 1215 458 οἰκείαν
1228 431 1302 458 ὁδόν·
1319 432 1368 458 καὶ
1382 430 1588 466 περιεκέχυντο,
1604 430 1643 461 εἰς
1657 429 1739 455 αὐτὴν
1759 430 1798 459 ὡς

1003 480 1043 510 εἰς
1058 478 1131 513 ἱερὸν
1144 478 1289 513 κειμήλιον
1303 476 1515 508 ἀποϐλέποντες,
1533 475 1550 510 ἥ
1579 475 1678 510 μᾶλλον
1699 475 1798 501 οἰκειύτ

1009 532 1091 560 τερον
1113 524 1211 555 εἰπεῖν,
1224 523 1261 555 ὡς
1275 523 1398 558 ἔμπνουν
1412 522 1459 549 καὶ
1473 522 1572 557 φωνεῖν
1585 521 1743 556 δυνάμενον.

920 578 951 601 ιιι
970 580 1067 601 omnes
1100 572 1261 600 circumfusi
1302 575 1412 604 essent,
1435 571 1522 599 oculis
1540 570 1566 597 in
1591 578 1665 603 eum,
1695 577 1744 597 ceu
1770 569 1799 597 in

154 623 305 659 pretiosum
325 624 425 652 mobile
444 624 542 652 intenti
562 633 570 650 :
592 624 634 651 vel
647 628 676 651 ιιι
687 624 795 659 proprie
819 622 908 658 magis
927 621 1027 654 dicam,
1044 621 1156 648 velutin
1174 621 1324 654 spirantem
1340 627 1373 647 ac
1392 619 1544 647 etiamnum
1563 619 1637 653 loqui
1650 617 1798 646 valentem.

119 674 132 706 ς
189 671 322 705 Proinde,
340 679 372 699 ea
391 671 563 699 Psalmorum
585 672 774 699 modulatione
803 678 835 698 ac
865 669 946 697 lumi-

153 723 220 743 num
235 717 414 749 accensione;
435 716 523 752 iisque
541 716 654 752 vigiliis,
677 723 709 744 ac
727 716 814 744 sacris
830 715 947 742 inclina-

156 762 293 796 tionibus;
308 767 416 797 postera
436 763 490 795 die,
507 770 537 790 re
553 770 631 790 sacra
655 761 689 788 de
720 768 797 789 more
825 765 946 795 peracta,

154 807 266 834 circiter
286 807 352 834 hora
373 807 502 842 septima,
522 805 639 833 traditus
656 810 699 833 est
730 805 859 840 sepulcro
890 804 949 831 sive

153 853 261 880 tumulo
277 852 334 887 (25)
352 861 358 880 :
376 860 427 879 nec
443 852 469 879 id
491 852 572 886 plane
596 858 651 878 non
673 858 756 886 σιεγε,
781 858 813 877 ac
841 849 948 883 labore,

155 898 277 925 irruente
295 898 387 933 populi
413 897 601 929 multitudine,
620 901 651 924 ut
667 897 727 924 sibi
739 896 868 931 quisque,
896 895 947 922 ali-

153 943 219 978 quid
238 944 272 972 de
285 944 371 971 sacris
383 943 518 972 demortui
536 943 667 974 exsuriis,
688 942 872 977 pretiosisque
886 941 951 968 reli-

155 990 239 1025 quiis,
255 990 373 1018 tolleret.
392 989 522 1017 Traditus
538 988 721 1017 nihilominus
736 993 789 1019 est,
803 995 835 1015 ac
854 987 881 1014 in
898 986 949 1013 do-

154 1036 284 1064 muncula
299 1043 348 1064 sua
366 1035 520 1071 depositus,
544 1043 599 1070 quo
623 1035 683 1062 loco
705 1034 745 1061 vir
772 1033 951 1061 beatissimus

154 1081 252 1110 solitus
268 1087 340 1109 esset
361 1082 445 1110 libros
459 1089 553 1110 sacros
569 1081 702 1113 scribere,
722 1089 754 1108 ac
770 1080 888 1107 Domino
900 1079 951 1106 mi-

156 1127 285 1155 nistrare.
299 1127 357 1155 lloe
368 1127 526 1162 enimjuxta
541 1127 715 1162 Apostolum,
727 1127 810 1155 etiarn
823 1126 857 1154 ab
884 1125 950 1153 alle-

155 1173 210 1203 ctis
226 1173 340 1206 viribus,
356 1177 382 1201 et
399 1174 469 1200 mala
485 1173 652 1206 valetudine,
665 1181 681 1200 a
701 1173 891 1208 persecutione
906 1179 951 1200 se-

155 1219 269 1254 nioque,
283 1226 353 1254 opus
362 1227 494 1247 manuum
503 1219 631 1247 habebat.
646 1219 718 1246 Sane
732 1226 796 1247 vero
807 1217 951 1254 appositus

155 1269 208 1298 est,
222 1264 314 1298 Pater,
330 1265 462 1293 Patribus
478 1274 486 1299 ;
503 1265 649 1297 sacerdos,
673 1265 862 1296 Pontificibus,
885 1269 951 1291 ante

154 1311 237 1338 etiam
255 1311 411 1339 unctionem
434 1312 491 1346 (‘26)
513 1320 520 1345 ;
545 1311 698 1344 confessor,
717 1310 950 1343 confcssorihus;

156 1357 333 1392 martyribus,
348 1358 489 1392 ιιι-οροεὶιο
502 1361 606 1393 martyr
620 1366 626 1390 ;
642 1357 877 1392 praedicatoribus,
891 1363 951 1383 ma-

158 1409 214 1437 gna
235 1402 360 1429 veritatis
374 1403 449 1429 tuba.
465 1401 519 1429 Sed
545 1407 572 1429 et
595 1403 646 1430 hoc
667 1402 818 1429 addiderim
835 1410 841 1428 :
857 1402 952 1429 Conti-

155 1455 225 1475 nens
239 1447 296 1481 ille,
311 1448 533 1481 continentibus;
551 1453 656 1481 castus,
677 1448 812 1476 castitatis
835 1448 953 1475 amanti-

154 1494 207 1522 bus
222 1502 230 1528 ;
247 1495 399 1530 hospitalis.
417 1495 462 1528 iis,
480 1496 528 1531 qui
552 1496 723 1523 studuissent
743 1496 924 1531 hospitalitati
945 1504 952 1529 ;

1032 669 1087 695 Καὶ
1107 668 1180 696 οὓτω
1203 668 1252 695 σὺν
1276 667 1450 703 ψαλμῳδίαις
1481 667 1530 693 καὶ
1562 666 1718 701 φωταψίαις
1738 667 1799 699 ταῖς

998 713 1187 749 καθηκούσαις
1198 734 1205 746 ,
1216 714 1360 748 παννυχίσι
1372 722 1402 740 τε
1418 713 1465 740 καὶ
1474 712 1637 748 ἐπικλήσεσι
1652 713 1750 748 ίεραῖς,
1763 713 1798 748 τῇ

998 761 1062 796 ἑξῆς
1081 760 1152 788 κατὰ
1173 761 1204 786 τδ
1231 760 1347 795 σύνηθες
1363 759 1628 795 λειτουργήσαντες,
1645 759 1710 793 περὶ
1723 758 1801 794 ὥραν

999 806 1129 841 πέμπτην
1140 805 1276 841 παρεδόθη
1288 805 1328 841 τῷ
1344 805 1409 841 ἱερῷ
1415 804 1506 840 τάφῳ,
1529 805 1590 840 ἦτοι
1601 804 1800 840 γλωσσοκόμῳ,

1000 853 1051 879 οὐκ
1067 852 1203 887 ἀκαματὶ,
1230 851 1286 878 οὐδ’
1309 851 1340 877 οὐ
1361 851 1416 886 μὴν
1436 850 1571 885 ἀπονητὶ,
1588 850 1633 877 διὰ
1649 850 1680 877 τὸ
1703 852 1802 877 ἐπιπε-

1002 897 1141 925 πτωκέναι
1156 897 1187 923 τὸ
1209 896 1257 923 τοῦ
1280 896 1344 923 λαοῦ
1369 896 1483 931 πλῆθος,
1508 894 1574 931 ἆραι
1590 904 1617 923 τι
1644 896 1699 923 τῶν
1718 895 1802 933 ἱερῶν

1000 943 1148 977 ὲνταφίων,
1173 942 1190 977 ἦ
1213 942 1260 969 τοῦ
1283 942 1375 978 τιμίου
1389 942 1530 977 λειψὰνου.
1554 942 1697 978 Παροδόθη
1714 943 1735 969 δ’
1753 941 1802 970 οὖν

1001 990 1087 1024 ὅμως,
1112 989 1160 1015 καὶ
1173 988 1295 1024 ἀπετέθη
1311 989 1340 1015 ὲν
1355 988 1395 1024 τῷ
1410 988 1504 1024 οἰκείῳ
1528 988 1669 1024 δωματίῳ,
1688 989 1750 1016 καθ’
1770 989 1802 1016 ὃν

1001 1035 1084 1061 τόπον
1100 1034 1191 1061 εἰώθει
1208 1036 1221 1061 ὁ
1244 1034 1448 1070 τρισμακάριος
1459 1035 1510 1066 τὰς
1527 1034 1604 1070 ἱερὰς
1617 1034 1736 1070 γράφειν
1755 1034 1803 1061 Βί-

1003 1081 1093 1114 ϐλους,
1117 1081 1166 1107 καὶ
1187 1080 1359 1115 λειτουργεῖν
1379 1080 1488 1116 Κυρίῳ.
1505 1080 1592 1107 Τοῦτο
1606 1080 1661 1116 γὰρ
1678 1078 1713 1115 ἦν
1725 1080 1802 1116 αὐτῷ

1002 1125 1202 1159 ἀποπολικῶς,
1218 1126 1266 1153 καὶ
1284 1126 1354 1161 μετὰ
1373 1125 1521 1161 διωκτικὴν
1537 1126 1661 1152 κάκωσιν
1687 1127 1734 1153 καὶ
1749 1127 1802 1162 γῆ-

1005 1181 1063 1209 ρας,
1085 1172 1254 1208 ὲργόχειρον.
1280 1172 1336 1199 Καί
1352 1181 1385 1206 γε
1414 1172 1569 1208 προσετέθη
1588 1173 1602 1198 6
1624 1172 1721 1208 Πατὴρ
1743 1175 1801 1205 τοῖς

1003 1221 1163 1257 Πατράσιν·
1187 1221 1201 1247 ὁ
1220 1221 1311 1256 ἱερεὺς
1339 1221 1397 1252 τοῖς
1423 1220 1577 1255 ίεράρχαις,
1601 1220 1648 1246 καὶ
1672 1219 1725 1254 πρδ
1751 1220 1801 1255 τῆς

1003 1267 1121 1303 κρίσεως
1132 1277 1139 1283 ·
1155 1268 1168 1294 ὁ
1183 1266 1356 1302 ὁμολογητὴς
1370 1267 1427 1298 τοῖς
1441 1266 1640 1301 ὁμολογηταῖς·
1656 1267 1713 1298 τοῖς
1730 1265 1802 1301 μάρ-

1004 1321 1096 1343 τυσιν,
1112 1313 1126 1339 6
1141 1314 1336 1350 προαιρετικὸς
1353 1313 1475 1348 μάρτυς·
1491 1313 1505 1339 6
1518 1312 1677 1343 διδάσκαλος
1690 1313 1747 1347 τοῖς
1759 1312 1802 1338 δι-

1006 1359 1169 1391 δασκάλοις·
1194 1360 1252 1390 τοῖς
1277 1359 1403 1394 κήρυξιν,
1426 1360 1443 1394 ἡ
1470 1358 1576 1394 μεγάλη
1601 1359 1651 1393 τῆς
1668 1358 1802 1393 ἀληθείας

1006 1405 1135 1439 σάλπιγξ.
1159 1404 1313 1440 Προσθείην
1344 1404 1367 1431 δ’
1383 1405 1416 1431 ἄν
1432 1404 1482 1431 καὶ
1497 1404 1585 1431 ταῦτα
1597 1412 1604 1419 ·
1628 1405 1642 1431 6
1663 1403 1804 1439 ἐγκρατής

1004 1451 1062 1482 τοῖς
1085 1450 1261 1486 ὲγκρατέσιν,
1287 1451 1301 1476 6
1321 1450 1403 1485 ἁγνὸς
1437 1451 1495 1482 τοῖς
1515 1450 1666 1484 φιλάγνοις,
1691 1450 1705 1476 6
1725 1450 1803 1484 φιλό-

1007 1496 1082 1530 ξενος
1097 1498 1154 1528 τοῖς
1179 1496 1350 1534 φιλοξένοιςῄ
1370 1497 1384 1523 6
1409 1496 1532 1532 μέτριος,
1553 1498 1610 1528 τοῖς
1638 1497 1804 1533 μετριόφρο-

154 1539 308 1573 modestus,
330 1547 425 1573 sensu,
438 1540 570 1568 modestis
585 1548 618 1568 ac
636 1541 798 1569 humilibus.
817 1541 868 1574 Qui
885 1542 948 1568 hens

1006 1551 1065 1570 σιν*
1083 1543 1215 1570 ’Ἁπαντα
1238 1543 1301 1576 τοῖς
1324 1542 1420 1570 πᾶσιν
1440 1540 1475 1571 εὖ
1496 1543 1637 1578 γεγονὼς,
1661 1543 1724 1570 καθ’
1741 1543 1804 1570 ὅσον

155 1586 246 1613 omnia
261 1586 382 1614 omnibus
396 1586 430 1618 ξ’,
440 1587 531 1621 quoad
544 1587 602 1615 fieri
613 1592 717 1623 posset,
729 1587 822 1615 divina
834 1588 954 1623 quadam

157 1631 263 1659 ratione
280 1631 375 1666 fuisset
389 1632 488 1667 factus,
504 1637 535 1660 ut
550 1640 650 1666 omnes,
665 1637 747 1660 autve
756 1633 850 1668 plures
866 1633 953 1660 salt-os

155 1680 254 1716 [areret
267 1678 301 1712 “,
318 1678 534 1714 apostolicorum
551 1683 691 1715 gestorum
709 1679 954 1708 informationibus

156 1724 302 1752 nixus.Ac
315 1725 424 1757 quidem
446 1725 528 1752 modo
552 1732 559 1752 :
580 1731 774 1754 consummato
802 1726 954 1761 apostolico

156 1777 250 1802 cursu,
271 1770 356 1798 caelos
369 1778 470 1806 pompa
485 1771 648 1806 ingreditur,
667 1779 698 1798 ac
713 1779 766 1798 una
786 1779 849 1798 cum
869 1780 953 1807 ange-

155 1816 190 1842 lis
208 1815 291 1844 festos
306 1816 406 1844 choros
422 1817 508 1848 ducit,
527 1817 555 1843 in
576 1817 633 1844 loco
652 1817 818 1844 tabernaculi
830 1817 951 1844 admira-

157 1860 229 1892 bilis,
252 1860 280 1887 in
304 1860 468 1895 epulantium
495 1868 560 1886 sono
592 1861 625 1893 ",
639 1862 751 1888 aeternis
777 1861 805 1888 in
836 1861 952 1889 Domino

155 1906 250 1934 fruens
268 1907 347 1934 bouis
367 1915 375 1934 ι
394 1914 501 1941 nosque
518 1907 582 1934 inde
599 1907 735 1943 propitius
753 1907 874 1939 intuens,
888 1915 952 1935 snas

155 1961 204 1988 pro
217 1953 367 1981 lmmilihus
386 1953 467 1981 nobis
483 1953 698 1988 supplicationes
723 1954 778 1980 Deo
800 1953 951 1981 ferventius

155 1999 243 2028 oll‘ert.
258 1999 316 2028 Nos
330 2007 412 2035 porro
426 1999 544 2027 humiles
566 2000 732 2035 abjectiquc,
755 2007 802 2034 spe
827 2000 854 2027 in
882 2000 950 2028 alios

155 2047 264 2079 mutati,
281 2047 410 2079 feramus,
427 2047 531 2081 gratias
548 2054 672 2081 agentes,
687 2047 708 2074 si
720 2047 784 2081 quid
803 2047 948 2074 molestum

155 2094 268 2128 ingruit,
283 2094 419 2130 egregiam
443 2094 517 2121 illam
535 2093 668 2128 prolocuti
685 2100 779 2121 vocem
794 2102 800 2120 :
818 2092 949 2120 Dominus

155 2139 239 2172 dedit,
257 2140 386 2167 Dominus
410 2140 544 2168 abstulit:
560 2140 629 2167 sicut
649 2139 760 2167 Domino
779 2139 892 2174 placuit,
911 2140 948 2166 ita

154 2191 178 2215 et
197 2186 299 2221 factum
313 2191 352 2215 est
368 2187 402 2213 “.
420 2186 449 2214 Si
465 2186 530 2221 quid
544 2187 616 2214 enim
633 2185 683 2213 fuit
705 2185 818 2216 factum,
840 2186 947 2212 Domini

155 2231 256 2260 factum
272 2237 313 2260 est
332 2233 482 2265 voluntate,
499 2233 545 2267 qui
561 2233 653 2259 omnia
671 2232 773 2259 utiliter
784 2232 945 2266 dispensat:

161 2276 297 2304 Voluntati
308 2281 396 2304 autem
413 2277 482 2311 ejus,
499 2277 588 2312 inquit
601 2276 772 2304 admirabilis
788 2276 944 2311 Apostolus,

190 2335 212 2350 ‘°
236 2334 258 2362 ll
279 2334 345 2362 Cor.
373 2342 414 2367 ix,
441 2334 487 2361 2'2.
526 2334 546 2351 ³¹
575 2334 594 2361 ll
616 2333 686 2361 Tim.
709 2341 744 2360 tv.
762 2334 787 2360 ‘l.

828 2333 850 2349 ³¹
870 2334 942 2361 Psal.
959 2342 1015 2367 xu,
1039 2334 1066 2362 5.

1005 1587 1060 1616 οἷόν
1086 1598 1116 1616 τε
1143 1589 1322 1624 θεοπρεπῶς,
1350 1589 1402 1616 ἵνα
1430 1589 1502 1622 τοὺς
1524 1589 1641 1623 πάντας
1656 1612 1663 1624 ,
1689 1589 1709 1624 ἢ
1731 1589 1805 1623 τοὺς

1005 1635 1151 1668 πλείονας
1165 1634 1264 1668 σώσῃ,
1274 1632 1466 1667 ἀιὲοστολικοῖς
1478 1634 1691 1670 κατορθώμασιν
1699 1635 1748 1661 ἐπε
1753 1643 1805 1670 ρει·

1005 1681 1129 1716 δόμενος.
1145 1681 1201 1708 Καὶ
1225 1680 1274 1707 νῦν
1303 1681 1385 1712 αὐτὸς
1408 1681 1469 1716 μὲν,
1488 1680 1668 1708 ὰποστολικδν
1690 1681 1803 1707 ἐκτετε-

1005 1726 1093 1758 λεκὼς
1115 1726 1228 1762 δρόμον,
1243 1727 1317 1753 ἐστιν
1333 1726 1468 1762 οὐρανοὺς
1489 1726 1662 1762 ἐμϐατεύων,
1687 1727 1733 1753 καὶ
1752 1727 1805 1761 ἀγ-

1006 1772 1094 1806 γέλων
1110 1773 1365 1807 συμπανηγυρίζων
1381 1773 1514 1807 χορείαις,
1524 1773 1576 1800 Ἐν
1590 1773 1673 1807 τόπῳ
1682 1772 1805 1807 σκηνῆς

1005 1815 1194 1852 θαυμαστῆς,
1217 1817 1251 1843 ἑν
1264 1816 1329 1851 ἤχῳ
1345 1816 1558 1851 ἑορταζόντων,
1578 1818 1608 1844 ὲν
1622 1817 1718 1853 Κυρίῳ
1733 1818 1804 1845 ἀπο-

1004 1863 1093 1890 λαύων
1116 1863 1171 1889 τῶν
1197 1863 1314 1890 αἰωνίων
1342 1863 1469 1898 ἀγαθῶν·
1498 1863 1627 1891 κάκεῖθεν
1653 1864 1729 1898 ἡμᾶς
1752 1865 1805 1890 ἐπ-

1006 1908 1130 1935 οπτεύων
1151 1909 1240 1941 ἵλεως,
1253 1907 1303 1940 τὰς
1317 1909 1387 1944 ὑπὲρ
1401 1909 1482 1944 ἡμῶν
1501 1909 1557 1936 τῶν
1572 1910 1710 1936 ταπεινῶν
1725 1910 1806 1942 λιτὰς

1006 1954 1045 1989 τῷ
1062 1954 1156 1989 Κυρίῳ
1176 1954 1329 1991 προσφέρει
1347 1955 1526 1991 θερμότερον.
1540 1954 1639 1991 Ἡμεῖς
1659 1955 1687 1982 δὲ
1703 1957 1728 1982 οἱ
1751 1965 1803 1982 τα-

1008 2001 1108 2034 πεινοὶ,
1123 2002 1156 2036 τῇ
1174 2001 1225 2036 μὲν
1240 2001 1330 2028 ἑλπίδι
1347 2001 1592 2037 μεταόαλλόμενοι,
1609 2002 1740 2037 φέρωμεν
1755 2003 1804 2029 εὐ-

1003 2046 1142 2081 χαρίστως
1154 2046 1185 2072 τὺ
1207 2045 1341 2081 λυπηρὸν,
1359 2047 1408 2081 τὴν
1423 2047 1546 2082 ἀοίδιμον
1558 2047 1666 2082 ἐκείνην
1682 2047 1805 2081 φθεγγό-

1003 2101 1079 2128 μενοι
1096 2093 1203 2128 φωνήν·
1230 2092 1256 2119 ’0
1278 2093 1385 2126 Κύριος
1401 2093 1524 2126 ἔδωκεν,
1547 2094 1563 2120 ὁ
1588 2094 1697 2128 Κύριος
1713 2094 1802 2128 ἀφεί-

999 2140 1071 2166 λετο
1081 2146 1089 2154 '
1103 2139 1144 2172 ὡς
1159 2138 1200 2171 τῷ
1215 2139 1314 2173 Κυρίῳ
1323 2138 1443 2171 ἔδοξεν,
1461 2140 1538 2166 οὕτω
1550 2139 1601 2167 καὶ
1615 2140 1752 2175 ἐγένετο,
1769 2140 1805 2166 Εἴ

999 2193 1025 2211 τι
1045 2184 1101 2220 γὰρ
1117 2184 1224 2218 γέγονε,
1245 2184 1382 2221 θελήματι
1397 2186 1502 2221 Κυρίου
1520 2186 1628 2220 γέγονε,
1656 2186 1704 2212 τοῦ
1733 2195 1804 2221 συμ-

1000 2230 1139 2266 φερόντως
1159 2231 1249 2258 πάντα
1266 2231 1489 2267 οἱκονομοῦντος·
1511 2231 1552 2264 Τῷ
1572 2232 1606 2258 δὲ
1619 2232 1796 2266 βουλήματι

1000 2276 1105 2309 αὐτοῦ,
1134 2276 1172 2308 ὣς
1199 2285 1282 2312 φησιν
1305 2277 1319 2303 6
1342 2277 1414 2309 Θεῖος
1448 2277 1624 2311 ’Λπόστολος,
1653 2279 1699 2311 τίς
1724 2278 1800 2306 ἀνθ-

1106 2334 1128 2350 "
1147 2333 1197 2361 Job
1214 2343 1233 2367 ι,
1249 2335 1295 2363 21.

919 2404 1037 2431 NOTAE.

191 2450 260 2486 (23).
278 2451 312 2478 In
325 2452 416 2486 magni
433 2450 510 2479 Petri
523 2451 704 2479 Alexandrini
717 2451 818 2485 funere,
840 2451 887 2477 ἐπὶ
903 2451 950 2477 τοῦ

157 2486 276 2522 μεγάλου
291 2486 397 2522 Πέτρου
412 2486 629 2521 Ἀλεξανδρείας.
646 2486 704 2513 Non
720 2486 828 2513 videtur
843 2491 951 2514 exstare

155 2529 238 2557 quam
252 2527 349 2548 auctor
361 2522 484 2549 insinuat
499 2522 766 2554 historiam,ohort2e
781 2523 951 2555 tempestatis

156 2558 189 2584 ad
215 2557 361 2584 elati0netn
383 2557 486 2585 funeris
512 2557 606 2590 Petri;
631 2557 780 2592 probanda:
818 2557 950 2584 nimirum

157 2592 297 2620 devotioni
310 2592 396 2627 plebis
420 2592 624 2621 Alexandrinae.
649 2592 675 2618 in
700 2599 866 2619 coronarum
892 2592 949 2626 jam

155 2631 294 2663 pastorem
311 2635 401 2658 suum,
421 2628 446 2654 in
458 2635 539 2662 quem
557 2627 590 2654 ad
601 2635 734 2654 coronam
755 2632 949 2661 properantem

154 2663 194 2690 sic
206 2662 321 2690 fuissent
333 2663 446 2694 assidui.
457 2668 486 2691 ut
498 2663 542 2690 vix
554 2670 608 2690 non
617 2662 948 2696 impedieriutcoronam;

155 2698 216 2732 ipso
241 2699 309 2724 adeo
333 2699 426 2730 Petro,
445 2707 478 2725 ne
498 2699 545 2726 illa
566 2698 771 2725 desiderantem
793 2697 947 2732 effugeret,

155 2734 309 2760 clanculum
327 2739 355 2760 et
374 2734 417 2767 pia
436 2734 532 2761 fraude
543 2753 551 2765 ,
563 2733 760 2768 spiculatorem
772 2733 947 2765 admittente,

154 2768 218 2795 dato
235 2768 349 2796 consilio
365 2769 529 2796 squodiendi
541 2775 623 2796 noctu
642 2775 763 2800 murum,
775 2776 831 2802 quo
843 2768 867 2795 is
878 2772 947 2799 tuto.

156 2804 271 2837 lttsoque
287 2804 398 2838 populo.
414 2811 495 2838 eaput
518 2809 712 2838 amputaturus
732 2803 884 2831 accederet.
900 2803 948 2831 Mi—

156 2839 248 2872 fanda:
262 2840 376 2866 omnino
393 2844 476 2872 artes,
494 2839 542 2867 sed
556 2839 714 2866 amantibus
726 2843 807 2866 notae.

1039 2451 1107 2487 (25).
1126 2451 1178 2479 Seu
1191 2452 1304 2481 tumulo.
1328 2453 1388 2487 ἦτοι
1410 2452 1606 2487 γλωσσοκᾶμῳ.
1630 2451 1688 2479 Vox
1707 2452 1800 2481 minus

1001 2486 1133 2521 frequens
1161 2495 1195 2514 eo
1224 2486 1388 2521 significato.
1421 2487 1502 2515 Forte
1537 2486 1674 2522 significat
1704 2488 1798 2522 ipsum

1002 2523 1170 2557 pheretrum,
1199 2523 1272 2557 quod
1295 2522 1375 2549 fuerit
1395 2523 1532 2557 clausum,
1556 2523 1700 2551 condendo
1719 2528 1800 2551 terra:

1001 2564 1083 2584 sacro
1100 2558 1277 2591 corpusculo,
1301 2559 1374 2591 quod
1402 2559 1536 2586 hactenus
1553 2557 1681 2585 onmibus
1702 2558 1799 2585 visen-

1001 2593 1065 2619 dum
1081 2593 1246 2627 prostitisset
1261 2602 1267 2625 ;
1289 2598 1318 2620 ιιι
1331 2593 1493 2625 etiamnum,
1509 2594 1628 2620 maxime
1646 2594 1672 2619 in
1687 2592 1743 2620 Deo
1755 2602 1800 2621 sa-

1001 2635 1112 2655 crorum
1129 2628 1272 2655 hominum
1288 2629 1438 2663 exsequiis,
1456 2629 1513 2656 fieri
1526 2630 1605 2656 solet.

1039 2663 1106 2700 (2(5).
1123 2662 1252 2700 Sacerdos
1266 2662 1453 2700 pontiﬁcibus,
1469 2669 1534 2700 ante
1544 2665 1625 2692 etiam
1636 2667 1799 2700 unctionem,

1000 2698 1014 2735 6
1029 2698 1119 2735 ἱερεὺς
1136 2700 1193 2730 τοῖς
1204 2699 1418 2735 Δζερόιρχιξιις,καὶ
1429 2699 1482 2734 πρδ
1496 2700 1556 2735 τῆςΔ
1567 2701 1692 2735 κρίσεως.
1703 2698 1800 2729 Simile

1002 2733 1083 2760 ltabet
1098 2732 1180 2760 Joan.
1202 2732 1467 2769 llicros0lymitanus
1496 2732 1528 2761 in
1545 2732 1679 2763 Joannem
1701 2736 1800 2764 Dama-

1001 2776 1136 2804 secnum,
1147 2775 1288 2803 exponens
1299 2770 1389 2804 sancti
1411 2769 1672 2804 Steplmnijunioris
1692 2772 1798 2799 dictum

1002 2803 1066 2841 illud
1083 2803 1109 2830 in
1131 2802 1302 2841 ipsutn,_qtto
1317 2802 1388 2831 θεῖον
1400 2804 1448 2841 καὶ
1460 2802 1592 2841 θεοφόρον
1609 2810 1688 2834 vocat
1701 2816 1708 2839 ;
1737 2816 1799 2841 qua:

1002 2838 1132 2866 nimirum
1147 2839 1257 2875 propria
1278 2844 1342 2868 suttt
1354 2840 1531 2874 pontificum,
1547 2838 1610 2874 κᾶν,
1637 2838 1796 2879 Ῐιιαιιίίνῖλὴ
