1925 3088
159 134 228 167 1849

690 134 740 164 DE
757 134 971 165 SCHISMATE
996 134 1258 167 STUDITARUM.

1727 138 1795 172 1850

156 193 288 225 ἑστηκε;
323 190 397 226 Πλὴν
423 190 465 217 ὅτι
492 191 539 218 καὶ
567 191 597 217 τὸ
628 192 678 227 τῆς
702 191 811 225 φύσεως
846 191 934 218 πανθά

1003 191 1062 225 quis
1080 191 1178 218 restitit
1193 192 1233 218 διι
1248 191 1394 226 (ἶιιξιοι-ιιιη,
1411 192 1474 228 quia
1490 193 1571 221 etiam
1605 197 1710 221 naturze
1731 194 1794 229 jura

157 245 262 273 νομιν,
298 236 346 263 καὶ
386 236 545 272 ἁρφανικῶς
587 236 802 272 ἀποδυρόμενοι,
833 235 880 262 τὸν
916 236 953 267 ὡς

157 284 285 319 ἀληθῶς,
321 283 368 310 καὶ
399 283 545 318 φιλόθεον,
575 283 624 310 καὶ
658 283 815 318 φιλότεκνον
840 283 952 318 Πατέρα

156 329 354 366 διεξερχόμεθα
364 337 371 345 ·
384 329 430 357 καί
446 339 479 364 γε
500 330 619 365 μάλιστα
634 329 753 364 ὁρῶντες
764 329 949 363 καθεκάστην,

156 377 284 411 καθάπερ
323 376 458 411 πετηνοὺς
490 376 554 406 τοὺς
583 375 716 410 ἀδελφοὺς
740 375 819 410 ἡμῶν
852 375 951 407 ἄλλους

155 422 314 458 ἀλλαχόθεν,
341 421 404 453 τοὺς
433 421 483 457 μὲν
508 421 636 455 ἐγγύθεν,
660 421 724 452 τοὺς
749 421 777 447 δὲ
804 420 950 456 πόρρωθεν

154 469 376 505 προστρέχοντας
402 467 442 503 τῷ
468 467 596 502 πατρικῷ
626 467 723 502 τάφῳ,
758 467 882 501 ἀμειδείς
909 466 950 502 τῷ

155 515 306 550 προσώπῳ,
322 514 537 550 ὲρικνωμένους,
558 514 730 549 αὐχμηροὺς,
745 513 949 549 δακρυρροοῦν-

153 571 215 595 τας,
237 560 487 597 συστρεφομένουῆ
505 560 553 586 καὶ
565 561 598 586 ὲκ
611 559 712 595 βάθους
726 559 929 595 ποτνιωμένους
939 567 947 575 ·

153 609 192 640 ὡς
208 609 256 635 καὶ
276 607 306 640 ἐξ
321 607 408 642 αὐτῆς
425 606 513 638 ὅψεως
530 605 715 641 γνωρίζεσθαι
736 606 805 632 πᾶσι
822 606 868 631 τὸν
884 605 947 640 τρό-

153 663 204 682 πον
215 663 222 671 ·
239 654 309 681 ἀλλὰ
325 653 378 690 μὴν
394 653 441 680 καὶ
460 653 570 687 ἑτέρους
592 651 718 683 πλείονας
733 651 788 678 τῶν
803 650 946 686 πατρικῶν

152 699 382 728 ἅπολελαυκότων
396 698 562 733 εὐεργεσιῶν
587 696 648 724 κατ’
666 696 822 732 ἀμφότερα.
850 696 946 731 Ὑμεῖς

151 747 191 779 δὲ,
208 743 231 773 ὦ
246 745 466 781 μακαριώτατοι,
483 744 517 770 τὰ
536 742 581 770 ἴσα
597 744 621 769 εἰ
639 743 686 769 καὶ
702 742 813 768 πλείονα
829 741 943 774 εἴποιτε,

151 794 189 825 ὡς
208 791 420 825 ἀπολειφθέντες
443 791 490 816 καὶ
512 790 561 823 τῆς
586 789 632 815 ἐπὶ
655 790 689 824 τῇ
710 788 877 823 μεταστάσει
895 787 944 814 τοῦ

150 839 340 874 παμμάκαρος
368 835 521 870 αὐτοψίας,
556 835 603 862 καὶ
634 835 868 869 ἀποκλαιόμενοι,
897 834 944 861 καὶ

149 871 362 920 ἀποέυρόμενοι.
385 881 454 909 Ἀλλ’
471 879 518 908 οὖν
533 880 578 907 διὰ
602 880 656 907 τῶν
675 879 875 912 ἀκουσθέντων,
895 879 944 906 καὶ
960 871 981 899 Β

148 930 337 966 ἐλπιζομένων
369 926 586 963 παρηγορήθητε
614 926 662 953 καὶ
686 921 856 958 ἀναψύξατε,
896 925 943 952 καὶ

149 977 219 1012 πρὸς
229 975 259 1003 τὸ
273 975 336 1010 ἑξῆς
352 974 447 1009 ἔχεσθε
463 973 512 1000 τοῦ
529 972 612 999 καλοῦ
629 972 707 1006 ὑμῶν
715 971 818 1008 δρόμου
835 971 942 1006 ἀνολιγ-

146 1022 245 1058 ώρως’
265 1022 409 1056 εὐχόμενοι
427 1020 481 1054 καῖέ
496 1020 566 1054 ὑπὲρ
587 1019 637 1054 τῆς
650 1018 842 1049 ταπεινώσεως
862 1018 941 1053 ἡμῶν

147 1067 341 1099 ἀδιαλείπτως,
366 1066 428 1093 ἐπεὶ
451 1064 499 1092 καὶ
519 1066 600 1100 ἡμεῖς
621 1064 692 1100 ὑπὲρ
716 1064 767 1099 τῆς
784 1063 941 1098 τιμιότητος

147 1114 227 1149 ὑμῶν
237 1134 245 1147 ,
265 1114 290 1140 εί
308 1113 356 1139 καὶ
367 1110 526 1146 τολμηρῶς.
541 1111 636 1137 Πᾶσαν
652 1109 730 1144 ὑμῶν
745 1109 794 1143 τὴν
815 1109 939 1135 συνοδίαν

147 1161 218 1196 μετὰ
246 1160 294 1188 καὶ
315 1160 370 1186 τῶν
392 1158 494 1185 λοιπῶν
517 1157 674 1191 ἁδελφικῶς
700 1156 942 1192 προσαγορεύομεν

146 1208 180 1235 δι’
196 1208 283 1243 ὑμῶν.
302 1208 333 1233 Οἱ
352 1207 400 1233 σὺν
416 1206 493 1241 ἡμῖν,
511 1205 626 1231 πλεῖστα
637 1203 872 1239 προσαγορεύουσι
892 1203 941 1229 ei";

146 1254 303 1290 ἁγιωσύνην
323 1252 412 1289 ὑμῶν.

183 1323 206 1339 ³⁵
221 1321 300 1349 Rom.
318 1329 356 1355 ιιι,
376 1320 419 1348 19.

1004 237 1129 264 subimus
1144 236 1212 273 (27),
1222 238 1384 272 pupillorum
1399 246 1475 266 more
1485 239 1668 274 deplorantes,
1685 247 1750 267 vero
1767 244 1795 268 et

1004 282 1052 309 Dei
1076 288 1102 310 et
1122 283 1241 310 ﬁliorum
1276 284 1394 312 amantis
1415 284 1521 317 Patris,
1546 293 1590 312 res
1621 293 1793 314 enarramus.

1005 327 1076 355 Sane
1091 329 1133 356 vel
1153 329 1284 362 maxime,
1304 337 1365 356 cum
1388 337 1437 357 ceu
1455 330 1588 363 aviculas,
1619 330 1719 358 fratres
1743 338 1793 358 no-

1002 379 1087 407 stros,
1101 375 1170 402 alios
1186 376 1322 410 aliosque,
1332 384 1364 402 ex
1381 376 1442 403 aliis
1458 377 1574 412 aliisque
1586 377 1792 412 propinquiori-

1001 421 1054 449 bus
1063 428 1095 448 ac
1108 421 1303 449 remotioribus
1318 421 1397 455 locis,
1409 423 1441 448 atl
1458 428 1602 457 paternum
1631 425 1788 458 sepulcrum

1000 472 1187 500 occurrentes,
1204 468 1230 495 in
1248 468 1306 495 dies
1322 468 1475 502 videamus,
1488 469 1565 496 vultu
1583 470 1722 503 tetricoso,
1737 470 1791 497 im-

1001 514 1118 541 maniter
1132 515 1245 542 aluictos
1258 522 1290 542 ac
1307 515 1398 542 tristes
1416 515 1484 551 (“28).
1508 516 1665 551 squalidos,
1701 518 1791 552 lacry-

999 561 1053 589 tnis
1069 561 1242 596 dilIIucntes,
1272 570 1333 590 sese
1365 567 1596 598 contorquentes,
1619 571 1706 598 exque
1734 564 1790 592 imo

999 613 1110 642 pectore
1127 613 1277 643 gementes,
1293 613 1323 636 ut
1340 609 1381 636 vel
1402 617 1436 636 ex
1462 609 1525 644 ipso
1548 615 1673 646 aspectu,
1691 611 1787 646 quivis

998 655 1096 682 statim
1120 660 1251 690 agnoscat
1281 655 1419 683 alfcctum.
1444 655 1517 688 Quin
1541 659 1567 683 et
1593 656 1664 683 alios
1687 656 1788 690 plures,

997 700 1046 734 qui
1064 700 1090 726 in
1115 704 1233 735 utroque
1256 705 1369 735 paterna
1399 700 1530 728 beneﬁcia
1559 701 1698 728 consecuti
1723 700 1789 727 sint.

998 745 1051 773 Vos
1069 754 1161 781 porro,
1181 746 1346 779 beatissimi,
1362 747 1468 778 eadem,
1489 755 1521 774 ac
1536 747 1569 774 iis
1585 748 1664 781 plura
1687 746 1789 774 dixeri-

998 791 1042 823 tis,
1059 792 1111 819 hoc
1124 792 1157 818 ad
1175 791 1226 818 alia
1248 791 1432 826 deplorantes,
1455 793 1527 827 quod
1547 792 1584 819 sit
1598 796 1738 826 negatum,
1761 797 1790 819 ut

997 841 1038 864 ter
1053 837 1125 864 beati
1141 838 1190 864 viri
1204 838 1333 865 transilui
1349 843 1497 873 praesentes
1509 838 1615 866 essetis.
1631 838 1788 871 Enimvero,

995 882 1185 916 consolantini,
1199 891 1247 918 per
1258 891 1289 910 ea
1306 891 1367 918 qua:
1383 884 1499 911 audistis
1520 887 1548 911 et
1562 884 1690 918 speratis,
1708 883 1788 910 refri-

993 927 1123 963 gerioque
1136 928 1250 961 alacres,
1268 928 1404 963 reliqttum
1424 929 1525 956 bonum
1539 937 1649 956 cursum
1665 933 1786 956 vestrum

994 974 1110 1008 impigre
1126 974 1322 1008 proseqttimini
1338 983 1345 1003 :
1363 975 1445 1002 etiam
1467 974 1653 1002 indesinenter
1672 982 1721 1010 pro
1737 982 1787 1001 no-

992 1024 1048 1046 stra
1063 1020 1217 1047 hutnilitate
1231 1025 1385 1055 precantes,
1401 1020 1512 1056 quando
1527 1025 1554 1048 et
1565 1029 1614 1048 nos
1628 1028 1678 1056 pro
1695 1021 1786 1047 Itono-

992 1063 1076 1091 randa
1096 1069 1185 1092 vestra
1199 1065 1333 1092 eharitate
1350 1076 1356 1093 :
1377 1073 1535 1101 quanquam
1551 1066 1676 1094 videatur
1693 1066 1720 1093 id
1736 1073 1786 1092 au—

994 1109 1151 1138 daciuscule
1164 1111 1266 1138 dictum
1279 1119 1285 1136 :
1299 1111 1350 1138 Per
1364 1119 1422 1144 vos,
1436 1112 1556 1140 fraterne
1566 1113 1656 1141 saluto
1664 1118 1785 1140 vestrum

994 1163 1104 1183 omnem
1133 1162 1298 1184 conventum
1320 1163 1382 1184 cum
1409 1157 1533 1192 reliquis.
1562 1158 1611 1191 Qui
1640 1158 1785 1186 nobiseum

994 1207 1059 1230 sunt.
1092 1202 1190 1230 fratres
1216 1203 1364 1238 plurimum
1392 1204 1514 1231 salutant
1540 1204 1713 1232 sanctitatem
1741 1212 1784 1232 ve-

993 1254 1088 1277 stram.

188 1395 1768 1418 Mue—MM

503 1477 546 1508 ΙΝ
567 1472 886 1511 SUBSEQUENTEM
910 1472 1416 1505 NARRATIONEMMONITUM.

180 1549 220 1576 Ad
235 1555 294 1576 rem
310 1548 471 1577 canonicam
487 1549 566 1576 valde
582 1548 701 1584 pertinet
724 1547 848 1576 narratio
877 1546 1000 1582 quaedam
1024 1545 1129 1574 dissidii
1152 1546 1196 1573 vel
1222 1547 1315 1582 potius
1334 1546 1492 1574 schismatis
1509 1545 1645 1574 Theodori
1667 1545 1781 1573 Studitaa

144 1601 158 1620 a
174 1593 283 1621 duobus
299 1593 464 1628 patriarcltis
481 1591 597 1621 Tarasio
607 1597 634 1620 et
652 1592 823 1627 Nicephoro,
838 1592 910 1626 quod
927 1599 943 1618 a
963 1590 1052 1618 Studii
1074 1591 1172 1618 deinde
1200 1591 1345 1618 monachis
1375 1591 1456 1626 paulo
1483 1590 1567 1618 ditius
1588 1591 1779 1618 continuatum

144 1636 206 1665 fuit.
222 1635 260 1664 Ea
276 1643 339 1663 eutn
354 1636 423 1664 mihi
437 1641 585 1672 conspecta
602 1636 685 1664 fuerit
698 1637 726 1663 in
746 1636 814 1664 Cod.
833 1635 893 1662 Vat.
911 1635 1024 1670 praecisa
1040 1635 1188 1664 admodum
1201 1637 1233 1670 ,‘et
1249 1636 1317 1664 satis
1330 1635 1416 1668 utilis,
1437 1635 1501 1663 nolo
1513 1635 1640 1663 fraudare
1650 1635 1778 1668 lectores,

144 1688 220 1708 meos
234 1681 268 1708 de
283 1680 335 1708 hac
351 1680 544 1708 ecclesiasticae
554 1680 676 1708 historia:
690 1680 834 1715 particula.
851 1694 885 1700 —
899 1679 966 1706 Anc.
985 1678 1039 1706 MAI
1056 1679 1182 1716 Spicileg.
1201 1679 1280 1707 Rom.
1301 1685 1321 1707 t.
1343 1679 1398 1713 Vll,
1415 1688 1442 1714 p.
1465 1688 1540 1707 xxix.

143 1790 213 1826 Περὶ
236 1789 383 1824 Ταρασιου
396 1789 445 1816 καὶ
456 1790 629 1829 Νικηφόρον
645 1789 706 1817 τῶν
717 1791 753 1817 ἑν
769 1790 865 1826 ἁγίοις
877 1799 933 1818 πα-
947 1795 968 1824 c

454 1833 612 1858 τριαρχων.

177 1883 240 1910 ’Ότι
255 1883 393 1919 Ταράσιος
415 1883 463 1909 καὶ
482 1883 641 1918 Νικηφόρος
657 1884 682 1909 οἱ
697 1883 814 1918 ἀοίδιμοι
836 1892 934 1919 πατρι-

144 1929 228 1965 άρχαι
264 1928 421 1964 οἰκονομίας
452 1928 529 1960 τινὰς
560 1929 718 1962 ἀναγκαίως
747 1931 931 1965 ἐποιήσαντο,

140 1975 175 2001 δι’
192 1974 226 2006 ἃς
240 1974 288 2001 καὶ
303 1974 451 2010 ἀπέσχισεν
464 1974 560 2001 ἑαυτὸν
572 1975 604 2002 ἐκ
623 1975 675 2010 τῆς
700 1975 804 2003 τούτων
833 1985 931 2003 κοινω-

140 2021 200 2052 νίας
219 2021 233 2047 ό
254 2021 283 2047 ὲν
310 2020 398 2054 ἁγίοις
427 2020 566 2056 Θεόδωρος
594 2021 609 2048 ό
633 2021 791 2057 Στουδίτης,
814 2022 851 2054 ὡς
881 2023 930 2058 ἤδη

139 2065 376 2101 παρεδηλώσαμεν
387 2074 395 2082 ·
428 2066 553 2101 βούλεται
570 2065 617 2093 οὖν
641 2068 655 2093 ό
669 2067 748 2101 λόγος
764 2068 868 2098 ταύτας
891 2068 929 2095 δι-

138 2112 305 2148 ηγήσασθαι.
326 2113 356 2139 '0
383 2112 438 2148 γὰρ
455 2113 581 2148 βασιλεὺς
606 2114 820 2147 Κωνσταντῖνος,
844 2115 859 2140 ό
881 2113 931 2148 τῆς

1049 1790 1086 1817 De
1100 1791 1199 1818 sanctis
1214 1791 1374 1825 patriai-citis
1389 1790 1499 1818 Tarasio
1511 1795 1536 1818 et
1551 1790 1713 1826 Nicephoro.

1024 1883 1191 1912 Patriarchaa
1210 1883 1332 1910 celebres
1349 1882 1481 1911 Tarasius
1506 1887 1588 1918 atque
1605 1882 1776 1919 Nicephortts

986 1928 1207 1962 dispensationes
1226 1928 1359 1963 quasdam
1386 1927 1519 1961 fecerunt,
1549 1937 1667 1964 quarum
1691 1937 1775 1957 causa

990 1974 1128 2009 separavit
1144 1981 1174 2001 se
1189 1974 1223 2001 ab
1241 1974 1351 2000 illorum
1361 1975 1553 2002 communione
1569 1981 1679 2004 sanctus
1687 1975 1775 2003 Theo-

984 2021 1069 2048 dorus
1083 2019 1204 2051 Studita.
1227 2024 1257 2047 ut
1276 2020 1332 2054 jam
1359 2020 1585 2055 signiﬁcavimus.
1611 2021 1662 2049 Rei
1693 2022 1775 2058 igitur

985 2065 1101 2092 historia
1120 2059 1270 2100 'pandenda
1300 2070 1352 2092 est.
1380 2064 1532 2100 Imperator
1565 2066 1774 2099 Constantinus,

985 2112 1120 2148 religiosa:
1142 2112 1234 2140 lrenes
1245 2111 1328 2145 ﬁlius,
1343 2119 1429 2140 uxore
1446 2119 1495 2140 sua
1507 2112 1603 2147 ejecta,
1616 2117 1643 2141 et
1655 2121 1704 2148 per
1719 2113 1773 2140 vim

907 2161 1023 2190 ΝΟΤᾸΕ.

137 2219 318 2257 κεχρισμένος
333 2217 367 2257 ἦν
382 2219 588 2255 ἀρχιερωσύνης
597 2219 844 2257 τίί›>χρίσματι·λβίε
856 2220 927 2248 enim

136 2255 272 2292 ego’cutn
283 2262 336 2282 ms.
347 2255 502 2292 iungerem,
515 2262 575 2292 _non
589 2259 618 2292 ut
639 2255 743 2292 habent
766 2255 850 2292 edita,
863 2263 928 2292 cum

137 2289 318 2326 séquentihus
347 2289 551 2326 dermartyrio,
578 2290 612 2317 ad
629 2289 703 2324 quod
720 2290 840 2317 chrisma
863 2291 928 2318 illttd

138 2325 301 2359 pontiﬁcum
324 2325 510 2352 accidentario
532 2325 623 2356 habet,
646 2326 786 2352 communi
803 2326 927 2360 martyrii

137 2363 233 2389 laurea
253 2361 328 2387 omni
351 2360 492 2387 hominum
508 2361 591 2387 statui
607 2364 634 2387 et
647 2359 752 2393 ordini;
769 2368 819 2388 nec
836 2359 928 2389 minus

138 2398 171 2424 ad
186 2403 282 2423 omnes
302 2395 430 2426 habente,
445 2403 528 2430 quam
545 2395 643 2422 habeat
656 2395 757 2422 Christi
772 2395 924 2427 eharitas,Ia

138 2439 192 2467 qna
214 2436 266 2463 est,
286 2434 325 2467 ut
351 2431 511 2467 martyrium
532 2430 585 2463 sit;
614 2435 745 2467 operante
771 2431 800 2467 in
824 2438 871 2467 eo,
888 2435 927 2467 _ut

137 2465 239 2495 Christi
255 2466 382 2501 passione
395 2465 442 2501 per
456 2465 636 2501 imitationem
650 2465 750 2501 operis,
770 2465 807 2492 ita
823 2465 925 2500 Spiritu

137 2508 234 2528 sancto
247 2499 293 2536 per
307 2500 478 2536 potissimum
493 2499 648 2536 dilectionis
661 2500 796 2536 affectum,
810 2499 927 2536 ut’seite

135 2537 234 2563 doctor
261 2540 355 2562 noster
378 2535 518 2569 angelicus
532 2535 557 2561 5.
579 2543 605 2569 ιι.
620 2543 649 2569 q.
664 2535 709 2562 66.
726 2543 741 2562 a
757 2535 801 2562 ιο.
814 2535 871 2562 Non
886 2537 926 2564 sic

135 2571 177 2603 τὸ,
204 2570 351 2604 θεοφόρον·
367 2571 422 2597 sed
445 2571 478 2598 iis
496 2570 569 2596 velut
587 2570 726 2604 proprium
753 2575 804 2603 est.
825 2571 925 2606 quibus

135 2605 284 2639 Apostolus
294 2606 448 2632 doctrinam
468 2609 498 2632 ut
524 2605 661 2639 propriam
681 2606 776 2632 tribuit
799 2616 806 2632 :
829 2605 926 2641 nempe

135 2641 333 2676 pestoribttsret
347 2641 483 2675 episcopis
501 2649 507 2666 :
521 2648 591 2676 quos
604 2645 729 2674 oporteat
750 2641 784 2667 ab
808 2642 864 2675 ipsa
881 2649 926 2668 ra-

138 2677 212 2703 tione
225 2675 305 2703 ofﬁcii
326 2683 385 2703 esse
410 2676 462 2702 Deo
476 2676 591 2707 atllatos,
608 2683 640 2703 ac
663 2683 710 2703 cett
734 2676 843 2703 atllante
870 2676 925 2704 Deo

136 2711 235 2738 docere
247 2710 383 2745 subject-as
399 2711 501 2746 plebes;
517 2716 546 2738 ut
558 2711 709 2738 atiiomnes
720 2730 728 2743 ,
746 2713 803 2739 sive
825 2711 926 2741 Dama:

135 2753 246 2779 scenas,
256 2747 314 2773 sive
320 2746 490 2781 Theodorus.
502 2746 559 2774 sive
571 2746 715 2778 Maximus,
730 2751 778 2774 aut
788 2747 923 2781 Ephrtem,

134 2786 294 2817 nosterque
306 2780 501 2816 Hieronymus,
516 2789 548 2808 ac
562 2786 698 2816 quotquot
708 2790 763 2809 non
789 2782 920 2817 episcopi,

134 2823 199 2852 vere
215 2816 340 2852 θεοφόροι
357 2821 384 2844 et
396 2816 580 2851 ipsi-fuerunt,
607 2818 680 2844 velut
701 2818 818 2852 quadam
837 2818 920 2852 parti-

133 2850 273 2888 cipatione
296 2850 444 2886 pastoralis
457 2852 530 2888 illius
560 2851 683 2888 spiritus,
708 2850 845 2888 ejusmodi
860 2853 920 2880 fne—

135 2887 191 2914 rint
211 2896 218 2914 :
235 2887 307 2915 velut
321 2888 443 2915 seniores
459 2887 558 2922 quibus
574 2887 706 2916 Dominus
723 2889 756 2916 de
767 2888 848 2916 Musis
864 2889 918 2924 spi-

980 2220 1045 2251 ritn,
1066 2219 1188 2247 subsidio
1201 2219 1287 2245 cidem
1301 2217 1411 2249 futuris.
1424 2217 1540 2245 dederit.

1016 2255 1073 2288 (ετ)
1089 2255 1158 2286 Onia
1186 2259 1210 2281 et
1234 2259 1358 2280 naturam
1382 2254 1520 2285 discimus,
1542 2253 1572 2279 τὸ
1592 2253 1642 2287 τῆς
1657 2253 1768 2287 φύσεως

978 2290 1161 2325 πανθάνομεν.
1169 2289 1247 2317 Velut
1257 2290 1340 2320 dicat,
1350 2288 1567 2324 afﬁciornaturw
1574 2288 1768 2325 aﬂ'eqionibus,

978 2333 1009 2352 ac
1020 2323 1165 2359 praesentio
1177 2326 1202 2351 in
1222 2325 1264 2351 his
1281 2325 1412 2356 adversis,
1423 2328 1450 2351 et
1462 2324 1600 2359 communi
1613 2323 1767 2356 amictione,

977 2358 1051 2395 quod
1064 2364 1104 2387 cst
1119 2361 1248 2392 hominis,
1267 2367 1423 2395 quanquam
1443 2358 1613 2395 propositum
1624 2359 1707 2395 animi
1717 2366 1768 2395 stt-

978 2392 1061 2423 blime
1086 2399 1128 2422 est
1139 2416 1146 2428 ,
1161 2403 1193 2422 ac
1216 2395 1248 2422 ad
1264 2392 1386 2422 sanctam
1401 2392 1473 2420 illam
1491 2392 1626 2428 ἀπάθειαν
1641 2393 1766 2427 impellit.

980 2430 1086 2458 Similia
1101 2429 1158 2457 fere
1175 2430 1275 2464 Sttlpit.
1291 2430 1325 2457 de
1335 2429 1463 2464 lacrymis
1480 2428 1505 2455 itt
1518 2427 1593 2455 obitu
1610 2428 1681 2464 beati
1695 2428 1767 2456 Mar-

980 2466 1044 2499 tini;
1058 2473 1107 2493 nec
1118 2473 1184 2492 vero
1199 2463 1345 2500 Apostolus
1355 2463 1402 2492 eas
1415 2465 1551 2500 lacrymas
1567 2463 1702 2498 prohibet,
1718 2464 1766 2492 sed

979 2502 1074 2535 qttales
1085 2506 1150 2528 sunt
1165 2498 1258 2527 eorum
1275 2501 1321 2535 qui
1334 2507 1408 2534 spem
1428 2498 1483 2526 non
1502 2498 1679 2535 liabettt,_attt
1695 2500 1767 2535 velut

980 2533 1033 2562 non
1048 2536 1179 2563 haberent
1190 2533 1420 2570 minus—castigate
1431 2538 1458 2562 et
1469 2533 1601 2570 modestia
1609 2533 1765 2562 Christiana

980 2572 1166 2607 laerymantur
1185 2576 1212 2598 et
1229 2569 1424 2607 lamentantur,
1445 2570 1520 2597 velut
1538 2569 1610 2596 facto
1635 2573 1765 2607 negantes

979 2603 1210 2634 resurrectionem
1231 2616 1236 2632 :
1252 2607 1278 2633 in
1293 2614 1363 2640 quos
1382 2606 1617 2641 Chrysostomus,_
1635 2603 1716 2641 hnnt._
1729 2604 1760 2631 21

978 2641 1006 2669 in
1022 2643 1101 2674 Acta,
1117 2647 1144 2669 et
1157 2643 1170 2669 ι
1186 2642 1212 2668 in
1231 2638 1317 2676 Epist.
1335 2641 1367 2668 ad
1382 2638 1465 2668 Hebr.
1479 2640 1523 2667 ubi
1540 2643 1566 2666 et
1586 2638 1764 2676 edivinissime

978 2682 1098 2709 enarrat,
1116 2677 1190 2712 quod
1214 2674 1334 2704 Ecclesia
1350 2677 1424 2703 velut
1444 2674 1676 2712 resurrectionem
1695 2681 1763 2708 pm

977 2713 1072 2749 dicatis
1085 2710 1241 2739 inﬁdelium
1254 2712 1402 2749 exsequiis,
1413 2710 1608 2749 suavissimum
1619 2713 1747 2749 personat

977 2748 1142 2809 Carrtverleze,
1150 2748 1250 2780 anima,
1260 2748 1287 2774 in
1295 2744 1410 2782 requiem
1420 2753 1492 2773 tuan:
1499 2767 1506 2780 ,
1513 2745 1575 2780 quia
1584 2744 1712 2771 Dominus
1719 2744 1747 2772 ba

977 2792 1006 2809 ne
1020 2789 1068 2809 εειι
1082 2789 1100 2809 ΙΙ
1121 2792 1140 2809 ι.

975 2784 1068 2811 adfecit
1082 2784 1140 2810 tibi.

1082 2784 1244 2854 (igintanitcr
1256 2817 1372 2852 afﬂictos
1389 2827 1419 2845 ac
1434 2818 1535 2850 tristes,
1548 2814 1760 2854 ὲρικνωμένους.

973 2849 1034 2887 ριίο
1045 2849 1127 2881 sensu
1138 2849 1340 2888 llesychior'l‘b,
1354 2853 1513 2888 κνωμένων,
1523 2849 1759 2886 εείπονουμένων.

973 2896 998 2918 ct
1011 2890 1049 2924 τὺ,
1064 2890 1173 2924 κυῆῑαι,
1187 2889 1316 2923 λυπῆσαι.
