1925 3088
148 105 215 140 1851

866 111 1067 143 APPENDIX.

1715 110 1784 142 1852

145 169 239 197 tonsa,
254 164 336 192 aliam
353 165 570 194 subintroduxit.
585 166 618 194 Et
633 171 745 194 sanctus
760 167 870 202 quidem
884 167 936 194 Ta-

990 169 1165 205 φιλοχρίστου
1190 169 1309 204 Εἰρήνης
1334 167 1401 200 υίὸς,
1427 167 1475 203 τὴν
1490 167 1587 194 ἑαυτοῦ
1605 165 1720 201 σύμϐιον
1738 166 1784 198 ἐξ-

144 210 246 243 rasius,
261 211 308 245 qui
327 214 393 238 tunc
408 211 542 245 temporis
555 210 871 246 Constantinopolitanze
886 211 938 238 Ec-

144 255 235 282 clesiae
245 255 352 282 clavum
371 256 579 288 moderabatur,
597 264 710 291 prorsus
722 265 774 284 non
785 257 936 289 consensit;

145 300 194 328 sed
206 301 328 328 ecclesiae
342 302 485 336 presbyter
503 302 627 336 quidam,
652 302 764 329 nomine
788 301 936 338 Josephus,

143 345 206 374 illos
219 347 372 374 coronavit.
391 346 469 374 Tunc
488 355 553 382 ergo
568 354 683 382 magnus
703 347 866 375 Theodorus
886 348 936 375 im—

126 380 296 426 iperatorem
315 392 409 419 divino
424 392 482 419 zelo
499 397 655 420 commotus
673 394 933 426 excommunieavit,

142 442 170 466 et
189 446 238 465 ceu
253 438 374 473 graviter
387 443 482 466 contra
498 439 543 473 jus
557 443 682 477 agentem
703 440 854 475 redarguit,
873 441 936 468 aliis

142 484 238 511 multis
257 484 426 518 propositum
441 484 501 519 ejus
525 485 671 519 zelumque
683 486 851 513 sectantibus
870 495 877 513 :
898 487 936 514 si-

143 530 255 565 mulque
282 530 419 565 separavit
435 538 464 557 se
489 531 523 557 ab
537 530 660 558 Ecclesia
677 535 703 558 et
724 539 739 558 a
760 533 934 568 patriarcha;

142 576 207 611 quia
229 577 337 604 etiamsi
359 577 462 612 nuptiis
485 577 587 605 illicitis
610 586 663 605 non
687 585 865 607 consenserat
886 588 935 614 pa-

142 622 273 655 triarcha,
288 623 359 650 haud
379 627 469 650 tamen
486 627 582 650 contra
594 623 690 656 iverat,
709 633 796 659 neque
810 626 934 653 divinum

143 668 230 696 zelum
251 669 382 696 adversus
398 670 590 704 imperatorem
612 672 678 698 tanti
692 671 785 707 ﬂagitii
798 680 874 699 reum
886 680 935 699 ex-

142 720 325 750 prompseral.
341 715 394 743 Sed
409 721 554 751 postquam
572 717 627 744 Deo
649 718 756 746 vindice
773 718 934 745 Constanti-

143 769 196 789 nus
214 767 366 789 exctecalus
393 762 456 795 fuit,
471 768 498 790 et
526 763 609 798 hujus
629 771 740 799 quoque
757 769 844 792 mater
858 764 935 792 lrene

143 806 259 842 imperio
273 808 382 841 excidit,
410 808 433 836 is
450 809 496 843 qui
513 809 583 837 hanc
613 810 721 838 insidiis
745 811 934 838 exauctoravit

142 851 315 887 Nicephorus
338 857 446 888 sceptro
471 854 585 889 potitus,
612 855 685 882 inter
710 855 764 883 alia
788 863 932 891 perperam

142 903 308 933 perpetrata,
328 907 439 934 operam
465 900 540 927 dedit
566 903 595 927 ut
616 901 764 934 praedictus
791 903 934 937 presbyter

142 941 288 976 Josephus,
306 942 363 978 jam
379 945 467 972 sacris
476 946 618 978 exclusus,
637 953 735 974 rursus
747 946 774 973 in
787 947 933 975 ecclesiam

143 987 322 1022 reciperetur.
335 988 406 1016 Tum
420 995 532 1018 sanctus
549 991 732 1026 Nicephorus,
756 993 857 1020 mortui
877 993 933 1028 jam

144 1032 250 1061 Tarasii
264 1042 421 1069 successor,
442 1036 590 1072 Nieephori
609 1038 784 1073 imperatoris
799 1040 934 1067 voluntati

143 1080 348 1113 condescendit,
361 1085 388 1109 et
405 1082 556 1117 Josephum
570 1084 693 1111 admisit.
722 1084 810 1117 Quam
825 1086 860 1112 ob
877 1093 934 1112 rem

144 1132 242 1152 rursus
264 1134 379 1161 magnus
397 1127 560 1156 Theodorus
579 1129 614 1156 ah
636 1129 720 1163 hujus
735 1138 844 1165 quoque
860 1138 936 1158 com-

145 1173 276 1199 munione
295 1177 383 1200 semet
403 1175 530 1202 srcrevit.
556 1175 589 1202 Et
613 1176 724 1210 quidem
743 1177 799 1210 jam
817 1177 880 1205 itide
901 1178 936 1205 ab

146 1217 224 1244 initio
246 1224 359 1246 sanctus
383 1219 544 1249 Theodorus
577 1221 750 1256 iniquitatem
780 1222 853 1250 illam
880 1231 936 1251 non

147 1264 267 1297 tulerat;
294 1273 452 1301 quanquam
481 1267 679 1295 Constantinus
705 1268 855 1303 imperator
879 1278 938 1297 inu-

146 1317 211 1336 nera
244 1318 353 1345 quoque
380 1312 527 1346 obtulerat,
555 1321 673 1348 eumque
698 1315 811 1342 omnino
829 1316 938 1350 placare

145 1360 280 1390 sategerat
292 1361 347 1384 tum
362 1359 419 1392 ipse
430 1358 525 1393 per[se,
539 1363 596 1386 tum
605 1367 652 1393 per
665 1360 780 1392 aiios,et
793 1369 839 1396 per
850 1362 937 1396 ipsam

146 1400 264 1435 denique
279 1401 449 1437 illegitimam
469 1403 627 1438 eonjugem,
645 1412 706 1438 quze
717 1404 864 1433 Theodoro
879 1411 938 1434 erat

146 1447 234 1475 aﬂinis
253 1457 259 1475 :
279 1457 368 1484 neque
383 1450 459 1481 item,
477 1451 640 1486 gravissima
660 1453 695 1479 ab
709 1453 755 1480 illo
777 1461 937 1487 perpessus,

990 215 1074 248 ώσας,
1086 216 1133 242 καὶ
1142 215 1293 249 ἀποκείρας
1302 215 1422 242 ἄκουσαν
1432 214 1479 240 καὶ
1486 213 1523 248 μὴ
1536 212 1713 248 βουλομένην,
1723 212 1784 239 ἑτέ-

991 271 1041 298 ραν
1057 263 1114 288 ἀντ’
1125 262 1210 296 αὐτῆς
1224 260 1346 295 ἠγάγετο
1358 268 1364 275 ·
1378 261 1425 286 καὶ
1439 261 1453 286 ὁ
1470 259 1518 294 μὲν
1544 259 1622 293 ἅγιος
1645 258 1783 294 Ταράσιος

992 305 1081 343 (οὗτος
1095 307 1150 342 γὰρ
1161 305 1196 342 ἦν
1208 306 1360 342 τηνικαῦτα
1375 305 1439 336 τοὺς
1453 305 1549 336 οἴακας
1567 303 1664 330 ἰθύνων
1691 304 1742 338 τῆς
1755 304 1784 329 ὲν

989 352 1281 380 Κωνσταντινουπόλει
1305 350 1481 385 Ἑκκλησίας,
1499 349 1568 381 ὅλως
1581 350 1621 381 εἰς
1644 348 1724 376 τοῦτο
1750 348 1781 374 οὺ

990 399 1187 433 συνευδόκησεν
1198 406 1207 414 δ
1220 397 1287 424 ἀλλὰ
1296 397 1484 432 πρεσὸύτερός
1498 404 1541 427 τις
1552 397 1602 430 τῆς
1616 394 1782 428 Ἑκκλησίας

988 446 1076 481 ινομα
1099 444 1210 479 Ἰωσὴφ,
1224 443 1414 478 ἐστεφάνωσεν
1430 441 1530 473 αὐτούς
1545 449 1551 456 ·
1568 441 1631 467 τότε
1659 440 1750 466 τοίνυν
1767 440 1783 465 ὁ

990 491 1076 527 μέγας
1094 490 1232 525 Θεόδωρος
1245 489 1290 516 τὸν
1308 488 1421 524 βασιλέα
1437 487 1487 523 μὲν
1505 486 1681 522 ἀπεκήρυξεν
1707 485 1783 521 ζήλῳ

988 537 1053 572 θείῳ
1068 535 1297 570 κινούμενος,κα“ι
1311 535 1349 566 ὠς
1362 535 1392 561 οὺ
1409 533 1528 569 μετρίως
1543 532 1783 567 παρανομήσαντα

987 583 1114 618 ἦλεγξεν,
1133 581 1376 616 ἀκολουθησάντων
1391 579 1431 614 τῷ
1445 578 1529 606 αὑτοῦ
1558 577 1654 613 σκοπῷ
1681 587 1710 604 τε
1733 577 1782 604 καὶ

987 628 1059 664 ζήλῳ
1071 629 1118 654 καὶ
1126 628 1214 655 ἄλλων
1228 626 1371 653 πλειόνων·
1383 624 1539 660 ἀφώρισεδὲ
1553 624 1704 658 ἑαυτδντῆς
1719 623 1783 649 Ἐκ-

987 675 1102 710 κλησίας
1117 674 1165 701 καὶ
1176 673 1224 700 τοῦ
1237 673 1411 708 πατριάρχου
1431 680 1437 687 ”
1452 671 1520 698 διότι
1533 671 1557 697 εἰ
1571 671 1619 697 καὶ
1633 670 1671 705 μὴ
1682 677 1779 697 συνευ-

986 721 1101 756 δόκησεν
1124 721 1164 751 εἰς
1193 720 1240 746 τὸν
1262 719 1423 754 παράνομον
1450 718 1540 751 γάμον
1557 718 1570 743 ὁ
1593 716 1780 752 πατριάρχης.

986 767 1043 794 ἀλλ’
1055 767 1110 793 οὐδ’
1126 765 1353 800 ὲπεξῆ).θεν,οὒδὲ
1362 764 1442 798 ζῆλον
1451 764 1522 790 θεῖον
1535 762 1693 795 ἐπεδείξατο
1710 761 1782 788 κατὰ

985 812 1033 839 τοῦ
1057 811 1219 847 τηλικοῦτον
1245 812 1322 843 μῖσος
1338 809 1528 846 ἐργασαμένου
1545 808 1689 843 βασιλέως.
1709 807 1782 834 Ἀλλ’

988 858 1056 894 μετὰ
1084 858 1134 893 τὴν
1163 858 1195 884 ὲκ
1222 857 1298 887 Θείας
1323 856 1401 891 δίκης
1426 855 1465 890 τῷ
1485 854 1681 889 Κωνσταντίνῳ
1698 854 1782 881 ἐπεν-

986 903 1112 939 εχθεῖσαν
1124 902 1272 937 τύφλωσιν,
1282 902 1328 927 καὶ
1336 901 1386 936 τὴν
1396 902 1428 927 ὲκ
1440 900 1488 935 τῆς
1498 899 1638 934 βασιλείας
1649 897 1782 932 καθαίρε-

987 959 1029 977 σιν
1046 950 1163 985 Εἰρήνης
1177 949 1227 983 τῆς
1245 948 1340 975 τούτου
1355 947 1468 982 μητρδς,
1481 947 1496 973 ὁ
1510 945 1613 980 ταύτην
1625 944 1655 976 ἐξ
1670 943 1781 970 ἐπιϐου-

986 997 1035 1031 λῆς
1049 995 1173 1023 καθελὼν
1200 994 1359 1030 Νικηφόρος
1387 993 1442 1019 τῶν
1461 993 1609 1027 σκήπτρων
1641 989 1782 1026 ἐγκρατὴς

986 1042 1143 1076 γενόμενος,
1160 1042 1227 1076 μετὰ
1241 1040 1296 1067 τῶν
1311 1039 1399 1067 ἄλλων
1412 1035 1449 1064 ὧν
1465 1038 1515 1064 οὐκ
1528 1036 1635 1070 εὐαγῶς
1649 1034 1780 1070 ἔπραξεν,

987 1086 1136 1118 ἐσπούδαζε
1152 1087 1200 1113 καὶ
1215 1086 1261 1112 τὸν
1275 1084 1462 1121 προλεχθέντα
1477 1082 1665 1118 πρεσϐύτερον
1680 1079 1782 1114 Ἰωσὴφ

986 1132 1182 1169 καθῃρημένον
1201 1132 1263 1166 ἠδη,
1278 1131 1407 1165 δεχθῆναι
1422 1129 1504 1156 πάλιν
1520 1129 1549 1155 ὲν
1574 1129 1608 1163 τῇ
1624 1125 1760 1160 ἐκκλησίᾳ
1773 1132 1780 1139 ·

987 1170 1001 1207 δ
1019 1180 1048 1206 δὲ
1069 1181 1099 1206 ἐν
1112 1179 1200 1213 ἁγίοις
1213 1178 1382 1212 Νικηφόρος,
1401 1176 1592 1210 διαδεξάμενος
1611 1173 1661 1209 ήδη
1685 1172 1781 1198 τελευ-

987 1226 1110 1260 τήσαντα
1122 1225 1167 1251 τὸν
1181 1224 1327 1259 Ταράσιον,
1345 1221 1503 1257 συγκατέὸη
1528 1221 1561 1256 τῇ
1576 1218 1624 1246 τοῦ
1647 1217 1782 1253 βασιλέως

988 1271 1148 1306 Νικηφόρον
1168 1270 1280 1304 σπουδῇ,
1299 1269 1347 1296 καὶ
1362 1268 1516 1300 εἰσεδέξατο
1526 1266 1571 1293 τὸν
1592 1265 1693 1298 Ἰωσήφ
1703 1271 1710 1278 ·
1721 1262 1783 1289 ὃθεν

988 1317 1071 1344 πάλιν
1086 1318 1099 1343 ὁ
1118 1315 1353 1351 μέγαςλθεόδωρος
1363 1313 1409 1340 καὶ
1424 1313 1456 1339 ὲκ
1471 1313 1520 1347 τῆς
1531 1311 1628 1337 τούτου
1638 1308 1781 1340 κοινωνίας

989 1362 1211 1397 ἀπορρήγνυται·
1222 1360 1279 1386 ἀλλ’
1294 1359 1377 1390 αὐτὸς
1390 1358 1441 1393 μὲν
1467 1358 1480 1384 ὁ
1493 1357 1521 1383 ὲν
1536 1355 1625 1390 ἁγίοις
1642 1354 1784 1389 Θεόδωρος

989 1408 1052 1435 οὔτε
1069 1408 1099 1440 ἐξ
1115 1408 1202 1442 ἀρχῆς
1213 1408 1246 1442 τῇ
1270 1406 1430 1440 παρανομίᾳ
1457 1403 1604 1431 συνθέσθαι
1632 1401 1764 1436 ἠνέσχετο
1775 1421 1783 1433 ,

991 1455 1095 1490 καίπερ
1110 1453 1157 1480 τοῦ
1173 1452 1307 1488 βασιλέως
1320 1451 1530 1478 Κωνσταντίνου
1544 1449 1591 1476 καὶ
1605 1448 1680 1483 δῶρα
1712 1455 1783 1482 προ-

146 1493 242 1520 exsilia
265 1495 380 1528 scilicet,
405 1503 545 1529 carceres,
572 1497 680 1533 longam
707 1498 818 1531 famem,
852 1500 936 1535 plagis

989 1500 1135 1531 τείνοντος,
1155 1499 1203 1525 καὶ
1219 1497 1354 1528 παντοίως
1368 1494 1541 1523 τιθασσεύειν
1565 1494 1648 1520 αὑτὸν
1680 1493 1785 1526 ἐπιχει-

146 1539 227 1566 etianl
241 1540 322 1568 dorso
338 1541 459 1574 inflictis,
482 1547 509 1570 et
527 1543 695 1571 omnimodis
709 1546 887 1579 cruciatibus,
904 1547 938 1575 de

145 1585 238 1613 divino
253 1587 311 1614 telo
327 1588 476 1623 quidquam
494 1591 609 1624 remis-it,
622 1598 710 1625 neque
727 1593 839 1627 segnius
871 1593 939 1621 resi-

145 1637 221 1661 stere
242 1634 317 1662 visus
333 1639 384 1662 est.
406 1635 533 1664 Profecto
563 1638 621 1665 lere
651 1638 736 1666 videri
751 1647 804 1666 non
831 1643 937 1674 poterat

147 1684 229 1708 tanta:
245 1681 354 1708 virtutis
373 1682 431 1708 viro
447 1682 621 1712 Constantini
642 1686 789 1721 ﬂagitium,
807 1686 881 1722 quod
903 1687 938 1714 ab

147 1728 312 1762 imperatore
335 1731 472 1765 inceptum
508 1731 542 1758 ad
567 1731 748 1766 plurimarum
779 1733 936 1760 animarum

146 1771 352 1800 subversionem
373 1774 431 1809 jam
451 1774 632 1802 redundabat.
663 1775 771 1803 Etenim
804 1777 936 1805 mortales

147 1818 236 1851 multi,
258 1820 408 1853 prtesertim
431 1820 463 1847 ad
482 1820 623 1847 libidinem
644 1821 734 1856 proni,
758 1830 853 1849 ansam
875 1822 937 1849 inde

147 1862 312 1897 abripientes
326 1865 357 1891 ad
375 1872 441 1892 suas
453 1865 602 1899 explendas
623 1866 839 1900 intemperantes
858 1866 937 1900 cupi-

145 1907 253 1940 ditates,
274 1908 331 1943 jam
352 1915 481 1944 tanquam
499 1910 585 1945 legem
607 1910 739 1945 ﬂagitium
763 1912 938 1946 imperatoris

145 1953 331 1986 sectabantur,
364 1955 498 1990 legitimas
524 1955 649 1990 pellendo
672 1963 783 1988 uxores,
810 1961 837 1983 et
867 1957 935 1985 alias

145 2002 228 2033 prout
239 1999 338 2035 cuique
355 2001 441 2035 magis
452 2001 595 2035 placebant
608 2002 659 2029 sibi
679 2002 849 2036 copulantes.
861 2002 937 2032 llanc

145 2049 249 2079 pestem
263 2045 320 2080 jam
338 2047 371 2073 ad
383 2047 474 2081 plures
496 2048 622 2081 regiones
639 2043 809 2075 manantem'
820 2057 936 2077 ccruens

147 2097 263 2124 magnus
279 2091 451 2125 Theodorus,
468 2093 618 2120 commovit
634 2093 692 2128 ipse
710 2102 789 2121 suum
804 2095 937 2124 adversus

148 2135 342 2171 imperatorem
359 2138 482 2165 divinum
500 2139 598 2172 zelum,
616 2144 646 2166 ut
664 2140 796 2174 diximus,
815 2145 842 2168 et
853 2142 887 2168 ad
903 2142 936 2169 li-

147 2190 210 2210 nem
231 2191 317 2218 usque
341 2184 481 2213 dissensit.
499 2185 585 2212 Porro
602 2193 636 2213 ex
658 2186 739 2214 dictis
761 2187 936 2223 patriarchis,

147 2229 226 2259 divus
243 2230 353 2265 quidem
376 2230 508 2259 Tarasius
528 2232 589 2259 ideo
608 2233 814 2266 condescendit,
837 2237 865 2261 et
887 2234 938 2262 hoc

147 2275 272 2310 iniquutn
302 2276 475 2304 Constantini
506 2277 614 2306 facinus
649 2279 844 2311 dissimulavit,
872 2280 937 2314 quia

147 2321 304 2349 minabatur
319 2323 388 2350 idem
400 2323 598 2351 Constantinus
627 2324 788 2359 imperator,
810 2325 864 2353 nisi
881 2333 938 2353 sua:

146 2368 279 2395 voluntati
293 2369 402 2396 cederet
413 2369 580 2404 patriarcha.
597 2379 626 2398 se
640 2371 809 2406 superiorem
820 2371 938 2406 impera-

146 2417 237 2441 torum
249 2414 375 2442 haeresim
388 2416 616 2447 instauraturum,
634 2421 661 2444 et
673 2417 843 2445 venerandas
873 2425 938 2445 san-

146 2465 263 2495 ctasque
286 2461 420 2495 imagines
441 2462 532 2489 denuo
547 2462 763 2490 destructurum.
790 2463 937 2498 Propterea

146 2505 229 2541 igitur
246 2506 336 2533 visum
350 2511 392 2534 est
405 2507 429 2534 ei
443 2506 615 2542 aliquantum
630 2507 664 2535 de
677 2508 805 2536 districto
816 2509 879 2544 jure
893 2517 936 2537 re-

146 2551 264 2585 mittere,
284 2559 320 2580 ne
338 2553 377 2580 rei
391 2561 528 2581 summam
547 2554 747 2588 pessumdaret.
770 2555 805 2582 At
824 2560 937 2584 sanctus

145 2596 327 2634 Nicephorus,
353 2607 415 2626 cum
439 2600 517 2627 valde
539 2604 620 2627 antea
643 2600 790 2628 restitisset
813 2603 937 2636 regnanti

146 2648 208 2678 post
223 2643 434 2672 Constantinum
455 2644 609 2680 Nicephoro
623 2654 631 2679 ;
656 2650 750 2681 postea
764 2651 856 2673 tamen
871 2654 937 2674 con-

146 2691 295 2718 tumaciam
326 2691 409 2726 hujus
433 2692 588 2728 mentisque
620 2693 782 2728 pravitatem
814 2694 938 2728 apprime

146 2736 247 2769 sciens,
263 2737 418 2772 timensque
435 2746 468 2766 ne
481 2738 628 2774 aliquando
644 2746 688 2766 res
700 2746 797 2767 omnes
806 2739 938 2767 ecclesia-

147 2782 231 2813 sticas
256 2784 379 2812 turbaret
400 2792 432 2812 ac
449 2786 638 2820 permisceret,
661 2785 859 2813 condescendit
880 2786 938 2820 ipse

146 2835 267 2869 quoque,
289 2834 316 2858 et
347 2836 554 2861 exauctoratum
587 2830 735 2867 Josephum
760 2830 872 2867 recepit,
895 2831 935 2860 uti

993 1546 1101 1582 ροῦντος
1118 1545 1163 1572 διὸ.
1177 1552 1207 1571 τε
1222 1542 1331 1575 ἑαυτοῦ,
1348 1542 1396 1568 καὶ
1409 1542 1442 1568 δι’
1455 1541 1569 1576 ἐτέρων,
1585 1539 1632 1566 καὶ
1645 1538 1679 1565 δι’
1698 1537 1784 1572 αὐτῆς

989 1592 1022 1626 δὴ
1037 1592 1085 1627 τῆς
1098 1591 1226 1625 ἁθέσμως
1241 1588 1315 1623 αὐτῷ
1329 1587 1542 1621 συνοικησάσης,
1558 1583 1709 1618 συγγενοῦς
1737 1583 1784 1609 οὗ·

991 1647 1041 1674 σης
1060 1637 1106 1664 τοῦ
1123 1637 1228 1672 Πατρός
1240 1645 1247 1650 -
1262 1634 1324 1661 οὗτε
1349 1632 1427 1665 αὖθις
1441 1633 1474 1659 τᾶι
1492 1631 1634 1659 δεινότατα
1662 1629 1783 1660 ὑποστὰς

990 1686 1055 1720 παρ’
1068 1683 1150 1710 αὑτοῦ
1159 1684 1186 1708 ἐν
1195 1681 1324 1716 ἐξορίαις,
1333 1680 1379 1706 καὶ
1390 1680 1521 1714 εἱρκταῖς,
1531 1677 1578 1704 καὶ
1591 1676 1664 1711 λιμῷ
1673 1676 1783 1710 μακρῷ,

990 1733 1108 1767 πληγαῖς
1125 1738 1154 1756 τε
1170 1731 1230 1761 ταῖς
1243 1728 1316 1756 κατὰ
1331 1728 1386 1755 τῶν
1400 1727 1504 1758 νώτων,
1517 1725 1564 1752 καὶ
1580 1724 1722 1755 παντοίαις
1733 1731 1786 1749 κα-

991 1777 1103 1809 κώσεσι,
1120 1775 1262 1810 καθυφῆκέ
1275 1784 1301 1801 τι
1319 1774 1367 1801 τοῦ
1384 1773 1456 1800 θείου
1469 1771 1562 1807 ζήλου,
1581 1771 1597 1806 ἢ
1610 1770 1679 1801 ὅλως
1694 1770 1785 1804 ἥττων

989 1822 1066 1857 ὤφθη
1082 1823 1132 1857 τὴν
1148 1821 1282 1848 ἔνστασιν.
1293 1820 1331 1846 (ὶὺ
1346 1819 1401 1855 γὰρ
1414 1817 1447 1854 ἦν
1468 1817 1584 1853 ἐλαφρὸν
1604 1817 1693 1843 δοκεῖν
1707 1814 1786 1850 ἀνδρὶ

989 1867 1109 1903 τοσούτῳ
1117 1867 1165 1902 τὴν
1174 1866 1275 1902 ἀρετὴν
1284 1865 1314 1892 τδ
1322 1865 1369 1892 τοῦ
1377 1863 1583 1891 Κωνσταντίνου
1594 1861 1784 1897 παράπτωμα”

991 1915 1039 1942 καὶ
1054 1914 1109 1949 γὰρ
1126 1914 1172 1940 ἀπ’
1188 1912 1270 1939 αὐτοῦ
1287 1911 1384 1938 τούτου
1400 1910 1447 1937 τοῦ
1466 1909 1597 1944 βασιλέως
1629 1907 1785 1944 ἀρξάμενον

990 1962 1029 1992 είς
1043 1959 1238 1995 καταστροφὴν
1256 1957 1361 1993 μυρίων
1380 1956 1475 1992 ψυχῶν
1503 1955 1554 1990 ἤδη
1583 1954 1761 1989 προέὃαινειν
1774 1960 1783 1967 ·

990 2006 1014 2032 οἱ
1029 2005 1083 2039 γὰρ
1099 2004 1192 2031 πολλοὶ
1205 2003 1260 2030 τῶν
1275 2001 1439 2037 ἀνθρώπων,
1465 2001 1511 2027 καὶ
1525 2000 1625 2035 μᾶλλον
1639 2000 1663 2026 οἱ
1688 2000 1784 2033 ὲμπα-

990 2052 1123 2086 θέστεροι,
1139 2051 1266 2086 ἀφορμὴν
1275 2050 1306 2077 ὲκ
1318 2049 1412 2075 τούτου
1427 2048 1611 2083 λαμϐάνοντες
1626 2047 1666 2078 είς
1678 2045 1785 2081 ὲκπλήω

992 2106 1076 2133 ρωσιν
1101 2096 1156 2123 τῶν
1172 2095 1330 2122 ἀκολάστων
1346 2094 1436 2121 αὐτῶν
1452 2093 1617 2127 ἐπιθυμιῶν,
1643 2091 1680 2122 ὡς
1708 2091 1786 2125 νόμῳ

990 2142 1070 2177 δῆθεν
1085 2142 1118 2176 τῇ
1150 2140 1308 2176 παρανομίᾳ
1320 2139 1368 2166 τοῦ
1386 2138 1518 2174 βασιλέως
1533 2138 1651 2169 εἵποντο,
1670 2137 1720 2167 τὰς
1734 2135 1784 2171 μὲν

953 2189 975 2216 Ι)
991 2189 1062 2216 κατὰ
1079 2189 1161 2224 νόμον
1180 2188 1231 2224 ἤδη
1256 2187 1452 2222 συζευχθείσας
1474 2186 1567 2216 αὐτοῖς
1579 2185 1713 2218 γυναῖκας
1736 2183 1785 2208 ἐκ·

990 2233 1144 2266 ϐάλλοντες,
1161 2232 1258 2268 ἑτέρας
1280 2232 1309 2258 δὲ
1328 2232 1418 2267 ἇσπερ
1435 2227 1508 2266 εἶχον
1522 2228 1708 2263 καταθυμίους
1726 2226 1785 2252 εἱσ-

990 2280 1156 2314 οικιζόμενοι
1180 2286 1186 2292 ·
1215 2277 1319 2312 ταύτην
1351 2277 1401 2312 τὴν
1427 2276 1518 2311 λύμην
1542 2275 1583 2307 εἱς
1606 2273 1708 2304 πολλὰς
1731 2272 1784 2307 ἤδη

989 2326 1194 2362 διαδραμοῦσαν
1203 2323 1294 2360 χώρας
1303 2324 1397 2359 ὁρῶνῤ
1410 2323 1497 2358 μέγας
1505 2322 1656 2365 βεόδωρος,
1669 2319 1784 2355 ὲκίνησέ

989 2382 1019 2399 τε
1034 2372 1105 2399 κατὰ
1126 2371 1175 2398 τοῦ
1196 2369 1328 2406 βασιλέως
1342 2369 1388 2396 τὸν
1402 2368 1474 2395 θεῖον
1497 2368 1590 2403 ζῆλον,
1603 2367 1641 2398 ὡς
1656 2366 1783 2400 εἴπομεν,

989 2419 1037 2445 καὶ
1061 2418 1143 2453 μέχρι
1158 2416 1250 2447 τέλους
1268 2415 1349 2442 αὑτὸν
1364 2415 1527 2450 διετήρησεν
1541 2422 1549 2431 ·
1574 2414 1622 2441 καὶ
1638 2410 1715 2445 οὗτος
1734 2412 1785 2447 μὲν

989 2464 1070 2492 οὕτω.

1024 2510 1085 2537 Τῶν
1097 2510 1125 2536 δὲ
1139 2508 1380 2546 μνημονευθέντων
1395 2507 1575 2544 πατριαρχῶν
1603 2507 1617 2534 ὁ
1633 2506 1684 2542 μὲν
1709 2505 1783 2537 θεῖος

989 2556 1126 2592 Ταράσιος
1146 2555 1190 2582 διὰ.
1200 2555 1280 2581 τοῦτο
1296 2554 1453 2590 συγκατέδη
1483 2554 1531 2581 καὶ
1555 2552 1714 2588 ὲφησύχασε
1744 2550 1785 2587 τῷ

987 2602 1102 2637 τοιούτῳ
1111 2601 1224 2638 ἁθέσμῳ
1231 2601 1278 2627 τοῦ
1290 2600 1496 2627 Κωνσταντίνου
1506 2598 1783 2636 δραματουργήματι,

989 2646 1086 2682 ἐπειδὴ
1104 2645 1212 2682 ἠπείλει
1229 2647 1242 2673 ὁ
1257 2646 1338 2678 αὐτὸς
1355 2646 1561 2676 Κωνσταντῖνος
1575 2645 1590 2671 ὁ
1605 2643 1744 2679 βασιλεὺς,
1757 2642 1783 2668 εἰ

992 2694 1042 2729 μὲν
1058 2693 1097 2728 τῷ
1129 2691 1212 2719 αὑτοῦ
1235 2692 1368 2727 θελήματι
1400 2690 1535 2726 ὑποκύψει
1555 2692 1570 2717 ὁ
1596 2689 1783 2725 πατριάρχης,

988 2740 1042 2767 τῶν
1059 2739 1173 2774 ἔναγχος
1191 2738 1408 2773 βασιλευσάντων
1425 2737 1473 2773 τὴν
1494 2737 1601 2772 αἵρεσιν
1626 2734 1783 2763 ἀνανεώσα-

990 2786 1063 2818 σθαι,
1088 2786 1134 2813 καὶ
1156 2785 1205 2817 τὰς
1222 2785 1322 2817 σεπτὰς
1337 2785 1385 2812 καὶ
1398 2783 1479 2818 ἁγίας
1497 2783 1604 2814 εἰκόνας
1620 2781 1702 2809 πάλιν
1717 2780 1784 2807 καθ-

989 2833 1127 2871 αιρήσειν·
1154 2832 1250 2862 τούτου
1275 2840 1322 2859 ουν
1351 2830 1440 2866 ἔδοξεν
1466 2830 1559 2857 ἕνεκεν
1580 2828 1656 2864 αὐτῷ
1685 2827 1783 2865 μικρὸν
