1925 3088
166 129 234 159 3853

693 134 741 165 DE
761 134 972 165 SCHISMATE
992 134 1036 163 ST
1038 133 1062 163 U
1068 133 1243 163 DlTARUM

1726 135 1793 166 1854

161 184 283 212 ὶνδοῦναι
297 185 348 220 τῆς
360 185 513 222 ἀκριϐείας,
524 188 566 215 ῑνα
583 187 620 224 μὴ
628 188 759 215 ἀπολέσαι
773 188 807 215 τὰ
824 187 939 223 μέγιστα

1001 186 1104 224 dictum
1126 191 1177 213 est.
1198 185 1389 215 Verumtamen
1410 191 1501 216 utrum
1526 195 1641 224 magnus
1661 189 1788 218 Theodo~

163 231 176 256 ὁ
189 230 218 256 δὲ
233 231 262 256 ἐν
280 231 368 264 ἁγίοις
380 232 539 270 Νικηφόρος
554 233 641 260 πολλά
655 234 789 269 πρότερον
805 234 950 260 ἀντικατα-

163 276 228 308 στὰς
247 276 286 312 τῷ
301 277 371 312 μετὰ
381 278 468 305 ταῦτα
479 279 668 314 βασιλεύσαντι
679 279 838 315 Νικηφόρῳ,
854 279 951 306 ἔπειτα

160 320 191 347 τὸ
222 320 374 356 δύστροπον
394 323 478 350 αὑτοῦ
498 325 545 350 καὶ
560 324 591 351 τὸ
609 324 659 359 τῆς
675 324 789 360 γνώμης
803 324 950 355 κακοθελὲς

160 367 282 402 ἀκριὸὦς
295 367 486 403 ἐπιστάμενος,
502 370 550 396 καὶ
565 369 742 405 ὑφορώμενος
771 370 808 404 μή
824 377 892 396 ποτε
901 377 950 395 τα-

161 412 232 449 ράξῃ
247 413 295 439 καὶ
311 413 412 449 συγχέῃ
434 414 524 441 πάντα
536 415 570 441 τὰ
585 414 810 449 ἐκκλησιαστικὰ,
824 422 950 448 συγκατ-

158 457 209 492 ἑ6η
230 458 277 484 καὶ
297 458 389 492 αὐτὸς,
409 459 458 486 καὶ
481 460 590 492 ἐδέξατο
617 460 663 486 τὸν
678 459 868 494 καθῃρημένον
895 459 950 485 Ἰω-

159 503 226 539 σὴφ,
241 503 279 535 ὡς
295 505 458 540 προείρηται
472 513 479 520 ·
496 505 566 540 πλὴν
583 505 637 532 εἴτε
660 506 674 531 ό
703 505 790 540 μέγας
811 504 948 539 Θεόδωρος

157 550 282 584 κρεῖττον
308 549 411 582 ἔπραξε
428 550 691 586 παρρησιασάμενος
707 550 778 577 κατά
792 551 842 583 τῆς
858 557 948 584 παρα-

156 594 254 629 νομίας
274 594 322 621 καὶ
334 595 413 630 μέχρι
429 595 522 627 τέλους
535 595 631 627 ἐνστὰς
641 615 649 628 ,
664 595 691 622 εἴ
699 604 729 622 τε
742 595 768 621 οἱ
779 596 947 630 πατριάρχαι

157 640 381 674 συγκαταῦάντες
395 641 438 668 διὰ
464 642 515 673 τὰς
534 642 684 677 εἰρημένας
711 641 811 674 αἰτίας,
844 640 948 675 ἑτάροις

155 684 313 720 δοκιμάζειν
323 686 534 722 καταλείψομεν,
548 687 604 718 τοῖς
623 687 715 722 ἔχουσι
729 687 774 713 τὸν
790 686 886 721 λύχνον
897 685 948 719 τῆς

155 730 283 764 γνώσεως
300 731 329 758 ἐν
348 732 456 763 ἑαυτοῖς
481 732 622 767 φαίνοντα,
644 733 693 759 καὶ
721 732 887 768 ἐρρωμένοις
912 732 947 758 τὰ

153 777 205 811 τῆς
218 776 306 811 ψυχῆς
314 777 477 813 αἰσθητήρια
491 777 556 813 πρὸς
564 779 614 813 τὴν
628 778 682 804 τῶν
696 778 825 804 τοιούτων
839 778 945 813 διάκρι-

155 830 199 848 σιν
215 829 221 836 ·
240 822 302 848 ἐπεὶ
315 823 363 849 καὶ
376 824 421 850 τὸν
437 824 515 858 ἇγιον
539 824 697 858 Ἐπιφάνιον
714 823 760 850 τὸν
770 823 884 858 Κύπρου
898 823 946 850 εὐ-

1001 239 1049 259 rus
1064 223 1162 258 m‘elius
1182 239 1211 258 se
1228 233 1344 266 gesserit
1365 233 1467 267 ﬂagitio
1485 223 1634 263 adversans
1652 240 1679 263 et
1704 245 1791 272 usque

1001 277 1034 304 ad
1064 277 1144 304 ﬁnem
1169 277 1317 310 resistens;
1343 286 1376 305 an
1407 279 1499 313 potius
1528 280 1583 307 duo
1613 281 1788 315 patriarchae,

1000 323 1089 350 dictas
1105 323 1140 349 ob
1160 330 1260 350 causas
1279 324 1541 357 condescendentes,
1559 325 1620 353 aliis
1632 326 1789 360 dijudican-

1000 370 1064 396 dum
1088 368 1289 404 permittemus,
1315 370 1362 404 qui
1377 370 1498 397 scientia:
1520 371 1660 398 lucernam
1686 372 1788 401 habent

1000 415 1071 450 apud
1087 422 1116 442 se
1129 415 1306 447 relucentem,
1324 416 1462 450 tinuoque
1477 416 1574 444 anima:
1583 425 1666 444 sensu
1681 418 1786 452 prmditi

999 465 1065 488 sunt
1088 461 1121 487 ad
1147 461 1206 488 lneo
1229 461 1421 488 discernenda.
1449 460 1572 497 Namque
1601 467 1629 490 et
1660 468 1786 491 sanctum

999 505 1078 540 Cypri
1112 505 1294 541 Epiphanium
1331 507 1527 541 comperimus,
1564 515 1655 542 parem
1687 516 1787 544 magno

999 549 1141 578 Theodoro
1164 551 1264 584 zelum,
1295 556 1322 579 et
1344 551 1474 579 invictum
1495 552 1639 580 resistendi
1663 554 1785 588 vigorem

998 596 1203 630 exprompsisse
1228 600 1323 624 contra
1348 596 1501 624 Eudoxiam
1528 603 1695 633 augustam:
1725 606 1786 633 qua:

998 641 1062 668 dum
1076 641 1224 677 aliquando
1235 643 1386 670 minaretur
1405 643 1541 670 idolorum
1565 644 1664 678 templa
1678 652 1708 671 se
1727 644 1785 672 fore

997 691 1194 719 reseraturam,
1213 687 1266 715 nisi
1281 687 1362 715 divus
1377 686 1599 723 'Chrysostomus
1617 689 1644 716 in
1657 689 1784 719 exsilium

998 731 1153 765 pelleretur,
1166 731 1238 758 haud
1247 732 1340 758 animo
1351 732 1473 758 concidit
1481 739 1569 767 neque
1580 733 1663 760 cessit
1672 733 1784 766 omnino

997 775 1039 802 vir
1055 780 1184 808 sanctus;
1201 776 1248 803 sed
1265 776 1359 803 dicens
1378 786 1385 803 :
1403 776 1521 804 Mundus
1535 785 1586 812 ego
1602 786 1663 805 sum
1684 779 1718 806 ab
1733 779 1784 808 hoc

995 819 1111 854 judicio,
1128 820 1265 852 discessit,
1281 821 1387 855 plenam
1401 821 1505 848 irarum
1515 822 1602 856 ipsam
1612 824 1782 858 relinquens.

156 867 298 902 ρίσκομεν,
314 866 360 893 τὸν
373 867 455 894 αὑτὸν
467 867 506 903 τῷ
524 868 635 903 μεγάλῳ
655 867 784 903 Θεοδώρῳ
802 867 882 902 ζῆλον
896 867 939 894 καὶ

996 865 1084 891 Aliam
1101 872 1210 899 quoque
1225 865 1261 892 ob
1277 872 1390 892 causam
1403 865 1515 897 dicitur,
1531 866 1565 893 ab
1577 867 1726 894 illustribus
1739 875 1785 902 pa-

154 911 280 939 ἔνστασιν
294 912 428 948 ἀήττητον
448 913 634 948 ἐνδειξάμενον
650 913 719 948 πρὸς
741 913 791 949 τὴν
820 913 944 948 βασίλισ-

155 965 205 984 σαν
221 957 348 990 Εὑδοξίαν
361 965 369 974 '
385 958 552 994 ἀπειλούο-ης
574 958 628 994 γὰρ
642 959 772 994 κάκείνης
790 959 867 990 ποτὲ,
881 959 945 990 τοὺς

153 1003 209 1030 τῶν
219 1003 335 1030 εἰδώλων
353 1005 432 1036 ναοὺς
454 1004 583 1039 ἀνοίγειν,
599 1006 623 1031 εἰ
643 1004 680 1040 μὴ
708 1006 722 1031 ὁ
744 1005 814 1036 θεῖος
840 1006 945 1041 Χρυσό-

154 1057 254 1084 στομος
267 1048 403 1085 ὲξορισθῇ,
419 1049 450 1076 οὐ
465 1048 714 1084 κατέπτηξεν,οὐδὲ
731 1049 862 1076 ἐνέδωκεν
874 1050 943 1082 ὅλως

152 1093 167 1119 ό
181 1092 276 1127 ἅγιος·
293 1093 349 1120 ἀλλ’
370 1093 466 1126 εἰπὼν,
483 1093 585 1124 Ἀθῶὸς
599 1095 657 1128 εἰμι
677 1093 730 1120 ἀπὸ
757 1093 807 1129 τῆς
825 1094 943 1130 κρίσεως

151 1137 266 1173 ταύτης,
287 1138 393 1172 ἐξῆλθε,
404 1138 492 1174 θυμοῦ
511 1139 646 1166 πνέουσαν
659 1139 827 1174 καταλείψας
842 1140 939 1175 αὐτήν.

154 1184 272 1219 Λέγεται
289 1184 317 1211 δὲ
332 1185 373 1211 ὅτι
383 1184 417 1211 δι’
435 1184 531 1220 ἑτέραν
549 1185 640 1212 αἰτίαν
662 1185 716 1212 ἀπδ
734 1185 789 1212 τῶν
811 1185 941 1220 ἀοιδίμων

153 1230 333 1266 πατριαρχῶν
349 1231 363 1257 ό
384 1230 413 1256 ὲν
428 1230 517 1264 ἁγίοις
532 1230 671 1266 Θεόδωρος
688 1231 834 1267 ἀπερρἀη
847 1239 854 1247 ·
872 1232 888 1266 ἠ
913 1231 941 1258 δὲ

150 1275 195 1310 ἦν,
214 1276 267 1308 ὅτι,
281 1276 374 1311 φησὶν,
391 1276 445 1302 ἀπὸ
456 1277 558 1303 λαῖκῶν
573 1277 704 1308 afﬂiget;
715 1277 762 1304 τὸν
775 1285 938 1313 πατριαρχισ

153 1320 200 1347 κὺν
217 1319 312 1355 ϐρόνον
328 1320 559 1355 ἀνεδιδάσθησαν,
576 1322 622 1348 καὶ
646 1321 676 1348 οὐ
692 1321 763 1348 κατὰ
780 1321 881 1356 θεσμὸν
893 1323 940 1348 ὲκ-

149 1365 344 1401 κλησιαστικὸν
357 1367 466 1401 ἐγένετο
492 1367 507 1400 ἠ
521 1367 623 1393 τούτων
639 1367 793 1402 χειροτονία
804 1376 811 1382 ·
830 1367 898 1402 πρὸς
911 1367 939 1394 δὲ

149 1411 228 1438 τοῦτο
242 1411 414 1445 ἀπολογεῖται
432 1413 445 1438 ό
459 1411 494 1438 τὰ
508 1413 568 1439 κατ’
582 1412 681 1444 αὐτοὺς
699 1412 938 1447 συγγραψάμενος,

150 1456 191 1483 ὅτι
207 1456 231 1482 οί
250 1455 316 1482 θεῖοι
332 1456 444 1488 κανόνες
459 1456 509 1483 οὐκ
522 1456 698 1483 ἀποκλείουσι
713 1456 802 1490 πάντη
817 1457 847 1482 τὸ
871 1457 940 1491 πρᾶ-

149 1507 217 1536 γμα·
225 1500 283 1528 ἀλλ’
295 1501 466 1536 ὑφορώμενοι
474 1502 509 1536 μή
519 1510 576 1533 πως
586 1501 698 1537 ἄπειρος
704 1501 741 1528 ὢν
751 1503 764 1528 ό
772 1501 939 1536 χειροτονοῦν

150 1555 231 1582 μενος
247 1547 301 1574 τῶν
313 1548 346 1582 τῇ
367 1546 500 1583 ἱερωσύνῃ
518 1547 701 1582 καθηκόντων,
716 1548 756 1579 εἰς
780 1547 882 1574 πτῶσιν
893 1549 937 1573 ὲν-

150 1594 219 1628 ἀγκῃ
234 1593 268 1618 τὰ
281 1592 509 1626 ἐκκληςιαστικά·
519 1588 593 1618 οὗτοι
605 1592 642 1623 δὲ,
653 1593 666 1618 ό
677 1592 773 1627 μέγας,
789 1592 872 1627 φημὶ,
885 1593 935 1618 Τα-

149 1638 244 1674 ράσιος
256 1637 302 1663 καὶ
317 1637 330 1663 ό
346 1636 417 1668 θεῖος
433 1636 600 1672 Νικηφόρος,
621 1638 660 1668 εἰς
671 1637 705 1665 τὰ
720 1638 813 1672 πρόσω
835 1637 938 1672 βαίνειν

148 1683 197 1719 τὴν
220 1682 383 1718 Ἐκκλησίαν
400 1683 578 1718 πεποιήκασι,
601 1683 650 1709 καὶ
666 1683 753 1709 πάντα
775 1683 863 1715 καλῶς
890 1684 937 1710 καὶ

148 1728 288 1764 ὲνρέσμως
305 1728 441 1765 ἔπραττον
453 1736 459 1743 ·
474 1729 520 1754 καὶ
530 1728 574 1754 διὰ
589 1728 669 1755 τοῦτο
683 1728 732 1763 οὐχ
746 1729 860 1755 ἅπτεται
885 1729 936 1755 αὺ-

147 1775 203 1801 τῶν
233 1775 247 1801 ό
265 1774 365 1800 κανών.
391 1774 487 1800 Ίστέον
513 1774 605 1808 μέντοι
622 1775 662 1800 ὅτι
686 1774 716 1800 τὸ
752 1774 936 1809 προσκροῦσαι

147 1820 204 1851 τοῖς
217 1819 348 1855 ἀοιδίμοις
365 1820 550 1855 πατριάρχαις
569 1819 616 1846 τὸν
639 1819 726 1854 μέγαν
739 1819 876 1856 θεόδωρον
904 1820 936 1847 ὲκ

147 1864 214 1891 Θεοῦ
230 1865 483 1900 κεκινημένοις,καὶ
492 1864 588 1900 μικρὸν
603 1865 707 1891 ὲνδοῦσι
719 1865 768 1899 τῆς
781 1864 934 1900 ἀκριϐείας,

147 1910 191 1942 διὰ
203 1911 234 1937 τὸ
254 1911 292 1946 μὴ
301 1909 426 1944 γενέσθαι
444 1911 555 1945 μείζονα
573 1910 683 1946 βλάϐην,
698 1911 745 1936 καὶ
760 1911 855 1937 ἑαυτὸν
868 1911 936 1936 ἁπο-

149 1956 240 1991 σχίσαι
255 1956 303 1990 τῆς
322 1956 495 1989 Ἐκκλησίας,
515 1957 545 1982 οὐ
565 1956 662 1992 μικρὸν
678 1955 778 1990 πτῶμα
795 1957 851 1987 τοῖς
875 1956 933 1982 Πα-

147 2002 244 2037 τράσιν
266 2001 354 2033 ἔδοξεν
368 2010 374 2016 ·
392 2001 450 2028 ἀλλ’
475 2002 550 2036 ὅμως
569 2001 650 2029 πάλιν
678 2001 864 2036 διωρθώσατο,
896 2001 934 2033 ὡς

147 2048 309 2083 προείρηται
327 2056 335 2064 ·
352 2048 399 2074 καὶ
410 2048 485 2082 δηλοῖ
501 2048 550 2082 μὲν
567 2047 647 2074 τοῦτο
661 2049 676 2082 ἡ
690 2048 745 2074 τῶν
767 2048 827 2074 κατ’
853 2048 934 2074 αὑτὸν

149 2094 254 2129 ίστορία
268 2101 275 2108 ·
292 2093 366 2129 δηλοί
378 2093 406 2120 δὲ
420 2094 468 2120 καὶ
490 2095 504 2120 ὁ
526 2094 612 2128 μέγας
626 2094 758 2125 Μεθόδιος
775 2094 803 2119 ὲν
817 2093 855 2128 τῷ
882 2094 932 2128 ἤδη

149 2137 363 2173 μνημονευθέντι
375 2137 445 2173 λόγῳ
456 2137 538 2164 αὐτοῦ
555 2137 594 2172 τῷ
607 2138 674 2173 πρὸς
687 2138 750 2169 τοὺς
770 2137 913 2175 Στουδίτας
924 2146 931 2153 ·

997 909 1125 936 lriarchis
1136 909 1281 936 dissidium
1295 909 1394 937 fecisse
1404 914 1515 937 sanctus
1526 910 1704 943 Theodorus;
1717 912 1783 946 quia

995 954 1120 981 videlicet
1134 954 1166 982 de
1182 958 1256 982 coetu
1274 954 1376 987 laicali,
1399 960 1429 981 ut
1442 955 1542 988 aiebat,
1564 955 1597 983 ad
1613 957 1784 991 patriarcha—

995 1000 1046 1027 lem
1062 1000 1152 1027 sedem
1166 1000 1274 1027 fuerant
1290 1000 1436 1035 assuinpti,
1453 1007 1541 1035 neque
1562 1008 1657 1028 eorum
1683 1002 1783 1030 electio

994 1045 1026 1071 ad
1042 1044 1113 1079 juris
1124 1044 1303 1071 ecclesiastici
1315 1044 1451 1071 tramitem
1466 1045 1546 1072 facta.
1559 1045 1618 1073 Jam
1631 1054 1698 1074 vero
1716 1048 1782 1075 huic

994 1095 1153 1123 argumento
1169 1089 1316 1124 respondet
1335 1090 1380 1117 ille
1410 1091 1456 1124 qui
1482 1091 1579 1118 horum
1613 1100 1658 1120 res
1690 1098 1780 1128 gestas

993 1135 1113 1170 scripsit,
1130 1143 1227 1177 nempe
1241 1142 1337 1163 sacros
1349 1144 1468 1164 canones
1481 1137 1552 1164 haud
1569 1138 1694 1165 dislricte
1708 1139 1791 1167 hanc’

991 1189 1048 1208 rem
1060 1185 1152 1209 vetare
1169 1190 1176 1208 :
1192 1182 1239 1209 sed
1261 1186 1385 1209 verentes
1408 1186 1528 1216 tantum,
1550 1190 1584 1210 ne
1602 1183 1625 1210 si
1646 1183 1715 1211 forte
1733 1192 1779 1212 sa-

992 1227 1140 1254 cerdotalis
1154 1227 1234 1255 olIicii
1250 1228 1362 1263 ignarus
1377 1228 1536 1262 eligeretur,
1555 1236 1599 1256 res
1612 1229 1780 1257 ecclesiasti—

991 1280 1038 1299 cas
1058 1274 1257 1307 pessumdaret.
1277 1274 1311 1301 At
1335 1274 1408 1300 enim
1436 1274 1475 1307 hi,
1504 1282 1630 1309 magnus,
1652 1275 1776 1309 inquam,

991 1317 1122 1345 Tarasius
1137 1322 1164 1345 ct
1178 1318 1257 1345 divus
1273 1318 1452 1352 Nicephorus,
1468 1326 1524 1346 rem
1540 1319 1596 1346 imo
1610 1319 1779 1347 ecclesiasti-

990 1371 1049 1390 cam
1061 1363 1088 1389 in
1100 1363 1196 1390 melius
1214 1368 1406 1397 provexerunt,
1424 1369 1505 1399 atque
1516 1365 1607 1392 omnia
1620 1369 1693 1392 recte
1709 1365 1778 1399 legi-

990 1407 1111 1442 timeque
1124 1413 1277 1442 gesserunt.
1293 1408 1412 1444 Ideoque
1428 1410 1502 1444 ipsos
1513 1417 1602 1436 canon
1619 1417 1674 1436 non
1689 1410 1777 1437 attin-

989 1453 1037 1488 git.
1051 1453 1197 1481 Sciendum
1213 1462 1279 1482 vero
1295 1458 1347 1486 est,
1363 1456 1455 1490 magni
1471 1455 1606 1483 Theodori
1616 1456 1778 1484 obluctatio-

991 1506 1052 1524 nem
1065 1498 1195 1526 adversus
1207 1499 1326 1527 illustres
1336 1500 1517 1534 patriarchas,
1531 1501 1577 1535 qui
1589 1501 1635 1528 Dei
1644 1501 1778 1529 instinctu

990 1544 1158 1578 aliquantum
1173 1545 1208 1572 de
1230 1545 1319 1580 rigore
1334 1546 1500 1574 remiserunt
1526 1555 1559 1574 ne
1581 1547 1671 1582 majus
1694 1547 1778 1575 detri-

990 1593 1110 1615 mentum
1124 1588 1218 1622 ﬂeret,
1231 1594 1314 1625 atque
1329 1591 1451 1624 eiusdem
1463 1592 1496 1619 ab
1509 1591 1631 1620 Ecclesia
1644 1592 1779 1621 secessio-

990 1640 1062 1665 nem,
1083 1632 1169 1660 visam
1183 1641 1243 1662 csse
1253 1634 1378 1663 Patribus
1393 1636 1464 1663 haud
1477 1638 1642 1665 mediocrem
1659 1646 1775 1666 noxam.

990 1676 1042 1704 Sed
1064 1682 1154 1705 tamen
1171 1683 1263 1706 actum
1289 1681 1417 1713 correxit,
1439 1686 1468 1708 ut
1488 1689 1573 1716 supra
1598 1682 1702 1709 dictum
1722 1687 1775 1716 est,

988 1729 1071 1758 atque
1092 1730 1121 1752 ut
1141 1726 1237 1753 horum
1267 1726 1381 1754 historia
1404 1728 1584 1756 demonstrat.
1604 1728 1730 1757 Ostendit
1750 1729 1777 1757 id

988 1777 1103 1804 magnus
1119 1778 1229 1806 quoque
1246 1771 1403 1800 Methodius
1425 1774 1452 1801 in
1471 1780 1622 1802 memorato
1647 1783 1775 1803 sermone

988 1822 1039 1841 suo
1059 1815 1092 1842 ad
1107 1816 1250 1844 Studitas:
1270 1823 1364 1845 narrat
1378 1819 1451 1846 enim
1472 1819 1645 1848 Theodorum
1663 1826 1776 1848 senten-

989 1861 1054 1888 tiam
1073 1869 1151 1888 suam
1165 1862 1338 1896 immutasse,
1357 1872 1411 1899 qua
1428 1865 1558 1900 abreptus
1580 1865 1679 1898 fuerat,
1699 1870 1727 1894 et
1746 1873 1776 1894 se

987 1915 1049 1934 cum
1074 1906 1197 1935 Ecclesia
1219 1909 1438 1937 reconciliasse:
1460 1915 1486 1938 et
1509 1911 1582 1938 circa
1606 1912 1669 1939 vitae
1694 1912 1774 1939 tinem

987 1954 1100 1980 multam
1115 1954 1200 1981 animi
1216 1955 1452 1990 conjunctionem,
1469 1957 1630 1985 charitatem
1649 1966 1681 1986 ac
1695 1958 1778 1985 fami»

986 1999 1131 2027 liaritatem
1148 2008 1306 2035 perpetuam
1333 2010 1396 2029 cum
1412 2004 1509 2030 illustri
1520 2005 1675 2039 patriarcha
1689 2004 1775 2032 Nice-

986 2046 1072 2080 phoro
1090 2046 1202 2074 fovisse.
1225 2046 1308 2082 Igitur
1322 2048 1349 2075 in
1374 2057 1407 2076 eo
1423 2051 1587 2085 completum
1613 2056 1654 2078 est
1676 2052 1775 2086 psalmi

986 2092 1052 2118 illud
1068 2093 1101 2120 de
1112 2093 1188 2127 justo
1210 2093 1322 2121 homine
1338 2094 1454 2128 dictum,
1474 2099 1546 2130 quod
1565 2105 1623 2123 cum
1638 2097 1774 2125 ceciderit.

985 2145 1037 2164 non
1045 2138 1195 2170 collidatur,
1203 2139 1265 2174 quia
1273 2139 1401 2167 Dominus
1408 2143 1530 2176 supponit
1541 2151 1647 2169 manum
1655 2151 1732 2170 suam
1740 2143 1773 2170 ".

145 2183 278 2218 διηγεῖται
293 2183 347 2218 γὰρ
361 2184 402 2210 ὄτι
418 2184 500 2210 πάλιν
512 2183 630 2219 ἡθέτησε
642 2183 690 2219 τὴν
698 2184 810 2218 γνώμην
826 2185 858 2218 ἢν
871 2184 933 2219 ἔσχε

991 2183 1056 2229 μιιιη
1075 2184 1098 2211 si
1113 2184 1154 2211 vel
1168 2185 1279 2212 cuilibet
1293 2187 1428 2213 sacerdoti
1440 2188 1590 2220 adversari,
1606 2193 1719 2223 excepta
1732 2189 1775 2215 ni~

147 2229 218 2257 κατά
238 2229 427 2264 συναρπαγὴν,
442 2230 490 2256 καὶ
503 2231 536 2265 τῇ
561 2229 708 2265 Ἐκκλησία
724 2230 849 2265 συνήφθη
865 2239 871 2246 ·
885 2230 933 2256 καὶ

145 2274 187 2301 ὅτι
203 2275 271 2310 πρὸς
285 2275 324 2310 τῷ
339 2274 410 2301 τέλει
424 2274 504 2301 αὑτοῦ
517 2275 617 2310 πολλὴν
632 2275 729 2302 ἕνωσιν
755 2276 804 2302 καὶ
822 2276 933 2312 ἀγάπην

146 2320 193 2347 καὶ
207 2320 364 2355 συνομιλίαν
380 2320 491 2347 ἁένναον
505 2320 575 2355 μετὰ
595 2321 754 2357 Νικηφόρου
776 2321 822 2348 τοῦ
849 2322 932 2349 ἀοιδί-

147 2374 199 2400 μου
218 2365 388 2401 πατριάρχου
405 2366 539 2402 ἐκέκτητο
552 2373 559 2380 ·
574 2365 722 2402 ἐπληρώθη
739 2366 805 2400 γοῦν
821 2367 864 2393 ἐπ’
880 2368 932 2395 αὐ-

145 2410 184 2445 τῷ
210 2410 241 2437 τὸ
253 2412 282 2437 ὲν
298 2411 422 2446 Ψαλμοῖς
439 2411 583 2446 εἰρημένον
598 2411 663 2446 περὶ
680 2410 727 2437 τοῦ
741 2411 862 2445 δικαίου,
891 2412 932 2439 ὅτι

145 2454 240 2482 Ὅταν
254 2455 389 2490 πέσῃ,οῠ
398 2454 684 2489 καταρῤαχθήσεται,
699 2455 744 2482 ὅτι
756 2456 863 2490 Κύριος
878 2456 932 2484 ἀν-

146 2500 303 2535 τιστηρίζει
333 2499 417 2535 χεῷα
445 2499 557 2528 αὐτοῦ·
583 2500 673 2536 εἰγὰρ
686 2500 717 2526 τὸ
746 2502 932 2536 προσκροῦσαι

146 2545 193 2578 καὶ
207 2545 246 2579 τῷ
259 2545 367 2579 τυχόντι
379 2545 459 2580 ἱερεῖ,
481 2544 545 2571 ἄνευ
559 2544 659 2579 δηλαδὴ
672 2544 815 2579 αἰρέσεως,
844 2545 931 2580 μέγαν

145 2591 203 2626 ἔχει
218 2592 264 2618 τὸν
286 2591 419 2623 κίνδυνον,
441 2591 557 2625 πηλίκον
584 2588 620 2625 ἦν
645 2591 675 2617 τὺ
701 2591 770 2626 πρὸς
794 2592 930 2626 τοιούτους

988 2229 1089 2256 mirum
1105 2230 1213 2263 haeresi,
1227 2239 1392 2266 magnopere
1407 2233 1592 2267 periculosum
1608 2239 1659 2267 est,
1676 2235 1772 2269 quanti

989 2275 1118 2303 momenti
1128 2275 1238 2303 demum
1255 2277 1307 2304 fuit
1321 2277 1420 2305 talibus
1432 2278 1571 2306 adversari
1587 2280 1771 2314 pontiﬁcibus,

988 2320 1158 2354 pontiﬁcum,
1173 2322 1295 2356 inquam.
1307 2322 1493 2357 pontiﬁcibus,
1508 2324 1548 2350 vcl
1564 2325 1654 2358 potius
1664 2329 1774 2359 aposto-

987 2365 1032 2399 lis,
1053 2370 1083 2393 ut
1103 2375 1217 2402 magnus
1232 2368 1354 2404 loquitur
1369 2368 1536 2405 Dionysius?
1552 2369 1609 2397 Hoc
1623 2375 1713 2398 autem
1731 2371 1773 2401 di-

986 2419 1036 2440 vus
1054 2421 1164 2448 quoque
1179 2413 1333 2442 Methodius
1349 2416 1438 2443 sancti
1452 2415 1503 2443 viri
1519 2415 1669 2451 discipulis,
1686 2417 1712 2444 id
1730 2421 1773 2445 est

987 2457 1113 2491 Studitis,
1124 2458 1198 2494 juste
1210 2461 1370 2495 objecit,sic
1379 2462 1471 2489 dicens
1489 2471 1496 2489 :
1512 2461 1553 2489 Tu
1568 2463 1717 2490 monachus
1730 2471 1771 2495 es,

986 2512 1074 2539 neque
1089 2505 1137 2532 tibi
1151 2506 1214 2534 licet
1222 2507 1395 2534 sacerdotum
1409 2515 1452 2535 res
1463 2508 1596 2542 scrutari;
1608 2509 1655 2536 sed
1668 2512 1693 2536 te
1704 2508 1772 2536 sub-

983 2549 1086 2585 jectum
1105 2559 1169 2580 esse
1177 2557 1293 2587 oportet,
1306 2560 1361 2580 non
1374 2554 1442 2581 alios
1454 2554 1590 2588 subjicere
1602 2559 1649 2582 aut
1662 2555 1769 2582 eventi-

988 2598 1055 2625 lare.

145 2638 283 2673 ἀρχιερεῖς
299 2637 379 2664 τοῦτο
407 2638 544 2672 γενέσθαι,
560 2638 608 2664 καὶ
625 2637 776 2673 ἀρχιερέων
796 2639 944 2675 ἀρχιερεῖς,
967 2644 1068 2678 μᾶλλον
1081 2645 1110 2672 δὲ
1129 2645 1177 2672 καὶ
1193 2645 1358 2678 ἀποστόλους
1375 2646 1485 2679 αὐτοὺς,
1510 2647 1582 2675 κατὰ
1613 2647 1660 2674 τὸν
1683 2647 1769 2682 μέγαν

145 2682 302 2716 Διονύσιοη
329 2682 409 2710 τοῦτο
431 2683 486 2718 γὰρ
509 2684 580 2710 καὶὸ
597 2683 668 2715 θεῖος
693 2683 824 2715 Μεθὸδιος
850 2686 918 2720 πρὸς
935 2689 997 2721 τοὺς
1019 2690 1066 2716 τυῦ
1100 2691 1179 2725 ἁγίου
1202 2691 1336 2727 μαθητὰς,
1362 2693 1425 2724 τοὺς
1445 2693 1589 2725 Στουδίτας
1616 2693 1699 2728 φημὶ,
1726 2693 1766 2719 διε

145 2729 230 2761 ιαίως
244 2729 425 2764 προτείνεται,
442 2729 528 2776 λέγων
539 2729 625 2760 οὕτως
638 2737 644 2744 ·
655 2729 698 2776 ’Σὺ
721 2729 836 2776 μοναχδς
849 2729 885 2764 εἴ,
903 2733 949 2759 καὶ
967 2735 1016 2761 οὐκ
1031 2735 1121 2768 ἔξεστί
1157 2746 1198 2765 σοι
1216 2737 1353 2770 ἐξετάζειν
1377 2738 1413 2765 τὰ
1433 2737 1488 2769 τῶν
1507 2738 1599 2776 ἱερῶν,
1622 2737 1681 2767 ἀλλ’
1703 2737 1770 2770 ὑπο-

146 2773 294 2802 τάσσεσθαι
309 2781 339 2799 σε
361 2773 425 2809 χρὴ,
442 2773 489 2800 καὶ
512 2774 561 2809 οὺχ
576 2774 741 2802 ὑποτάσσειν
759 2775 818 2802 οὐδὲ
834 2776 971 2810 ἐξετάζειν
986 2781 1095 2814 αὐτούς,

182 2833 205 2849 ⁸⁵
218 2831 289 2861 l‘sal.
303 2838 394 2862 xxxvi.
411 2831 456 2863 2t,
