4090 6288
321 347 437 409 777

1115 352 1408 414 ORATIO
1446 352 1548 413 IX.
1597 382 1671 396 --
1721 350 2115 414 LAUDATIO
2160 351 2224 411 S.
2271 350 2597 413 JOANNIS
2636 353 2926 416 EVANG.

3599 361 3717 421 7'78

320 482 519 543 αἰῶνος
553 501 566 551 ;
598 482 681 544 τίς
711 476 853 559 ἔγνω
901 480 1228 553 τηλικοῦτον
1284 482 1702 560 μεγαλέμπορον
1754 481 1909 538 ἁλιέα

2075 484 2229 539 modi
2261 485 2492 541 audiit?
2522 486 2663 551 Quis
2694 486 2894 557 talem,
2927 488 3275 561 copiosaque
3324 490 3466 547 adeo
3496 489 3718 548 instru-

319 568 402 625 ὅτι
459 572 533 643 μὴ
587 569 939 633 ἑκατοντάδας
999 572 1162 644 μόνον
1212 572 1299 625 καὶ
1351 568 1629 647 χιλιάδας,
1675 569 1821 626 ἀλλά
1860 570 1964 645 γὰρ

317 662 494 714 πάντα
528 660 595 715 τὰ
642 660 766 731 ἔθνη
826 661 858 715 ’ὰ
917 661 1234 733 μαθητεύειν
1286 660 1567 731 ἐπιστεύθη
1622 660 1965 735 προσάγοντα

314 750 395 819 τῷ
454 749 761 824 πρωθαλιεῖ
810 753 1050 825 Δεσπότῃ
1106 754 1326 825 Χριστῷ
1360 769 1373 781 ·
1436 749 1532 804 οὐκ
1588 749 1689 825 ἆρα
1740 750 1963 811 εἰκότως

315 836 625 913 προῦλεγον
661 840 734 911 μή
773 839 884 894 οἷόν
918 842 976 894 τέ
1009 861 1074 912 με
1106 839 1431 914 ἐφικνεῖσθαι
1482 841 1583 902 τῆς
1634 840 1961 907 ὑποθέσεως,

313 927 412 982 κᾶν
447 930 596 1002 ἄκρῳ
629 929 795 983 οἱονεὶ
828 926 1119 1002 δακτυλῳ;

2075 578 2231 629 ctum
2280 590 2466 630 merce
2515 576 2854 647 piscatorem
2906 577 3185 649 agnovit?
3233 578 3715 651 Quandoquidem

2074 680 2187 718 non
2221 669 2517 734 centenos,
2553 666 2637 721 vel
2687 666 2951 722 millenos
2996 671 3246 735 tantum,
3280 670 3373 723 sed
3429 671 3720 728 universas

2074 757 2288 823 gentes,
2323 771 2568 825 quarum
2605 756 2995 811 docendorum
3029 757 3355 813 cridentum
3383 775 3597 815 munus
3632 777 3723 818 ac-

2074 843 2244 913 cepit,
2279 845 2348 898 ad
2382 844 2677 900 Christum
2726 845 3039 902 Dominum
3074 864 3140 903 ac
3171 848 3496 919 principem
3530 851 3724 919 pisca-

2076 936 2269 987 torum
2311 932 2567 987 adducit.
2601 933 2803 989 Nonne
2834 935 3012 1005 igitur
3048 938 3182 1005 jure
3232 937 3560 1009 meritoque
3591 944 3725 994 ante

314 1020 603 1087 dicebam,
638 1021 831 1090 majus
859 1020 966 1076 hoc
998 1024 1404 1092 argumentum
1440 1036 1562 1076 esse
1594 1036 1765 1090 quam
1799 1037 1898 1091 pro
1939 1036 2063 1077 mea
2095 1022 2386 1089 facultate,
2420 1021 2506 1077 vel
2563 1024 2610 1077 si
2664 1028 2919 1080 extremo
2977 1026 3156 1082 veluti
3203 1026 3382 1101 digito
3433 1029 3716 1101 attingere

311 1109 485 1165 velim
508 1111 535 1164 ?

455 1208 486 1258 '.
517 1202 719 1277 Σκέψαι
746 1224 837 1275 μοι
872 1203 960 1257 καὶ
1009 1201 1188 1257 τᾶλλα
1245 1201 1572 1276 εἰρμολογίᾳ
1618 1202 1811 1274 ἀρίστῃ
1863 1200 1959 1255 ἀλ-

312 1290 719 1367 ληγορούμενα.
768 1296 947 1363 Ὑμεῖς
988 1291 1103 1347 ἔστε
1146 1293 1207 1347 τὸ
1261 1296 1373 1369 φῶς
1432 1295 1528 1345 τοῦ
1576 1290 1781 1363 κόσμον
1816 1296 1829 1318 ‘
1896 1288 1957 1344 τὸ

310 1387 425 1459 φῶς
480 1380 762 1437 ἐλαστικὸν
810 1381 1057 1450 σκότους,
1129 1380 1426 1458 ὀφθαλμῶν
1496 1379 1641 1453 ὄψις,
1687 1380 1954 1449 σωμάτων

308 1471 682 1534 ἀνακαίνωσις,
716 1470 923 1548 ἐφετὸν,
960 1470 1212 1545 ἀγαστόν.
1246 1471 1311 1527 Τί
1355 1469 1446 1523 οὖν
1476 1468 1817 1529 Ἀπόστολος
1853 1487 1866 1537 ;
1895 1467 1955 1521 οὐ

310 1567 461 1634 μειοῖ
526 1561 715 1622 σκότος
780 1560 1145 1632 ἀντικείμενον
1194 1580 1205 1628 ;
1270 1559 1367 1613 οὐκ
1426 1560 1669 1631 ὀμματοῖ
1714 1555 1954 1635 τυφλοὺς

305 1652 689 1728 ἀμφοτέρωθεν
724 1671 736 1719 ;
771 1650 869 1706 ουκ
916 1650 1079 1726 ῥῶσιν
1124 1651 1351 1725 παρέχει
1401 1650 1644 1721 σώμασιν
1684 1668 1697 1717 ;
1749 1649 1809 1702 ού
1868 1646 1955 1702 διὰ

2136 1205 2189 1257 6.
2228 1204 2363 1259 Mihi
2402 1220 2629 1275 quoque
2660 1205 2773 1261 alia
2821 1206 3076 1278 expende
3108 1208 3395 1279 egregiam
3442 1226 3542 1279 per
3571 1210 3719 1265 alle-

2066 1293 2287 1365 goriam
2349 1294 2606 1349 seriatim
2668 1295 2944 1365 exposita.
3005 1298 3095 1351 Vos
3142 1298 3271 1353 estis
3323 1299 3419 1353 tua:
3440 1300 3634 1355 mundi
3666 1312 3709 1356 ³.

2067 1383 2208 1451 Lux,
2233 1384 2603 1438 tenebrarum
2653 1384 2960 1453 expultrix,
2991 1386 3291 1441 oculorum
3339 1387 3708 1459 illuminatio,

2066 1487 2369 1541 corporum
2410 1471 2788 1527 refocillatio:
2824 1473 3219 1529 desiderabilis
3266 1476 3503 1531 omnino
3539 1495 3629 1533 res
3652 1484 3709 1535 et

2065 1562 2460 1618 admirabilis!
2496 1564 2643 1626 Quid
2672 1580 2806 1634 ergo
2834 1564 3182 1635 Apostolus?
3211 1566 3411 1622 Nonne
3442 1570 3711 1626 tenebras

2064 1652 2421 1708 adversarias
2464 1653 2672 1709 minuit
2693 1652 2720 1708 2
2750 1654 2950 1709 Nonne
3002 1655 3292 1726 utrimque
3324 1658 3490 1712 caecis
3520 1659 3708 1716 visum

302 1748 474 1797 ταῦτα
536 1743 785 1815 στερκτὸς
848 1742 935 1795 καὶ
1014 1741 1372 1814 θαυμαστός;
1426 1743 1586 1793 τοῦτο
1640 1738 1706 1807 ἦν
1765 1739 1865 1812 ἄρα
1923 1737 1937 1791 ἱ

2067 1742 2364 1796 restituit?
2389 1742 2589 1798 Nonne
2637 1742 2811 1797 robur
2848 1744 3185 1813 corporibus
3227 1745 3479 1801 tribuit?
3508 1747 3710 1805 Nonne

305 1837 537 1910 Χριστὸς
626 1838 960 1909 παρεγγυᾶτο
1040 1852 1052 1866 ’
1144 1834 1514 1895 ’Δσθενοῦντας
1617 1830 1951 1903 θεραπεύετε,

304 1926 542 1999 λεπροὺς
614 1923 943 1998 καθαρίζετε,
1031 1922 1283 1997 δαιμόνια
1378 1918 1670 1977 ἐκϐάλλετε
1739 1941 1751 1954 ·

305 2017 425 2089 ρεαν
471 2010 712 2081 ἐλάϐετε,
784 2012 985 2086 δωρεὰν
1047 2012 1186 2068 δότε.
1250 2014 1449 2067 Ἐννόει
1513 2033 1607 2084 μοι
1659 2012 1725 2065 τὰ
1785 2010 1949 2085 μυρία

300 2106 434 2179 γένη
495 2109 600 2159 τῶν
658 2104 1006 2178 νοσημάτων,
1047 2104 1136 2157 καὶ
1204 2104 1311 2177 ὄψῃ
1364 2108 1428 2156 τᾶ
1484 2101 1679 2175 ἄπειρα
1755 2100 1943 2171 πλήθη

296 2200 410 2248 τῶν
442 2195 731 2266 θαυμάτων
763 2198 873 2247 τῶν
906 2194 955 2263 ἐξ
999 2194 1301 2267 ἕκασταχοῦ
1356 2189 1614 2265 βοτρυδὸν
1673 2188 1944 2266 ἀγεληδὸν

297 2284 437 2358 πρὸς
487 2285 548 2337 τὸ
594 2284 821 2354 ἄμισθύν
869 2303 924 2337 τε
972 2284 1061 2337 καὶ
1118 2281 1324 2337 ἄλυπον
1373 2280 1606 2354 ἰατρεῖον
1634 2286 1731 2346 τῆς
1764 2299 1944 2347 σωτη-

299 2376 421 2449 ρίας
486 2371 834 2447 συρρεόντων,
870 2372 952 2427 ὅτι
1005 2370 1145 2444 μηδὲ
1192 2376 1387 2443 τομαῖς
1436 2391 1494 2424 τε
1542 2369 1629 2423 καὶ
1696 2366 1941 2422 καύσεσιν

296 2466 330 2532 ἤ
392 2484 499 2517 τισι
567 2461 1036 2540 φαρμακοποσίαις
1086 2464 1119 2530 ἡ
1186 2464 1294 2514 τῶν
1353 2457 1618 2532 ἀλγεινῶν
1666 2453 1942 2533 φυγαδεία⁹

295 2556 479 2609 πίστει
511 2551 567 2607 δὲ
603 2553 741 2626 μόνῃ
810 2553 897 2607 καὶ
956 2552 1123 2627 λόγου
1183 2552 1426 2625 μάστιγι.
1485 2552 1549 2602 Ὤ
1612 2556 1711 2617 τῆς
1771 2569 1945 2622 μεγα-

295 2643 615 2718 λοδωρεᾶςί
650 2643 770 2717 ἄρτι
794 2642 1023 2721 τυφλὸς,
1062 2640 1250 2717 βλέπει
1293 2642 1353 2694 τὸ
1403 2645 1539 2717 φῶς,
1586 2639 1840 2710 ἐξαπίνης
1880 2640 1941 2693 τὸ

293 2735 534 2807 ἀεινεφὲς
569 2732 919 2804 ἀποθέμενος,
950 2732 1040 2785 καὶ
1092 2730 1271 2806 χαίρει
1333 2731 1471 2803 ὁρῶν
1512 2730 1577 2782 τὰ
1632 2729 1719 2783 ὑπ’
1780 2729 1939 2802 οὐρα-

291 2825 383 2879 νὸν
415 2823 598 2891 κάλλη
632 2844 689 2876 τε
720 2823 807 2876 καὶ
854 2822 1094 2893 θεάματα
1129 2842 1139 2853 ·
1192 2820 1313 2892 ἄρτι
1349 2818 1559 2893 χωλὸς,
1592 2824 1940 2890 παραχρῆμα

293 2910 658 2986 στερεοποδεῖ,
692 2911 781 2965 καὶ
830 2913 985 2985 γήθει
1038 2909 1349 2982 ἀλλόμενος
1399 2908 1474 2967 ὡς
1526 2904 1723 2983 ἔλαφος
1760 2926 1772 2937 ⁸
1818 2904 1937 2974 ἄρτι

294 3004 388 3075 μὲν
445 2999 769 3075 μογιλάλος,
829 3005 936 3055 τῶν
1002 2998 1214 3070 δεσμῶν
1264 3004 1362 3063 τῆς
1423 2996 1680 3072 γλώσσης
1756 2994 1936 3055 λυθεὶς

1838 1918 1952 1973 δω-

2061 1830 2132 1885 ob
2167 1830 2287 1885 hinc
2318 1847 2514 1886 amore
2546 1832 2757 1903 dignus
2786 1835 2841 1885 et
2889 1833 3269 1889 admiratione
3290 1836 3317 1889 ?
3348 1836 3464 1891 Hoc
3511 1838 3709 1910 utique

2059 1921 2323 1977 Christus
2356 1923 2669 1977 mandabat
2702 1940 2715 1977 :
2749 1923 3001 1992 Inﬁrmos
3033 1931 3245 1996 curate,
3277 1927 3512 1998 leprosos
3541 1948 3704 1987 mun-

2056 2010 2197 2081 data,
2274 2011 2543 2068 daemones
2610 2013 2852 2083 ejicite;
2916 2016 3093 2084 gratis
3168 2019 3473 2087 accepistis,
3529 2023 3708 2088 gratis

2054 2100 2175 2154 date
2220 2099 2263 2154 ³.
2317 2101 2627 2155 Considera
2676 2101 2817 2156 mihi
2869 2101 3320 2159 innumerabilia
3368 2108 3703 2164 morborum

2052 2206 2278 2261 genere,
2309 2195 2683 2262 occurretque
2729 2191 2958 2247 infinita
2998 2193 3415 2252 miraculorum
3448 2199 3614 2273 copia
3645 2201 3703 2256 in

2052 2279 2387 2335 hominibus
2416 2284 2796 2351 patratorum,
2819 2284 2917 2352 qui
2941 2283 3202 2338 conferta
3232 2284 3603 2343 multitudine
3630 2291 3700 2345 ad

2053 2369 2372 2439 gratuitum
2406 2369 2665 2441 nihilque
2701 2370 2978 2427 molestias
3009 2372 3316 2428 facientem
3350 2375 3560 2433 salutis
3582 2395 3703 2435 me-

2052 2458 2242 2513 dicum
2275 2459 2612 2526 conﬂuunt;
2647 2460 2785 2530 quia
2818 2459 3089 2516 nimirum
3122 2478 3235 2517 non
3269 2462 3417 2518 ferro
3451 2481 3514 2520 ac
3544 2466 3701 2538 igne,

2051 2552 2151 2601 aut
2194 2548 2527 2618 potionibus
2559 2550 2911 2620 quibusdam
2947 2551 3188 2607 medicis
3222 2554 3463 2609 morbos
3493 2556 3697 2627 abigit,

2049 2637 2152 2693 sed
2182 2636 2304 2693 sola
2336 2638 2447 2693 fide
2477 2655 2541 2692 ac
2572 2639 2853 2694 sermonis
2895 2640 3147 2711 ﬂagello.
3181 2641 3225 2697 Ο
3258 2642 3394 2697 doni
3427 2646 3698 2716 magniﬁ-

2048 2728 2339 2784 centiam!
2397 2730 2563 2785 Nunc
2620 2746 2807 2784 caecus
2884 2731 3193 2803 derepente
3266 2732 3465 2790 lumen
3519 2737 3695 2807 videt,

2046 2834 2176 2872 cum
2210 2819 2424 2873 nubem
2476 2818 2810 2890 impositam
2858 2820 3042 2875 oculis
3088 2837 3322 2893 semper
3371 2824 3691 2895 habuisset,

2044 2908 2370 2979 gaudetque
2418 2908 2762 2964 sublunaria
2811 2909 2930 2965 haec
2976 2911 3183 2965 decora
3234 2928 3301 2966 ac
3352 2914 3690 2985 spectacula

2044 2997 2353 3068 aspiciens.
2379 2997 2574 3068 Nuper
2602 3000 2869 3066 claudus,
2895 2999 3156 3055 solidatis
3189 3001 3407 3072 plantis
3448 3003 3685 3061 ﬁrmum

290 3092 610 3165 ὁρθολεκτεῖ
662 3090 1097 3164 εὐχαριστήρια·
1162 3085 1283 3160 ἄρτι
1344 3084 1398 3140 δὲ
1442 3086 1723 3160 ξηρόχεεῐδ,
1786 3084 1932 3160 ὑγια-

2051 3088 2244 3155 recipit
2272 3103 2564 3157 gressum,
2596 3088 2889 3158 gestitque
2915 3089 3133 3145 saliens
3165 3094 3230 3144 ut
3261 3106 3484 3147 cervus.
3520 3091 3688 3151 Modo

288 3182 432 3241 σθεὶς
466 3180 629 3256 ἄμφω
669 3180 748 3235 τὼ
788 3185 940 3256 χεῖρε
970 3178 1106 3250 πρὸς
1134 3176 1225 3230 τὸν
1256 3175 1307 3229 ἐν
1343 3174 1591 3245 οὒρανοῖς
1646 3174 1927 3243 Δεσπότην

286 3270 402 3343 ᾅδει
437 3271 696 3344 εὐκτήρια
730 3287 740 3299 ·
796 3266 916 3340 ἄρτι
963 3268 1059 3339 μὲν
1110 3264 1359 3338 ύδεριῶν,
1400 3269 1648 3319 κενοῦται
1694 3267 1790 3318 τοῦ
1838 3263 1929 3317 πά-

285 3364 412 3422 θους
443 3360 515 3419 ὡς
556 3361 810 3437 τάχιστα,
843 3356 931 3411 καὶ
982 3357 1055 3417 εἰς
1104 3358 1204 3425 τήν
1254 3355 1483 3429 ἀρχαίαν
1535 3354 1735 3428 ὑγίειαν
1784 3351 1928 3407 ἄνει-

284 3472 367 3505 σιν
406 3472 418 3483 ο
456 3447 572 3519 ἄρτι
608 3447 663 3502 δὲ
694 3447 893 3521 λεπρὸς
933 3445 1256 3520 ἀποσύρεται
1285 3452 1384 3513 τῆς
1422 3440 1631 3512 λώϐης,
1665 3444 1752 3497 καὶ
1798 3440 1928 3517 βλέ-

280 3562 403 3594 πων
462 3540 558 3606 τήν
620 3538 809 3591 ἑαυτυῦ
879 3537 1299 3609 νεουργηθεῖσαν
1360 3535 1524 3608 ςάρκα
1581 3530 1923 3605 ἀγάλλεται⁸

282 3627 408 3701 ἄρτι
461 3628 554 3700 μὲν
612 3624 941 3699 παράλυτος,
985 3624 1287 3696 ἀρτιασθεὶς
1338 3619 1650 3694 ἐπωμάδιον
1681 3621 1827 3699 φέρει
1867 3622 1928 3675 τὸ

280 3714 549 3772 κλινίδιον
582 3734 594 3745 ⁸
619 3716 738 3789 ἄρτι
764 3713 819 3768 δὲ
849 3712 1145 3785 δαιμονῶν,
1170 3716 1264 3765 τοῦ
1297 3717 1600 3784 πνεύματος
1622 3712 1927 3783 καθαρθεὶς,

282 3806 577 3883 σωφρόνως
602 3802 807 3873 δοξάζει
839 3803 927 3856 τὸν
966 3801 1159 3875 Κύριον
1194 3822 1205 3833 ·
1248 3798 1365 3873 ἄρτι
1403 3800 1495 3872 μὲν
1539 3801 1808 3873 ἡμιθανὴς
1841 3800 1930 3852 ἀσ-

281 3898 548 3970 θμαίνων,
570 3893 747 3965 ἐξόδια
777 3893 1111 3967 ἀναθρώσκεν
1154 3892 1386 3965 τάχιστα
1409 3913 1421 3925 ·
1448 3890 1570 3962 ἄρτι
1619 3887 1674 3943 δὲ
1720 3891 1927 3962 νεκρὸς,

279 3987 343 4040 ἐκ
393 3987 591 4058 φθορᾶς
624 3983 847 4057 ἀνέθορε
888 3983 954 4037 τά
992 3980 1043 4035 ἐν
1096 3978 1230 4052 ᾅδου
1264 3979 1574 4053 λογοθετῶν
1631 3984 1747 4041 τοῖς
1796 3978 1927 4051 ὕπερ

279 4082 383 4151 γῆν
413 4074 501 4129 καὶ
559 4074 814 4148 ζωάρχην
864 4072 991 4127 Θεὸν
1039 4067 1588 4143 ἀνθομολογούμενος
1623 4088 1633 4099 ·
1678 4067 1798 4140 ἄρτι
1835 4068 1925 4139 μὲν

280 4162 715 4240 ἑτερόφθαλμος,
743 4156 1122 4235 ὀρθοὸλεπτεῖ,
1145 4159 1239 4213 καὶ
1270 4156 1629 4231 μονόμματος
1664 4154 1931 4229 διδυμομ-

283 4259 467 4327 ματεῖ,
499 4254 590 4308 καὶ
622 4251 772 4323 ἄθριξ
802 4254 1109 4324 καρηκομεῖ
1143 4270 1154 4281 ’
1206 4246 1326 4321 ἄρτι
1377 4244 1432 4300 δὲ
1480 4247 1694 4319 κυρτὸς,
1737 4246 1932 4320 ὀρθοῦ-

276 4365 391 4413 ται,
453 4344 539 4397 καὶ
604 4342 786 4417 κωφὸς
851 4340 1200 4405 ὡτακουστεῖ,
1252 4335 1341 4390 καὶ
1380 4339 1624 4409 πυρετῶν
1675 4330 1929 4408 ἔρρωται,

277 4435 369 4488 καὶ
434 4432 597 4507 ῥιγῶν
657 4432 905 4504 ιύκρατεῖ
957 4448 970 4460 ο
1028 4428 1151 4502 ἄρτι
1206 4431 1389 4499 οτεῖρα
1442 4422 1781 4493 παιδοποιεῖ,
1837 4427 1924 4479 καὶ

2041 3176 2275 3243 blaesus,
2312 3176 2519 3249 linguas
2564 3177 2815 3233 vinculis
2865 3178 3095 3247 solutis,
3126 3181 3393 3250 expedito
3425 3196 3688 3238 sermone

2039 3265 2358 3335 gratiarum
2409 3266 2657 3322 actionis
2715 3266 2918 3323 laudes
2968 3269 3188 3339 pangit.
3240 3270 3411 3324 Modo
3461 3270 3685 3326 aridam

2040 3370 2271 3410 manum
2304 3355 2546 3421 habens,
2576 3374 2758 3413 sanus
2788 3356 3048 3424 effectus,
3085 3374 3294 3414 manus
3322 3360 3526 3417 ambas
3559 3366 3684 3418 ten-

2039 3445 2179 3499 dens
2236 3445 2307 3498 ad
2366 3444 2679 3501 Dominum
2737 3447 2795 3502 in
2850 3445 3013 3503 cmlis
3045 3448 3444 3515 exsistentem,
3482 3467 3682 3522 preces

2038 3534 2213 3589 canit.
2257 3535 2423 3589 Modo
2484 3536 2847 3606 hydropicus,
2899 3553 3075 3603 quam
3135 3537 3420 3595 citissime
3478 3540 3683 3597 morbo

2037 3628 2340 3689 vacuatur,
2376 3628 2433 3679 et
2476 3625 2545 3679 ad
2601 3625 2904 3695 pristinam
2951 3628 3257 3682 sanitatem
3307 3629 3476 3684 redit.
3511 3629 3683 3685 Modo

2038 3711 2322 3784 leprosus,
2373 3713 2539 3784 plaga
2595 3731 2703 3769 sua
2767 3715 3029 3786 eripitur,
3078 3716 3390 3787 vidensque
3445 3734 3681 3774 carnem

2039 3818 2200 3856 suam
2235 3807 2592 3868 renovatam,
2621 3802 2887 3859 exsultat.
2923 3804 3090 3860 Modo
3124 3807 3492 3875 paralyticus,
3525 3812 3688 3863 artu-

2038 3890 2146 3945 bus
2176 3890 2517 3948 instauratis
2564 3891 2842 3948 lectulum
2892 3893 2951 3947 in
3000 3892 3277 3949 humeros
3310 3893 3481 3951 tollit.
3512 3895 3682 3950 Modo

2040 3980 2516 4047 dasmoniacus,a
2563 3982 2769 4051 spiritu
2820 3983 3154 4048 mundatus,
3185 3984 3380 4039 sobria
3430 4001 3492 4038 ac
3544 4001 3686 4040 sana

2040 4074 2233 4123 mente
2259 4069 2571 4126 Dominum
2601 4070 2823 4125 laudat.
2850 4070 3018 4126 Modo
3051 4071 3468 4127 semimortuus
3499 4076 3554 4128 et
3585 4088 3683 4128 su-

2041 4173 2237 4229 prema
2260 4160 2570 4228 verbajam
2597 4159 2817 4225 dicens,
2840 4160 3139 4215 confestim
3174 4160 3491 4217 revalescit.
3515 4162 3683 4219 Modo

2040 4252 2328 4314 mortuus,
2385 4266 2416 4301 a
2486 4249 2852 4318 corruptione
2926 4249 3084 4305 velox
3156 4250 3423 4320 resurgit,
3481 4267 3684 4306 eorum

2040 4338 2324 4392 rationem
2357 4354 2476 4406 quas
2509 4342 2649 4391 sunt
2677 4336 2737 4392 in
2788 4338 3013 4393 inferno
3064 4339 3312 4394 reddens
3345 4339 3684 4396 hominibus

2039 4426 2096 4481 in
2130 4431 2281 4481 terra
2328 4425 2684 4496 constitutis,
2716 4444 2782 4483 ac
2827 4428 2954 4482 vita
3005 4428 3229 4483 auctori
3279 4429 3394 4484 Deo
3424 4429 3682 4486 vicissim

281 4486 327 4488 Vh
360 4486 365 4487 ⁷
434 4486 442 4507 δ
503 4486 512 4506 Ι
754 4486 762 4504 Ι
1066 4486 1075 4502 Ι
1326 4486 1334 4499 Ι
1770 4486 1779 4493 ι

281 4523 657 4598 αἱμορροοῦσα
706 4520 945 4584 εὐπαθεῖ,
997 4518 1085 4572 καὶ
1132 4515 1482 4582 δυστυχοῦσα,
1555 4515 1787 4582 εὐτοκεῖ,
1836 4516 1922 4569 καὶ

2051 4516 2336 4572 :ontitens.
2388 4515 2556 4571 Modo
2606 4486 2787 4572 altero
2836 4516 3009 4572 lassus
3056 4518 3249 4587 oculo,
3302 4523 3453 4574 recte
3492 4518 3680 4591 videt;

278 4612 635 4687 καρκινόσαρξ
689 4609 1058 4681 εὔσωμ[ατ]εῖ,
1093 4608 1183 4661 καὶ
1240 4610 1344 4660 πᾶν
1372 4600 1674 4675 κολόϐωμα
1706 4604 1927 4679 φυσικὸν

280 4701 615 4776 ἀρτιάζεται,
651 4699 737 4752 καὶ
774 4702 915 4763 πᾶσα
945 4695 1189 4768 μαλακία
1215 4695 1500 4767 ὑποχωρεῖ
1528 4692 1617 4746 καὶ
1648 4697 1749 4745 πᾶν
1775 4694 1930 4765 ψυχι.

279 4791 377 4846 κὸν
409 4790 579 4850 πάθος
613 4787 917 4858 ἒξωστατεῖ.
952 4787 1058 4842 Ἐῶ
1090 4782 1265 4859 λέγειν
1298 4782 1393 4844 τὰς
1420 4781 1472 4837 ἐν
1502 4781 1726 4855 ἀλόγοις
1772 4780 1930 4850 ξώοις

282 4879 745 4953 θαυματουργίας,
802 4876 896 4937 τάς
951 4896 1009 4928 τε
1062 4879 1168 4929 τῶν
1241 4870 1528 4947 στοιχείων
1582 4868 1761 4942 ἄρσεις
1841 4870 1931 4924 καὶ

285 4967 615 5043 μεταθέσεις,
663 4970 728 5035 ἧς
785 4987 928 5027 τινος
988 4962 1077 5018 οὖν
1138 4961 1319 5032 ἄλλης
1378 4960 1587 5038 φύσεως
1627 4956 1932 5033 παραδοξο-

281 5057 468 5114 ποιίαν
507 5078 517 5089 ·
552 5059 586 5127 ἢ
622 5058 722 5133 γὰο
756 5054 854 5109 οὔκ
884 5054 1083 5124 ἀληθὲς
1130 5054 1193 5106 τὸ
1237 5052 1338 5106 ὑπὸ
1385 5056 1485 5105 τοῦ
1536 5049 1731 5124 Κυρίου
1783 5048 1929 5119 εἰρη-

287 5149 476 5221 μένον,
510 5152 624 5201 ⁴Οτι
660 5146 717 5205 ὃς
750 5144 809 5198 ἃν
854 5142 978 5217 εἴπῃ
1027 5147 1105 5213 τῷ
1149 5137 1263 5214 ὄρει
1301 5141 1500 5212 τούτῳ,
1561 5141 1785 5215 Ἀρθητι
1841 5139 1929 5192 καὶ

288 5238 531 5313 βλήθητι
590 5235 664 5297 εἷς
723 5236 821 5302 τήν
897 5231 1193 5299 θάλασσαν,
1248 5232 1337 5285 καὶ
1412 5233 1486 5304 μὴ
1548 5230 1797 5304 διακριθῇ
1880 5230 1930 5284 ἐν

281 5328 351 5399 τῇ
409 5322 605 5397 καρδίᾳ
660 5322 842 5390 αὐτοῦ,
904 5318 1051 5375 ἀλλὰ
1114 5319 1388 5372 πιστεύαει
1449 5316 1529 5372 ὅτι
1585 5317 1617 5371 ’ὰ
1670 5318 1812 5392 λέγει
1845 5316 1928 5393 γί-

283 5434 455 5484 νεται,
515 5409 661 5468 ἔσται
713 5411 858 5482 αὐτῷ
917 5411 945 5462 ὃ
1000 5406 1059 5462 ἃν
1116 5406 1271 5481 ε’ίπῃ.
1348 5410 1484 5478 Ὅρα
1566 5428 1657 5479 μοι
1736 5405 1931 5461 λοιπὸν

285 5507 375 5560 καὶ
423 5504 550 5580 ὄρος
599 5503 675 5565 εἰς
716 5502 878 5577 ὑγρὸν
922 5500 1311 5573 μεταιρόμενον
1367 5499 1559 5572 τυχὸν,
1592 5497 1681 5551 καὶ
1722 5495 1786 5552 αὖ
1824 5494 1927 5551 πᾶ-

362 5693 384 5729 ²
416 5690 619 5748 Matth.
661 5704 719 5755 v,
752 5687 840 5755 14,
914 5684 937 5719 ³
964 5684 1165 5741 Matth.
1198 5700 1254 5748 ι,
1287 5682 1339 5736 8.

609 5787 867 5852 ΡΑτιιοι..
912 5787 1025 5849 Gn.
1070 5781 1273 5845 XCIX.

2044 4619 2341 4675 unumque
2370 4606 2602 4659 oculum
2636 4624 2666 4659 ιι
2698 4610 2905 4661 natura
2954 4606 3219 4673 sortitus,
3243 4606 3471 4661 duobus
3501 4607 3684 4663 oculis

2042 4695 2346 4747 intuetur:
2382 4693 2602 4764 glaber,
2653 4710 2877 4749 comam
2931 4695 3128 4749 nutrit.
3188 4696 3356 4751 Modo
3411 4696 3684 4751 incurvus

2041 4780 2300 4848 erigitur,
2333 4782 2629 4852 surdoque
2661 4782 3001 4852 aperiuntur
3030 4797 3241 4849 aures;
3277 4782 3451 4838 febris
3482 4783 3685 4837 ardore

2042 4875 2299 4924 aestuans
2332 4872 2476 4925 bene
2522 4871 2704 4937 valet;
2735 4871 3021 4926 contrario
3055 4872 3191 4926 item
3241 4872 3453 4941 frigore
3483 4871 3686 4944 algens

2043 4959 2519 5029 temperationem
2573 4960 2888 5015 humorum
2952 4961 3173 5032 recipit.
3226 4961 3393 5015 Modo
3446 4960 3683 5027 sterilis,

2041 5050 2260 5121 prolem
2294 5050 2540 5120 suscipit
2572 5067 2584 5103 :
2624 5049 2926 5121 fluensque
2957 5050 3260 5121 sanguine,
3293 5049 3684 5105 valetudinem

2041 5139 2284 5204 obtinet,
2318 5146 2487 5210 atque
2519 5139 2588 5193 ad
2623 5143 2854 5209 partum
2888 5139 3169 5205 difﬁcilis,
3202 5140 3464 5209 expedita
3497 5139 3682 5193 reddi-

2043 5235 2171 5294 tur;
2209 5226 2653 5282 hasmorrhoissa
2682 5232 2957 5295 sanatur;
2983 5231 3351 5283 cancromate
3392 5228 3684 5296 laborans,

2041 5334 2250 5388 corpus
2284 5317 2574 5389 integrum
2609 5322 2947 5388 recuperat;
2983 5318 3281 5389 quodlibet
3331 5324 3551 5375 natura;
3580 5318 3684 5374 de-

2039 5407 2379 5462 trimentum
2407 5408 2677 5473 sarcitur,
2701 5422 2767 5461 ac
2797 5423 2999 5462 omnes
3022 5406 3333 5479 languores
3368 5407 3682 5473 recedunt;

2041 5498 2248 5552 animai
2280 5497 2419 5552 item
2454 5497 2641 5552 morbi
2672 5514 2871 5552 omnes
2906 5496 3218 5567 pelluntur.
3254 5497 3419 5553 Mitto
3469 5498 3679 5565 dicere,
