4090 6288
496 418 614 478 779

1746 413 1810 476 S.
1853 409 2250 475 THEODORI
2293 407 2654 473 STUDITE

3757 427 3861 490 780

499 569 628 628 qua:
658 568 796 626 erga
823 552 1025 610 brulos
1047 551 1372 608 animantes
1405 547 1687 606 miracula
1708 551 1935 620 patrata
1964 549 2141 603 sunt:

2259 543 2344 598 λιν
2384 544 2545 617 βυθὸν
2577 545 2964 620 ξηραινόμενον
2996 547 3088 605 καὶ
3127 547 3206 615 εἷς
3236 549 3552 632 χλοηφόρον
3580 554 3752 612 πεδίον
3782 580 3865 632 με·

497 644 920 701 elsmentorum
968 645 1106 698 item
1139 643 1210 697 de
1262 658 1370 696 suo
1419 643 1577 695 statu
1630 638 2044 695 commotiones
2075 653 2141 692 ac

493 735 930 804 translationes,
962 738 1019 790 et
1049 732 1288 788 alterius
1335 731 1598 802 cujusvis
1629 733 1854 785 naturae
1887 727 2141 783 miracu-

493 825 638 882 lum.
687 825 890 880 Nonne
939 823 1092 879 enim
1142 821 1287 876 illud
1347 820 1583 876 veritate
1632 819 1857 887 nititur,
1907 817 2060 889 quod
2110 833 2144 872 a

493 914 740 972 Domino
791 914 1012 968 dictum
1045 919 1130 968 est
1161 927 1175 965 :
1211 911 1464 981 Quisquis
1503 909 1708 965 dixerit
1750 909 1928 962 monti
1969 906 2094 961 huic
2121 922 2142 962 :

500 1004 724 1074 Tollere,
757 1010 809 1058 et
858 1001 1079 1058 mittere
1123 1002 1186 1056 in
1233 1014 1406 1064 mare,
1451 1008 1503 1054 et
1549 1015 1664 1054 non
1712 997 2054 1054 haesitaverit
2084 997 2144 1049 in

2250 632 2595 706 τατιθὲμενον
2632 651 2648 669 ·
2695 637 2782 690 καὶ
2837 679 2852 693 .
2903 679 2916 692 .
2965 680 2980 696 .
3022 641 3170 715 ριγὶς
3229 641 3374 718 ὕδωρ
3416 643 3623 709 ἀθρόως
3676 643 3731 701 ἐκ
3772 668 3865 704 πυ-

2253 724 2406 793 θμῶν
2456 723 2727 800 πηγάζον,
2760 727 2957 800 πὲτραν
3007 750 3066 784 τε
3113 732 3444 806 σχιζομένην
3491 735 3576 788 καὶ
3624 735 3710 790 τὸν
3755 755 3865 810 χρι-

2252 811 2516 888 στοφόρον
2547 813 2974 887 ἀποπέμπουσαν
3011 836 3022 849 ·
3056 819 3144 873 καὶ
3176 818 3225 874 ετί
3251 842 3302 875 τι
3351 820 3492 879 ἄλλο
3537 827 3666 878 κατὰ
3695 825 3864 900 χρείαν

2249 905 2358 955 τῶν
2417 903 2492 964 εἱς
2552 902 2728 959 πίστιν
2779 903 3049 961 ἑλκόντων
3111 909 3237 973 τοὺς
3287 913 3684 983 μαθητιῶντας,
3729 913 3866 972 οὐδὲν

2253 989 2622 1064 ἀδυνατούσης
2652 1001 2751 1064 τῆς
2784 995 2929 1060 Θείας
2961 999 3206 1073 χάριτος.

490 1093 649 1149 corde
678 1109 797 1161 suo,
827 1091 920 1148 sed
949 1089 1266 1158 crediderit,
1296 1089 1430 1160 quia
1459 1087 1599 1160 quod
1629 1087 1832 1143 dixerit
1858 1090 1974 1155 ﬁat,
2006 1086 2098 1156 ﬁet
2126 1086 2178 1141 ei
2217 1083 2568 1156 quodcunque
2596 1085 2799 1142 dixerit
2826 1087 2889 1143 ³⁸.
2938 1089 3069 1145 Jam
3125 1090 3262 1147 mihi
3320 1101 3374 1148 et
3431 1101 3683 1150 montem
3739 1096 3871 1152 forte

490 1184 690 1239 videas
721 1184 780 1238 in
811 1198 995 1254 aquas
1026 1179 1402 1250 translatum,
1431 1177 1812 1248 vicissimque
1840 1175 2154 1231 exsiccatos
2183 1175 2332 1228 imos
2364 1176 2645 1246 gurgites,
2679 1181 2852 1250 atque
2883 1179 2941 1234 in
2968 1197 3242 1253 campum
3297 1183 3649 1242 berbiferum
3699 1195 3874 1242 mula-

501 1279 592 1331 tos
628 1291 641 1328 :
675 1273 815 1345 quin
849 1285 902 1328 et
929 1287 1144 1343 aquam
1179 1273 1414 1342 repente
1440 1285 1506 1324 ac
1538 1269 1719 1323 fundo
1750 1265 2187 1332 scaturientem,
2220 1264 2576 1335 scissamque
2625 1273 2873 1337 petram,
2922 1277 2974 1325 et
3022 1271 3316 1328 hominem
3375 1275 3601 1331 Christo
3650 1276 3872 1348 plenum

500 1369 883 1420 assectantem
920 1363 940 1397 ‘
973 1380 986 1417 :
1018 1378 1084 1416 ac
1113 1361 1159 1416 si
1191 1361 1328 1431 quid
1363 1359 1519 1414 aliud
1553 1356 1852 1428 discipulis
1876 1355 1945 1410 ad
1981 1353 2152 1409 fidem
2185 1353 2489 1409 trahendis
2521 1356 2791 1412 idoneum
2829 1359 2991 1428 justa
3037 1361 3302 1434 exigebat
3355 1365 3702 1435 necessitas;
3753 1383 3873 1424 cum

489 1455 636 1510 nihil
669 1455 764 1518 sit,
800 1453 952 1524 quod
987 1451 1182 1506 divina
1212 1449 1400 1520 gratia
1431 1452 1704 1520 praestare
1729 1463 1844 1501 non
1872 1443 2080 1517 possit.

557 1545 612 1601 7.
644 1546 717 1599 At
751 1559 822 1598 ne
869 1540 1117 1613 singulis
1148 1539 1276 1609 plus
1323 1555 1486 1609 aequo
1530 1537 1876 1600 immorans,
1910 1533 2146 1588 audito-

488 1635 654 1692 ribus
683 1632 917 1687 tasdium
969 1645 1178 1696 creem,
1213 1628 1284 1683 ad
1332 1627 1486 1682 aliud
1528 1625 1703 1681 etiam
1753 1628 2009 1678 transeo.
2048 1622 2146 1676 Vos

488 1725 616 1782 estis
664 1723 750 1778 sal
795 1725 960 1778 terrae
989 1719 1033 1773 ⁵.
1087 1718 1187 1774 Hic
1237 1732 1468 1790 quoque
1518 1714 1857 1786 metaphora
1906 1714 1978 1768 ab
2026 1711 2142 1766 illis

489 1817 725 1884 sumpta
773 1819 878 1879 est,
917 1826 1042 1882 quae
1077 1808 1151 1865 ad
1193 1823 1362 1863 usum
1414 1804 1806 1861 necessarium
1852 1803 2140 1858 veniunt:

489 1901 982 1976 quemadmodum
1033 1898 1205 1954 etiam
1254 1895 1364 1951 alio
1415 1895 1587 1951 loco:
1639 1893 1838 1949 Habeto
1885 1895 1941 1948 in
1991 1892 2142 1948 vobis

2327 1536 2392 1600 ζ’.
2427 1532 2579 1588 Ἀλλ’
2613 1531 2702 1589 ἵνα
2753 1537 2828 1608 μή
2883 1536 2970 1592 ἐπὶ
3014 1536 3203 1594 πλεῖον
3235 1537 3586 1616 ἐνδιατρίϐων
3619 1549 3730 1606 τοῖς
3757 1546 3879 1600 κατὰ

2257 1619 2422 1691 μέρος
2465 1619 2722 1698 διακορὴς
2753 1623 2966 1701 γίνοιμι
2997 1633 3112 1690 τοῖς
3166 1629 3470 1703 ἀκούουσιν,
3523 1631 3605 1686 ἐπ’
3635 1631 3770 1688 ἄλλο
3817 1631 3874 1701 δὴ

2252 1711 2341 1763 καὶ
2391 1711 2680 1786 τρέψομαι.
2742 1718 2923 1786 Ὑμεῖς
2983 1715 3098 1772 ἐστε
3153 1720 3214 1774 τὸ
3267 1719 3402 1782 όίλας
3461 1728 3563 1791 τῆς
3619 1729 3739 1797 γῆς.
3796 1724 3881 1778 Ἐκ

2252 1802 2360 1851 τῶν
2431 1799 2730 1875 ἀναγκαίων
2801 1802 3061 1874 ε’ίληπται
3119 1808 3381 1863 κάνταῦθα
3440 1812 3474 1879 ἡ
3554 1812 3820 1888 μεταφορά
3864 1831 3876 1844 '

2254 1888 2436 1964 ὥσπερ
2467 1891 2555 1945 καὶ
2596 1892 2872 1967 ἀλλαχοῦ,
2914 1897 3109 1974 Ἔχετε
3155 1896 3290 1961 ἅλας
3329 1899 3380 1954 ἐν
3432 1902 3645 1962 ἑαυτοῖς
3674 1925 3685 1936 ·
3731 1907 3879 1957 τοῦτο

487 1964 574 2050 sat
603 1991 645 2047 ⁸.
679 1991 796 2046 Ηοο
846 1998 1037 2044 autem
1088 1986 1227 2060 quid
1261 1985 1416 2042 aliud
1466 1999 1641 2056 quam
1689 1982 1989 2038 charitatis
2021 1982 2142 2037 sit?

2257 1974 2308 2032 δὲ
2355 1977 2404 2032 τί
2457 1979 2600 2034 ἄλλο
2632 1983 2666 2051 ἢ
2709 1964 2894 2056 ἀγάπη
2949 1964 3021 2038 ἃῖ
3056 1983 3162 2055 εἷή,
3195 1987 3317 2056 ἥτις
3367 1989 3456 2043 καὶ
3511 1990 3684 2064 νόμου
3741 1990 3882 2060 πλή-

490 2098 616 2153 quae
647 2080 816 2136 etiam
870 2082 958 2134 est
988 2075 1287 2148 plenitudo
1339 2073 1504 2146 legis,
1538 2077 1602 2127 ut
1649 2089 1813 2128 sacer
1842 2071 2142 2144 apostolus

487 2171 705 2227 Paulus
736 2171 904 2226 docet
931 2167 975 2226 ⁷.
1012 2167 1179 2223 Sicut
1207 2165 1362 2222 enim
1413 2165 1634 2235 absque
1665 2163 1784 2219 sale
1833 2162 1997 2234 panis
2027 2179 2140 2217 non

492 2259 966 2325 manducabitur,
995 2262 1060 2312 ut
1090 2273 1194 2312 nec
1247 2256 1362 2311 fere
1409 2255 1720 2325 quisquam
1754 2251 1903 2308 alius
1952 2253 2140 2319 cibus,

494 2351 579 2406 sic
613 2349 796 2421 liquet
825 2347 1045 2417 absque
1072 2343 1380 2400 dilectione
1421 2341 1564 2397 nihil
1596 2341 1915 2412 priestilum
1949 2340 2018 2395 iri
2050 2357 2142 2396 eo-

495 2456 625 2495 rum
661 2455 788 2510 quas
833 2441 944 2491 Deo
993 2441 1222 2504 accepta
1251 2436 1406 2488 sunt.
1442 2432 1640 2486 Talem
1691 2445 1749 2484 se
1783 2430 1949 2484 nobis
1981 2429 2141 2486 exhi-

493 2529 621 2587 buit
654 2525 976 2598 apostolus,
1010 2523 1382 2580 adamantino
1417 2520 1610 2575 animo
1642 2519 1939 2591 prmditus,
1967 2524 2141 2591 atque

487 2616 552 2674 in
585 2615 1005 2673 certaminibus
1035 2613 1264 2686 pietatis
1295 2629 1470 2668 causa
1517 2611 1801 2682 susceptis
1832 2611 2140 2689 insupera-

493 2708 651 2772 bilis,
687 2719 875 2774 neque
922 2703 1212 2774 prosperis
1242 2706 1504 2756 mutatus
1551 2716 1740 2771 neque
1771 2700 2051 2768 adversis,
2084 2699 2142 2755 id

492 2805 578 2852 est
627 2795 967 2851 infamatus.
1003 2791 1230 2848 Videsis
1265 2807 1278 2844 :
1313 2789 1743 2862 persecutiones
1787 2789 2139 2860 patiebatur,

488 2901 593 2942 nec
625 2886 697 2939 ab
751 2899 954 2938 eorum
989 2881 1085 2953 qui
1139 2880 1638 2952 persequebantur
1682 2893 1878 2933 amore
1909 2879 2141 2932 recede-

487 2976 626 3042 bat;
655 2972 973 3029 ducebatur
995 2972 1064 3026 ad
1089 2987 1254 3042 reges
1277 2973 1335 3024 et
1363 2968 1660 3040 praesides,
1685 2983 1788 3021 nec
1813 2967 2134 3038 quidquam

487 3066 557 3120 de
587 3061 854 3117 animosa
903 3060 1266 3116 confessione
1316 3057 1692 3112 remittebat:
1728 3055 1904 3126 virgis
1954 3056 2141 3110 caede-

488 3155 678 3220 batur,
713 3167 777 3206 ac
806 3149 1248 3206 verberantibus
1298 3162 1422 3202 sese
1455 3144 1742 3202 medicum
1797 3145 2092 3216 prebebat
2126 3163 2138 3201 :

491 3241 768 3299 conviciis
801 3241 1202 3313 appetebatur,
1223 3246 1275 3292 et
1305 3236 1556 3291 ludibrio
1586 3236 1927 3302 habebatur,
1952 3235 2143 3290 illuso-

2253 2087 2432 2142 ρωμα,
2484 2067 2557 2131 ὥς
2607 2093 2736 2147 φησι
2794 2071 3009 2136 Παῦλος
3062 2076 3088 2128 ὁ
3128 2077 3272 2149 ἱερὸς
3321 2079 3664 2150 ἀπόστολος;
3695 2081 3752 2134 Ὠ
3797 2079 3877 2135 οὖν

2253 2155 2375 2211 οὔτε
2404 2156 2565 2232 ἄρτος
2611 2161 2951 2234 βρωθήσεται
2982 2161 3105 2218 ἄνευ
3137 2165 3289 2229 ἁλὸς,
3324 2169 3407 2222 ὅτι
3460 2167 3602 2241 μηδέ
3648 2191 3698 2224 τι
3759 2190 3882 2245 σχε-

2254 2243 2349 2300 δὸν
2377 2252 2480 2302 τῶν
2513 2245 2796 2322 ἐδωδίμων
2824 2273 2836 2285 ο
2872 2253 3018 2307 οὕτω
3065 2251 3232 2323 δῆλον
3263 2258 3344 2310 ὅτι
3377 2258 3468 2311 καὶ
3520 2260 3733 2336 ἀγάπης
3764 2230 3882 2335 δίχα

2684 2319 2692 2322 .
3119 2319 3128 2323 -
3569 2319 3579 2336 .
3691 2319 3730 2330 ,τ
3820 2319 3854 2335 ι.

2253 2334 2410 2390 οὐδὲν
2450 2342 2556 2392 τῶν
2603 2338 2871 2417 θεοφιλῶν
2921 2341 3364 2420 ἓξεογασθήσεται
3401 2369 3412 2381 ’
3462 2354 3712 2403 τοιοῦτον
3758 2352 3881 2422 ἡμῖν

2253 2426 2436 2480 ἑαυτὸν
2497 2430 2820 2500 παρίστησιν
2882 2433 2909 2485 ὁ
2969 2433 3308 2497 Ἀπόστολος
3360 2434 3726 2510 ἀδαμαντίνην
3753 2434 3885 2513 ἔχων

2253 2517 2418 2570 οἱονεὶ
2457 2519 2556 2586 τήν
2603 2521 2789 2594 ψυχήν
2856 2522 2941 2575 καὶ
2999 2522 3432 2599 ἀκαταγώνιστον
3489 2527 3544 2582 ἐν
3595 2535 3708 2590 τοῖς
3766 2529 3883 2602 ὑπὲρ

2251 2603 2511 2674 ἀληθείας
2542 2607 2746 2682 ἀγῶσι·
2783 2610 2872 2664 καὶ
2925 2609 3292 2687 μηδοποτέρῳ
3324 2613 3412 2670 διὰ
3463 2621 3574 2672 τῶν
3627 2615 3806 2688 δεξιῶν
3851 2619 3881 2687 ἢ

2251 2692 2543 2769 ἀριστερῶν
2606 2693 3086 2772 μεταϐαλλόμενος
3165 2700 3334 2775 ἤγουν
3415 2706 3826 2781 μωραινόμενος
3870 2726 3883 2740 ·

2251 2783 2439 2837 σκόπει
2474 2803 2486 2816 '
2547 2782 2857 2855 ἐδεδίωκτο,
2911 2789 2999 2842 καὶ
3055 2797 3164 2844 τῶν
3220 2790 3533 2848 διωκόννων
3585 2800 3681 2852 τοῦ
3728 2796 3884 2851 πόθου

2253 2870 2350 2924 οὐκ
2409 2872 2665 2951 ἀφίστατο
2701 2894 2712 2906 ·
2773 2874 2859 2929 ἐπὶ
2922 2877 3165 2950 βασιλεῖς
3225 2881 3314 2934 καὶ
3380 2884 3657 2955 ἡγεμόνας
3711 2883 3882 2959 ἤγετο,

2250 2961 2468 3031 καὶτῆς
2519 2961 2812 3019 εὺθᾶσασου
2864 2965 3171 3044 ὁμολογίας
3223 2973 3322 3025 οὐκ
3351 2969 3682 3029 ἐλλέλειπτο
3716 2994 3729 3006 ·
3770 2973 3887 3047 ἐμα-

2254 3051 2481 3120 στίζετο,
2525 3054 2762 3116 καὶτοῖς
2811 3053 3103 3118 κολασταῖς
3155 3059 3319 3134 ἰητὴρ
3365 3060 3711 3136 ἐγνωρίζετο,
3743 3063 3884 3118 ὠνει-

2254 3137 2449 3212 δίζετο,
2499 3142 3002 3215 προύπηλακίζετο,
3061 3148 3150 3201 καὶ
3214 3155 3330 3211 τοῖς
3401 3145 3687 3224 ὑϐρισταῖς
3741 3150 3882 3222 δόξαν

2253 3229 2622 3306 ἐπραγμάτευε
2671 3253 2685 3266 ο
2746 3236 3086 3307 μιμούμενος
3150 3240 3241 3293 τὸν
3303 3237 3635 3297 διδάσκαλον
3695 3244 3751 3305 ’ὃς
3805 3241 3884 3296 καὶ

490 3331 769 3403 ribusque
790 3330 1029 3403 gloriam
1054 3329 1298 3383 curabat
1324 3351 1338 3394 ;
1363 3325 1710 3397 magistrum
1735 3325 2018 3392 imitatus,
2042 3326 2138 3395 qui

2257 3319 2334 3373 ἐπ’
2383 3322 2551 3376 αὐτοῦ
2599 3327 2696 3377 τοῦ
2739 3324 2943 3389 πάθους
2989 3332 3104 3390 τοῖς
3149 3335 3480 3402 σταυριυταῖς
3549 3334 3648 3402 τὴν
3715 3332 3884 3409 ἄφεσιν

490 3421 665 3478 etiam
691 3421 831 3474 dum
863 3422 1179 3491 pateretur,
1203 3415 1643 3472 cruciﬁxoribus
1672 3414 1900 3469 veniam
1927 3431 1958 3468 a
1979 3415 2143 3471 Patre

491 3508 858 3580 precabatur.
893 3505 1331 3561 Prastendebant
1379 3503 1466 3558 illi
1517 3503 1802 3575 gladium,
1834 3504 1959 3574 ipse
1988 3505 2145 3574 obji—

492 3597 680 3654 ciebat
737 3594 1104 3650 doctrinam:
1166 3593 1250 3648 illi
1306 3594 1498 3663 ignem
1559 3593 1950 3659 minabantur,
2021 3594 2145 3664 ipse

496 3687 842 3743 charitatem
891 3685 1135 3756 augebat
1172 3699 1185 3737 :
1220 3683 1303 3738 illi
1358 3683 1574 3750 minas,
1605 3683 1729 3753 ipse
1780 3698 1978 3753 preces
2009 3698 2022 3736 :
2059 3682 2144 3736 illi

494 3775 893 3843 afﬂictionem,
945 3774 1055 3828 iste
1105 3772 1313 3828 salutis
1380 3787 1578 3826 eorum
1638 3771 1738 3841 qui
1787 3770 2145 3842 afﬂigebant,

493 3864 652 3921 sitim
688 3880 802 3936 prae
837 3879 897 3918 se
928 3862 1147 3918 ferebat
1179 3877 1191 3914 :
1227 3859 1512 3915 molestiis
1557 3859 1958 3914 delectabatur
1991 3875 2004 3913 :
2039 3876 2146 3914 an-

494 3953 705 4029 gustiis
737 3953 1105 4009 dilatahatur.
1131 3950 1281 4018 Quin
1314 3949 1477 4017 adeo,
1504 3965 1575 4003 ne
1604 3965 1638 4003 a
1659 3949 2145 4020 prosperitatibus

498 4045 733 4116 quidem
767 4044 816 4098 ei
848 4043 1092 4099 tentatio
1141 4040 1326 4096 defuit
1362 4056 1374 4092 :
1412 4039 1758 4110 sequebatur
1788 4040 1944 4094 enim
1978 4039 2147 4111 signa

495 4134 651 4191 edita
704 4150 769 4190 ac
827 4131 1090 4204 prodigia
1141 4145 1256 4185 non
1313 4127 1568 4199 vulgaris
1619 4128 1804 4184 honor
1860 4144 1926 4183 ac
1975 4144 2142 4184 com-

496 4221 810 4280 mendatio.
864 4225 934 4276 At
983 4235 1166 4288 neque
1216 4217 1480 4273 adversis
1530 4218 1795 4289 refriguit
1865 4218 2138 4286 cbaritas,

497 4328 686 4384 neque
715 4311 984 4366 laudibus
1013 4308 1271 4364 emollita
1319 4314 1424 4376 est,
1460 4307 1558 4362 sed
1592 4306 1746 4361 idem
1780 4306 1840 4361 in
1873 4308 2146 4363 omnibus

496 4400 772 4473 perstitit,
804 4399 872 4455 ad
907 4399 1189 4468 cujusque
1223 4397 1460 4452 modum
1495 4396 1690 4450 varius
1741 4401 1912 4467 atque
1943 4397 2144 4452 condi-

494 4491 804 4563 tus,juxta
836 4505 1060 4543 marinae
1095 4491 1350 4558 gustum.
1379 4488 1420 4542 Ο
1454 4503 1574 4540 rem
1609 4485 1938 4541 mirabilem
1965 4488 1974 4542 Ι
2001 4488 2146 4541 Nam

495 4581 618 4636 hac
668 4595 900 4652 quoque
947 4577 1210 4634 addenda
1258 4579 1416 4631 sunt.
1451 4575 1667 4630 Missus
1717 4581 1995 4647 tanquam
2029 4578 2151 4631 ovis

497 4672 556 4726 in
592 4672 811 4727 medios
852 4670 1019 4739 lupos
1051 4686 1084 4724 a
1123 4670 1416 4739 pastorum
1468 4665 1724 4736 principe
1768 4666 2014 4728 Christo.
2047 4683 2153 4722 nec

496 4763 622 4834 ipse
679 4762 738 4816 in
796 4759 998 4827 lupum
1062 4761 1320 4811 mutatus
1378 4764 1480 4821 est,
1518 4756 1802 4826 luposque
1858 4755 1918 4810 in
1974 4771 2153 4827 agnos

499 4849 800 4906 convertit.
855 4851 996 4901 Cum
1050 4845 1424 4911 morderetur,
1471 4845 1804 4899 animorum
1854 4845 2149 4899 morsibus

501 4939 870 5003 medebatur,
907 4935 1242 4990 vulneribus
1273 4933 1520 5004 acceptis
1565 4935 1894 4988 curationes
1947 4950 2150 5004 repen-

503 5031 682 5084 dens:
715 5027 1051 5081 illitteratus
1087 5024 1259 5078 eliam
1304 5021 1499 5077 saeculi
1551 5022 1841 5091 sapientes
1899 5023 1966 5077 ad
2018 5022 2149 5076 reli-

498 5116 690 5189 gionis
721 5115 995 5186 dogmata
1029 5109 1392 5168 convertebat
1420 5127 1432 5164 :
1479 5110 1743 5178 inermis,
1776 5110 1976 5164 hostes
2009 5127 2151 5180 quo-

499 5221 610 5278 que
670 5204 770 5259 Dei
824 5201 1043 5256 militias
1103 5200 1427 5255 ascribebat
1485 5199 1759 5255 adversus
1828 5198 2145 5256 diabolum.

498 5297 544 5352 Ο
573 5298 840 5367 quantam
871 5290 992 5345 haec
1027 5289 1319 5345 habebant
1351 5287 1753 5344 difficultatem
1780 5288 1792 5342 !
1827 5288 2146 5343 addiderim

499 5387 676 5442 etiam
709 5385 991 5455 quantam
1021 5379 1318 5451 gratiam!
1371 5378 1504 5433 Tale
1551 5394 1691 5434 sane
1749 5383 1838 5434 est
1885 5378 2145 5434 divinum

501 5472 609 5530 sal.
663 5471 960 5541 Serpentis
1013 5467 1248 5537 astutia,
1328 5483 1394 5523 ac
1470 5466 1752 5522 columbas
1803 5466 2144 5539 simplicitas

501 5565 714 5633 quanta
746 5557 937 5627 fuerit,
961 5559 1085 5630 jam
1117 5573 1185 5613 ex
1214 5557 1474 5629 proxime
1505 5557 1671 5612 dictis
1702 5556 1894 5628 palam
1926 5558 2143 5614 factum

569 5742 614 5777 δ’
643 5742 818 5799 Maro.
854 5757 929 5808 xx,
954 5739 1046 5794 23.

1121 5737 1144 5771 ⁴
1171 5737 1193 5794 Ι
1223 5740 1348 5796 Cor.
1379 5757 1436 5806 χ,
1469 5740 1522 5796 4.
1597 5739 1622 5772 ⁵
1651 5737 1857 5796 Matth.
1891 5755 1942 5804 ν,
1978 5739 2063 5797 13.

2141 5740 2162 5775 ⁶
2192 5740 2398 5809 Matth,
2433 5757 2507 5808 IX,
2544 5741 2632 5796 49.

2253 3408 2501 3478 ἐζητεῖτο
2533 3414 2677 3486 παρὰ
2707 3418 2801 3467 τοῦ
2836 3416 3041 3489 Πατρός
3075 3436 3088 3448 ·

2250 3520 2445 3562 τεινον,

3123 3417 3392 3494 ῥομφαίαν
3422 3417 3468 3472 δ⁴
3499 3417 3699 3476 ἐκεῖνοι
3727 3417 3886 3495 προῦ-

2803 3506 2902 3572 τήν
2988 3503 3336 3562 διδασκαλίαν
3418 3507 3807 3584 προῦϐἀλλετο
3876 3529 3885 3540 ”

2251 3595 2358 3665 πῦρ
2405 3590 2668 3660 ἠπείλουν
2736 3591 2953 3664 ἐκεῖνοι,
3024 3596 3050 3649 ὁ
3124 3595 3180 3649 δὲ
3252 3596 3342 3650 τὸν
3419 3598 3587 3653 πόθον
3677 3595 3818 3669 ηὕξει
3875 3617 3886 3629 ·

2252 3679 2405 3734 αὐτοὶ
2463 3682 2556 3741 τὰς
2610 3681 2862 3752 ἀπειλὰς,
2934 3684 3023 3738 καὶ
3102 3685 3258 3747 οὗτος
3331 3688 3430 3756 τήν
3505 3691 3820 3763 προσευχήν
3876 3703 3888 3715 ⁸

2251 3770 2341 3823 τὸν
2373 3767 2615 3841 θλιμμὸν
2659 3769 2872 3841 ἐκεῖνοι,
2905 3774 2992 3826 καὶ
3039 3774 3194 3835 οὗτος
3245 3775 3306 3830 τὸ
3359 3773 3519 3850 διψᾷν
3573 3779 3674 3846 τὴν
3726 3797 3890 3844 σωτη-

2255 3858 2370 3931 ρίαν
2404 3879 2416 3892 ·
2460 3864 2565 3914 τῶν
2621 3858 2890 3933 ἀλγεινῶν
2949 3864 3304 3936 τερπόμενος,
3359 3870 3476 3926 τοῖς
3541 3868 3895 3938 ὑποπιεσμοῖς

2258 3948 2639 4020 εὐρυνόμενος.
2676 3950 2775 4004 Καὶ
2812 3952 2918 4022 μὴν
2977 3953 3081 4006 κάκ
3107 3957 3214 4007 τῶν
3264 3951 3446 4024 δεξιῶν
3498 3958 3534 4025 ἡ
3596 3962 3792 4030 πεῖρα’
3823 3953 3894 4008 ε’ί-

2255 4057 2384 4090 πετο
2417 4038 2519 4112 γὰρ
2562 4035 2826 4107 δήπουθεν
2859 4045 2976 4101 τοῖς
3019 4041 3272 4113 σημείοις
3302 4063 3360 4096 τε
3397 4044 3485 4098 καὶ
3533 4045 3751 4118 τὲρασιν
3801 4042 3898 4116 οὐχ

2258 4131 2291 4198 [ξ.
2321 4131 2560 4201 τυχοῦςα
2589 4130 2726 4200 τιμή
2759 4149 2816 4182 τε
2845 4127 2932 4182 καὶ
2977 4129 3276 4206 ἀφοσίωσις
3311 4150 3324 4162 ’
3383 4130 3509 4187 ἀλλ’
3556 4135 3660 4188 οὐκ
3707 4134 3893 4187 ἐκεῖθεν

2255 4215 2345 4268 καὶ
2378 4215 2652 4289 ἀπέψυκτο
2680 4224 2781 4286 τῆς
2831 4217 3064 4293 ἀγάπης,
3119 4217 3243 4275 οὔτε
3303 4219 3540 4276 ἐντεῦθεν
3605 4221 3896 4297 ἐχαυνοῦτο

2257 4309 2371 4365 τοῖς
2431 4303 2670 4366 ἐπαίνοις
2703 4324 2715 4338 ’
2777 4307 2805 4359 ὁ
2863 4305 3022 4367 αὐτὸς
3081 4305 3136 4362 δὲ
3195 4307 3246 4362 ἐν
3297 4311 3460 4364 ἅπασι
3491 4314 3630 4386 πρὸς
3661 4315 3760 4382 τήν
3793 4310 3899 4366 εκά-

2259 4415 2386 4448 στου
2441 4391 2774 4468 ἱδιοτροπίαν
2842 4397 2923 4450 ἀεὶ
2984 4396 3408 4471 ποικιλλόμενος
3456 4403 3545 4456 καὶ
3598 4398 3898 4476 παραρτυό-

2263 4504 2421 4557 μενος
2477 4485 2614 4538 κατὰ
2669 4487 2769 4553 τήν
2827 4491 2924 4540 τοῦ
2987 4488 3152 4559 μάννα
3201 4486 3516 4562 διάγευσινί
3562 4494 3628 4548 Ὠ
3658 4497 3750 4548 τεῦ
3779 4491 3897 4546 θαύ-

2264 4575 2469 4644 ματοςι
2502 4575 2826 4646 προσθετέον
2864 4577 2964 4652 γὰρ
3014 4578 3103 4630 καὶ
3145 4581 3314 4633 ταῦτα
3345 4599 3358 4611 ⁸
3401 4580 3474 4642 ὡς
3522 4577 3802 4658 πρόϐατον
3849 4580 3892 4634 ἐν

2266 4661 2410 4734 μέσῳ
2440 4663 2619 4718 λύκων
2664 4664 2767 4718 ὕπὸ
2811 4670 2907 4719 τοῦ
2938 4665 3333 4741 ἀρχιποίμενος
3374 4672 3615 4743 Χριστοῦ
3667 4673 3897 4726 ἀποστα-

2265 4749 2398 4819 λεὶς,
2433 4750 2554 4806 οὔτε
2585 4753 2746 4814 αὐτὸς
2781 4752 3112 4827 ἐλελόκωτο,
3149 4757 3237 4811 καὶ
3269 4759 3393 4820 τοὺς
3443 4759 3646 4822 λύκους
3695 4760 3769 4820 εἰς
3823 4757 3896 4831 ἅρ-

2258 4861 2351 4902 νας
2411 4841 2774 4913 μετέπλαττεν
2808 4862 2822 4874 ·
2874 4842 3223 4918 δακνόμενος,
3255 4845 3372 4901 ἰᾶτο
3429 4850 3496 4902 τὰ
3542 4855 3654 4904 τῶν
3713 4851 3895 4922 ψυχῶν

2261 4927 2512 5004 δήγματα
2569 4932 2843 5006 τραύμασι
2929 4935 3212 5009 θεραπείας
3263 4935 3507 5010 ἀμείϐων
3541 4958 3556 4970 ’
3620 4939 3898 5015 ἀγράμμα-

2259 5040 2344 5073 τοι
2397 5021 2488 5074 καὶ
2543 5021 2670 5083 τοὺς
2726 5026 2822 5076 τοῦ
2887 5023 3096 5096 κόσμου
3155 5027 3353 5100 σοφοὺς
3425 5031 3895 5102 μετεστοιχειοῦτο

2289 5108 2302 5130 9
2382 5111 2436 5142 ,ι
2530 5113 2555 5124 ~
2697 5110 2710 5129 ’
2852 5111 2863 5132 ι

2260 5129 2335 5170 εις
2394 5131 2446 5163 ..α
2493 5131 2592 5174 της
2662 5108 2929 5174 ευσεϐειας
2991 5111 3283 5188 δόγματα”

2529 3503 2694 3567 αὐτὸς

3344 5115 3572 5185 ἄοπλος,
3639 5118 3729 5171 καὶ
3781 5114 3895 5174 τοὺς

2258 5199 2560 5272 πολεμίους
2619 5205 2736 5273 Θεῷ
2792 5201 3304 5280 ἀντεσρατολογεῖτο
3362 5206 3497 5260 κατὰ
3553 5210 3654 5260 τοῦ
3725 5199 3894 5260 διαϐό-

2259 5288 2382 5347 λου⁶
2417 5296 2482 5344 Ὤ
2538 5291 2712 5361 πόσης
2770 5295 2937 5346 ταῦτα
2996 5290 3358 5370 δυσχερείαςε
3414 5295 3713 5369 προσθείην
3759 5291 3804 5347 δ⁸
3843 5292 3894 5346 ἂν

2259 5381 2347 5434 καὶ
2377 5378 2603 5458 χόίριτος
2649 5401 2660 5414 ·
2710 5385 2958 5437 τοιοῦτον
2992 5380 3058 5451 δὴ
3090 5384 3152 5438 τὸ
3195 5386 3335 5439 θεῖον
3373 5382 3508 5447 ἅλας
3542 5405 3554 5417 ⁸
3590 5387 3652 5439 τό
3683 5405 3739 5439 τε
3767 5402 3896 5437 παν-

2261 5473 2452 5545 οῦργον
2505 5474 2600 5524 τοῦ
2659 5467 2859 5547 ὄφεως,
2888 5473 2978 5526 καὶ
3024 5473 3086 5527 τὸ
3133 5479 3232 5542 τῆς
3289 5478 3610 5546 περιστερᾶς
3658 5473 3891 5544 ἀκέραιον

2259 5555 2382 5610 ὅσον
2417 5555 2473 5609 ἐκ
2520 5558 2626 5609 τῶν
2688 5561 2974 5632 προσεχῶς
3015 5558 3336 5632 εἰρημένων,
3373 5560 3400 5612 ὀ
3459 5557 3628 5632 λόγος
3671 5554 3890 5623 ὑπείληο

2709 5743 2728 5776 ⁷
2763 5742 2846 5798 Ro
2870 5758 2946 5798 m.
2980 5758 3103 5808 xui,
3140 5743 3224 5798 10.
