  <div class='ocr_page' id='page_1' title='image "/cluster/home/n/w/nwhite01/storage/ocr_20150623/99/mdp.39015005675577/396.png"; bbox 0 0 4090 6288; ppageno 0'>
   <div class='ocr_carea' id='block_1_1' title="bbox 350 417 460 479">
    <p class='ocr_par' dir='ltr' id='par_1_1' title="bbox 350 417 460 479">
     <span class='ocr_line' id='line_1_1' title="bbox 350 417 460 479; baseline 0.009 -2"><span class='ocrx_word' id='word_1_1' title='bbox 350 417 460 479; x_wconf 84' lang='grc'><strong>781</strong></span> 
     </span>
    </p>
   </div>
   <div class='ocr_carea' id='block_1_2' title="bbox 1147 410 2946 487">
    <p class='ocr_par' dir='ltr' id='par_1_2' title="bbox 1147 410 2946 487">
     <span class='ocr_line' id='line_1_2' title="bbox 1147 410 2946 487; baseline 0.002 -5"><span class='ocrx_word' id='word_1_2' title='bbox 1147 422 1437 484; x_wconf 81' lang='lat' dir='ltr'><strong>ORATIO</strong></span> <span class='ocrx_word' id='word_1_3' title='bbox 1484 422 1580 483; x_wconf 91' lang='lat' dir='ltr'><strong>lX.</strong></span> <span class='ocrx_word' id='word_1_4' title='bbox 1633 457 1708 469; x_wconf 85' lang='grc'><strong>-</strong></span> <span class='ocrx_word' id='word_1_5' title='bbox 1752 410 2149 487; x_wconf 85' lang='lat' dir='ltr'><strong>LAUDATIO</strong></span> <span class='ocrx_word' id='word_1_6' title='bbox 2195 425 2258 486; x_wconf 92' lang='lat' dir='ltr'><strong>s.</strong></span> <span class='ocrx_word' id='word_1_7' title='bbox 2303 424 2622 487; x_wconf 81' lang='lat' dir='ltr'><strong>JUANNIS</strong></span> <span class='ocrx_word' id='word_1_8' title='bbox 2662 424 2946 486; x_wconf 88' lang='lat' dir='ltr'><strong>EVANG.</strong></span> 
     </span>
    </p>
   </div>
   <div class='ocr_carea' id='block_1_3' title="bbox 3635 421 3751 481">
    <p class='ocr_par' dir='ltr' id='par_1_3' title="bbox 3635 421 3751 481">
     <span class='ocr_line' id='line_1_3' title="bbox 3635 421 3751 481; baseline 0.017 -2"><span class='ocrx_word' id='word_1_9' title='bbox 3635 421 3751 481; x_wconf 77' lang='grc'><strong>’782</strong></span> 
     </span>
    </p>
   </div>
   <div class='ocr_carea' id='block_1_4' title="bbox 351 552 1996 630">
    <p class='ocr_par' dir='ltr' id='par_1_4' title="bbox 351 552 1993 630">
     <span class='ocr_line' id='line_1_4' title="bbox 351 552 1993 630; baseline 0.004 -25"><span class='ocrx_word' id='word_1_10' title='bbox 351 571 443 629; x_wconf 82' lang='grc' dir='ltr'><strong>φεν</strong></span> <span class='ocrx_word' id='word_1_11' title='bbox 481 554 613 608; x_wconf 77' lang='grc' dir='ltr'>’καὶ</span> <span class='ocrx_word' id='word_1_12' title='bbox 672 552 738 607; x_wconf 84' lang='grc' dir='ltr'>τὰ</span> <span class='ocrx_word' id='word_1_13' title='bbox 793 553 968 608; x_wconf 81' lang='grc' dir='ltr'><strong>πλείω</strong></span> <span class='ocrx_word' id='word_1_14' title='bbox 1025 555 1239 630; x_wconf 85' lang='grc' dir='ltr'>πάρεισι</span> <span class='ocrx_word' id='word_1_15' title='bbox 1293 561 1409 616; x_wconf 84' lang='grc' dir='ltr'>τοῖς</span> <span class='ocrx_word' id='word_1_16' title='bbox 1468 553 1656 618; x_wconf 83' lang='grc' dir='ltr'><strong>εἰδόσι,</strong></span> <span class='ocrx_word' id='word_1_17' title='bbox 1691 554 1870 628; x_wconf 80' lang='grc' dir='ltr'><strong>φειδοῖ</strong></span> <span class='ocrx_word' id='word_1_18' title='bbox 1899 561 1993 611; x_wconf 79' lang='grc' dir='ltr'>τοῦ</span> 
     </span>
    </p>
   </div>
   <div class='ocr_carea' id='block_1_5' title="bbox 2110 552 3752 630">
    <p class='ocr_par' dir='ltr' id='par_1_5' title="bbox 2110 553 3752 629">
     <span class='ocr_line' id='line_1_5' title="bbox 2110 553 3752 629; baseline -0.002 -15"><span class='ocrx_word' id='word_1_19' title='bbox 2110 563 2233 625; x_wconf 89' lang='lat' dir='ltr'><strong>est;</strong></span> <span class='ocrx_word' id='word_1_20' title='bbox 2302 557 2583 629; x_wconf 83' lang='lat' dir='ltr'><strong>pluraque</strong></span> <span class='ocrx_word' id='word_1_21' title='bbox 2641 558 2793 628; x_wconf 87' lang='lat' dir='ltr'><strong>apud</strong></span> <span class='ocrx_word' id='word_1_22' title='bbox 2866 571 3075 628; x_wconf 89' lang='lat' dir='ltr'><strong>gnaros</strong></span> <span class='ocrx_word' id='word_1_23' title='bbox 3137 555 3325 611; x_wconf 84' lang='lat' dir='ltr'><strong>dicere</strong></span> <span class='ocrx_word' id='word_1_24' title='bbox 3397 553 3752 624; x_wconf 88' lang='lat' dir='ltr'><strong>omittimus,</strong></span> 
     </span>
    </p>
   </div>
   <div class='ocr_carea' id='block_1_6' title="bbox 353 645 859 716">
    <p class='ocr_par' dir='ltr' id='par_1_6' title="bbox 353 645 859 716">
     <span class='ocr_line' id='line_1_6' title="bbox 353 645 859 716; baseline 0 -2"><span class='ocrx_word' id='word_1_25' title='bbox 353 645 859 716; x_wconf 69' lang='grc' dir='ltr'>μακρηγορῆματος</span> 
     </span>
    </p>
   </div>
   <div class='ocr_carea' id='block_1_7' title="bbox 351 731 516 790">
    <p class='ocr_par' dir='ltr' id='par_1_7' title="bbox 351 731 516 790">
     <span class='ocr_line' id='line_1_7' title="bbox 351 731 516 790; baseline -0.006 -4"><span class='ocrx_word' id='word_1_26' title='bbox 351 731 516 790; x_wconf 82' lang='grc' dir='ltr'>ἰτέον.</span> 
     </span>
    </p>
   </div>
   <div class='ocr_carea' id='block_1_8' title="bbox 904 643 1994 722">
    <p class='ocr_par' dir='ltr' id='par_1_8' title="bbox 904 643 1994 722">
     <span class='ocr_line' id='line_1_8' title="bbox 904 643 1994 722; baseline 0.003 -26"><span class='ocrx_word' id='word_1_27' title='bbox 904 663 915 674; x_wconf 89' lang='grc'><strong>·</strong></span> <span class='ocrx_word' id='word_1_28' title='bbox 950 643 1077 698; x_wconf 83' lang='grc' dir='ltr'>ἀλλ’</span> <span class='ocrx_word' id='word_1_29' title='bbox 1109 643 1195 698; x_wconf 76' lang='grc' dir='ltr'>ἐπὶ</span> <span class='ocrx_word' id='word_1_30' title='bbox 1226 647 1317 698; x_wconf 87' lang='grc' dir='ltr'>τὸν</span> <span class='ocrx_word' id='word_1_31' title='bbox 1349 645 1643 722; x_wconf 74' lang='grc' dir='ltr'>κολοφῶνα</span> <span class='ocrx_word' id='word_1_32' title='bbox 1671 651 1767 700; x_wconf 77' lang='grc' dir='ltr'><strong>τοῦ</strong></span> <span class='ocrx_word' id='word_1_33' title='bbox 1821 644 1994 720; x_wconf 89' lang='grc' dir='ltr'>λόγου</span> 
     </span>
    </p>
   </div>
   <div class='ocr_carea' id='block_1_9' title="bbox 425 821 1996 899">
    <p class='ocr_par' dir='ltr' id='par_1_9' title="bbox 425 821 1996 899">
     <span class='ocr_line' id='line_1_9' title="bbox 425 821 1996 899; baseline 0.001 -22"><span class='ocrx_word' id='word_1_34' title='bbox 425 823 496 891; x_wconf 87' lang='grc' dir='ltr'><strong>η’.</strong></span> <span class='ocrx_word' id='word_1_35' title='bbox 531 821 627 875; x_wconf 76' lang='grc' dir='ltr'>Καὶ</span> <span class='ocrx_word' id='word_1_36' title='bbox 659 821 915 892; x_wconf 83' lang='grc' dir='ltr'>ἐπέθηκεν</span> <span class='ocrx_word' id='word_1_37' title='bbox 967 822 1149 886; x_wconf 82' lang='grc' dir='ltr'>αὐτοῖς</span> <span class='ocrx_word' id='word_1_38' title='bbox 1200 823 1374 896; x_wconf 80' lang='grc' dir='ltr'>ὄνομα</span> <span class='ocrx_word' id='word_1_39' title='bbox 1427 824 1729 899; x_wconf 86' lang='grc' dir='ltr'>Βοανέργες,</span> <span class='ocrx_word' id='word_1_40' title='bbox 1787 827 1815 878; x_wconf 84' lang='lat'>6&#39;</span> <span class='ocrx_word' id='word_1_41' title='bbox 1854 823 1996 880; x_wconf 82' lang='grc' dir='ltr'>ἐστιν</span> 
     </span>
    </p>
   </div>
   <div class='ocr_carea' id='block_1_10' title="bbox 351 910 1997 987">
    <p class='ocr_par' dir='ltr' id='par_1_10' title="bbox 351 910 1997 987">
     <span class='ocr_line' id='line_1_10' title="bbox 351 910 1997 987; baseline 0.001 -23"><span class='ocrx_word' id='word_1_42' title='bbox 351 910 462 964; x_wconf 66' lang='grc' dir='ltr'>υἱοὶ</span> <span class='ocrx_word' id='word_1_43' title='bbox 497 912 733 984; x_wconf 81' lang='grc' dir='ltr'>βροντῆς</span> <span class='ocrx_word' id='word_1_44' title='bbox 769 931 782 942; x_wconf 88' lang='grc'>·</span> <span class='ocrx_word' id='word_1_45' title='bbox 831 911 931 978; x_wconf 75' lang='grc' dir='ltr'>τήν</span> <span class='ocrx_word' id='word_1_46' title='bbox 983 911 1216 985; x_wconf 81' lang='grc' dir='ltr'>βροντήν</span> <span class='ocrx_word' id='word_1_47' title='bbox 1268 911 1396 987; x_wconf 89' lang='grc' dir='ltr'>φασί</span> <span class='ocrx_word' id='word_1_48' title='bbox 1442 932 1582 974; x_wconf 88' lang='grc' dir='ltr'>τινες</span> <span class='ocrx_word' id='word_1_49' title='bbox 1629 911 1873 986; x_wconf 83' lang='grc' dir='ltr'>γέννημα</span> <span class='ocrx_word' id='word_1_50' title='bbox 1925 912 1997 965; x_wconf 80' lang='grc' dir='ltr'>εἴ-</span> 
     </span>
    </p>
   </div>
   <div class='ocr_carea' id='block_1_11' title="bbox 347 998 1998 1079">
    <p class='ocr_par' dir='ltr' id='par_1_11' title="bbox 347 998 1998 1079">
     <span class='ocr_line' id='line_1_11' title="bbox 347 998 1998 1079; baseline 0.001 -26"><span class='ocrx_word' id='word_1_51' title='bbox 347 1021 432 1054; x_wconf 87' lang='grc' dir='ltr'><strong>ναι</strong></span> <span class='ocrx_word' id='word_1_52' title='bbox 489 998 772 1071; x_wconf 86' lang='grc' dir='ltr'>ἀνεμιαίου</span> <span class='ocrx_word' id='word_1_53' title='bbox 831 999 1154 1072; x_wconf 81' lang='grc' dir='ltr'>πνεύματος,</span> <span class='ocrx_word' id='word_1_54' title='bbox 1213 1001 1242 1054; x_wconf 80' lang='grc' dir='ltr'><strong>’ὀ</strong></span> <span class='ocrx_word' id='word_1_55' title='bbox 1302 1000 1611 1079; x_wconf 75' lang='grc' dir='ltr'>συλληφθὲν</span> <span class='ocrx_word' id='word_1_56' title='bbox 1687 1001 1737 1055; x_wconf 84' lang='grc' dir='ltr'><strong>έν</strong></span> <span class='ocrx_word' id='word_1_57' title='bbox 1817 1001 1998 1073; x_wconf 81' lang='grc' dir='ltr'>νέφεσι</span> 
     </span>
    </p>
   </div>
   <div class='ocr_carea' id='block_1_12' title="bbox 347 1085 1996 1168">
    <p class='ocr_par' dir='ltr' id='par_1_12' title="bbox 347 1085 1996 1168">
     <span class='ocr_line' id='line_1_12' title="bbox 347 1085 1996 1168; baseline 0 -23"><span class='ocrx_word' id='word_1_58' title='bbox 347 1092 440 1145; x_wconf 78' lang='grc' dir='ltr'><strong>καί</strong></span> <span class='ocrx_word' id='word_1_59' title='bbox 472 1089 572 1145; x_wconf 80' lang='grc' dir='ltr'><strong>οὐκ</strong></span> <span class='ocrx_word' id='word_1_60' title='bbox 591 1085 735 1168; x_wconf 80' lang='grc' dir='ltr'>ἔχων</span> <span class='ocrx_word' id='word_1_61' title='bbox 767 1088 903 1144; x_wconf 76' lang='grc' dir='ltr'>ὅπου</span> <span class='ocrx_word' id='word_1_62' title='bbox 937 1089 1127 1165; x_wconf 77' lang='grc' dir='ltr'>ῥαγείη</span> <span class='ocrx_word' id='word_1_63' title='bbox 1162 1087 1420 1163; x_wconf 78' lang='grc' dir='ltr'>διέξοδον,</span> <span class='ocrx_word' id='word_1_64' title='bbox 1451 1095 1520 1165; x_wconf 75' lang='grc' dir='ltr'>τῇ</span> <span class='ocrx_word' id='word_1_65' title='bbox 1555 1092 1646 1164; x_wconf 71' lang='grc' dir='ltr'>μὲν</span> <span class='ocrx_word' id='word_1_66' title='bbox 1677 1090 1859 1166; x_wconf 82' lang='grc' dir='ltr'>θλίψει</span> <span class='ocrx_word' id='word_1_67' title='bbox 1897 1093 1996 1160; x_wconf 82' lang='grc' dir='ltr'>τὴν</span> 
     </span>
    </p>
   </div>
   <div class='ocr_carea' id='block_1_13' title="bbox 349 1178 2000 1255">
    <p class='ocr_par' dir='ltr' id='par_1_13' title="bbox 349 1178 2000 1255">
     <span class='ocr_line' id='line_1_13' title="bbox 349 1178 2000 1255; baseline 0 -20"><span class='ocrx_word' id='word_1_68' title='bbox 349 1180 654 1253; x_wconf 80' lang='grc' dir='ltr'>ἀστραπὴν,</span> <span class='ocrx_word' id='word_1_69' title='bbox 677 1183 746 1252; x_wconf 81' lang='grc' dir='ltr'>τῇ</span> <span class='ocrx_word' id='word_1_70' title='bbox 781 1179 837 1233; x_wconf 80' lang='grc' dir='ltr'><strong>δὲ</strong></span> <span class='ocrx_word' id='word_1_71' title='bbox 858 1181 1008 1253; x_wconf 81' lang='grc' dir='ltr'>ῥήξει</span> <span class='ocrx_word' id='word_1_72' title='bbox 1048 1182 1145 1249; x_wconf 73' lang='grc' dir='ltr'>τὴν</span> <span class='ocrx_word' id='word_1_73' title='bbox 1184 1181 1413 1255; x_wconf 75' lang='grc' dir='ltr'>βροντήν</span> <span class='ocrx_word' id='word_1_74' title='bbox 1438 1180 1799 1255; x_wconf 77' lang='grc' dir='ltr'><strong>ἀπεργάζεται</strong></span> <span class='ocrx_word' id='word_1_75' title='bbox 1825 1200 1838 1213; x_wconf 74' lang='grc'><strong>⁸</strong></span> <span class='ocrx_word' id='word_1_76' title='bbox 1863 1181 1921 1235; x_wconf 82' lang='grc' dir='ltr'><strong>ἐκ</strong></span> <span class='ocrx_word' id='word_1_77' title='bbox 1943 1178 2000 1236; x_wconf 74' lang='grc' dir='ltr'>δὲ</span> 
     </span>
    </p>
   </div>
   <div class='ocr_carea' id='block_1_14' title="bbox 353 1268 1998 1346">
    <p class='ocr_par' dir='ltr' id='par_1_14' title="bbox 353 1268 1998 1346">
     <span class='ocr_line' id='line_1_14' title="bbox 353 1268 1998 1346; baseline 0.001 -22"><span class='ocrx_word' id='word_1_78' title='bbox 353 1271 589 1343; x_wconf 75' lang='grc' dir='ltr'>βροντῆς</span> <span class='ocrx_word' id='word_1_79' title='bbox 623 1271 856 1343; x_wconf 76' lang='grc' dir='ltr'>βροντὴν</span> <span class='ocrx_word' id='word_1_80' title='bbox 887 1268 1198 1324; x_wconf 68' lang='grc' dir='ltr'>κυΐσκεσθαι</span> <span class='ocrx_word' id='word_1_81' title='bbox 1250 1270 1415 1325; x_wconf 81' lang='grc' dir='ltr'>εἰπών</span> <span class='ocrx_word' id='word_1_82' title='bbox 1448 1292 1553 1339; x_wconf 92' lang='grc' dir='ltr'>τις,</span> <span class='ocrx_word' id='word_1_83' title='bbox 1586 1270 1683 1325; x_wconf 73' lang='grc' dir='ltr'><strong>οὐκ</strong></span> <span class='ocrx_word' id='word_1_84' title='bbox 1713 1268 1812 1340; x_wconf 77' lang='grc' dir='ltr'><strong>ἔξω</strong></span> <span class='ocrx_word' id='word_1_85' title='bbox 1866 1271 1998 1346; x_wconf 76' lang='grc' dir='ltr'>βόίλ-</span> 
     </span>
    </p>
   </div>
   <div class='ocr_carea' id='block_1_15' title="bbox 350 1356 2002 1437">
    <p class='ocr_par' dir='ltr' id='par_1_15' title="bbox 350 1356 2002 1437">
     <span class='ocr_line' id='line_1_15' title="bbox 350 1356 2002 1437; baseline 0 -23"><span class='ocrx_word' id='word_1_86' title='bbox 350 1358 435 1414; x_wconf 87' lang='grc' dir='ltr'><strong>λει</strong></span> <span class='ocrx_word' id='word_1_87' title='bbox 466 1359 556 1413; x_wconf 89' lang='grc' dir='ltr'>τὸν</span> <span class='ocrx_word' id='word_1_88' title='bbox 579 1357 741 1431; x_wconf 85' lang='grc' dir='ltr'>λόγον</span> <span class='ocrx_word' id='word_1_89' title='bbox 772 1363 868 1413; x_wconf 78' lang='grc' dir='ltr'><strong>τοῦ</strong></span> <span class='ocrx_word' id='word_1_90' title='bbox 912 1356 1122 1420; x_wconf 80' lang='grc' dir='ltr'><strong>δέοντος</strong></span> <span class='ocrx_word' id='word_1_91' title='bbox 1158 1379 1170 1391; x_wconf 81' lang='lat'><strong><em>°</em></strong></span> <span class='ocrx_word' id='word_1_92' title='bbox 1208 1359 1355 1434; x_wconf 79' lang='grc' dir='ltr'>εἷ’περ</span> <span class='ocrx_word' id='word_1_93' title='bbox 1389 1363 1502 1414; x_wconf 82' lang='grc' dir='ltr'>οἷον</span> <span class='ocrx_word' id='word_1_94' title='bbox 1535 1361 1597 1414; x_wconf 86' lang='grc' dir='ltr'>τὸ</span> <span class='ocrx_word' id='word_1_95' title='bbox 1630 1365 1853 1437; x_wconf 88' lang='grc' dir='ltr'>γεννῶν,</span> <span class='ocrx_word' id='word_1_96' title='bbox 1884 1381 2002 1414; x_wconf 91' lang='grc' dir='ltr'>τοι-</span> 
     </span>
    </p>
   </div>
   <div class='ocr_carea' id='block_1_16' title="bbox 349 1447 2000 1525">
    <p class='ocr_par' dir='ltr' id='par_1_16' title="bbox 349 1447 2000 1525">
     <span class='ocr_line' id='line_1_16' title="bbox 349 1447 2000 1525; baseline 0 -22"><span class='ocrx_word' id='word_1_97' title='bbox 349 1454 506 1504; x_wconf 72' lang='grc' dir='ltr'>οῦτον</span> <span class='ocrx_word' id='word_1_98' title='bbox 542 1449 607 1518; x_wconf 77' lang='grc' dir='ltr'>δὴ</span> <span class='ocrx_word' id='word_1_99' title='bbox 642 1448 730 1502; x_wconf 85' lang='grc' dir='ltr'><strong>καὶ</strong></span> <span class='ocrx_word' id='word_1_100' title='bbox 761 1449 821 1502; x_wconf 87' lang='grc' dir='ltr'><strong>τὸ</strong></span> <span class='ocrx_word' id='word_1_101' title='bbox 853 1448 1098 1525; x_wconf 82' lang='grc' dir='ltr'>γέννημα</span> <span class='ocrx_word' id='word_1_102' title='bbox 1130 1493 1141 1506; x_wconf 97' lang='grc'><strong><em>.</em></strong></span> <span class='ocrx_word' id='word_1_103' title='bbox 1174 1450 1228 1504; x_wconf 87' lang='grc' dir='ltr'><strong>τί</strong></span> <span class='ocrx_word' id='word_1_104' title='bbox 1261 1447 1350 1504; x_wconf 82' lang='grc' dir='ltr'><strong>οὖν</strong></span> <span class='ocrx_word' id='word_1_105' title='bbox 1373 1449 1610 1504; x_wconf 77' lang='grc' dir='ltr'>ἐντεῦθεν</span> <span class='ocrx_word' id='word_1_106' title='bbox 1641 1451 1750 1518; x_wconf 80' lang='grc' dir='ltr'>;ὅτι</span> <span class='ocrx_word' id='word_1_107' title='bbox 1782 1451 1919 1506; x_wconf 82' lang='grc' dir='ltr'>κατὰ</span> <span class='ocrx_word' id='word_1_108' title='bbox 1940 1449 2000 1503; x_wconf 88' lang='grc' dir='ltr'>τὸ</span> 
     </span>
    </p>
   </div>
   <div class='ocr_carea' id='block_1_17' title="bbox 348 1536 2000 1612">
    <p class='ocr_par' dir='ltr' id='par_1_17' title="bbox 348 1536 2000 1612">
     <span class='ocr_line' id='line_1_17' title="bbox 348 1536 2000 1612; baseline 0 -19"><span class='ocrx_word' id='word_1_109' title='bbox 348 1537 668 1610; x_wconf 72' lang='grc' dir='ltr'>Πνεῦματος</span> <span class='ocrx_word' id='word_1_110' title='bbox 698 1536 847 1612; x_wconf 78' lang='grc' dir='ltr'>ἁγίου</span> <span class='ocrx_word' id='word_1_111' title='bbox 880 1538 1014 1591; x_wconf 75' lang='grc' dir='ltr'>εἶναι</span> <span class='ocrx_word' id='word_1_112' title='bbox 1047 1538 1478 1610; x_wconf 44' lang='lat' dir='ltr'><strong>assumtae;</strong></span> <span class='ocrx_word' id='word_1_113' title='bbox 1517 1539 1748 1612; x_wconf 75' lang='grc' dir='ltr'>βροντῆς</span> <span class='ocrx_word' id='word_1_114' title='bbox 1783 1538 2000 1611; x_wconf 84' lang='grc' dir='ltr'>ὠνόμα-</span> 
     </span>
    </p>
   </div>
   <div class='ocr_carea' id='block_1_18' title="bbox 349 1626 2000 1702">
    <p class='ocr_par' dir='ltr' id='par_1_18' title="bbox 349 1626 2000 1702">
     <span class='ocr_line' id='line_1_18' title="bbox 349 1626 2000 1702; baseline 0.001 -21"><span class='ocrx_word' id='word_1_115' title='bbox 349 1648 469 1681; x_wconf 88' lang='grc' dir='ltr'>σται</span> <span class='ocrx_word' id='word_1_116' title='bbox 503 1628 528 1681; x_wconf 88' lang='grc' dir='ltr'>ὁ</span> <span class='ocrx_word' id='word_1_117' title='bbox 561 1627 914 1695; x_wconf 74' lang='grc' dir='ltr'>Ἀπὸστολος,</span> <span class='ocrx_word' id='word_1_118' title='bbox 949 1626 1268 1701; x_wconf 78' lang='grc' dir='ltr'>ἀστράπτων</span> <span class='ocrx_word' id='word_1_119' title='bbox 1303 1628 1444 1699; x_wconf 79' lang='grc' dir='ltr'>ὁμοῦ</span> <span class='ocrx_word' id='word_1_120' title='bbox 1466 1628 1553 1682; x_wconf 76' lang='grc' dir='ltr'><strong>καὶ</strong></span> <span class='ocrx_word' id='word_1_121' title='bbox 1593 1630 1830 1702; x_wconf 81' lang='grc' dir='ltr'>βροντῶν</span> <span class='ocrx_word' id='word_1_122' title='bbox 1865 1631 2000 1699; x_wconf 82' lang='grc' dir='ltr'>ἡμῖν</span> 
     </span>
    </p>
   </div>
   <div class='ocr_carea' id='block_1_19' title="bbox 345 1715 2003 1794">
    <p class='ocr_par' dir='ltr' id='par_1_19' title="bbox 345 1715 2003 1794">
     <span class='ocr_line' id='line_1_19' title="bbox 345 1715 2003 1794; baseline -0.001 -24"><span class='ocrx_word' id='word_1_123' title='bbox 345 1717 412 1770; x_wconf 77' lang='grc' dir='ltr'>τὰ</span> <span class='ocrx_word' id='word_1_124' title='bbox 443 1719 581 1784; x_wconf 84' lang='grc' dir='ltr'>θεῖα,</span> <span class='ocrx_word' id='word_1_125' title='bbox 615 1718 690 1778; x_wconf 81' lang='grc' dir='ltr'><strong>ὡς</strong></span> <span class='ocrx_word' id='word_1_126' title='bbox 719 1715 779 1771; x_wconf 85' lang='grc' dir='ltr'>ἐκ</span> <span class='ocrx_word' id='word_1_127' title='bbox 803 1717 1041 1794; x_wconf 89' lang='grc' dir='ltr'>νεφελῶν</span> <span class='ocrx_word' id='word_1_128' title='bbox 1068 1717 1238 1770; x_wconf 72' lang='grc' dir='ltr'>οἱονεὶ</span> <span class='ocrx_word' id='word_1_129' title='bbox 1263 1715 1508 1792; x_wconf 83' lang='grc' dir='ltr'>ἐκραγεὶς</span> <span class='ocrx_word' id='word_1_130' title='bbox 1539 1719 1636 1784; x_wconf 77' lang='grc' dir='ltr'>τῆς</span> <span class='ocrx_word' id='word_1_131' title='bbox 1668 1715 1811 1777; x_wconf 81' lang='grc' dir='ltr'>Θείας</span> <span class='ocrx_word' id='word_1_132' title='bbox 1839 1717 2003 1791; x_wconf 80' lang='grc' dir='ltr'>χάρι-</span> 
     </span>
    </p>
   </div>
   <div class='ocr_carea' id='block_1_20' title="bbox 345 1805 2001 1881">
    <p class='ocr_par' dir='ltr' id='par_1_20' title="bbox 345 1805 2001 1881">
     <span class='ocr_line' id='line_1_20' title="bbox 345 1805 2001 1881; baseline -0.002 -18"><span class='ocrx_word' id='word_1_133' title='bbox 345 1829 460 1869; x_wconf 88' lang='grc' dir='ltr'>τος.</span> <span class='ocrx_word' id='word_1_134' title='bbox 507 1805 756 1878; x_wconf 70' lang='grc' dir='ltr'>Εἵδωμεν</span> <span class='ocrx_word' id='word_1_135' title='bbox 792 1805 869 1869; x_wconf 73' lang='grc' dir='ltr'><strong>δὲ,</strong></span> <span class='ocrx_word' id='word_1_136' title='bbox 902 1805 1122 1875; x_wconf 80' lang='grc' dir='ltr'>είδοκεῖ,</span> <span class='ocrx_word' id='word_1_137' title='bbox 1147 1807 1198 1861; x_wconf 83' lang='grc' dir='ltr'><strong>ἐν</strong></span> <span class='ocrx_word' id='word_1_138' title='bbox 1232 1805 1514 1879; x_wconf 81' lang='grc' dir='ltr'>κεφαλαίῳ</span> <span class='ocrx_word' id='word_1_139' title='bbox 1537 1807 1622 1861; x_wconf 71' lang='grc' dir='ltr'>οἷα</span> <span class='ocrx_word' id='word_1_140' title='bbox 1643 1806 1820 1861; x_wconf 75' lang='grc' dir='ltr'>καὶτὰ</span> <span class='ocrx_word' id='word_1_141' title='bbox 1845 1809 2001 1881; x_wconf 87' lang='grc' dir='ltr'>βρον-</span> 
     </span>
    </p>
   </div>
   <div class='ocr_carea' id='block_1_21' title="bbox 2105 643 3754 717">
    <p class='ocr_par' dir='ltr' id='par_1_21' title="bbox 2105 643 3754 717">
     <span class='ocr_line' id='line_1_21' title="bbox 2105 643 3754 717; baseline -0.001 -14"><span class='ocrx_word' id='word_1_142' title='bbox 2105 649 2350 704; x_wconf 71' lang='lat' dir='ltr'><strong>vitandae</strong></span> <span class='ocrx_word' id='word_1_143' title='bbox 2399 665 2575 703; x_wconf 88' lang='lat' dir='ltr'><strong>causa</strong></span> <span class='ocrx_word' id='word_1_144' title='bbox 2634 646 2998 717; x_wconf 77' lang='lat' dir='ltr'><strong>prolixitatis.</strong></span> <span class='ocrx_word' id='word_1_145' title='bbox 3052 649 3267 701; x_wconf 86' lang='lat' dir='ltr'><strong>Verum</strong></span> <span class='ocrx_word' id='word_1_146' title='bbox 3339 643 3415 701; x_wconf 88' lang='lat' dir='ltr'><strong>ad</strong></span> <span class='ocrx_word' id='word_1_147' title='bbox 3464 644 3754 701; x_wconf 82' lang='lat' dir='ltr'><strong>sermonis</strong></span> 
     </span>
    </p>
   </div>
   <div class='ocr_carea' id='block_1_22' title="bbox 2107 737 3003 809">
    <p class='ocr_par' dir='ltr' id='par_1_22' title="bbox 2107 737 3003 809">
     <span class='ocr_line' id='line_1_22' title="bbox 2107 737 3003 809; baseline -0.003 -17"><span class='ocrx_word' id='word_1_148' title='bbox 2107 737 2486 809; x_wconf 87' lang='lat' dir='ltr'><strong>colophonem</strong></span> <span class='ocrx_word' id='word_1_149' title='bbox 2515 737 2864 792; x_wconf 91' lang='lat' dir='ltr'><strong>veniendum</strong></span> <span class='ocrx_word' id='word_1_150' title='bbox 2896 741 3003 791; x_wconf 89' lang='lat' dir='ltr'><strong>est.</strong></span> 
     </span>
    </p>
   </div>
   <div class='ocr_carea' id='block_1_23' title="bbox 2179 823 3754 896">
    <p class='ocr_par' dir='ltr' id='par_1_23' title="bbox 2179 823 3754 896">
     <span class='ocr_line' id='line_1_23' title="bbox 2179 823 3754 896; baseline -0.002 -15"><span class='ocrx_word' id='word_1_151' title='bbox 2179 826 2232 881; x_wconf 93' lang='lat'><strong>8.</strong></span> <span class='ocrx_word' id='word_1_152' title='bbox 2284 825 2348 880; x_wconf 79' lang='lat' dir='ltr'><strong>Et</strong></span> <span class='ocrx_word' id='word_1_153' title='bbox 2398 827 2655 894; x_wconf 77' lang='lat' dir='ltr'><strong>imposuit</strong></span> <span class='ocrx_word' id='word_1_154' title='bbox 2695 824 2812 879; x_wconf 81' lang='lat' dir='ltr'><strong>illis</strong></span> <span class='ocrx_word' id='word_1_155' title='bbox 2839 826 3067 880; x_wconf 86' lang='lat' dir='ltr'><strong>nomina</strong></span> <span class='ocrx_word' id='word_1_156' title='bbox 3109 826 3432 893; x_wconf 84' lang='lat' dir='ltr'><strong>Boanerges,</strong></span> <span class='ocrx_word' id='word_1_157' title='bbox 3483 823 3624 896; x_wconf 84' lang='lat' dir='ltr'><strong>quod</strong></span> <span class='ocrx_word' id='word_1_158' title='bbox 3678 829 3754 879; x_wconf 86' lang='lat' dir='ltr'><strong>est</strong></span> 
     </span>
    </p>
   </div>
   <div class='ocr_carea' id='block_1_24' title="bbox 2107 912 3754 986">
    <p class='ocr_par' dir='ltr' id='par_1_24' title="bbox 2107 912 3754 986">
     <span class='ocr_line' id='line_1_24' title="bbox 2107 912 3754 986; baseline 0 -16"><span class='ocrx_word' id='word_1_159' title='bbox 2107 915 2217 986; x_wconf 79' lang='lat' dir='ltr'><strong>ﬁlii</strong></span> <span class='ocrx_word' id='word_1_160' title='bbox 2245 914 2482 970; x_wconf 79' lang='lat' dir='ltr'><strong>tonitrui</strong></span> <span class='ocrx_word' id='word_1_161' title='bbox 2520 912 2564 971; x_wconf 83' lang='grc'><strong>⁸.</strong></span> <span class='ocrx_word' id='word_1_162' title='bbox 2595 915 2746 969; x_wconf 84' lang='lat' dir='ltr'><strong>Sunt</strong></span> <span class='ocrx_word' id='word_1_163' title='bbox 2793 916 2893 984; x_wconf 89' lang='lat' dir='ltr'><strong>qui</strong></span> <span class='ocrx_word' id='word_1_164' title='bbox 2943 914 3139 970; x_wconf 89' lang='lat' dir='ltr'><strong>dicant</strong></span> <span class='ocrx_word' id='word_1_165' title='bbox 3179 914 3301 970; x_wconf 83' lang='lat' dir='ltr'><strong>ﬁeri</strong></span> <span class='ocrx_word' id='word_1_166' title='bbox 3331 913 3652 970; x_wconf 82' lang='lat' dir='ltr'><strong>tonitruum</strong></span> <span class='ocrx_word' id='word_1_167' title='bbox 3685 929 3754 970; x_wconf 83' lang='lat' dir='ltr'><strong>ex</strong></span> 
     </span>
    </p>
   </div>
   <div class='ocr_carea' id='block_1_25' title="bbox 2108 1005 3750 1078">
    <p class='ocr_par' dir='ltr' id='par_1_25' title="bbox 2108 1005 3750 1078">
     <span class='ocr_line' id='line_1_25' title="bbox 2108 1005 3750 1078; baseline -0.001 -16"><span class='ocrx_word' id='word_1_168' title='bbox 2108 1022 2272 1062; x_wconf 91' lang='lat' dir='ltr'><strong>aereo</strong></span> <span class='ocrx_word' id='word_1_169' title='bbox 2305 1007 2538 1078; x_wconf 84' lang='lat' dir='ltr'><strong>spiritu,</strong></span> <span class='ocrx_word' id='word_1_170' title='bbox 2588 1005 2688 1076; x_wconf 85' lang='lat' dir='ltr'><strong>qui</strong></span> <span class='ocrx_word' id='word_1_171' title='bbox 2739 1005 3011 1060; x_wconf 87' lang='lat' dir='ltr'><strong>nimirum</strong></span> <span class='ocrx_word' id='word_1_172' title='bbox 3066 1005 3331 1062; x_wconf 90' lang='lat' dir='ltr'><strong>inclusus</strong></span> <span class='ocrx_word' id='word_1_173' title='bbox 3362 1006 3419 1060; x_wconf 92' lang='lat' dir='ltr'><strong>in</strong></span> <span class='ocrx_word' id='word_1_174' title='bbox 3470 1005 3750 1075; x_wconf 88' lang='lat' dir='ltr'><strong>nubibus,</strong></span> 
     </span>
    </p>
   </div>
   <div class='ocr_carea' id='block_1_26' title="bbox 2113 1094 3826 1165">
    <p class='ocr_par' dir='ltr' id='par_1_26' title="bbox 2113 1094 3826 1165">
     <span class='ocr_line' id='line_1_26' title="bbox 2113 1094 3826 1165; baseline 0.002 -14"><span class='ocrx_word' id='word_1_175' title='bbox 2113 1112 2216 1151; x_wconf 89' lang='lat' dir='ltr'><strong>nec</strong></span> <span class='ocrx_word' id='word_1_176' title='bbox 2249 1095 2553 1150; x_wconf 88' lang='lat' dir='ltr'><strong>inveniens</strong></span> <span class='ocrx_word' id='word_1_177' title='bbox 2585 1110 2700 1165; x_wconf 87' lang='lat' dir='ltr'><strong>qua</strong></span> <span class='ocrx_word' id='word_1_178' title='bbox 2730 1099 2893 1165; x_wconf 89' lang='lat' dir='ltr'><strong>parte</strong></span> <span class='ocrx_word' id='word_1_179' title='bbox 2924 1101 3106 1165; x_wconf 87' lang='lat' dir='ltr'><strong>exeat,</strong></span> <span class='ocrx_word' id='word_1_180' title='bbox 3151 1094 3451 1150; x_wconf 79' lang='lat' dir='ltr'><strong>collisione</strong></span> <span class='ocrx_word' id='word_1_181' title='bbox 3481 1095 3750 1165; x_wconf 85' lang='lat' dir='ltr'><strong>quidem,</strong></span> <span class='ocrx_word' id='word_1_182' title='bbox 3823 1151 3826 1154; x_wconf 83' lang='lat'><strong>.</strong></span> 
     </span>
    </p>
   </div>
   <div class='ocr_carea' id='block_1_27' title="bbox 2111 1183 3748 1257">
    <p class='ocr_par' dir='ltr' id='par_1_27' title="bbox 2111 1183 3748 1257">
     <span class='ocr_line' id='line_1_27' title="bbox 2111 1183 3748 1257; baseline -0.001 -16"><span class='ocrx_word' id='word_1_183' title='bbox 2111 1185 2330 1257; x_wconf 80' lang='lat' dir='ltr'><strong>fulgur,</strong></span> <span class='ocrx_word' id='word_1_184' title='bbox 2363 1184 2632 1256; x_wconf 87' lang='lat' dir='ltr'><strong>ruptione</strong></span> <span class='ocrx_word' id='word_1_185' title='bbox 2682 1188 2900 1250; x_wconf 90' lang='lat' dir='ltr'><strong>autem,</strong></span> <span class='ocrx_word' id='word_1_186' title='bbox 2937 1183 3256 1240; x_wconf 84' lang='lat' dir='ltr'><strong>tonitruum</strong></span> <span class='ocrx_word' id='word_1_187' title='bbox 3307 1184 3542 1241; x_wconf 85' lang='lat' dir='ltr'><strong>efﬁciat.</strong></span> <span class='ocrx_word' id='word_1_188' title='bbox 3584 1185 3748 1250; x_wconf 87' lang='lat' dir='ltr'><strong>Quod</strong></span> 
     </span>
    </p>
   </div>
   <div class='ocr_carea' id='block_1_28' title="bbox 2112 1275 3755 1348">
    <p class='ocr_par' dir='ltr' id='par_1_28' title="bbox 2112 1275 3755 1348">
     <span class='ocr_line' id='line_1_28' title="bbox 2112 1275 3755 1348; baseline -0.001 -16"><span class='ocrx_word' id='word_1_189' title='bbox 2112 1277 2160 1332; x_wconf 89' lang='lat' dir='ltr'><strong>ei</strong></span> <span class='ocrx_word' id='word_1_190' title='bbox 2192 1277 2325 1348; x_wconf 86' lang='lat' dir='ltr'><strong>quis</strong></span> <span class='ocrx_word' id='word_1_191' title='bbox 2359 1279 2674 1330; x_wconf 89' lang='lat' dir='ltr'><strong>tonitruum</strong></span> <span class='ocrx_word' id='word_1_192' title='bbox 2710 1275 2960 1330; x_wconf 88' lang='lat' dir='ltr'><strong>tonitruo</strong></span> <span class='ocrx_word' id='word_1_193' title='bbox 2991 1276 3262 1346; x_wconf 84' lang='lat' dir='ltr'><strong>progigni</strong></span> <span class='ocrx_word' id='word_1_194' title='bbox 3303 1277 3478 1340; x_wconf 89' lang='lat' dir='ltr'><strong>dicat,</strong></span> <span class='ocrx_word' id='word_1_195' title='bbox 3526 1275 3671 1330; x_wconf 91' lang='lat' dir='ltr'><strong>nihil</strong></span> <span class='ocrx_word' id='word_1_196' title='bbox 3722 1291 3755 1330; x_wconf 89' lang='lat' dir='ltr'><strong>a</strong></span> 
     </span>
    </p>
   </div>
   <div class='ocr_carea' id='block_1_29' title="bbox 2113 1363 3754 1438">
    <p class='ocr_par' dir='ltr' id='par_1_29' title="bbox 2113 1363 3754 1438">
     <span class='ocr_line' id='line_1_29' title="bbox 2113 1363 3754 1438; baseline -0.001 -17"><span class='ocrx_word' id='word_1_197' title='bbox 2113 1364 2518 1438; x_wconf 76' lang='lat' dir='ltr'><strong>probabilitate</strong></span> <span class='ocrx_word' id='word_1_198' title='bbox 2551 1364 2807 1419; x_wconf 88' lang='lat' dir='ltr'><strong>alienum</strong></span> <span class='ocrx_word' id='word_1_199' title='bbox 2840 1364 3049 1419; x_wconf 84' lang='lat' dir='ltr'><strong>dixerit</strong></span> <span class='ocrx_word' id='word_1_200' title='bbox 3077 1381 3090 1420; x_wconf 93' lang='lat'><strong>:</strong></span> <span class='ocrx_word' id='word_1_201' title='bbox 3136 1364 3426 1436; x_wconf 85' lang='lat' dir='ltr'><strong>siquidem</strong></span> <span class='ocrx_word' id='word_1_202' title='bbox 3460 1363 3633 1436; x_wconf 89' lang='lat' dir='ltr'><strong>quale</strong></span> <span class='ocrx_word' id='word_1_203' title='bbox 3662 1369 3754 1420; x_wconf 87' lang='lat' dir='ltr'><strong>est</strong></span> 
     </span>
    </p>
   </div>
   <div class='ocr_carea' id='block_1_30' title="bbox 2113 1455 3755 1529">
    <p class='ocr_par' dir='ltr' id='par_1_30' title="bbox 2113 1455 3755 1529">
     <span class='ocr_line' id='line_1_30' title="bbox 2113 1455 3755 1529; baseline 0 -19"><span class='ocrx_word' id='word_1_204' title='bbox 2113 1459 2378 1529; x_wconf 81' lang='lat' dir='ltr'><strong>gignens,</strong></span> <span class='ocrx_word' id='word_1_205' title='bbox 2431 1456 2544 1512; x_wconf 86' lang='lat' dir='ltr'><strong>tale</strong></span> <span class='ocrx_word' id='word_1_206' title='bbox 2591 1460 2646 1511; x_wconf 89' lang='lat' dir='ltr'><strong>et</strong></span> <span class='ocrx_word' id='word_1_207' title='bbox 2690 1457 2843 1526; x_wconf 90' lang='lat' dir='ltr'><strong>quod</strong></span> <span class='ocrx_word' id='word_1_208' title='bbox 2882 1455 3159 1527; x_wconf 85' lang='lat' dir='ltr'><strong>gignitur.</strong></span> <span class='ocrx_word' id='word_1_209' title='bbox 3212 1455 3358 1521; x_wconf 86' lang='lat' dir='ltr'><strong>Quid</strong></span> <span class='ocrx_word' id='word_1_210' title='bbox 3407 1471 3543 1527; x_wconf 89' lang='lat' dir='ltr'><strong>ergo</strong></span> <span class='ocrx_word' id='word_1_211' title='bbox 3574 1455 3755 1510; x_wconf 78' lang='lat' dir='ltr'><strong>inde?</strong></span> 
     </span>
    </p>
   </div>
   <div class='ocr_carea' id='block_1_31' title="bbox 2112 1544 3755 1616">
    <p class='ocr_par' dir='ltr' id='par_1_31' title="bbox 2112 1544 3755 1616">
     <span class='ocr_line' id='line_1_31' title="bbox 2112 1544 3755 1616; baseline 0 -16"><span class='ocrx_word' id='word_1_212' title='bbox 2112 1546 2400 1600; x_wconf 88' lang='lat' dir='ltr'><strong>Nimirum</strong></span> <span class='ocrx_word' id='word_1_213' title='bbox 2489 1553 2766 1615; x_wconf 83' lang='lat' dir='ltr'><strong>tanquam</strong></span> <span class='ocrx_word' id='word_1_214' title='bbox 2841 1544 3093 1616; x_wconf 81' lang='lat' dir='ltr'><strong>Spiritus</strong></span> <span class='ocrx_word' id='word_1_215' title='bbox 3166 1544 3350 1600; x_wconf 90' lang='lat' dir='ltr'><strong>sancti</strong></span> <span class='ocrx_word' id='word_1_216' title='bbox 3417 1545 3755 1601; x_wconf 85' lang='lat' dir='ltr'><strong>resonantia</strong></span> 
     </span>
    </p>
   </div>
   <div class='ocr_carea' id='block_1_32' title="bbox 2114 1631 3753 1704">
    <p class='ocr_par' dir='ltr' id='par_1_32' title="bbox 2114 1631 3753 1704">
     <span class='ocr_line' id='line_1_32' title="bbox 2114 1631 3753 1704; baseline -0.001 -16"><span class='ocrx_word' id='word_1_217' title='bbox 2114 1634 2437 1704; x_wconf 83' lang='lat' dir='ltr'><strong>appellatus</strong></span> <span class='ocrx_word' id='word_1_218' title='bbox 2460 1639 2548 1688; x_wconf 90' lang='lat' dir='ltr'><strong>est</strong></span> <span class='ocrx_word' id='word_1_219' title='bbox 2571 1633 2866 1704; x_wconf 89' lang='lat' dir='ltr'><strong>apostolus</strong></span> <span class='ocrx_word' id='word_1_220' title='bbox 2896 1632 3140 1689; x_wconf 87' lang='lat' dir='ltr'><strong>tonitrui</strong></span> <span class='ocrx_word' id='word_1_221' title='bbox 3166 1631 3343 1700; x_wconf 83' lang='lat' dir='ltr'><strong>filius,</strong></span> <span class='ocrx_word' id='word_1_222' title='bbox 3367 1632 3561 1689; x_wconf 90' lang='lat' dir='ltr'><strong>divino</strong></span> <span class='ocrx_word' id='word_1_223' title='bbox 3585 1633 3753 1689; x_wconf 90' lang='lat' dir='ltr'><strong>nobis</strong></span> 
     </span>
    </p>
   </div>
   <div class='ocr_carea' id='block_1_33' title="bbox 2115 1723 3753 1796">
    <p class='ocr_par' dir='ltr' id='par_1_33' title="bbox 2115 1723 3753 1796">
     <span class='ocr_line' id='line_1_33' title="bbox 2115 1723 3753 1796; baseline 0 -16"><span class='ocrx_word' id='word_1_224' title='bbox 2115 1725 2424 1796; x_wconf 89' lang='lat' dir='ltr'><strong>splendore</strong></span> <span class='ocrx_word' id='word_1_225' title='bbox 2456 1726 2512 1778; x_wconf 92' lang='lat' dir='ltr'><strong>in</strong></span> <span class='ocrx_word' id='word_1_226' title='bbox 2547 1725 2788 1779; x_wconf 91' lang='lat' dir='ltr'><strong>modum</strong></span> <span class='ocrx_word' id='word_1_227' title='bbox 2816 1723 3045 1794; x_wconf 81' lang='lat' dir='ltr'><strong>fulgetri</strong></span> <span class='ocrx_word' id='word_1_228' title='bbox 3077 1725 3336 1794; x_wconf 88' lang='lat' dir='ltr'><strong>elucens,</strong></span> <span class='ocrx_word' id='word_1_229' title='bbox 3370 1728 3544 1796; x_wconf 88' lang='lat' dir='ltr'><strong>atque</strong></span> <span class='ocrx_word' id='word_1_230' title='bbox 3567 1724 3753 1780; x_wconf 86' lang='lat' dir='ltr'><strong>instar</strong></span> 
     </span>
    </p>
   </div>
   <div class='ocr_carea' id='block_1_34' title="bbox 2115 1813 3755 1884">
    <p class='ocr_par' dir='ltr' id='par_1_34' title="bbox 2115 1813 3755 1884">
     <span class='ocr_line' id='line_1_34' title="bbox 2115 1813 3755 1884; baseline 0 -13"><span class='ocrx_word' id='word_1_231' title='bbox 2115 1816 2355 1871; x_wconf 84' lang='lat' dir='ltr'><strong>tonitrui</strong></span> <span class='ocrx_word' id='word_1_232' title='bbox 2406 1815 2696 1884; x_wconf 85' lang='lat' dir='ltr'><strong>mugiens,</strong></span> <span class='ocrx_word' id='word_1_233' title='bbox 2747 1813 3017 1884; x_wconf 89' lang='lat' dir='ltr'><strong>velutque</strong></span> <span class='ocrx_word' id='word_1_234' title='bbox 3057 1831 3128 1871; x_wconf 78' lang='lat' dir='ltr'><strong>ex</strong></span> <span class='ocrx_word' id='word_1_235' title='bbox 3175 1814 3431 1870; x_wconf 90' lang='lat' dir='ltr'><strong>nubibus</strong></span> <span class='ocrx_word' id='word_1_236' title='bbox 3481 1830 3511 1870; x_wconf 92' lang='lat' dir='ltr'><strong>e</strong></span> <span class='ocrx_word' id='word_1_237' title='bbox 3557 1815 3755 1872; x_wconf 86' lang='lat' dir='ltr'><strong>divina</strong></span> 
     </span>
    </p>
   </div>
   <div class='ocr_carea' id='block_1_35' title="bbox 344 1893 1996 1986">
    <p class='ocr_par' dir='ltr' id='par_1_35' title="bbox 344 1893 1996 1969">
     <span class='ocr_line' id='line_1_35' title="bbox 344 1893 1996 1969; baseline -0.001 -18"><span class='ocrx_word' id='word_1_238' title='bbox 344 1900 410 1966; x_wconf 63' lang='lat' dir='ltr'>1r:</span> <span class='ocrx_word' id='word_1_239' title='bbox 425 1918 588 1969; x_wconf 83' lang='grc' dir='ltr'>ματα,</span> <span class='ocrx_word' id='word_1_240' title='bbox 614 1897 686 1958; x_wconf 86' lang='grc' dir='ltr'>ὡς</span> <span class='ocrx_word' id='word_1_241' title='bbox 720 1893 780 1950; x_wconf 80' lang='grc' dir='ltr'>ἂν</span> <span class='ocrx_word' id='word_1_242' title='bbox 804 1895 1017 1967; x_wconf 79' lang='grc' dir='ltr'>μᾶλλον</span> <span class='ocrx_word' id='word_1_243' title='bbox 1043 1895 1414 1968; x_wconf 85' lang='grc' dir='ltr'>θαυμάσοιμεν</span> <span class='ocrx_word' id='word_1_244' title='bbox 1443 1899 1538 1949; x_wconf 75' lang='grc' dir='ltr'>τοῦ</span> <span class='ocrx_word' id='word_1_245' title='bbox 1571 1895 1996 1967; x_wconf 84' lang='grc' dir='ltr'>ὀνοματοθέντος</span> 
     </span>
    </p>
   </div>
   <div class='ocr_carea' id='block_1_36' title="bbox 2110 1893 3753 1986">
    <p class='ocr_par' dir='ltr' id='par_1_36' title="bbox 2112 1904 3753 1976">
     <span class='ocr_line' id='line_1_36' title="bbox 2112 1904 3753 1976; baseline 0.001 -16"><span class='ocrx_word' id='word_1_246' title='bbox 2112 1905 2278 1976; x_wconf 89' lang='lat' dir='ltr'><strong>quasi</strong></span> <span class='ocrx_word' id='word_1_247' title='bbox 2330 1905 2605 1959; x_wconf 88' lang='lat' dir='ltr'><strong>charitate</strong></span> <span class='ocrx_word' id='word_1_248' title='bbox 2661 1920 2993 1974; x_wconf 89' lang='lat' dir='ltr'><strong>erumpens.</strong></span> <span class='ocrx_word' id='word_1_249' title='bbox 3057 1904 3378 1960; x_wconf 86' lang='lat' dir='ltr'><strong>Videamus</strong></span> <span class='ocrx_word' id='word_1_250' title='bbox 3425 1908 3640 1972; x_wconf 88' lang='lat' dir='ltr'><strong>autem,</strong></span> <span class='ocrx_word' id='word_1_251' title='bbox 3702 1907 3753 1961; x_wconf 89' lang='lat' dir='ltr'><strong>si</strong></span> 
     </span>
    </p>
   </div>
   <div class='ocr_carea' id='block_1_37' title="bbox 344 1984 1996 2059">
    <p class='ocr_par' dir='ltr' id='par_1_37' title="bbox 344 1984 1996 2059">
     <span class='ocr_line' id='line_1_37' title="bbox 344 1984 1996 2059; baseline -0.002 -18"><span class='ocrx_word' id='word_1_252' title='bbox 344 1988 444 2053; x_wconf 71' lang='grc' dir='ltr'>τὴν</span> <span class='ocrx_word' id='word_1_253' title='bbox 481 1984 727 2059; x_wconf 75' lang='grc' dir='ltr'>δύναμιν.</span> <span class='ocrx_word' id='word_1_254' title='bbox 763 1987 848 2041; x_wconf 82' lang='grc' dir='ltr'>Ἐν</span> <span class='ocrx_word' id='word_1_255' title='bbox 881 1986 1025 2059; x_wconf 71' lang='grc' dir='ltr'>ἀρχῆ</span> <span class='ocrx_word' id='word_1_256' title='bbox 1067 1988 1131 2054; x_wconf 72' lang='grc' dir='ltr'><strong>ἦν</strong></span> <span class='ocrx_word' id='word_1_257' title='bbox 1150 1986 1176 2038; x_wconf 90' lang='grc' dir='ltr'>ὁ</span> <span class='ocrx_word' id='word_1_258' title='bbox 1195 1986 1371 2057; x_wconf 83' lang='grc' dir='ltr'>Λόγος</span> <span class='ocrx_word' id='word_1_259' title='bbox 1403 1985 1492 2038; x_wconf 81' lang='grc' dir='ltr'><strong>καὶ</strong></span> <span class='ocrx_word' id='word_1_260' title='bbox 1518 1987 1544 2039; x_wconf 98' lang='lat'><strong>6</strong></span> <span class='ocrx_word' id='word_1_261' title='bbox 1570 1985 1744 2059; x_wconf 70' lang='grc' dir='ltr'>Λόγος</span> <span class='ocrx_word' id='word_1_262' title='bbox 1773 1986 1836 2052; x_wconf 82' lang='grc' dir='ltr'>ἧν</span> <span class='ocrx_word' id='word_1_263' title='bbox 1862 1986 1996 2058; x_wconf 88' lang='grc' dir='ltr'>πρὸς</span> 
     </span>
    </p>
   </div>
   <div class='ocr_carea' id='block_1_38' title="bbox 345 2073 1996 2150">
    <p class='ocr_par' dir='ltr' id='par_1_38' title="bbox 345 2073 1996 2150">
     <span class='ocr_line' id='line_1_38' title="bbox 345 2073 1996 2150; baseline -0.002 -20"><span class='ocrx_word' id='word_1_264' title='bbox 345 2077 438 2130; x_wconf 86' lang='grc' dir='ltr'>τὸν</span> <span class='ocrx_word' id='word_1_265' title='bbox 475 2078 621 2143; x_wconf 79' lang='grc' dir='ltr'>Θεὸν,</span> <span class='ocrx_word' id='word_1_266' title='bbox 647 2075 734 2129; x_wconf 84' lang='grc' dir='ltr'><strong>καὶ</strong></span> <span class='ocrx_word' id='word_1_267' title='bbox 758 2083 887 2135; x_wconf 86' lang='grc' dir='ltr'>Θεος</span> <span class='ocrx_word' id='word_1_268' title='bbox 910 2075 975 2143; x_wconf 79' lang='grc' dir='ltr'>ἦν</span> <span class='ocrx_word' id='word_1_269' title='bbox 1001 2076 1028 2128; x_wconf 89' lang='lat'><strong>6</strong></span> <span class='ocrx_word' id='word_1_270' title='bbox 1064 2074 1262 2148; x_wconf 76' lang='grc' dir='ltr'>Λόγος.</span> <span class='ocrx_word' id='word_1_271' title='bbox 1293 2077 1359 2128; x_wconf 73' lang='grc' dir='ltr'><strong>’Ὠ</strong></span> <span class='ocrx_word' id='word_1_272' title='bbox 1398 2081 1496 2142; x_wconf 80' lang='grc' dir='ltr'><strong>τῆς</strong></span> <span class='ocrx_word' id='word_1_273' title='bbox 1537 2073 1996 2150; x_wconf 72' lang='grc' dir='ltr'>μεγαλοφωνοτά-</span> 
     </span>
    </p>
   </div>
   <div class='ocr_carea' id='block_1_39' title="bbox 344 2163 1995 2240">
    <p class='ocr_par' dir='ltr' id='par_1_39' title="bbox 344 2163 1995 2240">
     <span class='ocr_line' id='line_1_39' title="bbox 344 2163 1995 2240; baseline -0.002 -20"><span class='ocrx_word' id='word_1_274' title='bbox 344 2187 447 2234; x_wconf 81' lang='grc' dir='ltr'><strong>της</strong></span> <span class='ocrx_word' id='word_1_275' title='bbox 481 2167 772 2240; x_wconf 76' lang='grc' dir='ltr'>θεηγορίας</span> <span class='ocrx_word' id='word_1_276' title='bbox 801 2166 812 2220; x_wconf 85' lang='grc'><strong>1</strong></span> <span class='ocrx_word' id='word_1_277' title='bbox 849 2164 955 2238; x_wconf 73' lang='grc' dir='ltr'><strong>οὐχ</strong></span> <span class='ocrx_word' id='word_1_278' title='bbox 988 2163 1130 2218; x_wconf 80' lang='grc' dir='ltr'>οὕτω</span> <span class='ocrx_word' id='word_1_279' title='bbox 1161 2166 1394 2240; x_wconf 74' lang='grc' dir='ltr'>βροντῆς</span> <span class='ocrx_word' id='word_1_280' title='bbox 1444 2184 1670 2237; x_wconf 85' lang='grc' dir='ltr'>παταγῳ</span> <span class='ocrx_word' id='word_1_281' title='bbox 1701 2165 1995 2232; x_wconf 87' lang='grc' dir='ltr'>τεθήπασιν</span> 
     </span>
    </p>
   </div>
   <div class='ocr_carea' id='block_1_40' title="bbox 345 2251 1998 2327">
    <p class='ocr_par' dir='ltr' id='par_1_40' title="bbox 345 2251 1998 2327">
     <span class='ocr_line' id='line_1_40' title="bbox 345 2251 1998 2327; baseline -0.002 -18"><span class='ocrx_word' id='word_1_282' title='bbox 345 2255 644 2327; x_wconf 67' lang='grc' dir='ltr'>ἅνθρωποι,</span> <span class='ocrx_word' id='word_1_283' title='bbox 679 2255 755 2315; x_wconf 82' lang='grc' dir='ltr'><strong>ὡς</strong></span> <span class='ocrx_word' id='word_1_284' title='bbox 784 2255 882 2322; x_wconf 72' lang='grc' dir='ltr'>τὴν</span> <span class='ocrx_word' id='word_1_285' title='bbox 939 2251 1186 2308; x_wconf 64' lang='grc' dir='ltr'>Ἰωάννου</span> <span class='ocrx_word' id='word_1_286' title='bbox 1238 2251 1519 2325; x_wconf 88' lang='grc' dir='ltr'>θεολογίαν</span> <span class='ocrx_word' id='word_1_287' title='bbox 1578 2254 1668 2306; x_wconf 77' lang='grc' dir='ltr'><strong>σὺν</strong></span> <span class='ocrx_word' id='word_1_288' title='bbox 1709 2257 1826 2315; x_wconf 84' lang='grc' dir='ltr'>τοῖς</span> <span class='ocrx_word' id='word_1_289' title='bbox 1873 2252 1998 2306; x_wconf 86' lang='grc' dir='ltr'>ἐπι-</span> 
     </span>
    </p>
   </div>
   <div class='ocr_carea' id='block_1_41' title="bbox 347 2341 1994 2418">
    <p class='ocr_par' dir='ltr' id='par_1_41' title="bbox 347 2341 1994 2418">
     <span class='ocr_line' id='line_1_41' title="bbox 347 2341 1994 2418; baseline -0.002 -20"><span class='ocrx_word' id='word_1_290' title='bbox 347 2349 524 2418; x_wconf 84' lang='grc' dir='ltr'>γείοις</span> <span class='ocrx_word' id='word_1_291' title='bbox 558 2342 924 2418; x_wconf 76' lang='grc' dir='ltr'>ἐξεπλάγησαν</span> <span class='ocrx_word' id='word_1_292' title='bbox 984 2343 1073 2396; x_wconf 88' lang='grc' dir='ltr'><strong>καὶ</strong></span> <span class='ocrx_word' id='word_1_293' title='bbox 1131 2344 1198 2397; x_wconf 80' lang='grc' dir='ltr'>τὰ</span> <span class='ocrx_word' id='word_1_294' title='bbox 1256 2341 1494 2416; x_wconf 76' lang='grc' dir='ltr'>οὐράνια,</span> <span class='ocrx_word' id='word_1_295' title='bbox 1529 2341 1678 2417; x_wconf 83' lang='grc' dir='ltr'>εἷ’περ</span> <span class='ocrx_word' id='word_1_296' title='bbox 1733 2341 1994 2396; x_wconf 85' lang='grc' dir='ltr'>κάκείνων</span> 
     </span>
    </p>
   </div>
   <div class='ocr_carea' id='block_1_42' title="bbox 344 2432 1994 2508">
    <p class='ocr_par' dir='ltr' id='par_1_42' title="bbox 344 2432 1994 2508">
     <span class='ocr_line' id='line_1_42' title="bbox 344 2432 1994 2508; baseline -0.001 -21"><span class='ocrx_word' id='word_1_297' title='bbox 344 2436 493 2508; x_wconf 82' lang='grc' dir='ltr'>παρὰ</span> <span class='ocrx_word' id='word_1_298' title='bbox 526 2434 780 2489; x_wconf 71' lang='grc' dir='ltr'>Ἰωάννου</span> <span class='ocrx_word' id='word_1_299' title='bbox 885 2432 1169 2504; x_wconf 77' lang='grc' dir='ltr'>μαθητεία.</span> <span class='ocrx_word' id='word_1_300' title='bbox 1205 2434 1314 2487; x_wconf 84' lang='grc' dir='ltr'>’Ίνα</span> <span class='ocrx_word' id='word_1_301' title='bbox 1346 2433 1472 2506; x_wconf 78' lang='grc' dir='ltr'>γὰρ,</span> <span class='ocrx_word' id='word_1_302' title='bbox 1512 2433 1665 2508; x_wconf 83' lang='grc' dir='ltr'>φησί,</span> <span class='ocrx_word' id='word_1_303' title='bbox 1719 2433 1994 2508; x_wconf 79' lang='grc' dir='ltr'>γνωρισθῇ</span> 
     </span>
    </p>
   </div>
   <div class='ocr_carea' id='block_1_43' title="bbox 343 2520 1994 2596">
    <p class='ocr_par' dir='ltr' id='par_1_43' title="bbox 343 2520 1994 2596">
     <span class='ocr_line' id='line_1_43' title="bbox 343 2520 1994 2596; baseline -0.001 -20"><span class='ocrx_word' id='word_1_304' title='bbox 343 2527 436 2576; x_wconf 73' lang='grc' dir='ltr'><strong>νῦν</strong></span> <span class='ocrx_word' id='word_1_305' title='bbox 505 2528 623 2584; x_wconf 62' lang='grc' dir='ltr'>ταῖς</span> <span class='ocrx_word' id='word_1_306' title='bbox 687 2525 884 2596; x_wconf 78' lang='grc' dir='ltr'>ἀρχαῖς</span> <span class='ocrx_word' id='word_1_307' title='bbox 942 2521 1032 2575; x_wconf 81' lang='grc' dir='ltr'><strong>καὶ</strong></span> <span class='ocrx_word' id='word_1_308' title='bbox 1088 2526 1204 2582; x_wconf 82' lang='grc' dir='ltr'>ταῖς</span> <span class='ocrx_word' id='word_1_309' title='bbox 1265 2521 1525 2590; x_wconf 75' lang='grc' dir='ltr'>ἐξουσίαις</span> <span class='ocrx_word' id='word_1_310' title='bbox 1566 2521 1618 2574; x_wconf 84' lang='grc' dir='ltr'>ἐν</span> <span class='ocrx_word' id='word_1_311' title='bbox 1675 2527 1796 2583; x_wconf 87' lang='grc' dir='ltr'>τοῖς</span> <span class='ocrx_word' id='word_1_312' title='bbox 1828 2520 1994 2575; x_wconf 85' lang='grc' dir='ltr'>ἐπου-</span> 
     </span>
    </p>
   </div>
   <div class='ocr_carea' id='block_1_44' title="bbox 343 2608 1996 2686">
    <p class='ocr_par' dir='ltr' id='par_1_44' title="bbox 343 2608 1996 2686">
     <span class='ocr_line' id='line_1_44' title="bbox 343 2608 1996 2686; baseline -0.001 -20"><span class='ocrx_word' id='word_1_313' title='bbox 343 2614 552 2686; x_wconf 86' lang='grc' dir='ltr'>ρανίοις</span> <span class='ocrx_word' id='word_1_314' title='bbox 614 2609 701 2666; x_wconf 72' lang='grc' dir='ltr'><strong>διὰ</strong></span> <span class='ocrx_word' id='word_1_315' title='bbox 755 2615 852 2679; x_wconf 72' lang='grc' dir='ltr'>τῆς</span> <span class='ocrx_word' id='word_1_316' title='bbox 903 2608 1233 2680; x_wconf 78' lang='grc' dir='ltr'>Ἐκκλησίας</span> <span class='ocrx_word' id='word_1_317' title='bbox 1279 2613 1312 2678; x_wconf 78' lang='grc' dir='ltr'>ἡ</span> <span class='ocrx_word' id='word_1_318' title='bbox 1374 2609 1783 2670; x_wconf 81' lang='grc' dir='ltr'>πολυποίκιλος</span> <span class='ocrx_word' id='word_1_319' title='bbox 1835 2610 1996 2686; x_wconf 88' lang='grc' dir='ltr'>σοφία</span> 
     </span>
    </p>
   </div>
   <div class='ocr_carea' id='block_1_45' title="bbox 341 2698 1994 2775">
    <p class='ocr_par' dir='ltr' id='par_1_45' title="bbox 341 2698 1994 2775">
     <span class='ocr_line' id='line_1_45' title="bbox 341 2698 1994 2775; baseline -0.004 -18"><span class='ocrx_word' id='word_1_320' title='bbox 341 2707 440 2757; x_wconf 80' lang='grc' dir='ltr'>τοῦ</span> <span class='ocrx_word' id='word_1_321' title='bbox 473 2705 604 2757; x_wconf 75' lang='grc' dir='ltr'>Θεοῦ</span> <span class='ocrx_word' id='word_1_322' title='bbox 639 2720 650 2730; x_wconf 90' lang='grc'><strong>·</strong></span> <span class='ocrx_word' id='word_1_323' title='bbox 686 2701 760 2761; x_wconf 84' lang='grc' dir='ltr'>ὼς</span> <span class='ocrx_word' id='word_1_324' title='bbox 805 2700 899 2773; x_wconf 75' lang='grc' dir='ltr'><strong>μεν</strong></span> <span class='ocrx_word' id='word_1_325' title='bbox 935 2700 1023 2753; x_wconf 77' lang='grc' dir='ltr'><strong>οὖν</strong></span> <span class='ocrx_word' id='word_1_326' title='bbox 1055 2702 1120 2753; x_wconf 77' lang='grc' dir='ltr'>τὰ</span> <span class='ocrx_word' id='word_1_327' title='bbox 1151 2698 1200 2752; x_wconf 82' lang='grc' dir='ltr'><strong>ἐν</strong></span> <span class='ocrx_word' id='word_1_328' title='bbox 1235 2698 1483 2768; x_wconf 70' lang='grc' dir='ltr'>αἰσθήσει</span> <span class='ocrx_word' id='word_1_329' title='bbox 1514 2699 1862 2775; x_wconf 76' lang='grc' dir='ltr'>συγγράφων,</span> <span class='ocrx_word' id='word_1_330' title='bbox 1896 2700 1994 2771; x_wconf 86' lang='grc' dir='ltr'><strong>ἀρ-</strong></span> 
     </span>
    </p>
   </div>
   <div class='ocr_carea' id='block_1_46' title="bbox 342 2785 1996 2866">
    <p class='ocr_par' dir='ltr' id='par_1_46' title="bbox 342 2785 1996 2866">
     <span class='ocr_line' id='line_1_46' title="bbox 342 2785 1996 2866; baseline -0.001 -24"><span class='ocrx_word' id='word_1_331' title='bbox 342 2793 455 2866; x_wconf 74' lang='grc' dir='ltr'><strong>χὴν</strong></span> <span class='ocrx_word' id='word_1_332' title='bbox 491 2791 736 2844; x_wconf 60' lang='grc' dir='ltr'>ἁπάντων</span> <span class='ocrx_word' id='word_1_333' title='bbox 782 2793 890 2843; x_wconf 86' lang='grc' dir='ltr'><strong>τῶν</strong></span> <span class='ocrx_word' id='word_1_334' title='bbox 942 2789 1270 2860; x_wconf 74' lang='grc' dir='ltr'>ποιημάτιον</span> <span class='ocrx_word' id='word_1_335' title='bbox 1326 2790 1420 2842; x_wconf 80' lang='grc' dir='ltr'><strong>τὸν</strong></span> <span class='ocrx_word' id='word_1_336' title='bbox 1480 2787 1699 2860; x_wconf 69' lang='grc' dir='ltr'>οὐρανὸν</span> <span class='ocrx_word' id='word_1_337' title='bbox 1747 2785 1996 2862; x_wconf 70' lang='grc' dir='ltr'>προῦθη-</span> 
     </span>
    </p>
   </div>
   <div class='ocr_carea' id='block_1_47' title="bbox 738 2876 1998 2951">
    <p class='ocr_par' dir='ltr' id='par_1_47' title="bbox 738 2876 1998 2951">
     <span class='ocr_line' id='line_1_47' title="bbox 738 2876 1998 2951; baseline -0.002 -19"><span class='ocrx_word' id='word_1_338' title='bbox 738 2880 820 2932; x_wconf 81' lang='grc' dir='ltr'>Ἐν</span> <span class='ocrx_word' id='word_1_339' title='bbox 873 2878 1020 2950; x_wconf 78' lang='grc' dir='ltr'>ἀρχῇ</span> <span class='ocrx_word' id='word_1_340' title='bbox 1073 2877 1324 2945; x_wconf 80' lang='grc' dir='ltr'>ἐποίησεν</span> <span class='ocrx_word' id='word_1_341' title='bbox 1377 2877 1403 2930; x_wconf 86' lang='grc' dir='ltr'>ὁ</span> <span class='ocrx_word' id='word_1_342' title='bbox 1454 2877 1582 2940; x_wconf 81' lang='grc' dir='ltr'>Θεὸς</span> <span class='ocrx_word' id='word_1_343' title='bbox 1627 2879 1717 2931; x_wconf 75' lang='grc' dir='ltr'>τὸν</span> <span class='ocrx_word' id='word_1_344' title='bbox 1773 2876 1998 2951; x_wconf 75' lang='grc' dir='ltr'>οὐρανὸν</span> 
     </span>
    </p>
   </div>
   <div class='ocr_carea' id='block_1_48' title="bbox 789 2963 1994 3038">
    <p class='ocr_par' dir='ltr' id='par_1_48' title="bbox 789 2963 1994 3038">
     <span class='ocr_line' id='line_1_48' title="bbox 789 2963 1994 3038; baseline -0.001 -18"><span class='ocrx_word' id='word_1_345' title='bbox 789 2963 914 3020; x_wconf 74' lang='grc' dir='ltr'>οὐδὲ</span> <span class='ocrx_word' id='word_1_346' title='bbox 961 2968 1061 3038; x_wconf 75' lang='grc' dir='ltr'>γὰρ</span> <span class='ocrx_word' id='word_1_347' title='bbox 1118 2965 1234 3018; x_wconf 83' lang='grc' dir='ltr'>οἷόν</span> <span class='ocrx_word' id='word_1_348' title='bbox 1284 2985 1342 3018; x_wconf 93' lang='grc' dir='ltr'><strong>τε</strong></span> <span class='ocrx_word' id='word_1_349' title='bbox 1388 2966 1453 3033; x_wconf 73' lang='grc' dir='ltr'>ἦν</span> <span class='ocrx_word' id='word_1_350' title='bbox 1509 2965 1795 3038; x_wconf 84' lang='grc' dir='ltr'>ἀφθαλμὸν</span> <span class='ocrx_word' id='word_1_351' title='bbox 1845 2970 1994 3037; x_wconf 84' lang='grc' dir='ltr'>πρῶ-</span> 
     </span>
    </p>
   </div>
   <div class='ocr_carea' id='block_1_49' title="bbox 342 2879 679 2935">
    <p class='ocr_par' dir='ltr' id='par_1_49' title="bbox 342 2879 679 2935">
     <span class='ocr_line' id='line_1_49' title="bbox 342 2879 679 2935; baseline -0.015 0"><span class='ocrx_word' id='word_1_352' title='bbox 342 2901 434 2935; x_wconf 82' lang='grc' dir='ltr'><strong>κεν</strong></span> <span class='ocrx_word' id='word_1_353' title='bbox 468 2879 633 2933; x_wconf 69' lang='grc' dir='ltr'>εἰπών</span> <span class='ocrx_word' id='word_1_354' title='bbox 667 2897 679 2909; x_wconf 85' lang='lat'><strong><em>°</em></strong></span> 
     </span>
    </p>
   </div>
   <div class='ocr_carea' id='block_1_50' title="bbox 341 2969 744 3041">
    <p class='ocr_par' dir='ltr' id='par_1_50' title="bbox 341 2969 744 3041">
     <span class='ocr_line' id='line_1_50' title="bbox 341 2969 744 3041; baseline -0.012 -18"><span class='ocrx_word' id='word_1_355' title='bbox 341 2969 432 3024; x_wconf 80' lang='grc' dir='ltr'><strong>καὶ</strong></span> <span class='ocrx_word' id='word_1_356' title='bbox 465 2969 564 3036; x_wconf 77' lang='grc' dir='ltr'>τὴν</span> <span class='ocrx_word' id='word_1_357' title='bbox 595 2970 695 3041; x_wconf 81' lang='grc' dir='ltr'>γῆν</span> <span class='ocrx_word' id='word_1_358' title='bbox 733 2986 744 2998; x_wconf 89' lang='grc'><strong>·</strong></span> 
     </span>
    </p>
   </div>
   <div class='ocr_carea' id='block_1_51' title="bbox 343 3055 1414 3125">
    <p class='ocr_par' dir='ltr' id='par_1_51' title="bbox 343 3055 1414 3125">
     <span class='ocr_line' id='line_1_51' title="bbox 343 3055 1414 3125; baseline -0.005 -12"><span class='ocrx_word' id='word_1_359' title='bbox 343 3081 436 3114; x_wconf 87' lang='grc' dir='ltr'><strong>τον</strong></span> <span class='ocrx_word' id='word_1_360' title='bbox 491 3055 617 3111; x_wconf 78' lang='grc' dir='ltr'>ὄντα</span> <span class='ocrx_word' id='word_1_361' title='bbox 661 3062 766 3110; x_wconf 90' lang='grc' dir='ltr'><strong>τῶν</strong></span> <span class='ocrx_word' id='word_1_362' title='bbox 820 3055 870 3108; x_wconf 86' lang='grc' dir='ltr'><strong>έν</strong></span> <span class='ocrx_word' id='word_1_363' title='bbox 915 3057 1050 3125; x_wconf 77' lang='grc' dir='ltr'>ἡμῖν</span> <span class='ocrx_word' id='word_1_364' title='bbox 1095 3055 1414 3123; x_wconf 81' lang='grc' dir='ltr'>αἰσθήσεων,</span> 
     </span>
    </p>
   </div>
   <div class='ocr_carea' id='block_1_52' title="bbox 340 3140 1997 3221">
    <p class='ocr_par' dir='ltr' id='par_1_52' title="bbox 340 3140 1997 3221">
     <span class='ocr_line' id='line_1_52' title="bbox 340 3140 1997 3221; baseline -0.004 -19"><span class='ocrx_word' id='word_1_365' title='bbox 340 3147 648 3221; x_wconf 70' lang='grc' dir='ltr'>περαιτέρω</span> <span class='ocrx_word' id='word_1_366' title='bbox 669 3149 766 3200; x_wconf 76' lang='grc' dir='ltr'>τοῦ</span> <span class='ocrx_word' id='word_1_367' title='bbox 798 3143 1053 3212; x_wconf 80' lang='grc' dir='ltr'>οὐρανίου</span> <span class='ocrx_word' id='word_1_368' title='bbox 1087 3143 1254 3216; x_wconf 72' lang='grc' dir='ltr'>ὕψους</span> <span class='ocrx_word' id='word_1_369' title='bbox 1282 3163 1292 3174; x_wconf 95' lang='grc'><strong>·</strong></span> <span class='ocrx_word' id='word_1_370' title='bbox 1323 3140 1411 3196; x_wconf 87' lang='grc' dir='ltr'>διὸ</span> <span class='ocrx_word' id='word_1_371' title='bbox 1432 3140 1807 3212; x_wconf 82' lang='grc' dir='ltr'>καταλλήλως</span> <span class='ocrx_word' id='word_1_372' title='bbox 1826 3147 1895 3215; x_wconf 77' lang='grc' dir='ltr'>τῇ</span> <span class='ocrx_word' id='word_1_373' title='bbox 1917 3145 1997 3196; x_wconf 83' lang='grc' dir='ltr'><strong>αἰ-</strong></span> 
     </span>
    </p>
   </div>
   <div class='ocr_carea' id='block_1_53' title="bbox 1486 3055 1995 3126">
    <p class='ocr_par' dir='ltr' id='par_1_53' title="bbox 1486 3055 1995 3126">
     <span class='ocr_line' id='line_1_53' title="bbox 1486 3055 1995 3126; baseline 0.002 -19"><span class='ocrx_word' id='word_1_374' title='bbox 1486 3055 1848 3126; x_wconf 81' lang='grc' dir='ltr'>ύπερταθῆναί</span> <span class='ocrx_word' id='word_1_375' title='bbox 1890 3075 1995 3108; x_wconf 90' lang='grc' dir='ltr'><strong>που</strong></span> 
     </span>
    </p>
   </div>
   <div class='ocr_carea' id='block_1_54' title="bbox 343 3229 1994 3307">
    <p class='ocr_par' dir='ltr' id='par_1_54' title="bbox 343 3229 1994 3307">
     <span class='ocr_line' id='line_1_54' title="bbox 343 3229 1994 3307; baseline -0.002 -16"><span class='ocrx_word' id='word_1_376' title='bbox 343 3240 533 3307; x_wconf 83' lang='grc' dir='ltr'>σθήσει</span> <span class='ocrx_word' id='word_1_377' title='bbox 556 3235 643 3289; x_wconf 84' lang='grc' dir='ltr'><strong>καὶ</strong></span> <span class='ocrx_word' id='word_1_378' title='bbox 674 3235 735 3289; x_wconf 86' lang='grc' dir='ltr'>τὸ</span> <span class='ocrx_word' id='word_1_379' title='bbox 765 3232 983 3305; x_wconf 78' lang='grc' dir='ltr'>ποίημα</span> <span class='ocrx_word' id='word_1_380' title='bbox 1005 3232 1390 3305; x_wconf 72' lang='grc' dir='ltr'>προτέτακται,</span> <span class='ocrx_word' id='word_1_381' title='bbox 1422 3236 1528 3286; x_wconf 89' lang='grc' dir='ltr'><strong>τῶν</strong></span> <span class='ocrx_word' id='word_1_382' title='bbox 1544 3229 1732 3286; x_wconf 78' lang='grc' dir='ltr'>ἄλλων</span> <span class='ocrx_word' id='word_1_383' title='bbox 1756 3238 1874 3294; x_wconf 83' lang='grc' dir='ltr'>ταῖς</span> <span class='ocrx_word' id='word_1_384' title='bbox 1898 3231 1994 3287; x_wconf 73' lang='grc' dir='ltr'><strong>ἄλ-</strong></span> 
     </span>
    </p>
   </div>
   <div class='ocr_carea' id='block_1_55' title="bbox 343 3324 1996 3402">
    <p class='ocr_par' dir='ltr' id='par_1_55' title="bbox 343 3324 1996 3402">
     <span class='ocr_line' id='line_1_55' title="bbox 343 3324 1996 3402; baseline -0.005 -16"><span class='ocrx_word' id='word_1_385' title='bbox 343 3329 468 3392; x_wconf 86' lang='grc' dir='ltr'>λαις</span> <span class='ocrx_word' id='word_1_386' title='bbox 502 3327 916 3402; x_wconf 83' lang='grc' dir='ltr'>δευτερευόντων</span> <span class='ocrx_word' id='word_1_387' title='bbox 950 3346 962 3357; x_wconf 90' lang='grc'><strong>·</strong></span> <span class='ocrx_word' id='word_1_388' title='bbox 1000 3326 1026 3379; x_wconf 86' lang='grc' dir='ltr'>ὁ</span> <span class='ocrx_word' id='word_1_389' title='bbox 1061 3324 1117 3380; x_wconf 74' lang='grc' dir='ltr'>δὲ</span> <span class='ocrx_word' id='word_1_390' title='bbox 1148 3327 1237 3380; x_wconf 77' lang='grc' dir='ltr'>ἅτε</span> <span class='ocrx_word' id='word_1_391' title='bbox 1260 3325 1391 3399; x_wconf 73' lang='grc' dir='ltr'>ὑπὲρ</span> <span class='ocrx_word' id='word_1_392' title='bbox 1425 3325 1670 3392; x_wconf 67' lang='grc' dir='ltr'>αἴσθησιν</span> <span class='ocrx_word' id='word_1_393' title='bbox 1693 3327 1792 3394; x_wconf 80' lang='grc' dir='ltr'>τήν</span> <span class='ocrx_word' id='word_1_394' title='bbox 1814 3324 1996 3400; x_wconf 82' lang='grc' dir='ltr'>ἐξηγο-</span> 
     </span>
    </p>
   </div>
   <div class='ocr_carea' id='block_1_56' title="bbox 339 3415 1996 3494">
    <p class='ocr_par' dir='ltr' id='par_1_56' title="bbox 339 3415 1996 3494">
     <span class='ocr_line' id='line_1_56' title="bbox 339 3415 1996 3494; baseline -0.004 -20"><span class='ocrx_word' id='word_1_395' title='bbox 339 3420 458 3494; x_wconf 80' lang='grc' dir='ltr'>ρίαν</span> <span class='ocrx_word' id='word_1_396' title='bbox 493 3417 848 3490; x_wconf 72' lang='grc' dir='ltr'>ποιούμενος,</span> <span class='ocrx_word' id='word_1_397' title='bbox 885 3417 986 3471; x_wconf 80' lang='grc' dir='ltr'><strong>οὐκ</strong></span> <span class='ocrx_word' id='word_1_398' title='bbox 1015 3415 1245 3489; x_wconf 84' lang='grc' dir='ltr'>οὐρανὸν</span> <span class='ocrx_word' id='word_1_399' title='bbox 1279 3416 1370 3470; x_wconf 84' lang='grc' dir='ltr'><strong>καὶ</strong></span> <span class='ocrx_word' id='word_1_400' title='bbox 1418 3423 1544 3490; x_wconf 83' lang='grc' dir='ltr'>γῆν,</span> <span class='ocrx_word' id='word_1_401' title='bbox 1582 3415 1730 3470; x_wconf 74' lang='grc' dir='ltr'>ἀλλὰ</span> <span class='ocrx_word' id='word_1_402' title='bbox 1773 3419 1869 3469; x_wconf 80' lang='grc' dir='ltr'>τοῦ</span> <span class='ocrx_word' id='word_1_403' title='bbox 1910 3415 1996 3470; x_wconf 83' lang='grc' dir='ltr'>οὐ-</span> 
     </span>
    </p>
   </div>
   <div class='ocr_carea' id='block_1_57' title="bbox 339 3505 1990 3584">
    <p class='ocr_par' dir='ltr' id='par_1_57' title="bbox 339 3505 1990 3584">
     <span class='ocr_line' id='line_1_57' title="bbox 339 3505 1990 3584; baseline -0.002 -21"><span class='ocrx_word' id='word_1_404' title='bbox 339 3513 504 3584; x_wconf 76' lang='grc' dir='ltr'>ρανοῦ</span> <span class='ocrx_word' id='word_1_405' title='bbox 561 3509 651 3561; x_wconf 82' lang='grc' dir='ltr'><strong>καὶ</strong></span> <span class='ocrx_word' id='word_1_406' title='bbox 712 3507 853 3574; x_wconf 79' lang='grc' dir='ltr'>ὁμοῦ</span> <span class='ocrx_word' id='word_1_407' title='bbox 911 3505 1120 3558; x_wconf 69' lang='grc' dir='ltr'>πάντων</span> <span class='ocrx_word' id='word_1_408' title='bbox 1177 3510 1283 3558; x_wconf 90' lang='grc' dir='ltr'><strong>τῶν</strong></span> <span class='ocrx_word' id='word_1_409' title='bbox 1364 3505 1766 3580; x_wconf 81' lang='grc' dir='ltr'>ὑπερουρανίων</span> <span class='ocrx_word' id='word_1_410' title='bbox 1853 3508 1990 3559; x_wconf 86' lang='grc' dir='ltr'>νοῶν</span> 
     </span>
    </p>
   </div>
   <div class='ocr_carea' id='block_1_58' title="bbox 337 3594 1992 3672">
    <p class='ocr_par' dir='ltr' id='par_1_58' title="bbox 337 3594 1992 3672">
     <span class='ocr_line' id='line_1_58' title="bbox 337 3594 1992 3672; baseline -0.004 -18"><span class='ocrx_word' id='word_1_411' title='bbox 337 3599 601 3670; x_wconf 77' lang='grc' dir='ltr'>ποιητήν,</span> <span class='ocrx_word' id='word_1_412' title='bbox 655 3597 830 3671; x_wconf 75' lang='grc' dir='ltr'>ἀρχὴν</span> <span class='ocrx_word' id='word_1_413' title='bbox 877 3594 1124 3672; x_wconf 77' lang='grc' dir='ltr'>εἷ’ληφεν,</span> <span class='ocrx_word' id='word_1_414' title='bbox 1183 3595 1348 3648; x_wconf 86' lang='grc' dir='ltr'>εἰπών</span> <span class='ocrx_word' id='word_1_415' title='bbox 1407 3613 1418 3624; x_wconf 85' lang='grc'><strong><em>⁸</em></strong></span> <span class='ocrx_word' id='word_1_416' title='bbox 1481 3597 1565 3649; x_wconf 86' lang='grc' dir='ltr'>Ἐν</span> <span class='ocrx_word' id='word_1_417' title='bbox 1626 3594 1775 3671; x_wconf 76' lang='grc' dir='ltr'>ἀρχῇ</span> <span class='ocrx_word' id='word_1_418' title='bbox 1833 3597 1898 3662; x_wconf 69' lang='grc' dir='ltr'>ἦν</span> <span class='ocrx_word' id='word_1_419' title='bbox 1965 3596 1992 3648; x_wconf 89' lang='grc' dir='ltr'>ὁ</span> 
     </span>
    </p>
   </div>
   <div class='ocr_carea' id='block_1_59' title="bbox 338 3683 1990 3764">
    <p class='ocr_par' dir='ltr' id='par_1_59' title="bbox 338 3683 1990 3764">
     <span class='ocr_line' id='line_1_59' title="bbox 338 3683 1990 3764; baseline 0.001 -26"><span class='ocrx_word' id='word_1_420' title='bbox 338 3690 541 3764; x_wconf 72' lang='grc' dir='ltr'>Λόγος,</span> <span class='ocrx_word' id='word_1_421' title='bbox 609 3689 696 3741; x_wconf 76' lang='grc' dir='ltr'><strong>καὶ</strong></span> <span class='ocrx_word' id='word_1_422' title='bbox 757 3687 784 3740; x_wconf 89' lang='lat'><strong>6</strong></span> <span class='ocrx_word' id='word_1_423' title='bbox 844 3685 1021 3759; x_wconf 80' lang='grc' dir='ltr'>Λόγος</span> <span class='ocrx_word' id='word_1_424' title='bbox 1087 3683 1153 3750; x_wconf 72' lang='grc' dir='ltr'>ἦν</span> <span class='ocrx_word' id='word_1_425' title='bbox 1212 3685 1348 3758; x_wconf 90' lang='grc' dir='ltr'>πρὸς</span> <span class='ocrx_word' id='word_1_426' title='bbox 1393 3685 1484 3739; x_wconf 88' lang='grc' dir='ltr'>τὸν</span> <span class='ocrx_word' id='word_1_427' title='bbox 1536 3686 1690 3756; x_wconf 82' lang='grc' dir='ltr'>Θεὸν,</span> <span class='ocrx_word' id='word_1_428' title='bbox 1723 3684 1814 3738; x_wconf 83' lang='grc' dir='ltr'><strong>καὶ</strong></span> <span class='ocrx_word' id='word_1_429' title='bbox 1860 3685 1990 3745; x_wconf 90' lang='grc' dir='ltr'>Θεὸς</span> 
     </span>
    </p>
   </div>
   <div class='ocr_carea' id='block_1_60' title="bbox 335 3778 700 3850">
    <p class='ocr_par' dir='ltr' id='par_1_60' title="bbox 335 3778 700 3850">
     <span class='ocr_line' id='line_1_60' title="bbox 335 3778 700 3850; baseline 0 -19"><span class='ocrx_word' id='word_1_430' title='bbox 335 3778 406 3846; x_wconf 80' lang='grc' dir='ltr'>ἦν</span> <span class='ocrx_word' id='word_1_431' title='bbox 443 3779 471 3831; x_wconf 84' lang='grc' dir='ltr'><strong>ὁ</strong></span> <span class='ocrx_word' id='word_1_432' title='bbox 503 3778 700 3850; x_wconf 86' lang='grc' dir='ltr'>Λόγος.</span> 
     </span>
    </p>
   </div>
   <div class='ocr_carea' id='block_1_61' title="bbox 2105 1993 3751 2066">
    <p class='ocr_par' dir='ltr' id='par_1_61' title="bbox 2105 1993 3751 2066">
     <span class='ocr_line' id='line_1_61' title="bbox 2105 1993 3751 2066; baseline -0.001 -16"><span class='ocrx_word' id='word_1_433' title='bbox 2105 1996 2268 2061; x_wconf 90' lang='lat' dir='ltr'><strong>libet,</strong></span> <span class='ocrx_word' id='word_1_434' title='bbox 2323 1995 2492 2066; x_wconf 89' lang='lat' dir='ltr'><strong>quasi</strong></span> <span class='ocrx_word' id='word_1_435' title='bbox 2533 1994 2873 2049; x_wconf 84' lang='lat' dir='ltr'><strong>summatim</strong></span> <span class='ocrx_word' id='word_1_436' title='bbox 2915 1997 3146 2064; x_wconf 70' lang='lat' dir='ltr'><strong>quantae</strong></span> <span class='ocrx_word' id='word_1_437' title='bbox 3204 1994 3290 2048; x_wconf 71' lang='lat' dir='ltr'><strong>hee</strong></span> <span class='ocrx_word' id='word_1_438' title='bbox 3340 1993 3457 2049; x_wconf 89' lang='lat' dir='ltr'><strong>sint</strong></span> <span class='ocrx_word' id='word_1_439' title='bbox 3509 1995 3751 2050; x_wconf 87' lang='lat' dir='ltr'><strong>tonitrui</strong></span> 
     </span>
    </p>
   </div>
   <div class='ocr_carea' id='block_1_62' title="bbox 2105 2081 3749 2154">
    <p class='ocr_par' dir='ltr' id='par_1_62' title="bbox 2105 2081 3749 2154">
     <span class='ocr_line' id='line_1_62' title="bbox 2105 2081 3749 2154; baseline -0.002 -13"><span class='ocrx_word' id='word_1_440' title='bbox 2105 2102 2295 2152; x_wconf 87' lang='lat' dir='ltr'><strong>voces,</strong></span> <span class='ocrx_word' id='word_1_441' title='bbox 2331 2093 2390 2139; x_wconf 86' lang='lat' dir='ltr'><strong>ut</strong></span> <span class='ocrx_word' id='word_1_442' title='bbox 2432 2101 2497 2140; x_wconf 90' lang='lat' dir='ltr'><strong>eo</strong></span> <span class='ocrx_word' id='word_1_443' title='bbox 2537 2085 2746 2153; x_wconf 85' lang='lat' dir='ltr'><strong>majori</strong></span> <span class='ocrx_word' id='word_1_444' title='bbox 2795 2082 3181 2138; x_wconf 86' lang='lat' dir='ltr'><strong>admiratione</strong></span> <span class='ocrx_word' id='word_1_445' title='bbox 3220 2081 3380 2138; x_wconf 88' lang='lat' dir='ltr'><strong>illius</strong></span> <span class='ocrx_word' id='word_1_446' title='bbox 3431 2083 3749 2154; x_wconf 84' lang='lat' dir='ltr'><strong>potentiam</strong></span> 
     </span>
    </p>
   </div>
   <div class='ocr_carea' id='block_1_63' title="bbox 2107 2171 3750 2244">
    <p class='ocr_par' dir='ltr' id='par_1_63' title="bbox 2107 2171 3750 2244">
     <span class='ocr_line' id='line_1_63' title="bbox 2107 2171 3750 2244; baseline -0.001 -15"><span class='ocrx_word' id='word_1_447' title='bbox 2107 2177 2484 2242; x_wconf 87' lang='lat' dir='ltr'><strong>admiremur,</strong></span> <span class='ocrx_word' id='word_1_448' title='bbox 2545 2174 2644 2244; x_wconf 92' lang='lat' dir='ltr'><strong>qui</strong></span> <span class='ocrx_word' id='word_1_449' title='bbox 2687 2172 2896 2227; x_wconf 88' lang='lat' dir='ltr'><strong>indidit</strong></span> <span class='ocrx_word' id='word_1_450' title='bbox 2927 2187 3160 2227; x_wconf 89' lang='lat' dir='ltr'><strong>nomen.</strong></span> <span class='ocrx_word' id='word_1_451' title='bbox 3202 2174 3269 2226; x_wconf 87' lang='lat' dir='ltr'><strong>1n</strong></span> <span class='ocrx_word' id='word_1_452' title='bbox 3323 2171 3599 2243; x_wconf 80' lang='lat' dir='ltr'><strong>principio</strong></span> <span class='ocrx_word' id='word_1_453' title='bbox 3629 2179 3750 2228; x_wconf 82' lang='lat' dir='ltr'><strong>erat</strong></span> 
     </span>
    </p>
   </div>
   <div class='ocr_carea' id='block_1_64' title="bbox 2114 2260 3751 2330">
    <p class='ocr_par' dir='ltr' id='par_1_64' title="bbox 2114 2260 3751 2330">
     <span class='ocr_line' id='line_1_64' title="bbox 2114 2260 3751 2330; baseline -0.001 -12"><span class='ocrx_word' id='word_1_454' title='bbox 2114 2264 2355 2330; x_wconf 77' lang='lat' dir='ltr'><strong>Verbum,</strong></span> <span class='ocrx_word' id='word_1_455' title='bbox 2390 2272 2439 2318; x_wconf 85' lang='lat' dir='ltr'><strong>et</strong></span> <span class='ocrx_word' id='word_1_456' title='bbox 2475 2263 2713 2318; x_wconf 85' lang='lat' dir='ltr'><strong>Verbum</strong></span> <span class='ocrx_word' id='word_1_457' title='bbox 2760 2265 2878 2315; x_wconf 84' lang='lat' dir='ltr'><strong>erat</strong></span> <span class='ocrx_word' id='word_1_458' title='bbox 2928 2260 3075 2330; x_wconf 83' lang='lat' dir='ltr'><strong>apud</strong></span> <span class='ocrx_word' id='word_1_459' title='bbox 3126 2261 3312 2329; x_wconf 86' lang='lat' dir='ltr'><strong>Deum,</strong></span> <span class='ocrx_word' id='word_1_460' title='bbox 3346 2265 3394 2316; x_wconf 84' lang='lat' dir='ltr'><strong>et</strong></span> <span class='ocrx_word' id='word_1_461' title='bbox 3438 2262 3577 2316; x_wconf 92' lang='lat' dir='ltr'><strong>Deus</strong></span> <span class='ocrx_word' id='word_1_462' title='bbox 3633 2271 3751 2318; x_wconf 82' lang='lat' dir='ltr'><strong>erat</strong></span> 
     </span>
    </p>
   </div>
   <div class='ocr_carea' id='block_1_65' title="bbox 2112 2349 3751 2422">
    <p class='ocr_par' dir='ltr' id='par_1_65' title="bbox 2112 2349 3751 2422">
     <span class='ocr_line' id='line_1_65' title="bbox 2112 2349 3751 2422; baseline -0.001 -14"><span class='ocrx_word' id='word_1_463' title='bbox 2112 2353 2336 2408; x_wconf 86' lang='lat' dir='ltr'><strong>Verbum</strong></span> <span class='ocrx_word' id='word_1_464' title='bbox 2364 2353 2406 2403; x_wconf 66' lang='grc' dir='ltr'><strong>υ.</strong></span> <span class='ocrx_word' id='word_1_465' title='bbox 2441 2351 2484 2406; x_wconf 96' lang='grc' dir='ltr'><strong>Ο</strong></span> <span class='ocrx_word' id='word_1_466' title='bbox 2519 2351 2723 2405; x_wconf 81' lang='lat' dir='ltr'><strong>divinas</strong></span> <span class='ocrx_word' id='word_1_467' title='bbox 2757 2349 3184 2422; x_wconf 62' lang='lat' dir='ltr'><strong>praedicationis</strong></span> <span class='ocrx_word' id='word_1_468' title='bbox 3215 2349 3606 2406; x_wconf 89' lang='lat' dir='ltr'><strong>clarissimam</strong></span> <span class='ocrx_word' id='word_1_469' title='bbox 3644 2367 3751 2406; x_wconf 90' lang='lat' dir='ltr'><strong>vo-</strong></span> 
     </span>
    </p>
   </div>
   <div class='ocr_carea' id='block_1_66' title="bbox 2107 2438 3752 2511">
    <p class='ocr_par' dir='ltr' id='par_1_66' title="bbox 2107 2438 3752 2511">
     <span class='ocr_line' id='line_1_66' title="bbox 2107 2438 3752 2511; baseline -0.001 -15"><span class='ocrx_word' id='word_1_470' title='bbox 2107 2459 2230 2498; x_wconf 89' lang='lat' dir='ltr'><strong>cem</strong></span> <span class='ocrx_word' id='word_1_471' title='bbox 2263 2441 2274 2495; x_wconf 87' lang='lat'>!</span> <span class='ocrx_word' id='word_1_472' title='bbox 2306 2440 2431 2495; x_wconf 89' lang='lat' dir='ltr'><strong>Non</strong></span> <span class='ocrx_word' id='word_1_473' title='bbox 2463 2441 2547 2495; x_wconf 91' lang='lat' dir='ltr'><strong>sic</strong></span> <span class='ocrx_word' id='word_1_474' title='bbox 2596 2439 2865 2495; x_wconf 87' lang='lat' dir='ltr'><strong>homines</strong></span> <span class='ocrx_word' id='word_1_475' title='bbox 2913 2439 3149 2493; x_wconf 90' lang='lat' dir='ltr'><strong>tonitrui</strong></span> <span class='ocrx_word' id='word_1_476' title='bbox 3218 2438 3443 2510; x_wconf 80' lang='lat' dir='ltr'><strong>fragore</strong></span> <span class='ocrx_word' id='word_1_477' title='bbox 3483 2439 3752 2511; x_wconf 83' lang='lat' dir='ltr'><strong>obstupe-</strong></span> 
     </span>
    </p>
   </div>
   <div class='ocr_carea' id='block_1_67' title="bbox 2108 2528 3752 2598">
    <p class='ocr_par' dir='ltr' id='par_1_67' title="bbox 2108 2528 3752 2598">
     <span class='ocr_line' id='line_1_67' title="bbox 2108 2528 3752 2598; baseline -0.002 -11"><span class='ocrx_word' id='word_1_478' title='bbox 2108 2535 2299 2597; x_wconf 89' lang='lat' dir='ltr'><strong>scunt,</strong></span> <span class='ocrx_word' id='word_1_479' title='bbox 2336 2530 2414 2585; x_wconf 87' lang='lat' dir='ltr'><strong>uti</strong></span> <span class='ocrx_word' id='word_1_480' title='bbox 2447 2529 2692 2585; x_wconf 88' lang='lat' dir='ltr'><strong>Joannis</strong></span> <span class='ocrx_word' id='word_1_481' title='bbox 2737 2528 3113 2598; x_wconf 88' lang='lat' dir='ltr'><strong>theologiam,</strong></span> <span class='ocrx_word' id='word_1_482' title='bbox 3166 2543 3299 2582; x_wconf 91' lang='lat' dir='ltr'><strong>cum</strong></span> <span class='ocrx_word' id='word_1_483' title='bbox 3337 2532 3499 2584; x_wconf 60' lang='lat' dir='ltr'><strong>terra:</strong></span> <span class='ocrx_word' id='word_1_484' title='bbox 3529 2529 3752 2585; x_wconf 90' lang='lat' dir='ltr'><strong>colonis</strong></span> 
     </span>
    </p>
   </div>
   <div class='ocr_carea' id='block_1_68' title="bbox 2107 2617 3752 2688">
    <p class='ocr_par' dir='ltr' id='par_1_68' title="bbox 2107 2617 3752 2688">
     <span class='ocr_line' id='line_1_68' title="bbox 2107 2617 3752 2688; baseline -0.001 -13"><span class='ocrx_word' id='word_1_485' title='bbox 2107 2620 2282 2675; x_wconf 90' lang='lat' dir='ltr'><strong>etiam</strong></span> <span class='ocrx_word' id='word_1_486' title='bbox 2324 2619 2591 2674; x_wconf 78' lang='lat' dir='ltr'><strong>ccelestes</strong></span> <span class='ocrx_word' id='word_1_487' title='bbox 2639 2618 2880 2672; x_wconf 89' lang='lat' dir='ltr'><strong>virtutes</strong></span> <span class='ocrx_word' id='word_1_488' title='bbox 2933 2618 3361 2688; x_wconf 89' lang='lat' dir='ltr'><strong>obstupuerunt</strong></span> <span class='ocrx_word' id='word_1_489' title='bbox 3409 2617 3640 2688; x_wconf 88' lang='lat' dir='ltr'><strong>quando</strong></span> <span class='ocrx_word' id='word_1_490' title='bbox 3697 2626 3752 2674; x_wconf 90' lang='lat' dir='ltr'><strong>et</strong></span> 
     </span>
    </p>
   </div>
   <div class='ocr_carea' id='block_1_69' title="bbox 2106 2706 3747 2778">
    <p class='ocr_par' dir='ltr' id='par_1_69' title="bbox 2106 2706 3747 2778">
     <span class='ocr_line' id='line_1_69' title="bbox 2106 2706 3747 2778; baseline -0.001 -14"><span class='ocrx_word' id='word_1_491' title='bbox 2106 2709 2219 2764; x_wconf 84' lang='lat' dir='ltr'><strong>illae</strong></span> <span class='ocrx_word' id='word_1_492' title='bbox 2239 2707 2486 2764; x_wconf 81' lang='lat' dir='ltr'><strong>Joannis</strong></span> <span class='ocrx_word' id='word_1_493' title='bbox 2509 2707 2807 2778; x_wconf 66' lang='lat' dir='ltr'><strong>discipulae</strong></span> <span class='ocrx_word' id='word_1_494' title='bbox 2843 2707 3272 2776; x_wconf 88' lang='lat' dir='ltr'><strong>quodammodo</strong></span> <span class='ocrx_word' id='word_1_495' title='bbox 3295 2711 3456 2761; x_wconf 89' lang='lat' dir='ltr'><strong>sunt.</strong></span> <span class='ocrx_word' id='word_1_496' title='bbox 3482 2706 3544 2763; x_wconf 79' lang='lat' dir='ltr'><strong>Ut</strong></span> <span class='ocrx_word' id='word_1_497' title='bbox 3566 2706 3747 2775; x_wconf 89' lang='lat' dir='ltr'><strong>enim,</strong></span> 
     </span>
    </p>
   </div>
   <div class='ocr_carea' id='block_1_70' title="bbox 2105 2793 3748 2866">
    <p class='ocr_par' dir='ltr' id='par_1_70' title="bbox 2105 2793 3748 2866">
     <span class='ocr_line' id='line_1_70' title="bbox 2105 2793 3748 2866; baseline 0 -16"><span class='ocrx_word' id='word_1_498' title='bbox 2105 2795 2316 2866; x_wconf 88' lang='lat' dir='ltr'><strong>inquit,</strong></span> <span class='ocrx_word' id='word_1_499' title='bbox 2371 2797 2677 2850; x_wconf 78' lang='lat' dir='ltr'><strong>innotescat</strong></span> <span class='ocrx_word' id='word_1_500' title='bbox 2723 2793 3126 2866; x_wconf 74' lang='lat' dir='ltr'><strong>principatibus</strong></span> <span class='ocrx_word' id='word_1_501' title='bbox 3183 2797 3232 2848; x_wconf 82' lang='lat' dir='ltr'><strong>et</strong></span> <span class='ocrx_word' id='word_1_502' title='bbox 3275 2795 3637 2865; x_wconf 77' lang='lat' dir='ltr'><strong>potestatibus</strong></span> <span class='ocrx_word' id='word_1_503' title='bbox 3687 2796 3748 2850; x_wconf 76' lang='lat' dir='ltr'><strong>in</strong></span> 
     </span>
    </p>
   </div>
   <div class='ocr_carea' id='block_1_71' title="bbox 2104 2878 3747 2956">
    <p class='ocr_par' dir='ltr' id='par_1_71' title="bbox 2104 2878 3747 2956">
     <span class='ocr_line' id='line_1_71' title="bbox 2104 2878 3747 2956; baseline 0 -16"><span class='ocrx_word' id='word_1_504' title='bbox 2104 2886 2404 2942; x_wconf 78' lang='lat' dir='ltr'><strong>cazlestibus</strong></span> <span class='ocrx_word' id='word_1_505' title='bbox 2434 2901 2532 2955; x_wconf 85' lang='lat' dir='ltr'><strong>per</strong></span> <span class='ocrx_word' id='word_1_506' title='bbox 2559 2883 2852 2940; x_wconf 76' lang='lat' dir='ltr'><strong>ecclesiam</strong></span> <span class='ocrx_word' id='word_1_507' title='bbox 2882 2883 3153 2956; x_wconf 78' lang='lat' dir='ltr'><strong>sapientia</strong></span> <span class='ocrx_word' id='word_1_508' title='bbox 3183 2878 3541 2953; x_wconf 82' lang='lat' dir='ltr'><strong>multiformis</strong></span> <span class='ocrx_word' id='word_1_509' title='bbox 3563 2885 3659 2940; x_wconf 88' lang='lat' dir='ltr'><strong>Dei</strong></span> <span class='ocrx_word' id='word_1_510' title='bbox 3683 2885 3747 2940; x_wconf 85' lang='grc'><strong>¹⁰.</strong></span> 
     </span>
    </p>
   </div>
   <div class='ocr_carea' id='block_1_72' title="bbox 2105 2973 3750 3047">
    <p class='ocr_par' dir='ltr' id='par_1_72' title="bbox 2105 2973 3750 3047">
     <span class='ocr_line' id='line_1_72' title="bbox 2105 2973 3750 3047; baseline -0.001 -17"><span class='ocrx_word' id='word_1_511' title='bbox 2105 2976 2172 3030; x_wconf 92' lang='lat' dir='ltr'><strong>Et</strong></span> <span class='ocrx_word' id='word_1_512' title='bbox 2203 2975 2430 3047; x_wconf 81' lang='lat' dir='ltr'><strong>Moyses</strong></span> <span class='ocrx_word' id='word_1_513' title='bbox 2461 2974 2718 3044; x_wconf 89' lang='lat' dir='ltr'><strong>quidem,</strong></span> <span class='ocrx_word' id='word_1_514' title='bbox 2739 2989 2873 3029; x_wconf 91' lang='lat' dir='ltr'><strong>cum</strong></span> <span class='ocrx_word' id='word_1_515' title='bbox 2899 2989 3092 3028; x_wconf 89' lang='lat' dir='ltr'><strong>rerum</strong></span> <span class='ocrx_word' id='word_1_516' title='bbox 3123 2973 3322 3029; x_wconf 87' lang='lat' dir='ltr'><strong>sensui</strong></span> <span class='ocrx_word' id='word_1_517' title='bbox 3356 2973 3750 3043; x_wconf 86' lang='lat' dir='ltr'><strong>subjectarum</strong></span> 
     </span>
    </p>
   </div>
   <div class='ocr_carea' id='block_1_73' title="bbox 2107 3062 3754 3135">
    <p class='ocr_par' dir='ltr' id='par_1_73' title="bbox 2107 3062 3754 3135">
     <span class='ocr_line' id='line_1_73' title="bbox 2107 3062 3754 3135; baseline 0 -16"><span class='ocrx_word' id='word_1_518' title='bbox 2107 3064 2407 3119; x_wconf 87' lang='lat' dir='ltr'><strong>historiam</strong></span> <span class='ocrx_word' id='word_1_519' title='bbox 2441 3063 2848 3129; x_wconf 79' lang='lat' dir='ltr'><strong>conscriberet,</strong></span> <span class='ocrx_word' id='word_1_520' title='bbox 2883 3067 3282 3118; x_wconf 89' lang='lat' dir='ltr'><strong>creaturarum</strong></span> <span class='ocrx_word' id='word_1_521' title='bbox 3299 3062 3562 3118; x_wconf 87' lang='lat' dir='ltr'><strong>omnium</strong></span> <span class='ocrx_word' id='word_1_522' title='bbox 3585 3062 3754 3135; x_wconf 89' lang='lat' dir='ltr'><strong>prin-</strong></span> 
     </span>
    </p>
   </div>
   <div class='ocr_carea' id='block_1_74' title="bbox 2107 3151 3752 3224">
    <p class='ocr_par' dir='ltr' id='par_1_74' title="bbox 2107 3151 3752 3224">
     <span class='ocr_line' id='line_1_74' title="bbox 2107 3151 3752 3224; baseline -0.001 -16"><span class='ocrx_word' id='word_1_523' title='bbox 2107 3153 2343 3224; x_wconf 85' lang='lat' dir='ltr'><strong>cipium,</strong></span> <span class='ocrx_word' id='word_1_524' title='bbox 2383 3151 2594 3207; x_wconf 66' lang='lat' dir='ltr'><strong>caelum</strong></span> <span class='ocrx_word' id='word_1_525' title='bbox 2628 3151 2838 3222; x_wconf 87' lang='lat' dir='ltr'><strong>posuit,</strong></span> <span class='ocrx_word' id='word_1_526' title='bbox 2873 3151 3104 3207; x_wconf 88' lang='lat' dir='ltr'><strong>dicens:</strong></span> <span class='ocrx_word' id='word_1_527' title='bbox 3137 3153 3201 3206; x_wconf 85' lang='lat' dir='ltr'><strong>In</strong></span> <span class='ocrx_word' id='word_1_528' title='bbox 3230 3151 3507 3222; x_wconf 83' lang='lat' dir='ltr'><strong>principio</strong></span> <span class='ocrx_word' id='word_1_529' title='bbox 3535 3152 3752 3207; x_wconf 81' lang='lat' dir='ltr'><strong>creavit</strong></span> 
     </span>
    </p>
   </div>
   <div class='ocr_carea' id='block_1_75' title="bbox 2109 3239 3750 3311">
    <p class='ocr_par' dir='ltr' id='par_1_75' title="bbox 2109 3239 3750 3311">
     <span class='ocr_line' id='line_1_75' title="bbox 2109 3239 3750 3311; baseline -0.001 -14"><span class='ocrx_word' id='word_1_530' title='bbox 2109 3243 2244 3297; x_wconf 87' lang='lat' dir='ltr'><strong>Deus</strong></span> <span class='ocrx_word' id='word_1_531' title='bbox 2265 3242 2460 3296; x_wconf 73' lang='lat' dir='ltr'><strong>caelum</strong></span> <span class='ocrx_word' id='word_1_532' title='bbox 2491 3244 2542 3297; x_wconf 82' lang='lat' dir='ltr'><strong>et</strong></span> <span class='ocrx_word' id='word_1_533' title='bbox 2574 3248 2780 3296; x_wconf 84' lang='lat' dir='ltr'><strong>terram</strong></span> <span class='ocrx_word' id='word_1_534' title='bbox 2811 3241 2874 3294; x_wconf 84' lang='grc'><strong>¹¹.</strong></span> <span class='ocrx_word' id='word_1_535' title='bbox 2907 3239 3034 3295; x_wconf 91' lang='lat' dir='ltr'><strong>Non</strong></span> <span class='ocrx_word' id='word_1_536' title='bbox 3065 3241 3222 3295; x_wconf 90' lang='lat' dir='ltr'><strong>enim</strong></span> <span class='ocrx_word' id='word_1_537' title='bbox 3264 3239 3388 3295; x_wconf 80' lang='lat' dir='ltr'><strong>ﬁeri</strong></span> <span class='ocrx_word' id='word_1_538' title='bbox 3429 3243 3654 3311; x_wconf 86' lang='lat' dir='ltr'><strong>poterat</strong></span> <span class='ocrx_word' id='word_1_539' title='bbox 3684 3245 3750 3296; x_wconf 89' lang='lat' dir='ltr'><strong>ut</strong></span> 
     </span>
    </p>
   </div>
   <div class='ocr_carea' id='block_1_76' title="bbox 2107 3329 3749 3402">
    <p class='ocr_par' dir='ltr' id='par_1_76' title="bbox 2107 3329 3749 3402">
     <span class='ocr_line' id='line_1_76' title="bbox 2107 3329 3749 3402; baseline -0.001 -16"><span class='ocrx_word' id='word_1_540' title='bbox 2107 3333 2328 3399; x_wconf 88' lang='lat' dir='ltr'><strong>oculus,</strong></span> <span class='ocrx_word' id='word_1_541' title='bbox 2391 3331 2490 3402; x_wconf 90' lang='lat' dir='ltr'><strong>qui</strong></span> <span class='ocrx_word' id='word_1_542' title='bbox 2557 3331 2708 3384; x_wconf 91' lang='lat' dir='ltr'><strong>inter</strong></span> <span class='ocrx_word' id='word_1_543' title='bbox 2753 3345 2963 3385; x_wconf 88' lang='lat' dir='ltr'><strong>sensus</strong></span> <span class='ocrx_word' id='word_1_544' title='bbox 3015 3329 3327 3400; x_wconf 88' lang='lat' dir='ltr'><strong>primatum</strong></span> <span class='ocrx_word' id='word_1_545' title='bbox 3385 3332 3561 3397; x_wconf 89' lang='lat' dir='ltr'><strong>tenet,</strong></span> <span class='ocrx_word' id='word_1_546' title='bbox 3621 3329 3749 3386; x_wconf 74' lang='lat' dir='ltr'><strong>cmli</strong></span> 
     </span>
    </p>
   </div>
   <div class='ocr_carea' id='block_1_77' title="bbox 2105 3419 3750 3492">
    <p class='ocr_par' dir='ltr' id='par_1_77' title="bbox 2105 3419 3750 3492">
     <span class='ocr_line' id='line_1_77' title="bbox 2105 3419 3750 3492; baseline 0.001 -16"><span class='ocrx_word' id='word_1_547' title='bbox 2105 3420 2468 3476; x_wconf 87' lang='lat' dir='ltr'><strong>altitudinem</strong></span> <span class='ocrx_word' id='word_1_548' title='bbox 2485 3427 2803 3492; x_wconf 85' lang='lat' dir='ltr'><strong>superaret.</strong></span> <span class='ocrx_word' id='word_1_549' title='bbox 2840 3419 3119 3482; x_wconf 89' lang='lat' dir='ltr'><strong>Quocirca</strong></span> <span class='ocrx_word' id='word_1_550' title='bbox 3150 3435 3251 3490; x_wconf 89' lang='lat' dir='ltr'><strong>pro</strong></span> <span class='ocrx_word' id='word_1_551' title='bbox 3281 3435 3492 3475; x_wconf 87' lang='lat' dir='ltr'><strong>sensus</strong></span> <span class='ocrx_word' id='word_1_552' title='bbox 3529 3419 3750 3477; x_wconf 86' lang='lat' dir='ltr'><strong>ratione</strong></span> 
     </span>
    </p>
   </div>
   <div class='ocr_carea' id='block_1_78' title="bbox 2103 3506 3746 3580">
    <p class='ocr_par' dir='ltr' id='par_1_78' title="bbox 2103 3506 3746 3580">
     <span class='ocr_line' id='line_1_78' title="bbox 2103 3506 3746 3580; baseline 0.001 -16"><span class='ocrx_word' id='word_1_553' title='bbox 2103 3511 2279 3565; x_wconf 90' lang='lat' dir='ltr'><strong>etiam</strong></span> <span class='ocrx_word' id='word_1_554' title='bbox 2310 3513 2575 3564; x_wconf 89' lang='lat' dir='ltr'><strong>creatura</strong></span> <span class='ocrx_word' id='word_1_555' title='bbox 2602 3508 2756 3580; x_wconf 89' lang='lat' dir='ltr'><strong>prior</strong></span> <span class='ocrx_word' id='word_1_556' title='bbox 2795 3512 2902 3574; x_wconf 89' lang='lat' dir='ltr'><strong>est,</strong></span> <span class='ocrx_word' id='word_1_557' title='bbox 2936 3524 3071 3562; x_wconf 90' lang='lat' dir='ltr'><strong>cum</strong></span> <span class='ocrx_word' id='word_1_558' title='bbox 3095 3506 3219 3563; x_wconf 79' lang='lat' dir='ltr'><strong>alite</strong></span> <span class='ocrx_word' id='word_1_559' title='bbox 3243 3508 3375 3564; x_wconf 89' lang='lat' dir='ltr'><strong>aliis</strong></span> <span class='ocrx_word' id='word_1_560' title='bbox 3399 3507 3746 3579; x_wconf 86' lang='lat' dir='ltr'><strong>posteriores</strong></span> 
     </span>
    </p>
   </div>
   <div class='ocr_carea' id='block_1_79' title="bbox 2104 3598 3749 3668">
    <p class='ocr_par' dir='ltr' id='par_1_79' title="bbox 2104 3598 3749 3668">
     <span class='ocr_line' id='line_1_79' title="bbox 2104 3598 3749 3668; baseline 0 -16"><span class='ocrx_word' id='word_1_561' title='bbox 2104 3599 2248 3653; x_wconf 90' lang='lat' dir='ltr'><strong>sint.</strong></span> <span class='ocrx_word' id='word_1_562' title='bbox 2282 3601 2349 3652; x_wconf 89' lang='lat' dir='ltr'><strong>At</strong></span> <span class='ocrx_word' id='word_1_563' title='bbox 2379 3598 2658 3664; x_wconf 88' lang='lat' dir='ltr'><strong>Joannes,</strong></span> <span class='ocrx_word' id='word_1_564' title='bbox 2719 3605 2999 3668; x_wconf 89' lang='lat' dir='ltr'><strong>tanquam</strong></span> <span class='ocrx_word' id='word_1_565' title='bbox 3030 3614 3098 3652; x_wconf 87' lang='lat' dir='ltr'><strong>ea</strong></span> <span class='ocrx_word' id='word_1_566' title='bbox 3150 3612 3431 3652; x_wconf 86' lang='lat' dir='ltr'><strong>enarrans</strong></span> <span class='ocrx_word' id='word_1_567' title='bbox 3463 3613 3586 3666; x_wconf 74' lang='lat' dir='ltr'><strong>quae</strong></span> <span class='ocrx_word' id='word_1_568' title='bbox 3618 3614 3749 3652; x_wconf 90' lang='lat' dir='ltr'><strong>sen-</strong></span> 
     </span>
    </p>
   </div>
   <div class='ocr_carea' id='block_1_80' title="bbox 2102 3685 3746 3757">
    <p class='ocr_par' dir='ltr' id='par_1_80' title="bbox 2102 3685 3746 3757">
     <span class='ocr_line' id='line_1_80' title="bbox 2102 3685 3746 3757; baseline 0.001 -16"><span class='ocrx_word' id='word_1_569' title='bbox 2102 3703 2234 3742; x_wconf 89' lang='lat' dir='ltr'><strong>sum</strong></span> <span class='ocrx_word' id='word_1_570' title='bbox 2277 3691 2591 3757; x_wconf 88' lang='lat' dir='ltr'><strong>superant;</strong></span> <span class='ocrx_word' id='word_1_571' title='bbox 2623 3703 2735 3741; x_wconf 90' lang='lat' dir='ltr'><strong>non</strong></span> <span class='ocrx_word' id='word_1_572' title='bbox 2768 3686 2978 3740; x_wconf 87' lang='lat' dir='ltr'><strong>coelum</strong></span> <span class='ocrx_word' id='word_1_573' title='bbox 3015 3689 3072 3740; x_wconf 92' lang='lat' dir='ltr'><strong>et</strong></span> <span class='ocrx_word' id='word_1_574' title='bbox 3101 3689 3338 3753; x_wconf 89' lang='lat' dir='ltr'><strong>terram,</strong></span> <span class='ocrx_word' id='word_1_575' title='bbox 3385 3685 3487 3741; x_wconf 90' lang='lat' dir='ltr'><strong>sed</strong></span> <span class='ocrx_word' id='word_1_576' title='bbox 3521 3685 3650 3742; x_wconf 72' lang='lat' dir='ltr'><strong>coeli</strong></span> <span class='ocrx_word' id='word_1_577' title='bbox 3679 3701 3746 3743; x_wconf 88' lang='lat' dir='ltr'><strong>ac</strong></span> 
     </span>
    </p>
   </div>
   <div class='ocr_carea' id='block_1_81' title="bbox 2101 3774 3742 3848">
    <p class='ocr_par' dir='ltr' id='par_1_81' title="bbox 2101 3774 3742 3848">
     <span class='ocr_line' id='line_1_81' title="bbox 2101 3774 3742 3848; baseline 0.001 -19"><span class='ocrx_word' id='word_1_578' title='bbox 2101 3783 2261 3832; x_wconf 60' lang='lat' dir='ltr'><strong>terra;</strong></span> <span class='ocrx_word' id='word_1_579' title='bbox 2291 3776 2671 3848; x_wconf 91' lang='lat' dir='ltr'><strong>omniumque</strong></span> <span class='ocrx_word' id='word_1_580' title='bbox 2700 3774 3023 3832; x_wconf 83' lang='lat' dir='ltr'><strong>ccelestium</strong></span> <span class='ocrx_word' id='word_1_581' title='bbox 3076 3775 3361 3832; x_wconf 88' lang='lat' dir='ltr'><strong>mentium</strong></span> <span class='ocrx_word' id='word_1_582' title='bbox 3394 3781 3742 3843; x_wconf 89' lang='lat' dir='ltr'><strong>creatorem,</strong></span> 
     </span>
    </p>
   </div>
   <div class='ocr_carea' id='block_1_82' title="bbox 339 3864 3746 3941">
    <p class='ocr_par' dir='ltr' id='par_1_82' title="bbox 339 3864 3746 3941">
     <span class='ocr_line' id='line_1_82' title="bbox 339 3864 3746 3941; baseline -0 -17"><span class='ocrx_word' id='word_1_583' title='bbox 339 3870 698 3941; x_wconf 88' lang='lat' dir='ltr'><strong>principium</strong></span> <span class='ocrx_word' id='word_1_584' title='bbox 757 3865 1114 3936; x_wconf 86' lang='lat' dir='ltr'><strong>assumpsit;</strong></span> <span class='ocrx_word' id='word_1_585' title='bbox 1166 3864 1406 3921; x_wconf 89' lang='lat' dir='ltr'><strong>dicens:</strong></span> <span class='ocrx_word' id='word_1_586' title='bbox 1455 3871 1522 3922; x_wconf 82' lang='lat' dir='ltr'><strong>In</strong></span> <span class='ocrx_word' id='word_1_587' title='bbox 1577 3869 1849 3938; x_wconf 79' lang='lat' dir='ltr'><strong>principio</strong></span> <span class='ocrx_word' id='word_1_588' title='bbox 1895 3873 2016 3922; x_wconf 87' lang='lat' dir='ltr'><strong>erat</strong></span> <span class='ocrx_word' id='word_1_589' title='bbox 2072 3867 2322 3937; x_wconf 81' lang='lat' dir='ltr'><strong>Verbum,</strong></span> <span class='ocrx_word' id='word_1_590' title='bbox 2371 3871 2423 3924; x_wconf 87' lang='lat' dir='ltr'><strong>et</strong></span> <span class='ocrx_word' id='word_1_591' title='bbox 2465 3868 2696 3924; x_wconf 83' lang='lat' dir='ltr'><strong>Verbum</strong></span> <span class='ocrx_word' id='word_1_592' title='bbox 2735 3872 2855 3924; x_wconf 85' lang='lat' dir='ltr'><strong>erat</strong></span> <span class='ocrx_word' id='word_1_593' title='bbox 2912 3865 3059 3939; x_wconf 86' lang='lat' dir='ltr'><strong>apud</strong></span> <span class='ocrx_word' id='word_1_594' title='bbox 3106 3868 3292 3933; x_wconf 89' lang='lat' dir='ltr'><strong>Deum,</strong></span> <span class='ocrx_word' id='word_1_595' title='bbox 3347 3871 3401 3922; x_wconf 87' lang='lat' dir='ltr'><strong>et</strong></span> <span class='ocrx_word' id='word_1_596' title='bbox 3428 3868 3572 3924; x_wconf 81' lang='lat' dir='ltr'><strong>Deus</strong></span> <span class='ocrx_word' id='word_1_597' title='bbox 3621 3872 3746 3923; x_wconf 85' lang='lat' dir='ltr'><strong>erat</strong></span> 
     </span>
    </p>
   </div>
   <div class='ocr_carea' id='block_1_83' title="bbox 344 3957 671 4016">
    <p class='ocr_par' dir='ltr' id='par_1_83' title="bbox 344 3957 671 4016">
     <span class='ocr_line' id='line_1_83' title="bbox 344 3957 671 4016; baseline -0.012 0"><span class='ocrx_word' id='word_1_598' title='bbox 344 3961 579 4016; x_wconf 82' lang='lat' dir='ltr'><strong>Verbum</strong></span> <span class='ocrx_word' id='word_1_599' title='bbox 609 3957 671 4012; x_wconf 67' lang='lat'><strong>1&quot;.</strong></span> 
     </span>
    </p>
   </div>
   <div class='ocr_carea' id='block_1_84' title="bbox 417 4095 1994 4174">
    <p class='ocr_par' dir='ltr' id='par_1_84' title="bbox 417 4095 1994 4174">
     <span class='ocr_line' id='line_1_84' title="bbox 417 4095 1994 4174; baseline -0.001 -18"><span class='ocrx_word' id='word_1_600' title='bbox 417 4105 482 4158; x_wconf 88' lang='grc' dir='ltr'><strong>θ’.</strong></span> <span class='ocrx_word' id='word_1_601' title='bbox 524 4098 678 4162; x_wconf 77' lang='grc' dir='ltr'>Εἶδες</span> <span class='ocrx_word' id='word_1_602' title='bbox 708 4100 782 4161; x_wconf 88' lang='grc' dir='ltr'>εἰς</span> <span class='ocrx_word' id='word_1_603' title='bbox 815 4102 973 4154; x_wconf 86' lang='grc' dir='ltr'>ποῖον</span> <span class='ocrx_word' id='word_1_604' title='bbox 998 4096 1134 4172; x_wconf 76' lang='grc' dir='ltr'>ὕψος</span> <span class='ocrx_word' id='word_1_605' title='bbox 1169 4095 1389 4172; x_wconf 72' lang='grc' dir='ltr'>ἄπειρον</span> <span class='ocrx_word' id='word_1_606' title='bbox 1434 4099 1535 4173; x_wconf 77' lang='grc' dir='ltr'>ἦρε</span> <span class='ocrx_word' id='word_1_607' title='bbox 1581 4100 1643 4154; x_wconf 86' lang='grc' dir='ltr'>τὸ</span> <span class='ocrx_word' id='word_1_608' title='bbox 1696 4097 1852 4174; x_wconf 79' lang='grc' dir='ltr'>ὄμμα</span> <span class='ocrx_word' id='word_1_609' title='bbox 1896 4105 1994 4154; x_wconf 80' lang='grc' dir='ltr'><strong>τοῦ</strong></span> 
     </span>
    </p>
   </div>
   <div class='ocr_carea' id='block_1_85' title="bbox 341 4188 1992 4264">
    <p class='ocr_par' dir='ltr' id='par_1_85' title="bbox 341 4188 1992 4264">
     <span class='ocr_line' id='line_1_85' title="bbox 341 4188 1992 4264; baseline 0 -19"><span class='ocrx_word' id='word_1_610' title='bbox 341 4197 437 4246; x_wconf 77' lang='grc' dir='ltr'><strong>νοῦ</strong></span> <span class='ocrx_word' id='word_1_611' title='bbox 488 4209 503 4260; x_wconf 88' lang='grc'>;</span> <span class='ocrx_word' id='word_1_612' title='bbox 556 4189 734 4264; x_wconf 83' lang='grc' dir='ltr'>ὥσπερ</span> <span class='ocrx_word' id='word_1_613' title='bbox 800 4211 854 4243; x_wconf 89' lang='grc' dir='ltr'><strong>τι</strong></span> <span class='ocrx_word' id='word_1_614' title='bbox 929 4188 1124 4258; x_wconf 72' lang='grc' dir='ltr'>νοητὸν</span> <span class='ocrx_word' id='word_1_615' title='bbox 1202 4188 1481 4261; x_wconf 84' lang='grc' dir='ltr'>στερέωμα</span> <span class='ocrx_word' id='word_1_616' title='bbox 1544 4191 1992 4262; x_wconf 77' lang='grc' dir='ltr'>καταπηξάμενος</span> 
     </span>
    </p>
   </div>
   <div class='ocr_carea' id='block_1_86' title="bbox 343 4278 1994 4355">
    <p class='ocr_par' dir='ltr' id='par_1_86' title="bbox 343 4278 1994 4355">
     <span class='ocr_line' id='line_1_86' title="bbox 343 4278 1994 4355; baseline -0.001 -19"><span class='ocrx_word' id='word_1_617' title='bbox 343 4286 506 4355; x_wconf 74' lang='grc' dir='ltr'>ἡμῶν</span> <span class='ocrx_word' id='word_1_618' title='bbox 538 4281 589 4336; x_wconf 81' lang='grc' dir='ltr'><strong>ἐν</strong></span> <span class='ocrx_word' id='word_1_619' title='bbox 631 4278 844 4349; x_wconf 79' lang='grc' dir='ltr'>διανοίᾳ</span> <span class='ocrx_word' id='word_1_620' title='bbox 880 4281 942 4334; x_wconf 87' lang='grc' dir='ltr'>τὸ</span> <span class='ocrx_word' id='word_1_621' title='bbox 982 4284 1224 4351; x_wconf 85' lang='grc' dir='ltr'>τριταῖον</span> <span class='ocrx_word' id='word_1_622' title='bbox 1269 4280 1370 4334; x_wconf 88' lang='grc' dir='ltr'>Ἦν</span> <span class='ocrx_word' id='word_1_623' title='bbox 1421 4298 1433 4311; x_wconf 90' lang='grc'><strong>·</strong></span> <span class='ocrx_word' id='word_1_624' title='bbox 1487 4279 1572 4333; x_wconf 85' lang='grc' dir='ltr'>ἱνα</span> <span class='ocrx_word' id='word_1_625' title='bbox 1633 4280 1797 4354; x_wconf 86' lang='grc' dir='ltr'>μέχρι</span> <span class='ocrx_word' id='word_1_626' title='bbox 1836 4278 1994 4335; x_wconf 81' lang='grc' dir='ltr'><strong>τοῦδε</strong></span> 
     </span>
    </p>
   </div>
   <div class='ocr_carea' id='block_1_87' title="bbox 346 4364 1992 4444">
    <p class='ocr_par' dir='ltr' id='par_1_87' title="bbox 346 4364 1992 4444">
     <span class='ocr_line' id='line_1_87' title="bbox 346 4364 1992 4444; baseline -0.002 -17"><span class='ocrx_word' id='word_1_627' title='bbox 346 4372 528 4443; x_wconf 80' lang='grc' dir='ltr'>ὥσπερ</span> <span class='ocrx_word' id='word_1_628' title='bbox 555 4391 608 4424; x_wconf 86' lang='grc' dir='ltr'><strong>τι</strong></span> <span class='ocrx_word' id='word_1_629' title='bbox 639 4364 847 4440; x_wconf 79' lang='grc' dir='ltr'>ἔξαλμα</span> <span class='ocrx_word' id='word_1_630' title='bbox 901 4368 1080 4444; x_wconf 86' lang='grc' dir='ltr'>φωτὸς</span> <span class='ocrx_word' id='word_1_631' title='bbox 1112 4367 1320 4442; x_wconf 86' lang='grc' dir='ltr'>προϊὼν</span> <span class='ocrx_word' id='word_1_632' title='bbox 1374 4369 1401 4422; x_wconf 85' lang='grc' dir='ltr'>ὁ</span> <span class='ocrx_word' id='word_1_633' title='bbox 1459 4372 1603 4438; x_wconf 82' lang='grc' dir='ltr'>νοῦς,</span> <span class='ocrx_word' id='word_1_634' title='bbox 1656 4374 1872 4444; x_wconf 87' lang='grc' dir='ltr'>πρῶτος</span> <span class='ocrx_word' id='word_1_635' title='bbox 1919 4369 1992 4423; x_wconf 83' lang='grc' dir='ltr'><strong>ὤν</strong></span> 
     </span>
    </p>
   </div>
   <div class='ocr_carea' id='block_1_88' title="bbox 342 4453 1992 4537">
    <p class='ocr_par' dir='ltr' id='par_1_88' title="bbox 342 4453 1992 4537">
     <span class='ocr_line' id='line_1_88' title="bbox 342 4453 1992 4537; baseline -0.002 -22"><span class='ocrx_word' id='word_1_636' title='bbox 342 4460 433 4515; x_wconf 79' lang='grc' dir='ltr'><strong>καὶ</strong></span> <span class='ocrx_word' id='word_1_637' title='bbox 466 4460 626 4520; x_wconf 79' lang='grc' dir='ltr'>οὗτος</span> <span class='ocrx_word' id='word_1_638' title='bbox 664 4462 769 4512; x_wconf 89' lang='grc' dir='ltr'><strong>τῶν</strong></span> <span class='ocrx_word' id='word_1_639' title='bbox 802 4463 904 4525; x_wconf 83' lang='grc' dir='ltr'><strong>τῆς</strong></span> <span class='ocrx_word' id='word_1_640' title='bbox 954 4460 1141 4530; x_wconf 83' lang='grc' dir='ltr'>ψυχῆς</span> <span class='ocrx_word' id='word_1_641' title='bbox 1194 4453 1494 4529; x_wconf 79' lang='grc' dir='ltr'>δυνάμεων,</span> <span class='ocrx_word' id='word_1_642' title='bbox 1550 4459 1624 4530; x_wconf 76' lang='grc' dir='ltr'>μὴ</span> <span class='ocrx_word' id='word_1_643' title='bbox 1676 4453 1799 4537; x_wconf 80' lang='grc' dir='ltr'>ἔχοι</span> <span class='ocrx_word' id='word_1_644' title='bbox 1836 4457 1992 4537; x_wconf 78' lang='grc' dir='ltr'>φύσιν</span> 
     </span>
    </p>
   </div>
   <div class='ocr_carea' id='block_1_89' title="bbox 340 4542 1992 4623">
    <p class='ocr_par' dir='ltr' id='par_1_89' title="bbox 340 4542 1992 4623">
     <span class='ocr_line' id='line_1_89' title="bbox 340 4542 1992 4623; baseline -0.001 -20"><span class='ocrx_word' id='word_1_645' title='bbox 340 4547 572 4623; x_wconf 77' lang='grc' dir='ltr'>ἀρθῆναί</span> <span class='ocrx_word' id='word_1_646' title='bbox 621 4568 729 4601; x_wconf 86' lang='grc' dir='ltr'><strong>που</strong></span> <span class='ocrx_word' id='word_1_647' title='bbox 779 4545 1046 4614; x_wconf 73' lang='grc' dir='ltr'>ἐπέκεινα,</span> <span class='ocrx_word' id='word_1_648' title='bbox 1107 4545 1202 4599; x_wconf 77' lang='grc' dir='ltr'><strong>κᾶν</strong></span> <span class='ocrx_word' id='word_1_649' title='bbox 1263 4542 1610 4618; x_wconf 74' lang='grc' dir='ltr'>κενεμϐατεῖν</span> <span class='ocrx_word' id='word_1_650' title='bbox 1671 4545 1874 4617; x_wconf 81' lang='grc' dir='ltr'>δόξοιεν</span> <span class='ocrx_word' id='word_1_651' title='bbox 1933 4546 1992 4602; x_wconf 80' lang='grc' dir='ltr'><strong>ἐκ</strong></span> 
     </span>
    </p>
   </div>
   <div class='ocr_carea' id='block_1_90' title="bbox 2165 4099 3744 4172">
    <p class='ocr_par' dir='ltr' id='par_1_90' title="bbox 2165 4099 3744 4172">
     <span class='ocr_line' id='line_1_90' title="bbox 2165 4099 3744 4172; baseline 0.001 -17"><span class='ocrx_word' id='word_1_652' title='bbox 2165 4102 2218 4156; x_wconf 88' lang='grc'><strong>9.</strong></span> <span class='ocrx_word' id='word_1_653' title='bbox 2253 4101 2461 4157; x_wconf 88' lang='lat' dir='ltr'><strong>Vidisti</strong></span> <span class='ocrx_word' id='word_1_654' title='bbox 2492 4101 2546 4156; x_wconf 91' lang='lat' dir='ltr'><strong>in</strong></span> <span class='ocrx_word' id='word_1_655' title='bbox 2581 4104 2858 4172; x_wconf 75' lang='lat' dir='ltr'><strong>quantum</strong></span> <span class='ocrx_word' id='word_1_656' title='bbox 2882 4099 3252 4156; x_wconf 89' lang='lat' dir='ltr'><strong>altitudinem</strong></span> <span class='ocrx_word' id='word_1_657' title='bbox 3293 4099 3500 4158; x_wconf 80' lang='lat' dir='ltr'><strong>extulit</strong></span> <span class='ocrx_word' id='word_1_658' title='bbox 3530 4103 3744 4158; x_wconf 88' lang='lat' dir='ltr'><strong>mentis</strong></span> 
     </span>
    </p>
   </div>
   <div class='ocr_carea' id='block_1_91' title="bbox 2105 4189 3746 4248">
    <p class='ocr_par' dir='ltr' id='par_1_91' title="bbox 2105 4189 3746 4248">
     <span class='ocr_line' id='line_1_91' title="bbox 2105 4189 3746 4248; baseline 0.001 -2"><span class='ocrx_word' id='word_1_659' title='bbox 2105 4191 2386 4246; x_wconf 90' lang='lat' dir='ltr'><strong>oculum?</strong></span> <span class='ocrx_word' id='word_1_660' title='bbox 2424 4190 2815 4246; x_wconf 84' lang='lat' dir='ltr'><strong>intellectuale</strong></span> <span class='ocrx_word' id='word_1_661' title='bbox 2862 4189 3039 4245; x_wconf 90' lang='lat' dir='ltr'><strong>veluti</strong></span> <span class='ocrx_word' id='word_1_662' title='bbox 3081 4190 3518 4248; x_wconf 83' lang='lat' dir='ltr'><strong>firmamentum</strong></span> <span class='ocrx_word' id='word_1_663' title='bbox 3565 4193 3746 4247; x_wconf 91' lang='lat' dir='ltr'><strong>menti</strong></span> 
     </span>
    </p>
   </div>
   <div class='ocr_carea' id='block_1_92' title="bbox 2105 4279 3746 4354">
    <p class='ocr_par' dir='ltr' id='par_1_92' title="bbox 2105 4279 3746 4354">
     <span class='ocr_line' id='line_1_92' title="bbox 2105 4279 3746 4354; baseline 0.002 -20"><span class='ocrx_word' id='word_1_664' title='bbox 2105 4291 2310 4336; x_wconf 83' lang='lat' dir='ltr'><strong>nostrae</strong></span> <span class='ocrx_word' id='word_1_665' title='bbox 2359 4281 2609 4352; x_wconf 81' lang='lat' dir='ltr'><strong>inﬁgens</strong></span> <span class='ocrx_word' id='word_1_666' title='bbox 2666 4280 2887 4334; x_wconf 89' lang='lat' dir='ltr'><strong>trinum</strong></span> <span class='ocrx_word' id='word_1_667' title='bbox 2935 4279 3078 4334; x_wconf 91' lang='lat' dir='ltr'><strong>illud</strong></span> <span class='ocrx_word' id='word_1_668' title='bbox 3115 4283 3284 4342; x_wconf 83' lang='lat' dir='ltr'><strong>Erat;</strong></span> <span class='ocrx_word' id='word_1_669' title='bbox 3332 4287 3396 4335; x_wconf 92' lang='lat' dir='ltr'><strong>ut</strong></span> <span class='ocrx_word' id='word_1_670' title='bbox 3441 4297 3509 4337; x_wconf 89' lang='lat' dir='ltr'><strong>eo</strong></span> <span class='ocrx_word' id='word_1_671' title='bbox 3541 4297 3746 4354; x_wconf 88' lang='lat' dir='ltr'><strong>usque,</strong></span> 
     </span>
    </p>
   </div>
   <div class='ocr_carea' id='block_1_93' title="bbox 2103 4369 3745 4443">
    <p class='ocr_par' dir='ltr' id='par_1_93' title="bbox 2103 4369 3745 4443">
     <span class='ocr_line' id='line_1_93' title="bbox 2103 4369 3745 4443; baseline 0.002 -19"><span class='ocrx_word' id='word_1_672' title='bbox 2103 4369 2364 4425; x_wconf 89' lang='lat' dir='ltr'><strong>salientis</strong></span> <span class='ocrx_word' id='word_1_673' title='bbox 2385 4369 2761 4437; x_wconf 89' lang='lat' dir='ltr'><strong>instarlucis,</strong></span> <span class='ocrx_word' id='word_1_674' title='bbox 2797 4385 2963 4425; x_wconf 88' lang='lat' dir='ltr'><strong>mene</strong></span> <span class='ocrx_word' id='word_1_675' title='bbox 2987 4386 3294 4442; x_wconf 90' lang='lat' dir='ltr'><strong>progressa</strong></span> <span class='ocrx_word' id='word_1_676' title='bbox 3321 4372 3593 4443; x_wconf 89' lang='lat' dir='ltr'><strong>(namque</strong></span> <span class='ocrx_word' id='word_1_677' title='bbox 3624 4371 3745 4429; x_wconf 70' lang='lat' dir='ltr'><strong>hinc</strong></span> 
     </span>
    </p>
   </div>
   <div class='ocr_carea' id='block_1_94' title="bbox 2104 4457 3748 4531">
    <p class='ocr_par' dir='ltr' id='par_1_94' title="bbox 2104 4457 3748 4531">
     <span class='ocr_line' id='line_1_94' title="bbox 2104 4457 3748 4531; baseline 0.004 -20"><span class='ocrx_word' id='word_1_678' title='bbox 2104 4463 2191 4512; x_wconf 89' lang='lat' dir='ltr'><strong>est</strong></span> <span class='ocrx_word' id='word_1_679' title='bbox 2222 4459 2565 4514; x_wconf 85' lang='lat' dir='ltr'><strong>facultatum</strong></span> <span class='ocrx_word' id='word_1_680' title='bbox 2598 4458 2808 4513; x_wconf 66' lang='lat' dir='ltr'><strong>animae</strong></span> <span class='ocrx_word' id='word_1_681' title='bbox 2841 4459 3047 4529; x_wconf 88' lang='lat' dir='ltr'><strong>prima)</strong></span> <span class='ocrx_word' id='word_1_682' title='bbox 3103 4457 3250 4514; x_wconf 90' lang='lat' dir='ltr'><strong>nolit</strong></span> <span class='ocrx_word' id='word_1_683' title='bbox 3279 4458 3553 4531; x_wconf 89' lang='lat' dir='ltr'><strong>deinceps</strong></span> <span class='ocrx_word' id='word_1_684' title='bbox 3593 4459 3748 4517; x_wconf 90' lang='lat' dir='ltr'><strong>ulte—</strong></span> 
     </span>
    </p>
   </div>
   <div class='ocr_carea' id='block_1_95' title="bbox 2104 4547 3749 4618">
    <p class='ocr_par' dir='ltr' id='par_1_95' title="bbox 2104 4547 3749 4618">
     <span class='ocr_line' id='line_1_95' title="bbox 2104 4547 3749 4618; baseline 0.003 -17"><span class='ocrx_word' id='word_1_685' title='bbox 2104 4547 2226 4602; x_wconf 90' lang='lat' dir='ltr'><strong>rius</strong></span> <span class='ocrx_word' id='word_1_686' title='bbox 2275 4547 2537 4616; x_wconf 87' lang='lat' dir='ltr'><strong>subvehi,</strong></span> <span class='ocrx_word' id='word_1_687' title='bbox 2581 4564 2652 4603; x_wconf 90' lang='lat' dir='ltr'><strong>ne</strong></span> <span class='ocrx_word' id='word_1_688' title='bbox 2682 4563 2784 4618; x_wconf 86' lang='lat' dir='ltr'><strong>per</strong></span> <span class='ocrx_word' id='word_1_689' title='bbox 2816 4563 3004 4602; x_wconf 87' lang='lat' dir='ltr'><strong>aerem</strong></span> <span class='ocrx_word' id='word_1_690' title='bbox 3039 4549 3371 4604; x_wconf 88' lang='lat' dir='ltr'><strong>curiositate</strong></span> <span class='ocrx_word' id='word_1_691' title='bbox 3426 4549 3620 4605; x_wconf 92' lang='lat' dir='ltr'><strong>inutili</strong></span> <span class='ocrx_word' id='word_1_692' title='bbox 3652 4551 3749 4606; x_wconf 83' lang='lat' dir='ltr'><strong>vi-</strong></span> 
     </span>
    </p>
   </div>
   <div class='ocr_carea' id='block_1_96' title="bbox 342 4632 1996 4711">
    <p class='ocr_par' dir='ltr' id='par_1_96' title="bbox 342 4632 1995 4711">
     <span class='ocr_line' id='line_1_96' title="bbox 342 4632 1995 4711; baseline -0.001 -18"><span class='ocrx_word' id='word_1_693' title='bbox 342 4636 885 4711; x_wconf 71' lang='grc' dir='ltr'>πολυπραγμοσύνης</span> <span class='ocrx_word' id='word_1_694' title='bbox 937 4632 1282 4690; x_wconf 84' lang='grc' dir='ltr'>ὀνενδέκτου’</span> <span class='ocrx_word' id='word_1_695' title='bbox 1327 4633 1455 4690; x_wconf 85' lang='grc' dir='ltr'>ἀλλ’</span> <span class='ocrx_word' id='word_1_696' title='bbox 1509 4637 1622 4690; x_wconf 74' lang='grc' dir='ltr'>οἷον</span> <span class='ocrx_word' id='word_1_697' title='bbox 1679 4635 1995 4692; x_wconf 80' lang='grc' dir='ltr'>ἐπαναπαυ-</span> 
     </span>
    </p>
   </div>
   <div class='ocr_carea' id='block_1_97' title="bbox 2110 4632 3748 4711">
    <p class='ocr_par' dir='ltr' id='par_1_97' title="bbox 2110 4635 3748 4708">
     <span class='ocr_line' id='line_1_97' title="bbox 2110 4635 3748 4708; baseline 0.004 -19"><span class='ocrx_word' id='word_1_698' title='bbox 2110 4635 2312 4690; x_wconf 89' lang='lat' dir='ltr'><strong>deatur</strong></span> <span class='ocrx_word' id='word_1_699' title='bbox 2359 4636 2740 4692; x_wconf 87' lang='lat' dir='ltr'><strong>discurrere:</strong></span> <span class='ocrx_word' id='word_1_700' title='bbox 2797 4637 2897 4692; x_wconf 88' lang='lat' dir='ltr'><strong>sed</strong></span> <span class='ocrx_word' id='word_1_701' title='bbox 2963 4636 3127 4708; x_wconf 86' lang='lat' dir='ltr'><strong>quasi</strong></span> <span class='ocrx_word' id='word_1_702' title='bbox 3179 4653 3416 4692; x_wconf 87' lang='lat' dir='ltr'><strong>cursum</strong></span> <span class='ocrx_word' id='word_1_703' title='bbox 3475 4637 3748 4695; x_wconf 88' lang='lat' dir='ltr'><strong>inhibens</strong></span> 
     </span>
    </p>
   </div>
   <div class='ocr_carea' id='block_1_98' title="bbox 343 4722 1994 4802">
    <p class='ocr_par' dir='ltr' id='par_1_98' title="bbox 343 4722 1994 4802">
     <span class='ocr_line' id='line_1_98' title="bbox 343 4722 1994 4802; baseline -0.001 -20"><span class='ocrx_word' id='word_1_704' title='bbox 343 4728 571 4800; x_wconf 65' lang='grc' dir='ltr'>σάμενπ</span> <span class='ocrx_word' id='word_1_705' title='bbox 609 4732 709 4794; x_wconf 81' lang='grc' dir='ltr'>τῆς</span> <span class='ocrx_word' id='word_1_706' title='bbox 773 4724 1002 4802; x_wconf 80' lang='grc' dir='ltr'>ἐφέσεως</span> <span class='ocrx_word' id='word_1_707' title='bbox 1051 4722 1405 4798; x_wconf 83' lang='grc' dir='ltr'>παλινδρομῇ</span> <span class='ocrx_word' id='word_1_708' title='bbox 1459 4726 1596 4800; x_wconf 83' lang='grc' dir='ltr'>πρὸς</span> <span class='ocrx_word' id='word_1_709' title='bbox 1646 4727 1715 4780; x_wconf 73' lang='grc' dir='ltr'>τὰ</span> <span class='ocrx_word' id='word_1_710' title='bbox 1769 4727 1994 4782; x_wconf 86' lang='grc' dir='ltr'>κατόπιν</span> 
     </span>
    </p>
   </div>
   <div class='ocr_carea' id='block_1_99' title="bbox 344 4811 1995 4889">
    <p class='ocr_par' dir='ltr' id='par_1_99' title="bbox 344 4811 1995 4889">
     <span class='ocr_line' id='line_1_99' title="bbox 344 4811 1995 4889; baseline -0.001 -18"><span class='ocrx_word' id='word_1_711' title='bbox 344 4817 435 4872; x_wconf 84' lang='grc' dir='ltr'><strong>καὶ</strong></span> <span class='ocrx_word' id='word_1_712' title='bbox 469 4816 573 4870; x_wconf 77' lang='grc' dir='ltr'>ὑπὸ</span> <span class='ocrx_word' id='word_1_713' title='bbox 604 4815 800 4884; x_wconf 88' lang='grc' dir='ltr'>κτίσιν,</span> <span class='ocrx_word' id='word_1_714' title='bbox 834 4814 916 4876; x_wconf 73' lang='grc' dir='ltr'>οἷς</span> <span class='ocrx_word' id='word_1_715' title='bbox 975 4814 1064 4868; x_wconf 80' lang='grc' dir='ltr'><strong>καὶ</strong></span> <span class='ocrx_word' id='word_1_716' title='bbox 1116 4819 1386 4889; x_wconf 88' lang='grc' dir='ltr'>συγγενῶς</span> <span class='ocrx_word' id='word_1_717' title='bbox 1434 4811 1580 4888; x_wconf 78' lang='grc' dir='ltr'>ἔχοι,</span> <span class='ocrx_word' id='word_1_718' title='bbox 1627 4817 1766 4889; x_wconf 88' lang='grc' dir='ltr'>ὁρῶν</span> <span class='ocrx_word' id='word_1_719' title='bbox 1800 4817 1869 4872; x_wconf 70' lang='grc' dir='ltr'>τὰ</span> <span class='ocrx_word' id='word_1_720' title='bbox 1899 4814 1995 4886; x_wconf 83' lang='grc' dir='ltr'>δη-</span> 
     </span>
    </p>
   </div>
   <div class='ocr_carea' id='block_1_100' title="bbox 352 4901 1997 4981">
    <p class='ocr_par' dir='ltr' id='par_1_100' title="bbox 352 4901 1997 4981">
     <span class='ocr_line' id='line_1_100' title="bbox 352 4901 1997 4981; baseline 0.001 -22"><span class='ocrx_word' id='word_1_721' title='bbox 352 4907 739 4981; x_wconf 85' lang='grc' dir='ltr'>μιουργήματα</span> <span class='ocrx_word' id='word_1_722' title='bbox 779 4903 866 4958; x_wconf 77' lang='grc' dir='ltr'><strong>καὶ</strong></span> <span class='ocrx_word' id='word_1_723' title='bbox 920 4901 1155 4974; x_wconf 79' lang='grc' dir='ltr'>δοξάζων</span> <span class='ocrx_word' id='word_1_724' title='bbox 1196 4906 1286 4959; x_wconf 87' lang='grc' dir='ltr'>τὸν</span> <span class='ocrx_word' id='word_1_725' title='bbox 1345 4905 1758 4980; x_wconf 81' lang='grc' dir='ltr'>ἀριστοτέχνην,</span> <span class='ocrx_word' id='word_1_726' title='bbox 1799 4904 1891 4960; x_wconf 72' lang='grc' dir='ltr'><strong>ἕνα</strong></span> <span class='ocrx_word' id='word_1_727' title='bbox 1940 4927 1997 4962; x_wconf 89' lang='grc' dir='ltr'><strong>τε</strong></span> 
     </span>
    </p>
   </div>
   <div class='ocr_carea' id='block_1_101' title="bbox 347 4990 1996 5069">
    <p class='ocr_par' dir='ltr' id='par_1_101' title="bbox 347 4990 1996 5069">
     <span class='ocr_line' id='line_1_101' title="bbox 347 4990 1996 5069; baseline 0 -19"><span class='ocrx_word' id='word_1_728' title='bbox 347 4995 476 5050; x_wconf 76' lang='grc' dir='ltr'>ὅντα</span> <span class='ocrx_word' id='word_1_729' title='bbox 536 4993 772 5069; x_wconf 75' lang='grc' dir='ltr'>ἄναρχον</span> <span class='ocrx_word' id='word_1_730' title='bbox 826 4990 956 5048; x_wconf 87' lang='grc' dir='ltr'>Θεὸδ</span> <span class='ocrx_word' id='word_1_731' title='bbox 1004 4992 1054 5048; x_wconf 85' lang='grc' dir='ltr'>ἐν</span> <span class='ocrx_word' id='word_1_732' title='bbox 1104 4994 1274 5068; x_wconf 79' lang='grc' dir='ltr'>τρισὶν</span> <span class='ocrx_word' id='word_1_733' title='bbox 1334 4994 1704 5065; x_wconf 77' lang='grc' dir='ltr'>ὑποστάσεσιν,</span> <span class='ocrx_word' id='word_1_734' title='bbox 1735 4995 1826 5050; x_wconf 87' lang='grc' dir='ltr'>τὸν</span> <span class='ocrx_word' id='word_1_735' title='bbox 1869 4999 1996 5050; x_wconf 82' lang='grc' dir='ltr'>πᾶσι</span> 
     </span>
    </p>
   </div>
   <div class='ocr_carea' id='block_1_102' title="bbox 347 5081 1999 5160">
    <p class='ocr_par' dir='ltr' id='par_1_102' title="bbox 347 5081 1999 5160">
     <span class='ocr_line' id='line_1_102' title="bbox 347 5081 1999 5160; baseline -0.001 -20"><span class='ocrx_word' id='word_1_736' title='bbox 347 5090 467 5147; x_wconf 81' lang='grc' dir='ltr'>τοῖς</span> <span class='ocrx_word' id='word_1_737' title='bbox 528 5082 675 5138; x_wconf 76' lang='grc' dir='ltr'>οὖσιν</span> <span class='ocrx_word' id='word_1_738' title='bbox 731 5083 1117 5136; x_wconf 79' lang='grc' dir='ltr'>ἐπιστατοῦντα</span> <span class='ocrx_word' id='word_1_739' title='bbox 1167 5103 1181 5115; x_wconf 84' lang='grc'><em>’</em></span> <span class='ocrx_word' id='word_1_740' title='bbox 1231 5081 1348 5137; x_wconf 86' lang='grc' dir='ltr'>τίνα</span> <span class='ocrx_word' id='word_1_741' title='bbox 1402 5089 1568 5138; x_wconf 73' lang='grc' dir='ltr'>ταῦτα</span> <span class='ocrx_word' id='word_1_742' title='bbox 1621 5103 1633 5153; x_wconf 90' lang='grc'>;</span> <span class='ocrx_word' id='word_1_743' title='bbox 1721 5084 1999 5160; x_wconf 74' lang='grc' dir='ltr'>Σεφαφῖμ,</span> 
     </span>
    </p>
   </div>
   <div class='ocr_carea' id='block_1_103' title="bbox 348 5168 1999 5248">
    <p class='ocr_par' dir='ltr' id='par_1_103' title="bbox 348 5168 1999 5248">
     <span class='ocr_line' id='line_1_103' title="bbox 348 5168 1999 5248; baseline -0.004 -17"><span class='ocrx_word' id='word_1_744' title='bbox 348 5168 657 5248; x_wconf 79' lang='grc' dir='ltr'>Χερουϐὶμ,</span> <span class='ocrx_word' id='word_1_745' title='bbox 718 5172 972 5246; x_wconf 83' lang='grc' dir='ltr'>Θρόνους,</span> <span class='ocrx_word' id='word_1_746' title='bbox 1033 5174 1319 5244; x_wconf 81' lang='grc' dir='ltr'>Δυνάμεις,</span> <span class='ocrx_word' id='word_1_747' title='bbox 1381 5175 1677 5246; x_wconf 78' lang='grc' dir='ltr'>Ἐξουσίας,</span> <span class='ocrx_word' id='word_1_748' title='bbox 1729 5176 1999 5248; x_wconf 86' lang='grc' dir='ltr'>Κυριότη-</span> 
     </span>
    </p>
   </div>
   <div class='ocr_carea' id='block_1_104' title="bbox 343 5261 2001 5340">
    <p class='ocr_par' dir='ltr' id='par_1_104' title="bbox 343 5261 2001 5340">
     <span class='ocr_line' id='line_1_104' title="bbox 343 5261 2001 5340; baseline 0 -21"><span class='ocrx_word' id='word_1_749' title='bbox 343 5284 464 5331; x_wconf 88' lang='grc' dir='ltr'>τας,</span> <span class='ocrx_word' id='word_1_750' title='bbox 523 5263 753 5340; x_wconf 78' lang='grc' dir='ltr'>Ἀρχὰς,</span> <span class='ocrx_word' id='word_1_751' title='bbox 809 5261 1239 5336; x_wconf 82' lang='grc' dir='ltr'>Ἀρχαγγέλους,</span> <span class='ocrx_word' id='word_1_752' title='bbox 1302 5262 1590 5338; x_wconf 83' lang='grc' dir='ltr'>Ἀγγέλους</span> <span class='ocrx_word' id='word_1_753' title='bbox 1669 5283 1682 5297; x_wconf 79' lang='grc' dir='ltr'><strong>ο</strong></span> <span class='ocrx_word' id='word_1_754' title='bbox 1746 5265 1860 5318; x_wconf 76' lang='grc' dir='ltr'>εἶτα</span> <span class='ocrx_word' id='word_1_755' title='bbox 1933 5265 2001 5319; x_wconf 80' lang='grc' dir='ltr'>τὰ</span> 
     </span>
    </p>
   </div>
   <div class='ocr_carea' id='block_1_105' title="bbox 342 5348 1999 5428">
    <p class='ocr_par' dir='ltr' id='par_1_105' title="bbox 342 5348 1999 5428">
     <span class='ocr_line' id='line_1_105' title="bbox 342 5348 1999 5428; baseline 0.001 -21"><span class='ocrx_word' id='word_1_756' title='bbox 342 5354 457 5407; x_wconf 88' lang='grc' dir='ltr'>κατ’</span> <span class='ocrx_word' id='word_1_757' title='bbox 515 5350 791 5421; x_wconf 57' lang='grc' dir='ltr'>αἴσθησιν,</span> <span class='ocrx_word' id='word_1_758' title='bbox 854 5350 1082 5424; x_wconf 81' lang='grc' dir='ltr'>οὐρανὸν</span> <span class='ocrx_word' id='word_1_759' title='bbox 1143 5348 1328 5419; x_wconf 72' lang='grc' dir='ltr'>ἥλιον,</span> <span class='ocrx_word' id='word_1_760' title='bbox 1410 5351 1667 5423; x_wconf 81' lang='grc' dir='ltr'>σελήνην,</span> <span class='ocrx_word' id='word_1_761' title='bbox 1753 5353 1999 5428; x_wconf 81' lang='grc' dir='ltr'>ἀστέρας,</span> 
     </span>
    </p>
   </div>
   <div class='ocr_carea' id='block_1_106' title="bbox 345 5438 2000 5518">
    <p class='ocr_par' dir='ltr' id='par_1_106' title="bbox 345 5438 2000 5518">
     <span class='ocr_line' id='line_1_106' title="bbox 345 5438 2000 5518; baseline -0.008 -8"><span class='ocrx_word' id='word_1_762' title='bbox 345 5444 499 5516; x_wconf 75' lang='grc' dir='ltr'>ἀέρα,</span> <span class='ocrx_word' id='word_1_763' title='bbox 531 5447 661 5515; x_wconf 82' lang='grc' dir='ltr'>γῆν,</span> <span class='ocrx_word' id='word_1_764' title='bbox 703 5438 998 5509; x_wconf 76' lang='grc' dir='ltr'>θάλασσαν,</span> <span class='ocrx_word' id='word_1_765' title='bbox 1034 5443 1146 5507; x_wconf 79' lang='grc' dir='ltr'>ζῶα</span> <span class='ocrx_word' id='word_1_766' title='bbox 1199 5445 1448 5513; x_wconf 77' lang='grc' dir='ltr'>χερσαῖα,</span> <span class='ocrx_word' id='word_1_767' title='bbox 1506 5441 1710 5513; x_wconf 77' lang='grc' dir='ltr'>ἐνάλια,</span> <span class='ocrx_word' id='word_1_768' title='bbox 1769 5443 2000 5518; x_wconf 81' lang='grc' dir='ltr'>ἐναέρια,</span> 
     </span>
    </p>
   </div>
   <div class='ocr_carea' id='block_1_107' title="bbox 348 5523 2002 5609">
    <p class='ocr_par' dir='ltr' id='par_1_107' title="bbox 348 5523 2002 5609">
     <span class='ocr_line' id='line_1_107' title="bbox 348 5523 2002 5609; baseline 0.002 -25"><span class='ocrx_word' id='word_1_769' title='bbox 348 5532 510 5608; x_wconf 82' lang='grc' dir='ltr'>φυτὰ,</span> <span class='ocrx_word' id='word_1_770' title='bbox 582 5530 737 5604; x_wconf 83' lang='grc' dir='ltr'>βοτὰ,</span> <span class='ocrx_word' id='word_1_771' title='bbox 797 5535 969 5583; x_wconf 73' lang='grc' dir='ltr'>πᾶσαν</span> <span class='ocrx_word' id='word_1_772' title='bbox 1013 5523 1336 5598; x_wconf 75' lang='grc' dir='ltr'>συλλήϐδην</span> <span class='ocrx_word' id='word_1_773' title='bbox 1396 5529 1550 5605; x_wconf 80' lang='grc' dir='ltr'>φύσιν</span> <span class='ocrx_word' id='word_1_774' title='bbox 1627 5529 1876 5609; x_wconf 76' lang='grc' dir='ltr'>ἔμψυχόν</span> <span class='ocrx_word' id='word_1_775' title='bbox 1945 5553 2002 5588; x_wconf 89' lang='grc' dir='ltr'><strong>τε</strong></span> 
     </span>
    </p>
   </div>
   <div class='ocr_carea' id='block_1_108' title="bbox 419 5746 1996 5836">
    <p class='ocr_par' dir='ltr' id='par_1_108' title="bbox 419 5746 1991 5836">
     <span class='ocr_line' id='line_1_108' title="bbox 419 5746 1991 5836; baseline -0.002 -27"><span class='ocrx_word' id='word_1_776' title='bbox 419 5750 440 5785; x_wconf 85' lang='grc'><em>³</em></span> <span class='ocrx_word' id='word_1_777' title='bbox 471 5749 626 5809; x_wconf 79' lang='lat' dir='ltr'><strong>Marc</strong></span> <span class='ocrx_word' id='word_1_778' title='bbox 654 5766 740 5820; x_wconf 82' lang='grc' dir='ltr'>ιιι,</span> <span class='ocrx_word' id='word_1_779' title='bbox 775 5749 860 5806; x_wconf 80' lang='grc'><strong>17.</strong></span> <span class='ocrx_word' id='word_1_780' title='bbox 937 5746 1152 5804; x_wconf 73' lang='lat' dir='ltr'><strong>9Joan.</strong></span> <span class='ocrx_word' id='word_1_781' title='bbox 1187 5763 1226 5816; x_wconf 82' lang='grc' dir='ltr'><strong>ι,</strong></span> <span class='ocrx_word' id='word_1_782' title='bbox 1264 5750 1313 5836; x_wconf 68' lang='lat' dir='ltr'><strong>i,</strong></span> <span class='ocrx_word' id='word_1_783' title='bbox 1343 5750 1398 5804; x_wconf 89' lang='lat'><strong>2.</strong></span> <span class='ocrx_word' id='word_1_784' title='bbox 1476 5747 1523 5784; x_wconf 80' lang='grc'><strong>¹⁰</strong></span> <span class='ocrx_word' id='word_1_785' title='bbox 1554 5749 1766 5822; x_wconf 87' lang='lat' dir='ltr'><strong>Ephes.</strong></span> <span class='ocrx_word' id='word_1_786' title='bbox 1801 5768 1886 5824; x_wconf 75' lang='lat' dir='ltr'><strong>In,</strong></span> <span class='ocrx_word' id='word_1_787' title='bbox 1923 5752 1991 5810; x_wconf 87' lang='grc'><strong>10</strong></span> 
     </span>
    </p>
   </div>
   <div class='ocr_carea' id='block_1_109' title="bbox 2110 5746 2466 5836">
    <p class='ocr_par' dir='ltr' id='par_1_109' title="bbox 2114 5751 2466 5821">
     <span class='ocr_line' id='line_1_109' title="bbox 2114 5751 2466 5821; baseline -0.003 -12"><span class='ocrx_word' id='word_1_788' title='bbox 2114 5753 2132 5792; x_wconf 74' lang='grc'>⁸</span> <span class='ocrx_word' id='word_1_789' title='bbox 2165 5751 2306 5811; x_wconf 88' lang='lat' dir='ltr'><strong>Gen.</strong></span> <span class='ocrx_word' id='word_1_790' title='bbox 2340 5767 2378 5821; x_wconf 83' lang='grc' dir='ltr'><strong>ι,</strong></span> <span class='ocrx_word' id='word_1_791' title='bbox 2414 5753 2466 5809; x_wconf 91' lang='grc'><strong>1.</strong></span> 
     </span>
    </p>
   </div>
   <div class='ocr_carea' id='block_1_110' title="bbox 2107 4725 3748 4798">
    <p class='ocr_par' dir='ltr' id='par_1_110' title="bbox 2107 4725 3748 4798">
     <span class='ocr_line' id='line_1_110' title="bbox 2107 4725 3748 4798; baseline 0.003 -19"><span class='ocrx_word' id='word_1_792' title='bbox 2107 4726 2431 4781; x_wconf 87' lang='lat' dir='ltr'><strong>retrocedat</strong></span> <span class='ocrx_word' id='word_1_793' title='bbox 2479 4727 2549 4781; x_wconf 88' lang='lat' dir='ltr'><strong>ad</strong></span> <span class='ocrx_word' id='word_1_794' title='bbox 2604 4742 2694 4782; x_wconf 89' lang='lat' dir='ltr'><strong>res</strong></span> <span class='ocrx_word' id='word_1_795' title='bbox 2754 4729 2998 4793; x_wconf 84' lang='lat' dir='ltr'><strong>creatas,</strong></span> <span class='ocrx_word' id='word_1_796' title='bbox 3057 4725 3272 4798; x_wconf 89' lang='lat' dir='ltr'><strong>quibus</strong></span> <span class='ocrx_word' id='word_1_797' title='bbox 3322 4728 3748 4784; x_wconf 87' lang='lat' dir='ltr'><strong>necessitudine</strong></span> 
     </span>
    </p>
   </div>
   <div class='ocr_carea' id='block_1_111' title="bbox 2108 4815 3748 4890">
    <p class='ocr_par' dir='ltr' id='par_1_111' title="bbox 2108 4815 3748 4890">
     <span class='ocr_line' id='line_1_111' title="bbox 2108 4815 3748 4890; baseline 0.002 -21"><span class='ocrx_word' id='word_1_798' title='bbox 2108 4815 2280 4870; x_wconf 88' lang='lat' dir='ltr'><strong>homo</strong></span> <span class='ocrx_word' id='word_1_799' title='bbox 2320 4815 2624 4871; x_wconf 89' lang='lat' dir='ltr'><strong>devinctus</strong></span> <span class='ocrx_word' id='word_1_800' title='bbox 2671 4819 2775 4880; x_wconf 90' lang='lat' dir='ltr'><strong>est,</strong></span> <span class='ocrx_word' id='word_1_801' title='bbox 2809 4815 3046 4870; x_wconf 87' lang='lat' dir='ltr'><strong>intuens</strong></span> <span class='ocrx_word' id='word_1_802' title='bbox 3091 4817 3150 4872; x_wconf 90' lang='lat' dir='ltr'><strong>in</strong></span> <span class='ocrx_word' id='word_1_803' title='bbox 3195 4832 3315 4884; x_wconf 85' lang='lat' dir='ltr'><strong>eas,</strong></span> <span class='ocrx_word' id='word_1_804' title='bbox 3347 4817 3748 4890; x_wconf 87' lang='lat' dir='ltr'><strong>optimumque</strong></span> 
     </span>
    </p>
   </div>
   <div class='ocr_carea' id='block_1_112' title="bbox 2108 4905 3742 4974">
    <p class='ocr_par' dir='ltr' id='par_1_112' title="bbox 2108 4905 3742 4974">
     <span class='ocr_line' id='line_1_112' title="bbox 2108 4905 3742 4974; baseline 0.001 -14"><span class='ocrx_word' id='word_1_805' title='bbox 2108 4905 2386 4960; x_wconf 83' lang='lat' dir='ltr'><strong>artiﬁcem</strong></span> <span class='ocrx_word' id='word_1_806' title='bbox 2418 4905 2688 4960; x_wconf 89' lang='lat' dir='ltr'><strong>laudibus</strong></span> <span class='ocrx_word' id='word_1_807' title='bbox 2713 4905 3035 4974; x_wconf 89' lang='lat' dir='ltr'><strong>celebrans,</strong></span> <span class='ocrx_word' id='word_1_808' title='bbox 3059 4922 3242 4961; x_wconf 88' lang='lat' dir='ltr'><strong>unum</strong></span> <span class='ocrx_word' id='word_1_809' title='bbox 3266 4906 3446 4961; x_wconf 90' lang='lat' dir='ltr'><strong>Deum</strong></span> <span class='ocrx_word' id='word_1_810' title='bbox 3465 4911 3742 4962; x_wconf 68' lang='lat' dir='ltr'><strong>aeternum</strong></span> 
     </span>
    </p>
   </div>
   <div class='ocr_carea' id='block_1_113' title="bbox 2109 4994 3743 5067">
    <p class='ocr_par' dir='ltr' id='par_1_113' title="bbox 2109 4994 3743 5067">
     <span class='ocr_line' id='line_1_113' title="bbox 2109 4994 3743 5067; baseline 0.002 -19"><span class='ocrx_word' id='word_1_811' title='bbox 2109 4996 2166 5048; x_wconf 90' lang='lat' dir='ltr'><strong>in</strong></span> <span class='ocrx_word' id='word_1_812' title='bbox 2201 4995 2388 5050; x_wconf 87' lang='lat' dir='ltr'><strong>tribus</strong></span> <span class='ocrx_word' id='word_1_813' title='bbox 2420 4994 2838 5048; x_wconf 88' lang='lat' dir='ltr'><strong>subsistentem</strong></span> <span class='ocrx_word' id='word_1_814' title='bbox 2881 4995 3162 5065; x_wconf 88' lang='lat' dir='ltr'><strong>personis,</strong></span> <span class='ocrx_word' id='word_1_815' title='bbox 3198 4995 3485 5067; x_wconf 90' lang='lat' dir='ltr'><strong>rebusque</strong></span> <span class='ocrx_word' id='word_1_816' title='bbox 3516 4997 3743 5053; x_wconf 85' lang='lat' dir='ltr'><strong>univer-</strong></span> 
     </span>
    </p>
   </div>
   <div class='ocr_carea' id='block_1_114' title="bbox 2110 5082 3743 5158">
    <p class='ocr_par' dir='ltr' id='par_1_114' title="bbox 2110 5082 3743 5158">
     <span class='ocr_line' id='line_1_114' title="bbox 2110 5082 3743 5158; baseline 0.002 -20"><span class='ocrx_word' id='word_1_817' title='bbox 2110 5084 2189 5138; x_wconf 80' lang='lat' dir='ltr'><strong>sis</strong></span> <span class='ocrx_word' id='word_1_818' title='bbox 2225 5083 2648 5153; x_wconf 58' lang='lat' dir='ltr'><strong>praesidentem.</strong></span> <span class='ocrx_word' id='word_1_819' title='bbox 2713 5082 2987 5146; x_wconf 85' lang='lat' dir='ltr'><strong>Quaenam</strong></span> <span class='ocrx_word' id='word_1_820' title='bbox 3018 5100 3150 5139; x_wconf 90' lang='lat' dir='ltr'><strong>vero</strong></span> <span class='ocrx_word' id='word_1_821' title='bbox 3200 5083 3367 5140; x_wconf 72' lang='lat' dir='ltr'><strong>haec?</strong></span> <span class='ocrx_word' id='word_1_822' title='bbox 3413 5085 3743 5158; x_wconf 88' lang='lat' dir='ltr'><strong>Seraphim,</strong></span> 
     </span>
    </p>
   </div>
   <div class='ocr_carea' id='block_1_115' title="bbox 2110 5173 3748 5242">
    <p class='ocr_par' dir='ltr' id='par_1_115' title="bbox 2110 5173 3748 5242">
     <span class='ocr_line' id='line_1_115' title="bbox 2110 5173 3748 5242; baseline 0.001 -14"><span class='ocrx_word' id='word_1_823' title='bbox 2110 5174 2442 5240; x_wconf 89' lang='lat' dir='ltr'><strong>Cherubim,</strong></span> <span class='ocrx_word' id='word_1_824' title='bbox 2471 5173 2712 5240; x_wconf 90' lang='lat' dir='ltr'><strong>Throni,</strong></span> <span class='ocrx_word' id='word_1_825' title='bbox 2760 5173 3040 5240; x_wconf 89' lang='lat' dir='ltr'><strong>Virtutes,</strong></span> <span class='ocrx_word' id='word_1_826' title='bbox 3086 5176 3424 5242; x_wconf 87' lang='lat' dir='ltr'><strong>Potestates,</strong></span> <span class='ocrx_word' id='word_1_827' title='bbox 3467 5175 3748 5231; x_wconf 87' lang='lat' dir='ltr'><strong>Domina-</strong></span> 
     </span>
    </p>
   </div>
   <div class='ocr_carea' id='block_1_116' title="bbox 2110 5262 3746 5335">
    <p class='ocr_par' dir='ltr' id='par_1_116' title="bbox 2110 5262 3746 5335">
     <span class='ocr_line' id='line_1_116' title="bbox 2110 5262 3746 5335; baseline 0.003 -19"><span class='ocrx_word' id='word_1_828' title='bbox 2110 5265 2319 5326; x_wconf 87' lang='lat' dir='ltr'><strong>tiones,</strong></span> <span class='ocrx_word' id='word_1_829' title='bbox 2352 5262 2738 5332; x_wconf 88' lang='lat' dir='ltr'><strong>Principatus,</strong></span> <span class='ocrx_word' id='word_1_830' title='bbox 2791 5262 3154 5335; x_wconf 86' lang='lat' dir='ltr'><strong>Archangeli,</strong></span> <span class='ocrx_word' id='word_1_831' title='bbox 3205 5264 3444 5334; x_wconf 85' lang='lat' dir='ltr'><strong>Angeli:</strong></span> <span class='ocrx_word' id='word_1_832' title='bbox 3496 5268 3619 5319; x_wconf 89' lang='lat' dir='ltr'><strong>tum</strong></span> <span class='ocrx_word' id='word_1_833' title='bbox 3653 5281 3746 5322; x_wconf 90' lang='lat' dir='ltr'><strong>res</strong></span> 
     </span>
    </p>
   </div>
   <div class='ocr_carea' id='block_1_117' title="bbox 2111 5351 3744 5422">
    <p class='ocr_par' dir='ltr' id='par_1_117' title="bbox 2111 5351 3744 5422">
     <span class='ocr_line' id='line_1_117' title="bbox 2111 5351 3744 5422; baseline 0.002 -15"><span class='ocrx_word' id='word_1_834' title='bbox 2111 5353 2306 5407; x_wconf 84' lang='lat' dir='ltr'><strong>sensui</strong></span> <span class='ocrx_word' id='word_1_835' title='bbox 2354 5351 2648 5420; x_wconf 67' lang='lat' dir='ltr'><strong>subjectae,</strong></span> <span class='ocrx_word' id='word_1_836' title='bbox 2697 5351 2930 5420; x_wconf 77' lang='lat' dir='ltr'><strong>cmlum,</strong></span> <span class='ocrx_word' id='word_1_837' title='bbox 2982 5351 3090 5416; x_wconf 89' lang='lat' dir='ltr'><strong>sol,</strong></span> <span class='ocrx_word' id='word_1_838' title='bbox 3135 5352 3296 5418; x_wconf 90' lang='lat' dir='ltr'><strong>luna,</strong></span> <span class='ocrx_word' id='word_1_839' title='bbox 3345 5352 3546 5420; x_wconf 66' lang='lat' dir='ltr'><strong>stellae,</strong></span> <span class='ocrx_word' id='word_1_840' title='bbox 3604 5371 3744 5422; x_wconf 86' lang='lat' dir='ltr'><strong>aer;</strong></span> 
     </span>
    </p>
   </div>
   <div class='ocr_carea' id='block_1_118' title="bbox 2111 5441 3742 5513">
    <p class='ocr_par' dir='ltr' id='par_1_118' title="bbox 2111 5441 3742 5513">
     <span class='ocr_line' id='line_1_118' title="bbox 2111 5441 3742 5513; baseline 0.001 -16"><span class='ocrx_word' id='word_1_841' title='bbox 2111 5448 2284 5510; x_wconf 88' lang='lat' dir='ltr'><strong>terra,</strong></span> <span class='ocrx_word' id='word_1_842' title='bbox 2333 5459 2510 5510; x_wconf 88' lang='lat' dir='ltr'><strong>mare,</strong></span> <span class='ocrx_word' id='word_1_843' title='bbox 2564 5441 2842 5497; x_wconf 88' lang='lat' dir='ltr'><strong>animalia</strong></span> <span class='ocrx_word' id='word_1_844' title='bbox 2881 5441 3200 5510; x_wconf 86' lang='lat' dir='ltr'><strong>terrestria,</strong></span> <span class='ocrx_word' id='word_1_845' title='bbox 3244 5443 3489 5513; x_wconf 85' lang='lat' dir='ltr'><strong>marina,</strong></span> <span class='ocrx_word' id='word_1_846' title='bbox 3556 5459 3742 5510; x_wconf 86' lang='lat' dir='ltr'><strong>aerea,</strong></span> 
     </span>
    </p>
   </div>
   <div class='ocr_carea' id='block_1_119' title="bbox 2113 5534 3743 5606">
    <p class='ocr_par' dir='ltr' id='par_1_119' title="bbox 2113 5534 3743 5606">
     <span class='ocr_line' id='line_1_119' title="bbox 2113 5534 3743 5606; baseline 0.002 -18"><span class='ocrx_word' id='word_1_847' title='bbox 2113 5534 2348 5606; x_wconf 70' lang='lat' dir='ltr'><strong>plantis,</strong></span> <span class='ocrx_word' id='word_1_848' title='bbox 2383 5536 2594 5602; x_wconf 68' lang='lat' dir='ltr'><strong>herbae,</strong></span> <span class='ocrx_word' id='word_1_849' title='bbox 2650 5534 2921 5589; x_wconf 89' lang='lat' dir='ltr'><strong>universa</strong></span> <span class='ocrx_word' id='word_1_850' title='bbox 2969 5534 3238 5602; x_wconf 89' lang='lat' dir='ltr'><strong>denique,</strong></span> <span class='ocrx_word' id='word_1_851' title='bbox 3289 5538 3354 5589; x_wconf 92' lang='lat' dir='ltr'><strong>ut</strong></span> <span class='ocrx_word' id='word_1_852' title='bbox 3400 5535 3743 5591; x_wconf 88' lang='lat' dir='ltr'><strong>summatim</strong></span> 
     </span>
    </p>
   </div>
   <div class='ocr_carea' id='block_1_120' title="bbox 2545 5750 2944 5822">
    <p class='ocr_par' dir='ltr' id='par_1_120' title="bbox 2545 5750 2944 5822">
     <span class='ocr_line' id='line_1_120' title="bbox 2545 5750 2944 5822; baseline -0.003 -13"><span class='ocrx_word' id='word_1_853' title='bbox 2545 5750 2592 5788; x_wconf 75' lang='lat'>“</span> <span class='ocrx_word' id='word_1_854' title='bbox 2620 5751 2785 5809; x_wconf 86' lang='lat' dir='ltr'><strong>Joan.</strong></span> <span class='ocrx_word' id='word_1_855' title='bbox 2817 5766 2860 5822; x_wconf 86' lang='grc' dir='ltr'><strong>ι,</strong></span> <span class='ocrx_word' id='word_1_856' title='bbox 2892 5750 2944 5808; x_wconf 89' lang='grc'><strong>1.</strong></span> 
     </span>
    </p>
   </div>
  </div>
