4090 6288
467 478 585 538 783

1711 470 1775 532 S.
1817 469 2218 534 THEODORI
2259 474 2622 536 STUDITIE

3722 480 3822 541 ’184

472 612 686 678 dicam,
729 613 961 678 natura,
1010 611 1136 664 tum
1185 605 1382 662 anima
1429 605 1688 678 praedita,
1747 609 1874 661 tum
1906 621 2110 677 expers

2227 606 2309 660 καὶ
2344 603 2557 681 ἄψυχον
2592 626 2606 639 ο
2647 606 2857 662 ἅπαντα
2898 605 2998 684 γὰρ
3049 609 3237 678 ταῦτα,
3267 607 3357 662 καὶ
3388 606 3441 663 εἷ’
3480 628 3529 662 τι
3573 605 3737 684 ἕτερον
3779 611 3822 668 ἐν

465 699 925 758 animae.0rnnia
947 697 1102 754 enim
1135 696 1277 760 haec,
1317 712 1382 750 ac
1410 696 1460 750 si
1494 695 1632 766 quid
1675 693 1830 749 aliud
1867 700 2110 766 uterque

465 786 722 842 mundus
753 781 1170 840 innominabile
1201 782 1442 848 habent,
1499 780 1614 835 illis
1651 780 1880 836 verbis:
1913 782 2110 837 Omnia

461 892 564 949 per
593 877 770 946 ipsum
800 875 950 946 facta
1004 877 1149 937 sunt,
1184 874 1236 927 et
1278 872 1398 925 sine
1443 872 1558 942 ipso
1599 873 1804 942 factum
1846 876 1927 926 est
1964 870 2113 925 nihil

465 966 604 1040 guod
632 969 842 1036 factum
877 971 956 1020 est
1009 963 1076 1032 1⁸,
1118 960 1526 1033 comprehendi
1576 961 1905 1016 declaravit.
1958 961 2105 1026 Quid

465 1058 619 1115 enim
645 1056 913 1129 pluribus
932 1053 1298 1126 superﬂuum
1324 1068 1450 1108 esse
1483 1056 1730 1122 oportet,
1758 1068 1889 1107 cum
1915 1052 2107 1107 divino

472 1145 688 1219 Spiritu
722 1144 900 1200 afﬂati
931 1144 1042 1200 viri
1091 1142 1439 1212 theologiam
1473 1157 1706 1196 omnem
1761 1141 1834 1197 ad
1866 1141 2107 1196 verbum

468 1235 748 1292 divinitus
798 1234 919 1290 sint
967 1231 1354 1303 interpretati,
1406 1248 1440 1286 a
1469 1230 1684 1301 quibus
1731 1247 1835 1286 nos
1877 1246 2108 1301 quoque

468 1324 814 1383 catellorum
846 1323 1028 1378 instar
1059 1321 1399 1389 habuimus,
1435 1336 1582 1390 quas
1625 1318 1784 1374 velut
1815 1321 2106 1376 sermonis

469 1418 649 1474 micas
681 1417 1050 1471 inferremus.
1085 1413 1128 1469 Ο
1161 1411 1448 1482 theologia
1492 1428 1617 1483 quae
1649 1411 1902 1468 tonitruo
1932 1428 2107 1468 exau-

467 1506 701 1564 dibilior
731 1505 947 1561 omlesti
997 1504 1252 1559 doctrina
1284 1501 1581 1558 insonuit!
1621 1501 1664 1557 Ο
1713 1501 1945 1569 locutio,
1981 1519 2105 1573 qum

467 1595 722 1653 velocius
753 1593 1000 1665 fulgetra
1047 1593 1315 1648 universa
1363 1590 1653 1663 pervasitl
1706 1591 1968 1646 Mirabilis
2015 1597 2100 1662 fa-

467 1692 557 1742 cta
602 1693 680 1741 est
725 1683 960 1740 scientia
1019 1687 1122 1738 tua
1171 1697 1240 1737 ex
1283 1695 1370 1736 me
1390 1679 1472 1746 ί⁸;
1544 1679 1700 1736 dicat
1767 1680 1980 1753 aliquis
2035 1682 2104 1737 ad

469 1775 754 1832 Joannem
787 1771 953 1844 quasi
977 1771 1090 1827 Deo
1123 1769 1400 1839 similem,
1421 1769 1521 1840 qui
1552 1773 1717 1825 terra;
1739 1768 2105 1826 latitudinem

471 1863 808 1933 complexus
836 1864 926 1916 est
954 1858 1394 1931 praadicatione;
1449 1857 1546 1928 qui
1595 1856 1772 1912 animi
1806 1857 2105 1929 cogitatio-

2216 701 2336 758 τοῖς
2385 698 2550 775 ἄμφω
2590 697 2820 770 κόσμοις
2867 698 3324 771 ἀκατονόμαστον,
3377 696 3464 754 διὰ
3512 703 3604 754 τοῦ
3657 701 3823 772 εἰπεῖν,

2219 786 2398 841 Πάντα
2448 783 2515 840 δι’
2567 785 2731 841 αὐτοῦ
2790 784 3022 860 ἐγένετο,
3082 787 3172 841 καὶ
3250 787 3427 862 χωρὶς
3507 789 3664 843 αὐτοῦ
3729 789 3826 866 ἐγέ-

2215 895 2333 928 νετο
2383 872 2537 929 οὐδὲν
2596 877 2624 929 ’ὀ
2680 877 2917 952 γέγονεν,
2969 873 3368 952 συνεκδοχικῶς
3421 876 3780 952 παρεδήλωσεν
3813 897 3823 910 ’

2216 960 2267 1016 τί
2300 963 2405 1035 γάρ
2462 959 2545 1016 δεῖ
2600 961 2764 1018 πλέον
2829 969 3202 1035 περιττοεπεῖν
3255 968 3371 1028 τοῖς
3412 965 3687 1040 θεοφόροις
3712 964 3830 1019 κατᾶ

2218 1050 2359 1123 λέξιν
2405 1052 2584 1121 πάσης
2640 1059 2742 1121 τῆς
2790 1051 3078 1127 θεολογίας
3133 1053 3584 1108 ἐνθεαστικώτατα
3660 1053 3827 1124 ἐξητα-

2218 1139 2454 1213 σμένοις,
2513 1143 2638 1214 παρ’
2697 1142 2770 1195 ὧν
2819 1143 2910 1196 καὶ
2967 1145 3102 1215 ἡμῖν
3161 1148 3276 1205 τοῖς
3353 1140 3608 1205 κυνιδίοις
3683 1145 3829 1198 οἱονεὶ

2218 1227 2500 1303 ψιχιώδης
2532 1231 2854 1307 συνεισφορὰ
2883 1235 2980 1286 τοῦ
3012 1229 3180 1307 λόγου
3214 1233 3319 1300 ;’¹Ω
3369 1230 3652 1308 θεολογίας
3675 1253 3836 1306 γεγω-

2217 1317 2431 1389 νότερον
2473 1318 2706 1391 βροντῆς
2756 1319 3051 1393 ἡχησάσης
3096 1321 3162 1374 τὰ
3221 1319 3443 1394 οὐράνια
3497 1318 3726 1394 δόγματα
3755 1323 3767 1377 l
3795 1319 3834 1374 ὦ

2214 1408 2588 1484 περιφράσεως
2635 1408 2954 1483 γοργότερον
3002 1409 3284 1484 ἀστραπῆς
3343 1409 3673 1480 ἐπελθούσης
3733 1415 3837 1472 τοῖς

2214 1495 2508 1569 σύμπασιν.
2561 1497 2988 1570 Ἐθαυμαστώθη
3047 1501 3081 1568 ἡ
3134 1504 3330 1575 γνῶσις
3395 1521 3490 1555 σου
3549 1499 3595 1568 ἐξ
3666 1499 3834 1572 ἐμοῦί

2213 1584 2302 1638 καὶ
2352 1585 2488 1658 πρὸς
2540 1584 2789 1656 Ἰωάννην
2851 1586 2924 1647 ὡς
2987 1586 3286 1642 θεοείκελον
3343 1585 3545 1663 λεγέτω
3603 1592 3699 1650 πᾶς
3742 1608 3835 1655 τις,

2212 1673 2302 1728 τὸν
2359 1669 2725 1747 περιλαϐόντα
2779 1675 2842 1730 τὸ
2905 1673 3056 1751 εὖρος
3107 1683 3206 1744 τῆς
3276 1677 3362 1731 ὑπ’
3439 1677 3660 1751 οὐρανὸν
3730 1682 3837 1737 τοῖς

2215 1763 2549 1838 κηρύγμασι,
2573 1765 2663 1818 τὸν
2709 1763 2762 1818 ἐν
2794 1761 3023 1842 εἷ’χνεσιν
3084 1761 3320 1820 ἀϐύσσου
3378 1767 3567 1845 σοφίας
3623 1787 3838 1840 περιπα-

2213 1855 2447 1923 τήσαντα
2503 1858 2616 1914 τοῖς
2675 1852 3048 1927 ἐνθυμήμασιν
3084 1873 3096 1886 ·
3159 1852 3228 1909 δι’
3287 1853 3350 1909 οὗ
3398 1855 3569 1911 πύλαι
3607 1853 3732 1928 ᾅδου
3758 1876 3840 1910 κα-

471 1953 647 2008 nibus
677 1950 738 2005 in
769 1949 961 2022 abyssi
992 1947 1292 2019 sapientia
1319 1945 1583 2018 vestigiis
1614 1945 1971 2016 ambulavit;
2006 1963 2108 2018 per

2227 1944 2515 2019 εήργηνται
2564 1948 2696 1998 Θεοῦ
2760 1951 2944 2020 φωνῆς
2993 1941 3351 2020 πληρώματι,
3395 1945 3486 2000 καὶ
3549 1943 3840 2020 όρθοδοξίας

473 2056 650 2114 quem
691 2043 868 2110 porta
915 2037 1238 2092 inferorum
1288 2035 1498 2091 divinae
1549 2035 1706 2090 vocis
1748 2033 2108 2105 plenitudine

477 2131 782 2188 destructis
819 2131 974 2196 sunt,
1043 2131 1392 2198 exortusque
1434 2129 1523 2181 est
1568 2124 1921 2181 orthodoxim
1979 2126 2104 2182 sol:

471 2237 575 2293 per
603 2235 779 2291 quem
812 2217 1017 2273 mundi
1049 2216 1338 2288 sapientia
1365 2215 1654 2270 infatuata
1683 2220 1792 2284 est,
1834 2215 2110 2286 orbisque

473 2311 621 2365 ﬁnes
652 2308 876 2379 impleti
909 2310 1048 2362 sunt
1077 2304 1397 2376 sapientia:
1449 2304 1776 2360 oratoribus
1816 2320 1880 2359 ac
1912 2303 2110 2375 SOphi—

474 2400 605 2468 stis,
637 2396 1008 2470 proculcatis,
1040 2396 1280 2452 Joannis
1306 2400 1494 2450 autem
1525 2394 1857 2450 dominante
1887 2393 2109 2450 theolo-

475 2490 591 2561 gia.
641 2489 1053 2544 Verumtamen
1103 2487 1296 2542 necio
1344 2485 1485 2556 quid
1535 2501 1640 2556 ego
1683 2484 1925 2556 dignum
1958 2485 2113 2540 celsa

478 2579 621 2634 adeo
649 2575 906 2648 Apostoli
964 2574 1363 2647 magnitudine
1398 2574 1614 2642 dicam,
1675 2573 1785 2628 nisi
1817 2573 2010 2643 potius
2041 2573 2112 2628 iis

477 2667 680 2723 cedam
715 2665 813 2736 qui
844 2680 1036 2720 sacras
1086 2664 1213 2734 ejus
1260 2663 1464 2718 laudes
1492 2661 1683 2718 divino
1722 2666 1854 2718 ante
1886 2677 1976 2717 me
2014 2677 2113 2717 ore

478 2755 868 2814 celebrarunt.

546 2845 616 2900 10
646 2845 715 2899 At
743 2859 874 2899 vero
905 2841 1046 2914 quid
1078 2841 1224 2897 illud
1273 2840 1611 2913 significat?
1645 2841 1797 2896 Jesus
1831 2855 1962 2910 ergo
1991 2857 2114 2895 cum

477 2933 708 2990 vidisset
736 2937 970 2987 matrem
1010 2939 1062 2986 et
1108 2930 1440 3002 discipulum
1483 2933 1734 2996 stantem,
1784 2945 1935 3000 quem
1982 2929 2117 2984 dili-

472 3022 652 3095 gebat,
702 3022 836 3077 dicit
881 3022 1055 3076 matri
1111 3035 1267 3076 suae:
1326 3019 1539 3085 Mulier,
1597 3035 1716 3075 ecce
1761 3019 1913 3088 ﬁlius
1967 3025 2114 3085 tuus,

475 3111 678 3169 Deinde
725 3113 860 3167 dicit
906 3110 1210 3181 discipulo:
1262 3109 1390 3163 Ecce
1435 3115 1616 3163 mater
1661 3118 1774 3163 tua.
1823 3109 1883 3164 Et
1914 3125 1982 3163 ea:
2016 3109 2118 3164 illa

473 3203 608 3258 hora
635 3199 842 3270 accepit
872 3215 997 3254 eam
1043 3197 1343 3267 discipulus
1390 3197 1489 3252 ille
1538 3197 1598 3252 in
1645 3213 1745 3252 sua
1775 3195 1843 3264 υ,
1875 3196 2117 3268 Alioque

473 3306 679 3346 rursus
718 3289 942 3360 capite:
994 3289 1096 3356 Qui
1141 3296 1194 3342 et
1241 3288 1490 3342 recubuit
1545 3287 1604 3341 in
1634 3303 1786 3342 caena
1824 3303 1988 3358 super
2029 3304 2118 3358 pe-

2216 2031 2483 2087 ἀνὲτειλεν
2515 2034 2710 2102 ἥλιος·
2747 2033 2816 2087 δι’
2849 2035 2909 2087 οὗ
2949 2037 2983 2104 ἡ
3015 2039 3111 2089 τοῦ
3154 2035 3364 2107 κόσμου
3398 2037 3559 2112 σοφία
3593 2034 3841 2109 μεμώρα-

2213 2141 2323 2190 ται,
2354 2122 2443 2175 καὶ
2503 2122 2788 2191 θεοσοφίας
2846 2122 3196 2196 ἐμπεπλησαι
3257 2125 3323 2179 τὰ
3380 2124 3630 2199 πέρατα’
3693 2125 3841 2198 ῥητό-

2218 2229 2325 2282 ρων
2385 2211 2474 2264 καὶ
2534 2217 2798 2288 σοφιστῶν
2857 2213 3286 2280 καταποθέντων,
3356 2215 3608 2270 Ἰωάννου
3659 2211 3714 2268 δὲ
3755 2214 3842 2279 τῆς

2216 2299 2499 2375 θεολογίας
2533 2302 2972 2374 βασιλευσάσης.
3028 2303 3116 2357 καὶ
3157 2305 3257 2356 ούκ
3318 2301 3423 2358 οἶδ’
3483 2304 3511 2358 ὃ
3566 2325 3618 2358 τι
3666 2302 3845 2372 λέξεων

2219 2387 2430 2461 εἶ’ποιμι
2480 2389 2691 2462 ἐπάξιον
2741 2397 2841 2459 τῆς
2891 2389 3272 2465 ὑπερηρμὲνης
3331 2391 3705 2461 ἀποστολικῆς
3756 2411 3845 2462 με-

2217 2477 2595 2552 γαλειότητος,
2628 2481 2662 2549 ἢ
2693 2480 2754 2534 τὸ
2802 2488 3204 2556 παραχωρῆσαι
3248 2487 3366 2544 τοῖς
3421 2483 3848 2559 προευφημήσα·

2223 2589 2303 2622 σιν
2339 2569 2500 2623 αὐτὸν
2533 2567 2698 2630 θείοις
2731 2569 2993 2642 στόμασιν
3026 2570 3114 2623 τὸν
3148 2569 3290 2642 ἱερὸν
3337 2566 3583 2626 ἔπαινον.

2301 2837 2346 2891 ι’.
2410 2836 2581 2892 (Αλλά
2637 2837 2688 2891 τί
2746 2833 2864 2907 ἕτις
2927 2839 3140 2909 Ἰησοῦς
3195 2840 3288 2894 οὖν
3340 2837 3468 2895 ἲδὼν
3513 2842 3614 2911 τὴν
3670 2837 3863 2914 μητερα

2225 2927 2313 2981 καὶ
2371 2927 2463 2981 τὸν
2528 2929 2777 2998 μαθητήν
2835 2933 3154 3004 παρεστῶτα
3210 2930 3268 2983 ὃν
3335 2930 3542 3004 ἠγάπα,
3609 2931 3749 3004 λέγει
3804 2932 3863 3000 τῇ

2231 3016 2399 3091 μητρὶ
2436 3015 2600 3071 αὐτοῦ
2635 3035 2647 3046 ’
2696 3017 2878 3086 Γύναι,
2932 3015 3048 3073 ἰδοὺ
3109 3019 3136 3072 ὁ
3187 3019 3302 3081 υἱός
3363 3041 3457 3074 σου
3495 3038 3509 3050 ⁶
3567 3021 3680 3074 εἶτα
3735 3017 3866 3091 λῆει

2226 3110 2304 3178 τῷ
2340 3109 2602 3180 μαθητῇ·
2636 3104 2772 3161 Ἰδοὺ
2831 3109 2865 3175 ἡ
2929 3110 3114 3182 μήτηρ
3176 3129 3316 3162 σου·
3375 3109 3465 3163 καὶ
3521 3111 3614 3164 ἀπ’
3671 3107 3866 3176 ἐκείνης

2226 3201 2326 3263 τῆς
2385 3192 2531 3267 ὥρας
2599 3192 2908 3267 παρέλαϐεν
2976 3195 3140 3264 αὐτὴν
3225 3196 3252 3251 ό
3341 3199 3596 3270 μαθητὴς
3681 3195 3869 3256 ἐκεῖνος

2228 3282 2303 3342 εἰς
2361 3284 2426 3337 τά
2485 3280 2596 3336 ἴδια
2629 3302 2642 3314 ·
2703 3283 2790 3337 καὶ
2849 3282 2900 3337 ἐν
2950 3283 3116 3358 ἒτὲρῳ
3163 3284 3327 3340 πάλιν
3373 3304 3386 3316 ·
3421 3289 3522 3349 ⁸ος
3557 3287 3649 3341 καὶ
3680 3284 3867 3340 ἀνέπε·

473 3383 589 3434 ctus
635 3357 868 3448 ejusiet
925 3376 1115 3432 dixit:
1176 3378 1424 3443 Domine,
1497 3379 1618 3448 quis
1673 3386 1748 3432 est
1795 3357 1899 3448 qui
1946 3357 2115 3431 tradit

2229 3392 2312 3426 σεν
2371 3370 2419 3424 ἐν
2479 3373 2557 3443 τῷ
2616 3369 2816 3444 δείπνῳ
2871 3371 2958 3427 ἐπὶ
3015 3375 3077 3428 τὸ
3137 3377 3332 3444 στῆθος
3404 3376 3601 3446 αὐτοῦ,
3653 3375 3738 3429 καί
3803 3373 3868 3426 εἷ-

475 3472 526 3524 te
573 3466 669 3522 ‘5?
715 3467 864 3522 Sunt
914 3465 1036 3521 haec
1088 3465 1439 3537 peculiarius
1497 3467 1774 3520 attributa
1830 3465 2121 3538 Theologo

477 3556 632 3612 velut
663 3555 881 3610 dotalia
925 3556 1189 3626 quaedam
1244 3555 1402 3626 regia
1447 3571 1728 3624 munera;
1763 3561 1826 3610 ut
1856 3556 2119 3627 inquam,

477 3663 594 3719 prae
625 3643 927 3716 discipulis
955 3644 1214 3715 reliquis,
1238 3661 1302 3699 ac
1325 3645 1624 3716 privilegio
1653 3662 1685 3700 a
1705 3645 1846 3700 Jesu
1873 3645 2122 3700 dilectus

481 3734 878 3806 fuerit;utque
907 3749 1084 3804 super
1109 3733 1483 3805 purissimum
1519 3735 1850 3790 recubuerit
1882 3740 2119 3804 pectus;

475 3841 540 3881 ac
570 3827 808 3880 demum
842 3829 906 3878 ut
931 3823 1030 3879 Dei
1079 3823 1391 3880 Genitricis
1443 3823 1598 3879 ﬁlius
1649 3823 1726 3878 sit
1765 3823 2111 3894 appellatus.

478 3917 662 3981 Quam
694 3911 805 3968 tria
834 3912 956 3968 haec
1005 3911 1339 3968 tremenda!
1369 3921 1427 3967 ut
1467 3914 1711 3968 alterum
1763 3911 1930 3967 alteri
1971 3929 2119 3983 pras-

477 4003 670 4069 cellat,
721 4019 786 4057 ac
836 4017 1066 4073 quoque
1124 4016 1324 4056 eorum
1383 4000 1540 4057 velut
1577 4001 1952 4072 singulariter
1994 4003 2121 4057 exi-

481 4093 664 4149 mium
693 4091 805 4147 mei
846 4092 1026 4147 animi
1073 4108 1314 4147 sensum
1363 4092 1426 4147 in
1475 4101 1768 4163 stuporem
1817 4096 1970 4163 agat.
2004 4098 2122 4147 An-

483 4181 653 4236 dreas
686 4178 910 4250 primus
941 4179 1092 4234 inter
1139 4179 1457 4252 discipulos
1496 4184 1773 4246 vocatus;
1825 4195 1930 4236 nec
1981 4180 2124 4234 dum

481 4273 681 4324 tamen
703 4283 763 4323 se
783 4268 923 4324 Jesu
946 4267 1220 4324 dilectum
1243 4268 1557 4340 appellavit
1594 4271 1746 4324 sicut
1763 4269 1892 4325 iste.
1919 4269 2123 4324 Petrus

489 4356 882 4429 apostolorum
917 4359 1226 4428 princeps;
1279 4360 1439 4428 atqui
1490 4375 1594 4414 nec
1624 4358 1748 4430 ipse
1779 4358 2128 4430 appellatio-

489 4463 620 4502 nem
651 4447 939 4516 ejusmodi
972 4452 1318 4502 consecutus
1347 4457 1452 4503 est.
1487 4448 1681 4503 Deitas
1705 4449 1777 4503 ab
1813 4447 2130 4504 atiectioni-

489 4536 601 4592 bus
632 4537 915 4591 immunis
941 4544 1045 4591 est.
1071 4537 1332 4592 Christus
1363 4553 1427 4592 ex
1462 4554 1622 4607 equo
1657 4538 1947 4592 universis
1981 4536 2127 4591 dile-

489 4625 697 4681 ctionis
728 4624 952 4680 radium
1001 4624 1263 4680 immitit.
1306 4625 1630 4682 Praeterea:
1687 4627 1971 4698 siquidem
2022 4631 2127 4684 Pe-

2229 3482 2322 3516 πεν
2377 3479 2390 3491 ·
2455 3461 2636 3536 Κύριε,
2694 3461 2776 3524 τίς
2836 3462 2974 3517 ἐστιν
3032 3464 3059 3517 ὁ
3107 3461 3437 3538 παραδιδοὺς
3501 3487 3561 3520 σε
3614 3485 3628 3534 ;
3712 3466 3873 3519 Ταῦτα

2226 3550 2658 3625 ἀποκληρωτικᾶ
2718 3551 2898 3626 ὥσπερ
2946 3553 3067 3607 τινὰ
3126 3548 3251 3608 ἕδνα
3313 3552 3568 3628 βασίλεια
3617 3559 3698 3626 τῷ
3765 3555 3871 3606 θεο-

2232 3639 2406 3716 λόγῳ,
2451 3641 2594 3718 φημὶ
2646 3638 2711 3709 δὴ
2761 3642 2823 3695 τὸ
2875 3642 2991 3697 κατ’
3040 3640 3238 3720 ἐξοχὴν
3299 3646 3443 3718 παρὰ
3486 3646 3618 3706 τοὺς
3655 3640 3873 3702 λοιποὺς

2233 3730 2478 3802 μαθητάς
2535 3729 2636 3782 ὑπὸ
2699 3729 2880 3797 Ἰησοῦ
2935 3729 3247 3804 ἀγαπᾶσθαι
3281 3751 3291 3762 ·
3327 3734 3360 3800 ἦ
3388 3754 3444 3786 τε
3476 3732 3568 3787 ἐπὶ
3617 3737 3712 3787 τοῦ
3744 3732 3873 3798 ἀκη-

2231 3817 2393 3892 ράτου
2445 3818 2672 3884 στήθους
2732 3816 3069 3881 ἐπίπτωσις’
3121 3821 3255 3894 πρὸς
3295 3825 3374 3892 τῷ
3422 3822 3515 3876 καὶ
3564 3823 3681 3876 υἱον
3730 3819 3874 3894 εἰρῆ-

2229 3908 2352 3960 σθαι
2398 3912 2496 3974 τῆς
2546 3909 2930 3979 Θεομητορος·
2979 3908 3054 3970 ὠς
3097 3905 3302 3988 φοϐερά
3347 3911 3413 3964 τά
3461 3912 3614 3984 τρία,
3664 3909 3873 3980 θάτερον

2229 3995 2452 4069 θατέρου
2513 3996 2956 4071 ὑπεραιρόμενον,
2988 3998 3075 4053 καὶ
3133 3997 3356 4054 ἕκαστον
3407 4000 3600 4075 ἴλιγγά
3652 4020 3750 4072 μοι
3788 3995 3872 4074 φέ-

2232 4107 2326 4161 ρον
2377 4089 2650 4158 νοήματος
2706 4090 2780 4150 ὼς
2823 4087 3202 4162 ἐξαισιώμενον
3236 4109 3249 4120 ·
3299 4088 3558 4166 Ἀνδρὲας
3603 4091 3656 4145 ἐν
3710 4091 3868 4161 μαθη.

2230 4181 2351 4236 ταῖς
2409 4175 2824 4251 πρωτόκλητος,
2858 4178 2984 4234 ἀλλ’
3034 4176 3186 4233 οὔπω
3218 4179 3498 4254 ἀγαπητὸν
3533 4182 3718 4249 Ἰησοῦ
3763 4180 3879 4232 εαυ-

2228 4267 2319 4322 τὸν
2351 4265 2635 4340 ὠνόμακεν
2671 4267 2744 4328 ὡς
2790 4268 2946 4329 οὗτος
2981 4288 2992 4301 ·
3056 4268 3258 4345 [Ιὲτρος
3315 4273 3732 4345 πρωτόθρονος,
3768 4266 3880 4324 ἀλλ’

2234 4353 2345 4410 οὐδ’
2379 4355 2538 4417 αὐτὸς
2589 4362 2687 4425 τῆς
2734 4357 2993 4427 τοιαύτης
3039 4357 3414 4433 προσηγορίας
3459 4361 3789 4437 τετύχηκεν.
3819 4355 3878 4410 Τὸ

2234 4449 2374 4501 θεῖον
2437 4445 2633 4508 ἀπαθὲς
2671 4468 2682 4479 ’
2720 4447 2946 4525 χριστὸς
2999 4447 3047 4518 ἐξ
3090 4447 3210 4504 ἴσου
3267 4451 3431 4504 ἅπασι
3461 4452 3564 4519 τήν
3607 4455 3710 4517 τῆς
3760 4447 3882 4524 ἀγάα

2233 4555 2339 4606 πης
2397 4534 2585 4588 ἀκτῖνα
2636 4535 2854 4608 ἀφίησιν
2903 4554 2916 4568 ·
2979 4535 3170 4598 ἄλλως
3222 4558 3280 4594 τε
3337 4537 3387 4592 εί
3436 4539 3649 4613 Πέτρος
3703 4536 3881 4592 πλεῖον

2235 4626 2418 4699 ἀγαπᾷ
2469 4624 2720 4678 ἁπάντων
2781 4625 2853 4688 ὡς
2904 4624 3198 4700 ἐρωτηθεὶς
3255 4625 3646 4704 ὡμολόγησεν,
3679 4629 3766 4682 καὶ
3795 4627 3881 4694 τὴν

489 4721 616 4770 trus
666 4714 796 4784 plus
861 4714 1136 4770 omnibus
1194 4720 1373 4782 amat,
1442 4721 1505 4770 ut
1563 4716 1687 4786 ipse
1741 4718 2115 4789 interrogatus

2243 4712 2539 4785 ὁμολογίαν
2598 4715 2828 4788 Χριστὸς
2901 4710 3247 4784 ἐϐεϐαίωσεν,
3316 4714 3407 4772 διὰ
3478 4726 3585 4788 τῆς
3671 4722 3882 4792 τριοσῆς

487 4805 788 4860 confessus
817 4809 907 4858 est
939 4805 1002 4869 ¹⁶,
1035 4804 1412 4874 Cbristusque
1461 4806 1884 4863 confessionem
1919 4809 2124 4863 conﬁr-

487 4893 687 4958 mavit,
740 4893 895 4948 trina
946 4891 1044 4947 illa
1095 4893 1541 4964 interrogatione
1590 4911 1655 4949 ac
1704 4897 2122 4966 responsione;

488 4985 734 5054 ejuque
756 4983 1136 5037 confessionis
1169 4983 1428 5053 praemio,
1449 4999 1664 5039 munus
1686 4983 1826 5039 alios
1849 4986 2122 5054 pascendi

489 5071 749 5140 accepit;
785 5069 914 5140 plus
946 5070 1188 5126 fortasse
1217 5070 1393 5126 etiam
1425 5071 1628 5126 debuit
1668 5072 1955 5128 redamari
1983 5089 1996 5139 ;
2029 5091 2126 5130 re-

491 5158 636 5215 ﬂexo
668 5174 909 5214 munere
947 5175 1012 5214 ac
1054 5161 1368 5231 reciproco.
1421 5159 1702 5216 Existimo
1732 5166 1926 5217 autem
1962 5163 2130 5235 virgi-

489 5247 688 5303 nitatis
736 5247 1138 5304 excellentiam
1196 5250 1256 5304 in
1313 5265 1487 5304 causa
1545 5249 1746 5305 fuisse.
1795 5251 2128 5316 Cur?Quia

490 5338 788 5405 nimirum,
811 5337 1044 5395 tametsi
1065 5338 1214 5394 lucis
1239 5339 1437 5395 radius
1479 5340 1659 5410 aequis
1686 5341 2050 5412 portionibus
2068 5343 2126 5398 in

489 5427 591 5483 illa
621 5426 858 5499 specula
903 5427 1192 5483 incidebat
1247 5428 1406 5500 (nam
1457 5445 1660 5486 omnes
1718 5431 1963 5501 apostoli
2001 5433 2127 5504 puri

490 5524 673 5585 erant,
708 5521 772 5572 ut
800 5518 880 5573 ait
927 5516 1223 5588 Scriptura
1253 5518 1365 5589 ‘7);
1408 5518 1480 5573 ob
1535 5518 1884 5590 virginitatis
1934 5524 2128 5578 tamen

557 5787 601 5824 ¹³
631 5785 778 5843 Psal.
803 5803 1069 5856 cxxxvnv,
1100 5789 1154 5843 6.
1237 5789 1282 5827 ¹⁴
1309 5789 1473 5846 Joan.
1509 5807 1620 5861 xxx,
1649 5793 1743 5859 26,
1765 5793 1855 5851 27.

1935 5794 1980 5831 ¹⁸
2008 5793 2174 5850 Joan.
2209 5811 2332 5865 xm,
2363 5797 2456 5853 23.

2235 4803 2473 4864 πεύσεώς
2531 4823 2588 4858 τε
2640 4802 2730 4858 καί
2790 4806 3147 4877 ἀποκρίσεως,
3175 4809 3241 4874 ἧς
3276 4812 3474 4882 προῖκα
3515 4809 3612 4862 καὶ
3663 4809 3726 4863 τὸ
3769 4805 3884 4864 τοὺς

2238 4889 2442 4954 ἄλλους
2499 4891 2808 4965 ποιμαίνειν
2867 4892 3114 4968 εἷ’ληφεν,
3175 4895 3262 4950 καὶ
3328 4897 3735 4972 ἀνταγαπᾶσθαι
3802 4915 3885 4948 τυ-

2235 4981 2336 5056 χὸν
2393 4979 2584 5036 πλεῖον
2646 4981 2899 5056 ὤφειλεν,
2932 4983 3220 5057 καμπύλον
3271 4985 3334 5040 τὸ
3385 4986 3593 5060 λῆμμα
3631 5005 3644 5017 ·
3678 4984 3767 5041 καὶ
3802 5002 3884 5056 μοι

2239 5072 2389 5129 δοκεῖ
2433 5075 2495 5128 τὸ
2553 5080 2649 5144 τῆς
2707 5076 2989 5148 παρθενίας
3042 5084 3236 5152 χρῆμα
3275 5078 3404 5133 εἶναι
3454 5077 3638 5133 αἶ’τιον
3683 5099 3696 5110 ’
3730 5092 3883 5140 πως;

2238 5163 2320 5218 δτι
2383 5163 2426 5217 εἰ
2485 5165 2574 5218 καὶ
2635 5165 2715 5218 ἐπ’
2773 5164 2895 5236 ί¹σης
2949 5171 3045 5221 τοῦ
3100 5167 3280 5246 φωτὸς
3320 5169 3354 5236 ἡ
3392 5166 3554 5243 βολῖς
3608 5173 3728 5230 τοῖς
3770 5183 3886 5220 κατ’

2240 5253 2488 5327 όπτροις,
2532 5254 2753 5329 ἐπείπερ
2801 5256 2989 5320 πάντες
3031 5259 3280 5333 καθαροὶ,
3312 5257 3390 5319 ὡς
3421 5259 3448 5312 ὁ
3506 5259 3721 5334 Λόγος,
3772 5253 3888 5312 ἀλλ’

2243 5342 2398 5416 ὅμως
2428 5348 2495 5418 τῇ
2527 5351 2626 5413 τῆς
2679 5345 2968 5419 παρθενίας
3027 5344 3240 5420 στίλψει
3299 5344 3668 5422 διειδεστερον
3723 5346 3775 5401 ὲν
3817 5346 3888 5413 τῷ

2243 5435 2318 5487 ivi
2351 5435 2497 5506 παρά
2531 5436 2658 5494 τοὺς
2710 5437 3000 5510 ὁμοταγεῖς
3054 5435 3288 5492 ἐνίεται’
3341 5437 3386 5492 εἰ
3439 5438 3532 5492 καὶ
3594 5433 3890 5512 παράδοξός

2241 5544 2359 5586 πως
2393 5525 2420 5577 ὁ
2453 5521 2617 5598 λόγος
2652 5545 2664 5557 ο
2698 5525 2786 5579 καὶ
2816 5527 2977 5580 τοῦτό
3038 5525 3148 5582 ἐστι
3207 5526 3398 5582 πλεῖον
3427 5526 3502 5588 εἷς
3564 5527 3804 5602 ἀγάπην,
3832 5523 3885 5576 τὸ

2538 5798 2583 5836 ¹⁶
2610 5800 2777 5858 Joan.
2812 5819 2936 5876 xxi,
2972 5807 3056 5865 15.
3141 5807 3184 5846 ¹⁷
3209 5809 3377 5868 Joan.
3409 5826 3514 5880 xv,
3550 5812 3610 5866 3.
