4090 6288
351 344 470 405 785

1150 350 1441 414 ORATIO
1486 352 1585 415 IX.
1632 386 1709 401 —
1752 357 2148 419 LAUDATIO
2192 357 2255 419 S.
2302 358 2623 422 JOANNIS
2667 360 2949 422 EVANG.

3638 359 3754 419 786

351 478 466 563 φῶς
510 473 701 563 πλεῖον
753 474 1087 551 λαμπρύνειν
1138 480 1227 534 τὸν
1286 478 1641 559 διειδέστερον
1696 486 1932 561 μέτοχον

2110 490 2353 547 nitorem
2413 492 2470 547 in
2523 508 2702 547 unum
2759 509 2871 563 prae
2902 489 3138 561 collegis
3169 487 3298 546 aliis
3330 488 3642 547 dilucidior
3674 491 3754 547 fe-

348 561 394 615 εἷ
430 558 484 616 δὲ
535 561 618 616 ὅτι
677 562 846 618 πλέον
903 566 1088 641 ἀγαπᾷ
1145 568 1347 643 Πέτρος
1404 558 1747 643 προΐσταται,
1827 558 1998 630 έκεῖνό

350 672 447 723 μοι
497 652 711 725 ῥητέον,
743 653 823 708 ὅτι
858 655 921 709 οὐ
951 658 1012 709 τὸ
1055 654 1365 726 πλησιάσειν
1399 665 1556 733 σῶμα
1585 667 1662 733 τῷ
1693 664 1830 740 φωτὶ
1865 664 2000 739 μᾶλ-

346 739 445 794 λον
494 742 805 812 φωτίζεται,
868 743 993 800 ἀλλ’
1035 744 1065 798 6'
1117 746 1215 815 τὴν
1268 748 1422 821 φύσιν
1478 739 1851 826 διειδεστέραν,
1898 756 1996 809 κᾶν

346 829 446 883 οὐκ
474 826 660 905 ἔγγιον
692 831 946 902 κέκτηται
982 850 995 863 ⁸
1031 834 1075 888 εἶ
1108 832 1165 889 δέ
1197 857 1281 889 σοι
1324 840 1351 891 ὁ
1404 837 1569 915 λόγος
1623 841 1846 910 ἀσθενὴς
1878 843 1997 921 φαί-

342 939 500 972 νοιτο
529 917 629 988 ἔτί,
663 921 690 974 6
728 920 912 995 βαλὼν
944 924 1034 977 καὶ
1088 924 1311 983 ἰάσεται.
1364 929 1631 983 Ἐντεῦθεν
1683 932 1717 999 ἡ
1769 917 1992 1003 ἐπιστή-

344 1008 460 1069 θιος
487 1012 835 1084 πρόσπτωσις
870 1029 883 1042 ⁸
917 1010 962 1064 ὢ
1013 1017 1110 1067 τοῦ
1169 1015 1478 1089 ἀξιώματος
1514 1021 1524 1073 l
1583 1021 1650 1073 τα
1698 1016 1991 1095 χερουϐἶμ,

341 1100 475 1150 Θεοῦ
532 1096 746 1173 ὄχημα,
808 1099 897 1154 καὶ
958 1100 1215 1173 Ἰωάννης
1285 1103 1614 1180 ἐπιστέρνιον
1670 1108 1943 1183 άνάκλιμα
1976 1154 1988 1165 .

340 1193 580 1256 Μωϋσῆς
615 1188 779 1261 μόλις
811 1186 921 1244 ἴδεν
954 1196 1088 1246 Θεοῦ
1117 1192 1183 1247 τά
1236 1194 1456 1250 ὀπίσθια
1504 1199 1594 1251 καὶ
1637 1203 1801 1253 ταῦτα
1832 1200 1991 1271 αἰτη-

338 1274 566 1347 σάμενος
610 1295 623 1309 °
695 1278 785 1332 καὶ
859 1280 1116 1351 Ἰωάννης
1174 1281 1609 1360 αὐτεπάγγελτος
1667 1288 1986 1364 ἐπίπροσθεν

334 1364 589 1438 περιφὺς,
649 1367 739 1421 καὶ
800 1369 1117 1425 πυνθάνεται
1167 1370 1341 1428 ἐκεῖνα
1393 1372 1608 1444 δηλαδὴ
1678 1377 1711 1431 ἃ
1786 1380 1986 1453 Πέτρος

337 1454 364 1507 6
395 1460 695 1531 κορυφαῖος
747 1455 1038 1531 θαρρήσειν
1098 1459 1196 1516 οὐκ
1249 1459 1493 1539 ἤνεγκεν,
1528 1463 1652 1528 δοὺς
1708 1467 1881 1539 ἑαυτῷ
1922 1469 1988 1522 τὰ

334 1540 602 1633 δευτέρια,
660 1548 727 1619 τῇ
782 1546 857 1609 εἷς
913 1549 1175 1621 Ἰωάννην
1215 1556 1546 1627 προτιμήσει
1610 1578 1623 1589 σ
1676 1555 1986 1633 ἀμφοτέρας

329 1632 424 1691 τὰς
455 1633 682 1706 θεωρίας
712 1634 983 1708 έξετάξων,
1021 1641 1209 1715 γνοίης
1249 1645 1365 1696 οἷον
1405 1644 1495 1698 καὶ
1545 1644 1740 1714 ἡλίκον
1771 1632 1833 1701 τὸ
1880 1647 1987 1701 ὑπ-

332 1725 590 1799 εροχικὸν
635 1727 885 1783 Ἰωάννου
917 1730 1129 1804 ἀξίωμα
1166 1754 1177 1765 ⁸
1215 1732 1450 1789 ἐντεῦθέν
1497 1758 1588 1807 μοι
1623 1735 1773 1792 δοκεῖ
1804 1738 1983 1811 ὥσπερ

328 1811 434 1866 ἀπό
464 1836 613 1875 τινος
654 1816 890 1890 πηγαίας
939 1825 1082 1889 ζωῆς
1133 1822 1199 1876 τά
1247 1819 1509 1899 θεόϐρυτα
1554 1828 1710 1881 αὑτὸν
1752 1834 1851 1896 τῆς
1894 1850 1983 1882 σο-

328 1900 456 1979 φίας
511 1903 806 1977 ἆρύσασθαι
855 1905 1087 1980 νάματα,
1133 1912 1235 1965 κάκ
1285 1912 1492 1967 τούτων
1536 1914 1594 1969 ἐκ
1649 1918 1744 1984 τῆς
1804 1914 1981 1991 ἒμψύ-

328 2011 438 2067 χου
482 1990 698 2055 κοιλίας
757 1995 883 2055 τοὺς
929 1998 1213 2070 ποταμοὺς
1269 2008 1368 2070 τῆς
1435 2002 1718 2080 θεολογίας
1774 1990 1983 2080 ρυίσκε-

327 2081 449 2133 σθαι
485 2102 496 2116 -
533 2079 776 2136 ἀλλ’ἐπῖ
808 2084 900 2138 τὸν
933 2089 1161 2161 σταυρὸν
1199 2089 1438 2161 μετιτέον
1486 2079 1620 2166 (2'7).

2110 582 2362 637 rebatur.
2397 582 2740 654 Quanquam
2774 598 2987 638 novum
3040 581 3270 636 videtur
3310 580 3464 651 quod
3513 580 3748 636 dicitur.

2106 671 2291 742 Atque
2344 671 2451 726 hoc
2511 674 2702 742 majus
2770 672 2989 743 aliquid
3040 672 3106 726 ad
3158 669 3526 725 dilectionem
3553 669 3747 737 habet,

2107 762 2255 830 quod
2291 760 2569 816 nimirum
2605 762 2846 817 nitidius
2876 776 3087 829 corpus
3146 776 3211 815 ac
3269 759 3452 831 magis
3515 758 3746 830 pelluci-

2107 851 2263 917 dum,
2297 851 2519 906 lumine
2555 852 2738 922 magis
2762 850 3101 907 illustretur.
3144 850 3301 917 Quod
3348 851 3396 905 si
3434 850 3642 905 Petrus
3682 865 3749 904 ea

2105 940 2348 1009 ratione,
2384 939 2532 1009 quod
2570 938 2701 1010 plus
2736 945 2911 1005 amet,
2947 940 3264 1011 praefertur,
3300 939 3409 994 hoc
3457 938 3601 993 mihi
3654 954 3747 994 oo-

2103 1028 2282 1082 currit
2329 1028 2641 1083 dicendum
2678 1044 2690 1084 :
2725 1029 2847 1084 Non
2891 1045 2955 1083 eo
2987 1044 3198 1098 corpus
3230 1027 3435 1096 majori
3476 1027 3747 1098 perfundi

2104 1116 2346 1187 lumine,
2379 1134 2489 1189 quo
2523 1116 2733 1172 lumini
2764 1117 3149 1190 propinquius
3189 1120 3297 1186 est,
3331 1116 3430 1172 sed
3471 1131 3583 1187 quo
3625 1132 3746 1173 ma-

2092 1207 2222 1277 jore
2277 1207 2461 1264 nitore
2501 1211 2707 1278 suapte
2754 1213 2967 1262 natura
3016 1205 3211 1278 pollet,
3237 1222 3577 1278 quanquam
3626 1222 3743 1263 non

2101 1295 2488 1368 propinquius
2533 1297 2762 1351 existat.
2788 1296 2953 1359 Quod
2994 1296 3043 1351 si
3096 1295 3185 1351 hic
3226 1310 3413 1352 sermo
3443 1294 3551 1350 tibi
3583 1295 3746 1350 inﬁr-

2101 1401 2233 1440 mus
2290 1384 2602 1455 videbitur,
2637 1400 2760 1455 qua
2816 1400 3027 1440 manus
3083 1384 3294 1440 vulnus
3324 1383 3561 1452 inﬂixit,
3594 1399 3661 1439 ea
3690 1390 3744 1440 et

2099 1475 2350 1530 sanabit.
2386 1474 2528 1530 Inde
2558 1478 2647 1530 est
2669 1480 2731 1529 ut
2760 1474 3091 1530 recubuerit
3140 1490 3316 1545 super
3346 1477 3552 1545 pectus
3571 1472 3602 1528 J
3611 1489 3739 1529 esu.

2098 1564 2141 1619 Ο
2191 1563 2494 1636 dignitatis
2570 1562 2978 1634 pretantiaml
3032 1562 3365 1631 Cherubim,
3427 1562 3530 1618 Dei
3606 1564 3742 1618 sunt

2095 1651 2539 1719 vehiculum;et
2594 1651 2847 1706 Joannes
2899 1668 3075 1722 super
3135 1656 3335 1722 pectus
3404 1650 3739 1707 reclinatur.

2096 1740 2201 1794 Vix
2225 1740 2446 1812 Moyses
2479 1740 2573 1795 Dei
2609 1741 2931 1812 posteriora
2962 1741 3125 1806 vidit,
3162 1741 3336 1812 idque
3384 1756 3512 1795 cum
3545 1740 3738 1796 videre

2096 1834 2386 1900 rogasset;
2420 1836 2477 1883 at
2514 1828 2768 1883 Joannes
2810 1832 2985 1896 ultro,
3020 1845 3083 1883 ac
3133 1828 3260 1899 ipso
3307 1827 3588 1883 invitante
3629 1827 3740 1882 Do-

2092 1918 2270 1988 mino,
2303 1918 2518 1989 pectori
2551 1916 2775 1972 haerens
2809 1922 2983 1988 atque
3015 1917 3372 1988 complexus,
3404 1933 3467 1972 ea
3490 1917 3737 1972 interro-

2090 2013 2211 2081 gat,
2244 2026 2373 2080 quae
2396 2025 2502 2064 nec
2534 2008 2739 2064 Petrus
2760 2008 3153 2081 apostolorum
3186 2009 3452 2080 princeps
3480 2008 3731 2063 interro-

2089 2114 2225 2170 gare
2271 2098 2594 2165 sustinuit;
2628 2115 2741 2169 qua
2798 2098 2906 2153 sibi
2955 2097 3078 2168 ipse
3138 2098 3361 2153 ratione
3441 2099 3731 2152 Joannem

326 2169 512 2260 voluit
542 2172 867 2243 praelatum.
901 2177 1200 2248 Siquidem
1235 2183 1436 2239 ambas
1468 2186 1960 2243 considerationes
1976 2189 2171 2244 animo
2192 2188 2718 2258 expenderis,scies
2748 2196 2964 2259 quanta
2984 2204 3050 2245 ac
3074 2187 3262 2260 qualis
3289 2188 3365 2243 sit
3394 2186 3735 2243 excellentia

329 2259 631 2363 dignitatis
670 2262 934 2363 doannis.
968 2268 1114 2325 Hinc
1139 2273 1417 2343 tanquam
1459 2290 1489 2330 e
1534 2276 1689 2331 fonte
1745 2277 1999 2348 quodam
2047 2276 2199 2345 vitae,
2231 2277 2421 2349 ipsum
2466 2276 2747 2332 divinitus
2786 2259 3167 2334 scaturientes
3214 2276 3413 2332 latices
3469 2276 3733 2332 hausisse

323 2355 633 2407 existimo:
675 2355 927 2426 indeque
1023 2374 1092 2413 ex
1158 2361 1414 2417 animato
1483 2370 1676 2420 ventre
1743 2366 2049 2439 theologica
2114 2365 2359 2422 ﬂumina
2425 2366 2783 2439 progignere.
2855 2370 3067 2423 Verum
3132 2368 3204 2422 ad
3273 2382 3500 2423 crucem
3560 2366 3732 2423 nobis

325 2439 688 2496 redeundum
710 2452 815 2497 est.

400 2531 480 2618 ια’.
515 2524 704 2618 γἸδόὺ,
757 2532 942 2607 φησὶν,
1000 2534 1173 2597 ὁυὶός
1231 2558 1325 2592 σου
1393 2556 1407 2572 ⁸
1461 2540 1575 2596 εἶτα
1620 2548 1698 2614 τῷ
1733 2546 1973 2618 μαθητῇ,

322 2611 467 2668 Ἰδοὺ
500 2617 534 2684 ἡ
572 2617 756 2692 μήτηρ
790 2640 904 2677 σου.
940 2618 1108 2677 Βαϐαῖ
1139 2627 1235 2679 τοῦ
1276 2624 1605 2702 δωρήματος
1640 2611 1789 2687 ο-τῦν
1842 2611 1975 2687 δγοῦέ

320 2702 443 2797 λον,
472 2710 573 2797 τῆς
616 2709 918 2779 Δεσποίνης
968 2708 1059 2766 διά
1106 2715 1419 2791 περιουσίας
1460 2721 1825 2797 καθαρότρτος
1855 2724 1970 2778 υἱὸν

316 2792 728 2868 ἀκουτισθῆναι,
788 2799 875 2852 καὶ
927 2800 1139 2876 φύλακα
1211 2811 1663 2882 προχειρισθῆναι
1722 2817 1818 2867 τοῦ
1874 2821 1975 2883 τῆς

317 2887 468 2975 ζωῆς
520 2886 1047 2975 θησαυροφυλακίου
1081 2912 1093 2924 ·
1150 2893 1176 2948 ὁ
1236 2896 1327 2968 μὲν
1368 2898 1670 2975 ἀφίσταται,
1734 2899 1822 2956 διὰ
1870 2904 1969 2957 πά-

316 2973 464 3041 θους,
498 2976 596 3065 τῆς
635 2974 857 3065 άπαθῶς
898 2980 1162 3052 τεκούσης
1188 3004 1198 3016 ·
1236 2986 1263 3038 ὁ
1323 2983 1379 3040 δὶ
1415 2973 1634 3059 ταύτην
1695 2990 1970 3065 ὐπηρετη-

315 3066 485 3123 τικῶς
518 3060 782 3136 λαμϐάνει
817 3067 890 3129 εἰς
924 3070 987 3123 τὰ
1023 3068 1133 3125 ἴδια
1168 3093 1181 3106 ·
1235 3075 1263 3127 ὁ
1308 3076 1571 3149 παρθένος
1609 3081 1709 3147 τήν
1763 3060 1971 3157 Παρθέ-

315 3171 406 3205 νον
441 3168 454 3181 ’
487 3153 548 3205 τὸ
574 3151 767 3226 κλῆμα
797 3158 897 3224 τὴν
948 3158 1326 3232 ἀμπελοτόκον
1360 3184 1370 3197 ·
1408 3166 1434 3219 ὁ
1486 3171 1824 3242 στρατιώτης
1869 3174 1967 3241 τήν

318 3237 612 3335 βασιλίδα·
675 3243 702 3295 ὁ
763 3243 1020 3322 θεολόγος
1077 3251 1175 3319 τήν
1227 3255 1487 3308 Θεοτόκον
1520 3276 1531 3288 ’
1580 3257 1607 3310 ὁ
1640 3260 1774 3312 κατὰ
1805 3262 1966 3335 χάριν

313 3325 612 3424 θεάδελφος
642 3332 741 3398 τὴν
767 3335 904 3424 κατὰ
937 3335 1092 3414 φύσιν
1145 3341 1444 3416 μητρόθεον
1482 3363 1494 3376 '
1544 3343 1633 3399 ῗδε
1660 3348 1759 3416 τήν
1791 3325 1965 3424 άρμο-

308 3416 567 3510 νίανῼτῆς
626 3420 985 3492 καταλλήλου
1028 3426 1298 3499 κλήσεως,
1338 3432 1427 3486 καὶ
1489 3416 1835 3510 ὑπεραίνεσον
1866 3440 1962 3508 τὴν

311 3500 604 3578 σύμϐασιν.
664 3510 785 3583 Ἆρ’
845 3511 905 3565 οὐ
966 3518 1127 3569 τοῦτο
1190 3519 1354 3591 μόνον
1414 3500 1601 3578 πᾶσαν⁵
1646 3525 1957 3602 ἀποκρύψαι

318 3590 637 3669 ὑπερϐολήν
690 3596 971 3689 ,ἐγκωμίου
1026 3608 1104 3675 τῷ
1163 3590 1411 3684 θεολόγῳ
1469 3613 1745 3688 πάρεστιν,
1792 3590 1959 3689 ’ἀμοι-

313 3688 497 3760 ροῦντι
526 3693 625 3777 τῆς
655 3688 869 3777 οιασοῦν
912 3690 1088 3763 ἄλλης
1127 3695 1379 3761 αἷνέσεως
1414 3721 1428 3771 ;
1478 3703 1523 3757 εἰ
1573 3701 1630 3759 δὲ
1680 3708 1814 3777 μετᾶ
1844 3688 1960 3777 τῆς

306 3778 417 3828 τῶν
460 3771 855 3849 προλαϐόντων
911 3778 1219 3856 ὑπερϐολῆς
1266 3788 1355 3844 καὶ
1402 3790 1468 3843 τὰ
1518 3771 1793 3869 φθάσαντα
1842 3771 1953 3851 συνέ

309 3864 598 3957 αστράηιξοι,
628 3866 710 3929 τίς
750 3867 809 3921 ἂν
869 3865 1119 3943 δυνηθείη
1174 3876 1479 3943 ἂντωπῆναι
1519 3864 1614 3937 τοῦ
1663 3882 1834 3957 ὕψους
1890 3885 1953 3941 τὸ

307 3950 780 4026 ἀναντίϐλεπτον;
835 3957 977 4014 οὕτω
1048 3969 1335 4040 τοιγαροῦν
1405 3950 1774 4045 ὑπερανεστῶς
1843 3974 1953 4031 ἐστι

307 4042 486 4136 πάσης
539 4046 637 4112 τῆς
682 4044 743 4136 ἐν
792 4044 983 4124 λόγοις
1043 4049 1481 4127 ἐγκωμιαστικῆς
1508 4042 1515 4045 ⁷
1543 4058 1844 4136 δυνάμεως,
1878 4064 1952 4125 ὡς

310 4129 481 4202 μόνου
513 4136 646 4187 Θεοῦ
695 4134 827 4189 εἶναι
879 4136 1080 4193 ἐκεῖνον
1140 4140 1536 4220 ἐπαινέσασθαι,
1571 4148 1617 4204 εἰ
1668 4129 1758 4206 καὶ
1815 4129 1954 4206 τολ-

308 4222 486 4317 μηρὸν
543 4221 734 4295 εἰπεῖν,
793 4227 919 4301 παρ’
977 4228 1039 4282 οῦ
1097 4231 1184 4285 καὶ
1244 4231 1529 4306 πλεονάζει
1584 4241 1681 4309 τήν
1728 4236 1947 4317 ἔφεσινο

308 4309 395 4386 ὑφ“
427 4308 489 4364 οὗ
519 4313 607 4366 καὶ
664 4315 730 4367 τὰ
787 4314 1036 4391 ἐγκώμια
1092 4316 1357 4396 ἔστεπται,
1420 4331 1534 4403 φῶς
1585 4308 1672 4384 καὶ
1746 4308 1946 4407 βροντή

302 4398 393 4453 καὶ
449 4399 515 4454 τὰ
550 4406 794 4496 ,τοιαῦτα
877 4398 1468 4487 προσαγορευόμενος-⁸
1528 4416 1655 4473 ἀλλ’
1730 4398 1946 4496 έπείπερ

299 4490 466 4581 ταῦτα
516 4486 710 4581 οὕτως,
741 4492 830 4545 καὶ
886 4494 1051 4568 πέρας
1096 4497 1319 4577 εἴληφεν
1370 4505 1404 4573 ἠ
1454 4504 1726 4581 ἀκήρατος
1784 4486 1945 4565 ἀνθολ-

303 4572 490 4667 λογία,
521 4578 640 4667 καθ’
673 4577 797 4634 ὅσον
848 4580 1060 4658 ἐφικτὸν
1107 4572 1250 4660 ἡμῖν.
1294 4572 1612 4667 δρέψασθαι)
1633 4601 1748 4657 τοῖς
1778 4618 1945 4654 πενο-

2156 2546 2240 2600 11.
2292 2546 2441 2612 Ecce,
2484 2546 2671 2617 inquit
2717 2548 2869 2617 ﬁlius
2926 2555 3072 2603 tuus.
3136 2546 3339 2602 Deinde
3394 2544 3675 2617 discipulo
3706 2562 3726 2601 :

2080 2638 2213 2691 Ecce
2255 2642 2430 2693 mater
2458 2646 2575 2695 tua.
2609 2637 2774 2709 Papae
2836 2642 3121 2709 quantum
3162 2635 3406 2694 munus!
3440 2635 3516 2692 Ut
3548 2637 3726 2692 nimi-

2080 2741 2211 2780 rum
2266 2742 2462 2782 servus
2509 2727 2583 2781 ob
2630 2726 3006 2783 excellentem
3057 2726 3429 2793 munditiam,
3460 2724 3720 2782 Domina:

2079 2815 2232 2871 filius
2265 2817 2616 2887 appelletur:
2649 2832 2713 2872 ac
2734 2818 2861 2889 ejus
2895 2835 3022 2890 quae
3050 2817 3176 2872 vitae
3218 2816 3477 2872 thesauri
3523 2820 3721 2872 custos

2081 2904 2303 2971 fuisset,
2337 2910 2530 2962 custos
2588 2908 2995 2962 constituatur.
3031 2905 3134 2961 Ille
3191 2906 3427 2977 quidem
3486 2904 3718 2976 recedit,

2079 3010 2178 3063 per
2235 2996 2566 3065 passionem
2628 2997 2701 3051 ab
2759 3012 2827 3051 ea
2882 3013 3008 3067 quae
3068 2996 3195 3050 sine
3237 2994 3509 3066 passione
3538 2994 3597 3049 id
3629 2999 3719 3051 est

2076 3081 2258 3137 illaesa
2288 3085 2621 3155 integritate
2642 3086 2893 3157 peperit;
2916 3086 3009 3140 hic
3039 3094 3228 3140 autem
3257 3084 3508 3139 ministri
3534 3100 3714 3152 more,

2077 3170 2135 3225 in
2192 3188 2301 3226 sua
2358 3189 2484 3227 eam
2544 3174 2802 3244 accipit:
2864 3174 3139 3229 nimirum
3188 3174 3359 3244 Virgo
3404 3171 3713 3244 virginem,

2078 3260 2301 3331 palmes
2330 3262 2633 3318 fecundam
2657 3263 2871 3331 videm,
2897 3263 3066 3318 miles
3095 3262 3380 3335 reginam,
3411 3262 3717 3333 theologus

2076 3348 2383 3420 Deiparam
2416 3367 2430 3404 :
2468 3350 2569 3406 Dei
2603 3352 2779 3407 frater
2810 3368 2911 3423 per
2952 3352 3223 3423 gratiam,
3260 3350 3360 3405 Dei
3417 3355 3712 3422 parentem

2071 3452 2173 3508 per
2204 3446 2491 3494 naturam.
2526 3438 2669 3496 Vide
2700 3441 3099 3496 convenientis
3129 3438 3535 3512 appellationis
3566 3455 3712 3496 con-

2068 3531 2419 3595 sonantiam,
2457 3545 2525 3585 ac
2573 3547 2750 3600 supra
2799 3531 3035 3585 modum
3094 3530 3271 3585 lauda
3333 3545 3710 3587 concursum.

2066 3614 2270 3671 Nonne
2301 3617 2385 3673 vel
2409 3618 2516 3672 hoc
2548 3635 2731 3674 unum
2762 3620 2905 3674 satis
2936 3620 3037 3689 sit,
3069 3627 3129 3674 ut
3177 3618 3529 3674 laudationis
3588 3634 3710 3674 om-

2067 3720 2199 3760 nem
2231 3706 2654 3776 excellentiam,
2675 3724 2790 3780 qua
2821 3708 2953 3780 quis
2991 3709 3327 3782 theologum
3379 3724 3709 3781 prosequa-

2063 3798 2159 3849 tur
2192 3797 2482 3866 obscuret,
2509 3799 2741 3855 tametsi
2799 3800 2947 3855 desit
2996 3799 3110 3855 alia
3160 3798 3352 3855 omnis
3406 3798 3708 3855 laudatio?

2061 3885 2160 3940 Sin
2193 3891 2387 3942 autem
2418 3903 2552 3943 cum
2593 3904 2791 3944 eorum
2849 3906 2976 3960 quas
3022 3888 3291 3961 superius
3356 3888 3511 3943 dicta
3567 3892 3706 3943 sunt

2063 3974 2443 4044 sublimitate,
2469 3977 2644 4033 etiam
2676 3978 2940 4050 proxima
2987 3978 3330 4045 colluceant,
3361 3978 3490 4048 quis
3537 3977 3705 4034 inac-

2062 4077 2285 4117 cessam
2306 4064 2460 4119 visui
2482 4064 2856 4122 altitudinem
2887 4066 3069 4138 possit
3099 4065 3360 4121 intueri?
3387 4066 3482 4120 Sic
3514 4066 3704 4137 itaque

2060 4151 2322 4220 superior
2349 4157 2436 4208 est
2467 4156 2627 4210 omni
2657 4155 2932 4212 facultate
2961 4155 3265 4221 laudandi,
3290 4158 3355 4210 ut
3397 4153 3581 4211 solius
3604 4156 3701 4211 Dei

2057 4242 2563 4298 commendatione
2593 4247 2889 4300 ornandus
2926 4243 3002 4299 sit
3023 4244 3383 4315 (quanquam
3406 4243 3517 4300 hoc
3543 4243 3701 4299 vide-

2054 4333 2151 4383 tur
2169 4330 2451 4387 audacius
2483 4332 2617 4405 dici)
2644 4351 2658 4401 ;
2697 4352 2729 4389 a
2750 4351 2862 4405 quo
2885 4334 3059 4389 etiam
3092 4332 3303 4389 amoris
3348 4331 3503 4388 illam
3551 4348 3699 4404 pm-

2055 4418 2374 4489 rogativam
2427 4422 2740 4490 obtinet;a
2797 4440 2911 4494 quo
2970 4428 3028 4479 et
3078 4422 3354 4479 laudibus
3384 4426 3696 4478 coronatus

2054 4511 2161 4574 est,
2181 4505 2328 4564 lucis
2359 4508 2459 4563 illa
2473 4509 2878 4582 appellatione,
2892 4511 3356 4582 tonitruique,ac
3385 4509 3696 4566 similium.

2051 4593 2196 4650 Cum
2244 4596 2366 4653 haec
2411 4604 2604 4653 autem
2657 4600 2740 4655 ita
2769 4616 2833 4656 se
2863 4600 3103 4669 habent,
3132 4605 3189 4655 et
3220 4604 3539 4672 postquam
3573 4599 3696 4655 sin-

300 4660 507 4762 λόγοις,
543 4663 699 4741 δεῦρο
738 4671 829 4723 καὶ
868 4674 1032 4745 ἡμεῖς
1074 4674 1129 4731 ἐν
1157 4677 1381 4744 τούτοις
1411 4687 1941 4761 συγκαταπαύσωμεν

2075 4700 2180 4739 :era
2212 4685 2419 4742 ﬂorum
2451 4686 2740 4759 decerptio
2763 4690 2938 4745 finem
2972 4660 3193 4762 accepit
3214 4660 3497 4761 quantum
3520 4688 3689 4745 nobis

294 4752 388 4851 τόν
421 4750 606 4829 λόγον,
644 4763 864 4851 μικροῖς
904 4763 1117 4839 μεγάλα
1163 4750 1499 4843 ἀμείψαντες.
1519 4792 1533 4806 ·
1565 4771 1736 4829 έκεῖνο
1763 4750 1935 4851 προσ-

297 4841 473 4943 θὲὶντξς
512 4849 627 4943 τοῖς
676 4846 1005 4943 εξρημένοις,
1054 4852 1129 4916 ὡς
1174 4855 1234 4910 οὐ
1287 4841 1476 4933 μικρὸν
1527 4860 1591 4917 ἂν
1640 4862 1723 4933 εἴη
1773 4841 1935 4943 γέρας

293 4929 444 5024 αῦτῷ
490 4930 563 5024 sic
613 4932 957 5024 ’φιλοτιμίαν
1020 4942 1106 4995 καὶ
1168 4945 1203 5012 ἡ
1266 4929 1673 5024 φρικωδεστάτη
1711 4929 1934 5009 -ἆποκάέ

291 5015 481 5117 lia—duc,
513 5019 660 5117 '6va
692 5022 900 5099 Πάτμῳ
927 5015 1412 5105 περιορισθείςόιά
1453 5038 1542 5093 τὸν
1587 5015 1748 5117 λόγον
1789 5044 1934 5117 παρὰ

289 5112 387 5198 τοῦ
414 5108 669 5179 τηνικάδε
698 5120 1047 5189 κρατοῦντος,
1090 5123 1268 5178 θεόθεν
1317 5128 1543 5198 μυηθεὶς
1598 5108 1890 5187 ἐκδέδωκεν
1915 5149 1931 5165 ⁸

289 5197 379 5251 καὶ
433 5201 591 5254 τοῦτο
632 5198 690 5255 ἐκ
737 5202 1087 5280 πλεονασμοῦ
1160 5218 1260 5281 τῆς
1319 5197 1561 5290 Ῠάγάπης
1647 5218 1932 5297 ἱδιαίρετον

287 5286 435 5359 παρά
464 5287 590 5350 τούς
623 5285 851 5353 λοιποὺς
882 5293 1125 5374 εἰληφώς
1156 5316 1170 5330 °
1204 5302 1329 5376 φασῖ
1371 5285 1426 5357 δέ
1470 5285 1628 5360 αῦτὸν
1666 5285 1797 5380 μετά
1837 5312 1931 5374 τὰς

292 5374 435 5450 ιερὰς
479 5374 678 5441 ἐκείνας
737 5379 1022 5455 περιόδους
1079 5386 1168 5440 καὶ
1217 5374 1324 5458 τὴν
1382 5374 1737 5471 εὐαγγελικηὴν
1779 5402 1928 5475 περί-

287 5464 456 5538 ληψιν
487 5470 593 5520 τῶν
626 5470 895 5542 περάτων,
929 5470 1034 5527 ὧδέ
1064 5495 1166 5529 που
1201 5478 1359 5549 μέσον
1393 5481 1468 5543 εἰς
1490 5464 1595 5555 ⁷τὴν
1650 5464 1931 5545 Ἀσιάτιδα

288 5554 481 5629 χθόνα,
514 5553 567 5610 ἐν
659 5559 748 5613 καὶ
777 5560 869 5615 τὸν
924 5559 1233 5622 διδακτικόν
1292 5570 1483 5645 θρόνον
1551 5553 1763 5649 μάλλον
1797 5582 1930 5635 καθ-

2047 4791 2149 4845 pro
2170 4776 2330 4830 tenui
2352 4776 2625 4833 facultate
2656 4778 2886 4834 dicendi
2937 4781 3245 4851 decerpere
3274 4777 3465 4848 licuit,
3505 4794 3609 4847 age
3638 4784 3695 4833 et

2046 4882 2153 4920 nos
2184 4866 2245 4921 in
2268 4866 2359 4922 his
2380 4884 2738 4939 peroremus,
2764 4870 2991 4926 minora
3030 4870 3410 4942 rependentes
3441 4868 3691 4939 majori-

2046 4953 2155 5009 bus
2213 4956 2320 5011 hoc
2377 4959 2656 5014 duntaxat
2696 4959 2975 5016 addentes
3002 4959 3075 5015 iis
3103 4976 3227 5031 quae
3260 4959 3538 5020 diximus,
3572 4974 3689 5013 non

2045 5043 2351 5100 minimum
2372 5061 2497 5102 esse
2516 5046 2727 5103 Joanni
2749 5050 2820 5104 ad
2845 5048 3339 5121 magnificentiam
3360 5048 3688 5121 praemium,

2043 5130 2202 5189 illam
2238 5152 2414 5206 quam
2454 5136 2513 5191 in
2554 5138 2754 5195 Patmo
2825 5139 3351 5195 horrendissimam
3407 5138 3690 5209 Apocaly-

2042 5224 2215 5293 psim,
2239 5226 2380 5280 dum
2397 5242 2463 5281 eo
2492 5226 2553 5282 in
2584 5226 2707 5284 loco
2748 5229 3176 5300 pradicationis
3234 5245 3413 5284 causa
3458 5228 3689 5283 exsula-

2043 5318 2129 5367 ret
2174 5315 2298 5384 ejus
2366 5317 2593 5373 decreto
2638 5319 2740 5389 qui
2784 5324 2921 5374 tunc
2958 5334 3154 5374 rerum
3188 5318 3537 5390 potiebatur,
3568 5318 3684 5373 Deo

2041 5403 2281 5458 docente
2319 5406 2530 5461 edidit:
2568 5406 2675 5462 hoc
2706 5423 2935 5478 quoque
2964 5408 3035 5464 ob
3080 5407 3405 5462 dilectionis
3464 5420 3685 5477 praero-

2039 5499 2294 5564 gativam
2328 5494 2606 5566 singulari
2641 5514 2755 5568 prie
2782 5497 2911 5553 aliis
2942 5500 3222 5569 apostolis
3241 5511 3476 5551 munere
3508 5496 3684 5550 dona-

2041 5589 2152 5639 tus.
2172 5584 2350 5640 Aiunt
2400 5593 2595 5643 autem
2653 5603 2812 5661 eum,
2843 5595 2976 5659 post
2997 5603 3192 5646 sacros
3222 5587 3354 5644 illos
3380 5587 3682 5657 circuitus,

360 5683 474 5757 (27)
507 5684 599 5743 Sic
628 5685 798 5746 etiam
830 5688 890 5747 in
924 5706 1193 5752 sermone
1222 5698 1377 5756 edito
1409 5698 1479 5758 de
1498 5717 1668 5760 cruce
1685 5705 1964 5769 Theodori

2102 5711 2207 5772 Επὶ
2238 5709 2294 5769 6‘s
2323 5712 2416 5771 αὸν
2446 5719 2672 5797 σταυρὸν
2702 5716 2933 5778 έπιτέον.
