  <div class='ocr_page' id='page_1' title='image "/cluster/home/n/w/nwhite01/storage/ocr_20150623/99/mdp.39015005675577/399.png"; bbox 0 0 4090 6288; ppageno 0'>
   <div class='ocr_carea' id='block_1_1' title="bbox 468 375 584 436">
    <p class='ocr_par' dir='ltr' id='par_1_1' title="bbox 468 375 584 436">
     <span class='ocr_line' id='line_1_1' title="bbox 468 375 584 436; baseline -0.017 0"><span class='ocrx_word' id='word_1_1' title='bbox 468 375 584 436; x_wconf 85' lang='grc'><strong>787</strong></span> 
     </span>
    </p>
   </div>
   <div class='ocr_carea' id='block_1_2' title="bbox 469 597 2108 672">
    <p class='ocr_par' dir='ltr' id='par_1_2' title="bbox 469 597 2108 672">
     <span class='ocr_line' id='line_1_2' title="bbox 469 597 2108 672; baseline -0.002 -18"><span class='ocrx_word' id='word_1_2' title='bbox 469 601 809 672; x_wconf 81' lang='lat' dir='ltr'><strong>complexus</strong></span> <span class='ocrx_word' id='word_1_3' title='bbox 857 609 964 667; x_wconf 89' lang='lat' dir='ltr'><strong>est,</strong></span> <span class='ocrx_word' id='word_1_4' title='bbox 995 601 1249 671; x_wconf 89' lang='lat' dir='ltr'><strong>quodam</strong></span> <span class='ocrx_word' id='word_1_5' title='bbox 1293 599 1437 654; x_wconf 76' lang='lat' dir='ltr'><strong>Asiae</strong></span> <span class='ocrx_word' id='word_1_6' title='bbox 1468 597 1593 654; x_wconf 85' lang='lat' dir='ltr'><strong>loco</strong></span> <span class='ocrx_word' id='word_1_7' title='bbox 1638 607 1990 666; x_wconf 87' lang='lat' dir='ltr'><strong>manentem,</strong></span> <span class='ocrx_word' id='word_1_8' title='bbox 2014 598 2108 652; x_wconf 89' lang='lat' dir='ltr'><strong>ubi</strong></span> 
     </span>
    </p>
   </div>
   <div class='ocr_carea' id='block_1_3' title="bbox 468 687 2108 762">
    <p class='ocr_par' dir='ltr' id='par_1_3' title="bbox 468 687 2108 762">
     <span class='ocr_line' id='line_1_3' title="bbox 468 687 2108 762; baseline -0.001 -18"><span class='ocrx_word' id='word_1_9' title='bbox 468 690 757 762; x_wconf 69' lang='lat' dir='ltr'><strong>praecipue</strong></span> <span class='ocrx_word' id='word_1_10' title='bbox 814 691 1010 746; x_wconf 88' lang='lat' dir='ltr'><strong>sedem</strong></span> <span class='ocrx_word' id='word_1_11' title='bbox 1065 689 1409 761; x_wconf 78' lang='lat' dir='ltr'><strong>magisteriti</strong></span> <span class='ocrx_word' id='word_1_12' title='bbox 1452 687 1828 744; x_wconf 77' lang='lat' dir='ltr'><strong>collocaverat</strong></span> <span class='ocrx_word' id='word_1_13' title='bbox 1877 705 2108 743; x_wconf 89' lang='lat' dir='ltr'><strong>sacrum</strong></span> 
     </span>
    </p>
   </div>
   <div class='ocr_carea' id='block_1_4' title="bbox 469 779 2112 853">
    <p class='ocr_par' dir='ltr' id='par_1_4' title="bbox 469 779 2112 853">
     <span class='ocr_line' id='line_1_4' title="bbox 469 779 2112 853; baseline -0.002 -16"><span class='ocrx_word' id='word_1_14' title='bbox 469 797 645 837; x_wconf 90' lang='lat' dir='ltr'><strong>suum</strong></span> <span class='ocrx_word' id='word_1_15' title='bbox 676 796 888 853; x_wconf 89' lang='lat' dir='ltr'><strong>corpus</strong></span> <span class='ocrx_word' id='word_1_16' title='bbox 919 780 1286 852; x_wconf 79' lang='lat' dir='ltr'><strong>deposuisse:</strong></span> <span class='ocrx_word' id='word_1_17' title='bbox 1311 785 1369 836; x_wconf 89' lang='lat' dir='ltr'><strong>et</strong></span> <span class='ocrx_word' id='word_1_18' title='bbox 1398 779 1730 852; x_wconf 81' lang='lat' dir='ltr'><strong>sepulcrum</strong></span> <span class='ocrx_word' id='word_1_19' title='bbox 1757 779 1991 850; x_wconf 87' lang='lat' dir='ltr'><strong>quidem</strong></span> <span class='ocrx_word' id='word_1_20' title='bbox 2013 796 2112 850; x_wconf 88' lang='lat' dir='ltr'><strong>po-</strong></span> 
     </span>
    </p>
   </div>
   <div class='ocr_carea' id='block_1_5' title="bbox 469 869 2109 942">
    <p class='ocr_par' dir='ltr' id='par_1_5' title="bbox 469 869 2109 942">
     <span class='ocr_line' id='line_1_5' title="bbox 469 869 2109 942; baseline -0.002 -16"><span class='ocrx_word' id='word_1_21' title='bbox 469 870 648 926; x_wconf 84' lang='lat' dir='ltr'><strong>situm</strong></span> <span class='ocrx_word' id='word_1_22' title='bbox 700 871 879 926; x_wconf 83' lang='lat' dir='ltr'><strong>fuisse</strong></span> <span class='ocrx_word' id='word_1_23' title='bbox 919 870 1087 941; x_wconf 87' lang='lat' dir='ltr'><strong>quasi</strong></span> <span class='ocrx_word' id='word_1_24' title='bbox 1139 871 1344 926; x_wconf 91' lang='lat' dir='ltr'><strong>mortis</strong></span> <span class='ocrx_word' id='word_1_25' title='bbox 1405 878 1646 942; x_wconf 81' lang='lat' dir='ltr'><strong>typum;</strong></span> <span class='ocrx_word' id='word_1_26' title='bbox 1680 869 1874 940; x_wconf 89' lang='lat' dir='ltr'><strong>ipsum</strong></span> <span class='ocrx_word' id='word_1_27' title='bbox 1917 873 2109 924; x_wconf 89' lang='lat' dir='ltr'><strong>tamen</strong></span> 
     </span>
    </p>
   </div>
   <div class='ocr_carea' id='block_1_6' title="bbox 469 958 2112 1031">
    <p class='ocr_par' dir='ltr' id='par_1_6' title="bbox 469 958 2112 1031">
     <span class='ocr_line' id='line_1_6' title="bbox 469 958 2112 1031; baseline -0.001 -16"><span class='ocrx_word' id='word_1_28' title='bbox 469 977 649 1031; x_wconf 90' lang='lat' dir='ltr'><strong>supra</strong></span> <span class='ocrx_word' id='word_1_29' title='bbox 679 968 896 1016; x_wconf 70' lang='lat' dir='ltr'><strong>naturae</strong></span> <span class='ocrx_word' id='word_1_30' title='bbox 920 959 1184 1016; x_wconf 70' lang='lat' dir='ltr'><strong>humanae</strong></span> <span class='ocrx_word' id='word_1_31' title='bbox 1215 961 1610 1015; x_wconf 80' lang='lat' dir='ltr'><strong>conditionem</strong></span> <span class='ocrx_word' id='word_1_32' title='bbox 1642 958 2012 1028; x_wconf 88' lang='lat' dir='ltr'><strong>translatum,</strong></span> <span class='ocrx_word' id='word_1_33' title='bbox 2048 963 2112 1014; x_wconf 88' lang='lat' dir='ltr'><strong>ut</strong></span> 
     </span>
    </p>
   </div>
   <div class='ocr_carea' id='block_1_7' title="bbox 468 1048 2108 1122">
    <p class='ocr_par' dir='ltr' id='par_1_7' title="bbox 468 1048 2108 1122">
     <span class='ocr_line' id='line_1_7' title="bbox 468 1048 2108 1122; baseline -0.002 -16"><span class='ocrx_word' id='word_1_34' title='bbox 468 1049 578 1106; x_wconf 87' lang='lat' dir='ltr'><strong>hac</strong></span> <span class='ocrx_word' id='word_1_35' title='bbox 608 1066 835 1120; x_wconf 90' lang='lat' dir='ltr'><strong>quoque</strong></span> <span class='ocrx_word' id='word_1_36' title='bbox 865 1049 1087 1106; x_wconf 80' lang='lat' dir='ltr'><strong>ratione</strong></span> <span class='ocrx_word' id='word_1_37' title='bbox 1118 1050 1438 1122; x_wconf 67' lang='lat' dir='ltr'><strong>precipuas</strong></span> <span class='ocrx_word' id='word_1_38' title='bbox 1465 1051 1616 1104; x_wconf 90' lang='lat' dir='ltr'><strong>Deus</strong></span> <span class='ocrx_word' id='word_1_39' title='bbox 1648 1048 1884 1104; x_wconf 82' lang='lat' dir='ltr'><strong>honoris</strong></span> <span class='ocrx_word' id='word_1_40' title='bbox 1921 1053 2108 1118; x_wconf 86' lang='lat' dir='ltr'><strong>partes</strong></span> 
     </span>
    </p>
   </div>
   <div class='ocr_carea' id='block_1_8' title="bbox 470 1137 2109 1210">
    <p class='ocr_par' dir='ltr' id='par_1_8' title="bbox 470 1137 2109 1210">
     <span class='ocr_line' id='line_1_8' title="bbox 470 1137 2109 1210; baseline -0.001 -16"><span class='ocrx_word' id='word_1_41' title='bbox 470 1138 716 1194; x_wconf 81' lang='lat' dir='ltr'><strong>amatori</strong></span> <span class='ocrx_word' id='word_1_42' title='bbox 747 1154 851 1195; x_wconf 91' lang='lat' dir='ltr'><strong>suo</strong></span> <span class='ocrx_word' id='word_1_43' title='bbox 884 1139 1154 1194; x_wconf 84' lang='lat' dir='ltr'><strong>deferret.</strong></span> <span class='ocrx_word' id='word_1_44' title='bbox 1190 1139 1253 1193; x_wconf 89' lang='lat' dir='ltr'><strong>Et</strong></span> <span class='ocrx_word' id='word_1_45' title='bbox 1284 1155 1496 1210; x_wconf 86' lang='lat' dir='ltr'><strong>corpus</strong></span> <span class='ocrx_word' id='word_1_46' title='bbox 1550 1139 1781 1210; x_wconf 88' lang='lat' dir='ltr'><strong>quidem</strong></span> <span class='ocrx_word' id='word_1_47' title='bbox 1819 1140 1903 1194; x_wconf 91' lang='lat' dir='ltr'><strong>sic</strong></span> <span class='ocrx_word' id='word_1_48' title='bbox 1941 1137 2109 1192; x_wconf 84' lang='lat' dir='ltr'><strong>habi-</strong></span> 
     </span>
    </p>
   </div>
   <div class='ocr_carea' id='block_1_9' title="bbox 465 1227 2112 1299">
    <p class='ocr_par' dir='ltr' id='par_1_9' title="bbox 465 1227 2112 1299">
     <span class='ocr_line' id='line_1_9' title="bbox 465 1227 2112 1299; baseline -0.001 -15"><span class='ocrx_word' id='word_1_49' title='bbox 465 1231 593 1285; x_wconf 84' lang='lat' dir='ltr'><strong>tum</strong></span> <span class='ocrx_word' id='word_1_50' title='bbox 620 1236 726 1295; x_wconf 87' lang='lat' dir='ltr'><strong>est,</strong></span> <span class='ocrx_word' id='word_1_51' title='bbox 758 1244 970 1298; x_wconf 92' lang='lat' dir='ltr'><strong>purum</strong></span> <span class='ocrx_word' id='word_1_52' title='bbox 1004 1228 1146 1284; x_wconf 91' lang='lat' dir='ltr'><strong>illud</strong></span> <span class='ocrx_word' id='word_1_53' title='bbox 1179 1245 1245 1284; x_wconf 87' lang='lat' dir='ltr'><strong>ac</strong></span> <span class='ocrx_word' id='word_1_54' title='bbox 1266 1244 1443 1284; x_wconf 80' lang='lat' dir='ltr'><strong>suave</strong></span> <span class='ocrx_word' id='word_1_55' title='bbox 1474 1228 1753 1299; x_wconf 75' lang='lat' dir='ltr'><strong>fragrans,</strong></span> <span class='ocrx_word' id='word_1_56' title='bbox 1782 1227 2112 1298; x_wconf 76' lang='lat' dir='ltr'><strong>Christique</strong></span> 
     </span>
    </p>
   </div>
   <div class='ocr_carea' id='block_1_10' title="bbox 470 1315 2103 1390">
    <p class='ocr_par' dir='ltr' id='par_1_10' title="bbox 470 1315 2103 1390">
     <span class='ocr_line' id='line_1_10' title="bbox 470 1315 2103 1390; baseline -0.003 -15"><span class='ocrx_word' id='word_1_57' title='bbox 470 1319 736 1390; x_wconf 86' lang='lat' dir='ltr'><strong>stigmata</strong></span> <span class='ocrx_word' id='word_1_58' title='bbox 800 1333 1006 1390; x_wconf 82' lang='lat' dir='ltr'><strong>gerens</strong></span> <span class='ocrx_word' id='word_1_59' title='bbox 1061 1318 1257 1372; x_wconf 88' lang='lat' dir='ltr'><strong>anima</strong></span> <span class='ocrx_word' id='word_1_60' title='bbox 1309 1323 1520 1382; x_wconf 84' lang='lat' dir='ltr'><strong>autem,</strong></span> <span class='ocrx_word' id='word_1_61' title='bbox 1553 1334 1677 1387; x_wconf 57' lang='lat' dir='ltr'><strong>qua</strong></span> <span class='ocrx_word' id='word_1_62' title='bbox 1709 1316 1862 1370; x_wconf 91' lang='lat' dir='ltr'><strong>lucis</strong></span> <span class='ocrx_word' id='word_1_63' title='bbox 1896 1315 2103 1387; x_wconf 88' lang='lat' dir='ltr'><strong>splen-</strong></span> 
     </span>
    </p>
   </div>
   <div class='ocr_carea' id='block_1_11' title="bbox 1707 369 2618 437">
    <p class='ocr_par' dir='ltr' id='par_1_11' title="bbox 1707 369 2618 437">
     <span class='ocr_line' id='line_1_11' title="bbox 1707 369 2618 437; baseline -0.003 -1"><span class='ocrx_word' id='word_1_64' title='bbox 1707 377 1773 437; x_wconf 92' lang='lat' dir='ltr'><strong>S.</strong></span> <span class='ocrx_word' id='word_1_65' title='bbox 1818 372 2212 436; x_wconf 79' lang='lat' dir='ltr'><strong>THEODORI</strong></span> <span class='ocrx_word' id='word_1_66' title='bbox 2256 369 2618 434; x_wconf 72' lang='lat' dir='ltr'><strong>STUDIT/E</strong></span> 
     </span>
    </p>
   </div>
   <div class='ocr_carea' id='block_1_12' title="bbox 470 504 2116 583">
    <p class='ocr_par' dir='ltr' id='par_1_12' title="bbox 470 509 2112 583">
     <span class='ocr_line' id='line_1_12' title="bbox 470 509 2112 583; baseline -0.003 -15"><span class='ocrx_word' id='word_1_67' title='bbox 470 515 645 583; x_wconf 88' lang='lat' dir='ltr'><strong>atque</strong></span> <span class='ocrx_word' id='word_1_68' title='bbox 673 509 1063 583; x_wconf 88' lang='lat' dir='ltr'><strong>evangelicam</strong></span> <span class='ocrx_word' id='word_1_69' title='bbox 1078 510 1571 583; x_wconf 69' lang='lat' dir='ltr'><strong>praedicationem,</strong></span> <span class='ocrx_word' id='word_1_70' title='bbox 1613 526 1729 581; x_wconf 88' lang='lat' dir='ltr'><strong>qua</strong></span> <span class='ocrx_word' id='word_1_71' title='bbox 1760 510 1917 566; x_wconf 88' lang='lat' dir='ltr'><strong>orbis</strong></span> <span class='ocrx_word' id='word_1_72' title='bbox 1965 510 2112 564; x_wconf 86' lang='lat' dir='ltr'><strong>fines</strong></span> 
     </span>
    </p>
   </div>
   <div class='ocr_carea' id='block_1_13' title="bbox 2232 504 3645 583">
    <p class='ocr_par' dir='ltr' id='par_1_13' title="bbox 2232 504 3645 582">
     <span class='ocr_line' id='line_1_13' title="bbox 2232 504 3645 582; baseline -0.001 -23"><span class='ocrx_word' id='word_1_73' title='bbox 2232 504 2505 582; x_wconf 79' lang='grc' dir='ltr'>ιδρύσατο,</span> <span class='ocrx_word' id='word_1_74' title='bbox 2564 506 2626 560; x_wconf 87' lang='grc' dir='ltr'>τό</span> <span class='ocrx_word' id='word_1_75' title='bbox 2684 505 2827 581; x_wconf 72' lang='grc' dir='ltr'>ἱερὸν</span> <span class='ocrx_word' id='word_1_76' title='bbox 2885 507 3052 559; x_wconf 77' lang='grc' dir='ltr'>αὑτοῦ</span> <span class='ocrx_word' id='word_1_77' title='bbox 3111 511 3270 577; x_wconf 78' lang='grc' dir='ltr'>σῶμα</span> <span class='ocrx_word' id='word_1_78' title='bbox 3321 505 3645 560; x_wconf 81' lang='grc' dir='ltr'>ἀποθέσθαι’</span> 
     </span>
    </p>
   </div>
   <div class='ocr_carea' id='block_1_14' title="bbox 3685 527 3842 575">
    <p class='ocr_par' dir='ltr' id='par_1_14' title="bbox 3685 527 3842 575">
     <span class='ocr_line' id='line_1_14' title="bbox 3685 527 3842 575; baseline -0.006 -16"><span class='ocrx_word' id='word_1_79' title='bbox 3685 527 3842 575; x_wconf 64' lang='grc' dir='ltr'>ταφην</span> 
     </span>
    </p>
   </div>
   <div class='ocr_carea' id='block_1_15' title="bbox 2229 561 3848 672">
    <p class='ocr_par' dir='ltr' id='par_1_15' title="bbox 2229 561 3848 672">
     <span class='ocr_line' id='line_1_15' title="bbox 2287 561 3816 582; baseline 0 0"><span class='ocrx_word' id='word_1_80' title='bbox 2287 561 2294 582; x_wconf 82' lang='grc' dir='ltr'><strong>ι</strong></span> <span class='ocrx_word' id='word_1_81' title='bbox 2492 561 2505 576; x_wconf 81' lang='grc' dir='ltr'><em>ι</em></span> <span class='ocrx_word' id='word_1_82' title='bbox 2737 561 2746 581; x_wconf 79' lang='grc' dir='ltr'><strong>ι</strong></span> <span class='ocrx_word' id='word_1_83' title='bbox 3198 561 3207 577; x_wconf 84' lang='grc' dir='ltr'><strong>ι</strong></span> <span class='ocrx_word' id='word_1_84' title='bbox 3762 561 3770 582; x_wconf 83' lang='grc' dir='ltr'><strong>ι</strong></span> <span class='ocrx_word' id='word_1_85' title='bbox 3808 561 3816 575; x_wconf 84' lang='grc' dir='ltr'><strong>ι</strong></span> 
     </span>
     <span class='ocr_line' id='line_1_16' title="bbox 2229 593 3848 672; baseline -0.001 -22"><span class='ocrx_word' id='word_1_86' title='bbox 2229 598 2320 668; x_wconf 74' lang='grc' dir='ltr'>μὲν</span> <span class='ocrx_word' id='word_1_87' title='bbox 2381 597 2518 649; x_wconf 87' lang='grc' dir='ltr'><strong>κατά</strong></span> <span class='ocrx_word' id='word_1_88' title='bbox 2563 599 2728 649; x_wconf 80' lang='grc' dir='ltr'>τύπον</span> <span class='ocrx_word' id='word_1_89' title='bbox 2778 597 3029 663; x_wconf 83' lang='grc' dir='ltr'><strong>Θανάτου,</strong></span> <span class='ocrx_word' id='word_1_90' title='bbox 3078 596 3340 668; x_wconf 75' lang='grc' dir='ltr'>μεταστὰς</span> <span class='ocrx_word' id='word_1_91' title='bbox 3400 593 3457 650; x_wconf 76' lang='grc' dir='ltr'><strong>δὲ</strong></span> <span class='ocrx_word' id='word_1_92' title='bbox 3516 597 3642 671; x_wconf 79' lang='grc' dir='ltr'>ὑπὲρ</span> <span class='ocrx_word' id='word_1_93' title='bbox 3706 596 3848 672; x_wconf 74' lang='grc' dir='ltr'>φύσιν</span> 
     </span>
    </p>
   </div>
   <div class='ocr_carea' id='block_1_16' title="bbox 2220 684 3852 763">
    <p class='ocr_par' dir='ltr' id='par_1_16' title="bbox 2220 684 3852 763">
     <span class='ocr_line' id='line_1_17' title="bbox 2220 684 3852 763; baseline -0.002 -21"><span class='ocrx_word' id='word_1_94' title='bbox 2220 686 2564 763; x_wconf 71' lang='grc' dir='ltr'><strong>ἀνθρωπίνην</strong></span> <span class='ocrx_word' id='word_1_95' title='bbox 2597 690 2732 760; x_wconf 86' lang='grc'>(28),</span> <span class='ocrx_word' id='word_1_96' title='bbox 2762 684 2856 741; x_wconf 74' lang='grc' dir='ltr'>’ίνα</span> <span class='ocrx_word' id='word_1_97' title='bbox 2887 688 2984 741; x_wconf 87' lang='grc' dir='ltr'><strong>κάν</strong></span> <span class='ocrx_word' id='word_1_98' title='bbox 3016 687 3195 759; x_wconf 82' lang='grc' dir='ltr'>τούτῳ</span> <span class='ocrx_word' id='word_1_99' title='bbox 3220 685 3422 760; x_wconf 71' lang='grc' dir='ltr'>δοξάσῃ</span> <span class='ocrx_word' id='word_1_100' title='bbox 3463 687 3588 750; x_wconf 85' lang='grc' dir='ltr'><strong>Θεὸς</strong></span> <span class='ocrx_word' id='word_1_101' title='bbox 3610 687 3698 740; x_wconf 88' lang='grc' dir='ltr'><strong>τὸν</strong></span> <span class='ocrx_word' id='word_1_102' title='bbox 3737 686 3852 740; x_wconf 72' lang='grc' dir='ltr'>ἑαυ-</span> 
     </span>
    </p>
   </div>
   <div class='ocr_carea' id='block_1_17' title="bbox 2218 775 3853 852">
    <p class='ocr_par' dir='ltr' id='par_1_17' title="bbox 2218 775 3853 852">
     <span class='ocr_line' id='line_1_18' title="bbox 2218 775 3853 852; baseline -0.001 -20"><span class='ocrx_word' id='word_1_103' title='bbox 2218 783 2315 833; x_wconf 82' lang='grc' dir='ltr'>τοῦ</span> <span class='ocrx_word' id='word_1_104' title='bbox 2345 780 2574 852; x_wconf 73' lang='grc' dir='ltr'>ἓραστήν</span> <span class='ocrx_word' id='word_1_105' title='bbox 2627 778 2774 851; x_wconf 78' lang='grc' dir='ltr'>μάλα</span> <span class='ocrx_word' id='word_1_106' title='bbox 2810 795 2821 808; x_wconf 81' lang='grc'><strong><em>⁸</em></strong></span> <span class='ocrx_word' id='word_1_107' title='bbox 2878 775 3024 832; x_wconf 83' lang='grc' dir='ltr'><strong>ἀλλά</strong></span> <span class='ocrx_word' id='word_1_108' title='bbox 3053 778 3114 832; x_wconf 87' lang='grc' dir='ltr'>τὸ</span> <span class='ocrx_word' id='word_1_109' title='bbox 3151 778 3245 850; x_wconf 79' lang='grc' dir='ltr'><strong>μὲν</strong></span> <span class='ocrx_word' id='word_1_110' title='bbox 3284 781 3442 851; x_wconf 79' lang='grc' dir='ltr'>σῶμα</span> <span class='ocrx_word' id='word_1_111' title='bbox 3485 775 3534 831; x_wconf 85' lang='grc' dir='ltr'>ἐν</span> <span class='ocrx_word' id='word_1_112' title='bbox 3564 775 3770 837; x_wconf 75' lang='grc' dir='ltr'>τοὸτοις</span> <span class='ocrx_word' id='word_1_113' title='bbox 3797 777 3853 831; x_wconf 78' lang='grc' dir='ltr'>τὰ</span> 
     </span>
    </p>
   </div>
   <div class='ocr_carea' id='block_1_18' title="bbox 2219 864 3853 943">
    <p class='ocr_par' dir='ltr' id='par_1_18' title="bbox 2219 864 3853 943">
     <span class='ocr_line' id='line_1_19' title="bbox 2219 864 3853 943; baseline -0.002 -21"><span class='ocrx_word' id='word_1_114' title='bbox 2219 869 2449 943; x_wconf 85' lang='grc' dir='ltr'>καθαρὸν</span> <span class='ocrx_word' id='word_1_115' title='bbox 2507 867 2597 921; x_wconf 84' lang='grc' dir='ltr'><strong>καὶ</strong></span> <span class='ocrx_word' id='word_1_116' title='bbox 2655 864 2850 928; x_wconf 76' lang='grc' dir='ltr'>εὐῶδες</span> <span class='ocrx_word' id='word_1_117' title='bbox 2907 867 2995 921; x_wconf 80' lang='grc' dir='ltr'><strong>καὶ</strong></span> <span class='ocrx_word' id='word_1_118' title='bbox 3055 868 3121 922; x_wconf 76' lang='grc' dir='ltr'>τὰ</span> <span class='ocrx_word' id='word_1_119' title='bbox 3170 867 3438 940; x_wconf 84' lang='grc' dir='ltr'>στίγματα</span> <span class='ocrx_word' id='word_1_120' title='bbox 3492 870 3588 920; x_wconf 73' lang='grc' dir='ltr'><strong>τοῦ</strong></span> <span class='ocrx_word' id='word_1_121' title='bbox 3637 870 3853 941; x_wconf 79' lang='grc' dir='ltr'><strong>Χριστοῦ</strong></span> 
     </span>
    </p>
   </div>
   <div class='ocr_carea' id='block_1_19' title="bbox 2221 955 3854 1034">
    <p class='ocr_par' dir='ltr' id='par_1_19' title="bbox 2221 955 3854 1034">
     <span class='ocr_line' id='line_1_20' title="bbox 2221 955 3854 1034; baseline -0.002 -22"><span class='ocrx_word' id='word_1_122' title='bbox 2221 957 2379 1034; x_wconf 71' lang='grc' dir='ltr'>φέρον</span> <span class='ocrx_word' id='word_1_123' title='bbox 2413 977 2426 989; x_wconf 93' lang='grc'><strong>·</strong></span> <span class='ocrx_word' id='word_1_124' title='bbox 2465 960 2526 1022; x_wconf 77' lang='grc' dir='ltr'>τῆ</span> <span class='ocrx_word' id='word_1_125' title='bbox 2560 955 2616 1011; x_wconf 70' lang='grc' dir='ltr'>δὲ</span> <span class='ocrx_word' id='word_1_126' title='bbox 2648 960 2800 1032; x_wconf 81' lang='grc' dir='ltr'>ψυχῇ</span> <span class='ocrx_word' id='word_1_127' title='bbox 2844 955 2969 1030; x_wconf 82' lang='grc' dir='ltr'>οέσῃ</span> <span class='ocrx_word' id='word_1_128' title='bbox 3004 958 3076 1017; x_wconf 86' lang='grc' dir='ltr'>ὡς</span> <span class='ocrx_word' id='word_1_129' title='bbox 3138 956 3360 1026; x_wconf 80' lang='grc' dir='ltr'>ἀληθῶς</span> <span class='ocrx_word' id='word_1_130' title='bbox 3419 955 3585 1025; x_wconf 75' lang='grc' dir='ltr'>ἡλίου</span> <span class='ocrx_word' id='word_1_131' title='bbox 3642 976 3854 1033; x_wconf 71' lang='grc' dir='ltr'>φωκοει-</span> 
     </span>
    </p>
   </div>
   <div class='ocr_carea' id='block_1_20' title="bbox 2222 1043 3855 1122">
    <p class='ocr_par' dir='ltr' id='par_1_20' title="bbox 2222 1043 3855 1122">
     <span class='ocr_line' id='line_1_21' title="bbox 2222 1043 3855 1122; baseline -0.003 -20"><span class='ocrx_word' id='word_1_132' title='bbox 2222 1045 2460 1122; x_wconf 75' lang='grc' dir='ltr'>δεστέρᾳ,</span> <span class='ocrx_word' id='word_1_133' title='bbox 2511 1047 2743 1108; x_wconf 81' lang='grc' dir='ltr'>ἀναπτὰς</span> <span class='ocrx_word' id='word_1_134' title='bbox 2788 1050 2894 1102; x_wconf 81' lang='grc' dir='ltr'><strong>τῶν</strong></span> <span class='ocrx_word' id='word_1_135' title='bbox 2945 1044 3145 1101; x_wconf 84' lang='grc' dir='ltr'>ἐνθένδε</span> <span class='ocrx_word' id='word_1_136' title='bbox 3223 1045 3487 1122; x_wconf 84' lang='grc' dir='ltr'>ἀγγελικῇ</span> <span class='ocrx_word' id='word_1_137' title='bbox 3575 1043 3855 1120; x_wconf 72' lang='grc' dir='ltr'>δορυφορίᾳ</span> 
     </span>
    </p>
   </div>
   <div class='ocr_carea' id='block_1_21' title="bbox 2222 1133 3854 1213">
    <p class='ocr_par' dir='ltr' id='par_1_21' title="bbox 2222 1133 3854 1213">
     <span class='ocr_line' id='line_1_22' title="bbox 2222 1133 3854 1213; baseline -0.003 -20"><span class='ocrx_word' id='word_1_138' title='bbox 2222 1138 2297 1201; x_wconf 86' lang='grc' dir='ltr'><strong>εἷς</strong></span> <span class='ocrx_word' id='word_1_139' title='bbox 2355 1139 2559 1195; x_wconf 81' lang='grc' dir='ltr'>ἐκεῖνον</span> <span class='ocrx_word' id='word_1_140' title='bbox 2616 1141 2705 1192; x_wconf 87' lang='grc' dir='ltr'><strong>τὸν</strong></span> <span class='ocrx_word' id='word_1_141' title='bbox 2766 1141 2950 1213; x_wconf 84' lang='grc' dir='ltr'>χῶρον</span> <span class='ocrx_word' id='word_1_142' title='bbox 2995 1133 3333 1210; x_wconf 77' lang='grc' dir='ltr'>μετελήλυθε</span> <span class='ocrx_word' id='word_1_143' title='bbox 3378 1137 3470 1190; x_wconf 86' lang='grc' dir='ltr'>τὸν</span> <span class='ocrx_word' id='word_1_144' title='bbox 3532 1134 3674 1206; x_wconf 75' lang='grc' dir='ltr'><strong>αὐτῷ</strong></span> <span class='ocrx_word' id='word_1_145' title='bbox 3731 1134 3854 1208; x_wconf 86' lang='grc' dir='ltr'>πρέ-</span> 
     </span>
    </p>
   </div>
   <div class='ocr_carea' id='block_1_22' title="bbox 2220 1221 3856 1303">
    <p class='ocr_par' dir='ltr' id='par_1_22' title="bbox 2220 1221 3856 1303">
     <span class='ocr_line' id='line_1_23' title="bbox 2220 1221 3856 1303; baseline -0.004 -21"><span class='ocrx_word' id='word_1_146' title='bbox 2220 1249 2390 1283; x_wconf 87' lang='grc' dir='ltr'>ποντα</span> <span class='ocrx_word' id='word_1_147' title='bbox 2453 1235 2555 1298; x_wconf 84' lang='grc' dir='ltr'>τῆς</span> <span class='ocrx_word' id='word_1_148' title='bbox 2616 1227 2855 1303; x_wconf 74' lang='grc' dir='ltr'>ἀρῥήτου</span> <span class='ocrx_word' id='word_1_149' title='bbox 2957 1225 3046 1280; x_wconf 78' lang='grc' dir='ltr'><strong>καὶ</strong></span> <span class='ocrx_word' id='word_1_150' title='bbox 3132 1227 3522 1301; x_wconf 76' lang='grc' dir='ltr'>πρωτοφανοῦς</span> <span class='ocrx_word' id='word_1_151' title='bbox 3599 1221 3856 1298; x_wconf 79' lang='grc' dir='ltr'>ἀγαλλιά-</span> 
     </span>
    </p>
   </div>
   <div class='ocr_carea' id='block_1_23' title="bbox 2222 1337 2376 1379">
    <p class='ocr_par' dir='ltr' id='par_1_23' title="bbox 2222 1337 2376 1379">
     <span class='ocr_line' id='line_1_24' title="bbox 2222 1337 2376 1379; baseline 0 -9"><span class='ocrx_word' id='word_1_152' title='bbox 2222 1337 2376 1379; x_wconf 84' lang='grc' dir='ltr'>σεως.</span> 
     </span>
    </p>
   </div>
   <div class='ocr_carea' id='block_1_24' title="bbox 471 1402 3857 1478">
    <p class='ocr_par' dir='ltr' id='par_1_24' title="bbox 471 1402 3857 1478">
     <span class='ocr_line' id='line_1_25' title="bbox 471 1402 3857 1478; baseline -0.002 -16"><span class='ocrx_word' id='word_1_153' title='bbox 471 1407 710 1462; x_wconf 89' lang='lat' dir='ltr'><strong>doribus</strong></span> <span class='ocrx_word' id='word_1_154' title='bbox 745 1423 937 1463; x_wconf 86' lang='lat' dir='ltr'><strong>revera</strong></span> <span class='ocrx_word' id='word_1_155' title='bbox 967 1405 1145 1462; x_wconf 88' lang='lat' dir='ltr'><strong>solem</strong></span> <span class='ocrx_word' id='word_1_156' title='bbox 1176 1407 1505 1478; x_wconf 78' lang='lat' dir='ltr'><strong>superabat,</strong></span> <span class='ocrx_word' id='word_1_157' title='bbox 1550 1407 1620 1462; x_wconf 91' lang='lat' dir='ltr'><strong>ab</strong></span> <span class='ocrx_word' id='word_1_158' title='bbox 1643 1406 1917 1461; x_wconf 84' lang='lat' dir='ltr'><strong>humanis</strong></span> <span class='ocrx_word' id='word_1_159' title='bbox 1940 1407 2193 1474; x_wconf 89' lang='lat' dir='ltr'><strong>evolans,</strong></span> <span class='ocrx_word' id='word_1_160' title='bbox 2228 1408 2581 1478; x_wconf 89' lang='lat' dir='ltr'><strong>stipantibus</strong></span> <span class='ocrx_word' id='word_1_161' title='bbox 2613 1407 2950 1478; x_wconf 83' lang='lat' dir='ltr'><strong>angelorum</strong></span> <span class='ocrx_word' id='word_1_162' title='bbox 3005 1405 3218 1472; x_wconf 87' lang='lat' dir='ltr'><strong>choris,</strong></span> <span class='ocrx_word' id='word_1_163' title='bbox 3252 1407 3321 1461; x_wconf 89' lang='lat' dir='ltr'><strong>ad</strong></span> <span class='ocrx_word' id='word_1_164' title='bbox 3377 1403 3568 1460; x_wconf 91' lang='lat' dir='ltr'><strong>locum</strong></span> <span class='ocrx_word' id='word_1_165' title='bbox 3620 1402 3857 1469; x_wconf 87' lang='lat' dir='ltr'><strong>transiit,</strong></span> 
     </span>
    </p>
   </div>
   <div class='ocr_carea' id='block_1_25' title="bbox 472 1495 2807 1568">
    <p class='ocr_par' dir='ltr' id='par_1_25' title="bbox 472 1495 2807 1568">
     <span class='ocr_line' id='line_1_26' title="bbox 472 1495 2807 1568; baseline -0 -17"><span class='ocrx_word' id='word_1_166' title='bbox 472 1497 571 1568; x_wconf 91' lang='lat' dir='ltr'><strong>qui</strong></span> <span class='ocrx_word' id='word_1_167' title='bbox 602 1496 792 1568; x_wconf 83' lang='lat' dir='ltr'><strong>ipsam</strong></span> <span class='ocrx_word' id='word_1_168' title='bbox 825 1497 1086 1565; x_wconf 86' lang='lat' dir='ltr'><strong>decebat,</strong></span> <span class='ocrx_word' id='word_1_169' title='bbox 1120 1495 1527 1552; x_wconf 87' lang='lat' dir='ltr'><strong>inenarrabilis</strong></span> <span class='ocrx_word' id='word_1_170' title='bbox 1561 1495 1715 1550; x_wconf 89' lang='lat' dir='ltr'><strong>illius</strong></span> <span class='ocrx_word' id='word_1_171' title='bbox 1749 1495 2041 1568; x_wconf 90' lang='lat' dir='ltr'><strong>primique</strong></span> <span class='ocrx_word' id='word_1_172' title='bbox 2072 1513 2134 1551; x_wconf 90' lang='lat' dir='ltr'><strong>ac</strong></span> <span class='ocrx_word' id='word_1_173' title='bbox 2167 1497 2554 1554; x_wconf 88' lang='lat' dir='ltr'><strong>lucentissimi</strong></span> <span class='ocrx_word' id='word_1_174' title='bbox 2584 1497 2807 1568; x_wconf 85' lang='lat' dir='ltr'><strong>gaudii.</strong></span> 
     </span>
    </p>
   </div>
   <div class='ocr_carea' id='block_1_26' title="bbox 545 1586 2193 1657">
    <p class='ocr_par' dir='ltr' id='par_1_26' title="bbox 545 1586 2193 1657">
     <span class='ocr_line' id='line_1_27' title="bbox 545 1586 2193 1657; baseline 0 -15"><span class='ocrx_word' id='word_1_175' title='bbox 545 1587 629 1642; x_wconf 88' lang='grc'><strong>12.</strong></span> <span class='ocrx_word' id='word_1_176' title='bbox 680 1588 787 1643; x_wconf 88' lang='lat' dir='ltr'><strong>Sed</strong></span> <span class='ocrx_word' id='word_1_177' title='bbox 838 1604 869 1643; x_wconf 89' lang='grc' dir='ltr'><strong>ο</strong></span> <span class='ocrx_word' id='word_1_178' title='bbox 938 1586 1287 1657; x_wconf 87' lang='lat' dir='ltr'><strong>beatissime,</strong></span> <span class='ocrx_word' id='word_1_179' title='bbox 1338 1596 1535 1656; x_wconf 90' lang='lat' dir='ltr'><strong>terque</strong></span> <span class='ocrx_word' id='word_1_180' title='bbox 1623 1587 1981 1654; x_wconf 88' lang='lat' dir='ltr'><strong>beatissime,</strong></span> <span class='ocrx_word' id='word_1_181' title='bbox 2049 1603 2116 1643; x_wconf 90' lang='lat' dir='ltr'><strong>ac</strong></span> <span class='ocrx_word' id='word_1_182' title='bbox 2149 1591 2193 1654; x_wconf 89' lang='grc' dir='ltr'>Β</span> 
     </span>
    </p>
   </div>
   <div class='ocr_carea' id='block_1_27' title="bbox 470 1675 2124 1748">
    <p class='ocr_par' dir='ltr' id='par_1_27' title="bbox 470 1675 2124 1748">
     <span class='ocr_line' id='line_1_28' title="bbox 470 1675 2124 1748; baseline -0.001 -16"><span class='ocrx_word' id='word_1_183' title='bbox 470 1693 718 1748; x_wconf 87' lang='lat' dir='ltr'><strong>prorsus</strong></span> <span class='ocrx_word' id='word_1_184' title='bbox 752 1676 1083 1732; x_wconf 88' lang='lat' dir='ltr'><strong>beatissime</strong></span> <span class='ocrx_word' id='word_1_185' title='bbox 1103 1677 1392 1732; x_wconf 83' lang='lat' dir='ltr'><strong>Joannes:</strong></span> <span class='ocrx_word' id='word_1_186' title='bbox 1430 1691 1639 1746; x_wconf 83' lang='lat' dir='ltr'><strong>magne</strong></span> <span class='ocrx_word' id='word_1_187' title='bbox 1685 1675 1976 1748; x_wconf 86' lang='lat' dir='ltr'><strong>Evangelii</strong></span> <span class='ocrx_word' id='word_1_188' title='bbox 2015 1677 2124 1745; x_wconf 88' lang='lat' dir='ltr'><strong>sol,</strong></span> 
     </span>
    </p>
   </div>
   <div class='ocr_carea' id='block_1_28' title="bbox 465 1763 2118 1837">
    <p class='ocr_par' dir='ltr' id='par_1_28' title="bbox 465 1763 2118 1837">
     <span class='ocr_line' id='line_1_29' title="bbox 465 1763 2118 1837; baseline -0.001 -16"><span class='ocrx_word' id='word_1_189' title='bbox 465 1765 624 1837; x_wconf 87' lang='lat' dir='ltr'><strong>jugis</strong></span> <span class='ocrx_word' id='word_1_190' title='bbox 673 1764 974 1837; x_wconf 60' lang='lat' dir='ltr'><strong>theologia</strong></span> <span class='ocrx_word' id='word_1_191' title='bbox 1039 1767 1354 1836; x_wconf 86' lang='lat' dir='ltr'><strong>scaturigo,</strong></span> <span class='ocrx_word' id='word_1_192' title='bbox 1394 1763 1702 1834; x_wconf 84' lang='lat' dir='ltr'><strong>apostolico</strong></span> <span class='ocrx_word' id='word_1_193' title='bbox 1739 1781 1917 1832; x_wconf 87' lang='lat' dir='ltr'><strong>ratne,</strong></span> <span class='ocrx_word' id='word_1_194' title='bbox 1954 1765 2118 1820; x_wconf 90' lang='lat' dir='ltr'><strong>Petro</strong></span> 
     </span>
    </p>
   </div>
   <div class='ocr_carea' id='block_1_29' title="bbox 475 1853 2125 1926">
    <p class='ocr_par' dir='ltr' id='par_1_29' title="bbox 475 1853 2125 1926">
     <span class='ocr_line' id='line_1_30' title="bbox 475 1853 2125 1926; baseline -0.001 -15"><span class='ocrx_word' id='word_1_195' title='bbox 475 1871 732 1926; x_wconf 87' lang='lat' dir='ltr'><strong>compar,</strong></span> <span class='ocrx_word' id='word_1_196' title='bbox 763 1859 824 1910; x_wconf 91' lang='lat' dir='ltr'><strong>tu</strong></span> <span class='ocrx_word' id='word_1_197' title='bbox 885 1871 988 1910; x_wconf 90' lang='lat' dir='ltr'><strong>nos</strong></span> <span class='ocrx_word' id='word_1_198' title='bbox 1047 1854 1117 1909; x_wconf 90' lang='lat' dir='ltr'><strong>de</strong></span> <span class='ocrx_word' id='word_1_199' title='bbox 1148 1856 1309 1910; x_wconf 71' lang='lat' dir='ltr'><strong>cmlis</strong></span> <span class='ocrx_word' id='word_1_200' title='bbox 1343 1854 1589 1926; x_wconf 89' lang='lat' dir='ltr'><strong>benigne</strong></span> <span class='ocrx_word' id='word_1_201' title='bbox 1629 1853 1874 1909; x_wconf 83' lang='lat' dir='ltr'><strong>intuere.</strong></span> <span class='ocrx_word' id='word_1_202' title='bbox 1921 1853 2125 1910; x_wconf 87' lang='lat' dir='ltr'><strong>Viden’</strong></span> 
     </span>
    </p>
   </div>
   <div class='ocr_carea' id='block_1_30' title="bbox 473 1943 2122 2016">
    <p class='ocr_par' dir='ltr' id='par_1_30' title="bbox 473 1943 2122 2016">
     <span class='ocr_line' id='line_1_31' title="bbox 473 1943 2122 2016; baseline -0.001 -16"><span class='ocrx_word' id='word_1_203' title='bbox 473 1961 649 2016; x_wconf 91' lang='lat' dir='ltr'><strong>quam</strong></span> <span class='ocrx_word' id='word_1_204' title='bbox 681 1944 754 2000; x_wconf 90' lang='lat' dir='ltr'><strong>sit</strong></span> <span class='ocrx_word' id='word_1_205' title='bbox 780 1945 963 2000; x_wconf 82' lang='lat' dir='ltr'><strong>tristis</strong></span> <span class='ocrx_word' id='word_1_206' title='bbox 989 1945 1200 1999; x_wconf 92' lang='lat' dir='ltr'><strong>horum</strong></span> <span class='ocrx_word' id='word_1_207' title='bbox 1229 1943 1566 1999; x_wconf 85' lang='lat' dir='ltr'><strong>inferiorum</strong></span> <span class='ocrx_word' id='word_1_208' title='bbox 1589 1943 2122 2000; x_wconf 79' lang='lat' dir='ltr'><strong>facies?Destructa</strong></span> 
     </span>
    </p>
   </div>
   <div class='ocr_carea' id='block_1_31' title="bbox 477 2032 2122 2106">
    <p class='ocr_par' dir='ltr' id='par_1_31' title="bbox 477 2032 2122 2106">
     <span class='ocr_line' id='line_1_32' title="bbox 477 2032 2122 2106; baseline -0.001 -16"><span class='ocrx_word' id='word_1_209' title='bbox 477 2038 617 2090; x_wconf 89' lang='lat' dir='ltr'><strong>sunt</strong></span> <span class='ocrx_word' id='word_1_210' title='bbox 648 2032 856 2090; x_wconf 87' lang='lat' dir='ltr'><strong>altaria</strong></span> <span class='ocrx_word' id='word_1_211' title='bbox 877 2034 1142 2106; x_wconf 85' lang='lat' dir='ltr'><strong>angustis</strong></span> <span class='ocrx_word' id='word_1_212' title='bbox 1173 2034 1507 2090; x_wconf 89' lang='lat' dir='ltr'><strong>simulacris</strong></span> <span class='ocrx_word' id='word_1_213' title='bbox 1551 2039 1823 2088; x_wconf 89' lang='lat' dir='ltr'><strong>coronata</strong></span> <span class='ocrx_word' id='word_1_214' title='bbox 1849 2051 1861 2087; x_wconf 95' lang='lat'>:</span> <span class='ocrx_word' id='word_1_215' title='bbox 1890 2034 2122 2089; x_wconf 90' lang='lat' dir='ltr'><strong>ablatus</strong></span> 
     </span>
    </p>
   </div>
   <div class='ocr_carea' id='block_1_32' title="bbox 475 2122 2119 2194">
    <p class='ocr_par' dir='ltr' id='par_1_32' title="bbox 475 2122 2119 2194">
     <span class='ocr_line' id='line_1_33' title="bbox 475 2122 2119 2194; baseline -0.002 -14"><span class='ocrx_word' id='word_1_216' title='bbox 475 2127 565 2180; x_wconf 88' lang='lat' dir='ltr'><strong>est</strong></span> <span class='ocrx_word' id='word_1_217' title='bbox 590 2139 890 2180; x_wconf 91' lang='lat' dir='ltr'><strong>sacrorum</strong></span> <span class='ocrx_word' id='word_1_218' title='bbox 913 2122 1262 2194; x_wconf 89' lang='lat' dir='ltr'><strong>templorum</strong></span> <span class='ocrx_word' id='word_1_219' title='bbox 1294 2124 1467 2180; x_wconf 90' lang='lat' dir='ltr'><strong>decor</strong></span> <span class='ocrx_word' id='word_1_220' title='bbox 1489 2147 1502 2178; x_wconf 92' lang='lat'><strong>:</strong></span> <span class='ocrx_word' id='word_1_221' title='bbox 1523 2123 1734 2179; x_wconf 87' lang='lat' dir='ltr'><strong>Christi</strong></span> <span class='ocrx_word' id='word_1_222' title='bbox 1755 2123 1944 2194; x_wconf 85' lang='lat' dir='ltr'><strong>imago</strong></span> <span class='ocrx_word' id='word_1_223' title='bbox 1968 2122 2119 2177; x_wconf 90' lang='lat' dir='ltr'><strong>ludi-</strong></span> 
     </span>
    </p>
   </div>
   <div class='ocr_carea' id='block_1_33' title="bbox 472 2212 2123 2270">
    <p class='ocr_par' dir='ltr' id='par_1_33' title="bbox 472 2212 2123 2270">
     <span class='ocr_line' id='line_1_34' title="bbox 472 2212 2123 2270; baseline -0.002 -1"><span class='ocrx_word' id='word_1_224' title='bbox 472 2213 596 2270; x_wconf 89' lang='lat' dir='ltr'><strong>brio</strong></span> <span class='ocrx_word' id='word_1_225' title='bbox 626 2212 828 2270; x_wconf 88' lang='lat' dir='ltr'><strong>habita</strong></span> <span class='ocrx_word' id='word_1_226' title='bbox 856 2218 941 2268; x_wconf 88' lang='lat' dir='ltr'><strong>est</strong></span> <span class='ocrx_word' id='word_1_227' title='bbox 970 2217 1028 2267; x_wconf 91' lang='lat' dir='ltr'><strong>et</strong></span> <span class='ocrx_word' id='word_1_228' title='bbox 1055 2213 1125 2268; x_wconf 84' lang='lat' dir='ltr'><strong>ad</strong></span> <span class='ocrx_word' id='word_1_229' title='bbox 1166 2212 1416 2268; x_wconf 87' lang='lat' dir='ltr'><strong>nihilum</strong></span> <span class='ocrx_word' id='word_1_230' title='bbox 1464 2213 1697 2268; x_wconf 88' lang='lat' dir='ltr'><strong>redacta</strong></span> <span class='ocrx_word' id='word_1_231' title='bbox 1745 2213 1806 2267; x_wconf 91' lang='lat' dir='ltr'><strong>in</strong></span> <span class='ocrx_word' id='word_1_232' title='bbox 1853 2213 2123 2268; x_wconf 64' lang='lat' dir='ltr'><strong>urbibus,</strong></span> 
     </span>
    </p>
   </div>
   <div class='ocr_carea' id='block_1_34' title="bbox 480 2301 2122 2374">
    <p class='ocr_par' dir='ltr' id='par_1_34' title="bbox 480 2301 2122 2374">
     <span class='ocr_line' id='line_1_35' title="bbox 480 2301 2122 2374; baseline -0.001 -16"><span class='ocrx_word' id='word_1_233' title='bbox 480 2303 625 2372; x_wconf 90' lang='lat' dir='ltr'><strong>ruri,</strong></span> <span class='ocrx_word' id='word_1_234' title='bbox 655 2302 857 2370; x_wconf 90' lang='lat' dir='ltr'><strong>domi;</strong></span> <span class='ocrx_word' id='word_1_235' title='bbox 919 2301 1160 2374; x_wconf 88' lang='lat' dir='ltr'><strong>insuper</strong></span> <span class='ocrx_word' id='word_1_236' title='bbox 1215 2303 1390 2358; x_wconf 90' lang='lat' dir='ltr'><strong>etiam</strong></span> <span class='ocrx_word' id='word_1_237' title='bbox 1442 2301 1720 2374; x_wconf 72' lang='lat' dir='ltr'><strong>Deiparas,</strong></span> <span class='ocrx_word' id='word_1_238' title='bbox 1754 2319 1820 2357; x_wconf 92' lang='lat' dir='ltr'><strong>ac</strong></span> <span class='ocrx_word' id='word_1_239' title='bbox 1864 2301 2122 2372; x_wconf 85' lang='lat' dir='ltr'><strong>cujusvis</strong></span> 
     </span>
    </p>
   </div>
   <div class='ocr_carea' id='block_1_35' title="bbox 479 2391 2121 2460">
    <p class='ocr_par' dir='ltr' id='par_1_35' title="bbox 479 2391 2121 2460">
     <span class='ocr_line' id='line_1_36' title="bbox 479 2391 2121 2460; baseline -0.001 -11"><span class='ocrx_word' id='word_1_240' title='bbox 479 2393 632 2449; x_wconf 89' lang='lat' dir='ltr'><strong>alius</strong></span> <span class='ocrx_word' id='word_1_241' title='bbox 659 2392 744 2448; x_wconf 88' lang='lat' dir='ltr'><strong>tui</strong></span> <span class='ocrx_word' id='word_1_242' title='bbox 784 2391 1088 2458; x_wconf 87' lang='lat' dir='ltr'><strong>similium,</strong></span> <span class='ocrx_word' id='word_1_243' title='bbox 1120 2396 1218 2446; x_wconf 90' lang='lat' dir='ltr'><strong>aut</strong></span> <span class='ocrx_word' id='word_1_244' title='bbox 1265 2393 1439 2447; x_wconf 89' lang='lat' dir='ltr'><strong>etiam</strong></span> <span class='ocrx_word' id='word_1_245' title='bbox 1487 2395 1544 2447; x_wconf 91' lang='lat' dir='ltr'><strong>te</strong></span> <span class='ocrx_word' id='word_1_246' title='bbox 1596 2391 1959 2460; x_wconf 89' lang='lat' dir='ltr'><strong>minorum,a</strong></span> <span class='ocrx_word' id='word_1_247' title='bbox 2007 2392 2121 2448; x_wconf 92' lang='lat' dir='ltr'><strong>Deo</strong></span> 
     </span>
    </p>
   </div>
   <div class='ocr_carea' id='block_1_36' title="bbox 480 2481 2122 2545">
    <p class='ocr_par' dir='ltr' id='par_1_36' title="bbox 480 2481 2122 2545">
     <span class='ocr_line' id='line_1_37' title="bbox 480 2481 2122 2545; baseline -0.001 -7"><span class='ocrx_word' id='word_1_248' title='bbox 480 2482 813 2538; x_wconf 81' lang='lat' dir='ltr'><strong>amatorum</strong></span> <span class='ocrx_word' id='word_1_249' title='bbox 872 2485 1128 2536; x_wconf 87' lang='lat' dir='ltr'><strong>Patrum.</strong></span> <span class='ocrx_word' id='word_1_250' title='bbox 1153 2481 1443 2537; x_wconf 88' lang='lat' dir='ltr'><strong>Luctuosa</strong></span> <span class='ocrx_word' id='word_1_251' title='bbox 1495 2481 1712 2545; x_wconf 87' lang='lat' dir='ltr'><strong>omnia,</strong></span> <span class='ocrx_word' id='word_1_252' title='bbox 1743 2482 1989 2536; x_wconf 88' lang='lat' dir='ltr'><strong>Assume</strong></span> <span class='ocrx_word' id='word_1_253' title='bbox 2021 2483 2122 2536; x_wconf 90' lang='lat' dir='ltr'><strong>Pe-</strong></span> 
     </span>
    </p>
   </div>
   <div class='ocr_carea' id='block_1_37' title="bbox 480 2570 2123 2642">
    <p class='ocr_par' dir='ltr' id='par_1_37' title="bbox 480 2570 2123 2642">
     <span class='ocr_line' id='line_1_38' title="bbox 480 2570 2123 2642; baseline -0.001 -16"><span class='ocrx_word' id='word_1_254' title='bbox 480 2575 639 2626; x_wconf 86' lang='lat' dir='ltr'><strong>trum</strong></span> <span class='ocrx_word' id='word_1_255' title='bbox 699 2586 934 2642; x_wconf 91' lang='lat' dir='ltr'><strong>unaque</strong></span> <span class='ocrx_word' id='word_1_256' title='bbox 979 2571 1259 2626; x_wconf 83' lang='lat' dir='ltr'><strong>Jacobum</strong></span> <span class='ocrx_word' id='word_1_257' title='bbox 1317 2586 1582 2627; x_wconf 84' lang='lat' dir='ltr'><strong>assumas</strong></span> <span class='ocrx_word' id='word_1_258' title='bbox 1641 2586 1932 2642; x_wconf 82' lang='lat' dir='ltr'><strong>rogamus.</strong></span> <span class='ocrx_word' id='word_1_259' title='bbox 1983 2570 2123 2625; x_wconf 89' lang='lat' dir='ltr'><strong>Tres</strong></span> 
     </span>
    </p>
   </div>
   <div class='ocr_carea' id='block_1_38' title="bbox 478 2659 2124 2730">
    <p class='ocr_par' dir='ltr' id='par_1_38' title="bbox 478 2659 2124 2730">
     <span class='ocr_line' id='line_1_39' title="bbox 478 2659 2124 2730; baseline -0.001 -14"><span class='ocrx_word' id='word_1_260' title='bbox 478 2676 603 2726; x_wconf 87' lang='lat' dir='ltr'><strong>vos,</strong></span> <span class='ocrx_word' id='word_1_261' title='bbox 634 2659 846 2715; x_wconf 84' lang='lat' dir='ltr'><strong>Christi</strong></span> <span class='ocrx_word' id='word_1_262' title='bbox 877 2660 1118 2715; x_wconf 91' lang='lat' dir='ltr'><strong>comites</strong></span> <span class='ocrx_word' id='word_1_263' title='bbox 1151 2659 1396 2725; x_wconf 86' lang='lat' dir='ltr'><strong>assidui,</strong></span> <span class='ocrx_word' id='word_1_264' title='bbox 1421 2676 1552 2714; x_wconf 90' lang='lat' dir='ltr'><strong>cum</strong></span> <span class='ocrx_word' id='word_1_265' title='bbox 1605 2665 1692 2715; x_wconf 88' lang='lat' dir='ltr'><strong>est</strong></span> <span class='ocrx_word' id='word_1_266' title='bbox 1739 2660 2124 2730; x_wconf 79' lang='lat' dir='ltr'><strong>transﬁgura-</strong></span> 
     </span>
    </p>
   </div>
   <div class='ocr_carea' id='block_1_39' title="bbox 483 2748 2126 2820">
    <p class='ocr_par' dir='ltr' id='par_1_39' title="bbox 483 2748 2126 2820">
     <span class='ocr_line' id='line_1_40' title="bbox 483 2748 2126 2820; baseline -0.003 -14"><span class='ocrx_word' id='word_1_267' title='bbox 483 2755 602 2818; x_wconf 91' lang='lat' dir='ltr'><strong>tus,</strong></span> <span class='ocrx_word' id='word_1_268' title='bbox 624 2765 759 2805; x_wconf 91' lang='lat' dir='ltr'><strong>cum</strong></span> <span class='ocrx_word' id='word_1_269' title='bbox 791 2749 1059 2820; x_wconf 89' lang='lat' dir='ltr'><strong>pleraque</strong></span> <span class='ocrx_word' id='word_1_270' title='bbox 1091 2748 1377 2805; x_wconf 90' lang='lat' dir='ltr'><strong>miracula</strong></span> <span class='ocrx_word' id='word_1_271' title='bbox 1405 2750 1622 2817; x_wconf 86' lang='lat' dir='ltr'><strong>ederet,</strong></span> <span class='ocrx_word' id='word_1_272' title='bbox 1644 2765 1778 2805; x_wconf 88' lang='lat' dir='ltr'><strong>cum</strong></span> <span class='ocrx_word' id='word_1_273' title='bbox 1827 2749 1884 2803; x_wconf 92' lang='lat' dir='ltr'><strong>in</strong></span> <span class='ocrx_word' id='word_1_274' title='bbox 1919 2749 2126 2820; x_wconf 85' lang='lat' dir='ltr'><strong>agonia</strong></span> 
     </span>
    </p>
   </div>
   <div class='ocr_carea' id='block_1_40' title="bbox 483 2837 2126 2911">
    <p class='ocr_par' dir='ltr' id='par_1_40' title="bbox 483 2837 2126 2911">
     <span class='ocr_line' id='line_1_41' title="bbox 483 2837 2126 2911; baseline -0.004 -15"><span class='ocrx_word' id='word_1_275' title='bbox 483 2855 681 2911; x_wconf 88' lang='lat' dir='ltr'><strong>preces</strong></span> <span class='ocrx_word' id='word_1_276' title='bbox 714 2837 1000 2904; x_wconf 89' lang='lat' dir='ltr'><strong>funderet,</strong></span> <span class='ocrx_word' id='word_1_277' title='bbox 1034 2838 1192 2894; x_wconf 90' lang='lat' dir='ltr'><strong>velut</strong></span> <span class='ocrx_word' id='word_1_278' title='bbox 1214 2838 1340 2908; x_wconf 89' lang='lat' dir='ltr'><strong>jam</strong></span> <span class='ocrx_word' id='word_1_279' title='bbox 1374 2837 1610 2910; x_wconf 87' lang='lat' dir='ltr'><strong>collegis</strong></span> <span class='ocrx_word' id='word_1_280' title='bbox 1665 2838 1794 2892; x_wconf 89' lang='lat' dir='ltr'><strong>aliis</strong></span> <span class='ocrx_word' id='word_1_281' title='bbox 1824 2855 1887 2894; x_wconf 89' lang='lat' dir='ltr'><strong>ac</strong></span> <span class='ocrx_word' id='word_1_282' title='bbox 1919 2839 2126 2893; x_wconf 89' lang='lat' dir='ltr'><strong>condi-</strong></span> 
     </span>
    </p>
   </div>
   <div class='ocr_carea' id='block_1_41' title="bbox 479 2927 2194 3025">
    <p class='ocr_par' dir='ltr' id='par_1_41' title="bbox 479 2927 2194 3025">
     <span class='ocr_line' id='line_1_42' title="bbox 479 2927 2194 3025; baseline -0.002 -40"><span class='ocrx_word' id='word_1_283' title='bbox 479 2928 722 3001; x_wconf 87' lang='lat' dir='ltr'><strong>scipulis</strong></span> <span class='ocrx_word' id='word_1_284' title='bbox 771 2927 955 2998; x_wconf 81' lang='lat' dir='ltr'><strong>magis</strong></span> <span class='ocrx_word' id='word_1_285' title='bbox 1002 2928 1322 3000; x_wconf 90' lang='lat' dir='ltr'><strong>spiritales,</strong></span> <span class='ocrx_word' id='word_1_286' title='bbox 1359 2943 1424 3025; x_wconf 77' lang='lat' dir='ltr'><strong>ac</strong></span> <span class='ocrx_word' id='word_1_287' title='bbox 1461 2927 1656 2983; x_wconf 90' lang='lat' dir='ltr'><strong>divina</strong></span> <span class='ocrx_word' id='word_1_288' title='bbox 1699 2927 1894 2996; x_wconf 91' lang='lat' dir='ltr'><strong>docti;</strong></span> <span class='ocrx_word' id='word_1_289' title='bbox 1926 2927 2034 2997; x_wconf 91' lang='lat' dir='ltr'><strong>ipsi</strong></span> <span class='ocrx_word' id='word_1_290' title='bbox 2066 2931 2123 2981; x_wconf 87' lang='lat' dir='ltr'><strong>et</strong></span> <span class='ocrx_word' id='word_1_291' title='bbox 2153 2959 2194 3025; x_wconf 77' lang='lat' dir='ltr'>C</span> 
     </span>
    </p>
   </div>
   <div class='ocr_carea' id='block_1_42' title="bbox 483 3017 2122 3085">
    <p class='ocr_par' dir='ltr' id='par_1_42' title="bbox 483 3017 2122 3085">
     <span class='ocr_line' id='line_1_43' title="bbox 483 3017 2122 3085; baseline -0.002 -10"><span class='ocrx_word' id='word_1_292' title='bbox 483 3019 642 3075; x_wconf 87' lang='lat' dir='ltr'><strong>modo</strong></span> <span class='ocrx_word' id='word_1_293' title='bbox 666 3033 792 3074; x_wconf 91' lang='lat' dir='ltr'><strong>cum</strong></span> <span class='ocrx_word' id='word_1_294' title='bbox 826 3019 994 3074; x_wconf 87' lang='lat' dir='ltr'><strong>beata</strong></span> <span class='ocrx_word' id='word_1_295' title='bbox 1025 3034 1228 3074; x_wconf 92' lang='lat' dir='ltr'><strong>novem</strong></span> <span class='ocrx_word' id='word_1_296' title='bbox 1261 3017 1555 3073; x_wconf 89' lang='lat' dir='ltr'><strong>sociorum</strong></span> <span class='ocrx_word' id='word_1_297' title='bbox 1592 3021 1838 3085; x_wconf 87' lang='lat' dir='ltr'><strong>caterva,</strong></span> <span class='ocrx_word' id='word_1_298' title='bbox 1864 3021 2122 3074; x_wconf 89' lang='lat' dir='ltr'><strong>sanetam</strong></span> 
     </span>
    </p>
   </div>
   <div class='ocr_carea' id='block_1_43' title="bbox 483 3107 2121 3179">
    <p class='ocr_par' dir='ltr' id='par_1_43' title="bbox 483 3107 2121 3179">
     <span class='ocr_line' id='line_1_44' title="bbox 483 3107 2121 3179; baseline -0.001 -15"><span class='ocrx_word' id='word_1_299' title='bbox 483 3109 647 3166; x_wconf 90' lang='lat' dir='ltr'><strong>nobis</strong></span> <span class='ocrx_word' id='word_1_300' title='bbox 702 3107 1042 3164; x_wconf 86' lang='lat' dir='ltr'><strong>Trinitatem</strong></span> <span class='ocrx_word' id='word_1_301' title='bbox 1104 3108 1412 3179; x_wconf 88' lang='lat' dir='ltr'><strong>propitiam</strong></span> <span class='ocrx_word' id='word_1_302' title='bbox 1473 3107 1713 3179; x_wconf 89' lang='lat' dir='ltr'><strong>reddite,</strong></span> <span class='ocrx_word' id='word_1_303' title='bbox 1749 3115 1811 3162; x_wconf 85' lang='lat' dir='ltr'><strong>ut</strong></span> <span class='ocrx_word' id='word_1_304' title='bbox 1854 3107 2121 3162; x_wconf 85' lang='lat' dir='ltr'><strong>Christus</strong></span> 
     </span>
    </p>
   </div>
   <div class='ocr_carea' id='block_1_44' title="bbox 479 3197 2122 3269">
    <p class='ocr_par' dir='ltr' id='par_1_44' title="bbox 479 3197 2122 3269">
     <span class='ocr_line' id='line_1_45' title="bbox 479 3197 2122 3269; baseline 0.001 -17"><span class='ocrx_word' id='word_1_305' title='bbox 479 3197 747 3269; x_wconf 90' lang='lat' dir='ltr'><strong>iniquum</strong></span> <span class='ocrx_word' id='word_1_306' title='bbox 779 3197 885 3252; x_wconf 93' lang='lat' dir='ltr'><strong>hoc</strong></span> <span class='ocrx_word' id='word_1_307' title='bbox 909 3211 1067 3252; x_wconf 88' lang='lat' dir='ltr'><strong>mare</strong></span> <span class='ocrx_word' id='word_1_308' title='bbox 1105 3198 1383 3269; x_wconf 90' lang='lat' dir='ltr'><strong>increpet.</strong></span> <span class='ocrx_word' id='word_1_309' title='bbox 1418 3201 1482 3251; x_wconf 92' lang='lat' dir='ltr'><strong>ut</strong></span> <span class='ocrx_word' id='word_1_310' title='bbox 1512 3199 1805 3268; x_wconf 89' lang='lat' dir='ltr'><strong>quondam</strong></span> <span class='ocrx_word' id='word_1_311' title='bbox 1832 3197 2122 3268; x_wconf 90' lang='lat' dir='ltr'><strong>increpuit</strong></span> 
     </span>
    </p>
   </div>
   <div class='ocr_carea' id='block_1_45' title="bbox 485 3286 2117 3360">
    <p class='ocr_par' dir='ltr' id='par_1_45' title="bbox 485 3286 2117 3360">
     <span class='ocr_line' id='line_1_46' title="bbox 485 3286 2117 3360; baseline -0.002 -16"><span class='ocrx_word' id='word_1_312' title='bbox 485 3288 640 3360; x_wconf 85' lang='lat' dir='ltr'><strong>apud</strong></span> <span class='ocrx_word' id='word_1_313' title='bbox 672 3286 1068 3342; x_wconf 89' lang='lat' dir='ltr'><strong>Tiberiadem:</strong></span> <span class='ocrx_word' id='word_1_314' title='bbox 1104 3286 1544 3357; x_wconf 86' lang='lat' dir='ltr'><strong>tranquillitate,</strong></span> <span class='ocrx_word' id='word_1_315' title='bbox 1568 3303 1696 3358; x_wconf 72' lang='lat' dir='ltr'><strong>quae</strong></span> <span class='ocrx_word' id='word_1_316' title='bbox 1741 3303 1941 3359; x_wconf 88' lang='lat' dir='ltr'><strong>pacem</strong></span> <span class='ocrx_word' id='word_1_317' title='bbox 1976 3305 2117 3358; x_wconf 68' lang='lat' dir='ltr'><strong>prae-</strong></span> 
     </span>
    </p>
   </div>
   <div class='ocr_carea' id='block_1_46' title="bbox 473 3374 2118 3445">
    <p class='ocr_par' dir='ltr' id='par_1_46' title="bbox 473 3374 2118 3445">
     <span class='ocr_line' id='line_1_47' title="bbox 473 3374 2118 3445; baseline -0.001 -12"><span class='ocrx_word' id='word_1_318' title='bbox 473 3381 603 3444; x_wconf 89' lang='lat' dir='ltr'><strong>stet,</strong></span> <span class='ocrx_word' id='word_1_319' title='bbox 635 3374 892 3430; x_wconf 88' lang='lat' dir='ltr'><strong>vicissim</strong></span> <span class='ocrx_word' id='word_1_320' title='bbox 924 3375 1251 3443; x_wconf 81' lang='lat' dir='ltr'><strong>exoriente;</strong></span> <span class='ocrx_word' id='word_1_321' title='bbox 1287 3380 1352 3430; x_wconf 90' lang='lat' dir='ltr'><strong>ut</strong></span> <span class='ocrx_word' id='word_1_322' title='bbox 1399 3391 1538 3430; x_wconf 87' lang='lat' dir='ltr'><strong>suas</strong></span> <span class='ocrx_word' id='word_1_323' title='bbox 1575 3377 1698 3445; x_wconf 91' lang='lat' dir='ltr'><strong>ipse</strong></span> <span class='ocrx_word' id='word_1_324' title='bbox 1728 3375 2020 3443; x_wconf 90' lang='lat' dir='ltr'><strong>ecclesias,</strong></span> <span class='ocrx_word' id='word_1_325' title='bbox 2056 3378 2118 3432; x_wconf 91' lang='lat' dir='ltr'><strong>in</strong></span> 
     </span>
    </p>
   </div>
   <div class='ocr_carea' id='block_1_47' title="bbox 471 3462 2112 3534">
    <p class='ocr_par' dir='ltr' id='par_1_47' title="bbox 471 3462 2112 3534">
     <span class='ocr_line' id='line_1_48' title="bbox 471 3462 2112 3534; baseline -0.001 -15"><span class='ocrx_word' id='word_1_326' title='bbox 471 3465 774 3534; x_wconf 88' lang='lat' dir='ltr'><strong>antiquam</strong></span> <span class='ocrx_word' id='word_1_327' title='bbox 805 3462 963 3517; x_wconf 87' lang='lat' dir='ltr'><strong>illam</strong></span> <span class='ocrx_word' id='word_1_328' title='bbox 995 3462 1395 3533; x_wconf 86' lang='lat' dir='ltr'><strong>e&#39;tjucundam</strong></span> <span class='ocrx_word' id='word_1_329' title='bbox 1444 3463 1793 3520; x_wconf 81' lang='lat' dir='ltr'><strong>orthodoxias</strong></span> <span class='ocrx_word' id='word_1_330' title='bbox 1834 3477 2112 3519; x_wconf 82' lang='lat' dir='ltr'><strong>venusta-</strong></span> 
     </span>
    </p>
   </div>
   <div class='ocr_carea' id='block_1_48' title="bbox 475 3552 2114 3620">
    <p class='ocr_par' dir='ltr' id='par_1_48' title="bbox 475 3552 2114 3620">
     <span class='ocr_line' id='line_1_49' title="bbox 475 3552 2114 3620; baseline -0.001 -11"><span class='ocrx_word' id='word_1_331' title='bbox 475 3558 587 3609; x_wconf 85' lang='lat' dir='ltr'><strong>tem</strong></span> <span class='ocrx_word' id='word_1_332' title='bbox 645 3552 1009 3608; x_wconf 89' lang='lat' dir='ltr'><strong>reducat.Tu</strong></span> <span class='ocrx_word' id='word_1_333' title='bbox 1035 3568 1167 3607; x_wconf 92' lang='lat' dir='ltr'><strong>vero</strong></span> <span class='ocrx_word' id='word_1_334' title='bbox 1228 3552 1375 3606; x_wconf 90' lang='lat' dir='ltr'><strong>mihi</strong></span> <span class='ocrx_word' id='word_1_335' title='bbox 1423 3553 1746 3618; x_wconf 87' lang='lat' dir='ltr'><strong>temerario,</strong></span> <span class='ocrx_word' id='word_1_336' title='bbox 1787 3552 1870 3607; x_wconf 88' lang='lat' dir='ltr'><strong>vir</strong></span> <span class='ocrx_word' id='word_1_337' title='bbox 1928 3554 2114 3620; x_wconf 90' lang='lat' dir='ltr'><strong>beate,</strong></span> 
     </span>
    </p>
   </div>
   <div class='ocr_carea' id='block_1_49' title="bbox 471 3641 2112 3715">
    <p class='ocr_par' dir='ltr' id='par_1_49' title="bbox 471 3641 2112 3715">
     <span class='ocr_line' id='line_1_50' title="bbox 471 3641 2112 3715; baseline 0.001 -19"><span class='ocrx_word' id='word_1_338' title='bbox 471 3642 758 3715; x_wconf 86' lang='lat' dir='ltr'><strong>propitius</strong></span> <span class='ocrx_word' id='word_1_339' title='bbox 807 3645 948 3711; x_wconf 87' lang='lat' dir='ltr'><strong>esto,</strong></span> <span class='ocrx_word' id='word_1_340' title='bbox 985 3641 1082 3712; x_wconf 92' lang='lat' dir='ltr'><strong>qui</strong></span> <span class='ocrx_word' id='word_1_341' title='bbox 1144 3642 1469 3708; x_wconf 91' lang='lat' dir='ltr'><strong>debuerim,</strong></span> <span class='ocrx_word' id='word_1_342' title='bbox 1501 3646 1559 3697; x_wconf 89' lang='lat' dir='ltr'><strong>at</strong></span> <span class='ocrx_word' id='word_1_343' title='bbox 1600 3658 1715 3698; x_wconf 93' lang='lat' dir='ltr'><strong>non</strong></span> <span class='ocrx_word' id='word_1_344' title='bbox 1760 3641 2112 3697; x_wconf 89' lang='lat' dir='ltr'><strong>laudaverim</strong></span> 
     </span>
    </p>
   </div>
   <div class='ocr_carea' id='block_1_50' title="bbox 466 3732 2110 3806">
    <p class='ocr_par' dir='ltr' id='par_1_50' title="bbox 466 3732 2110 3806">
     <span class='ocr_line' id='line_1_51' title="bbox 466 3732 2110 3806; baseline -0.001 -16"><span class='ocrx_word' id='word_1_345' title='bbox 466 3735 565 3790; x_wconf 88' lang='lat' dir='ltr'><strong>sed</strong></span> <span class='ocrx_word' id='word_1_346' title='bbox 597 3738 655 3789; x_wconf 90' lang='lat' dir='ltr'><strong>et</strong></span> <span class='ocrx_word' id='word_1_347' title='bbox 693 3748 792 3790; x_wconf 90' lang='lat' dir='ltr'><strong>eos</strong></span> <span class='ocrx_word' id='word_1_348' title='bbox 852 3733 1152 3803; x_wconf 89' lang='lat' dir='ltr'><strong>suscipere</strong></span> <span class='ocrx_word' id='word_1_349' title='bbox 1198 3733 1480 3806; x_wconf 86' lang='lat' dir='ltr'><strong>digneris,</strong></span> <span class='ocrx_word' id='word_1_350' title='bbox 1515 3733 1613 3804; x_wconf 92' lang='lat' dir='ltr'><strong>qui</strong></span> <span class='ocrx_word' id='word_1_351' title='bbox 1674 3733 1958 3804; x_wconf 91' lang='lat' dir='ltr'><strong>templum</strong></span> <span class='ocrx_word' id='word_1_352' title='bbox 2003 3732 2110 3788; x_wconf 92' lang='lat' dir='ltr'><strong>hoc</strong></span> 
     </span>
    </p>
   </div>
   <div class='ocr_carea' id='block_1_51' title="bbox 467 3821 2110 3894">
    <p class='ocr_par' dir='ltr' id='par_1_51' title="bbox 467 3821 2110 3894">
     <span class='ocr_line' id='line_1_52' title="bbox 467 3821 2110 3894; baseline -0.001 -17"><span class='ocrx_word' id='word_1_353' title='bbox 467 3839 642 3894; x_wconf 89' lang='lat' dir='ltr'><strong>quam</strong></span> <span class='ocrx_word' id='word_1_354' title='bbox 676 3827 876 3878; x_wconf 85' lang='lat' dir='ltr'><strong>ornate</strong></span> <span class='ocrx_word' id='word_1_355' title='bbox 897 3826 1013 3876; x_wconf 87' lang='lat' dir='ltr'><strong>tam</strong></span> <span class='ocrx_word' id='word_1_356' title='bbox 1044 3826 1384 3892; x_wconf 89' lang='lat' dir='ltr'><strong>sumptuose</strong></span> <span class='ocrx_word' id='word_1_357' title='bbox 1430 3821 1536 3876; x_wconf 89' lang='lat' dir='ltr'><strong>tibi</strong></span> <span class='ocrx_word' id='word_1_358' title='bbox 1589 3825 2019 3889; x_wconf 83' lang='lat' dir='ltr'><strong>exstruxerunt,</strong></span> <span class='ocrx_word' id='word_1_359' title='bbox 2053 3821 2110 3876; x_wconf 91' lang='lat' dir='ltr'><strong>in</strong></span> 
     </span>
    </p>
   </div>
   <div class='ocr_carea' id='block_1_52' title="bbox 473 3911 2108 3986">
    <p class='ocr_par' dir='ltr' id='par_1_52' title="bbox 473 3911 2108 3986">
     <span class='ocr_line' id='line_1_53' title="bbox 473 3911 2108 3986; baseline -0.002 -16"><span class='ocrx_word' id='word_1_360' title='bbox 473 3931 588 3986; x_wconf 89' lang='lat' dir='ltr'><strong>quo</strong></span> <span class='ocrx_word' id='word_1_361' title='bbox 637 3918 692 3969; x_wconf 92' lang='lat' dir='ltr'><strong>et</strong></span> <span class='ocrx_word' id='word_1_362' title='bbox 737 3914 932 3984; x_wconf 88' lang='lat' dir='ltr'><strong>plures</strong></span> <span class='ocrx_word' id='word_1_363' title='bbox 970 3911 1029 3966; x_wconf 90' lang='lat' dir='ltr'><strong>in</strong></span> <span class='ocrx_word' id='word_1_364' title='bbox 1079 3911 1404 3980; x_wconf 89' lang='lat' dir='ltr'><strong>vestibulis,</strong></span> <span class='ocrx_word' id='word_1_365' title='bbox 1464 3911 1880 3967; x_wconf 85' lang='lat' dir='ltr'><strong>monachorum</strong></span> <span class='ocrx_word' id='word_1_366' title='bbox 1934 3926 2108 3979; x_wconf 91' lang='lat' dir='ltr'><strong>more,</strong></span> 
     </span>
    </p>
   </div>
   <div class='ocr_carea' id='block_1_53' title="bbox 467 4002 2108 4076">
    <p class='ocr_par' dir='ltr' id='par_1_53' title="bbox 467 4002 2108 4076">
     <span class='ocr_line' id='line_1_54' title="bbox 467 4002 2108 4076; baseline -0.002 -16"><span class='ocrx_word' id='word_1_367' title='bbox 467 4021 709 4076; x_wconf 87' lang='lat' dir='ltr'><strong>corpora</strong></span> <span class='ocrx_word' id='word_1_368' title='bbox 767 4021 872 4061; x_wconf 90' lang='lat' dir='ltr'><strong>sua</strong></span> <span class='ocrx_word' id='word_1_369' title='bbox 928 4003 1308 4073; x_wconf 91' lang='lat' dir='ltr'><strong>reliquerunt,</strong></span> <span class='ocrx_word' id='word_1_370' title='bbox 1332 4007 1396 4058; x_wconf 91' lang='lat' dir='ltr'><strong>ut</strong></span> <span class='ocrx_word' id='word_1_371' title='bbox 1436 4003 1528 4057; x_wconf 92' lang='lat' dir='ltr'><strong>hic</strong></span> <span class='ocrx_word' id='word_1_372' title='bbox 1580 4003 1772 4073; x_wconf 91' lang='lat' dir='ltr'><strong>positi,</strong></span> <span class='ocrx_word' id='word_1_373' title='bbox 1807 4002 2108 4073; x_wconf 90' lang='lat' dir='ltr'><strong>splendido</strong></span> 
     </span>
    </p>
   </div>
   <div class='ocr_carea' id='block_1_54' title="bbox 469 4091 2106 4166">
    <p class='ocr_par' dir='ltr' id='par_1_54' title="bbox 469 4091 2106 4166">
     <span class='ocr_line' id='line_1_55' title="bbox 469 4091 2106 4166; baseline -0.002 -16"><span class='ocrx_word' id='word_1_374' title='bbox 469 4095 803 4166; x_wconf 73' lang='lat' dir='ltr'><strong>cmlestique</strong></span> <span class='ocrx_word' id='word_1_375' title='bbox 827 4091 1200 4150; x_wconf 90' lang='lat' dir='ltr'><strong>tabernaculo</strong></span> <span class='ocrx_word' id='word_1_376' title='bbox 1232 4099 1330 4148; x_wconf 88' lang='lat' dir='ltr'><strong>tuo</strong></span> <span class='ocrx_word' id='word_1_377' title='bbox 1389 4092 1826 4149; x_wconf 88' lang='lat' dir='ltr'><strong>advolverentur</strong></span> <span class='ocrx_word' id='word_1_378' title='bbox 1853 4109 1867 4159; x_wconf 91' lang='lat'><strong>;</strong></span> <span class='ocrx_word' id='word_1_379' title='bbox 1895 4095 1950 4147; x_wconf 90' lang='lat' dir='ltr'><strong>te</strong></span> <span class='ocrx_word' id='word_1_380' title='bbox 1983 4099 2106 4146; x_wconf 90' lang='lat' dir='ltr'><strong>tan-</strong></span> 
     </span>
    </p>
   </div>
   <div class='ocr_carea' id='block_1_55' title="bbox 468 4181 2109 4253">
    <p class='ocr_par' dir='ltr' id='par_1_55' title="bbox 468 4181 2109 4253">
     <span class='ocr_line' id='line_1_56' title="bbox 468 4181 2109 4253; baseline -0.004 -13"><span class='ocrx_word' id='word_1_381' title='bbox 468 4191 595 4240; x_wconf 89' lang='lat' dir='ltr'><strong>tum</strong></span> <span class='ocrx_word' id='word_1_382' title='bbox 627 4185 815 4240; x_wconf 89' lang='lat' dir='ltr'><strong>videre</strong></span> <span class='ocrx_word' id='word_1_383' title='bbox 847 4187 1136 4253; x_wconf 82' lang='lat' dir='ltr'><strong>Optantes,</strong></span> <span class='ocrx_word' id='word_1_384' title='bbox 1171 4198 1302 4236; x_wconf 90' lang='lat' dir='ltr'><strong>cum</strong></span> <span class='ocrx_word' id='word_1_385' title='bbox 1357 4182 1625 4238; x_wconf 88' lang='lat' dir='ltr'><strong>universo</strong></span> <span class='ocrx_word' id='word_1_386' title='bbox 1657 4197 1851 4252; x_wconf 85' lang='lat' dir='ltr'><strong>grege,</strong></span> <span class='ocrx_word' id='word_1_387' title='bbox 1885 4197 1988 4252; x_wconf 91' lang='lat' dir='ltr'><strong>pro</strong></span> <span class='ocrx_word' id='word_1_388' title='bbox 2018 4181 2109 4234; x_wconf 89' lang='lat' dir='ltr'><strong>di-</strong></span> 
     </span>
    </p>
   </div>
   <div class='ocr_carea' id='block_1_56' title="bbox 468 4271 2105 4346">
    <p class='ocr_par' dir='ltr' id='par_1_56' title="bbox 468 4271 2105 4346">
     <span class='ocr_line' id='line_1_57' title="bbox 468 4271 2105 4346; baseline -0.002 -18"><span class='ocrx_word' id='word_1_389' title='bbox 468 4273 709 4346; x_wconf 89' lang='lat' dir='ltr'><strong>gnitatis</strong></span> <span class='ocrx_word' id='word_1_390' title='bbox 741 4289 1041 4339; x_wconf 87' lang='lat' dir='ltr'><strong>mensura,</strong></span> <span class='ocrx_word' id='word_1_391' title='bbox 1075 4280 1355 4343; x_wconf 90' lang='lat' dir='ltr'><strong>quantum</strong></span> <span class='ocrx_word' id='word_1_392' title='bbox 1389 4272 1463 4327; x_wconf 89' lang='lat' dir='ltr'><strong>iis</strong></span> <span class='ocrx_word' id='word_1_393' title='bbox 1494 4287 1836 4327; x_wconf 88' lang='lat' dir='ltr'><strong>concessum</strong></span> <span class='ocrx_word' id='word_1_394' title='bbox 1867 4275 1970 4339; x_wconf 90' lang='lat' dir='ltr'><strong>est,</strong></span> <span class='ocrx_word' id='word_1_395' title='bbox 2005 4271 2105 4340; x_wconf 91' lang='lat' dir='ltr'><strong>qui</strong></span> 
     </span>
    </p>
   </div>
   <div class='ocr_carea' id='block_1_57' title="bbox 470 4342 2186 4433">
    <p class='ocr_par' dir='ltr' id='par_1_57' title="bbox 470 4342 2186 4433">
     <span class='ocr_line' id='line_1_58' title="bbox 470 4342 2186 4433; baseline -0.002 -15"><span class='ocrx_word' id='word_1_396' title='bbox 470 4342 676 4418; x_wconf 72' lang='lat' dir='ltr'><strong>eterra</strong></span> <span class='ocrx_word' id='word_1_397' title='bbox 723 4364 782 4418; x_wconf 93' lang='lat' dir='ltr'><strong>in</strong></span> <span class='ocrx_word' id='word_1_398' title='bbox 819 4363 1002 4418; x_wconf 89' lang='lat' dir='ltr'><strong>solem</strong></span> <span class='ocrx_word' id='word_1_399' title='bbox 1042 4342 1240 4432; x_wconf 84' lang='lat' dir='ltr'><strong>ipsum</strong></span> <span class='ocrx_word' id='word_1_400' title='bbox 1270 4361 1597 4433; x_wconf 85' lang='lat' dir='ltr'><strong>aspiciunt:</strong></span> <span class='ocrx_word' id='word_1_401' title='bbox 1633 4361 1689 4416; x_wconf 92' lang='lat' dir='ltr'><strong>in</strong></span> <span class='ocrx_word' id='word_1_402' title='bbox 1713 4360 1939 4417; x_wconf 92' lang='lat' dir='ltr'><strong>Christo</strong></span> <span class='ocrx_word' id='word_1_403' title='bbox 1969 4360 2108 4415; x_wconf 89' lang='lat' dir='ltr'><strong>Jesu</strong></span> <span class='ocrx_word' id='word_1_404' title='bbox 2145 4342 2186 4408; x_wconf 78' lang='grc' dir='ltr'><strong>Ι)</strong></span> 
     </span>
    </p>
   </div>
   <div class='ocr_carea' id='block_1_58' title="bbox 467 4450 2107 4522">
    <p class='ocr_par' dir='ltr' id='par_1_58' title="bbox 467 4450 2107 4522">
     <span class='ocr_line' id='line_1_59' title="bbox 467 4450 2107 4522; baseline -0.002 -14"><span class='ocrx_word' id='word_1_405' title='bbox 467 4451 714 4508; x_wconf 88' lang='lat' dir='ltr'><strong>Domino</strong></span> <span class='ocrx_word' id='word_1_406' title='bbox 745 4457 964 4517; x_wconf 91' lang='lat' dir='ltr'><strong>nostro,</strong></span> <span class='ocrx_word' id='word_1_407' title='bbox 997 4467 1169 4522; x_wconf 90' lang='lat' dir='ltr'><strong>quem</strong></span> <span class='ocrx_word' id='word_1_408' title='bbox 1198 4451 1361 4507; x_wconf 88' lang='lat' dir='ltr'><strong>decet</strong></span> <span class='ocrx_word' id='word_1_409' title='bbox 1408 4450 1600 4507; x_wconf 91' lang='lat' dir='ltr'><strong>omnis</strong></span> <span class='ocrx_word' id='word_1_410' title='bbox 1657 4450 1867 4522; x_wconf 89' lang='lat' dir='ltr'><strong>gloria,</strong></span> <span class='ocrx_word' id='word_1_411' title='bbox 1900 4450 2107 4518; x_wconf 87' lang='lat' dir='ltr'><strong>honor,</strong></span> 
     </span>
    </p>
   </div>
   <div class='ocr_carea' id='block_1_59' title="bbox 467 4539 2115 4612">
    <p class='ocr_par' dir='ltr' id='par_1_59' title="bbox 467 4539 2115 4612">
     <span class='ocr_line' id='line_1_60' title="bbox 467 4539 2115 4612; baseline -0.002 -16"><span class='ocrx_word' id='word_1_412' title='bbox 467 4541 822 4608; x_wconf 88' lang='lat' dir='ltr'><strong>etadoratio,</strong></span> <span class='ocrx_word' id='word_1_413' title='bbox 853 4556 988 4599; x_wconf 91' lang='lat' dir='ltr'><strong>cum</strong></span> <span class='ocrx_word' id='word_1_414' title='bbox 1011 4542 1180 4596; x_wconf 91' lang='lat' dir='ltr'><strong>Patre</strong></span> <span class='ocrx_word' id='word_1_415' title='bbox 1209 4557 1273 4596; x_wconf 90' lang='lat' dir='ltr'><strong>ac</strong></span> <span class='ocrx_word' id='word_1_416' title='bbox 1317 4544 1511 4596; x_wconf 88' lang='lat' dir='ltr'><strong>sancto</strong></span> <span class='ocrx_word' id='word_1_417' title='bbox 1563 4539 1806 4612; x_wconf 88' lang='lat' dir='ltr'><strong>Spiritu,</strong></span> <span class='ocrx_word' id='word_1_418' title='bbox 1855 4556 2008 4596; x_wconf 89' lang='lat' dir='ltr'><strong>nunc</strong></span> <span class='ocrx_word' id='word_1_419' title='bbox 2057 4543 2115 4595; x_wconf 90' lang='lat' dir='ltr'><strong>et</strong></span> 
     </span>
    </p>
   </div>
   <div class='ocr_carea' id='block_1_60' title="bbox 469 4628 1756 4704">
    <p class='ocr_par' dir='ltr' id='par_1_60' title="bbox 469 4628 1756 4704">
     <span class='ocr_line' id='line_1_61' title="bbox 469 4628 1756 4704; baseline -0.003 -16"><span class='ocrx_word' id='word_1_420' title='bbox 469 4647 718 4704; x_wconf 86' lang='lat' dir='ltr'><strong>semper,</strong></span> <span class='ocrx_word' id='word_1_421' title='bbox 751 4634 806 4686; x_wconf 91' lang='lat' dir='ltr'><strong>et</strong></span> <span class='ocrx_word' id='word_1_422' title='bbox 838 4630 896 4686; x_wconf 92' lang='lat' dir='ltr'><strong>in</strong></span> <span class='ocrx_word' id='word_1_423' title='bbox 919 4628 1516 4688; x_wconf 67' lang='lat' dir='ltr'><strong>seaculasteculorum.</strong></span> <span class='ocrx_word' id='word_1_424' title='bbox 1553 4632 1756 4686; x_wconf 88' lang='lat' dir='ltr'><strong>Amen.</strong></span> 
     </span>
    </p>
   </div>
   <div class='ocr_carea' id='block_1_61' title="bbox 2300 1583 3858 1659">
    <p class='ocr_par' dir='ltr' id='par_1_61' title="bbox 2300 1583 3858 1659">
     <span class='ocr_line' id='line_1_62' title="bbox 2300 1583 3858 1659; baseline -0.003 -21"><span class='ocrx_word' id='word_1_425' title='bbox 2300 1587 2388 1659; x_wconf 81' lang='grc' dir='ltr'><strong>ιβ’.</strong></span> <span class='ocrx_word' id='word_1_426' title='bbox 2423 1583 2585 1640; x_wconf 78' lang='grc' dir='ltr'>Ἀλλ’</span> <span class='ocrx_word' id='word_1_427' title='bbox 2633 1583 2677 1637; x_wconf 86' lang='grc' dir='ltr'><strong>ὦ</strong></span> <span class='ocrx_word' id='word_1_428' title='bbox 2740 1585 3137 1659; x_wconf 82' lang='grc' dir='ltr'>μακαριώτατε,</span> <span class='ocrx_word' id='word_1_429' title='bbox 3193 1585 3284 1637; x_wconf 80' lang='grc' dir='ltr'><strong>καὶ</strong></span> <span class='ocrx_word' id='word_1_430' title='bbox 3342 1584 3858 1656; x_wconf 82' lang='grc' dir='ltr'>τρισμακαριώτατε,</span> 
     </span>
    </p>
   </div>
   <div class='ocr_carea' id='block_1_62' title="bbox 2234 1670 3860 1747">
    <p class='ocr_par' dir='ltr' id='par_1_62' title="bbox 2234 1670 3860 1747">
     <span class='ocr_line' id='line_1_63' title="bbox 2234 1670 3860 1747; baseline -0.002 -20"><span class='ocrx_word' id='word_1_431' title='bbox 2234 1673 2323 1727; x_wconf 77' lang='grc' dir='ltr'><strong>καὶ</strong></span> <span class='ocrx_word' id='word_1_432' title='bbox 2355 1674 2858 1747; x_wconf 84' lang='grc' dir='ltr'>παμμακαριώτατε</span> <span class='ocrx_word' id='word_1_433' title='bbox 2907 1672 3153 1743; x_wconf 76' lang='grc' dir='ltr'>Ἰωάννη,</span> <span class='ocrx_word' id='word_1_434' title='bbox 3206 1674 3232 1726; x_wconf 97' lang='lat'><strong>6</strong></span> <span class='ocrx_word' id='word_1_435' title='bbox 3286 1671 3452 1746; x_wconf 81' lang='grc' dir='ltr'><strong>μέγας</strong></span> <span class='ocrx_word' id='word_1_436' title='bbox 3496 1670 3592 1726; x_wconf 72' lang='grc' dir='ltr'><strong>του</strong></span> <span class='ocrx_word' id='word_1_437' title='bbox 3643 1671 3860 1745; x_wconf 76' lang='grc' dir='ltr'>Εὐαγγε-</span> 
     </span>
    </p>
   </div>
   <div class='ocr_carea' id='block_1_63' title="bbox 2235 1760 3866 1838">
    <p class='ocr_par' dir='ltr' id='par_1_63' title="bbox 2235 1760 3866 1838">
     <span class='ocr_line' id='line_1_64' title="bbox 2235 1760 3866 1838; baseline -0.002 -22"><span class='ocrx_word' id='word_1_438' title='bbox 2235 1761 2355 1818; x_wconf 88' lang='grc' dir='ltr'>λίου</span> <span class='ocrx_word' id='word_1_439' title='bbox 2405 1763 2588 1834; x_wconf 83' lang='grc' dir='ltr'>ἥλιος,</span> <span class='ocrx_word' id='word_1_440' title='bbox 2649 1765 2676 1817; x_wconf 90' lang='lat'><strong>6</strong></span> <span class='ocrx_word' id='word_1_441' title='bbox 2738 1764 2914 1838; x_wconf 80' lang='grc' dir='ltr'>βρυήρ</span> <span class='ocrx_word' id='word_1_442' title='bbox 2951 1771 3052 1831; x_wconf 82' lang='grc' dir='ltr'>τῆς</span> <span class='ocrx_word' id='word_1_443' title='bbox 3085 1761 3371 1836; x_wconf 80' lang='grc' dir='ltr'>θεολογίας</span> <span class='ocrx_word' id='word_1_444' title='bbox 3429 1762 3456 1815; x_wconf 91' lang='lat'><strong>6</strong></span> <span class='ocrx_word' id='word_1_445' title='bbox 3507 1760 3739 1827; x_wconf 85' lang='grc' dir='ltr'>ἀένναος,</span> <span class='ocrx_word' id='word_1_446' title='bbox 3769 1767 3866 1815; x_wconf 73' lang='grc' dir='ltr'>τῶν</span> 
     </span>
    </p>
   </div>
   <div class='ocr_carea' id='block_1_64' title="bbox 2232 1849 3870 1926">
    <p class='ocr_par' dir='ltr' id='par_1_64' title="bbox 2232 1849 3870 1926">
     <span class='ocr_line' id='line_1_65' title="bbox 2232 1849 3870 1926; baseline -0.002 -20"><span class='ocrx_word' id='word_1_447' title='bbox 2232 1853 2554 1908; x_wconf 79' lang='grc' dir='ltr'>ἀποστόλων</span> <span class='ocrx_word' id='word_1_448' title='bbox 2614 1849 2863 1926; x_wconf 84' lang='grc' dir='ltr'>ἀκρέμων</span> <span class='ocrx_word' id='word_1_449' title='bbox 2925 1855 3057 1925; x_wconf 84' lang='lat'><strong>(29),</strong></span> <span class='ocrx_word' id='word_1_450' title='bbox 3118 1851 3364 1924; x_wconf 82' lang='grc' dir='ltr'>ἷσόπετρε</span> <span class='ocrx_word' id='word_1_451' title='bbox 3423 1853 3554 1924; x_wconf 83' lang='grc'><strong>(30),</strong></span> <span class='ocrx_word' id='word_1_452' title='bbox 3617 1849 3676 1904; x_wconf 82' lang='grc' dir='ltr'><strong>σὺ</strong></span> <span class='ocrx_word' id='word_1_453' title='bbox 3734 1853 3870 1922; x_wconf 74' lang='grc' dir='ltr'>ἡμᾶς</span> 
     </span>
    </p>
   </div>
   <div class='ocr_carea' id='block_1_65' title="bbox 2237 1936 3865 2018">
    <p class='ocr_par' dir='ltr' id='par_1_65' title="bbox 2237 1936 3865 2018">
     <span class='ocr_line' id='line_1_66' title="bbox 2237 1936 3865 2018; baseline -0.003 -21"><span class='ocrx_word' id='word_1_454' title='bbox 2237 1942 2520 2014; x_wconf 78' lang='grc' dir='ltr'>οὐρανόθεν</span> <span class='ocrx_word' id='word_1_455' title='bbox 2580 1942 2816 2016; x_wconf 80' lang='grc' dir='ltr'>εὐμενῶς</span> <span class='ocrx_word' id='word_1_456' title='bbox 2876 1936 3047 2012; x_wconf 79' lang='grc' dir='ltr'>ἔπιδε,</span> <span class='ocrx_word' id='word_1_457' title='bbox 3107 1941 3239 2011; x_wconf 76' lang='grc' dir='ltr'>ὅσης</span> <span class='ocrx_word' id='word_1_458' title='bbox 3296 1941 3361 1995; x_wconf 76' lang='grc' dir='ltr'>τὰ</span> <span class='ocrx_word' id='word_1_459' title='bbox 3409 1937 3516 1994; x_wconf 82' lang='grc' dir='ltr'>ὦδε</span> <span class='ocrx_word' id='word_1_460' title='bbox 3565 1940 3865 2018; x_wconf 64' lang='grc' dir='ltr'>κατηφείας,</span> 
     </span>
    </p>
   </div>
   <div class='ocr_carea' id='block_1_66' title="bbox 2233 2027 3864 2110">
    <p class='ocr_par' dir='ltr' id='par_1_66' title="bbox 2233 2027 3864 2110">
     <span class='ocr_line' id='line_1_67' title="bbox 2233 2027 3864 2110; baseline -0.001 -26"><span class='ocrx_word' id='word_1_461' title='bbox 2233 2033 2524 2110; x_wconf 69' lang='grc' dir='ltr'>ἠφάνισται</span> <span class='ocrx_word' id='word_1_462' title='bbox 2576 2033 2933 2105; x_wconf 71' lang='grc' dir='ltr'>θυσιαστήρια</span> <span class='ocrx_word' id='word_1_463' title='bbox 2983 2031 3282 2104; x_wconf 82' lang='grc' dir='ltr'>ἑστεμμένα</span> <span class='ocrx_word' id='word_1_464' title='bbox 3331 2028 3496 2090; x_wconf 81' lang='grc' dir='ltr'>θείοις</span> <span class='ocrx_word' id='word_1_465' title='bbox 3546 2027 3864 2104; x_wconf 77' lang='grc' dir='ltr'>ἀγάλμασιν,</span> 
     </span>
    </p>
   </div>
   <div class='ocr_carea' id='block_1_67' title="bbox 2231 2122 3868 2201">
    <p class='ocr_par' dir='ltr' id='par_1_67' title="bbox 2231 2122 3868 2201">
     <span class='ocr_line' id='line_1_68' title="bbox 2231 2122 3868 2201; baseline -0.004 -23"><span class='ocrx_word' id='word_1_466' title='bbox 2231 2125 2508 2201; x_wconf 67' lang='grc' dir='ltr'>ἀφῄρηται</span> <span class='ocrx_word' id='word_1_467' title='bbox 2561 2129 2698 2178; x_wconf 80' lang='grc' dir='ltr'>ναῶν</span> <span class='ocrx_word' id='word_1_468' title='bbox 2745 2126 2901 2198; x_wconf 76' lang='grc' dir='ltr'>ἱερῶν</span> <span class='ocrx_word' id='word_1_469' title='bbox 2954 2122 3243 2198; x_wconf 73' lang='grc' dir='ltr'>εὐπρέπεια</span> <span class='ocrx_word' id='word_1_470' title='bbox 3286 2143 3297 2154; x_wconf 91' lang='grc'><strong>·</strong></span> <span class='ocrx_word' id='word_1_471' title='bbox 3359 2125 3393 2192; x_wconf 81' lang='grc' dir='ltr'>ἡ</span> <span class='ocrx_word' id='word_1_472' title='bbox 3446 2122 3606 2177; x_wconf 81' lang='grc' dir='ltr'>εἰκὼν</span> <span class='ocrx_word' id='word_1_473' title='bbox 3649 2124 3868 2196; x_wconf 73' lang='grc' dir='ltr'>Χριστοῦ</span> 
     </span>
    </p>
   </div>
   <div class='ocr_carea' id='block_1_68' title="bbox 2230 2209 3868 2288">
    <p class='ocr_par' dir='ltr' id='par_1_68' title="bbox 2230 2209 3868 2288">
     <span class='ocr_line' id='line_1_69' title="bbox 2230 2209 3868 2288; baseline -0.003 -20"><span class='ocrx_word' id='word_1_474' title='bbox 2230 2209 2584 2287; x_wconf 69' lang='grc' dir='ltr'>καθύϐρισται</span> <span class='ocrx_word' id='word_1_475' title='bbox 2617 2233 2628 2245; x_wconf 93' lang='grc'><strong>·</strong></span> <span class='ocrx_word' id='word_1_476' title='bbox 2674 2210 3024 2283; x_wconf 79' lang='grc' dir='ltr'>έξουδένωται</span> <span class='ocrx_word' id='word_1_477' title='bbox 3054 2213 3140 2268; x_wconf 79' lang='grc' dir='ltr'><strong>καὶ</strong></span> <span class='ocrx_word' id='word_1_478' title='bbox 3176 2212 3226 2267; x_wconf 85' lang='grc' dir='ltr'>ἐν</span> <span class='ocrx_word' id='word_1_479' title='bbox 3257 2211 3480 2267; x_wconf 83' lang='grc' dir='ltr'>πόλεσιν</span> <span class='ocrx_word' id='word_1_480' title='bbox 3524 2212 3614 2266; x_wconf 82' lang='grc' dir='ltr'><strong>καὶ</strong></span> <span class='ocrx_word' id='word_1_481' title='bbox 3664 2211 3715 2266; x_wconf 83' lang='grc' dir='ltr'>ἐν</span> <span class='ocrx_word' id='word_1_482' title='bbox 3761 2210 3868 2288; x_wconf 76' lang='grc' dir='ltr'><strong>χώ-</strong></span> 
     </span>
    </p>
   </div>
   <div class='ocr_carea' id='block_1_69' title="bbox 2233 2299 3864 2377">
    <p class='ocr_par' dir='ltr' id='par_1_69' title="bbox 2233 2299 3864 2377">
     <span class='ocr_line' id='line_1_70' title="bbox 2233 2299 3864 2377; baseline -0.002 -21"><span class='ocrx_word' id='word_1_483' title='bbox 2233 2323 2353 2377; x_wconf 84' lang='grc' dir='ltr'>ραις</span> <span class='ocrx_word' id='word_1_484' title='bbox 2400 2303 2488 2356; x_wconf 86' lang='grc' dir='ltr'><strong>καὶ</strong></span> <span class='ocrx_word' id='word_1_485' title='bbox 2521 2304 2637 2356; x_wconf 89' lang='grc' dir='ltr'>κατ’</span> <span class='ocrx_word' id='word_1_486' title='bbox 2687 2302 2869 2363; x_wconf 77' lang='grc' dir='ltr'>οἷ’κους</span> <span class='ocrx_word' id='word_1_487' title='bbox 2905 2323 2918 2334; x_wconf 91' lang='grc'><strong>·</strong></span> <span class='ocrx_word' id='word_1_488' title='bbox 2977 2303 3113 2376; x_wconf 87' lang='grc' dir='ltr'>πρὸς</span> <span class='ocrx_word' id='word_1_489' title='bbox 3166 2299 3222 2356; x_wconf 75' lang='grc' dir='ltr'><strong>δὲ</strong></span> <span class='ocrx_word' id='word_1_490' title='bbox 3280 2301 3368 2355; x_wconf 79' lang='grc' dir='ltr'><strong>καὶ</strong></span> <span class='ocrx_word' id='word_1_491' title='bbox 3434 2307 3535 2370; x_wconf 81' lang='grc' dir='ltr'>τῆς</span> <span class='ocrx_word' id='word_1_492' title='bbox 3597 2302 3864 2372; x_wconf 83' lang='grc' dir='ltr'>Θεομήτο-</span> 
     </span>
    </p>
   </div>
   <div class='ocr_carea' id='block_1_70' title="bbox 2237 2387 3865 2468">
    <p class='ocr_par' dir='ltr' id='par_1_70' title="bbox 2237 2387 3865 2468">
     <span class='ocr_line' id='line_1_71' title="bbox 2237 2387 3865 2468; baseline -0.004 -22"><span class='ocrx_word' id='word_1_493' title='bbox 2237 2413 2328 2468; x_wconf 87' lang='grc' dir='ltr'><strong>ρος</strong></span> <span class='ocrx_word' id='word_1_494' title='bbox 2364 2395 2497 2466; x_wconf 81' lang='grc'><strong>(31),</strong></span> <span class='ocrx_word' id='word_1_495' title='bbox 2549 2391 2639 2446; x_wconf 84' lang='grc' dir='ltr'><strong>καὶ</strong></span> <span class='ocrx_word' id='word_1_496' title='bbox 2688 2391 2748 2445; x_wconf 78' lang='grc' dir='ltr'>οὗ</span> <span class='ocrx_word' id='word_1_497' title='bbox 2795 2413 2940 2454; x_wconf 82' lang='grc' dir='ltr'>τινος</span> <span class='ocrx_word' id='word_1_498' title='bbox 2989 2389 3078 2446; x_wconf 78' lang='grc' dir='ltr'><strong>οὖν</strong></span> <span class='ocrx_word' id='word_1_499' title='bbox 3126 2388 3300 2445; x_wconf 71' lang='grc' dir='ltr'>ἄλλου</span> <span class='ocrx_word' id='word_1_500' title='bbox 3343 2394 3450 2444; x_wconf 80' lang='grc' dir='ltr'><strong>τῶν</strong></span> <span class='ocrx_word' id='word_1_501' title='bbox 3513 2392 3635 2452; x_wconf 80' lang='grc' dir='ltr'>οἶος</span> <span class='ocrx_word' id='word_1_502' title='bbox 3678 2387 3737 2442; x_wconf 66' lang='grc' dir='ltr'><strong>σὺ</strong></span> <span class='ocrx_word' id='word_1_503' title='bbox 3783 2387 3865 2440; x_wconf 77' lang='grc' dir='ltr'><strong>καὶ</strong></span> 
     </span>
    </p>
   </div>
   <div class='ocr_carea' id='block_1_71' title="bbox 2237 2475 3869 2556">
    <p class='ocr_par' dir='ltr' id='par_1_71' title="bbox 2237 2475 3869 2556">
     <span class='ocr_line' id='line_1_72' title="bbox 2237 2475 3869 2556; baseline -0.003 -20"><span class='ocrx_word' id='word_1_504' title='bbox 2237 2482 2401 2555; x_wconf 82' lang='grc' dir='ltr'>μείων</span> <span class='ocrx_word' id='word_1_505' title='bbox 2438 2487 2532 2536; x_wconf 71' lang='grc' dir='ltr'>σοῦ</span> <span class='ocrx_word' id='word_1_506' title='bbox 2565 2481 2861 2556; x_wconf 68' lang='grc' dir='ltr'>θεοφόρων.</span> <span class='ocrx_word' id='word_1_507' title='bbox 2907 2479 3180 2556; x_wconf 76' lang='grc' dir='ltr'>Ὀδυρμοῦ</span> <span class='ocrx_word' id='word_1_508' title='bbox 3219 2481 3284 2534; x_wconf 84' lang='grc' dir='ltr'><strong>τά</strong></span> <span class='ocrx_word' id='word_1_509' title='bbox 3329 2481 3518 2534; x_wconf 72' lang='grc' dir='ltr'>πάντα.</span> <span class='ocrx_word' id='word_1_510' title='bbox 3587 2475 3728 2534; x_wconf 72' lang='grc' dir='ltr'>Λάϐε</span> <span class='ocrx_word' id='word_1_511' title='bbox 3780 2477 3869 2533; x_wconf 81' lang='grc' dir='ltr'><strong>Πέ-</strong></span> 
     </span>
    </p>
   </div>
   <div class='ocr_carea' id='block_1_72' title="bbox 2232 2565 3866 2646">
    <p class='ocr_par' dir='ltr' id='par_1_72' title="bbox 2232 2565 3866 2646">
     <span class='ocr_line' id='line_1_73' title="bbox 2232 2565 3866 2646; baseline -0.002 -21"><span class='ocrx_word' id='word_1_512' title='bbox 2232 2593 2381 2643; x_wconf 87' lang='grc' dir='ltr'>τρον,</span> <span class='ocrx_word' id='word_1_513' title='bbox 2418 2568 2810 2646; x_wconf 73' lang='grc' dir='ltr'>συμπαραλαϐε</span> <span class='ocrx_word' id='word_1_514' title='bbox 2843 2565 3122 2641; x_wconf 71' lang='grc' dir='ltr'>Ἰάκωϐον,</span> <span class='ocrx_word' id='word_1_515' title='bbox 3172 2568 3403 2643; x_wconf 80' lang='grc' dir='ltr'>δεόμεθα</span> <span class='ocrx_word' id='word_1_516' title='bbox 3441 2591 3450 2601; x_wconf 82' lang='grc'><strong><em>“</em></strong></span> <span class='ocrx_word' id='word_1_517' title='bbox 3501 2571 3555 2623; x_wconf 75' lang='grc' dir='ltr'><strong>οἱ</strong></span> <span class='ocrx_word' id='word_1_518' title='bbox 3613 2574 3754 2641; x_wconf 78' lang='grc' dir='ltr'>τρεῖς</span> <span class='ocrx_word' id='word_1_519' title='bbox 3798 2569 3866 2621; x_wconf 78' lang='grc' dir='ltr'><strong>ἀεὶ</strong></span> 
     </span>
    </p>
   </div>
   <div class='ocr_carea' id='block_1_73' title="bbox 2238 2656 3871 2736">
    <p class='ocr_par' dir='ltr' id='par_1_73' title="bbox 2238 2656 3871 2736">
     <span class='ocr_line' id='line_1_74' title="bbox 2238 2656 3871 2736; baseline -0.003 -20"><span class='ocrx_word' id='word_1_520' title='bbox 2238 2664 2457 2732; x_wconf 80' lang='grc' dir='ltr'>Χριστῷ</span> <span class='ocrx_word' id='word_1_521' title='bbox 2505 2657 2900 2734; x_wconf 62' lang='grc' dir='ltr'>σὀμπςὶρεδροι,</span> <span class='ocrx_word' id='word_1_522' title='bbox 2962 2659 3495 2736; x_wconf 82' lang='grc' dir='ltr'>μεταμορφουμένῳ,</span> <span class='ocrx_word' id='word_1_523' title='bbox 3541 2656 3871 2731; x_wconf 71' lang='grc' dir='ltr'>θαυματούρο</span> 
     </span>
    </p>
   </div>
   <div class='ocr_carea' id='block_1_74' title="bbox 2239 2745 3870 2826">
    <p class='ocr_par' dir='ltr' id='par_1_74' title="bbox 2239 2745 3870 2826">
     <span class='ocr_line' id='line_1_75' title="bbox 2239 2745 3870 2826; baseline -0.006 -22"><span class='ocrx_word' id='word_1_524' title='bbox 2239 2754 2422 2825; x_wconf 78' lang='grc' dir='ltr'>γοῦντι</span> <span class='ocrx_word' id='word_1_525' title='bbox 2455 2750 2522 2803; x_wconf 73' lang='grc' dir='ltr'>τὰ</span> <span class='ocrx_word' id='word_1_526' title='bbox 2552 2748 2756 2820; x_wconf 83' lang='grc' dir='ltr'>πολλὰ,</span> <span class='ocrx_word' id='word_1_527' title='bbox 2795 2750 3120 2824; x_wconf 79' lang='grc' dir='ltr'>ἀγωνιῶντι,</span> <span class='ocrx_word' id='word_1_528' title='bbox 3154 2746 3592 2826; x_wconf 80' lang='grc' dir='ltr'>προσευχομένῳ</span> <span class='ocrx_word' id='word_1_529' title='bbox 3627 2769 3639 2781; x_wconf 89' lang='grc'><strong>·</strong></span> <span class='ocrx_word' id='word_1_530' title='bbox 3673 2749 3744 2810; x_wconf 81' lang='grc' dir='ltr'>ὡς</span> <span class='ocrx_word' id='word_1_531' title='bbox 3773 2745 3870 2816; x_wconf 72' lang='grc' dir='ltr'><strong>ἤδη</strong></span> 
     </span>
    </p>
   </div>
   <div class='ocr_carea' id='block_1_75' title="bbox 2236 2837 3874 2914">
    <p class='ocr_par' dir='ltr' id='par_1_75' title="bbox 2236 2837 3874 2914">
     <span class='ocr_line' id='line_1_76' title="bbox 2236 2837 3874 2914; baseline -0.002 -20"><span class='ocrx_word' id='word_1_532' title='bbox 2236 2844 2339 2894; x_wconf 75' lang='grc' dir='ltr'><strong>τῶν</strong></span> <span class='ocrx_word' id='word_1_533' title='bbox 2390 2840 2698 2914; x_wconf 70' lang='grc' dir='ltr'>ὁμοχώρων</span> <span class='ocrx_word' id='word_1_534' title='bbox 2753 2841 3169 2912; x_wconf 82' lang='grc' dir='ltr'>μυστικώτεροι,</span> <span class='ocrx_word' id='word_1_535' title='bbox 3203 2838 3360 2893; x_wconf 77' lang='grc' dir='ltr'>αὐτοὶ</span> <span class='ocrx_word' id='word_1_536' title='bbox 3410 2839 3498 2893; x_wconf 76' lang='grc' dir='ltr'><strong>καὶ</strong></span> <span class='ocrx_word' id='word_1_537' title='bbox 3540 2842 3634 2891; x_wconf 76' lang='grc' dir='ltr'>νῦν</span> <span class='ocrx_word' id='word_1_538' title='bbox 3684 2837 3770 2891; x_wconf 65' lang='grc' dir='ltr'><strong>σὺν</strong></span> 
     </span>
    </p>
   </div>
   <div class='ocr_carea' id='block_1_76' title="bbox 2236 2923 3874 3003">
    <p class='ocr_par' dir='ltr' id='par_1_76' title="bbox 2236 2923 3874 3003">
     <span class='ocr_line' id='line_1_77' title="bbox 2236 2923 3874 3003; baseline -0.003 -20"><span class='ocrx_word' id='word_1_539' title='bbox 2236 2927 2408 3002; x_wconf 85' lang='grc' dir='ltr'>λοιπῇ</span> <span class='ocrx_word' id='word_1_540' title='bbox 2469 2923 2734 3002; x_wconf 74' lang='grc' dir='ltr'>σεϐασμίᾳ</span> <span class='ocrx_word' id='word_1_541' title='bbox 2790 2927 2965 2983; x_wconf 83' lang='grc' dir='ltr'>έννάδι</span> <span class='ocrx_word' id='word_1_542' title='bbox 3034 2929 3132 2996; x_wconf 76' lang='grc' dir='ltr'>τὴν</span> <span class='ocrx_word' id='word_1_543' title='bbox 3193 2927 3344 3003; x_wconf 83' lang='grc' dir='ltr'>ἁγίαν</span> <span class='ocrx_word' id='word_1_544' title='bbox 3419 2925 3630 2998; x_wconf 77' lang='grc' dir='ltr'>Τριάδα</span> <span class='ocrx_word' id='word_1_545' title='bbox 3688 2928 3874 3000; x_wconf 80' lang='grc' dir='ltr'>εὐμενῆ</span> 
     </span>
    </p>
   </div>
   <div class='ocr_carea' id='block_1_77' title="bbox 2231 3018 3874 3092">
    <p class='ocr_par' dir='ltr' id='par_1_77' title="bbox 2231 3018 3874 3092">
     <span class='ocr_line' id='line_1_78' title="bbox 2231 3018 3874 3092; baseline -0.001 -21"><span class='ocrx_word' id='word_1_546' title='bbox 2231 3018 2366 3090; x_wconf 81' lang='grc' dir='ltr'>ἡμῖν</span> <span class='ocrx_word' id='word_1_547' title='bbox 2420 3021 2844 3088; x_wconf 76' lang='grc' dir='ltr'>καταστήσασθε,</span> <span class='ocrx_word' id='word_1_548' title='bbox 2905 3019 3224 3091; x_wconf 80' lang='grc' dir='ltr'>ἐπιτιμῆσαι</span> <span class='ocrx_word' id='word_1_549' title='bbox 3286 3018 3521 3092; x_wconf 86' lang='grc' dir='ltr'>Χριστὸν</span> <span class='ocrx_word' id='word_1_550' title='bbox 3575 3021 3643 3090; x_wconf 81' lang='grc' dir='ltr'>τῇ</span> <span class='ocrx_word' id='word_1_551' title='bbox 3676 3018 3874 3090; x_wconf 79' lang='grc' dir='ltr'>πονηρᾷ</span> 
     </span>
    </p>
   </div>
   <div class='ocr_carea' id='block_1_78' title="bbox 2230 3103 3876 3183">
    <p class='ocr_par' dir='ltr' id='par_1_78' title="bbox 2230 3103 3876 3183">
     <span class='ocr_line' id='line_1_79' title="bbox 2230 3103 3876 3183; baseline -0.003 -21"><span class='ocrx_word' id='word_1_552' title='bbox 2230 3108 2400 3181; x_wconf 74' lang='grc' dir='ltr'>ταύτῃ</span> <span class='ocrx_word' id='word_1_553' title='bbox 2450 3110 2716 3183; x_wconf 78' lang='grc' dir='ltr'>θαλάσσῃ,</span> <span class='ocrx_word' id='word_1_554' title='bbox 2751 3107 2825 3170; x_wconf 81' lang='grc' dir='ltr'>ὥς</span> <span class='ocrx_word' id='word_1_555' title='bbox 2882 3129 3014 3163; x_wconf 90' lang='grc' dir='ltr'>ποτε</span> <span class='ocrx_word' id='word_1_556' title='bbox 3062 3112 3131 3181; x_wconf 80' lang='grc' dir='ltr'>τῇ</span> <span class='ocrx_word' id='word_1_557' title='bbox 3181 3103 3474 3180; x_wconf 83' lang='grc' dir='ltr'>Τιϐεριάδι,</span> <span class='ocrx_word' id='word_1_558' title='bbox 3524 3106 3772 3182; x_wconf 73' lang='grc' dir='ltr'>’γαλήνης</span> <span class='ocrx_word' id='word_1_559' title='bbox 3805 3104 3876 3158; x_wconf 74' lang='grc' dir='ltr'>εί-</span> 
     </span>
    </p>
   </div>
   <div class='ocr_carea' id='block_1_79' title="bbox 2232 3194 3874 3272">
    <p class='ocr_par' dir='ltr' id='par_1_79' title="bbox 2232 3194 3874 3272">
     <span class='ocr_line' id='line_1_80' title="bbox 2232 3194 3874 3272; baseline -0.001 -23"><span class='ocrx_word' id='word_1_560' title='bbox 2232 3195 2553 3272; x_wconf 80' lang='grc' dir='ltr'>ρηνοδώρου</span> <span class='ocrx_word' id='word_1_561' title='bbox 2612 3197 3058 3265; x_wconf 67' lang='grc' dir='ltr'>ἀντανισχούσης,</span> <span class='ocrx_word' id='word_1_562' title='bbox 3131 3194 3529 3272; x_wconf 74' lang='grc' dir='ltr'>ἐπαναδραμεῖν</span> <span class='ocrx_word' id='word_1_563' title='bbox 3591 3197 3684 3258; x_wconf 74' lang='grc' dir='ltr'><strong>τὰς</strong></span> <span class='ocrx_word' id='word_1_564' title='bbox 3766 3196 3874 3249; x_wconf 79' lang='grc' dir='ltr'>ἒαυ-</span> 
     </span>
    </p>
   </div>
   <div class='ocr_carea' id='block_1_80' title="bbox 2231 3285 3871 3360">
    <p class='ocr_par' dir='ltr' id='par_1_80' title="bbox 2231 3285 3871 3360">
     <span class='ocr_line' id='line_1_81' title="bbox 2231 3285 3871 3360; baseline 0.002 -21"><span class='ocrx_word' id='word_1_565' title='bbox 2231 3287 2686 3355; x_wconf 27' lang='grc' dir='ltr'>τοῦιῈκκλησίας</span> <span class='ocrx_word' id='word_1_566' title='bbox 2735 3287 2810 3350; x_wconf 88' lang='grc' dir='ltr'>εἰς</span> <span class='ocrx_word' id='word_1_567' title='bbox 2855 3288 2954 3355; x_wconf 78' lang='grc' dir='ltr'>τήν</span> <span class='ocrx_word' id='word_1_568' title='bbox 3006 3286 3237 3360; x_wconf 82' lang='grc' dir='ltr'>ἀρχαίαν</span> <span class='ocrx_word' id='word_1_569' title='bbox 3270 3286 3358 3340; x_wconf 82' lang='grc' dir='ltr'><strong>καὶ</strong></span> <span class='ocrx_word' id='word_1_570' title='bbox 3417 3285 3728 3360; x_wconf 80' lang='grc' dir='ltr'>ἀρεσθεῖσαν</span> <span class='ocrx_word' id='word_1_571' title='bbox 3781 3291 3871 3352; x_wconf 68' lang='grc' dir='ltr'><strong>τῆς</strong></span> 
     </span>
    </p>
   </div>
   <div class='ocr_carea' id='block_1_81' title="bbox 2232 3367 3870 3448">
    <p class='ocr_par' dir='ltr' id='par_1_81' title="bbox 2232 3367 3870 3448">
     <span class='ocr_line' id='line_1_82' title="bbox 2232 3367 3870 3448; baseline -0.001 -24"><span class='ocrx_word' id='word_1_572' title='bbox 2232 3370 2552 3445; x_wconf 81' lang='grc' dir='ltr'>ὁρθοδοξίας</span> <span class='ocrx_word' id='word_1_573' title='bbox 2583 3375 2897 3448; x_wconf 78' lang='grc' dir='ltr'>ὡραιότητα</span> <span class='ocrx_word' id='word_1_574' title='bbox 2929 3393 2941 3404; x_wconf 77' lang='grc'><strong>⁸</strong></span> <span class='ocrx_word' id='word_1_575' title='bbox 2977 3373 3101 3446; x_wconf 78' lang='grc' dir='ltr'>ἐμοὶ</span> <span class='ocrx_word' id='word_1_576' title='bbox 3155 3371 3210 3427; x_wconf 75' lang='grc' dir='ltr'><strong>δὲ</strong></span> <span class='ocrx_word' id='word_1_577' title='bbox 3254 3371 3315 3426; x_wconf 82' lang='grc' dir='ltr'><strong>σὺ</strong></span> <span class='ocrx_word' id='word_1_578' title='bbox 3370 3374 3450 3445; x_wconf 83' lang='grc' dir='ltr'>τῷ</span> <span class='ocrx_word' id='word_1_579' title='bbox 3498 3371 3800 3446; x_wconf 76' lang='grc' dir='ltr'>τολμησίᾳ,</span> <span class='ocrx_word' id='word_1_580' title='bbox 3832 3367 3870 3422; x_wconf 85' lang='grc' dir='ltr'>ὦ</span> 
     </span>
    </p>
   </div>
   <div class='ocr_carea' id='block_1_82' title="bbox 2235 3458 3862 3540">
    <p class='ocr_par' dir='ltr' id='par_1_82' title="bbox 2235 3458 3862 3540">
     <span class='ocr_line' id='line_1_83' title="bbox 2235 3458 3862 3540; baseline -0.002 -25"><span class='ocrx_word' id='word_1_581' title='bbox 2235 3461 2436 3536; x_wconf 75' lang='grc' dir='ltr'>μάκαρ,</span> <span class='ocrx_word' id='word_1_582' title='bbox 2489 3461 2658 3525; x_wconf 56' lang='grc' dir='ltr'>*ίλεως</span> <span class='ocrx_word' id='word_1_583' title='bbox 2708 3458 2795 3517; x_wconf 79' lang='grc' dir='ltr'>ἔσο</span> <span class='ocrx_word' id='word_1_584' title='bbox 2856 3463 3153 3540; x_wconf 65' lang='grc' dir='ltr'>ὀφλήσαντι</span> <span class='ocrx_word' id='word_1_585' title='bbox 3203 3461 3301 3516; x_wconf 80' lang='grc' dir='ltr'><strong>οὐκ</strong></span> <span class='ocrx_word' id='word_1_586' title='bbox 3357 3461 3697 3517; x_wconf 82' lang='grc' dir='ltr'>ἐπαινέσαντι</span> <span class='ocrx_word' id='word_1_587' title='bbox 3738 3482 3749 3494; x_wconf 89' lang='grc'><strong>·</strong></span> <span class='ocrx_word' id='word_1_588' title='bbox 3780 3461 3862 3514; x_wconf 76' lang='grc' dir='ltr'><strong>καί</strong></span> 
     </span>
    </p>
   </div>
   <div class='ocr_carea' id='block_1_83' title="bbox 2224 3549 3862 3629">
    <p class='ocr_par' dir='ltr' id='par_1_83' title="bbox 2224 3549 3862 3629">
     <span class='ocr_line' id='line_1_84' title="bbox 2224 3549 3862 3629; baseline -0.002 -22"><span class='ocrx_word' id='word_1_589' title='bbox 2224 3573 2287 3629; x_wconf 91' lang='grc' dir='ltr'><strong>γε</strong></span> <span class='ocrx_word' id='word_1_590' title='bbox 2345 3552 2519 3622; x_wconf 81' lang='grc' dir='ltr'>δέξαιο</span> <span class='ocrx_word' id='word_1_591' title='bbox 2576 3554 2701 3614; x_wconf 82' lang='grc' dir='ltr'>τοὺς</span> <span class='ocrx_word' id='word_1_592' title='bbox 2766 3549 2921 3606; x_wconf 83' lang='grc' dir='ltr'>τόνδε</span> <span class='ocrx_word' id='word_1_593' title='bbox 2981 3574 3062 3606; x_wconf 90' lang='grc' dir='ltr'><strong>σοι</strong></span> <span class='ocrx_word' id='word_1_594' title='bbox 3111 3554 3203 3607; x_wconf 87' lang='grc' dir='ltr'>τὸν</span> <span class='ocrx_word' id='word_1_595' title='bbox 3253 3554 3378 3606; x_wconf 89' lang='grc' dir='ltr'>ναὸν</span> <span class='ocrx_word' id='word_1_596' title='bbox 3419 3553 3564 3626; x_wconf 73' lang='grc' dir='ltr'>ὁμοῦ</span> <span class='ocrx_word' id='word_1_597' title='bbox 3601 3552 3694 3626; x_wconf 75' lang='grc' dir='ltr'><strong>μὲν</strong></span> <span class='ocrx_word' id='word_1_598' title='bbox 3735 3570 3862 3622; x_wconf 83' lang='grc' dir='ltr'>περι-</span> 
     </span>
    </p>
   </div>
   <div class='ocr_carea' id='block_1_84' title="bbox 2225 3641 3859 3720">
    <p class='ocr_par' dir='ltr' id='par_1_84' title="bbox 2225 3641 3859 3720">
     <span class='ocr_line' id='line_1_85' title="bbox 2225 3641 3859 3720; baseline -0.005 -19"><span class='ocrx_word' id='word_1_599' title='bbox 2225 3646 2473 3715; x_wconf 81' lang='grc' dir='ltr'>καλλῶς,</span> <span class='ocrx_word' id='word_1_600' title='bbox 2510 3647 2650 3717; x_wconf 77' lang='grc' dir='ltr'>ὁμοῦ</span> <span class='ocrx_word' id='word_1_601' title='bbox 2709 3641 2765 3698; x_wconf 76' lang='grc' dir='ltr'><strong>δὲ</strong></span> <span class='ocrx_word' id='word_1_602' title='bbox 2823 3644 2912 3698; x_wconf 77' lang='grc' dir='ltr'><strong>καὶ</strong></span> <span class='ocrx_word' id='word_1_603' title='bbox 2971 3643 3293 3720; x_wconf 83' lang='grc' dir='ltr'>περιουσίως</span> <span class='ocrx_word' id='word_1_604' title='bbox 3342 3644 3654 3718; x_wconf 81' lang='grc' dir='ltr'>ἐγείραντας</span> <span class='ocrx_word' id='word_1_605' title='bbox 3695 3662 3708 3674; x_wconf 90' lang='grc'>·</span> <span class='ocrx_word' id='word_1_606' title='bbox 3741 3642 3790 3696; x_wconf 80' lang='grc' dir='ltr'>ἐν</span> 
     </span>
    </p>
   </div>
   <div class='ocr_carea' id='block_1_85' title="bbox 2221 3731 3859 3804">
    <p class='ocr_par' dir='ltr' id='par_1_85' title="bbox 2221 3731 3859 3804">
     <span class='ocr_line' id='line_1_86' title="bbox 2221 3731 3859 3804; baseline -0.004 -15"><span class='ocrx_word' id='word_1_607' title='bbox 2221 3737 2309 3790; x_wconf 83' lang='grc' dir='ltr'><strong>καὶ</strong></span> <span class='ocrx_word' id='word_1_608' title='bbox 2365 3735 2432 3790; x_wconf 75' lang='grc' dir='ltr'>τὰ</span> <span class='ocrx_word' id='word_1_609' title='bbox 2473 3735 2698 3804; x_wconf 83' lang='grc' dir='ltr'>σώματα</span> <span class='ocrx_word' id='word_1_610' title='bbox 2756 3734 2807 3787; x_wconf 74' lang='grc' dir='ltr'>οἱ</span> <span class='ocrx_word' id='word_1_611' title='bbox 2862 3731 3084 3793; x_wconf 85' lang='grc' dir='ltr'>πλείους</span> <span class='ocrx_word' id='word_1_612' title='bbox 3136 3733 3443 3803; x_wconf 82' lang='grc' dir='ltr'>ἀσκητικῶς</span> <span class='ocrx_word' id='word_1_613' title='bbox 3486 3731 3669 3786; x_wconf 78' lang='grc' dir='ltr'>εἷάσαν</span> <span class='ocrx_word' id='word_1_614' title='bbox 3701 3731 3772 3791; x_wconf 81' lang='grc' dir='ltr'>εἰς</span> <span class='ocrx_word' id='word_1_615' title='bbox 3799 3731 3859 3784; x_wconf 72' lang='grc' dir='ltr'>τὰ</span> 
     </span>
    </p>
   </div>
   <div class='ocr_carea' id='block_1_86' title="bbox 2221 3820 3857 3900">
    <p class='ocr_par' dir='ltr' id='par_1_86' title="bbox 2221 3820 3857 3900">
     <span class='ocr_line' id='line_1_87' title="bbox 2221 3820 3857 3900; baseline -0.004 -22"><span class='ocrx_word' id='word_1_616' title='bbox 2221 3822 2516 3900; x_wconf 85' lang='grc' dir='ltr'>προαύλια,</span> <span class='ocrx_word' id='word_1_617' title='bbox 2565 3823 2639 3886; x_wconf 86' lang='grc' dir='ltr'>ὡς</span> <span class='ocrx_word' id='word_1_618' title='bbox 2694 3822 2918 3877; x_wconf 72' lang='grc' dir='ltr'>ἐνταῦθα</span> <span class='ocrx_word' id='word_1_619' title='bbox 2973 3830 3069 3891; x_wconf 80' lang='grc' dir='ltr'>τῆς</span> <span class='ocrx_word' id='word_1_620' title='bbox 3118 3829 3216 3891; x_wconf 79' lang='grc' dir='ltr'>σῆς</span> <span class='ocrx_word' id='word_1_621' title='bbox 3272 3822 3581 3899; x_wconf 70' lang='grc' dir='ltr'>φανοτάτης</span> <span class='ocrx_word' id='word_1_622' title='bbox 3613 3820 3857 3896; x_wconf 81' lang='grc' dir='ltr'>οὐρανίου</span> 
     </span>
    </p>
   </div>
   <div class='ocr_carea' id='block_1_87' title="bbox 2221 3910 3860 3987">
    <p class='ocr_par' dir='ltr' id='par_1_87' title="bbox 2221 3910 3860 3987">
     <span class='ocr_line' id='line_1_88' title="bbox 2221 3910 3860 3987; baseline -0.004 -19"><span class='ocrx_word' id='word_1_623' title='bbox 2221 3921 2426 3984; x_wconf 83' lang='grc' dir='ltr'>σκηνῆς</span> <span class='ocrx_word' id='word_1_624' title='bbox 2483 3910 2874 3987; x_wconf 74' lang='grc' dir='ltr'>παραῤῥιπτεῖν</span> <span class='ocrx_word' id='word_1_625' title='bbox 2938 3910 3020 3966; x_wconf 81' lang='grc' dir='ltr'><strong>δεῖ</strong></span> <span class='ocrx_word' id='word_1_626' title='bbox 3075 3916 3332 3965; x_wconf 76' lang='grc' dir='ltr'>τοσοῦτον</span> <span class='ocrx_word' id='word_1_627' title='bbox 3399 3912 3753 3985; x_wconf 79' lang='grc' dir='ltr'>ἀξιουμένους</span> <span class='ocrx_word' id='word_1_628' title='bbox 3809 3929 3860 3963; x_wconf 90' lang='grc' dir='ltr'><strong>σε</strong></span> 
     </span>
    </p>
   </div>
   <div class='ocr_carea' id='block_1_88' title="bbox 2221 3997 3857 4076">
    <p class='ocr_par' dir='ltr' id='par_1_88' title="bbox 2221 3997 3857 4076">
     <span class='ocr_line' id='line_1_89' title="bbox 2221 3997 3857 4076; baseline -0.002 -20"><span class='ocrx_word' id='word_1_629' title='bbox 2221 4007 2348 4076; x_wconf 84' lang='grc' dir='ltr'>ὸρᾷν</span> <span class='ocrx_word' id='word_1_630' title='bbox 2398 4004 2486 4055; x_wconf 73' lang='grc' dir='ltr'><strong>σὺν</strong></span> <span class='ocrx_word' id='word_1_631' title='bbox 2548 4001 2704 4057; x_wconf 81' lang='grc' dir='ltr'>παντῖ</span> <span class='ocrx_word' id='word_1_632' title='bbox 2752 4007 2831 4072; x_wconf 79' lang='grc' dir='ltr'>τῷ</span> <span class='ocrx_word' id='word_1_633' title='bbox 2890 4002 3132 4074; x_wconf 85' lang='grc' dir='ltr'>ποιμνίῳ</span> <span class='ocrx_word' id='word_1_634' title='bbox 3173 4002 3306 4056; x_wconf 85' lang='grc' dir='ltr'><strong>κατά</strong></span> <span class='ocrx_word' id='word_1_635' title='bbox 3364 3997 3658 4076; x_wconf 81' lang='grc' dir='ltr'>διάμετρον</span> <span class='ocrx_word' id='word_1_636' title='bbox 3702 3999 3857 4070; x_wconf 78' lang='grc' dir='ltr'>ἀξίας,</span> 
     </span>
    </p>
   </div>
   <div class='ocr_carea' id='block_1_89' title="bbox 2223 4087 3858 4164">
    <p class='ocr_par' dir='ltr' id='par_1_89' title="bbox 2223 4087 3858 4164">
     <span class='ocr_line' id='line_1_90' title="bbox 2223 4087 3858 4164; baseline -0.001 -20"><span class='ocrx_word' id='word_1_637' title='bbox 2223 4092 2345 4145; x_wconf 84' lang='grc' dir='ltr'>ὅσον</span> <span class='ocrx_word' id='word_1_638' title='bbox 2379 4093 2428 4145; x_wconf 78' lang='grc' dir='ltr'>οἱ</span> <span class='ocrx_word' id='word_1_639' title='bbox 2462 4091 2596 4163; x_wconf 84' lang='grc' dir='ltr'>πρὸς</span> <span class='ocrx_word' id='word_1_640' title='bbox 2630 4092 2785 4146; x_wconf 79' lang='grc' dir='ltr'>αὐτὸν</span> <span class='ocrx_word' id='word_1_641' title='bbox 2819 4095 2908 4146; x_wconf 80' lang='grc' dir='ltr'><strong>τὸν</strong></span> <span class='ocrx_word' id='word_1_642' title='bbox 2943 4091 3094 4146; x_wconf 79' lang='grc' dir='ltr'>ἀλιον</span> <span class='ocrx_word' id='word_1_643' title='bbox 3150 4087 3552 4154; x_wconf 80' lang='grc' dir='ltr'>ἀποϐλέποντες</span> <span class='ocrx_word' id='word_1_644' title='bbox 3585 4111 3596 4122; x_wconf 92' lang='grc'><strong>·</strong></span> <span class='ocrx_word' id='word_1_645' title='bbox 3651 4090 3700 4145; x_wconf 79' lang='grc' dir='ltr'><strong>ἐν</strong></span> <span class='ocrx_word' id='word_1_646' title='bbox 3735 4098 3858 4164; x_wconf 72' lang='grc' dir='ltr'>Χρι-</span> 
     </span>
    </p>
   </div>
   <div class='ocr_carea' id='block_1_90' title="bbox 2225 4177 3857 4255">
    <p class='ocr_par' dir='ltr' id='par_1_90' title="bbox 2225 4177 3857 4255">
     <span class='ocr_line' id='line_1_91' title="bbox 2225 4177 3857 4255; baseline 0 -23"><span class='ocrx_word' id='word_1_647' title='bbox 2225 4185 2336 4252; x_wconf 86' lang='grc' dir='ltr'>στῷ</span> <span class='ocrx_word' id='word_1_648' title='bbox 2369 4182 2549 4250; x_wconf 79' lang='grc' dir='ltr'><strong>Ἰησοῦ</strong></span> <span class='ocrx_word' id='word_1_649' title='bbox 2592 4185 2671 4252; x_wconf 77' lang='grc' dir='ltr'>τῷ</span> <span class='ocrx_word' id='word_1_650' title='bbox 2714 4181 2899 4255; x_wconf 82' lang='grc' dir='ltr'>Κυρίῳ</span> <span class='ocrx_word' id='word_1_651' title='bbox 2929 4183 3114 4252; x_wconf 73' lang='grc' dir='ltr'>ἡμῶν,</span> <span class='ocrx_word' id='word_1_652' title='bbox 3165 4182 3209 4253; x_wconf 82' lang='grc' dir='ltr'>ᾦ</span> <span class='ocrx_word' id='word_1_653' title='bbox 3267 4179 3457 4255; x_wconf 88' lang='grc' dir='ltr'>πρέπει</span> <span class='ocrx_word' id='word_1_654' title='bbox 3518 4182 3664 4235; x_wconf 79' lang='grc' dir='ltr'><strong>πάσα</strong></span> <span class='ocrx_word' id='word_1_655' title='bbox 3722 4177 3857 4252; x_wconf 79' lang='grc' dir='ltr'>δόξα,</span> 
     </span>
    </p>
   </div>
   <div class='ocr_carea' id='block_1_91' title="bbox 2217 4269 3860 4345">
    <p class='ocr_par' dir='ltr' id='par_1_91' title="bbox 2217 4269 3860 4345">
     <span class='ocr_line' id='line_1_92' title="bbox 2217 4269 3860 4345; baseline -0.009 -11"><span class='ocrx_word' id='word_1_656' title='bbox 2217 4271 2376 4342; x_wconf 73' lang='grc' dir='ltr'>τιμή.</span> <span class='ocrx_word' id='word_1_657' title='bbox 2410 4269 2500 4322; x_wconf 76' lang='grc' dir='ltr'>καὶ</span> <span class='ocrx_word' id='word_1_658' title='bbox 2533 4271 2920 4343; x_wconf 74' lang='grc' dir='ltr'>προσκύν-ησις,</span> <span class='ocrx_word' id='word_1_659' title='bbox 2956 4270 3070 4342; x_wconf 77' lang='grc' dir='ltr'>’ἅμα</span> <span class='ocrx_word' id='word_1_660' title='bbox 3120 4274 3198 4340; x_wconf 78' lang='grc' dir='ltr'>τῷ</span> <span class='ocrx_word' id='word_1_661' title='bbox 3243 4270 3414 4345; x_wconf 82' lang='grc' dir='ltr'>Πατρῖ</span> <span class='ocrx_word' id='word_1_662' title='bbox 3463 4270 3554 4324; x_wconf 80' lang='grc' dir='ltr'><strong>καὶ</strong></span> <span class='ocrx_word' id='word_1_663' title='bbox 3603 4273 3682 4340; x_wconf 80' lang='grc' dir='ltr'>τῷ</span> <span class='ocrx_word' id='word_1_664' title='bbox 3731 4269 3860 4342; x_wconf 79' lang='grc' dir='ltr'><strong>ἁγίῳ</strong></span> 
     </span>
    </p>
   </div>
   <div class='ocr_carea' id='block_1_92' title="bbox 2220 4355 3859 4428">
    <p class='ocr_par' dir='ltr' id='par_1_92' title="bbox 2220 4355 3859 4428">
     <span class='ocr_line' id='line_1_93' title="bbox 2220 4355 3859 4428; baseline -0.001 -19"><span class='ocrx_word' id='word_1_665' title='bbox 2220 4357 2513 4428; x_wconf 72' lang='grc' dir='ltr'>Πνεύματι,</span> <span class='ocrx_word' id='word_1_666' title='bbox 2541 4361 2631 4412; x_wconf 82' lang='grc' dir='ltr'><strong>νῦν</strong></span> <span class='ocrx_word' id='word_1_667' title='bbox 2665 4357 2752 4412; x_wconf 78' lang='grc' dir='ltr'><strong>καὶ</strong></span> <span class='ocrx_word' id='word_1_668' title='bbox 2795 4356 2874 4411; x_wconf 85' lang='grc' dir='ltr'><strong>ἀεὶ</strong></span> <span class='ocrx_word' id='word_1_669' title='bbox 2915 4357 3002 4412; x_wconf 80' lang='grc' dir='ltr'><strong>καὶ</strong></span> <span class='ocrx_word' id='word_1_670' title='bbox 3057 4357 3131 4420; x_wconf 80' lang='grc' dir='ltr'>εἰς</span> <span class='ocrx_word' id='word_1_671' title='bbox 3180 4356 3308 4419; x_wconf 76' lang='grc' dir='ltr'>τοὺς</span> <span class='ocrx_word' id='word_1_672' title='bbox 3357 4355 3559 4420; x_wconf 67' lang='grc' dir='ltr'>αἳῶνας</span> <span class='ocrx_word' id='word_1_673' title='bbox 3601 4362 3705 4412; x_wconf 79' lang='grc' dir='ltr'>τῶν</span> <span class='ocrx_word' id='word_1_674' title='bbox 3735 4355 3859 4409; x_wconf 73' lang='grc' dir='ltr'><strong>αἰώ-</strong></span> 
     </span>
    </p>
   </div>
   <div class='ocr_carea' id='block_1_93' title="bbox 2221 4448 2584 4520">
    <p class='ocr_par' dir='ltr' id='par_1_93' title="bbox 2221 4448 2584 4520">
     <span class='ocr_line' id='line_1_94' title="bbox 2221 4448 2584 4520; baseline -0.008 -20"><span class='ocrx_word' id='word_1_675' title='bbox 2221 4468 2350 4505; x_wconf 82' lang='grc' dir='ltr'>νων.</span> <span class='ocrx_word' id='word_1_676' title='bbox 2384 4448 2584 4520; x_wconf 76' lang='grc' dir='ltr'>Ἀμήν,</span> 
     </span>
    </p>
   </div>
   <div class='ocr_carea' id='block_1_94' title="bbox 1952 4735 2376 4794">
    <p class='ocr_par' dir='ltr' id='par_1_94' title="bbox 1952 4735 2376 4794">
     <span class='ocr_line' id='line_1_95' title="bbox 1952 4735 2376 4794; baseline -0.009 0"><span class='ocrx_word' id='word_1_677' title='bbox 1952 4735 2376 4794; x_wconf 81' lang='lat' dir='ltr'><strong>ADNOTATIO.</strong></span> 
     </span>
    </p>
   </div>
   <div class='ocr_carea' id='block_1_95' title="bbox 542 4844 3856 4922">
    <p class='ocr_par' dir='ltr' id='par_1_95' title="bbox 542 4844 3856 4922">
     <span class='ocr_line' id='line_1_96' title="bbox 542 4844 3856 4922; baseline -0.002 -18"><span class='ocrx_word' id='word_1_678' title='bbox 542 4852 721 4922; x_wconf 85' lang='lat' dir='ltr'><strong>Igitur</strong></span> <span class='ocrx_word' id='word_1_679' title='bbox 753 4855 971 4920; x_wconf 88' lang='lat' dir='ltr'><strong>septem</strong></span> <span class='ocrx_word' id='word_1_680' title='bbox 1004 4849 1284 4905; x_wconf 87' lang='lat' dir='ltr'><strong>Theodori</strong></span> <span class='ocrx_word' id='word_1_681' title='bbox 1318 4850 1554 4905; x_wconf 68' lang='lat' dir='ltr'><strong>Studitas</strong></span> <span class='ocrx_word' id='word_1_682' title='bbox 1592 4848 1964 4920; x_wconf 77' lang='lat' dir='ltr'><strong>panegyricas</strong></span> <span class='ocrx_word' id='word_1_683' title='bbox 2005 4846 2308 4902; x_wconf 88' lang='lat' dir='ltr'><strong>Orationes</strong></span> <span class='ocrx_word' id='word_1_684' title='bbox 2369 4845 2936 4922; x_wconf 83' lang='lat' dir='ltr'><strong>dedimus,_quarum</strong></span> <span class='ocrx_word' id='word_1_685' title='bbox 2997 4844 3112 4922; x_wconf 63' lang='lat' dir='ltr'><strong>dua</strong></span> <span class='ocrx_word' id='word_1_686' title='bbox 3163 4847 3358 4922; x_wconf 80' lang='lat' dir='ltr'><strong>Latine</strong></span> <span class='ocrx_word' id='word_1_687' title='bbox 3380 4851 3645 4922; x_wconf 15' lang='lat' dir='ltr'><strong>gtantum</strong></span> <span class='ocrx_word' id='word_1_688' title='bbox 3701 4844 3856 4922; x_wconf 69' lang='lat' dir='ltr'><strong>edita:</strong></span> 
     </span>
    </p>
   </div>
   <div class='ocr_carea' id='block_1_96' title="bbox 471 4917 3856 4992">
    <p class='ocr_par' dir='ltr' id='par_1_96' title="bbox 471 4917 3856 4992">
     <span class='ocr_line' id='line_1_97' title="bbox 471 4917 3856 4992; baseline -0.002 -16"><span class='ocrx_word' id='word_1_689' title='bbox 471 4917 720 4989; x_wconf 66' lang='lat' dir='ltr'><strong>fuerant,</strong></span> <span class='ocrx_word' id='word_1_690' title='bbox 755 4917 988 4992; x_wconf 66' lang='lat' dir='ltr'><strong>reliqua:</strong></span> <span class='ocrx_word' id='word_1_691' title='bbox 1021 4939 1126 4976; x_wconf 90' lang='lat' dir='ltr'><strong>nec</strong></span> <span class='ocrx_word' id='word_1_692' title='bbox 1147 4922 1339 4977; x_wconf 68' lang='lat' dir='ltr'><strong>Graece</strong></span> <span class='ocrx_word' id='word_1_693' title='bbox 1376 4939 1474 4976; x_wconf 90' lang='lat' dir='ltr'><strong>nec</strong></span> <span class='ocrx_word' id='word_1_694' title='bbox 1511 4917 1904 4976; x_wconf 54' lang='lat' dir='ltr'><strong>Latina—Ante</strong></span> <span class='ocrx_word' id='word_1_695' title='bbox 1928 4936 2032 4974; x_wconf 89' lang='lat' dir='ltr'><strong>nos</strong></span> <span class='ocrx_word' id='word_1_696' title='bbox 2065 4924 2258 4972; x_wconf 88' lang='lat' dir='ltr'><strong>tamen</strong></span> <span class='ocrx_word' id='word_1_697' title='bbox 2289 4918 2595 4992; x_wconf 74' lang='lat' dir='ltr'><strong>exstabant</strong></span> <span class='ocrx_word' id='word_1_698' title='bbox 2638 4918 2760 4971; x_wconf 71' lang='lat' dir='ltr'><strong>altae</strong></span> <span class='ocrx_word' id='word_1_699' title='bbox 2795 4935 3014 4992; x_wconf 15' lang='lat' dir='ltr'><strong>novem,</strong></span> <span class='ocrx_word' id='word_1_700' title='bbox 3054 4920 3316 4987; x_wconf 89' lang='lat' dir='ltr'><strong>ejusdem</strong></span> <span class='ocrx_word' id='word_1_701' title='bbox 3375 4918 3613 4992; x_wconf 74' lang='lat' dir='ltr'><strong>Studitas</strong></span> <span class='ocrx_word' id='word_1_702' title='bbox 3652 4917 3856 4992; x_wconf 81' lang='lat' dir='ltr'><strong>ora_tio-</strong></span> 
     </span>
    </p>
   </div>
   <div class='ocr_carea' id='block_1_97' title="bbox 470 4990 2836 5062">
    <p class='ocr_par' dir='ltr' id='par_1_97' title="bbox 470 4990 2836 5062">
     <span class='ocr_line' id='line_1_98' title="bbox 470 4990 2836 5062; baseline -0.003 -14"><span class='ocrx_word' id='word_1_703' title='bbox 470 5009 590 5049; x_wconf 85' lang='lat' dir='ltr'><strong>nes.</strong></span> <span class='ocrx_word' id='word_1_704' title='bbox 622 5000 667 5050; x_wconf 92' lang='grc' dir='ltr'><strong>Ι.</strong></span> <span class='ocrx_word' id='word_1_705' title='bbox 693 4997 753 5049; x_wconf 85' lang='lat' dir='ltr'><strong>In</strong></span> <span class='ocrx_word' id='word_1_706' title='bbox 785 4990 1017 5048; x_wconf 40' lang='lat' dir='ltr'><strong>cru—cem</strong></span> <span class='ocrx_word' id='word_1_707' title='bbox 1071 4995 1322 5061; x_wconf 91' lang='lat' dir='ltr'><strong>Domini,</strong></span> <span class='ocrx_word' id='word_1_708' title='bbox 1349 4993 1444 5047; x_wconf 90' lang='lat' dir='ltr'><strong>Gr.</strong></span> <span class='ocrx_word' id='word_1_709' title='bbox 1483 4993 1605 5047; x_wconf 89' lang='lat' dir='ltr'><strong>Lat.</strong></span> <span class='ocrx_word' id='word_1_710' title='bbox 1640 4995 1789 5062; x_wconf 83' lang='lat' dir='ltr'><strong>apud</strong></span> <span class='ocrx_word' id='word_1_711' title='bbox 1850 4991 2178 5046; x_wconf 85' lang='lat' dir='ltr'><strong>Gretserum</strong></span> <span class='ocrx_word' id='word_1_712' title='bbox 2244 5005 2336 5062; x_wconf 73' lang='lat' dir='ltr'><strong>op.</strong></span> <span class='ocrx_word' id='word_1_713' title='bbox 2374 4990 2444 5043; x_wconf 82' lang='lat' dir='ltr'><strong>De</strong></span> <span class='ocrx_word' id='word_1_714' title='bbox 2479 5005 2658 5054; x_wconf 67' lang='lat' dir='ltr'><strong>crure,</strong></span> <span class='ocrx_word' id='word_1_715' title='bbox 2689 4994 2727 5042; x_wconf 88' lang='lat' dir='ltr'><strong>t.</strong></span> <span class='ocrx_word' id='word_1_716' title='bbox 2774 5006 2836 5055; x_wconf 85' lang='lat' dir='ltr'><strong>II,</strong></span> 
     </span>
    </p>
   </div>
   <div class='ocr_carea' id='block_1_98' title="bbox 2871 4987 3854 5060">
    <p class='ocr_par' dir='ltr' id='par_1_98' title="bbox 2871 4987 3854 5060">
     <span class='ocr_line' id='line_1_99' title="bbox 2871 4987 3854 5060; baseline -0.002 -19"><span class='ocrx_word' id='word_1_717' title='bbox 2871 5007 2924 5060; x_wconf 93' lang='lat' dir='ltr'><strong>p.</strong></span> <span class='ocrx_word' id='word_1_718' title='bbox 2955 4991 3078 5044; x_wconf 84' lang='lat' dir='ltr'><strong>23L</strong></span> <span class='ocrx_word' id='word_1_719' title='bbox 3111 4992 3181 5045; x_wconf 90' lang='lat' dir='ltr'><strong>II.</strong></span> <span class='ocrx_word' id='word_1_720' title='bbox 3216 4992 3275 5044; x_wconf 94' lang='lat' dir='ltr'><strong>In</strong></span> <span class='ocrx_word' id='word_1_721' title='bbox 3340 4989 3693 5044; x_wconf 83' lang='lat' dir='ltr'><strong>nativitatem</strong></span> <span class='ocrx_word' id='word_1_722' title='bbox 3734 4987 3854 5042; x_wconf 88' lang='lat' dir='ltr'><strong>Dei-</strong></span> 
     </span>
    </p>
   </div>
   <div class='ocr_carea' id='block_1_99' title="bbox 475 5060 3854 5136">
    <p class='ocr_par' dir='ltr' id='par_1_99' title="bbox 475 5060 3854 5136">
     <span class='ocr_line' id='line_1_100' title="bbox 475 5060 3854 5136; baseline -0.003 -16"><span class='ocrx_word' id='word_1_723' title='bbox 475 5082 648 5136; x_wconf 74' lang='lat' dir='ltr'><strong>part&#39;e,</strong></span> <span class='ocrx_word' id='word_1_724' title='bbox 681 5065 777 5121; x_wconf 89' lang='lat' dir='ltr'><strong>Gr.</strong></span> <span class='ocrx_word' id='word_1_725' title='bbox 814 5065 936 5119; x_wconf 90' lang='lat' dir='ltr'><strong>Lat.</strong></span> <span class='ocrx_word' id='word_1_726' title='bbox 969 5065 1124 5120; x_wconf 89' lang='lat' dir='ltr'><strong>edita</strong></span> <span class='ocrx_word' id='word_1_727' title='bbox 1154 5060 1803 5131; x_wconf 77' lang='lat' dir='ltr'><strong>interDamascenicas,</strong></span> <span class='ocrx_word' id='word_1_728' title='bbox 1839 5069 1903 5116; x_wconf 92' lang='lat' dir='ltr'><strong>ut</strong></span> <span class='ocrx_word' id='word_1_729' title='bbox 1933 5078 2038 5116; x_wconf 91' lang='lat' dir='ltr'><strong>nos</strong></span> <span class='ocrx_word' id='word_1_730' title='bbox 2066 5062 2188 5130; x_wconf 89' lang='lat' dir='ltr'><strong>jam</strong></span> <span class='ocrx_word' id='word_1_731' title='bbox 2221 5061 2481 5127; x_wconf 86' lang='lat' dir='ltr'><strong>diximus,</strong></span> <span class='ocrx_word' id='word_1_732' title='bbox 2507 5078 2562 5132; x_wconf 90' lang='lat' dir='ltr'><strong>p.</strong></span> <span class='ocrx_word' id='word_1_733' title='bbox 2604 5062 2692 5115; x_wconf 77' lang='grc'><strong>54.</strong></span> <span class='ocrx_word' id='word_1_734' title='bbox 2730 5062 2802 5115; x_wconf 87' lang='grc' dir='ltr'>ΙΙΙ</span> <span class='ocrx_word' id='word_1_735' title='bbox 2867 5066 2921 5116; x_wconf 86' lang='lat' dir='ltr'><strong>et</strong></span> <span class='ocrx_word' id='word_1_736' title='bbox 2951 5061 3042 5115; x_wconf 80' lang='grc' dir='ltr'>ιν.</span> <span class='ocrx_word' id='word_1_737' title='bbox 3082 5063 3154 5117; x_wconf 86' lang='lat' dir='ltr'><strong>De</strong></span> <span class='ocrx_word' id='word_1_738' title='bbox 3223 5061 3556 5116; x_wconf 85' lang='lat' dir='ltr'><strong>adoratione</strong></span> <span class='ocrx_word' id='word_1_739' title='bbox 3591 5062 3682 5115; x_wconf 80' lang='lat' dir='ltr'><strong>SS.</strong></span> <span class='ocrx_word' id='word_1_740' title='bbox 3716 5060 3854 5113; x_wconf 79' lang='lat' dir='ltr'><strong>ima-</strong></span> 
     </span>
    </p>
   </div>
   <div class='ocr_carea' id='block_1_100' title="bbox 541 5187 2115 5261">
    <p class='ocr_par' dir='ltr' id='par_1_100' title="bbox 541 5187 2115 5261">
     <span class='ocr_line' id='line_1_101' title="bbox 541 5187 2115 5261; baseline -0.007 -11"><span class='ocrx_word' id='word_1_741' title='bbox 541 5191 651 5261; x_wconf 78' lang='lat'><strong>(28)</strong></span> <span class='ocrx_word' id='word_1_742' title='bbox 682 5190 824 5246; x_wconf 85' lang='lat' dir='ltr'><strong>Nota</strong></span> <span class='ocrx_word' id='word_1_743' title='bbox 858 5195 1017 5254; x_wconf 87' lang='lat' dir='ltr'><strong>sunt,</strong></span> <span class='ocrx_word' id='word_1_744' title='bbox 1051 5208 1176 5260; x_wconf 64' lang='lat' dir='ltr'><strong>quae</strong></span> <span class='ocrx_word' id='word_1_745' title='bbox 1198 5192 1268 5243; x_wconf 90' lang='lat' dir='ltr'><strong>de</strong></span> <span class='ocrx_word' id='word_1_746' title='bbox 1299 5189 1484 5244; x_wconf 86' lang='lat' dir='ltr'><strong>sancti</strong></span> <span class='ocrx_word' id='word_1_747' title='bbox 1516 5189 1763 5244; x_wconf 88' lang='lat' dir='ltr'><strong>Joannis</strong></span> <span class='ocrx_word' id='word_1_748' title='bbox 1794 5187 2115 5242; x_wconf 81' lang='lat' dir='ltr'><strong>extraordi-</strong></span> 
     </span>
    </p>
   </div>
   <div class='ocr_carea' id='block_1_101' title="bbox 469 5260 2112 5335">
    <p class='ocr_par' dir='ltr' id='par_1_101' title="bbox 469 5260 2112 5335">
     <span class='ocr_line' id='line_1_102' title="bbox 469 5260 2112 5335; baseline -0.005 -17"><span class='ocrx_word' id='word_1_749' title='bbox 469 5260 852 5318; x_wconf 67' lang='lat' dir='ltr'><strong>narioolvitus</strong></span> <span class='ocrx_word' id='word_1_750' title='bbox 884 5280 1112 5335; x_wconf 79' lang='lat' dir='ltr'><strong>genere,</strong></span> <span class='ocrx_word' id='word_1_751' title='bbox 1143 5262 1227 5315; x_wconf 83' lang='lat' dir='ltr'><strong>vel</strong></span> <span class='ocrx_word' id='word_1_752' title='bbox 1259 5261 1431 5335; x_wconf 81' lang='lat' dir='ltr'><strong>etiam</strong></span> <span class='ocrx_word' id='word_1_753' title='bbox 1465 5260 1851 5335; x_wconf 80' lang='lat' dir='ltr'><strong>translatione</strong></span> <span class='ocrx_word' id='word_1_754' title='bbox 1892 5265 1990 5312; x_wconf 89' lang='lat' dir='ltr'><strong>aut</strong></span> <span class='ocrx_word' id='word_1_755' title='bbox 2021 5274 2112 5335; x_wconf 76' lang='lat' dir='ltr'><strong>re-</strong></span> 
     </span>
    </p>
   </div>
   <div class='ocr_carea' id='block_1_102' title="bbox 470 5330 2114 5402">
    <p class='ocr_par' dir='ltr' id='par_1_102' title="bbox 470 5330 2114 5402">
     <span class='ocr_line' id='line_1_103' title="bbox 470 5330 2114 5402; baseline -0.005 -13"><span class='ocrx_word' id='word_1_756' title='bbox 470 5335 847 5400; x_wconf 72' lang='lat' dir='ltr'><strong>surrectione,</strong></span> <span class='ocrx_word' id='word_1_757' title='bbox 885 5330 1121 5388; x_wconf 72' lang='lat' dir='ltr'><strong>narrant</strong></span> <span class='ocrx_word' id='word_1_758' title='bbox 1154 5333 1422 5387; x_wconf 87' lang='lat' dir='ltr'><strong>nonnulli</strong></span> <span class='ocrx_word' id='word_1_759' title='bbox 1450 5339 1672 5386; x_wconf 84' lang='lat' dir='ltr'><strong>veteres</strong></span> <span class='ocrx_word' id='word_1_760' title='bbox 1703 5332 1855 5402; x_wconf 86' lang='lat' dir='ltr'><strong>apud</strong></span> <span class='ocrx_word' id='word_1_761' title='bbox 1913 5330 2114 5402; x_wconf 82' lang='lat' dir='ltr'><strong>Sandi-</strong></span> 
     </span>
    </p>
   </div>
   <div class='ocr_carea' id='block_1_103' title="bbox 472 5399 2116 5474">
    <p class='ocr_par' dir='ltr' id='par_1_103' title="bbox 472 5399 2116 5474">
     <span class='ocr_line' id='line_1_104' title="bbox 472 5399 2116 5474; baseline -0.005 -15"><span class='ocrx_word' id='word_1_762' title='bbox 472 5409 634 5460; x_wconf 91' lang='lat' dir='ltr'><strong>nium</strong></span> <span class='ocrx_word' id='word_1_763' title='bbox 668 5407 726 5460; x_wconf 91' lang='lat' dir='ltr'><strong>in</strong></span> <span class='ocrx_word' id='word_1_764' title='bbox 760 5399 893 5460; x_wconf 74' lang='lat' dir='ltr'><strong>Hist.</strong></span> <span class='ocrx_word' id='word_1_765' title='bbox 919 5414 1092 5474; x_wconf 81' lang='lat' dir='ltr'><strong>apost.</strong></span> <span class='ocrx_word' id='word_1_766' title='bbox 1131 5423 1182 5474; x_wconf 92' lang='lat' dir='ltr'><strong>p.</strong></span> <span class='ocrx_word' id='word_1_767' title='bbox 1231 5404 1355 5458; x_wconf 89' lang='grc'><strong>189.</strong></span> <span class='ocrx_word' id='word_1_768' title='bbox 1391 5403 1623 5458; x_wconf 86' lang='lat' dir='ltr'><strong>Festum</strong></span> <span class='ocrx_word' id='word_1_769' title='bbox 1674 5399 1798 5472; x_wconf 77' lang='lat' dir='ltr'><strong>ejus</strong></span> <span class='ocrx_word' id='word_1_770' title='bbox 1851 5399 2116 5474; x_wconf 79' lang='grc' dir='ltr'>μεταστά-</span> 
     </span>
    </p>
   </div>
   <div class='ocr_carea' id='block_1_104' title="bbox 468 5475 2113 5546">
    <p class='ocr_par' dir='ltr' id='par_1_104' title="bbox 468 5475 2113 5546">
     <span class='ocr_line' id='line_1_105' title="bbox 468 5475 2113 5546; baseline -0.002 -16"><span class='ocrx_word' id='word_1_771' title='bbox 468 5497 604 5536; x_wconf 85' lang='grc' dir='ltr'>σεως</span> <span class='ocrx_word' id='word_1_772' title='bbox 637 5486 725 5532; x_wconf 80' lang='lat' dir='ltr'><strong>est</strong></span> <span class='ocrx_word' id='word_1_773' title='bbox 749 5483 802 5532; x_wconf 84' lang='lat' dir='ltr'><strong>in</strong></span> <span class='ocrx_word' id='word_1_774' title='bbox 829 5478 954 5532; x_wconf 86' lang='lat' dir='ltr'><strong>Kal.</strong></span> <span class='ocrx_word' id='word_1_775' title='bbox 989 5477 1206 5542; x_wconf 60' lang='lat' dir='ltr'><strong>Grazco,</strong></span> <span class='ocrx_word' id='word_1_776' title='bbox 1241 5479 1333 5530; x_wconf 86' lang='lat' dir='ltr'><strong>die</strong></span> <span class='ocrx_word' id='word_1_777' title='bbox 1362 5475 1434 5528; x_wconf 88' lang='lat'>26</span> <span class='ocrx_word' id='word_1_778' title='bbox 1485 5482 1634 5546; x_wconf 90' lang='lat' dir='ltr'><strong>sept.</strong></span> <span class='ocrx_word' id='word_1_779' title='bbox 1659 5477 1886 5531; x_wconf 82' lang='lat' dir='ltr'><strong>Laudes</strong></span> <span class='ocrx_word' id='word_1_780' title='bbox 1929 5475 2113 5546; x_wconf 76' lang='lat' dir='ltr'><strong>eidem</strong></span> 
     </span>
    </p>
   </div>
   <div class='ocr_carea' id='block_1_105' title="bbox 469 5543 2112 5622">
    <p class='ocr_par' dir='ltr' id='par_1_105' title="bbox 469 5543 2112 5622">
     <span class='ocr_line' id='line_1_106' title="bbox 469 5543 2112 5622; baseline -0.005 -16"><span class='ocrx_word' id='word_1_781' title='bbox 469 5551 730 5621; x_wconf 86' lang='lat' dir='ltr'><strong>insignes</strong></span> <span class='ocrx_word' id='word_1_782' title='bbox 765 5551 907 5606; x_wconf 91' lang='lat' dir='ltr'><strong>dicit</strong></span> <span class='ocrx_word' id='word_1_783' title='bbox 936 5553 1176 5605; x_wconf 90' lang='lat' dir='ltr'><strong>sanctus</strong></span> <span class='ocrx_word' id='word_1_784' title='bbox 1197 5547 1444 5622; x_wconf 86' lang='lat' dir='ltr'><strong>Cyrillus</strong></span> <span class='ocrx_word' id='word_1_785' title='bbox 1465 5547 1524 5602; x_wconf 91' lang='lat' dir='ltr'><strong>in</strong></span> <span class='ocrx_word' id='word_1_786' title='bbox 1552 5543 1794 5604; x_wconf 86' lang='lat' dir='ltr'><strong>homilia</strong></span> <span class='ocrx_word' id='word_1_787' title='bbox 1825 5546 2029 5617; x_wconf 89' lang='lat' dir='ltr'><strong>Opp.t.</strong></span> <span class='ocrx_word' id='word_1_788' title='bbox 2049 5543 2112 5612; x_wconf 95' lang='lat' dir='ltr'><strong>V,</strong></span> 
     </span>
    </p>
   </div>
   <div class='ocr_carea' id='block_1_106' title="bbox 470 5622 954 5697">
    <p class='ocr_par' dir='ltr' id='par_1_106' title="bbox 470 5622 954 5697">
     <span class='ocr_line' id='line_1_107' title="bbox 470 5622 954 5697; baseline 0 -19"><span class='ocrx_word' id='word_1_789' title='bbox 470 5627 794 5697; x_wconf 16' lang='lat' dir='ltr'><strong>part.&gt;lt_,_p.</strong></span> <span class='ocrx_word' id='word_1_790' title='bbox 828 5622 954 5678; x_wconf 89' lang='grc'><strong>380.</strong></span> 
     </span>
    </p>
   </div>
   <div class='ocr_carea' id='block_1_107' title="bbox 539 5689 2114 5793">
    <p class='ocr_par' dir='ltr' id='par_1_107' title="bbox 539 5689 2114 5793">
     <span class='ocr_line' id='line_1_108' title="bbox 539 5689 2114 5793; baseline -0.006 -40"><span class='ocrx_word' id='word_1_791' title='bbox 539 5693 654 5793; x_wconf 64' lang='grc'><strong>(29)</strong></span> <span class='ocrx_word' id='word_1_792' title='bbox 689 5689 1025 5755; x_wconf 84' lang='lat' dir='ltr'><strong>Illustratur</strong></span> <span class='ocrx_word' id='word_1_793' title='bbox 1051 5692 1158 5752; x_wconf 87' lang='lat' dir='ltr'><strong>hoc</strong></span> <span class='ocrx_word' id='word_1_794' title='bbox 1216 5692 1563 5754; x_wconf 81' lang='lat' dir='ltr'><strong>vocabulum</strong></span> <span class='ocrx_word' id='word_1_795' title='bbox 1617 5693 1689 5750; x_wconf 88' lang='lat' dir='ltr'><strong>ab</strong></span> <span class='ocrx_word' id='word_1_796' title='bbox 1721 5689 1940 5751; x_wconf 87' lang='lat' dir='ltr'><strong>inedito</strong></span> <span class='ocrx_word' id='word_1_797' title='bbox 1961 5689 2114 5767; x_wconf 85' lang='lat' dir='ltr'><strong>apud</strong></span> 
     </span>
    </p>
   </div>
   <div class='ocr_carea' id='block_1_108' title="bbox 2225 5181 3853 5260">
    <p class='ocr_par' dir='ltr' id='par_1_108' title="bbox 2225 5181 3853 5260">
     <span class='ocr_line' id='line_1_109' title="bbox 2225 5181 3853 5260; baseline -0.004 -20"><span class='ocrx_word' id='word_1_798' title='bbox 2225 5202 2315 5240; x_wconf 88' lang='lat' dir='ltr'><strong>me</strong></span> <span class='ocrx_word' id='word_1_799' title='bbox 2347 5186 2505 5260; x_wconf 55' lang='lat' dir='ltr'><strong>Jobi</strong></span> <span class='ocrx_word' id='word_1_800' title='bbox 2534 5186 2867 5260; x_wconf 66' lang='lat' dir='ltr'><strong>interprete</strong></span> <span class='ocrx_word' id='word_1_801' title='bbox 2907 5203 3034 5258; x_wconf 87' lang='lat' dir='ltr'><strong>cap.</strong></span> <span class='ocrx_word' id='word_1_802' title='bbox 3067 5203 3181 5260; x_wconf 63' lang='lat' dir='ltr'><strong>xiv,</strong></span> <span class='ocrx_word' id='word_1_803' title='bbox 3203 5189 3278 5260; x_wconf 86' lang='lat'><strong>&#39;7:_</strong></span> <span class='ocrx_word' id='word_1_804' title='bbox 3317 5187 3378 5260; x_wconf 86' lang='lat' dir='ltr'><strong>&#39;O_</strong></span> <span class='ocrx_word' id='word_1_805' title='bbox 3421 5183 3694 5260; x_wconf 44' lang='lat' dir='ltr'><strong>pasam;</strong></span> <span class='ocrx_word' id='word_1_806' title='bbox 3726 5181 3853 5236; x_wconf 80' lang='grc' dir='ltr'>ἐστιν</span> 
     </span>
    </p>
   </div>
   <div class='ocr_carea' id='block_1_109' title="bbox 2223 5253 3850 5332">
    <p class='ocr_par' dir='ltr' id='par_1_109' title="bbox 2223 5253 3850 5332">
     <span class='ocr_line' id='line_1_110' title="bbox 2223 5253 3850 5332; baseline -0.003 -22"><span class='ocrx_word' id='word_1_807' title='bbox 2223 5253 2790 5332; x_wconf 14' lang='grc' dir='ltr'>παντὸςήδένδρουέὸ</span> <span class='ocrx_word' id='word_1_808' title='bbox 2835 5253 3022 5330; x_wconf 74' lang='grc' dir='ltr'>ἄκρον,</span> <span class='ocrx_word' id='word_1_809' title='bbox 3076 5257 3207 5331; x_wconf 81' lang='grc' dir='ltr'>ὅπερ</span> <span class='ocrx_word' id='word_1_810' title='bbox 3257 5253 3530 5332; x_wconf 73' lang='grc' dir='ltr'>ἀκρέμονα</span> <span class='ocrx_word' id='word_1_811' title='bbox 3563 5253 3850 5332; x_wconf 56' lang='grc' dir='ltr'>λέγουσιν.</span> 
     </span>
    </p>
   </div>
   <div class='ocr_carea' id='block_1_110' title="bbox 2295 5325 3853 5401">
    <p class='ocr_par' dir='ltr' id='par_1_110' title="bbox 2295 5325 3853 5401">
     <span class='ocr_line' id='line_1_111' title="bbox 2295 5325 3853 5401; baseline -0.002 -19"><span class='ocrx_word' id='word_1_812' title='bbox 2295 5331 2403 5399; x_wconf 83' lang='lat'><strong>(30)</strong></span> <span class='ocrx_word' id='word_1_813' title='bbox 2431 5325 2679 5401; x_wconf 80' lang='lat' dir='ltr'><strong>Compar</strong></span> <span class='ocrx_word' id='word_1_814' title='bbox 2726 5325 3146 5386; x_wconf 56' lang='lat' dir='ltr'><strong>Petro&#39;honore</strong></span> <span class='ocrx_word' id='word_1_815' title='bbox 3180 5325 3567 5401; x_wconf 46' lang='lat' dir='ltr'><strong>&quot;apostolatus,</strong></span> <span class='ocrx_word' id='word_1_816' title='bbox 3593 5325 3704 5383; x_wconf 85' lang='lat' dir='ltr'><strong>non</strong></span> <span class='ocrx_word' id='word_1_817' title='bbox 3738 5325 3853 5401; x_wconf 83' lang='lat' dir='ltr'><strong>pri-</strong></span> 
     </span>
    </p>
   </div>
   <div class='ocr_carea' id='block_1_111' title="bbox 2226 5399 3853 5472">
    <p class='ocr_par' dir='ltr' id='par_1_111' title="bbox 2226 5399 3853 5472">
     <span class='ocr_line' id='line_1_112' title="bbox 2226 5399 3853 5472; baseline -0.001 -17"><span class='ocrx_word' id='word_1_818' title='bbox 2226 5409 2437 5455; x_wconf 89' lang='lat' dir='ltr'><strong>matus.</strong></span> <span class='ocrx_word' id='word_1_819' title='bbox 2478 5399 2702 5455; x_wconf 82' lang='lat' dir='ltr'><strong>Etenim</strong></span> <span class='ocrx_word' id='word_1_820' title='bbox 2738 5402 3046 5469; x_wconf 87' lang='lat' dir='ltr'><strong>primatum</strong></span> <span class='ocrx_word' id='word_1_821' title='bbox 3078 5399 3336 5458; x_wconf 83' lang='lat' dir='ltr'><strong>vindicat</strong></span> <span class='ocrx_word' id='word_1_822' title='bbox 3368 5409 3526 5458; x_wconf 87' lang='lat' dir='ltr'><strong>Petro</strong></span> <span class='ocrx_word' id='word_1_823' title='bbox 3571 5402 3697 5472; x_wconf 89' lang='lat' dir='ltr'><strong>ipse</strong></span> <span class='ocrx_word' id='word_1_824' title='bbox 3729 5399 3853 5472; x_wconf 78' lang='lat' dir='ltr'><strong>Stu-</strong></span> 
     </span>
    </p>
   </div>
   <div class='ocr_carea' id='block_1_112' title="bbox 2225 5470 3852 5543">
    <p class='ocr_par' dir='ltr' id='par_1_112' title="bbox 2225 5470 3852 5543">
     <span class='ocr_line' id='line_1_113' title="bbox 2225 5470 3852 5543; baseline -0.002 -18"><span class='ocrx_word' id='word_1_825' title='bbox 2225 5473 2347 5527; x_wconf 89' lang='lat' dir='ltr'><strong>dita</strong></span> <span class='ocrx_word' id='word_1_826' title='bbox 2379 5475 2434 5526; x_wconf 91' lang='lat' dir='ltr'><strong>in</strong></span> <span class='ocrx_word' id='word_1_827' title='bbox 2471 5474 3096 5543; x_wconf 63' lang='lat' dir='ltr'><strong>precedentibus,,nec</strong></span> <span class='ocrx_word' id='word_1_828' title='bbox 3120 5491 3231 5530; x_wconf 90' lang='lat' dir='ltr'><strong>non</strong></span> <span class='ocrx_word' id='word_1_829' title='bbox 3258 5474 3389 5530; x_wconf 90' lang='lat' dir='ltr'><strong>aliis</strong></span> <span class='ocrx_word' id='word_1_830' title='bbox 3416 5474 3557 5530; x_wconf 86' lang='lat' dir='ltr'><strong>locis</strong></span> <span class='ocrx_word' id='word_1_831' title='bbox 3591 5470 3646 5528; x_wconf 83' lang='lat' dir='ltr'><strong>in</strong></span> <span class='ocrx_word' id='word_1_832' title='bbox 3677 5470 3852 5525; x_wconf 89' lang='lat' dir='ltr'><strong>indice</strong></span> 
     </span>
    </p>
   </div>
   <div class='ocr_carea' id='block_1_113' title="bbox 2226 5544 2980 5601">
    <p class='ocr_par' dir='ltr' id='par_1_113' title="bbox 2226 5544 2980 5601">
     <span class='ocr_line' id='line_1_114' title="bbox 2226 5544 2980 5601; baseline 0.003 -2"><span class='ocrx_word' id='word_1_833' title='bbox 2226 5544 2637 5601; x_wconf 89' lang='lat' dir='ltr'><strong>Sirmondiano</strong></span> <span class='ocrx_word' id='word_1_834' title='bbox 2666 5545 2980 5601; x_wconf 88' lang='lat' dir='ltr'><strong>adnotatis.</strong></span> 
     </span>
    </p>
   </div>
   <div class='ocr_carea' id='block_1_114' title="bbox 2295 5612 3847 5691">
    <p class='ocr_par' dir='ltr' id='par_1_114' title="bbox 2295 5612 3847 5691">
     <span class='ocr_line' id='line_1_115' title="bbox 2295 5612 3847 5691; baseline -0.003 -21"><span class='ocrx_word' id='word_1_835' title='bbox 2295 5615 2412 5691; x_wconf 84' lang='grc'><strong>(31)</strong></span> <span class='ocrx_word' id='word_1_836' title='bbox 2441 5619 2624 5691; x_wconf 90' lang='lat' dir='ltr'><strong>Luget</strong></span> <span class='ocrx_word' id='word_1_837' title='bbox 2681 5616 2932 5691; x_wconf 83' lang='lat' dir='ltr'><strong>Studita,</strong></span> <span class='ocrx_word' id='word_1_838' title='bbox 2959 5621 3022 5672; x_wconf 92' lang='lat' dir='ltr'><strong>ut</strong></span> <span class='ocrx_word' id='word_1_839' title='bbox 3076 5617 3134 5691; x_wconf 87' lang='lat' dir='ltr'><strong>in</strong></span> <span class='ocrx_word' id='word_1_840' title='bbox 3177 5617 3309 5691; x_wconf 79' lang='lat' dir='ltr'><strong>aliis</strong></span> <span class='ocrx_word' id='word_1_841' title='bbox 3355 5617 3566 5690; x_wconf 89' lang='lat' dir='ltr'><strong>passim</strong></span> <span class='ocrx_word' id='word_1_842' title='bbox 3601 5612 3847 5689; x_wconf 88' lang='lat' dir='ltr'><strong>scriptis,</strong></span> 
     </span>
    </p>
   </div>
   <div class='ocr_carea' id='block_1_115' title="bbox 2226 5687 3437 5765">
    <p class='ocr_par' dir='ltr' id='par_1_115' title="bbox 2226 5687 3437 5765">
     <span class='ocr_line' id='line_1_116' title="bbox 2226 5687 3437 5765; baseline 0.003 -19"><span class='ocrx_word' id='word_1_843' title='bbox 2226 5687 2737 5750; x_wconf 79' lang='lat' dir='ltr'><strong>Iconcimaohorum</strong></span> <span class='ocrx_word' id='word_1_844' title='bbox 2764 5689 2850 5746; x_wconf 88' lang='lat' dir='ltr'><strong>sui</strong></span> <span class='ocrx_word' id='word_1_845' title='bbox 2885 5689 3166 5765; x_wconf 87' lang='lat' dir='ltr'><strong>temporis</strong></span> <span class='ocrx_word' id='word_1_846' title='bbox 3197 5687 3437 5750; x_wconf 75' lang='lat' dir='ltr'><strong>scelera.</strong></span> 
     </span>
    </p>
   </div>
  </div>
