4090 6288
326 350 447 412 789
1109 360 1399 420 ORATIO
1443 361 1520 420 IN
1569 361 1631 421 S.
1680 362 2382 425 BARTHOLOMI’EUM.
2432 395 2507 405 —
2553 360 2948 422 MONITUM.
3616 354 3735 417 790

324 487 528 566 ginu‘m
562 487 860 566 (ἰωὴ-βξ.
909 492 1052 566 I_._at._,
1081 505 1328 566 quarum
1378 492 1560 566 altera
1610 494 1829 550 inserta
1875 498 2002 565 ejus
2047 496 2189 551 Vitae
2241 514 2364 566 cap.
2402 496 2610 562 65-73,
2645 493 2995 566 altera_cum
3045 488 3473 566 Damascenicis
3520 490 3737 566 prpdiit

328 557 561 639 Basilese
595 574 689 639 an.
726 559 885 639 1575.
919 557 1348 639 Vtin—tertiam
1378 565 1765 621 inventionem
1804 557 2013 639 capitis
2047 569 2229 623 sancti
2261 557 2424 623 Joan.
2476 557 2640 637 Bapt.
2695 566 2791 639 Gr.
2838 564 2957 639 Lat.
2995 562 3438 639 aACombelisio,
3471 557 3537 615 et'
3576 560 3732 639 Can-

329 629 666 725 gioqulﬁln
699 637 963 725 sanctum
986 629 1894 725 ‘lﬁartholqmaeulmlapostolumf
1916 642 2390 725 Latineutantum
2412 629 2595 725 ,apud
2648 634 3236 725 Daqh'eriutnﬁpicil‘.
3282 634 3371 725 e‘d'.
3420 650 3550 700 nov,
3584 640 3623 725 ιι.
3660 633 3728 698 II,

325 702 506 784 p.“1_'2.
542 701 698 784 Hanc
730 704 1123 784 Graeceetiham
1174 707 1318 784 vidit
1356 700 1621 775 Allatius,
1654 711 1940 784 incipient

2114 711 2373 784 Μέγιστος
2401 700 2893 784 ἀγὼν,-ῖτρρσθήσῳ
2908 702 2972 784 ⁴δξ
3004 700 3103 784 sit,
3133 705 3233 784 aut
3263 700 3461 784 βλέοςς
3495 710 3729 775 eratque

326 771 593 849 editurus
632 772 779 849 libro
815 780 973 831 sexto
1005 777 1477 848 Symmictorum,
1513 771 1655 835 teste
1691 771 1948 838 Fabricio
2000 786 2060 837 Β.
2095 784 2152 839 G.
2188 771 2278 838 ed.
2324 771 2459 838 vet.'
2484 788 2521 837 t.
2554 771 2720 847 'XI'V,
2764 771 2817 849 ρ’.
2875 780 2992 833 123.
3026 780 3107 833 Ea
3140 776 3280 833 mihi
3311 778 3563 849 quidem
3593 771 3727 831 non.

326 843 465 923 dum
484 843 1131 923 occurrit,_qua_nquam
1180 850 1272 923 vix
1324 843 1525 907 dubito
1578 854 1716 923 quin
1770 854 1943 909 lateat
1997 856 2146 911 inter
2193 855 2385 909 Allatii
2425 853 2669 908 schedas
2710 843 3157 923 'V'allicellianas
3200 854 3300 923 aut
3328 843 3726 923 Barbarinias.

323 914 672 996 VII_.AOI:QEI_9
703 914 1031 996 epitaphion
1062 922 1119 975 in
1153 921 1451 996 Platonem
1486 914 1832 995 magistrum
1868 942 2062 993 suum,
2096 927 2191 980 Gr.
2225 928 2345 981 Lat.
2395 927 2545 996 apud
2592 924 3023 996 Bollandianos,
3056 919 3409 996 t._I,__Apr_il.
3461 920 3725 996 Appepﬂ.

324 1002 382 1113 Β.
416 986 685 1068 46..νΙΙΙ.
738 986 931 1045 Oratio
963 992 1103 1073 item
1136 994 1465 1077 epitaphica
1512 986 1898 1079 inﬁmagnum
1950 986 2280 1065 Arsenium,
2314 999 2409 1052 Gr.
2432 986 2575 1079 .Lat.
2610 998 2759 1077 apud
2811 986 3043 1075 eosdem
3091 986 3528 1058 Bellandianos,‘
3554 986 3595 1045 ἱ.
3632 990 3727 1074 IV,

365 1058 447 1112 Ill.
480 1060 575 1113 die
609 1060 693 1113 19.
728 1059 821 1113 IX.
854 1065 1041 1113 Oratio
1090 1070 1303 1113 narlter
1337 1067 1662 1113 emlanhma
1713 1084 1768 1113 in
1804 1074 2047 1113 matrem
2083 1086 2248 1113 annm
2301 1073 2491 1113 exstat
2534 1070 2753 1113 Inndlta
2784 1066 2978 1113 Graece
3008 1080 3066 1113 1n
3098 1064 3497 1113 Metanhrastm
3532 1063 3727 1113 codice

365 1058 452 1139 ul.
480 1058 575 1139 die
609 1060 710 1139 19;
728 1059 821 1139 IX:
854 1062 1059 1139 Oratio
1090 1058 1309 1139 pariter
1337 1067 1663 1139 epitaphica
1713 1058 1770 1122 ivn
1804 1074 2050 1123 matrem
2083 1058 2277 1124 suam,
2301 1073 2491 1124 exstat
2533 1058 2753 1122 inedita
2778 1066 2978 1139 Graece
3008 1066 3066 1139 in
3098 1064 3497 1139 Metaphrastaa
3532 1061 3731 1139 codice

324 1130 638 1213 Rarisiaco.
673 1130 935 1213 Denique
986 1130 1105 1213 alia
1132 1136 1347 1213 inedita
1373 1130 1438 1192 in
1468 1130 1635 1192 c'odd.
1671 1139 1848 1213 Paris.
1885 1143 1954 1196 de
1987 1141 2331 1213 inventione
2363 1140 2570 1213 capitis
2602 1137 2984 1213 sancti_J_oan.
3028 1130 3321 1213 Baptistae,
3355 1138 3495 1190 teste
3520 1134 3730 1213 Fabri:

325 1202 415 1283 cio
448 1202 605 1283 B.AG._
636 1204 724 1270 ed,
760 1202 889 1283 nov.
918 1210 961 1259 t.
1001 1209 1079 1283 Χ.
1101 1208 1313 1283 p._{i72,
1345 1226 1375 1263 a
1401 1225 1515 1283 quo
1548 1212 1913 1279 superiorum
1947 1228 2181 1283 quoque
2218 1202 2731 1281 notitia'congesta
2778 1209 2888 1263 fuit
2917 1202 3254 1283 Atque—hoc
3295 1208 3411 1283 fere
3449 1210 3537 1283 est
3584 1204 3727 1283 illud

324 1273 731 1353 If-oneggricum
768 1276 1029 1332 volumen
1060 1273 1259 1353 iri—dies
1286 1273 1449 1350 Ῑεδιοῖς
1480 1273 1714 1353 Domini,
1744 1299 1845 1337 nec
1874 1273 1983 1338 ηογὶ
2017 1273 2281 1353 Deiparae,
2323 1291 2373 1338 et
2419 1273 2599 1337 sancti
2637 1282 2819 1353 Joan._
2849 1273 3136 1347 Baptistae,
3185 1278 3335 1353 quod
3358 1279 3539 1353 _inter
3594 1276 3735 1331 Stu-

324 1343 457 1426 dita;
490 1343 705 1426 scripta
736 1354 1015 1426 memorat
1039 1343 1305 1426 _Mich_ae'l
1342 1352 1661 1426 monachus
1694 1343 1752 1426 in
1783 1354 1916 1409 Vita
1954 1343 2221 1425 ejusdem
2270 1343 2399 1425 cap.
2452 1354 2544 1419 38,
2576 1369 2755 1424 quam
2806 1343 3098 1406 habémus
3124 1343 3131 1347 ⁷
3156 1343 3308 1418 ίίρίδ
3355 1350 3731 1426 ίφέτθείῖίὲἒηῖ

321 1415 488 1501 Illitto
528 1418 718 1501 dicere
740 1419 810 1500 de
842 1421 1167 1501 minoribus
1198 1423 1575 1501 Sermonibus
1606 1425 1856 1501 duplicis
1888 1415 2417 1501 catacheseos,_seu
2450 1415 2679 1501 magna:
2710 1440 2809 1501 seu
2844 1439 3052 1493 parvas,
3085 1415 3345 1501 quoruAm‘
3386 1415 3497 1501 135.
3546 1420 3736 1501 edidit

320 1486 524 1567 Latine
555 1488 871 1567 Livineius,
893 1491 1086 1567 Graece
1117 1494 1629 1567 unumFabricius
1666 1486 1723 1551 Β.
1765 1497 1822 1552 G.
1858 1498 1930 1553 ed
1962 1516 2091 1553 nov.
2128 1514 2181 1567 p.
2225 1486 2365 1564 470;
2402 1502 2519 1553 tres
2551 1486 2706 1551 “item
2760 1486 2952 1550 Graece
3002 1486 3205 1549 auc-tor
3251 1490 3505 1567 Catalogi
3530 1492 3732 1567 _codd.

321 1561 570 1640 Nemea.
606 1578 658 1630 p.
695 1562 817 1640 164,
851 1565 1003 1640 Inter
1036 1565 1230 1640 Opera
1253 1566 1564 1640 Theodori,
1599 1586 1721 1639 quas
1753 1569 2098 1625 Sirmondus
2128 1561 2290 1640 prelo
2323 1561 2525 1639 parare
2573 1568 2898 1640 videbatur,
2952 1570 3252 1640 postremo
3288 1563 3413 1640 loco
3457 1563 3733 1640 videoglin

322 1629 561 1710 elencho
594 1629 723 1710 post
756 1636 912 1710 praef.
945 1629 1233 1710 nominari
1268 1629 1653 1707 fragmentum
1693 1684 1705 1707 ,
1741 1642 2014 1706 Confessio
2044 1642 2108 1696 de
2135 1629 2425 1701 'Trinitote,
2462 1641 2681 1710 Reapse
2712 1639 2771 1693 in
2804 1629 3194 1710 fragmentum
3238 1635 3521 1710 incipiens
3549 1630 3738 1710 :Altiliatv

321 1700 457 1784 sive:
486 1700 608 1784 IlI-)9
628 1700 772 1784 813v
807 1705 1007 1784 ἀρχήν,
1044 1708 1252 1784 legitur
1284 1700 1391 1763 sub
1422 1700 1708 1784 Theodori
1747 1700 1936 1766 nou'iin

2126 1715 2215 1767 od.
2261 1713 2387 1766 Vat.
2418 1700 2547 1775 620,
2583 1700 2640 1765 et
2665 1711 2851 1784 Ottob.
2888 1700 3015 1784 Vat.
3051 1708 3175 1761 414.
3218 1700 3378 1784 Atili
3411 1706 3540 1784 Vat.
3573 1706 3738 1768 2026,

318 1776 1062 1856 iliscribi_tur"l‘_heodoreto.
1096 1781 1309 1856 Eadem
1336 1783 1663 1856 hominum
1716 1786 1958 1839 varietas
1989 1786 2045 1839 in
2082 1785 2428 1839 Florentinis
2473 1799 2701 1856 quoque
2723 1781 3017 1836 codicibus
3065 1778 3335 1844 occurrit,
3368 1779 3735 1856 _observante

322 1847 608 1929 Bandinio
640 1847 890 1929 Catalog.
924 1851 1296 1929 codtL_Gr._t.
1334 1852 1386 1929 l,_
1413 1870 1467 1929 ρ.
1500 1855 1622 1907 525.
1658 1856 1763 1929 Sed
1798 1872 1997 1929 revera
2027 1856 2171 1909 nihil
2203 1857 2361 1929 aliud
2385 1847 2506 1921 est,“
2527 1854 2582 1909 id
2610 1847 3032 1925 fragmentum,
3077 1867 3275 1923 quam,
3323 1853 3385 1905 ut
3432 1866 3533 1920 ego
3580 1865 3730 1903 com-

321 1920 467 1988 peri,
501 1920 914 1988 compendium
948 1938 1015 1976 ex
1045 1920 1389 1977 Theodoreti
1416 1920 1625 1980 Haeret.
1651 1924 1771 1998 fab.
1810 1927 1953 1982 libro
1986 1944 2015 1981 v
2047 1928 2535 1982 consarcinatum.

1382 2085 1690 2143 MONITUM
1728 2087 1799 2142 ΙΝ
1836 2088 2222 2144 ΟΗΑΤΙΟΝΕΜ
2263 2087 2679 2155 SEQUENTEM.

1607 2176 1925 2247 (Ang.MAt,
1960 2177 2058 2233 loc.
2091 2179 2186 2232 cit.
2222 2194 2276 2246 p.
2312 2176 2461 2248 148.)

394 2265 658 2324 Dixeram
707 2269 997 2341 superius,
1049 2270 1380 2328 desiderare
1430 2288 1519 2327 me
1569 2272 1832 2328 Graecum
1880 2277 2102 2330 textum
2148 2274 2509 2345 panegyrice
2553 2270 2864 2341 Orationis,
2920 2286 3096 2343 quam
3158 2273 3355 2327 noster
3401 2268 3632 2326 Studita
3664 2270 3732 2325 de

317 2364 518 2414 sancto
578 2360 995 2417 Bartholomaso
1052 2363 1310 2433 apostolo
1375 2364 1728 2420 recitaverat.
1784 2366 1926 2421 Ecce
1974 2374 2167 2421 autem
2226 2370 2423 2437 postea
2468 2365 2528 2419 in
2581 2362 2778 2419 codice
2838 2362 3028 2433 prisco
3085 2360 3212 2417 Vat.
3278 2360 3435 2427 1989,
3493 2363 3532 2417 f.
3590 2361 3719 2430 238,

319 2450 420 2521 qui
472 2450 578 2505 fuit
628 2452 961 2507 monasterii
1022 2456 1245 2525 Cryptaa
1294 2454 1560 2517 Ferrataa,
1622 2454 1815 2509 Graece
1864 2455 2103 2511 demum
2155 2455 2306 2511 hanc
2357 2454 2675 2510 orationem
2727 2453 2934 2525 reperi,
2978 2468 3315 2524 quanquam
3359 2452 3419 2506 in
3452 2452 3567 2508 ﬁne
3610 2468 3725 2507 uno

317 2538 453 2594 folio
487 2538 792 2595 mutilam:
830 2558 960 2612 qua:
990 2543 1121 2612 quia
1152 2544 1225 2597 ob
1257 2544 1529 2599 editionis
1564 2560 1703 2599 meae
1737 2545 2221 2614 complementum
2253 2545 2579 2600 omittenda
2611 2561 2725 2598 non
2756 2546 2899 2609 erat,
2932 2543 2991 2596 in
3024 2542 3204 2612 hujus
3236 2541 3547 2597 voluminis
3569 2542 3725 2596 calce

316 2646 473 2684 nunc
506 2631 841 2699 collocatur,
876 2632 1147 2688 Ediderat
1177 2634 1314 2689 olim
1356 2634 1576 2701 Latine,
1607 2635 1917 2705 interprete
1948 2636 2228 2692 nimirum
2261 2634 2564 2690 Anastasio
2593 2633 3052 2699 Bibliothecario,
3080 2632 3395 2688 Dacherius
3417 2631 3605 2704 Spicil.
3631 2633 3725 2688 ed.

318 2737 450 2774 nov.
485 2726 525 2774 t.
566 2721 635 2786 Il,
672 2738 725 2791 p.
763 2723 885 2788 123,
928 2725 1384 2795 repetiveratque
1413 2741 1537 2780 eam
1592 2726 1981 2781 Combeﬁsius
2016 2733 2076 2783 Β.
2112 2727 2168 2783 C.
2203 2732 2244 2781 t.
2279 2725 2402 2792 VII,
2438 2743 2494 2795 p.
2530 2726 2652 2779 755.
2689 2726 2800 2794 Ego
2830 2739 2963 2779 vero
3016 2724 3171 2779 hunc
3220 2723 3411 2795 ipsum
3462 2723 3733 2779 Latinum

316 2814 539 2864 textum
574 2812 631 2864 in
661 2812 859 2867 codice
887 2813 1006 2867 Lat.
1039 2814 1166 2869 Vat.
1203 2815 1359 2881 1195,
1396 2816 1431 2869 f.
1463 2815 1589 2883 268,
1626 2815 1904 2886 legebam,
1977 2822 2033 2871 et
2075 2833 2191 2871 non
2225 2816 2347 2871 sine
2377 2815 2572 2886 aliquo
2606 2817 2796 2870 fructu
2846 2814 3237 2869 conferebam.
3291 2814 3440 2868 Sane
3490 2816 3732 2868 Anasta-

314 2899 470 2954 sium
503 2917 606 2955 nec
637 2900 955 2957 Graecitatis
988 2903 1196 2973 peritia
1214 2905 1358 2959 satis
1381 2906 1777 2972 commendat,
1809 2922 1911 2959 nec
1930 2907 2056 2975 ejus
2082 2905 2367 2960 Latinitas
2392 2903 2631 2959 lectores
2660 2903 2926 2958 oblectat.
2963 2902 3350 2967 Quamobrem
3383 2906 3543 2957 textu
3575 2918 3730 2957 nunc

316 2990 513 3047 Graeco
546 2991 797 3060 invento,
834 3011 978 3049 nova
1018 2994 1126 3049 fuit
1155 2996 1409 3050 curanda
1438 2995 1764 3063 translatio,
1799 3001 1922 3051 tum
1948 2998 2018 3052 ob
2044 2996 2194 3051 dicta
2220 2994 2508 3051 Anastasii
2532 2994 2921 3060 incommoda,
2945 2998 3069 3047 tum
3092 2992 3266 3047 etiam
3288 2992 3423 3061 quia
3439 2993 3728 3047 variantes

313 3078 493 3136 Graeci
526 3082 870 3151 exemplaris
901 3082 1179 3139 lectiones
1212 3084 1527 3139 identidem
1568 3087 1969 3141 occurrebant.
2010 3087 2083 3141 De
2116 3089 2313 3140 nostro
2338 3090 2527 3139 autem
2564 3082 2794 3138 Studita
2824 3082 2883 3136 in
2911 3082 3116 3150 praevia
3145 3080 3393 3151 epistola
3423 3082 3501 3135 sic
3529 3080 3720 3153 loqui-

316 3174 415 3224 tur
446 3171 758 3227 honoriﬁce
790 3174 1149 3229 Anastasius.
1184 3196 1211 3223 «
1240 3175 1295 3227 Si
1325 3174 1536 3243 quaeris
1569 3176 1701 3244 quis
1734 3176 1879 3229 tanti
1903 3175 2185 3232 sermonis
2217 3175 2500 3230 habeatur
2528 3172 2843 3244 expositor,
2877 3170 3123 3226 libenter
3161 3171 3439 3242 aperiam.
3464 3171 3730 3227 Theodo-

318 3280 420 3319 rus
452 3262 719 3318 videlicet
743 3263 977 3333 quidam
1029 3264 1301 3320 sacerdos
1343 3266 1496 3335 apud
1541 3264 2102 3336 Constantinopolim
2150 3268 2351 3320 urbem
2384 3264 2748 3335 temporibus
2782 3262 2891 3317 t'uit
2921 3260 3155 3317 Adriani
3186 3269 3239 3317 et
3271 3261 3479 3317 Leonis
3511 3262 3732 3318 Roma-

318 3370 527 3409 norum
581 3354 941 3424 pontiﬁcum,
974 3354 1059 3408 vir
1088 3353 1256 3409 valde
1288 3354 1603 3415 mirabilis,
1638 3355 1737 3426 qui
1786 3372 1922 3411 cum
1960 3354 2147 3410 solum
2200 3354 2332 3409 fidei
2384 3353 2732 3420 constantia,
2782 3368 2981 3407 verum
3031 3352 3201 3407 etiam
3243 3350 3495 3407 scientias
3542 3352 3725 3421 gratia

314 3452 369 3498 et
398 3444 696 3515 signorum
726 3443 968 3513 polleret
989 3444 1331 3512 virtutibus,
1368 3444 1613 3500 duorum
1646 3444 2038 3514 imperialium
2070 3444 2507 3515 insigniumque
2529 3444 2946 3510 ccenobiorum,
2979 3440 3170 3496 Studii
3193 3439 3420 3496 scilicet
3447 3444 3503 3496 et
3524 3442 3725 3496 Saccu-

313 3534 563 3602 diorum,
605 3534 958 3589 constitutus
988 3542 1073 3589 est
1103 3535 1301 3589 abbas.
1335 3535 1441 3599 Qui
1468 3550 1691 3604 semper
1725 3536 1782 3589 in
1814 3535 2143 3603 apostolicae
2174 3535 2328 3590 sedis
2359 3532 2773 3588 communione
2802 3533 3136 3602 persistens,
3172 3531 3576 3588 haereticorum
3612 3549 3720 3587 nae-

312 3623 459 3692 nias,
492 3629 547 3677 et
576 3622 992 3693 imperatorum
1027 3624 1354 3689 vesaniam,
1386 3622 1518 3678 ﬁdei
1544 3623 1902 3689 constantia,
1934 3623 2109 3678 etiam
2141 3622 2446 3678 tormentis
2477 3621 2743 3687 affectus,
2765 3620 2977 3675 virtute
3009 3621 3321 3691 repressit;
3353 3636 3456 3676 nec
3495 3638 3611 3676 non
3655 3628 3721 3676 et

309 3711 499 3766 sancti
531 3712 781 3782 Spiritus
811 3712 991 3782 gratia
1024 3710 1230 3781 plenus
1261 3711 1544 3783 opuscula
1576 3711 1861 3767 nonnulla
1891 3713 2245 3784 composuit,
2277 3713 2427 3767 inter
2457 3728 2579 3782 quae
2611 3720 2664 3767 et
2694 3726 3025 3767 sermonem
3057 3710 3213 3767 hunc
3264 3711 3335 3765 de
3380 3711 3443 3765 Β.
3475 3710 3725 3767 Bartho-

311 3799 535 3870 lomteo,
568 3803 708 3858 satis
740 3804 965 3869 utilem,
998 3802 1262 3857 obscuris
1303 3803 1673 3871 dictionibus,
1709 3803 1905 3858 Graeco
1937 3802 2114 3858 edidit
2164 3803 2399 3868 famine,
2436 3802 2534 3873 qui
2596 3802 2789 3857 Graeco
2837 3800 3114 3857 vocabulo
3161 3797 3433 3875 ἐγκώμιον
3482 3802 3714 3871 dicitur,

312 3894 463 3964 quod
495 3892 695 3947 Latine
728 3892 1104 3964 praeconium,
1138 3892 1255 3946 sive
1288 3891 1439 3960 laus,
1469 3892 1829 3963 exprimitur.
1863 3893 2011 3956 Quid
2061 3895 2129 3947 ad
2173 3891 2502 3947 Latinitatis
2553 3891 2821 3946 notitiam
2870 3890 3113 3946 ﬁdeliter
3158 3891 3501 3956 translatus,
3550 3895 3659 3946 etc.
3697 3913 3725 3939 »

309 3980 501 4037 Voluit
531 3998 666 4053 ergo
698 3981 945 4037 fideliter
975 3980 1343 4052 interpretari
1374 3981 1738 4049 Anastasius,
1772 3982 1868 4036 sed
1894 3998 2071 4052 quam
2095 3982 2242 4037 bene
2274 3982 2323 4036 ei
2359 3998 2448 4037 res
2482 3980 2847 4047 successerit,
2896 3979 2981 4033 illi
3034 3986 3371 4051 agnoscent,
3421 3980 3521 4051 qui
3569 3995 3723 4035 nunc

312 4071 571 4128 Graecum
602 4075 825 4127 textum
860 4087 992 4126 cum
1016 4071 1147 4141 ejus
1181 4070 1489 4125 Latinitate
1520 4072 1777 4127 conferre
1812 4071 2113 4141 voluerint,
2163 4070 2247 4126 vel
2315 4070 2517 4126 saltem
2567 4074 2791 4125 nostras
2861 4068 3394 4125 animadversiones
3460 4069 3730 4141 legerint.

314 4162 471 4226 Quod
504 4162 755 4232 denique
785 4160 1121 4216 obouritatis
1176 4163 1414 4215 accusat
1442 4160 1811 4215 Theodorum
1845 4161 2208 4229 Anastasius,
2237 4176 2570 4233 quanquam
2602 4159 2817 4232 partim
2856 4162 3009 4215 recte
3039 4163 3294 4227 accusat,
3317 4159 3500 4216 multo
3531 4164 3725 4217 tamen

311 4253 432 4323 ipse
462 4252 763 4307 obscurior
794 4268 947 4323 saepe
978 4255 1068 4307 est
1099 4254 1153 4306 et
1184 4250 1473 4306 horridior
1502 4250 1807 4321 interpres.

381 4340 510 4397 Jam
544 4341 698 4411 quod
732 4341 939 4397 attinet
968 4341 1039 4395 ad
1073 4340 1462 4411 prodigiosum
1492 4338 1874 4411 reliquiarum
1906 4339 2346 4396 translationem
2378 4356 2444 4394 ex
2474 4339 2748 4395 Armenia
2778 4339 3029 4408 Liparim
3076 4354 3179 4409 per
3208 4338 3418 4395 Euxini
3457 4343 3513 4395 et
3543 4342 3721 4412 Egei

311 4429 543 4501 ﬂuctus,
579 4448 646 4487 ea
676 4439 825 4487 certe
856 4435 941 4486 tot
972 4429 1367 4485 mirabilitatis
1397 4430 1688 4486 coloribus
1711 4430 1993 4501 pingitur,
2022 4433 2086 4485 ut
2116 4430 2290 4484 ﬁdem
2325 4445 2471 4499 aegre
2503 4429 2689 4501 possit
2718 4429 3064 4499 impetrare;
3121 4445 3239 4500 qua
3287 4443 3464 4501 super
3494 4445 3553 4485 re
3584 4446 3725 4500 pru-

310 4523 514 4577 denter
543 4521 743 4577 scribit
770 4520 1173 4577 Tillemontius
1206 4520 1425 4588 Memor,
1452 4524 1498 4575 t.
1529 4519 1575 4589 Ι,
1609 4537 1659 4590 ρ.
1694 4521 1819 4590 381,
1854 4537 1956 4575 nec
1989 4535 2104 4575 non
2157 4519 2215 4573 in
2267 4518 2401 4575 adn.
2435 4522 2507 4589 1p.
2550 4518 2677 4573 649.
2729 4517 2873 4573 Tum
2921 4523 2976 4573 et
3031 4517 3158 4589 ipse
3202 4518 3478 4575 Baronius
3526 4518 3726 4574 eadem

310 4609 382 4665 de
413 4626 471 4665 re
499 4608 725 4667 locutus
754 4611 816 4666 in
848 4610 1081 4681 Martyr.
1110 4610 1181 4665 ad
1217 4610 1372 4665 diem
1400 4610 1467 4663 25
1509 4611 1651 4682 Aug.
1706 4608 2049 4666 concludit:
2104 4630 2128 4660 cx
2162 4610 2251 4663 Sic
2302 4608 2499 4664 omnia
2554 4608 2755 4679 probet
2803 4607 3003 4671 lector,
3055 4612 3119 4663 ut
3168 4608 3320 4679 quod
3370 4608 3589 4663 bonum
3639 4613 3727 4662 est

308 4703 522 4756 teneat.
550 4721 577 4750 »
611 4700 864 4757 Celebris
894 4702 1243 4771 ceteroquin
1267 4699 1389 4756 haec
1418 4700 1671 4755 narratio
1705 4704 1793 4755 est
1823 4701 1879 4754 in
1912 4698 2243 4754 Graecorum
2273 4699 2524 4767 menzeis,
2558 4698 2816 4754 historiis
2847 4714 2912 4753 ac
2945 4698 3345 4771 panegyricis;
3379 4714 3493 4754 non
3523 4702 3719 4754 tamen

308 4805 378 4845 ex
404 4804 517 4845 uno
549 4791 779 4846 Studita
810 4790 1056 4846 hausta:
1094 4790 1310 4845 etenim
1362 4790 1487 4861 ipse
1518 4790 1749 4845 Studita
1780 4789 1955 4845 altius
1985 4805 2109 4845 eam
2142 4788 2433 4844 derivavit.
2469 4792 2609 4843 Ecce
2656 4788 2814 4844 enim
2846 4788 3089 4844 historia
3120 4788 3263 4856 hac,
3294 4789 3397 4844 etsi
3434 4789 3587 4844 haud
3635 4792 3721 4844 tot

308 4878 565 4951 phaleris
593 4886 886 4947 exornata,
922 4880 1071 4951 apud
1113 4895 1345 4951 gravem
1397 4884 1691 4935 auctorem
1720 4880 1775 4934 S.
1815 4879 2156 4950 Gregorium
2198 4880 2597 4935 Turonensem
2641 4879 2853 4951 legitur
2894 4879 3037 4935 sexti
3072 4878 3267 4936 seaculi
3300 4879 3598 4935 hominem
3650 4880 3723 4935 De

306 4971 438 5025 mir.
470 4976 701 5043 martyr.
738 4971 835 5025 lib.
868 4988 910 5041 ι,
944 4988 1070 5042 cap.
1102 4970 1191 5038 33,
1225 4970 1393 5041 cujus
1427 4971 1597 5025 verba
1630 4969 1865 5025 recitare
1891 4974 2143 5040 pretium
2176 4985 2365 5041 operas
2398 4976 2508 5025 est.

380 5078 412 5113 α
444 5061 929 5117 Bartholomaeum
962 5060 1289 5129 apostolum
1323 5060 1477 5130 apud
1513 5059 1733 5115 Indiam
1769 5075 2029 5130 passum,
2063 5060 2267 5129 agonis
2298 5059 2483 5130 ipsius
2536 5063 2734 5113 narrat
2765 5058 3035 5114 historia.
3072 5059 3209 5114 Post
3239 5058 3555 5115 multorum
3588 5074 3722 5115 vero

310 5165 592 5205 annorum
645 5149 831 5220 spatia
874 5149 944 5203 de
986 5150 1254 5220 passione
1298 5148 1445 5217 ejus,
1495 5164 1624 5203 cum
1674 5149 1878 5202 iterum
1930 5147 2275 5203 Christianis
2324 5149 2648 5219 persecutio
2698 5149 3047 5215 advenisset,
3083 5158 3137 5204 et
3166 5149 3427 5204 viderent
3472 5148 3723 5219 gentiles

310 5256 541 5296 omnem
576 5239 854 5311 populum
888 5240 957 5294 ad
990 5240 1117 5306 eius
1148 5237 1483 5309 sepulcrum
1515 5254 1878 5306 concurrere,
1912 5240 2081 5309 eique
2132 5239 2569 5309 deprecationes
2603 5240 2838 5295 assidue
2868 5245 2926 5294 et
2954 5239 3192 5295 incensa
3224 5241 3468 5307 deferre,
3500 5238 3719 5295 invidia

304 5329 505 5398 illecti,
538 5329 906 5386 abstulerunt
934 5344 1144 5400 corpus
1175 5329 1323 5399 ejus,
1346 5332 1403 5384 et
1438 5332 1718 5400 ponentes
1741 5330 1798 5383 in
1823 5330 2249 5401 sarcophagum
2284 5328 2646 5399 plumbeum,
2680 5330 3049 5401 projecerunt
3078 5329 3217 5385 illud
3242 5330 3301 5385 in
3338 5345 3495 5385 mare
3527 5330 3728 5384 dicen-

308 5423 433 5475 tes:
469 5418 613 5483 Quia
642 5436 757 5475 non
790 5419 1033 5474 seduces
1064 5418 1315 5489 amplius
1344 5418 1618 5490 populum
1655 5422 1936 5474 nostrum.
1970 5420 2077 5473 Sed
2109 5418 2469 5490 providentia
2518 5419 2617 5475 Dei
2664 5419 3145 5491 cooperanteZper
3189 5426 3477 5477 secretum
3527 5420 3719 5491 operis

309 5511 464 5579 ejus,
494 5509 912 5580 sarcophagum
946 5507 1285 5579 plumbeum
1318 5525 1351 5563 a
1383 5508 1506 5563 loco
1542 5507 1640 5564 illo
1673 5509 1842 5580 aquis
1874 5508 2334 5564 subvehentibus
2365 5508 2755 5578 sublevatum,
2789 5508 3047 5565 delatum
3076 5514 3162 5565 est
3192 5510 3260 5565 ad
3305 5509 3585 5579 insulam,
3621 5525 3720 5565 vo-

311 5598 518 5656 cabulo
559 5599 822 5673 Liparis:
876 5596 1310 5669 revelatumque
1339 5603 1429 5653 est
1454 5597 1802 5656 Christianis
1843 5607 1905 5654 ut
1947 5615 2082 5655 eum
2132 5599 2205 5671 (s.
2240 5599 2593 5673 apostolum)
2645 5598 3021 5672 colligerent:
3064 5598 3492 5672 collectumque
3522 5616 3587 5657 ac
3622 5616 3722 5657 se—

310 5688 558 5762 pultum.
592 5688 1022 5745 aedificaverunt
1052 5702 1228 5759 super
1265 5701 1399 5741 eum
1432 5686 1712 5760 templum
1744 5704 2042 5761 magnum.
2075 5688 2138 5746 In
2180 5704 2295 5762 quo
2326 5703 2479 5747 nunc
2522 5687 2847 5761 invocatus,
2900 5690 3177 5762 prodesse
3226 5689 3459 5763 populis
3508 5688 3718 5750 multis

309 5775 625 5838 virtutibus
654 5790 718 5832 ac
748 5774 1047 5836 beneﬂciis
1069 5773 1421 5835 manifestat.
1457 5794 1486 5826 κ
