4090 6288
456 375 568 436 791

1261 514 1307 570 Χ

460 621 654 676 Sancti
674 622 853 676 Patris
873 625 1055 676 nostri
1100 625 1153 676 et
1199 622 1528 691 confessoris
1585 623 1838 678 Theodori
1875 623 2106 680 Studitw

529 692 738 747 Laudes
769 694 827 746 in
857 693 1151 760 gloriosum
1182 699 1232 749 et
1259 701 1512 750 sanctum
1558 696 1765 751 Christi
1799 697 2108 765 apostolum

533 765 1014 822 Barthotomacum.

535 871 590 926 1.
625 869 897 942 Magnum
930 871 1164 942 quidem
1203 877 1520 938 certamen,
1570 873 1778 930 addam
1830 872 2004 928 etiam
2053 877 2109 927 et

463 959 664 1026 decus,
699 960 1011 1031 cujuslibet
1033 962 1216 1016 sancti
1241 962 1350 1017 viri
1384 961 1587 1016 laudes
1609 967 1946 1030 contexere;
1972 964 2108 1031 quia

464 1064 596 1104 cum
629 1050 816 1119 major
845 1051 1049 1106 debeat
1079 1066 1206 1106 esse
1255 1052 1419 1107 testis
1453 1051 1549 1107 illo
1579 1052 1669 1106 cui
1713 1053 1809 1106 dat
1849 1051 2111 1107 testimo-

467 1138 653 1206 nlum,
686 1153 839 1194 nunc
872 1139 1110 1196 inferior
1134 1147 1222 1195 est
1253 1141 1517 1212 quilibet,
1550 1157 1614 1196 eo
1646 1142 1745 1212 qui
1794 1139 2106 1196 beatitudi-

467 1242 601 1283 nem
633 1232 870 1299 prOpter
898 1229 1025 1283 vitae
1067 1246 1182 1284 suae
1205 1230 1420 1285 exitum
1473 1230 1649 1286 habet
1696 1231 1851 1286 omni
1901 1229 2113 1284 discri-

466 1317 625 1369 mine
656 1317 1184 1386 expertem.Verum
1218 1317 1372 1372 enim
1397 1335 1528 1373 vero
1552 1319 1725 1373 etiam
1759 1317 2108 1388 apostolum,

467 1403 720 1472 laudare,
753 1413 810 1460 et
841 1407 1078 1477 quidem
1114 1424 1178 1462 ex
1210 1407 1541 1463 illustribus
1574 1425 1780 1474 unum,
1813 1408 2007 1479 quanti
2033 1407 2113 1465 la-

463 1493 620 1550 boris
650 1495 778 1560 erit,
804 1500 868 1550 ut
898 1498 1082 1567 possit
1121 1496 1361 1568 spiritus
1392 1496 1574 1552 attolli
1602 1498 2112 1569 contemplationi—

463 1583 592 1649 bus,
616 1592 673 1638 et
705 1584 898 1655 dignis
931 1585 1203 1655 plaudere
1235 1586 1472 1640 vocibus
1499 1587 1511 1641 ι
1546 1586 1689 1642 Nam
1734 1589 1899 1657 cujus
1931 1604 2112 1644 sonus

461 1672 522 1727 in
555 1673 886 1729 universam
921 1679 1133 1730 terram
1175 1676 1259 1730 sic
1290 1675 1482 1732 exivit.
1519 1681 1581 1730 ut
1613 1675 1922 1732 verborum
1955 1677 2007 1731 vi
2040 1677 2110 1731 ad

463 1761 623 1816 illius
649 1762 792 1818 ﬁnes
824 1780 1080 1834 pervase,
1116 1765 1242 1836 ejus
1291 1775 1441 1821 certe
1492 1782 1728 1821 necesse
1776 1770 1865 1820 est
1895 1771 1956 1820 ut
1989 1766 2115 1821 laus

463 1850 676 1921 pariter
705 1853 1065 1910 exaudiatur.
1100 1858 1276 1910 Porro
1309 1855 1596 1924 ejusmodi
1628 1855 1786 1926 operi
1818 1855 1945 1926 quis
1979 1872 2113 1927 par-

461 1939 586 1994 sit?
609 1941 741 2011 quis
775 1949 995 1997 tantum
1030 1943 1137 1997 sibi
1173 1943 1394 1998 ﬁduciae
1429 1943 1672 1998 sumat?
1711 1943 1840 2014 quis
1881 1950 2105 2000 tantum

462 2027 688 2085 valeat?
716 2030 938 2086 Etenim
965 2048 1103 2086 num
1120 2032 1259 2102 quia
1277 2049 1379 2087 nec
1399 2033 1604 2088 Petrus
1620 2034 1984 2089 necJoannes
1999 2039 2105 2098 est,

459 2117 676 2173 idcirco
695 2119 865 2175 divus
886 2119 1326 2175 Bartholomeus
1347 2121 1569 2178 exiliter
1588 2128 1676 2176 est
1693 2124 2002 2178 celebrand
2014 2140 2102 2190 us,

463 2212 522 2263 et
554 2223 665 2263 non
692 2209 884 2278 potius
905 2208 1090 2264 multa
1108 2210 1278 2266 laude
1305 2212 1648 2266 mactandus
1666 2209 1694 2264 τ
1711 2212 2099 2268 Christidisci.

461 2296 665 2368 pulum
689 2299 928 2354 omnino
949 2299 1139 2364 audis,
1164 2305 1219 2355 et
1240 2302 1645 2371 procedentem
1671 2319 1783 2356 non
1806 2303 2104 2373 perhorre-

461 2385 615 2441 scis?
636 2387 898 2442 veritatis
914 2391 1118 2444 testem
1145 2388 1443 2460 intelligis,
1462 2395 1518 2445 et
1538 2405 1672 2446 eum
1692 2391 1788 2462 qui
1812 2390 2104 2447 celebrau-

459 2475 571 2530 dus
599 2480 688 2532 est
716 2492 830 2532 non
861 2477 1212 2534 admiraris?
1240 2479 1308 2534 Et
1331 2479 1566 2550 quidem
1598 2481 1829 2536 etiamsi
1857 2499 2008 2536 unus
2032 2482 2102 2537 de

459 2563 659 2620 multis
688 2570 795 2632 est,
830 2565 1212 2622 nihilominus
1242 2569 1389 2624 inter
1418 2568 1518 2624 Dei
1552 2570 1798 2626 lamulos
1831 2570 2101 2626 laudibus

457 2652 706 2709 excellit.
741 2653 946 2711 Nonne
977 2657 1114 2727 quia
1142 2656 1201 2711 in
1233 2657 1425 2712 divino
1457 2659 1814 2714 duodenario
1857 2676 2099 2715 numero

459 2743 684 2798 medius
734 2749 841 2810 est,
875 2746 1042 2816 quasi
1092 2746 1222 2817 (sol)
1263 2747 1413 2803 inter
1464 2747 1691 2804 lumina
1742 2749 1943 2803 mundi
1987 2747 2098 2804 late

456 2829 762 2900 splendet?
794 2833 894 2888 Est
922 2833 1077 2889 enim
1112 2834 1206 2889 hic
1237 2835 1630 2892 duodenarius
1655 2837 2096 2905 uumsrue,har-

457 2921 697 2976 manica
717 2921 949 2978 cithara:
971 2923 1204 2994 similis,
1237 2931 1437 2998 utpote
1461 2927 1559 2998 qui
1589 2943 1782 2998 parem
1815 2928 2097 2982 similem-

453 3023 564 3078 que
590 3004 1114 3081 utrimque'sonum
1139 3014 1686 3087 theologimemittit.
1711 3015 1875 3072 Velsi
1893 3015 2093 3084 mavis,

449 3096 601 3152 sicut
656 3099 716 3154 in
775 3116 971 3156 annuo
1029 3102 1266 3170 circulo,
1326 3105 1792 3178 uniuscujusque
1852 3108 2091 3174 mensis,

451 3185 692 3256 aequalis
710 3193 799 3243 est
815 3188 1039 3246 utilitas
1053 3206 1178 3261 quae
1192 3193 1509 3248 universim
1527 3195 1842 3263 confertur,
1859 3195 2088 3250 etiamsi

1702 379 1767 441 S.
1811 370 2209 441 THEODOBI
2253 366 2613 432 STUDITE

2131 512 2182 576 A

3012 505 3069 559 I'.

2213 618 2316 668 Τοῦ
2349 612 2497 689 ὁσίου
2549 613 2773 689 Ποιτρὸς¹
2800 615 2960 684 ἡμῶν
2998 614 3095 689 ’καὶ
3159 613 3525 689 ῥμο-λογητοῦ
3569 615 3840 689 Θεοδώρου

2287 683 2583 738 Στουὸίτου
2643 679 2917 763 ἐγκώμιον
2970 684 3086 763 είς-
3120 679 3210 739 τὸν
3268 679 3476 754 ἔνδοξον
3548 687 3637 741 καὶ
3695 679 3837 763 ἅίιον

2285 756 2589 810 ἀποστολον
2619 756 2854 831 Χριστοῦ
2888 757 3306 831 Βαρθολομαῖον
3329 801 3342 814 .

2285 864 2350 918 α’.
2386 863 2650 939 Μέγιστος
2688 863 2780 936 μὲν
2813 862 2979 938 ἀγὼν,
3023 865 3318 938 προσθήσω
3351 861 3406 919 δὲ
3439 863 3523 920 ὅτι
3556 866 3644 919 καὶ
3692 866 3840 928 κλέος

2216 951 2527 1008 οὖτινοσοῦν
2587 957 2694 1006 τῶν
2753 951 2915 1028 ἁγίων
2975 947 3191 1007 ἔπαινον
3275 952 3645 1031 ἐξυφάνασθαι,
3720 959 3845 1010 καθ-

2217 1041 2339 1096 όσον
2391 1041 2588 1114 μείζων
2640 1043 2667 1096 6
2722 1042 2926 1115 μάρτυς
2975 1041 3210 1118 ὀφείλων
3256 1046 3352 1096 τοῦ
3405 1045 3842 1118 μαρτυρουμένου

2215 1130 2591 1198 καθίστασθαι,
2679 1127 2985 1204 ἐνδέστερός
3073 1129 3215 1185 ἐστιν
3271 1130 3497 1187 ἐνταῦθα
3564 1133 3701 1194 ἅπας
3755 1138 3844 1188 τοῦ

2217 1220 2308 1274 τὸν
2378 1220 2718 1294 μακαρισμὸν
2788 1217 2877 1274 διὰ
2940 1226 3038 1289 τῆς
3104 1216 3410 1282 ἐκϐιώσεως
3478 1222 3842 1294 ἀνεπίληπτον

2219 1303 2444 1382 ἔχοντος
2493 1311 2645 1381 (32)⁶
2699 1309 2760 1364 τὸ
2813 1306 2868 1363 δὲ
2918 1309 3008 1364 καὶ
3057 1308 3362 1366 ἀπόστολον
3411 1310 3706 1374 ἐπαινέσαι,
3765 1312 3849 1367 καὶ

2216 1396 2407 1453 τοῦτον
2449 1403 2555 1452 τῶν
2599 1399 2906 1471 ἐπισήμων,
2957 1399 3132 1470 πόσης
3182 1401 3241 1454 ἃν
3279 1400 3364 1470 εἶή
3417 1407 3519 1470 τῆς
3567 1399 3844 1477 ἐργωδίας,

2220 1485 2356 1542 ὥστε
2411 1492 2508 1542 τοῦ
2566 1489 2871 1557 πνεύματος
2920 1487 3217 1563 ἐπαρθῆναι
3270 1495 3388 1552 ταῖς
3443 1490 3714 1563 θεωρίαις,
3766 1494 3848 1546 καὶ

2218 1584 2482 1650 κροτῆσαι
2522 1583 2641 1639 ταῖς
2689 1577 3124 1652 μεγαλοφωνίαις
3155 1599 3167 1649 ;
3219 1579 3279 1634 οὗ
3310 1581 3409 1655 γὰρ
3455 1581 3483 1635 6
3518 1581 3752 1657 φθόγγος
3783 1580 3850 1644 εἷς

2221 1672 2392 1720 πᾶσαν
2423 1669 2521 1736 τήν
2559 1676 2658 1744 γῆν
2691 1667 3036 1738 ἐξελήλυθεν,
3093 1669 3166 1730 ὡς
3197 1674 3266 1743 τῇ
3299 1675 3406 1724 τῶν
3451 1671 3713 1743 ῥημάτων
3761 1668 3849 1724 δυ-

2220 1757 2378 1829 νάμει
2411 1753 2643 1812 διάττειν
2685 1761 2762 1831 (α)
2810 1763 2924 1820 τοῖς
2965 1759 3210 1832 πέρασιν,
3257 1756 3496 1830 δεήσειεν
3536 1761 3598 1814 ἂν
3639 1760 3850 1822 εἰκότως

2219 1847 2308 1900 καὶ
2369 1848 2396 1900 ὁ
2455 1843 2674 1909 ἔπαινος
2734 1849 2815 1902 ἐπ’
2877 1846 2998 1918 ἴσης
3057 1847 3517 1918 έξακουτίζεσθαι·
3579 1852 3668 1904 καὶ
3726 1851 3850 1925 πρὸς

2217 1940 2384 1990 ταῦτα
2449 1935 2530 1998 τίς
2576 1937 2799 2006 ἱκανὸςς
2849 1937 2930 1999 τίς
2973 1934 3234 2006 εὔελπιςς
3285 1938 3366 2002 τίς
3415 1940 3716 2010 εὐσθενής;
3779 1942 3848 2013 μὴ

2217 2026 2318 2098 γὰρ
2365 2027 2446 2080 ὅτι
2493 2027 2557 2080 οὐ
2611 2028 2840 2101 Πέτρος,
2892 2023 3047 2080 οὐδὲν
3081 2028 3357 2096 Ἰωάννης,
3400 2030 3428 2082 ὁ
3461 2031 3605 2092 θεῖος
3655 2031 3846 2103 Βαρθο-

2219 2111 2452 2188 λομαῖος
2484 2113 2590 2184 ἤδη
2641 2114 3100 2191 μικρολογητέος,
3149 2118 3238 2171 καὶ
3273 2117 3334 2170 οὐ
3366 2116 3589 2187 πολλῆς
3631 2120 3842 2196 χρῄζων

2217 2209 2312 2272 τῆς
2345 2203 2655 2279 εὐφημίας
2706 2207 2955 2278 μαθητήν
3007 2209 3242 2281 Χριστοῦ
3292 2205 3507 2270 ἀκούεις
3558 2207 3723 2275 ὅλως,
3763 2207 3841 2261 καί

2215 2291 2276 2346 οὐ
2309 2292 2542 2368 φρίττεις
2570 2294 2662 2348 τὸν
2695 2294 2950 2368 προϊόντα
2999 2296 3114 2367 (b);
3179 2295 3424 2370 μάρτυρα
3449 2300 3548 2362 τῆς
3597 2296 3842 2365 ἀληθείας

2214 2379 2409 2445 ἐννοεῖς
2455 2385 2590 2455 (33),
2640 2384 2729 2436 καὶ
2784 2383 2844 2438 οὐ
2874 2383 3104 2454 τέθητας
3144 2385 3231 2439 τὸν
3278 2383 3545 2457 ᾀδόμενον
3576 2405 3588 2454 ;
3621 2389 3707 2440 καὶ
3743 2387 3839 2460 μὴν

2213 2469 2375 2525 εἶκαὶ
2414 2476 2520 2526 τῶν
2551 2471 2774 2527 πολλῶν
2818 2473 2894 2534 εἰς
2927 2474 3017 2542 ἦν,
3059 2473 3209 2546 ὅμως
3252 2477 3359 2528 τῶν
3401 2479 3538 2529 Θεοῦ
3588 2476 3837 2548 θεραπόν-

2209 2581 2316 2613 των
2359 2560 2783 2638 προφερέστερος
2823 2567 2930 2616 τῶν
2979 2561 3247 2616 ἐπαίνων·
3303 2565 3378 2636 μή
3430 2562 3518 2618 ὅτι
3561 2568 3660 2629 τῆς
3709 2563 3837 2624 θείας

2211 2646 2580 2724 [δυοδεκάδος]
2646 2651 2785 2705 ἐστὶν
2833 2653 2860 2706 ὁ
2897 2652 3211 2724 μεσαίεατος
3261 2655 3395 2727 (34),
3448 2654 3542 2708 καὶ
3585 2657 3690 2708 τῶν
3735 2675 3836 2730 σω-

2211 2740 2422 2809 στήρων
2477 2743 2572 2793 τοῦ
2618 2741 2828 2811 κόσμου
2879 2743 2906 2794 ὁ
2957 2739 3319 2816 διαπρύσιος;
3366 2737 3508 2796 ἔστιν
3557 2744 3658 2820 γὰρ
3708 2743 3832 2808 αὐτή

2208 2831 2326 2883 καθ’
2377 2830 2569 2899 ἑαυτὴν
2619 2833 2652 2898 ἠ
2707 2828 3081 2896 δυοκαιδεκάς,
3134 2829 3314 2907 ὥσπερ
3369 2832 3456 2886 ἐπὶ
3508 2834 3728 2906 κιθάρας
3772 2829 3836 2884 ἐν·

2207 2919 2477 2994 αρμονίου
2534 2919 2866 2996 ἐφάμιλλος,
2919 2920 3032 2975 ξ’σον
3079 2923 3168 2976 καὶ
3220 2921 3412 2995 ὅμοιον
3465 2922 3830 3001 ἀμφοτέρωθεν

2204 3009 2292 3061 τὸν
2339 3010 2480 3082 ἦχον
2532 3015 2628 3076 τῆς
2680 3009 2960 3084 θεολογίας
2992 3011 3428 3084 ἀναπέμπουσαο
3470 3011 3518 3066 εἰ
3554 3010 3737 3085 βούλει
3781 3006 3831 3062 δὲ

2206 3095 2385 3172 ὥσπερ
2444 3097 2529 3152 ἐπὶ
2593 3097 2919 3153 ἐνιαυσιαίου
2996 3100 3203 3155 κύκλου
3263 3101 3491 3156 ἑκάστου
3549 3102 3712 3174 μηνὸς
3760 3099 3836 3153 ἐπ’

2205 3184 2327 3256 ζ’σης
2357 3187 2418 3241 τὸ
2477 3189 2757 3264 χρήσιμον
2811 3190 2862 3243 ἐν
2913 3188 2991 3261 τῷ
3039 3191 3194 3244 παντὶ
3245 3192 3700 3266 συνεισερέροντοςι
3745 3188 3829 3242 κᾶν

450 3276 679 3345 propria
695 3278 1020 3347 quantitate
1049 3285 1105 3335 et
1134 3281 1409 3351 qualitate
1421 3282 1566 3338 alter
1585 3283 1769 3339 differt
1799 3285 1869 3339 ab
1891 3284 2088 3340 altero.

2213 3272 2320 3345 ἰδίᾳ
2348 3272 2530 3350 ἕτερος
2589 3276 2772 3350 ἑτέρου
2829 3278 3093 3348 ποσότητί
3149 3299 3208 3333 τε
3263 3281 3353 3334 καὶ
3407 3279 3662 3350 ποιότητι
3718 3274 3826 3352 ἔχοι

454 3362 579 3418 Non
612 3371 701 3420 est
730 3383 942 3438 parvus
965 3368 1058 3424 hic
1075 3368 1344 3426 laudatus
1371 3373 1710 3436 noster,sed
1727 3375 1969 3445 spiritus
1993 3376 2096 3430 vir-

447 3454 570 3506 tute
583 3453 1095 3524 sublimis;habens
1109 3461 1408 3529 quemdam
1419 3463 1591 3518 etiam
1608 3463 1664 3516 in
1678 3463 1807 3534 ipsa
1819 3469 2098 3534 supputa-

445 3541 602 3596 tione
620 3545 931 3615 mysticum
947 3563 1204 3616 sensum,
1220 3553 1539 3608 secundum
1558 3555 1988 3610 arithmeticam
2012 3563 2094 3611 re‘

445 3628 670 3700 gulam.
695 3631 867 3689 Solus
887 3636 1038 3690 enim
1067 3639 1330 3694 senarius
1354 3658 1654 3709 numerus,
1679 3659 1745 3696 ex
1769 3645 2014 3698 nomade
2033 3645 2090 3699 in

442 3718 563 3772 suis
599 3718 859 3788 partibus
893 3723 1179 3792 perfectus
1211 3729 1550 3798 est,quibus
1576 3729 1720 3799 ipsis
1744 3732 2088 3801 completur,

442 3807 634 3862 media
665 3808 884 3865 scilicet
934 3812 1023 3867 sui
1073 3819 1235 3884 parte
1284 3817 1552 3886 triadem,
1603 3820 1766 3875 tertia
1815 3821 2083 3891 dyadem,

441 3903 602 3953 sexta
634 3901 942 3955 monadem
977 3902 1254 3960 efﬁciens.

509 3987 562 4040 2.
598 3987 758 4052 Quod
793 3989 841 4045 si
873 3991 1042 4046 etiam
1086 3995 1409 4050 secundum
1450 4000 1695 4052 Actuum
1730 4001 2085 4070 apostolico-

440 4091 570 4130 rum
603 4078 1129 4138 dinumerationem
1168 4081 1232 4151 ‘3,
1267 4086 1580 4157 septimum
1613 4104 1741 4142 eum
1775 4107 2082 4160 ponamus,

439 4165 792 4237 principium
846 4185 1050 4225 rursus
1095 4177 1182 4226 est
1211 4177 1267 4227 et
1295 4180 1487 4230 vertex
1513 4177 1780 4232 secundae
1802 4178 2078 4236 bexadis:

437 4258 614 4323 atque
645 4255 780 4310 hinc
811 4261 1204 4329 argumentari
1257 4261 1390 4318 licet
1439 4279 1573 4318 eum
1624 4266 1964 4324 relationem
2007 4271 2077 4325 ad

438 4338 665 4397 Petrum
703 4344 948 4401 habere:
983 4351 1198 4403 etenim
1233 4354 1295 4404 ut
1324 4349 1383 4405 in
1417 4353 1608 4422 priore
1638 4354 1874 4425 hexade,
1911 4359 2082 4429 prin-

435 4430 649 4499 cipium
684 4435 1012 4491 relationem
1047 4438 1218 4495 habel
1242 4441 1310 4494 ad
1339 4440 1543 4513 ﬁnem;
1569 4443 1645 4498 ila
1669 4445 1725 4500 in
1758 4449 2078 4518 posteriore

433 4517 651 4576 bexade
710 4523 1167 4585 Barlholomasus
1220 4534 1526 4588 summitas
1575 4541 1664 4589 est
1709 4517 1941 4594 illorum
1975 4541 2075 4610 qui

433 4615 558 4678 post
589 4610 783 4683 ipsum
817 4623 1214 4674 numerantur.
1241 4621 1308 4674 Et
1329 4621 1567 4689 videsis,
1591 4624 1949 4682 charissime.
1976 4629 2074 4683 Pe-

2213 4629 2474 4698 ιαθητεύει
2525 4630 2589 4683 τὰ
2636 4624 2757 4699 ἔθνη
2788 4646 2800 4657 ³

434 4706 556 4755 trus
587 4700 757 4759 docet
793 4711 1017 4775 gentes,
1042 4708 1496 4767 Bartholomaeus
1520 4713 1642 4785 pari
1676 4716 1918 4786 vestigio
1950 4733 2076 4788 gra-

505 4825 552 4863 ιε
578 4833 704 4886 Act.
745 4831 794 4901 ι,
825 4832 909 4887 13.

2203 3365 2264 3417 τὸ
2314 3361 2570 3440 διάφορον
2602 3385 2612 3398 ·
2675 3369 2773 3421 οὐκ
2825 3366 3113 3442 ὀλιγοστὸς
3157 3371 3293 3442 ἡμῖν
3327 3370 3354 3424 6
3400 3369 3825 3446 εὐφημούμενος,

2204 3451 2348 3508 ἀλλὰ
2379 3455 2466 3508 καὶ
2501 3454 2622 3509 λίαν
2653 3454 2960 3529 ἐπηρμένος
2990 3461 3059 3531 τῇ
3097 3456 3321 3532 δυνάμει
3367 3463 3466 3513 τοῦ
3513 3457 3825 3531 πνεύματος,

2203 3538 2424 3620 ἔχωντι
2456 3545 2543 3598 καὶ
2590 3545 2640 3599 ἐν
2679 3545 2815 3615 αὐτῇ
2866 3549 2934 3618 τῇ
2985 3546 3355 3620 ἀπαριθμήσει
3408 3550 3666 3619 μυστικὸν
3709 3545 3827 3598 θεώ-

2203 3653 2355 3707 Ρημα
2385 3638 2494 3707 (35)
2527 3636 2661 3690 κατά
2692 3635 3060 3710 ἀριθμητικὴν
3099 3635 3324 3708 μέθοδον
3358 3659 3368 3670 .
3409 3637 3573 3709 μόνος
3607 3635 3702 3710 γὰρ
3726 3635 3750 3686 ὁ
3777 3629 3822 3701 (ἐξ

2201 3725 2431 3798 ἀριθμὸς
2457 3728 2562 3777 τῶν
2589 3723 2696 3778 ἀπὸ
2731 3723 2964 3797 μονάδος
3002 3723 3210 3787 τέλειός
3243 3725 3384 3780 ἐστιν
3419 3724 3469 3779 ἐν
3504 3731 3619 3786 τοῖς
3651 3723 3824 3777 ἑαυτοῦ

2203 3815 2440 3888 μέρεσιν,
2517 3813 3019 3887 συμπληρούμενος
3067 3814 3126 3870 ἐκ
3171 3821 3280 3870 τῶν
3329 3817 3548 3871 αὐτῶν·
3597 3813 3822 3886 ἡμίσεως

2201 3905 2316 3977 μὲν,
2345 3902 2565 3978 τριάδος
2591 3921 2604 3934 ⁸
2644 3905 2828 3980 τρίτου
2861 3903 2917 3960 δὲ
2949 3903 3142 3968 δυάδος
3165 3925 3176 3936 ⁸
3211 3901 3369 3959 ἕκτου
3403 3903 3478 3975 δέ,
3532 3899 3754 3976 μονάδος
3778 3919 3789 3930 ⁸

2268 3995 2333 4068 β’.
2374 3995 2432 4048 Εἰ
2466 3992 2521 4048 δὲ
2566 3999 2656 4049 καὶ
2695 3996 2830 4050 κατᾶ
2877 3998 2976 4065 τὴν
3017 4000 3122 4050 τῶν
3159 3996 3404 4069 Πράξεων
3457 3989 3822 4068 ἀριθμοθεσίαν

2192 4077 2425 4158 ἕϐδομον
2462 4085 2618 4140 αὐτὸν
2668 4086 2913 4158 θείημεν,
2957 4085 3105 4160 ἀρχὴ
3154 4083 3317 4139 πάλιν
3352 4082 3494 4138 ἐστὶν
3545 4081 3631 4137 καὶ
3680 4097 3821 4151 κορυ-

2299 4183 2396 4243 τῆς
2452 4173 2702 4248 δευτέρας
2758 4172 2980 4248 ἑξάδος·
3035 4176 3108 4236 ὡς
3168 4173 3404 4228 ἐντεῦθεν
3451 4169 3817 4245 τεκμαίρεσθαι

2191 4265 2326 4339 πρὸς
2360 4265 2562 4339 Πέτρον
2593 4267 2754 4320 αὐτὸν
2813 4268 2909 4335 τήν
2946 4266 3210 4344 ἀναφοράν
3261 4261 3426 4338 ἔχειν,
3480 4263 3538 4318 ἐκ
3595 4264 3684 4334 μὲν
3726 4263 3814 4323 τῆς

2190 4362 2415 4433 πρώτης
2475 4356 2681 4430 ἑξάδος,
2739 4356 3121 4433 ἀναλογούσης
3174 4363 3273 4426 τῆς
3335 4355 3516 4430 ἀρχῆς
3563 4353 3639 4424 τῷ
3685 4349 3815 4404 τέλει

2188 4451 2332 4520 (36)·
2370 4447 2428 4501 ἔκ
2467 4445 2524 4501 δὲ
2554 4455 2655 4516 τῆς
2687 4445 2959 4523 δευτέρας,
3008 4449 3090 4502 ὅτι
3141 4446 3371 4520 κορωνὶς
3421 4450 3526 4499 τῶν
3580 4442 3692 4516 μετ’
3730 4436 3814 4492 αὖ·

2857 4540 3038 4612 Ἃθρει
3095 4537 3220 4612 γὰρ,
3277 4535 3559 4608 ἀγαπητέ.
3628 4531 3810 4602 Πέτρος

2850 4629 2994 4683 ἀλλά
3042 4629 3130 4683 καὶ
3177 4625 3594 4700 Βαρθολομαῖος
3629 4637 3808 4695 μετιχ-

2184 4723 2359 4774 νιᾶται
2409 4721 2473 4774 τὰ
2511 4719 2642 4779 ⁸ίσα.
2696 4720 2900 4794 Πέτρου
2959 4720 3154 4795 ὡραῖοι
3221 4720 3271 4773 οἱ
3332 4717 3495 4777 πόδες
3544 4716 3604 4770 τά
3651 4705 3809 4785 ἀγαιθᾶ

2184 4539 2280 4605 τήν
2338 4537 2401 4611 ἀρ
2413 4541 2456 4591 ιθ
2467 4559 2568 4610 μου
2579 4536 2747 4610 μένων
2786 4582 2795 4593 .

1790 4933 2025 4990 νΑΡιιιλΕ
2067 4937 2474 4996 LECTIONES.
3581 5025 3614 5026 ρ
3661 5022 3668 5026 ,
3797 5012 3806 5026 .

611 5010 957 5103 ἐξειδεΐειεὶυε
987 5035 1157 5088 prave
1189 5017 1413 5091 legebat
1443 5017 1740 5076 διατάττειν
1773 5027 2054 5083 ordinare.

2239 5031 2583 5086 Anastasius
2616 5031 2840 5088 videtur
2870 5029 3082 5103 legisse
3115 5028 3393 5102 προϊέντα,
3435 5027 3531 5100 qui
3562 5022 3699 5080 dicit
3723 5012 3804 5090 qui

425 5084 582 5136 misit
613 5083 799 5146 illum.

2013 5189 2240 5246 NOTIE.

498 5260 611 5348 (32)
643 5265 781 5348 Mihi
811 5269 1180 5348 aliquantum
1223 5276 1508 5331 obscurus
1540 5276 1837 5348 videbatur
1878 5278 2061 5336 locus.

425 5335 1102 5418 anastasiustqui'dquid
1127 5348 1350 5418 legerit)
1373 5347 1713 5404 difﬁcultate
1738 5366 1800 5406 se
1825 5335 2067 5407 feliciter

423 5409 664 5494 esped‘it.
685 5409 945 5470 scribens
971 5409 1122 5494 _Sed_
1138 5409 1344 5494 m‘ujori’
1370 5419 1650 5494 deuotione
1679 5427 1894 5493 martyr
1925 5427 2067 5494 quis-

419 5489 522 5544 que
576 5481 806 5538 debetur
849 5490 1053 5557 attolli,
1101 5492 1160 5543 in
1221 5481 1374 5559 cujus
1437 5481 1849 5560 beatiﬁcatz’onev
1893 5481 2070 5550 ornnis

419 5562 594 5606 sermo
624 5570 732 5609 non
759 5560 986 5685 suféicit.
1022 5563 1114 5615 Sic
1144 5565 1200 5616 et
1234 5578 1364 5616 mox
1404 5579 1462 5617 se
1491 5571 1659 5634 gerit,
1694 5583 1865 5636 quem
1918 5569 2069 5623 vide.

498 5622 612 5685 (33)
643 5625 778 5684 Cod.
880 5647 926 5685 r.
979 5631 1106 5685 Vat.
1157 5629 1408 5685 εὖποιεῖς.
1463 5635 1568 5685 Sed
1620 5643 1774 5685 natet
1829 5640 2068 5685 Anaata-

468 5622 778 5709 .(33).c0_d.
823 5622 926 5686 'Gr.
979 5631 1119 5709 Yet.
1157 5629 1408 5709 εὐποιεῖς.
1438 5622 1569 5709 ἐξά
1619 5622 1774 5709 ῥαίοι
1829 5622 2068 5696 Anasta-

429 5695 584 5784 sium
615 5695 823 5773 legisse
853 5703 1072 5762 rectius
1101 5701 1318 5769 ἐννοεῖς,
1351 5695 1488 5784 quia
1519 5695 1722 5766 scribit
1758 5727 1918 5769 sensu
1964 5695 2072 5771 ca-

407 5765 531 5852 ‘pis.

2247 5282 2361 5353 (34)
2391 5282 2651 5354 Respicit
2680 5283 2944 5339 ordinem
2994 5298 3107 5353 quo
3153 5281 3526 5338 nominantur
3573 5265 3797 5346 apostoli

2177 5356 2331 5424 apud
2371 5356 2576 5410 Lucnm
2613 5371 2737 5425 cap.
2771 5371 2826 5409 Χ.
3175 5424 3184 5426 _
3337 5425 3346 5426 ί
3411 5422 3420 5426 ,
3634 5417 3642 5426 .

2247 5427 2358 5495 (35)
2393 5427 2532 5480 Mire
2575 5410 2906 5481 Anastasius
2948 5424 3294 5480 vocabulum
3329 5422 3585 5496 θεώρημα
3631 5410 3789 5496 ἰηιοιέ

2179 5489 2306 5567 Ιὶεἷι
2337 5489 2431 5551 Dei
2459 5497 2638 5552 verba.
2675 5497 2819 5552 Nam
2852 5514 2958 5553 nec
2988 5514 3111 5552 voc.
3144 5507 3337 5568 typum
3363 5489 3524 5566 quod
3551 5489 3790 5558 sequitur

2177 5569 2236 5623 in
2267 5574 2591 5637 Anastasuo,
2634 5570 2805 5625 habet
2835 5571 3012 5625 codex
3043 5569 3166 5625 Vat.
3747 5624 3754 5633 ,

2250 5641 2360 5712 (36)
2389 5641 2733 5696 Anastasius
2765 5642 2981 5696 nitide:
3034 5642 3379 5712 Principium
3429 5637 3692 5708 reputatur
3737 5637 3786 5712 tn

2182 5694 2473 5786 ιειὶιηίὶιὶιξ
2487 5694 2642 5785 assa
2657 5694 2818 5786 ςέοῆ
2837 5694 3134 5786 displicet.
3157 5694 3334 5769 ram
3367 5694 3651 5769 numerus
3676 5694 3782 5772 pri-

2185 5800 2318 5843 mus
2344 5783 2591 5844 refertur
2607 5783 2675 5844 ad
2696 5787 2924 5842 sextum
2941 5783 3253 5847 ultimum.
