4090 6288
348 378 466 440 793

1130 386 1424 449 ORATIO
1467 388 1541 447 Χ.
1592 421 1664 434 -
1712 388 1790 449 ΙΝ
1834 394 1899 452 S.
1942 391 2629 456 BARTHOLOMEUM
2674 394 2953 457 APOST.

3629 393 3746 455 794

352 515 859 592 εὒαγγελιζομένου,
892 519 1037 576 ἀλλᾶ
1065 520 1154 575 καὶ
1186 522 1607 597 Βαρθολομαίου
1642 525 1883 601 ἐϊσότερα
1916 530 1975 601 (0]

2107 529 2282 584 ditur.
2320 529 2467 584 Petri
2496 529 2745 601 speciosi
2776 535 2917 586 sunt
2947 529 3122 600 pedes
3153 530 3304 585 bona
3333 530 3741 601 evangelizan-

351 602 426 663 εἰς
472 605 538 659 τὰ
595 609 837 683 μετέωρα
868 609 1255 683 θεολογοῦντος
1284 654 1296 666 .
1344 613 1544 685 Πὲτρος
1607 619 1988 689 τερατουργῶν

348 693 415 745 τὰ
467 694 700 768 μεγάλά,
765 696 908 751 ἀλλὰ
956 699 1042 751 καὶ
1092 698 1509 773 Βαρθολομαῖος
1559 704 1991 778 θαυματονδργῶν

350 782 415 835 τα
466 781 715 857 ῥαγδαῖα.
773 784 970 860 Πέτρος
1022 786 1470 861 ἀνασταυροῦται,
1516 789 1662 845 ἀλλὰ
1720 794 1808 847 καὶ
1861 802 1993 865 Βαρ-

348 869 652 943 θολομαῖος
706 875 983 929 ἀντίποινα
1032 876 1259 952 πάσχων
1308 886 1729 952 καρατομεῖται·
1765 882 1861 936 ὅσα
1894 880 1992 957 δρᾷ

349 961 572 1033 Πὲτρος,
634 968 868 1018 τοσαῦτα
942 965 1145 1041 ἐνεργεῖ
1222 967 1679 1041 Βαρθολομαῖος·
1757 969 1838 1049 ἐφ’
1893 974 1991 1026 ὅσα

346 1056 523 1123 χωρεῖ
567 1055 841 1124 μυστήρια
889 1056 916 1109 ὀ
983 1056 1206 1129 Πέτρος,
1274 1056 1358 1111 ἐπὶ
1413 1064 1646 1114 τοσαῦτα
1703 1057 1988 1132 ἐμϐατεύει

349 1136 765 1212 Βαρθολομαῖος
791 1162 801 1174 ·
857 1142 942 1198 ἐπ’
985 1142 1111 1214 ’ίσης
1155 1146 1228 1207 εἰς
1260 1147 1321 1200 τὸ
1352 1154 1451 1216 τῆς
1498 1149 1782 1224 θεολογίας
1832 1150 1989 1220 ἀνίη-

347 1248 429 1281 σιν
485 1224 647 1301 ὅρος·
702 1228 790 1285 ἐπὶ
836 1230 959 1303 ἴσης
1008 1232 1260 1305 θεμελιοῖ
1304 1238 1403 1305 τήν
1466 1237 1835 1309 Ἐκκλησίαν·
1894 1242 1987 1295 ἆν-

344 1316 578 1391 τιρῥοπα
638 1316 792 1393 ἔσχεν
848 1321 914 1374 τὰ
973 1320 1139 1377 λοιπὰ
1206 1326 1319 1378 θεῖα
1389 1324 1741 1401 χαρίσματα.
1822 1335 1986 1405 Δεῦρο

343 1409 477 1478 γοῦν
537 1408 975 1480 μειλισσόμενος,
1021 1417 1174 1485 γενοῦ
1230 1410 1457 1490 εὔφορος
1516 1419 1626 1490 (57)
1673 1422 1769 1472 τοῦ
1820 1418 1986 1495 λόγου

344 1495 390 1547 ὦ
455 1496 671 1568 μάκαρ·
726 1498 999 1573 τράνωσόν
1076 1523 1181 1573 μου
1242 1505 1337 1571 τῆν
1395 1504 1642 1581 γλῶτταν
1703 1513 1798 1562 τοῦ
1860 1530 1987 1584 μογι

346 1582 521 1638 λάλου
550 1605 563 1616 ·
607 1582 759 1640 δίδου
816 1608 912 1661 μοι
958 1591 1052 1650 τὰς
1101 1591 1349 1668 ἀφορμὰς
1389 1599 1496 1647 τῶν
1549 1595 1839 1670 ἐγκωμίων
1886 1582 1987 1667 τῆς

346 1673 445 1739 σῆς
477 1672 872 1747 μεγαλωσύνης
900 1697 910 1707 ·
947 1678 1049 1753 οὐχ
1074 1678 1163 1734 ’ίνα
1196 1682 1355 1745 αὐτὸς
1383 1680 1720 1757 προσλάϐοις
1741 1707 1815 1757 τι,
1840 1685 1987 1761 ἔχων

345 1758 555 1817 οἳκοθεν
610 1769 718 1817 τῶν
773 1773 1131 1840 μακαρισμῶν
1183 1771 1245 1824 τὸ
1296 1772 1526 1845 πλῆρες,
1576 1773 1703 1829 ἀλλ’
1748 1773 1837 1830 ’ίνα
1885 1776 1987 1853 ἀφ-

344 1852 552 1925 οσιωθῇ
587 1854 615 1906 ὁ
647 1855 813 1916 πόθος
844 1861 939 1910 τοῦ
968 1862 1406 1936 προστεταχότος
1456 1866 1570 1935 (38)
1605 1883 1617 1895 ·
1659 1866 1748 1919 καὶ
1778 1863 1833 1918 ⁹ίν
1863 1852 1985 1939 ’ἐγὼ

344 1942 372 1993 ὁ
406 1943 804 2015 πενιχρότατος
834 1951 961 2008 παῖς
994 1968 1089 2001 σου
1122 1958 1388 2025 πατρικῆς
1436 1951 1606 2027 εὐχῆς
1652 1953 1987 2008 ἀπολαύσαι-

348 2051 433 2102 μι,
468 2030 672 2104 ἐπαίνῳ
712 2034 803 2087 τὸν
850 2036 939 2089 σὸν
987 2034 1200 2092 ἔπαινον
1244 2046 1670 2114 συγκροτοῦντος
1722 2046 1867 2115 (39)·
1922 2045 1982 2099 οὐ

339 2119 443 2193 γὰρ
500 2121 615 2175 οἷόν
677 2143 734 2177 τε
785 2123 1063 2200 ἀμέτοχον
1122 2135 1406 2202 φωτισμοῦ
1477 2134 1834 2204 μεμενηκέναι
1892 2136 1984 2188 τὸν

342 2209 481 2283 πρὸς
510 2211 605 2272 τὰς
640 2213 807 2274 αὐτὰς
838 2218 935 2279 τῆς
981 2215 1216 2287 ἡλιακῆς
1258 2219 1474 2282 ἀκτῖνος
1524 2223 1846 2279 ἀνανεύοντα
1884 2226 1979 2288 τὰς

336 2298 539 2372 κόρας.

410 2388 475 2460 γ’.
512 2387 717 2451 Ἀλλος
754 2394 849 2464 μὲν
882 2391 973 2446 οὖν
1008 2392 1241 2450 ἄλλοθεν
1271 2402 1377 2451 τῶν
1412 2400 1731 2456 ἀποστόλων
1767 2401 1981 2475 διειλη-

338 2475 457 2551 φὼς
500 2476 662 2551 μέρος
720 2487 821 2549 τῆς
878 2480 1207 2556 οἷ’κουμένης
1264 2486 1315 2539 ἐν
1376 2493 1454 2558 τῷ
1512 2492 1822 2565 κηρύγματι
1878 2501 1977 2563 τῆς

338 2566 682 2641 θεογνωσίας,
714 2569 803 2623 καὶ
836 2571 1029 2634 πάντες
1059 2576 1121 2626 τὸ
1167 2579 1266 2628 πᾶν
1316 2574 1741 2651 διανειμάμενοι,
1785 2604 1980 2657 στρατ-

337 2657 473 2730 ηγοὶ
533 2656 793 2736 ὤφθησαν
851 2660 925 2723 ὡς
982 2660 1225 2733 ἀληθῶς,
1280 2666 1368 2720 καὶ
1432 2672 1528 2722 τοῦ
1583 2666 1976 2743 παμϐασιλὲως

334 2746 581 2818 Χριστοῦ
686 2751 1077 2820 καθεστήκασιν
1189 2752 1497 2831 ἄρχοντες·
1603 2764 1974 2832 Καταστήσεις

332 2834 439 2908 γὰρ
506 2834 700 2898 αὐτοὺς
783 2836 1052 2914 ἄρχοντας
1119 2840 1204 2897 ἐπὶ
1282 2851 1453 2899 πᾶσαν
1534 2850 1632 2915 τὴν
1718 2858 1845 2924 γῆν,
1914 2855 1976 2907 τὸ

334 2925 573 3015 Γράμμα
629 2931 1067 3002 προσηγόρευσεν
1103 2975 1114 2987 .
1176 2938 1261 3004 Τῷ
1330 2937 1511 2991 τοίνυν
1572 2938 1976 3015 εὐφημουμένῴ

332 3010 543 3101 κλῆρος
602 3017 691 3070 καὶ
754 3019 929 3091 μερὶς,
975 3021 1001 3074 ὁ
1034 3028 1130 3089 τῆς
1189 3023 1473 3097 Ἀρμενίας
1531 3010 1736 3101 χῶρος,
1791 3010 1974 3086 ὁήᾶπῦ

332 3100 539 3158 Εύίλὰτ
573 3106 738 3180 μέχρι
784 3103 1033 3179 Γαϐαὼθ,
1067 3109 1117 3164 ἐν
1163 3110 1399 3174 πολλοῖς
1447 3100 1631 3169 ἔθνεσί
1655 3138 1713 3171 τε
1741 3120 1829 3172 καὶ
1880 3121 1974 3175 πό-

328 3190 448 3278 λεσι
507 3194 952 3269 περιοριζόμενος
986 3218 1000 3229 ·
1059 3204 1249 3255 τοῦτον
1313 3209 1623 3278 τοιγαροῦν,
1701 3207 1974 3265 ἀποστέλ-

2101 619 2193 687 tis,
2226 619 2327 673 sed
2350 625 2404 673 et
2436 618 2833 674 Bartholomaai
2860 636 3021 687 pares
3045 624 3185 674 sunt
3204 636 3437 691 gressus
3463 618 3741 675 sublimia

2101 706 2170 761 de
2200 706 2314 762 Deo
2349 707 2660 777 loquentis.
2696 708 2896 763 Petrus
2945 723 3153 778 magna
3185 708 3443 779 prodigia
3472 710 3615 767 edit,
3647 707 3748 762 sed

2101 800 2155 849 et
2188 797 2636 851 Bartholomeeus
2670 797 2953 851 miracula
2996 798 3239 865 grandia
3288 802 3496 868 patrat.
3544 797 3746 852 Petrus

2099 886 2485 955 cruciﬁgitur,
2518 887 2617 940 sed
2652 891 2709 941 et
2737 886 3195 941 Bartholomaaus
3247 890 3534 941 tormenta
3585 885 3746 957 paria

2099 991 2431 1046 perpessus,
2465 975 2651 1045 capite
2683 974 2983 1030 minuitur.
3018 976 3311 1038 Quantum
3357 978 3578 1043 Petrus,
3611 979 3740 1030 tan-

2099 1068 2356 1119 tumdem
2412 1063 2868 1119 Bartholomaeus
2926 1069 3217 1134 operatur.
3286 1064 3436 1127 Quot
3491 1064 3750 1135 capessit

2100 1153 2374 1224 mysteria
2403 1153 2609 1209 Petrus
2641 1154 2879 1209 totidem
2917 1154 3174 1209 decurrit
3233 1154 3691 1210 Bartholomsaus
3726 1172 3743 1224 ;

2099 1241 2198 1311 qui
2231 1245 2287 1295 et
2315 1257 2477 1312 aeque
2523 1242 2828 1314 theologia;
2870 1248 3127 1298 montem
3188 1244 3546 1311 conscendit,
3580 1258 3744 1314 eque

2098 1328 2361 1385 Ecclesia
2415 1332 2792 1387 fundamenta
2816 1332 2977 1401 jacit,
3040 1334 3205 1403 paria
3261 1333 3510 1403 denique
3541 1331 3746 1387 habuit

2099 1418 2320 1491 reliqua
2364 1422 2538 1476 etiam
2570 1421 2670 1476 Dei
2712 1421 3085 1476 charismata.
3141 1422 3351 1477 Adesto
3402 1421 3580 1493 igitur
3610 1438 3740 1492 pro-

2098 1510 2302 1581 pitius,
2321 1512 2639 1566 orationem
2664 1512 2986 1583 suppedita,
3006 1528 3039 1566 ο
3060 1513 3263 1579 beate;
3300 1513 3628 1583 expeditam
3653 1513 3742 1566 fac

2096 1599 2359 1672 linguam
2387 1618 2573 1655 meam
2599 1601 2983 1657 balbutientia
3010 1619 3023 1667 ;
3051 1601 3123 1656 da
3146 1602 3289 1656 mihi
3318 1601 3743 1673 magnitudinis

2097 1694 2208 1744 tuae
2241 1691 2639 1746 collaudandaa
2674 1693 2973 1748 materiam
3003 1709 3016 1745 :
3051 1708 3165 1747 non
3220 1709 3334 1763 quo
3382 1696 3443 1746 tu
3478 1693 3613 1747 inde
3639 1691 3737 1746 ali-

2096 1780 2233 1849 quid
2276 1781 2559 1851 proficias,
2618 1781 2838 1837 habens
2901 1782 3254 1837 intrinsecus
3306 1781 3737 1837 beatitudinum

2097 1870 2538 1941 plenitudinem,
2565 1872 2663 1926 sed
2700 1876 2764 1926 ut
2792 1870 2949 1926 illius
2973 1870 3073 1941 qui
3103 1870 3246 1926 mihi
3270 1870 3566 1926 mandavit
3588 1869 3740 1925 desi-

2097 1958 2324 2013 derium
2375 1960 2769 2030 adimpleatur
2800 1977 2813 2027 ;
2848 1965 3022 2030 atque
3081 1965 3145 2015 ut
3198 1977 3298 2030 ego
3347 1958 3739 2030 pauperculus

2096 2048 2351 2103 famulus
2383 2054 2518 2104 tuus
2566 2051 2822 2119 paternis
2883 2050 3152 2120 precibus
3212 2051 3389 2115 fruar,
3451 2050 3506 2103 in
3563 2048 3737 2104 laude

2096 2137 2450 2195 celebritatis
2482 2144 2616 2195 tute.
2677 2140 2876 2209 Neque
2932 2140 3090 2194 enim
3125 2139 3246 2194 fieri
3305 2142 3514 2208 potest,
3575 2145 3637 2193 ut
3686 2138 3737 2193 is

2094 2243 2299 2298 expers
2332 2228 2569 2283 luminis
2600 2231 2858 2293 maneat,
2901 2227 3001 2298 qui
3032 2228 3102 2282 ad
3157 2225 3493 2298 splendores
3525 2225 3735 2282 solaris

2094 2317 2241 2372 radii
2272 2316 2570 2373 oculorum
2606 2316 2785 2371 aciem
2817 2314 3098 2371 intendat.

2162 2409 2213 2461 3.
2250 2407 2451 2477 Itaque
2470 2406 2867 2477 apostolorum
2893 2405 3044 2460 alius
3076 2405 3249 2460 aliam
3284 2406 3485 2460 mundi
3507 2409 3730 2477 partem

2091 2495 2330 2550 sortitus
2360 2496 2429 2550 ad
2470 2495 2896 2567 praedicandam
2928 2494 3029 2549 Dei
3076 2494 3360 2560 notitiam,
3393 2498 3569 2565 atque
3601 2494 3732 2548 uni-

2090 2601 2322 2639 versum
2357 2585 2511 2640 inter
2540 2601 2598 2639 se
2629 2583 2846 2655 partiti,
2880 2585 3055 2639 duces
3086 2600 3285 2655 reapse
3319 2587 3729 2654 apparuerunt,

2089 2682 2143 2729 et
2174 2674 2520 2730 universalis
2555 2675 2707 2746 regis
2739 2674 2952 2729 Christi
2996 2674 3283 2745 principes
3343 2677 3482 2727 sunt
3515 2673 3731 2729 consti-

2090 2763 2200 2818 tuti
2236 2789 2247 2816 :
2281 2766 2582 2820 Comtitues
2614 2766 2766 2820 enim
2822 2780 2907 2821 eos
2958 2763 3243 2835 principes
3299 2779 3462 2834 super
3517 2779 3731 2818 omnem

2086 2856 2316 2915 terram,
2359 2856 2550 2925 inquit
2595 2855 2899 2925 Scriptura
2955 2854 3017 2909 ‘9.
3064 2854 3211 2909 Huic
3256 2861 3444 2909 autem
3495 2851 3730 2907 laudato

2089 2948 2287 2998 nostro
2317 2961 2445 2999 sors
2480 2946 2781 3015 portioque
2832 2943 3170 2998 Armeniaca
3198 2942 3358 3013 regio
3388 2941 3610 3011 obtigit,
3655 2941 3725 2995 ab

2086 3032 2274 3087 Evilat
2303 3049 2491 3104 usque
2519 3032 2803 3103 Gabaoth,
2856 3031 3062 3087 multis
3109 3030 3337 3102 populis
3370 3030 3725 3100 urbibusque

2086 3121 2381 3177 distincta.
2416 3122 2580 3177 Hunc
2620 3139 2754 3194 ergo
2787 3124 2926 3177 dum
2953 3122 3201 3177 mitteret
3231 3121 3535 3187 Dominus,
3568 3122 3723 3176 vide-

2086 3215 2181 3265 tur
2212 3212 2355 3266 mihi
2387 3213 2472 3267 sic
2506 3212 2743 3284 mystice
2774 3210 3103 3267 allocutus:
3132 3212 3310 3282 Perge
3341 3212 3411 3265 ad
3445 3210 3722 3282 praedica-

326 3277 497 3337 λὸντα
524 3283 616 3337 τὸν
651 3285 869 3360 Κύριον,
902 3286 1075 3342 ἐκεῖνα
1108 3286 1253 3345 δοκῶ
1307 3298 1581 3364 μυστικῶς
1618 3295 1930 3373 φθέγγεσθαι
1952 3318 1965 3334 ο

2087 3298 2320 3364 tionem,
2354 3277 2655 3372 discipule,
2693 3299 3059 3372 proﬁciscere
3098 3301 3157 3355 in
3206 3277 3622 3368 bellum—vade
3648 3300 3720 3354 ad

322 3370 543 3461 :'A1tt9t,
576 3373 621 3426 ὦ
657 3375 888 3445 μαθητὰ,
932 3381 1066 3451 πρὸς
1111 3381 1172 3434 τὸ
1215 3383 1490 3457 κήρυγμα,
1525 3370 1657 3457 ἔξιθί
1691 3370 1825 3461 πρῦς
1863 3388 1967 3444 πό-

324 3457 515 3531 λεμον,
548 3463 809 3535 χώρησον
843 3466 914 3539 (εἰ)
946 3469 1081 3541 πρὸς
1112 3467 1394 3531 κινδύνους
1422 3492 1433 3503 ·
1470 3471 1640 3544 κήδου
1668 3457 1744 3548 (ε)⁷
1772 3499 1876 3549 μου
1907 3479 1970 3534 τὸ

332 3549 582 3623 πλάσμα,
634 3552 661 3605 ’ὀ
723 3552 996 3628 οἷκτείρας
1050 3558 1513 3632 ἐνηνθρωπίσθης,
1563 3564 1653 3619 καὶ
1724 3566 1857 3643 ὑπὲρ
1904 3567 1967 3623 οὗ

322 3640 552 3695 θάνατον
587 3641 817 3714 εἱλόμην
868 3645 959 3698 τὸν
1007 3645 1367 3705 ἐπονείδιστον
1396 3672 1407 3683 ·
1444 3652 1549 3729 ἐγὼ
1591 3655 1652 3708 τὸ
1704 3640 1963 3732 πατρικὸν

319 3722 477 3804 ἔργον
532 3730 875 3803 τετελείωκα,
936 3737 1333 3809 πρωτομάρτυς
1406 3722 1505 3811 τῆς
1567 3722 1828 3814 ἀληθείας
1882 3769 1968 3823 γε-

319 3818 547 3889 νόμενος
577 3840 588 3853 ·
626 3821 803 3891 ὑμῶν,
834 3824 894 3877 τὸ
927 3821 1102 3879 ἐνδέον
1133 3830 1205 3898 (f)
1238 3829 1627 3905 ἀναπληρῶσαι
1676 3836 1782 3889 τῶν
1817 3818 1963 3910 ἐμίῦν

320 3906 729 3981 ὑστερημάτων,
777 3914 893 3965 καθ’
925 3914 1189 3985 ὁμοίωσίν
1238 3939 1341 3989 μου
1399 3919 1727 3984 τελοῦντας·
1780 3906 1960 3999 μίμη-

318 3994 403 4049 σαί
461 4017 556 4051 σου
604 4000 696 4053 τὸν
751 3998 1077 4057 διδάσκαλον
1107 4023 1118 4035 ’
1168 4008 1489 4080 παραζηλοῦ
1538 4017 1637 4065 τοῦ
1688 4014 1958 4071 Δεσπότου

315 4106 415 4139 σου
446 4088 512 4140 τὰ
554 4089 735 4159 πάθηο
785 4089 1006 4164 α’ίμασιν
1058 4096 1193 4164 αἷμα
1238 4096 1430 4159 κάθες’
1483 4102 1660 4175 σαρξὶν
1712 4107 1793 4177 (g)
1839 4106 1961 4180 σάρ-

313 4195 409 4236 κας
468 4175 729 4250 προδίδου
758 4200 769 4211 ·
821 4182 996 4235 πάντα
1044 4183 1141 4236 ὅσα
1190 4186 1484 4261 ὑπήνεγκα,
1527 4175 1955 4266 ἀντιπεπονθὼς,

314 4261 595 4335 ὑπόδειξον
626 4267 676 4321 ἐν
711 4268 857 4341 αὐτῷ
880 4269 1077 4346 ἐναργῆ
1109 4273 1176 4327 τὰ
1201 4275 1553 4349 γνωρίσματα
1582 4282 1656 4351 (Ιι)
1688 4287 1784 4336 τοῦ
1819 4261 1956 4356 ἐμοῦ

310 4361 659 4429 χαρακτῆρος
688 4377 700 4388 ·
736 4356 881 4413 ὅπλα
910 4381 994 4413 σοι
1044 4359 1182 4416 ἔστω
1213 4364 1274 4418 τὸ
1306 4363 1688 4441 φιλάνθρωπον
1743 4371 1794 4427 ἐν
1834 4380 1951 4437 τοῖς

307 4441 693 4517 ἀπανθρώποις
728 4449 809 4519 (ἱ),
850 4448 913 4502 τὸ
948 4448 1154 4525 ἥμερον
1210 4450 1261 4505 ἐν
1308 4460 1423 4518 τοῖς
1472 4454 1839 4533 λοιδοροῦσιν,
1887 4465 1949 4519 τὸ

309 4529 619 4603 ἀνεξίκακον
654 4532 704 4588 ἔν
736 4542 851 4597 τοῖς
905 4540 1197 4594 κτείνουσιν
1226 4559 1238 4571 ·
1276 4543 1348 4605 ὡς
1378 4529 1651 4619 πρόϐατον
1701 4548 1752 4603 ἐν
1798 4529 1946 4625 μέσῳ

2084 3392 2359 3461 pericula.
2394 3391 2645 3447 Consule
2676 3399 2947 3447 creaturae
3000 3407 3160 3457 meas,
3214 3406 3387 3461 quam
3443 3406 3547 3460 ego
3602 3389 3719 3444 mi-

2080 3498 2283 3536 serans
2316 3482 2505 3536 factus
2535 3496 2660 3536 sum
2712 3481 2908 3549 homo,
2947 3496 3167 3553 proque
3208 3497 3277 3536 ea
3308 3484 3550 3536 mortem
3586 3484 3719 3533 tur-

2078 3569 2387 3641 pissimam
2420 3570 2596 3626 subii.
2630 3570 2748 3642 Ego
2778 3570 3132 3641 imperatum
3162 3586 3195 3625 a
3227 3570 3393 3625 Patre
3421 3586 3568 3640 opus
3591 3585 3725 3624 con-

2077 3659 2386 3720 summavi.
2420 3658 2639 3730 primus
2671 3660 2833 3714 testis
2864 3659 3123 3715 veritatis
3155 3658 3366 3714 factus.
3399 3658 3586 3713 Ofﬁcii
3617 3674 3716 3713 ve-

2075 3747 2183 3803 stri
2215 3753 2326 3815 est,
2360 3750 2512 3819 quod
2547 3749 2706 3803 deest
2739 3748 3046 3820 supplere;
3094 3753 3149 3804 et
3179 3765 3305 3819 qute
3354 3764 3459 3819 ego
3492 3747 3718 3819 reliqua

2075 3838 2203 3903 feci,
2232 3838 2353 3909 pari
2376 3854 2549 3909 opere
2570 3838 2882 3910 complere.
2908 3840 3244 3909 Magistrum
3269 3843 3438 3893 tuum
3461 3837 3714 3905 imitare,

2070 3928 2301 3982 Domini
2335 3929 2417 3982 tui
2447 3929 2749 4000 passiones
2789 3928 3081 3996 aemulare,
3138 3928 3524 3999 sanguinibus
3576 3943 3712 3982 san-

2069 4018 2306 4089 guinem
2342 4020 2615 4085 retribue,
2645 4020 2920 4074 carnibus
2943 4034 3174 4075 carnem
3207 4017 3495 4087 repende:
3531 4032 3716 4086 quan-

2068 4115 2191 4161 tum
2225 4124 2324 4178 ego
2357 4108 2595 4179 pertuli,
2620 4110 2988 4164 tantumdem
3011 4113 3074 4163 tu
3109 4108 3357 4178 patiens,
3392 4106 3631 4161 ostende
3654 4104 3712 4160 in

2066 4201 2123 4252 te
2152 4196 2279 4267 ipso
2319 4198 2625 4267 perspicua
2658 4198 3011 4253 lineamenta
3068 4197 3264 4252 forma:
3322 4211 3481 4250 mea.
3541 4198 3712 4250 Arma

2065 4286 2171 4342 tibi
2202 4287 2317 4342 sint
2350 4287 2689 4343 humanitas
2719 4287 2872 4344 inter
2908 4287 3287 4354 inhumanos,
3322 4285 3710 4341 mansuetudo

2061 4374 2215 4432 inter
2243 4376 2679 4444 conviciatores,
2714 4376 2982 4446 patientia
3012 4377 3162 4432 inter
3202 4375 3546 4436 homicidas,
3571 4379 3704 4430 tan-

2061 4481 2235 4535 quam
2268 4466 2390 4522 ovis
2434 4468 2492 4523 in
2546 4468 2732 4522 medio
2778 4467 3045 4538 luporum
3095 4466 3356 4535 effectus,
3389 4466 3555 4521 miles
3587 4464 3705 4519 for—

2061 4556 2313 4611 titudine
2341 4557 2521 4612 animi
2546 4561 2846 4613 executus.
2881 4556 3010 4611 Non
3053 4558 3278 4627 negavit
3309 4554 3698 4611 obedientiam

309 4616 493 4716 λύκων
547 4621 857 4695 γινόμενος,
908 4625 981 4686 ὡς
1032 4626 1265 4697 ὁπλίτης
1307 4616 1633 4705 τεθηγμένος
1680 4639 1749 4709 τῇ
1798 4616 1947 4693 εὐαν-

2089 4646 2346 4715 postolus
2380 4663 2395 4712 ;
2448 4662 2563 4701 non
2597 4645 2742 4701 dixit
2778 4663 2791 4713 ;
2838 4616 3160 4709 Quomodo”
3189 4644 3486 4716 superabit
3532 4642 3698 4713 lupos

307 4702 458 4783 δρείᾳ
482 4752 495 4765 .
546 4713 655 4766 Ούκ
702 4712 994 4782 ἠπείθησεν
1029 4716 1057 4769 ὁ
1090 4702 1486 4783 Ἀπόστολοςξ*
1511 4723 1610 4777 οὐκ
1655 4702 1796 4781 εἶπεν
1829 4733 1948 4791 πῶς

2058 4750 2269 4803 agnus,
2308 4750 2457 4791 unus
2507 4734 2688 4803 mille,
2749 4740 3059 4791 extraneus
3117 4735 3346 4790 urbium
3408 4748 3698 4805 proceres,

1646 4851 1886 4910 VARle
1926 4856 2342 4917 LECTIONES.

374 4943 887 5046 Ξὲςῧῗὲῗέἓέξῗὲἕῗ
891 4966 960 5046 .‘ff
970 4952 1387 5046 i““§‘.’.‘i€‘}§“2§i
1402 4955 1687 5046 1.93?”“."ls
1695 4959 1956 5046 ἀτεραλωὶ
1972 4963 2151 5046 Pr"?
2164 4968 2510 5046 ᾼιιαειειείιιε
2530 4985 2705 5046 caras
2721 4970 3214 5046 εειορβῖίσαιοτωη
3228 4986 3405 5025 sensu
3420 4968 3697 5046 ambiguo

298 5016 457 5071 verbi
476 5014 674 5089 χωρὲω
689 5014 978 5087 deceptus.

1058 5022 1126 5113 te)
1140 5022 1276 5113 Clod.
1294 5026 1389 5113 ΒΡ.
1406 5022 1536 5113 vat.
1556 5022 1796 5113 ἓομαί
1808 5074 1820 5088 .
1840 5022 1950 5113 Sed
1965 5022 2195 5113 constat
2208 5022 3019 5113 Αηᾲέιὰέίίιῶἱεέῑέέέέῆδδὸζ
3035 5022 3043 5024 ὴ
3062 5022 3073 5023 7
3093 5022 3163 5113 (Ῑ
3176 5022 3699 5113 Ᾱυοξίεῖεἰιιεηεῖᾳξέ

297 5089 542 5183 {ista
562 5091 801 5183 genere
1013 5089 1124 5183 lg)
1145 5100 1341 5183 ᾼηεειε
1374 5089 1723 5183 cruentis,
1747 5089 1910 5183 qua;
1929 5089 2361 5181 nauatae?
2374 5089 3063 5183 'iitilit's‘iﬁrldkiiésias
3086 5089 3698 5182 ιιόίιῖιῑιῑξζεῑίδ-ῑιιιξιῑί-

296 5174 439 5230 gens
460 5160 833 5233 γνωρίσματα.
914 5165 976 5237 (ι)
1000 5160 1197 5223 Anast.
1231 5169 1379 5226 male
1401 5173 1707 5231 sudoribus.

1786 5179 1847 5249 (7')
1869 5179 2068 5236 Anast.
2093 5179 2341 5239 nancisci
2368 5179 2584 5254 patera,
2608 5179 2725 5240 non
2748 5179 3204 5241 bene'intellecto
3226 5179 3397 5240 verbo
3427 5183 3693 5256 περίειμι.

1876 5304 2111 5364 ΝΟΤΛΕ.

337 5408 648 5495 ⁵(37)(Ῑίξάη
683 5412 778 5495 _G!‘-
832 5413 958 5495 Vat.
991 5407 1205 5495 ἔφορος,
1265 5422 1363 5476 sed
1421 5440 1631 5495 sequor
1689 5430 1930 5487 Anasta-

300 5490 583 5571 siur‘n‘qui
618 5490 1142 5571 interpretatusejt
1171 5494 1351 5571 ferox,
1383 5495 1454 5549 ab
1490 5490 1741 5571 εὔφορος.

368 5551 480 5643 ςξϐὶ
496 5554 647 5643 illinc
664 5551 798 5643 item
822 5551 1437 5643 apparet'l‘heodorum
1456 5551 1930 5643 adh‘ucjuvenem

301 5625 710 5715 mandatas-ui.
727 5625 1057 5715 hegumeni
1070 5631 1182 5713 bas
1215 5637 1523 5715 conciones
1552 5625 1932 5715 panuegyﬁrieas

297 5694 529 5753 dixisse.
564 5699 666 5755 Hic
698 5694 890 5758 tam'en
916 5702 974 5758 in
1008 5703 1120 5760 alia
1144 5721 1379 5777 prorsus
1411 5694 1531 5769 abit
1552 5694 1927 5775 13533553?

2045 5434 2157 5490 Sed
2187 5444 2247 5490 ut
2274 5435 2643 5507 quoquomodo
2673 5436 2985 5493 declaretur
3014 5452 3172 5492 amor
3202 5438 3352 5492 circa
3392 5444 3446 5507 te
3473 5436 3686 5492 divini-

2047 5506 2590 5580 tusprzdestinatus.
2626 5510 2772 5562 Num
2805 5509 3032 5579 legebat
3060 5506 3499 5580 προστεταχότος
3525 5507 3553 5562 τ

2115 5578 2229 5649 (39)
2262 5580 2519 5635 Grecam
2556 5581 2817 5650 phrasim
2852 5577 2942 5635 hic
2976 5577 3262 5636 nonsatis
3294 5577 3559 5647 expedio,
3593 5577 3680 5631 vel

2042 5648 2202 5705 locus
2236 5652 2475 5707 fortasse
2525 5648 2833 5722 corruptus
2880 5657 2988 5707 est.
3033 5652 3256 5721 Sequor
3306 5652 3483 5722 igitur
3531 5654 3686 5705 Ana-

2042 5724 2289 5777 stasium
2325 5724 2424 5793 qui
2455 5722 2625 5781 aliter
2661 5723 2873 5794 legisse
2896 5725 3147 5779 videtur.
