4090 6288
418 343 534 402 795

1663 350 1726 411 S.
1777 349 2174 412 THEODORI
2217 352 2576 416 STUDITAE

3685 367 3790 426 796

419 483 589 537 domo
621 496 825 554 expers
872 483 1189 553 praefectos,
1249 498 1414 555 reges
1445 483 1617 540 homo
1675 484 1822 540 nihil
1854 488 2060 555 praeter

2177 487 2476 560 περιέσεται
2507 489 2579 561 (j)
2612 489 2640 543 6
2669 487 2831 562 ἀρνὸς
2857 492 2962 544 τῶν
2993 488 3197 560 λύκων,
3228 493 3256 547 6
3281 493 3362 556 εἷς
3391 497 3495 548 τῶν
3529 494 3785 569 μυριάδων

423 572 656 626 unicam
688 571 949 628 tunicam
980 577 1220 644 gestans
1240 572 1268 626 ?
1300 575 1400 628 sed
1445 577 1723 646 tanquam
1758 573 1946 630 fidelis
1976 575 2060 628 fa-

425 661 622 716 mulus
659 661 950 717 Dominico
985 664 1257 718 mandato
1289 663 1640 734 obsequens,
1692 664 1936 719 discedit
1966 663 2063 718 lae-

420 753 538 817 tus,
572 750 717 804 nihil
750 767 948 806 secum
981 751 1192 822 ferens,
1227 757 1435 823 praeter
1483 753 1804 824 pretiosum
1850 752 2065 810 Christi

421 855 654 907 nomen,
690 840 946 911 cujusvis
977 847 1288 898 armaturas
1316 841 1462 898 loco.

491 1031 545 1083 4.
583 1029 765 1102 Igitur
786 1031 857 1086 ad
889 1033 1238 1090 destinatam
1298 1033 1411 1090 sibi
1463 1036 1757 1107 regionem
1816 1035 2062 1101 delatus,

421 1122 638 1188 quanta
669 1119 749 1174 ibi
780 1119 1002 1190 fecerit,
1043 1127 1263 1194 quanta
1310 1123 1629 1195 pertulerit,
1682 1124 1836 1180 dicet
1883 1125 2063 1180 oratio

419 1211 640 1277 nostra,
682 1209 892 1278 partim
933 1226 1002 1266 ex
1052 1212 1294 1282 antiqua
1340 1211 1672 1279 traditione,
1725 1213 1939 1284 partim
1971 1228 2066 1268 se-

419 1297 676 1351 cundum
738 1299 1204 1370 evangelicorum
1255 1302 1662 1356 mandatorum
1713 1301 2058 1372 analogiam.

417 1385 561 1439 Nam
596 1386 647 1441 si
675 1384 772 1441 lux
804 1389 1007 1444 mundi
1050 1393 1192 1456 erat,
1243 1389 1441 1460 utique
1500 1388 1644 1446 lucis
1704 1407 1878 1461 opera
1930 1390 2066 1446 fecit

416 1473 568 1530 inter
623 1477 1066 1534 tenebricosos:
1125 1486 1182 1534 et
1229 1481 1278 1534 si
1320 1479 1408 1535 sal
1470 1483 1656 1546 terrae,
1716 1481 1843 1536 sine
1891 1481 2066 1537 dubio

415 1563 778 1623 irrationales
810 1572 1016 1640 gentes
1047 1570 1167 1624 sale
1198 1568 1498 1636 condiens,
1532 1570 1837 1625 mundavit
1867 1588 1880 1638 ;
1925 1574 1982 1624 et
2019 1569 2065 1625 si

415 1655 720 1726 operarius
752 1657 1077 1728 appellatus
1117 1659 1246 1726 fuit,
1287 1659 1552 1730 sequitur
1610 1663 1675 1713 ut
1731 1658 2058 1730 spiritalem

413 1745 829 1814 agriculturam
857 1747 1073 1802 fecerit.
1099 1749 1259 1814 Quod
1279 1764 1410 1804 vero
1433 1748 1818 1804 communiter
1839 1747 2056 1804 dictum

2174 575 2202 628 6
2234 575 2380 647 ξένος
2429 581 2539 631 τῶν
2598 576 2951 653 πολύούχων,
2997 581 3025 634 6
3057 580 3300 642 ἀνέστιος
3347 586 3452 636 τῶν
3503 585 3788 658 ἡγεμόνων,

2172 669 2280 718 τῶν
2335 667 2600 739 βαςιλέων
2651 669 2678 722 6
2713 669 3064 744 μονοχίτωνς
3120 669 3244 726 ἀλλ’
3294 672 3381 726 οἶα
3430 673 3664 746 θεράπων
3708 696 3789 729 m-

2175 755 2299 816 στὸς
2329 755 2408 827 τῷ
2440 761 2753 828 Δεσποτικῷ
2781 761 3178 830 καταπειθήσας
3225 761 3622 836 προστάγματι,
3653 765 3794 818 ἄπει-

2175 866 2258 898 σιν
2295 843 2526 919 χαίρων,
2559 845 2713 902 οὐδὲν
2766 846 3158 925 ἐπιφερόμενος
3210 853 3326 924 μεθ’
3357 851 3546 907 ἑαυτοῦ
3576 852 3610 921 ἤ
3645 853 3790 926 μόνον

2171 933 2341 989 τὸτοῦ
2368 937 2604 1006 Χριστοῦ
2624 937 3002 1009 πολυτίμητον
3031 938 3229 1013 ὄνομα,
3253 942 3369 995 ἀντὶ
3391 943 3586 1003 παντὸς
3609 943 3793 1000 ὅπλοῦ.

2247 1020 2310 1080 δ’.
2364 1023 2553 1079 Τοίνυν
2612 1021 2936 1081 καταλαϐὼν
2991 1029 3053 1083 τὸ
3100 1027 3524 1103 κεκληρωμένον
3590 1027 3793 1108 ἔδαφος,

2175 1111 2274 1166 ὅσα
2329 1112 2501 1168 ἐκεῖσε
2555 1113 2794 1189 ἔδρασεν,
2853 1117 2952 1171 ὅσα
3012 1117 3236 1182 ὑποίσας
3290 1120 3530 1194 ἣνεγκεν,
3595 1121 3797 1196 ἱστορήο

2175 1223 2312 1257 σειεν
2347 1204 2374 1258 ὁ
2409 1203 2598 1279 λόγος,
2627 1207 2694 1259 τά
2742 1205 2835 1278 μὲν
2867 1206 3004 1262 κατά
3049 1205 3346 1282 παράδοσιν
3394 1207 3797 1286 ἀρχαιολογίας,

2172 1293 2239 1346 τὰ
2269 1290 2326 1346 δὲ
2354 1295 2489 1348 κατά
2518 1293 2808 1370 ἀναλογίαν
2840 1301 2947 1350 τῶν
2999 1295 3368 1373 εὐαγγελικῶν
3420 1295 3755 1374 διδαγμάτων
3780 1317 3794 1332 ⁸

2175 1381 2221 1435 εί
2251 1383 2355 1456 γὰρ
2387 1382 2545 1438 πέλει
2595 1388 2708 1459 φῶς
2737 1383 2834 1439 τοῦ
2882 1386 3117 1459 κόσμοα,
3168 1383 3336 1455 δῆλον
3390 1385 3472 1441 ὅτι
3519 1390 3586 1442 τὰ
3631 1389 3795 1464 φωτὸς

2176 1468 2426 1546 δέδρακεν
2477 1472 2528 1527 ἐν
2597 1479 2714 1536 τοῖς
2763 1473 3048 1538 ἀωτίστοις
3078 1495 3092 1508 ·
3143 1476 3232 1530 καὶ
3283 1477 3328 1531 εἰ
3378 1475 3514 1538 ἅλας
3562 1483 3660 1546 τῆς
3700 1484 3796 1552 γῆς

2177 1561 2436 1638 ὑπάρχει,
2470 1559 2641 1630 δῆλον
2675 1562 2759 1617 ὅτι.
2789 1560 2914 1634 ἔθνη
2948 1562 3126 1639 ἄλογα
3153 1564 3346 1627 ἁλίσας
3380 1563 3642 1640 ἐσάρωσεν
3671 1585 3682 1598 ·
3715 1566 3796 1619 καὶ

2176 1649 2220 1702 εἰ
2253 1649 2480 1725 ἐργάτης
2541 1651 2876 1724 ὠνόμασται,
2935 1653 3256 1715 ἀκολούθως
3330 1656 3595 1731 γεωργίαν
3659 1676 3798 1709 πνευ-

2178 1741 2409 1812 ματικήν
2457 1741 2730 1797 τετέλεκεν
2757 1763 2768 1774 ”
2814 1744 2841 1797 ὃ
2875 1741 2932 1797 δὲ
2978 1745 3113 1798 κατά
3160 1744 3346 1799 κοινὸῦ
3412 1742 3648 1820 ε’ίρηται,
3716 1745 3797 1799 καὶ

414 1832 544 1900 fuit,
577 1834 635 1889 id
666 1835 736 1891 de
762 1835 1010 1907 singulis
1050 1837 1220 1892 etiam
1271 1837 1540 1908 personis
1587 1837 1794 1908 accipi,
1845 1838 2056 1910 requis-

2177 1830 2283 1884 καθ*
2341 1829 2458 1892 ἑνὸς
2515 1832 2812 1904 προσώπου
2871 1827 3170 1904 λαμϐάνειν
3221 1832 3637 1911 εὐλογώτατον·
3688 1834 3800 1886 οὐκ·

415 1922 628 1980 simum
686 1929 794 1982 est.
861 1927 1174 1997 Propterea
1248 1932 1444 1998 specta
1516 1927 1684 1982 illum
1760 1927 2050 1998 allegoria,

414 2015 584 2069 modo
631 2017 846 2070 terram
906 2015 1064 2070 haud
1123 2017 1310 2072 bobus
1367 2016 1604 2088 quidem
1664 2017 1882 2073 ferrum
1930 2021 2059 2073 tra-

416 2101 693 2160 hentibus
721 2108 1002 2171 arentem,
1046 2106 1143 2161 sed
1202 2103 1414 2177 linguae
1471 2121 1702 2162 vomere
1752 2105 2058 2163 rationalia

414 2205 549 2246 arva
570 2190 902 2260 fodientem,
935 2193 1076 2263 jugo
1099 2193 1319 2248 scilicet
1343 2193 1857 2265 contemplationis
1879 2195 2056 2250 simul

413 2281 472 2335 et
510 2279 791 2336 actionis:
827 2297 1016 2352 neque
1067 2287 1356 2338 serentem
1390 2283 1673 2338 caducum
1711 2282 1927 2354 aliquid
1959 2287 2058 2339 aut

412 2369 810 2439 corruptibile,
869 2371 970 2426 sed
1029 2371 1164 2426 ﬂdei
1234 2372 1556 2427 doctrinam
1622 2372 1683 2427 in
1767 2373 2057 2442 profunda

411 2457 674 2514 cordium
708 2458 1042 2529 jacientem.
1080 2460 1249 2515 Modo
1281 2465 1480 2516 autem
1515 2461 1710 2516 hortos
1743 2461 2058 2532 vineasque

413 2546 644 2602 Domini
677 2547 1055 2619 plantantem,
1089 2565 1211 2618 quae
1245 2565 1380 2604 mox
1429 2555 1660 2622 recepta
1705 2550 1968 2606 doctrina
1996 2551 2056 2605 in

417 2635 626 2691 melius
657 2639 1043 2707 profecerunt,
1075 2643 1132 2694 et
1161 2654 1229 2694 ex
1281 2638 1520 2695 novellis
1570 2639 1739 2710 lapsu
1772 2640 2054 2712 temporis

415 2725 486 2781 ad
519 2725 1020 2783 fructiﬁcationem
1054 2734 1466 2800 provenerunt.
1493 2727 1660 2784 Modo
1686 2730 1862 2785 etiam
1895 2743 2056 2785 more

415 2815 627 2871 medici
658 2817 916 2873 remedia
959 2818 1167 2874 idonea
1223 2820 1715 2890 suppeditantem,
1773 2819 1860 2873 vel
1913 2835 2056 2890 quo-

415 2906 823 2979 modocumque
851 2907 1123 2976 volueris,
1149 2925 1299 2965 caeco
1321 2907 1773 2978 illuminantem,
1798 2908 2058 2979 leprosos

413 2996 817 3063 mundantem,
875 2997 1060 3054 febres
1107 2997 1515 3070 depellentem,
1554 2998 1785 3054 facilem
1817 2997 2047 3054 claudis

413 3101 678 3158 gressum
708 3101 889 3142 caecos
919 3088 1298 3156 tribuentem,
1345 3089 1540 3144 surdis
1573 3089 1867 3155 auditum,
1900 3087 2061 3144 varia

2173 1921 2264 1972 οῦν
2323 1917 2422 1994 ὅρα
2480 1919 2639 1976 αὐτὸν
2699 1922 2817 1976 κατ’
2863 1919 3240 1997 ἀλληγορίαν·
3292 1930 3368 1992 πῆ
3435 1923 3552 1996 μὲν,
3601 1920 3659 1976 οὐ
3704 1927 3793 1996 γῆν

2172 2009 2401 2082 ἀροῦντα
2435 2009 2537 2064 ὑπὸ
2582 2011 2766 2084 βουσὶν
2816 2009 3066 2066 ἕλκουσιν
3124 2012 3188 2068 τὸ
3236 2009 3508 2086 σιδήριον,
3558 2009 3796 2081 ἀλλὰτῷ

2168 2103 2269 2166 τῆς
2298 2097 2552 2168 γλώττης
2583 2098 2836 2174 ἀρότρῳλ
2869 2103 3054 2174 ογικὰς
3087 2100 3318 2176 ἀρούσας
3368 2098 3792 2169 διαλακτίζοντα,

2167 2191 2248 2258 τῷ
2281 2186 2450 2263 ζεύγει
2485 2185 2743 2258 δηλονότι
2777 2189 3006 2265 θεωρίας
3038 2191 3126 2244 καὶ
3159 2191 3403 2264 πράξεως
3429 2209 3441 2222 ·
3487 2186 3610 2244 οὐδὲ
3655 2187 3793 2243 σπεί-

2171 2277 2333 2350 ροντά
2389 2298 2440 2331 τι
2496 2282 2602 2332 τῶν
2663 2277 2982 2354 ἀπορῥύτων
3035 2280 3124 2334 καὶ
3200 2281 3597 2358 φθειρομένων,
3665 2275 3797 2333 ἀλλά

2167 2366 2261 2420 τὸν
2290 2373 2392 2436 τῆς
2432 2365 2666 2430 πίστεως
2712 2366 2877 2442 λόγον
2919 2367 2992 2430 εἷς
3039 2369 3206 2443 βάθος
3253 2366 3548 2443 καρδιακὸν
3591 2388 3797 2423 κατατι-

2171 2453 2392 2528 θέμενον
2420 2475 2432 2487 ·
2465 2458 2545 2524 πῆ
2597 2453 2674 2527 δὲ,
2726 2461 3131 2534 φυτουργοῦντα
3160 2455 3521 2532 παραδείσους
3570 2457 3657 2512 καὶ
3702 2456 3800 2530 ἀμ·

2170 2543 2421 2607 πελῶνας
2470 2544 2686 2613 Κυρίου,
2735 2547 2865 2609 τοὺς
2921 2544 3028 2618 ἤδη
3093 2550 3162 2621 τῇ
3221 2545 3452 2624 εἷσδοχῇ
3511 2549 3606 2602 τοῦ
3649 2545 3805 2619 λόγου

2171 2633 2307 2706 πρὸς
2351 2635 2418 2688 τὰ
2465 2633 2748 2707 κρείττονα
2803 2637 2902 2704 τὴν
2958 2635 3202 2692 ἐπίδοσιν
3243 2638 3677 2710 ποιησαμένους,
3725 2633 3807 2688 καὶ

2171 2721 2276 2775 ἀπὸ
2308 2724 2552 2798 νεογνίας
2602 2722 2677 2786 εἷς
2721 2726 2818 2794 τὴν
2863 2726 2997 2780 κατᾶ
3048 2725 3235 2800 καιρὸν
3283 2727 3659 2805 καρπυφορίαν
3693 2725 3809 2778 ἀνα-

2173 2807 2530 2884 διδομένους’
2596 2814 2687 2868 καὶ
2745 2815 2881 2869 ποτὶ
2943 2815 3036 2888 μὲν
3091 2816 3348 2891 ἰατρικῶς
3421 2814 3802 2890 διαγινόμενον,

2171 2898 2258 2954 καὶ
2303 2900 2672 2972 καταλλήλως
2721 2901 3039 2978 ἀλεξιτήρια
3084 2901 3570 2981 προϐαλλόμενον,
3629 2903 3808 2959 ὁποτέο

2171 3009 2282 3062 ρως
2314 2988 2374 3044 ἃν
2413 2990 2588 3066 βούλῃ
2615 2993 2717 3066 (k),
2754 2993 2998 3072 τυφλοὺς
3031 2995 3403 3067 ὀμματοῦντα,
3456 2992 3691 3069 λεπροὺς
3720 3012 3807 3046 κα-

2172 3079 2445 3153 θαίροντα,
2504 3083 2766 3156 πυρετοὺς
2821 3082 3213 3152 ἀπελαύνοντα,
3253 3085 3608 3163 χωλεύουσιο
3663 3076 3808 3137 εὐϐα-

415 3176 652 3231 demum
688 3176 1025 3232 morborum
1082 3193 1294 3248 genere.
1352 3176 1705 3233 eanitatibus
1757 3178 2061 3246 incorrup-

2177 3175 2285 3227 τεῖν
2345 3170 2746 3245 παρεχόμενον,
2807 3170 3144 3251 κωφεύουσιν
3209 3174 3272 3228 τὸ
3318 3175 3707 3248 ἀκροατήριον,
3746 3168 3805 3224 τὰ

414 3265 664 3321 tibilitus
695 3266 755 3321 in
799 3267 1128 3323 naturalem
1186 3267 1581 3325 valetudinem
1637 3268 2064 3324 restituentem.

418 3354 564 3420 Quin
594 3355 764 3408 etiam
798 3369 968 3410 cerne
997 3354 1190 3426 ipsum
1216 3356 1495 3426 pastorali
1522 3357 1706 3411 forma
1735 3363 2064 3426 assumpta,

417 3456 654 3514 gregem
694 3443 810 3498 Deo
869 3460 1234 3510 conservare,
1293 3446 1656 3510 deducendo,
1717 3445 2062 3513 revocando,

423 3548 622 3587 curam
680 3535 952 3604 gerendo,
1025 3535 1413 3603 defendendo,
1487 3535 1703 3591 bestiae
1779 3535 2065 3591 beresum

421 3621 876 3693 daemonumque
896 3623 1097 3680 turbas
1138 3625 1426 3681 arcendo:
1479 3624 1818 3696 imperfecta
1874 3623 2066 3679 adhuc

422 3710 665 3781 rigando
691 3711 932 3782 jugiter,
963 3713 1268 3768 educando
1301 3717 1364 3768 ut
1403 3717 1669 3768 crescant
1726 3712 1784 3766 in
1839 3717 2066 3768 aetatem

423 3799 658 3866 Christi,
693 3801 894 3873 spinas
922 3800 1350 3858 intellectuales
1393 3801 1714 3871 evellendo,
1774 3805 2070 3858 sarmenta

424 3888 746 3960 impietatis
802 3891 1223 3960 comburendo,
1275 3891 1456 3948 vallos
1513 3891 1878 3964 dogmaticos
1926 3891 2069 3948 sub-

420 3979 702 4049 jiciendo,
785 3997 970 4051 sepse
1045 3979 1362 4037 didacticas
1428 3980 1937 4052 circumponendo,
2017 3987 2070 4034 et

423 4067 706 4140 quidquid
738 4069 897 4124 aliud
932 4069 1067 4126 usui
1109 4075 1218 4138 est,
1279 4069 1654 4142 providendo.
1716 4070 1870 4126 Idem
1902 4073 1958 4126 et
1987 4069 2070 4124 fa-

423 4157 674 4213 bricator
704 4164 794 4215 est
833 4163 889 4215 et
917 4159 1265 4215 architectus
1296 4159 1524 4215 aedificii
1557 4176 1622 4215 ac
1672 4158 1902 4215 fabrica
1952 4174 2070 4214 non

425 4249 786 4315 manufactes,
816 4248 1163 4319 templorum
1193 4248 1424 4305 Domini
1455 4249 1583 4305 dico
1616 4265 1744 4321 quae
1777 4250 1833 4304 in
1860 4248 2070 4320 spiritu

425 4339 482 4392 et
511 4336 747 4393 veritate
795 4342 1241 4406 construuntur,
1297 4340 1554 4410 atquein
1615 4337 1896 4411 populum
1958 4337 2072 4394 exi-

425 4424 630 4489 mium,
664 4430 1000 4483 sectatorem
1033 4427 1321 4484 bonorum
1352 4443 1608 4499 operum,
1664 4426 2068 4498 perficiuntur.

493 4695 549 4750 5.
582 4697 814 4752 Intuere
847 4711 1074 4752 mecum
1106 4697 1322 4770 oppida
1352 4701 1410 4753 et
1438 4696 1793 4767 habitacula,
1817 4714 1940 4769 quae
1963 4697 2060 4754 ille

424 4801 683 4857 preceps
714 4786 910 4857 populi
942 4787 1212 4843 seductor
1267 4788 1326 4843 in
1377 4786 1720 4843 inﬁdelitate
1750 4788 1888 4842 olim
1921 4787 2062 4841 deti-

422 4876 616 4945 nebat,
651 4876 879 4932 intuere
907 4877 1048 4943 hec,
1092 4878 1356 4949 inquam,
1388 4877 1487 4934 Dei
1539 4877 1747 4933 notitia
1777 4883 2060 4948 tanquam

421 4965 680 5022 turribus
708 4967 1009 5035 instructa,
1042 4972 1098 5023 et
1127 4968 1595 5023 adversariorum
1627 4967 1874 5022 insidias
1893 4965 2062 5021 facile

421 5055 710 5126 repulsas,
753 5072 890 5112 arva
920 5057 1214 5129 segetibus
1261 5057 1510 5124 consita,
1562 5057 1760 5112 vineas
1813 5054 2059 5112 racemis

422 5145 835 5216 nigrescentes,
859 5147 1059 5203 hortos
1091 5147 1384 5214 florentes,
1435 5162 1616 5215 aegros
1677 5145 1878 5201 morbo
1910 5161 2064 5218 quo-

419 5233 561 5291 libet
592 5244 646 5290 et
675 5236 836 5292 omni
869 5235 1149 5308 languore
1179 5235 1496 5308 expeditos.
1526 5233 1694 5290 Tales
1725 5239 1866 5290 sunt
1888 5234 2062 5302 hujus

2102 4559 2149 4624 D

2172 3264 2280 3314 τῶν
2339 3257 2548 3315 λοιπῶν
2608 3263 2934 3334 νοσημάτων
2991 3259 3370 3335 πολυπήμονα
3428 3260 3579 3332 ε’ίδη,
3637 3260 3804 3316 ἄκεσιν

2175 3348 2435 3425 άφθόροις
2482 3351 2544 3425 (ί)
2576 3351 3019 3406 ἀποκαθιστῶντα
3076 3351 3152 3413 εἷς
3186 3353 3248 3406 τὸ
3297 3353 3434 3406 κατά
3493 3351 3676 3427 φύσιν
3724 3348 3802 3402 καὶ

2180 3441 2364 3512 μέντοι
2420 3440 2784 3512 ποιμαντικὴν
2840 3439 2943 3509 ἕξιν
3000 3435 3480 3514 ἀναλαμϐάνοντα,
3550 3441 3638 3495 καὶ
3695 3435 3806 3492 ποί-

2180 3549 2305 3603 μνια
2360 3533 2476 3601 Θεῷ
2527 3529 2914 3604 καταρτίζοντα
2964 3533 3084 3604 (m),
3131 3529 3568 3603 καθηγούμενον,
3625 3528 3809 3583 ἀνακα-

2177 3617 2470 3692 λούμενον,
2531 3618 2993 3693 ἐπιμελούμενον,
3073 3619 3555 3692 προπολεμοῦντα,
3624 3618 3808 3672 ἀποσο-

2179 3706 2380 3765 ϐοῦντα
2410 3711 2579 3783 θῆρας
2630 3709 2910 3784 αἱρέσεων,
2961 3707 3235 3784 δαιμόνων
3263 3730 3321 3763 τε
3351 3706 3643 3784 φάλαγγας
3663 3727 3673 3739 ·
3717 3704 3810 3760 ὅσα

2176 3820 2235 3854 τε
2264 3797 2315 3852 ἐν
2352 3795 2498 3870 μέσῳ
2547 3795 2802 3873 ἀρδεῦσαι
2845 3798 3104 3867 ἀεννάως,
3161 3805 3580 3874 χειραγωγῆσαι
3611 3799 3688 3868 (η)
3729 3792 3810 3847 αὖ·

2178 3890 2468 3962 ξουμένους
2505 3887 2572 3962 τῇ
2624 3891 2758 3944 κατὰ
2799 3890 3032 3963 Χριστὸν
3084 3886 3296 3959 ἡλικίᾳ,
3345 3887 3581 3948 ἀκάνθας
3618 3883 3807 3954 νοητὰς

2179 3979 2414 4046 έκτῖλαι,
2447 3975 2580 4042 ὅλας
2612 3974 2858 4040 ἀσεϐείας
2890 3977 3166 4051 ἐμπρῆσαι
3200 3979 3295 4051 (ο),
3331 3977 3580 4052 χάρακας
3613 3973 3808 4051 δογμα-

2180 4067 2366 4128 τικοὺς
2412 4069 2686 4141 ὑπερεῖσαι
2736 4069 2836 4142 (ρ),
2887 4067 3173 4142 φραγμοὺς
3224 4063 3572 4128 διδακτικοὺς
3619 4059 3808 4137 περιθέ-

2181 4160 2325 4227 σθαι,
2354 4156 2446 4212 καὶ
2477 4155 2525 4212 ε⁹ί
2559 4178 2606 4212 τι
2637 4155 2778 4211 ἄλλο
2799 4159 2908 4210 τῶν
2941 4152 3170 4212 δεόντων
3201 4153 3530 4233 ἐφεπόμενον
3550 4157 3807 4225 καταθρῆ·

2183 4267 2303 4304 σαι.
2335 4248 2396 4304 Ὁ
2429 4243 2478 4300 δ’
2509 4247 2672 4307 αὐτὸς
2702 4247 2789 4300 καὶ
2827 4243 3142 4318 οἰκοδόμος,
3175 4244 3265 4300 καὶ
3296 4245 3634 4320 ἀρχιτέκτων
3668 4243 3806 4296 οἷκο-

2183 4334 2358 4410 δομῆς
2402 4337 2492 4390 καὶ
2531 4335 2805 4396 τεκτονίας
2865 4335 3324 4410 ἀχειροποιήσου,
3373 4337 3478 4387 τῶν
3533 4331 3621 4388 διὰ
3664 4329 3809 4387 πνεύ-

2185 4444 2375 4500 ματος,
2408 4421 2573 4497 λέγω,
2605 4423 2694 4477 καὶ
2746 4420 3005 4494 ἀληθείας
3031 4421 3193 4478 ἀναδε
3225 4420 3330 4496 [δο]
3375 4422 3633 4497 μημένων
3681 4420 3807 4474 ναῶν

2183 4513 2405 4588 Κυρίου,
2461 4513 2553 4568 καὶ
2612 4511 3082 4587 καταρτιζομένων
3153 4512 3228 4576 εἰς
3283 4512 3417 4568 λαὸν
3489 4511 3810 4587 περιούσιον,

2183 4601 2440 4672 ζηλωτὴν
2475 4599 2658 4656 καλῶν
2691 4593 2888 4676 ἔργων.

2244 4693 2300 4747 ε’.
2337 4691 2543 4764 Σκέψαι
2578 4712 2672 4764 μοι
2703 4691 2800 4754 τὰς
2849 4691 3040 4753 πόλεις
3087 4691 3176 4747 καὶ
3224 4693 3318 4752 τὰς
3369 4689 3703 4750 κατοικεσίας
3751 4683 3805 4744 ’ἃς

2173 4779 2343 4836 πάλαι
2374 4782 2401 4834 ὁ
2434 4779 2744 4843 λαόπλανος
2781 4783 2948 4856 ((1)τῇ
2981 4782 3202 4852 ἀπιστίᾳ
3249 4787 3499 4856 κατεῖχεν
3528 4774 3804 4850 ἠλίϐατος,

2172 4872 2552 4945 πκργωθείσας
2606 4871 2658 4925 ἐν
2717 4872 3032 4946 θεογνωσίᾳ,
3090 4872 3182 4926 καὶ
3250 4872 3348 4935 τὰς
3396 4875 3506 4926 τῶν
3569 4865 3806 4924 ἐναντίων

2175 4955 2472 5022 ἐπιϐουλὰς
2530 4959 2656 5036 ῥᾷον
2705 4958 3195 5033 ἀποπεμπομένας,
3234 4963 3302 5016 τὰ
3346 4958 3480 5032 λήϊα
3529 4956 3804 5027 τεθηλότα,

2173 5049 2307 5112 τοὺς
2371 5047 2698 5124 ἀμπελῶνας
2776 5052 3165 5128 περκάζοντας,
3244 5051 3375 5113 τοὺς
3459 5045 3798 5124 παραδείσους

2173 5141 2552 5215 κυπρίζοντας,
2608 5142 2736 5204 τοὺς
2783 5145 3074 5205 νοσοῦντας
3103 5147 3275 5196 πᾶσαν
3326 5140 3481 5196 νόσον
3510 5140 3596 5195 καὶ
3643 5140 3800 5193 πᾶσαν

2175 5229 2446 5304 μαλακίαν
2499 5230 2995 5306 τεθεραπευμένους
3025 5277 3040 5290 .
3099 5233 3330 5287 Τοιαῦτα
3373 5231 3438 5286 τὰ
3483 5233 3580 5285 τοῦ
3649 5229 3801 5282 Ἀπο-

1772 5359 2012 5416 νΔΡιΙΛΕ
2051 5360 2460 5418 LECTIONES.

497 5471 582 5547 (Ιί)
605 5473 954 5530 Anastasius
986 5473 1143 5547 aliud
1186 5471 1441 5547 legebat,
1480 5471 1630 5547 quia
1682 5469 1885 5547 scribit
1926 5470 2147 5547 duplici
2177 5471 2433 5547 sanitate,
2484 5471 2650 5542 quasi
2683 5468 3032 5547 ἀμφοτέροις.
3110 5473 3176 5545 (ι)
3207 5473 3549 5547 Anastasius
3584 5471 3801 5547 ενοι-ωτι

420 5541 670 5623 eumdem
687 5561 843 5623 nosse
879 5547 1031 5623 velis.
1110 5543 1209 5623 (ιη)
1236 5541 1440 5623 Anast.
1470 5541 1577 5600 Deo
1596 5543 1968 5623 perﬁcieate.“
2008 5541 2091 5623 (τι)
2119 5543 2463 5623 Anastasius
2485 5541 2841 5623 prepostere
2860 5541 3046 5623 rigare
3062 5541 3491 5623 ῃιαπιιβάιισαγθ
3507 5545 3800 5623 σνθδοεῃξϐξο

443 5618 492 5691 ο)
522 5618 722 5674 Anast.
753 5612 1195 5691 silvasimpactas'
1212 5614 1468 5691 secando,
1489 5612 1860 5691 nescioquid
1894 5612 2050 5691 aliud
2070 5612 2292 5691 legens.
2370 5616 2456 5688 (p)
2478 5612 2632 5691 Cod:
2651 5612 2934 5690 ὁπηρίσαιζ
2965 5617 3222 5691 ,Ῡὶάοιηι
3241 5612 3400 5691 ergo
3431 5612 3794 5690 grammatici.

443 5618 492 5687 ο)
522 5618 722 5674 Anast.
753 5617 1193 5688 silvasimpactas
1212 5617 1468 5683 secando,
1489 5617 1686 5672 nescio
1720 5617 1860 5685 quid
1894 5617 2050 5669 aliud
2073 5617 2292 5687 legens.
2370 5617 2456 5688 (p)
2478 5617 2615 5671 Cod.
2651 5617 2934 5690 ὑπηρίσαι.
2978 5617 3217 5674 Videant

418 5617 496 5766 ίᾳ)
524 5691 727 5747 Anast.
759 5705 935 5763 prave
961 5687 1206 5761 populus
1233 5687 1515 5746 seductus.
1553 5687 1700 5746 Item
1736 5685 2039 5760 sequentia
2057 5687 2211 5762 apud
2236 5687 2608 5745 Anastasium
2631 5702 2901 5761 perversa
2923 5687 3217 5749 videntur.
