4090 6288
306 376 420 438 797

1104 378 1391 445 ORATIO
1436 381 1513 442 Χ.
1564 415 1636 428 -
1679 384 1760 445 ΙΝ
1793 384 1856 446 S.
1904 383 2574 450 BARTHOLOMEUM
2626 385 2906 449 APOST.

3588 386 3707 446 798

306 511 534 579 στόλου,
567 511 641 573 ὡς
676 510 733 564 ἂν
764 512 907 566 εἷ’ποι
937 532 1045 579 τις,
1077 513 1365 587 προτέλεια
1427 516 1513 569 καὶ
1568 516 1813 594 ἐκφόρια,
1841 540 1945 588 τη-

2066 522 2333 592 apostoli,
2349 528 2412 577 ut
2432 521 2513 577 ita
2531 522 2746 587 dicam,
2767 522 2997 593 frugum
3020 519 3309 592 primitias,
3332 523 3703 591 tottantaque

307 600 554 655 λικοῦτοι
589 603 641 654 οἱ
674 600 898 676 ἀγῶνες,
942 603 991 655 οἱ
1025 600 1274 676 ἱδρῶτες,
1310 606 1359 657 οἱ
1392 605 1548 660 πόνοι
1576 624 1589 639 ο
1641 608 1731 661 καὶ
1784 612 1948 663 ταῦτα

304 689 355 745 ἐν
390 689 544 762 λιμῷ
574 694 661 744 καί
696 688 859 764 δίψει,
894 691 944 744 ἐν
983 692 1146 767 ψύχει
1196 696 1283 747 καὶ
1319 696 1642 768 γυμνότητι,
1683 696 1734 750 ἐν
1785 693 1948 768 ὕϐρε-

306 780 513 834 σινκαῖ
571 778 851 853 ὀνείδεσιν,
905 780 957 835 ἐν
1010 780 1275 857 φυλακαῖς
1326 784 1416 837 καὶ
1462 782 1784 858 δεσμοῖς,ἐν
1816 784 1948 841 διω-

303 873 469 942 γμοῖς
504 870 590 923 καὶ
625 870 940 946 ἀπαγωγαῖς
975 870 1031 924 ἐκ
1075 871 1243 925 τόπου
1290 872 1365 934 εἰς
1399 873 1587 943 τόπον,
1622 874 1680 929 ἐκ
1732 876 1947 939 πόλεως

307 958 383 1018 εἷς
433 957 619 1029 πόλιν,
672 958 730 1013 ἐκ
760 960 985 1033 θεάτρου
1036 959 1111 1022 εἷς
1162 959 1402 1035 θέατρον,
1459 963 1508 1017 ἐν
1556 964 1810 1037 βασάνοις
1858 964 1947 1019 καὶ

308 1045 615 1119 αἰκισμοῖς,
658 1047 710 1100 ἐν
744 1048 894 1126 φόνῳ
939 1048 1028 1103 καὶ
1082 1050 1329 1128 μαχαίρᾳ
1356 1072 1414 1105 τε
1465 1052 1807 1108 τελευταῖον·
1858 1055 1949 1134 ἀφ’

308 1139 381 1191 ὧν
421 1139 522 1211 γάρ
584 1136 754 1213 ἐχρῆν
816 1135 1128 1213 ἀμείϐεσθαι
1188 1142 1411 1216 ἀγαθοῖς
1457 1145 1547 1198 τὸν
1602 1143 1946 1216 διδάσκαλον,

304 1229 401 1282 τὸν
456 1231 696 1302 σωτῆρα,
744 1232 835 1284 τὸν
898 1232 1104 1303 ἰατρὸν,
1168 1232 1299 1307 ὑπὲρ
1360 1235 1565 1289 τούτων
1599 1236 1951 1310 εἰσπράττον-

303 1339 393 1372 ται
424 1318 491 1372 τά
532 1316 679 1373 δεινά
706 1341 717 1351 ·
772 1321 1276 1393 προπηλακίζουσι,
1324 1326 1570 1388 παίουσι,
1618 1328 1973 1396 πλήττουσιν

310 1406 633 1479 κολάζουσι,
668 1410 843 1479 ξέουσι
869 1431 881 1443 ·
914 1411 967 1464 τί
999 1411 1059 1464 οὐ
1100 1410 1391 1487 λέγοντες;
1431 1414 1481 1469 τί
1525 1415 1623 1469 οὐκ
1670 1414 1950 1470 ἐπινοοῦν-

304 1517 433 1567 τεςς
466 1498 517 1551 τί
568 1496 629 1552 οὒ
678 1500 1040 1573 πράττοντες;
1086 1500 1139 1555 τί
1192 1501 1289 1556 οὐκ
1336 1501 1796 1577 ἐπεξευρίσκοντες
1841 1510 1948 1561 τῶν

308 1586 409 1641 ὅσα
459 1587 534 1650 είς
582 1586 904 1663 δριμυτέραν
952 1591 1187 1646 κάκωσιν
1237 1594 1325 1647 καὶ
1375 1594 1520 1657 ἀνίας
1573 1594 1945 1669 έπεξεύρεσινς

311 1672 475 1750 βαϐαὶ
506 1680 604 1746 τῆς
638 1678 869 1749 ἀπηνίας
900 1682 910 1735 ί
946 1685 1042 1758 φεῦ
1070 1686 1169 1746 τῆς
1204 1684 1564 1756 θηριομανίας
1594 1686 1605 1740 ί
1641 1684 1786 1746 οἵους
1815 1687 1945 1748 τοὺς

312 1768 537 1836 μισθοὺς
592 1771 672 1839 τῷ
730 1770 1029 1843 θεραπευτῇ
1088 1774 1434 1847 προσήγαγον
1497 1775 1545 1828 οἱ
1604 1770 1944 1848 ἀναϐλέψαν-

307 1876 416 1923 τες,
461 1857 511 1909 οἱ
543 1858 960 1927 εὐακοήσαντες,
1001 1861 1050 1913 οἱ
1085 1859 1557 1933 οἰκοδομηθέντες,
1592 1865 1643 1918 οἱ
1692 1884 1945 1939 καταρτι·
1984 1902 2028 1964 Β

341 1945 396 1964 ΛῙ
634 1945 647 1964 ἳ
722 1948 735 1964 \
922 1955 947 1964 ο
1050 1949 1063 1963 ‘l
1184 1950 1193 1964 1
1351 1953 1363 1964 ι
1439 1952 1451 1964 ι
1552 1950 1597 1964 εκ
1698 1954 1707 1964 ι

308 1945 558 2008 σθέντες⁸
622 1945 738 2000 ἀντὶ
815 1955 982 2019 τιμῆς
1040 1949 1283 2021 ἀτιμίαν,
1343 1952 1454 2005 ἀντὶ
1516 1950 1774 2028 εὐλογίας
1828 1974 1954 2007 κατ-

310 2034 467 2106 άραν,
519 2034 630 2088 ἀντὶ
680 2032 868 2109 δώρων
927 2039 1140 2109 ποινὰς,
1202 2038 1317 2093 ἀντὶ
1364 2042 1761 2112 ἀναπαυστικῆς
1806 2048 1951 2111 ζωῆς

311 2124 407 2177 τὸν
430 2124 756 2197 πικρότατον
794 2125 961 2200 μόρον
992 2129 1105 2200 (40)
1133 2172 1145 2185 .
1191 2128 1359 2183 Φασῖν
1391 2130 1494 2205 γάρ
1527 2132 1689 2186 αὐτὸν
1728 2134 1860 2205 μετά
1888 2134 1949 2187 τὸ

311 2210 532 2274 πολλὰς
590 2214 677 2267 καὶ
730 2213 1056 2285 ἀνηκέστους
1103 2217 1319 2271 ὑποῖται
1370 2219 1645 2290 κολάσεις,
1698 2218 1952 2294 ἐκδεδάρ-

308 2303 398 2355 θαι
433 2302 536 2355 ὑπὸ
569 2307 674 2357 τῶν
708 2299 913 2358 ἀσεϐῶν
946 2306 1020 2369 εἰς
1068 2306 1302 2368 θύλακος
1352 2306 1495 2371 εἶδος
1520 2330 1531 2340 ·
1585 2312 1683 2364 εἶθ’
1732 2310 1951 2385 ὕστερον

310 2391 415 2444 ὑπὸ
464 2394 572 2445 τῶν
631 2398 835 2447 πιστῶν
895 2396 1183 2469 τετάφθαι·
1239 2394 1330 2450 ’ίνα
1384 2399 1650 2453 κάνταῦθα
1694 2399 1952 2474 πρύτανις

306 2479 399 2533 καὶ
433 2480 565 2551 μετά
598 2477 805 2554 πότμον
837 2483 1024 2557 φανείη
1059 2484 1085 2537 6
1122 2484 1289 2560 μέγας
1325 2492 1420 2541 τοῦ
1452 2492 1584 2541 Θεοῦ
1626 2491 1794 2563 κήρυξ
1827 2533 1839 2545 .
1874 2489 1949 2545 Ού

306 2566 409 2640 γάρ
440 2566 554 2622 ἐπεὶ
593 2569 859 2641 μετῆλθεν
888 2577 994 2625 τῶν
1028 2571 1179 2646 τῇδε,
1212 2574 1408 2648 ἠμέλει
1455 2582 1560 2631 τῶν
1602 2578 1949 2650 κτεινάντων,

308 2654 439 2711 ἀλλ’
469 2658 543 2719 ὡς
588 2662 796 2731 ποιμήν
848 2660 1044 2735 ἀγαθὸς
1090 2662 1213 2717 ὅσον
1263 2666 1327 2733 ἦν
1379 2670 1592 2740 καιροῦ,
1644 2666 1950 2738 ἐξεκαλεῖτο

307 2751 426 2805 ταῖς
486 2748 947 2825 θαυματουργίαις
1005 2751 1129 2813 τοὺς
1209 2752 1709 2826 ἀπολισθαίνοντας,
1777 2778 1953 2832 προσ-

308 2841 573 2906 ῳκειοῦτο
630 2842 1039 2913 τερατουργίαις
1098 2843 1224 2902 τοὺς
1281 2844 1798 2919 ἀπεστραμμένους·
1850 2849 1951 2916 τὴν

309 2923 367 2978 δὲ
398 2926 763 3000 θηριότροπον
793 2930 1047 3003 γνώμην,
1078 2932 1175 2999 τὴν
1215 2933 1534 3007 ἀμείλικτον
1580 2932 1828 3011 καρδίαν,
1861 2937 1951 2991 οὐ·

308 3011 416 3076 δὲν,
479 3016 540 3069 τὸ
592 3015 872 3088 ἀνακτοῦν,
925 3018 1078 3074 οὐδὲν
1126 3022 1188 3075 τὸ
1234 3022 1590 3097 ἀνασυράζον,
1658 3024 1819 3094 ἡνίκα
1878 3025 1954 3088 εἷς

313 3104 452 3177 βάθη
488 3109 667 3159 κακῶν
701 3106 782 3176 εἷή
818 3107 1209 3180 ἐμπεπτωκυῖα
1235 3156 1246 3168 .

380 3194 476 3266 ς’.
520 3193 584 3252 Τί
632 3198 734 3270 γάρ
782 3198 847 3250 τὰ
907 3197 1065 3269 έξῆς;
1141 3201 1417 3272 μαίνονται
1474 3203 1608 3258 κατά
1654 3208 1750 3258 τοῦ
1805 3205 1950 3278 ἱεροῦ

306 3280 508 3314 2.,..1..,,..
550 3282 837 3314 -.Ῑ.....---.
889 3288 1271 3314 n...--.-----__-_,
1329 3294 1459 3314 ,,A_\,
1575 3298 1599 3308 -υ
1656 3293 1671 3313 α

306 3378 532 3450 γοῦντος
608 3375 911 3450 λάρνακος¹
973 3380 1388 3455 ἀποπέμπονται
1462 3386 1523 3439 τὸ
1603 3385 1837 3461 ἰατρεῖον
1897 3386 1950 3439 οἱ

306 3464 672 3538 ἀσθενοῦντες,
725 3466 775 3520 οἱ
823 3467 1022 3543 τυφλοὶ
1065 3472 1158 3525 τὸν
1212 3476 1576 3549 χειραγωγὸν,
1611 3475 1662 3529 οἱ
1714 3475 1951 3547 μυωπά-

311 3558 495 3621 ζοντες
534 3554 624 3608 τὸν
660 3553 1000 3630 φωτοδότην,
1060 3561 1110 3612 οἱ
1154 3567 1509 3634 ναυαγοῦντες
1559 3565 1649 3618 τὸν
1695 3560 1951 3637 κυϐερνή-

305 3664 432 3711 την,
474 3644 525 3697 οἱ
584 3645 973 3719 θανατούμενοι
1029 3650 1119 3703 τὸν
1176 3657 1581 3720 ζωοποιοῦντα.
1634 3657 1739 3709 Καὶ
1786 3658 1947 3708 τοῦτο

308 3735 471 3799 πῶςς
524 3731 805 3804 ῥίπτουσιν
855 3737 989 3791 κατά
1029 3741 1248 3812 πόντον,
1301 3744 1373 3805 ὡς
1422 3742 1480 3797 ἃν
1532 3746 1605 3817 μὴ
1658 3742 1745 3809 ε’ίη
1790 3764 1873 3805 τις
1917 3745 1944 3799 6

308 3822 446 3895 πρὸς
512 3820 676 3875 αὐτοῦ
763 3823 1247 3901 εὐεργετησόμενος
1293 3853 1306 3865 ·
1372 3832 1592 3889 τὸιοῦτο
1668 3835 1768 3907 γάρ
1836 3837 1946 3889 τῶν

312 3911 714 3984 βασκαινόντων
760 3916 822 3969 τὸ
868 3914 1060 3985 πάθος,
1123 3919 1263 3991 μηδέ
1327 3924 1424 3990 τὴν
1474 3921 1784 3977 ἐθελούσιον
1846 3923 1947 3979 ἀπ-

310 3998 534 4069 ώλειαν,
570 4004 840 4076 σωτηρίαν
876 4005 1071 4080 ἑτέρων
1104 4009 1453 4084 ἀνεχομένων
1483 4014 1723 4085 γενέσθαι
1755 4016 1893 4086 (41).

381 4088 541 4145 Ἀλλ’
574 4092 600 4145 6
649 4089 735 4145 διὰ
786 4090 950 4149 Δαϐἶδ
999 4095 1278 4171 πόρρωθεν
1324 4101 1713 4177 ἀναφωνήσας·
1764 4105 1849 4159 Ἐν
1880 4106 1949 4177 τῇ

310 4177 554 4253 θαλάσσῃ
618 4183 670 4234 αἱ
732 4180 849 4237 ὁδοί
906 4206 1021 4254 σου,
1069 4188 1157 4241 καὶ
1211 4191 1259 4241 αἱ
1311 4186 1489 4264 τρίϐοι
1542 4213 1635 4246 σου
1684 4192 1735 4247 ἐν
1796 4190 1950 4248 ὕδασι

308 4266 573 4342 πολλοῖς,
631 4270 720 4324 καὶ
768 4273 835 4325 τὰ
882 4271 1017 4352 ’ίχνη
1074 4297 1167 4330 σου
1218 4277 1277 4331 ού
1325 4280 1757 4353 γνωσθήσονται·
1818 4282 1949 4337 κάν-

308 4358 481 4411 ταῦθα
530 4360 628 4427 τὴν
674 4361 837 4435 ὑγρὰν
891 4363 1058 4436 βατήν
1099 4368 1168 4437 τῇ
1245 4366 1466 4441 λάρνακι
1516 4370 1948 4447 παρεσκεύασεν·

308 4447 399 4535 καί
451 4448 477 4500 ὁ
531 4447 733 4523 Πέτρος
784 4451 811 4503 ὁ
865 4454 1034 4527 μέγας
1094 4461 1403 4529 περιπατῶν
1465 4458 1516 4513 ἐν
1572 4465 1641 4534 τῇ
1703 4459 1947 4535 θαλάσσῃ

307 4534 607 4598 καλοῦντος
638 4539 772 4611 πρὸς
806 4540 964 4596 αὐτὸν
999 4545 1240 4617 Χριστοῦ
1291 4546 1460 4622 ἐφάνη
1488 4565 1501 4578 ⁸
1553 4553 1714 4605 τοῦτο
1744 4551 1772 4604 6
1804 4534 1949 4613 θεῖος

2060 611 2402 676 certamina,
2435 610 2694 680 sudores,
2730 609 2954 665 labores
2989 626 3003 663 :
3038 614 3095 664 et
3124 607 3359 679 quidem
3385 608 3445 663 in
3472 609 3625 664 fame
3645 612 3704 663 et

2061 700 2179 765 siti,
2203 700 2260 753 in
2292 699 2501 770 frigore
2523 704 2579 754 et
2610 700 2884 765 unditate,
2937 700 2995 754 in
3028 698 3393 754 contumeliis
3427 702 3484 753 et
3550 714 3696 754 con—

2058 788 2236 854 viciis,
2271 790 2327 843 in
2360 788 2681 843 carceribus
2722 794 2778 843 et
2806 788 3079 857 vinculis,
3112 788 3171 843 in
3202 788 3699 858 persecutionibus

2059 881 2114 932 et
2134 876 2582 931 abductionibus
2613 876 2683 929 de
2714 876 2837 930 loco
2870 877 2932 930 in
2989 875 3203 942 locum,
3237 875 3307 929 de
3349 873 3591 929 civitate
3643 873 3701 927 in

2061 965 2368 1033 civitatem,
2392 965 2463 1020 de
2493 966 2720 1020 theatro
2753 964 2813 1019 in
2847 964 3159 1031 theatrum,
3199 963 3257 1017 in
3301 962 3607 1018 tormentis
3650 967 3709 1018 et

2061 1055 2437 1122 cruciatibus,
2470 1055 2529 1109 in
2559 1055 2713 1110 caede
2754 1054 3005 1124 denique
3036 1058 3092 1108 et
3138 1053 3348 1124 gladio.
3392 1054 3438 1108 Α
3489 1052 3702 1124 quibus

2060 1146 2213 1203 enim
2231 1145 2533 1216 oportebat
2547 1144 2904 1200 remunerari
2922 1144 3263 1214 magistratu
3274 1159 3323 1197 ιη
3331 1147 3702 1213 ,servatorem

2060 1236 2375 1303 medicum,
2406 1235 2480 1290 ab
2512 1234 2607 1289 his
2639 1239 2839 1289 contra
2887 1233 2936 1287 is
2968 1233 3039 1287 ad
3100 1249 3333 1304 pmnam
3365 1231 3648 1303 expetitur
3685 1248 3698 1287 :

2060 1326 2215 1381 hunc
2265 1325 2509 1395 pedibus
2577 1327 2922 1394 proterrent,
2985 1322 3250 1394 pulsant,
3308 1321 3546 1389 feriunt,
3606 1338 3705 1378 ex-

2061 1416 2337 1474 cruciant,
2372 1413 2684 1469 excoriant.
2737 1411 2884 1479 Quid
2938 1428 3053 1467 non
3097 1410 3343 1466 dicunt?
3395 1411 3533 1482 quid
3586 1427 3701 1466 non

2060 1504 2438 1576 excogitant?
2469 1503 2607 1575 quid
2641 1519 2755 1557 non
2830 1500 3165 1557 intentant?
3223 1500 3361 1571 quid
3399 1516 3510 1556 non
3575 1516 3703 1555 mo-

2060 1594 2283 1650 liuntur
2314 1602 2373 1649 ut
2424 1593 2691 1650 acerbius
2734 1580 3156 1661 molestiusque
3216 1590 3509 1645 noceant?
3561 1589 3704 1644 Hem

2058 1684 2337 1739 saevitiam
2363 1683 2375 1737 l
2402 1682 2535 1738 hem
2553 1681 2797 1737 ferinam
2829 1680 3044 1736 rabiem
3069 1682 3079 1735 l
3108 1678 3348 1745 Qualem
3381 1679 3705 1735 mercedem

2059 1773 2385 1844 rependunt
2450 1771 2673 1827 medico
2728 1787 2834 1826 suo
2883 1772 2978 1841 qui
3034 1771 3246 1838 visum,
3279 1768 3380 1840 qui
3438 1768 3701 1823 auditum

2060 1867 2415 1934 receperant,
2450 1864 2550 1933 qui
2589 1861 2895 1916 instaurati
2926 1861 3374 1929 conﬁrmatique
3432 1856 3699 1913 fuerantl

2064 1969 2165 2023 pro
2197 1952 2413 2008 honore
2469 1950 2877 2022 ignominiam,
2919 1966 3021 2021 pro
3070 1948 3472 2005 benedictione
3516 1946 3700 2003 male-

2061 2041 2304 2105 dictum,
2368 2058 2468 2112 pro
2527 2041 2695 2096 donis
2746 2056 2966 2109 pmnas,
3023 2056 3125 2110 pro
3193 2036 3511 2109 tranquilla
3584 2037 3697 2091 vita

2063 2132 2501 2188 acerbissimam
2535 2147 2756 2187 necem.
2816 2130 2994 2185 Aiunt
3046 2128 3240 2200 ipsum
3299 2126 3515 2183 multos
3553 2126 3703 2181 into-

2060 2221 2446 2292 lerandosque
2476 2221 2767 2277 cruciatus
2814 2235 3179 2292 perpessum,
3239 2218 3309 2275 ab
3344 2218 3542 2289 impiis
3603 2232 3704 2272 ex-

2061 2315 2703 2381 coriatuminmodum
2753 2312 2929 2380 follis,
2990 2321 3045 2368 et
3079 2329 3113 2367 a
3180 2311 3451 2366 ﬁdelibus
3507 2318 3707 2382 postea

2062 2404 2377 2476 sepultum,
2412 2408 2475 2459 ut
2504 2404 2639 2459 hinc
2687 2401 2863 2458 etiam
2924 2408 3203 2474 patronus
3262 2405 3393 2471 post
3452 2400 3704 2467 obitum,

2062 2510 2310 2565 magnus
2337 2492 2427 2548 hic
2458 2492 2555 2548 Dei
2584 2490 2925 2563 praedicator
2954 2495 3276 2561 appareret.
3309 2493 3508 2559 Neque
3546 2489 3699 2543 enim

2061 2588 2368 2656 postquam
2384 2583 2518 2638 hinc
2539 2582 2841 2649 abscessit,
2866 2580 3207 2636 carniﬁcum
3232 2594 3474 2633 suorum
3497 2594 3699 2634 curam

2062 2673 2278 2742 omisit,
2319 2671 2423 2727 sed
2460 2672 2637 2727 veluti
2704 2675 2903 2743 pastor
2940 2670 3148 2735 bonus,
3200 2668 3475 2740 prodigiis
3542 2669 3703 2722 omni

2060 2767 2317 2831 tempore
2339 2761 2621 2817 invitabat
2641 2762 2912 2831 perditos,
2939 2760 3010 2814 ad
3034 2775 3097 2814 se
3118 2757 3419 2813 miraculis
3438 2756 3705 2811 trahebat

2062 2868 2315 2909 aversos.
2338 2851 2774 2924 Atquiferinam
2807 2854 3062 2907 mentem
3083 2852 3141 2903 et
3164 2850 3391 2904 immite
3417 2864 3533 2907 cor.
3558 2844 3701 2901 nihil

2061 2942 2271 3012 placat,
2315 2941 2459 2996 nihil
2491 2940 2844 3007 reconciliat,
2887 2940 3063 2997 simul
3126 2956 3192 2995 ac
3221 2938 3281 2994 in
3342 2936 3700 3008 profundum

2067 3031 2311 3089 malitia
2340 3031 2637 3087 deciderit.

2132 3213 2182 3265 6.
2221 3214 2365 3279 Quid
2398 3212 2551 3269 enim
2584 3218 2783 3283 postea
2806 3212 2833 3265 τ
2871 3212 3162 3268 Adversus
3200 3224 3434 3266 sacrum
3486 3223 3700 3277 corpus

306 3280 509 3336 ἐκείνου
548 3282 837 3357 σώματος·
889 3288 1277 3363 θυμομαγοῦσι
1327 3294 1461 3346 κατά
1507 3298 1603 3349 τοῦ
1656 3293 1947 3367 ἷαματουρ-

2062 3300 2385 3367 insaniunt,
2418 3308 2473 3357 et
2503 3307 2704 3357 contra
2734 3317 2946 3367 arcam,
2971 3302 3290 3357 sanitatum
3336 3298 3576 3364 fontem,
3611 3296 3703 3350 fu—

2062 3398 2202 3448 runt
2237 3410 2249 3449 :
2281 3394 2586 3465 expellunt
2607 3394 2897 3450 medicum
2921 3394 3138 3465 egroti,
3172 3390 3307 3448 caeci
3338 3390 3565 3454 ducem,
3597 3403 3705 3441 cae-

2057 3483 2341 3539 cutientes
2388 3484 2861 3553 illuminatorem,
2911 3484 3356 3555 gubernatorem
3412 3477 3705 3547 naufragi,

2059 3573 2344 3645 perempti
2384 3573 2815 3628 viviﬁcatorem.
2842 3574 2909 3627 Et
2938 3570 3233 3643 quomodo
3264 3570 3373 3625 hoc
3393 3569 3421 3624 ‘I
3449 3569 3514 3623 In
3543 3583 3703 3622 mare

2057 3662 2390 3734 projiciunt,
2423 3678 2494 3718 ne
2524 3662 2657 3733 quis
2686 3663 2760 3718 ab
2779 3678 2845 3718 eo
2876 3662 3147 3733 deinceps
3174 3658 3521 3717 beneficium
3545 3658 3698 3713 acci—

2058 3752 2195 3822 piat.
2229 3752 2367 3807 Tale
2398 3751 2554 3807 enim
2596 3758 2681 3808 est
2710 3751 3043 3808 invidorum
3074 3751 3305 3817 vitium,
3347 3752 3411 3804 ut
3466 3746 3555 3802 vel
3593 3762 3697 3802 suo

2058 3840 2389 3897 voluntario
2419 3834 2616 3909 exitio,
2641 3842 2889 3897 alienam
2915 3843 3168 3897 salutem
3200 3840 3484 3910 impedire
3504 3837 3703 3893 velint.

2060 3928 2171 3984 Sed
2203 3930 2300 4000 qui
2334 3947 2434 4001 per
2462 3932 2739 3986 Davidem
2770 3932 2907 3987 olim
2960 3931 3309 3987 clamaverat
3340 3928 3385 3963 ³⁰
3415 3929 3516 3983 :In
3556 3926 3705 3980 mari

2060 4021 2166 4076 υἱέε
2196 4027 2332 4090 tuae,
2362 4028 2414 4075 et
2443 4024 2653 4079 semitas
2684 4028 2795 4080 tuae
2826 4026 2885 4077 in
2917 4024 3076 4093 aquis
3104 4020 3314 4080 multis,
3364 4021 3419 4073 et
3473 4018 3707 4088 vestigia

2061 4116 2158 4163 tua
2179 4125 2289 4164 non
2318 4116 2744 4180 cognoscentur;
2782 4128 2938 4167 nunc
2987 4125 3218 4182 quoque
3266 4107 3561 4164 marinum
3592 4107 3673 4161 hu
3693 4135 3707 4148 -

2060 4214 2278 4255 morem
2312 4216 2456 4255 arcis
2488 4201 2833 4272 gradibilem
2878 4201 3030 4257 fecit.
3088 4201 3155 4256 Et
3187 4215 3430 4271 magnus
3462 4197 3699 4269 quidem

2062 4288 2262 4344 Petrus
2284 4288 2343 4343 in
2363 4290 2508 4346 mari
2538 4289 2857 4357 ambulare,
2884 4294 3125 4346 vocante
3144 4303 3278 4344 eum
3302 4287 3373 4343 ad
3392 4302 3454 4343 se
3474 4284 3701 4340 Christo

2061 4383 2505 4448 conspectusest
2526 4378 2573 4413 ⁸⁵
2606 4395 2618 4434 :
2652 4380 2925 4451 idemque
2954 4379 3160 4434 fecisse
3207 4384 3439 4449 apparet
3461 4376 3706 4431 Bartho-

2061 4468 2335 4524 lommum
2358 4468 2415 4524 in
2449 4485 2580 4526 arca
2610 4470 2890 4541 reliquias
2912 4485 3049 4526 suas
3080 4472 3365 4541 gestante,
3400 4467 3593 4539 quasi,
3617 4466 3700 4521 in-

2063 4573 2262 4628 quam,
2297 4559 2545 4627 pedestri
2575 4558 2782 4616 itinere
2811 4559 3029 4616 ﬂuctus
3061 4558 3339 4616 calcasse.
3373 4557 3417 4613 Ο
3454 4556 3711 4612 miracu-

308 4626 727 4721 Βαρθολομαῖος
761 4628 973 4721 ᾦξε-τῇ
1009 4631 1392 4714 λειψανοφόρῳ
1433 4639 1661 4714 λάρνακι
1706 4642 1947 4711 πεζεύων

2061 4626 2217 4704 lum!
2253 4626 2533 4721 oigrande
2589 4649 2971 4721 portentum!
3031 4649 3260 4705 Etenim
3292 4664 3362 4704 ex
3419 4648 3707 4702 Armenia;

307 4715 447 4769 κατά
502 4719 763 4790 κυμάτων
816 4717 1081 4776 δέδεικται
1108 4765 1120 4779 .
1153 4726 1217 4778 Ὠ
1260 4730 1359 4780 τοῦ
1398 4727 1718 4801 θαύματοςί
1766 4728 1810 4785 ὣ
1848 4733 1948 4800 τῆς

312 4804 754 4895 μεγαλουργίαςί
807 4807 1110 4884 ἐξορμήσας
1153 4815 1253 4888 γὰρ
1314 4814 1371 4869 ἐκ
1413 4821 1521 4872 τῶν
1572 4822 1772 4895 χώρων
1823 4821 1945 4895 Ἀρ-

319 4894 502 4967 μενίας
549 4898 583 4964 ἡ
636 4894 829 4971 λάρναξ
879 4899 969 4953 σὺν
1017 4900 1293 4977 τέσσαρσιν
1350 4915 1701 4982 μαρτυρικοῖς
1752 4907 1945 4971 ἀλλοις

306 4982 388 5075 sgf
448 4984 665 5056 ὁμοίαις
734 4992 851 5049 ταῖς
910 4993 1324 5067 σημειουργίαις
1410 4995 1761 5075 ἐκριφείσαις,
1856 4999 1945 5053 καὶ

307 5070 398 5126 διὰ
454 5080 554 5142 τῆς
612 5074 777 5145 αὐτῆς
850 5076 1125 5151 θαλάσσης
1188 5084 1508 5161 ἀμφοτέρων
1595 5108 1945 5163 ποντοπορη-

307 5161 531 5231 σάντων,
599 5170 1024 5241 προηγουμένων
1082 5177 1188 5225 τῶν
1272 5175 1567 5250 τεττάρων,
1619 5178 1707 5231 καὶ
1762 5179 1945 5248 ζοὶονεὶ

306 5252 671 5326 ὀψικευόντων
725 5258 803 5327 τῷ
861 5260 1207 5335 Ἀποστόλῳ,
1265 5264 1531 5329 ἐκκλινεῖς
1590 5268 1657 5323 τά
1700 5266 1948 5326 ἐπέκεινα

377 5409 423 5443 ³ο
463 5409 615 5466 Psal.
650 5428 831 5484 Lxxvr,
862 5416 953 5471 20.
1032 5418 1074 5452 ²¹
1108 5417 1312 5474 Matth.
1344 5438 1460 5491 xiv,
1490 5425 1581 5483 28.

378 5556 493 5642 (40)
659 5562 940 5642 nonnulla
979 5572 1311 5642 sequuntur
1349 5570 1409 5623 in
1467 5570 1945 5642 interpretatione

303 5628 618 5707 Anastasii,
651 5633 1039 5707 quea‘Gracus
1061 5628 1242 5693 codex
1266 5638 1579 5699 Vaticanus
1612 5628 1944 5707 nuntiabat:

378 5698 486 5775 (41)
516 5698 756 5760 Videtur
779 5703 942 5765 locus
982 5722 1225 5768 sensum
1256 5726 1432 5785 quem
1463 5698 1571 5773 nos
1602 5698 1947 5792 scripsimus

2055 4738 2228 4793 terris
2251 4738 2557 4794 discedens
2588 4755 2721 4794 arca
2759 4756 2894 4795 cum
2932 4738 3062 4795 aliis
3095 4742 3418 4810 martyrum
3447 4740 3705 4807 quatuor

2056 4828 2128 4883 ob
2162 4825 2321 4896 paria
2348 4826 2625 4882 miracula
2642 4827 2861 4897 ejectis,
2893 4831 2950 4883 et
2969 4826 3123 4883 idem
3150 4840 3309 4881 mare
3332 4823 3702 4879 sulcantibus

2056 4915 2518 4987 praecedentibus
2538 4914 2630 4971 his
2653 4920 2904 4987 quatuor
2920 4920 2976 4971 et
3014 4915 3180 4989 quasi
3203 4913 3548 4984 obsequium
3571 4928 3703 4983 apo-

2055 5006 2203 5062 stolo
2234 5006 2646 5077 prabentibus,
2682 5011 2923 5061 ventum
2968 5009 3080 5071 est,
3121 5003 3411 5059 declinata
3434 5001 3706 5074 superius

2055 5094 2277 5161 Sicilia,
2307 5095 2378 5149 ad
2410 5092 2663 5150 insulam
2696 5095 2933 5151 nomine
2993 5093 3274 5165 Liparim,
3300 5096 3359 5148 et
3413 5090 3703 5164 Agathoni

2055 5185 2417 5241 sanctissimo
2448 5185 2569 5240 illic
2604 5186 2874 5258 episcopo
2908 5202 3009 5256 per
3054 5185 3243 5240 visum
3271 5187 3515 5241 ostensae
3547 5186 3705 5237 sunt.

2060 5274 2201 5341 Quis
2239 5290 2499 5346 unquam
2532 5276 2717 5332 audiit
2748 5280 2975 5332 tantum
3008 5273 3354 5330 miraculum
3376 5271 3405 5328 Ἰ
3458 5271 3565 5329 Cui
3596 5272 3706 5328 tale

2057 5576 2373 5705 cpiosttulare.
2400 5580 2598 5636 Greca
2627 5583 2822 5635 tamen
2854 5580 3028 5637 verba
3086 5598 3199 5638 non
3262 5582 3404 5638 satis
3464 5596 3703 5654 responn

2099 5665 2169 5704 en
2205 5692 2217 5705 .

2099 5665 2217 5705 ent.
