4090 6288
455 345 574 406 799

1703 341 1768 400 S.
1815 336 2212 400 THEODORI
2258 332 2620 396 STUDITIE

3725 318 3839 378 800

457 481 806 548 tantumque
837 477 1164 550 prodigium
1190 474 1485 531 innotuit?
1513 473 1859 530 Miracqum
1890 488 2093 527 cumu-

2227 464 2470 527 Σικελίας
2497 463 2634 537 πρὸς
2666 461 2765 527 τήν
2796 462 2894 526 τῆς
2939 454 3226 529 Λιπάρεως
3274 447 3618 521 καλουμένην
3670 465 3840 517 νησον,

459 568 613 624 latur
659 567 958 623 miraculo.
1023 566 1246 638 Quippe
1270 571 1396 621 orat
1426 562 1672 638 (λιπαρεῖ
1719 567 2106 634 congruenter

457 675 562 712 suo
586 658 831 727 nomini)
862 657 1058 713 insula
1089 656 1283 713 tacitis
1319 657 1566 711 fortasse
1603 658 1665 709 ut
1701 652 1975 710 credibile
2025 659 2105 706 est

457 747 694 802 vocibus
733 746 996 802 clamans
1046 747 1130 801 sic
1167 744 1339 800 :Veni
1381 745 1452 800 ad
1477 760 1571 798 me
1611 741 2104 815 pauperculam,o

459 838 618 896 dives
650 837 1006 897 sanctissimi
1051 836 1302 907 Spiritus
1361 835 1672 889 thesaure:
1708 832 1835 887 veni
1894 831 1966 886 ad
2019 846 2107 885 me

460 931 839 1004 indigentem,
871 947 903 984 ο
927 929 1181 999 pretiosa
1205 924 1514 996 margarita
1547 939 1560 977 :
1587 923 1722 979 veni
1752 923 1826 977 ad
1856 936 1947 976 me
1965 936 2107 989 sup-

463 1019 688 1088 plicem,
722 1028 781 1075 tu
840 1020 932 1090 qui
967 1018 1038 1073 ab
1087 1015 1219 1071 aliis
1277 1013 1650 1085 iniquissime
1693 1011 1975 1081 expulsus
2007 1024 2102 1063 es:

462 1123 690 1163 mecum
724 1107 947 1174 habita,
1006 1109 1062 1159 et
1113 1101 1540 1158 habitatoribus
1613 1099 1903 1154 afﬂuam:
1951 1111 2108 1152 meas

463 1198 636 1252 urbes
669 1200 827 1251 tuere
857 1199 913 1250 et
946 1192 1144 1265 p0puli
1165 1189 1543 1246 multitudine
1574 1187 1916 1243 abundabo:
1941 1189 2108 1240 tuum

464 1287 607 1342 mihi
638 1302 852 1342 nomen
883 1283 1157 1352 inscribe,
1192 1286 1248 1336 et
1267 1280 1487 1351 ubique
1547 1283 1836 1334 terrarum
1865 1274 2110 1331 celebris

472 1375 632 1431 fiam.
667 1375 772 1430 Alii
805 1379 863 1430 te
893 1373 1176 1428 luminare
1205 1369 1572 1441 eXpulerunt,
1607 1375 1698 1422 ast
1724 1381 1830 1437 ego
1859 1363 2113 1420 tenebri-

464 1481 600 1522 cosa
631 1464 1016 1520 tuumlumen
1049 1465 1253 1533 exopto
1297 1477 1310 1514 :
1337 1459 1436 1515 alii
1465 1463 1568 1513 tua
1587 1457 1852 1514 vivorum
1880 1469 2110 1509 sermo-

468 1571 607 1609 num
636 1570 834 1609 mensa
865 1552 1020 1608 fruiti
1063 1555 1216 1615 sunt,
1253 1557 1340 1605 ast
1388 1563 1492 1620 ego
1548 1543 1804 1615 reliquiis
1834 1543 1975 1610 tuis,
2005 1556 2105 1596 ceu

469 1643 710 1699 catellus
741 1642 928 1709 micis,
961 1642 1142 1696 inhio.

2219 555 2288 612 δι’
2335 551 2731 624 ἀποκαλύψεως
2779 551 2876 601 τοῦ
2915 538 3167 615 τηνικάδε
3230 541 3649 596 ἑπισκοποῦντος
3694 537 3842 589 ὁσιω-

2214 649 2378 702 τάτου
2409 623 2722 718 Ἀγάθωνος
2775 636 3043 712 ὁρώμεναι
3069 677 3080 689 .
3131 631 3216 692 Τίς
3251 628 3548 698 ἠκουτίσθη
3591 623 3846 694 κηλικοῦ-

2215 757 2305 790 τον
2356 715 2812 808 τερατούργημα;
2859 725 2942 786 τίς
3001 718 3266 795 ἓδιδάχθη
3325 715 3668 786 τηλνκαύτην
3725 716 3846 769 θαυ-

2222 800 2596 898 ματουργίαν,
2633 800 2839 888 ’θαῦμα
2885 813 2935 868 ἐν
2985 809 3258 882 θαύματι·
3314 805 3538 878 λιπαρεῖ
3596 805 3707 873 (42)
3737 800 3844 898 ,γὰρ

2219 916 2335 968 οἷον
2368 914 2403 981 ἡ
2433 910 2753 987 φερώνυμος
2807 911 2991 972 νῆσος,
3039 902 3262 954 τοιαῦτα
3307 895 3475 969 τυχὸν
3509 893 3644 967 πρὸς
3694 890 3844 946 αὐτὸν

2218 979 2520 1071 ἀλαλήτοις
2581 1001 2785 1075 φωναῖς
2844 987 3160 1049 ἐπιϐοῶσα·
3225 991 3390 1060 Δεῦρο
3445 981 3584 1058 πρός
3645 1001 3709 1054 με
3757 979 3848 1046 τήν

2219 1067 2609 1165 πτωχεύουσαν
2655 1088 2682 1141 6
2733 1076 3049 1160 τρισόλϐιος
3108 1076 3379 1150 θησαυρὸς
3453 1077 3553 1128 τοῦ
3606 1067 3850 1142 παναγίου

2220 1157 2522 1254 πνεύματος
2547 1199 2557 1212 ’
2592 1175 2750 1249 δεῦρο
2770 1157 2915 1246 ’πρός
2950 1192 3016 1244 με
3043 1171 3144 1238 τὴν
3175 1164 3467 1243 ἀγέραστον
3488 1163 3520 1254 6
3553 1157 3850 1254 πολυτίμη-

2219 1294 2312 1335 τος
2356 1248 2750 1344 ’μαργαρίτηςο
2801 1260 2959 1332 δεῦρο
3015 1259 3150 1333 πρός
3213 1275 3279 1328 με
3321 1255 3421 1344 τήν
3485 1248 3853 1344 δυσωπητριαν

2222 1364 2250 1416 ὁ
2305 1334 2458 1431 παρ’.
2490 1334 2674 1412 mm
2730 1350 3190 1424 ἀποπεμπόμενος
3239 1343 3594 1417 ἆνομόταταο
3673 1334 3858 1391 ἐνοικί-

2222 1450 2378 1521 σθητί
2438 1468 2555 1520 μοι,
2606 1445 2696 1500 καὶ
2745 1440 3248 1510 πολοικισθήσομαι
3284 1453 3296 1466 ·
3349 1427 3730 1504 πολιούχησόν
3775 1446 3853 1499 με,

2221 1542 2310 1596 καὶ
2369 1533 3037 1611 πολυανθρωπισθήσομαι
3073 1545 3086 1560 ⁸
3153 1518 3547 1590 όνοματίσθητί
3618 1537 3729 1588 μοι,
3774 1512 3853 1568 καὶ

2221 1633 2503 1703 πανταχοῦ
2536 1625 2956 1697 ἐξηγηθήσομαι
2981 1639 2994 1652 ⁸
3057 1619 3108 1671 o't
3149 1613 3312 1670 ἄλλοι
3368 1633 3425 1665 σε
3466 1609 3558 1664 τὸν
3609 1609 3854 1682 φωστῆρα

471 1730 782 1802 ἀπώσαντο,
829 1729 953 1786 ἀλλ’
1023 1729 1133 1806 ἐγώ
1181 1750 1277 1784 σου
1327 1733 1422 1783 τοῦ
1472 1730 1641 1804 φάους
1708 1728 1924 1808 ἐφίεμαι
1985 1729 2020 1796 ἡ
2065 1723 2433 1798 στυγνάζουσα
2465 1735 2476 1746 ·
2531 1716 2584 1770 οἱ
2632 1711 2796 1768 ἄλλοι
2848 1731 2943 1764 σου
2990 1714 3092 1776 τῆς
3149 1702 3424 1781 τραπέζης
3483 1701 3592 1754 τῶν
3653 1695 3854 1763 ζώντων

471 1818 652 1895 λόγων
685 1820 1145 1891 ἄπολελαύκασιν,
1180 1817 1306 1875 ἄλλ’
1337 1818 1443 1893 ἐγώ
1475 1800 1569 1873 σου
1597 1823 1703 1874 τῶν
1738 1800 2004 1892 λειψάνων
2033 1817 2107 1876 ὼς
2141 1813 2393 1886 κυνάριον
2427 1805 2750 1881 ψιχίσασθαι
2782 1800 3056 1876 γλίχομαι
3085 1839 3096 1852 .

542 1913 598 1967 7.
627 1915 766 1968 Post
797 1913 927 1973 ista.
961 1918 1196 1967 caeteros
1240 1917 1522 1982 martyres
1545 1910 1707 1982 quasi
1739 1926 1878 1966 suos
1926 1909 2114 1979 stipa—
2145 1909 2192 1974 B

471 2004 626 2057 tores
653 2009 804 2056 retro
838 2001 1129 2073 ablegavit
1159 2000 1481 2072 apostolus,
1516 2016 1696 2056 unum
1753 1999 1985 2070 quidem
2013 2012 2114 2052 no-

477 2091 635 2146 mine
674 2091 963 2162 Papinum
996 2090 1177 2162 Mylas
1244 2091 1446 2145 urbem
1471 2089 1672 2145 Siciliae
1705 2089 1860 2144 misit
1893 2105 1905 2143 :
1933 2086 2113 2142 alium

478 2181 572 2236 cui
603 2197 815 2236 nomen
844 2182 1120 2247 Luciano,
1154 2182 1478 2236 Messanam
1513 2197 1526 2236 :
1569 2180 1716 2235 duos
1747 2178 1998 2249 reliquos
2043 2176 2114 2231 ad

476 2271 750 2328 Calabriae
771 2270 982 2339 littora,
1007 2271 1345 2342 Gregorium
1369 2269 1828 2336 urbiColumnae,
1846 2266 2117 2322 Acacium

478 2360 610 2416 urbi
639 2361 786 2418 Cale
820 2361 1116 2432 appellatae
1147 2359 1448 2416 destinavit
1481 2375 1495 2413 :
1531 2363 1595 2414 ut
1635 2356 1850 2429 singuli
1871 2357 1930 2411 in
1989 2355 2114 2411 sin-

476 2451 630 2522 gulis
687 2449 913 2520 oppidis
961 2449 1284 2505 incolarum
1353 2449 1541 2504 forent
1580 2450 1952 2518 protectores,
2013 2443 2114 2498 ubi

477 2555 680 2610 reapse
701 2541 772 2593 ad
807 2538 966 2594 hunc
998 2555 1179 2610 usque
1203 2539 1356 2594 diem
1378 2537 1676 2594 beneﬁciis
1699 2534 2110 2590 inclarescunt.

475 2627 606 2699 Ipse
635 2635 830 2683 autem
873 2627 1351 2694 Bartholomaaus,
1384 2635 1657 2696 tanquam
1708 2641 1808 2680 rex
1861 2622 2112 2695 propriis

472 2717 697 2774 laribus
730 2719 787 2773 in
813 2735 951 2790 pace
985 2717 1222 2789 politus,
1265 2718 1335 2773 ad
1367 2719 1668 2773 vocantem
1709 2731 1768 2770 se
1805 2713 2013 2769 urbem
2048 2728 2113 2766 ac

473 2809 668 2876 cessit,
700 2809 801 2864 ubi
839 2807 1145 2879 splendide
1175 2814 1440 2876 receptus
1469 2805 1598 2873 fuit,
1633 2803 1838 2859 multis
1869 2818 2003 2858 cum
2036 2802 2113 2855 fa-

471 2898 636 2953 cibus
665 2898 959 2964 odoribus,
1004 2897 1239 2968 hymnis
1270 2913 1304 2952 a
1333 2895 1562 2951 cunctis
1594 2893 1815 2949 civibus
1853 2891 1966 2962 ipsi
2008 2890 2113 2945 lae-

471 2994 665 3046 tanter
693 2991 1153 3046 occurrentibus.
1193 2989 1473 3058 Deinceps
1505 3002 1636 3041 vero
1678 2984 1832 3039 haud
1865 2981 2112 3038 ulterius

470 3095 603 3134 arca
633 3080 1015 3149 procedebat;
1050 3094 1186 3134 nam
1226 3075 1595 3133 trahentibus
1624 3073 1764 3138 illis,
1800 3072 1931 3142 ipsa
1989 3077 2115 3125 erat

474 3167 813 3224 immobilis.
845 3168 1103 3223 Tristitia
1129 3167 1338 3236 gaudio
1370 3162 1654 3220 successit
1686 3179 1700 3217 :
1732 3161 1791 3215 in
1823 3159 2115 3216 anxietate

470 3262 594 3312 erat
617 3258 877 3329 populus.
901 3258 1011 3314 Sed
1031 3273 1152 3312 rem
1166 3257 1473 3326 expetitam
1508 3251 1838 3341 impetravit
1862 3267 1875 3306 :
1897 3249 2113 3305 etenim
2148 3274 2190 3341 ρ

473 3347 647 3416 Prope
674 3351 749 3402 est
783 3347 1050 3404 Dominus
1080 3345 1461 3402 invocantibus
1482 3359 1607 3399 eum
1627 3342 1695 3396 ³³.
1718 3340 1957 3396 Duabus
1979 3355 2112 3408 ergo

478 3450 674 3490 arcam
705 3434 1075 3492 trahentibus
1106 3437 1286 3492 castis
1317 3432 1569 3497 baculis,
1591 3431 1709 3486 illic
1726 3431 1976 3500 reposita
2003 3432 2115 3497 est,

477 3523 576 3579 ubi
605 3541 833 3581 sacrum
865 3525 981 3581 divi
1013 3525 1298 3597 templum
1334 3523 1526 3579 statim
1560 3521 1665 3577 fuit
1714 3519 2063 3574 aediﬁcatum
2101 3533 2114 3571 :

475 3629 590 3684 quo
607 3613 700 3668 vix
730 3614 1023 3683 absoluto,
1054 3616 1262 3686 ingens
1293 3611 1647 3668 miraculum
1681 3607 1941 3679 contigit.
1977 3607 2118 3662 Nam

475 3718 609 3759 cum
631 3702 950 3771 Vulcanus,
985 3708 1048 3758 ut
1079 3702 1394 3774 appellant,
1413 3715 1558 3773 pene
1584 3699 1786 3755 insula
1808 3696 2116 3767 contiguus

470 3792 680 3849 incolis
713 3794 924 3850 damno
947 3801 1120 3862 esset,
1152 3791 1432 3848 invisibili
1479 3805 1735 3856 recessu,
1789 3787 1954 3859 quasi
1987 3801 2116 3856 per-

474 3886 722 3951 tractus,
764 3881 970 3938 stadiis
1010 3887 1234 3954 septem
1291 3883 1352 3936 in
1393 3880 1630 3952 pelagus
1680 3894 1742 3934 se
1799 3876 2114 3940 subduxit;

475 3972 629 4042 quod
663 3970 1010 4027 miraculum
1042 3976 1226 4027 tractu
1268 3970 1368 4026 illo
1400 3968 1565 4042 quasi
1597 3965 1921 4023 recedentis
1953 3962 2115 4018 ﬂuvii

477 4077 660 4134 usque
686 4062 758 4118 ad
790 4061 941 4119 hanc
972 4063 1126 4118 diem
1160 4061 1521 4133 praedicatur.

549 4241 604 4294 8.
636 4239 808 4296 Porro
875 4245 1014 4312 quot
1060 4245 1119 4297 et
1157 4244 1378 4313 quanta
1435 4239 1708 4310 deinceps
1776 4233 2119 4292 mirabiliter

479 4337 747 4399 operatus
777 4328 872 4397 sit,
923 4337 1022 4386 aut
1090 4331 1231 4386 mira
1281 4329 1499 4386 faciens
1531 4329 1807 4384 hactenus
1847 4326 2120 4396 operetur

477 4418 628 4473 circa
647 4432 745 4473 eos
767 4419 867 4488 qui
899 4419 1144 4474 diversis
1178 4418 1560 4490 languoribus
1590 4421 1646 4472 et
1672 4412 2116 4470 infirmitatibus

477 4507 741 4564 obstricti
760 4508 829 4562 ad
854 4508 1047 4578 ipsum
1072 4509 1182 4564 tide
1209 4508 1573 4579 confugiunt,
1592 4522 1695 4562 nec
1720 4501 2114 4561 necessarium

476 4601 561 4652 est
590 4596 781 4652 dicere
812 4596 883 4652 ob
943 4599 1331 4670 prolixitatem
1359 4597 1514 4668 [Vat.
1550 4597 1670 4652 Lat.
1716 4589 2107 4667 prolixionem]

472 4690 776 4754 tractatus,
809 4703 912 4742 nec
942 4665 1282 4744 incredibile
1310 4665 1592 4755 audienti,
1625 4665 1757 4742 cum
1791 4684 2003 4756 pignus
2049 4696 2114 4735 ex

2228 4669 2502 4745 ἐνέχυρον,
2557 4669 2654 4721 τοῦ
2695 4665 2719 4719 ἐ

473 4791 590 4832 uno
609 4775 821 4832 habeat
843 4774 1089 4832 aliorum
1144 4777 1532 4834 exhibitiones
1589 4774 1732 4830 mire
1798 4780 2113 4845 gestorum.

546 4893 593 4927 ³³
629 4892 785 4949 Psal.
816 4908 998 4961 chiv,
1027 4894 1120 4950 28.

2296 1904 2363 1970 ζ’.
2629 1898 2794 1949 ταῦτα
2853 1889 3035 1963 ὥσπερ
3086 1888 3236 1948 τινὰς
3287 1884 3649 1962 δορυφόρους,
3700 1878 3856 1936 ἄλλον

2232 1990 2485 2063 ἄλλοιχοῦ
2515 1989 2624 2041 τῶν
2672 1980 2957 2056 μαρτύρων
3009 1978 3085 2040 εἷς
3133 1975 3380 2031 τούπίσω
3430 1970 3854 2047 παραπεμψάμευ

2229 2101 2320 2141 νος
2348 2057 2770 2136 ὁἾΑπόστολος,
2798 2075 2891 2127 τόν
2927 2069 3020 2142 μὲν
3053 2065 3293 2122 Παπίνον
3343 2066 3464 2138 (43)
3503 2059 3742 2133 τοῦνομα
3789 2057 3854 2117 εἷς

2231 2168 2412 2228 Μειλὰ
2443 2167 2520 2239 (r)
2537 2165 2635 2233 τὴν
2666 2161 2826 2216 πόλιν
2861 2155 3110 2217 Σικελίας
3140 2172 3154 2186 ”
3183 2155 3273 2210 τὸν
3301 2151 3359 2208 δὲ
3389 2152 3444 2207 ἐν
3469 2151 3724 2222 Μεσσήνῃ
3743 2155 3864 2239 [tou-

2227 2257 2410 2315 κιανὸν
2568 2230 2804 2322 κλήσει⁹
2857 2245 3107 2320 ἑκάτερον
3160 2243 3224 2298 αὖ
3270 2263 3329 2298 τε
3378 2241 3434 2296 έν
3477 2244 3546 2314 τῇ
3601 2230 3853 2308 Καλαϐρί-

2225 2346 2334 2403 τιδι
2363 2325 2526 2422 γαίᾳτ·
2577 2339 2874 2416 Γρηγόριον
2929 2337 3021 2410 μὲν
3068 2333 3120 2390 ἐν
3175 2331 3443 2422 Κολύμνῃ
3477 2332 3545 2401 (ε)
3575 2325 3849 2422 τῇῌπόλει·

2227 2407 2480 2494 Ἀκάκιον
2511 2431 2567 2487 δὲ
2751 2407 2939 2488 Κάλας.
2962 2429 3026 2499 (ι)
3072 2420 3424 2494 καλουμένην
3460 2439 3473 2452 ·
3527 2419 3601 2478 ὡς
3651 2416 3708 2470 ἂν
3751 2407 3853 2468 ἕκα-

2227 2547 2350 2588 στος
2408 2525 2458 2579 ἐν
2515 2521 2709 2594 ἑκάστῃ
2838 2513 3214 2590 προασπιστής
3261 2513 3370 2565 τῶν
3429 2507 3751 2579 οἰκητόρων,
3787 2499 3851 2555 οτί-

2226 2636 2324 2689 περ
2357 2615 2443 2669 καὶ
2509 2592 2694 2685 μέχρι
2734 2609 2974 2680 τήμερον
3027 2600 3434 2673 διαλάμπουσιν
3487 2601 3607 2658 ταῖς
3651 2592 3848 2648 ἐπικου-

2227 2706 2370 2781 ρίαις
2399 2725 2411 2737 ο
2444 2701 2626 2768 αὐτὸς,
2659 2699 2733 2758 ὡς
2766 2695 2824 2750 ἄν
2857 2715 2941 2756 τις
2997 2689 3252 2768 βασιλεὺς
3286 2687 3492 2748 οἰκείας
3550 2678 3849 2747 ἀναπαύλης

2229 2765 2710 2868 μεταληψόμενος,
2769 2765 3168 2859 προσώρνμησεν
3220 2783 3289 2852 τῇ
3353 2773 3621 2868 καλούσῃ,
3678 2765 3847 2868 ὕπεδέῖ

2228 2853 2337 2960 ὅςθη
2369 2853 2678 2958 περιφανῶς
2711 2853 2947 2934 πολλοῖς
2966 2853 3352 2944 λαμπτῆρσιν,
3394 2861 3650 2922 εὐωδίαις
3676 2880 3731 2914 τε
3769 2853 3849 2960 καὶ

2231 2942 2269 2960 η.
2326 2942 2337 2954 .
2443 2942 2451 2956 .
2511 2942 2522 2958 .
3062 2942 3069 2944 τ

2226 2970 2605 3046 ὑμνολογίαις,
2663 2964 2914 3022 ἀπάντων
2965 2964 3071 3014 τῶν
3119 2959 3287 3013 ἐκεῖσε
3342 2950 3753 3021 ὑπαντησάντων
3806 2942 3850 2996 ἒν

2224 3034 2546 3136 άξαλλιάσει
2574 3034 2601 3115 ,ν
2619 3057 2687 3112 Τὸ
2743 3052 2800 3108 δὲ
2848 3052 2970 3122 ἑξῆς
3017 3049 3077 3103 ού
3122 3045 3386 3136 προῄειῂ
3416 3041 3615 3116 λάρναξ
3643 3060 3656 3072 ο
3687 3037 3736 3091 οἱ
3769 3034 3849 3106 μὲν

2222 3153 2324 3228 γὰρ
2357 3147 2564 3216 εἷλκον,
2595 3149 2630 3215 ἡ
2674 3143 2731 3199 δὲ
2777 3144 2844 3212 ἧν
2873 3139 3168 3208 άπίνητος’
3218 3130 3488 3204 διεδέξατο
3537 3132 3599 3185 τὸ
3652 3142 3850 3197 περιχα-

2348 3242 2382 3308 ἡ
2417 3214 2561 3307 λύπη
2590 3214 2690 3289 ’γέν
2737 3229 2939 3302 ἀπορίᾳ
2966 3229 2994 3282 6
3027 3225 3197 3314 1169'
3249 3221 3508 3314 ἐπέτυχεν
3557 3219 3617 3272 τὸ
3663 3214 3851 3314 ἐξευρε-

2226 3301 2311 3384 bis
2337 3301 2584 3403 ’.Ἐγγύς
2613 3325 2714 3400 γὰρ
2755 3301 2948 3395 Σύριος
2996 3321 3112 3378 τοῖς
3164 3309 3619 3382 ἐπικαλουμένοις
3667 3301 3847 3403 αὐτόν·

2227 3416 2323 3474 δύο
2380 3390 2555 3471 τοίνύν
2607 3390 2909 3486 δαμάλεσιν
2964 3407 3148 3480 ἁγναῖς
3197 3399 3571 3475 ἀναληφθεῖσα
3615 3390 3848 3486 due-1691].

2227 3507 2350 3562 ἔνθα
2382 3507 2410 3561 6
2441 3505 2586 3579 ἱερὸς
2626 3480 2790 3555 αύτοῦ
2839 3499 2992 3556 οἶκος
3029 3492 3228 3548 αὐτίκα
3269 3485 3550 3556 ἐνιδδύνθη
3573 3502 3585 3515 ·
3636 3482 3721 3579 καὶ
3750 3480 3848 3579 ἅμα

2224 3603 2305 3669 τῷ
2335 3596 2683 3670 ἀπαρτισμῷ,
2712 3589 2804 3646 καὶ
2852 3585 2915 3642 τὰ
2971 3587 3152 3657 θαῦμα
3201 3579 3428 3651 ἐξαίσιον
3456 3596 3473 3610 ο
3520 3571 3702 3639 ἐπειδὴ
3747 3567 3848 3622 τοί·

2226 3657 2318 3741 νυν
2352 3687 2380 3741 ὁ
2411 3657 2748 3756 καλούμενος
2782 3674 3091 3736 Βουλκάνος
3121 3667 3423 3746 ἔχέκολλος
3455 3665 3533 3720 ὢν
3575 3657 3758 3737 σχεδὸν
3787 3657 3846 3726 τῇ

2226 3779 2399 3848 νήσῳ,
2463 3750 2764 3849 βλατὶτικὸς
2817 3767 3063 3840 ὑπῆρχεν
3114 3766 3230 3822 τοῖς
3275 3757 3605 3832 περιοίκοις,
3649 3750 3847 3849 ἀπωστο

2228 3864 2454 3940 ἀορασίᾳ
2501 3861 2591 3916 καὶ
2632 3862 2745 3914 οἷον
2799 3853 3086 3928 ἀπόσυρεὶς
3137 3849 3395 3920 ὑπεξέστη
3448 3841 3688 3903 σταδίοις
3730 3833 3847 3891 ἒπτᾶ

3374 3933 3399 3940 η
3776 3922 3786 3940 1

2226 3922 2362 4029 πρΙὸς
2393 3922 2589 4007 πόντον
2651 3949 2764 4020 (44)
2810 3945 2907 4000 τόὖ
2955 3922 3313 4016 παρασυρμοῦ
3361 3933 3544 4007 ὥσπερ
3593 3922 3847 4029 ποταμίου

2228 4016 2494 4120 ῥεύματος
2530 4016 2694 4115 μέχρι
2725 4016 2826 4106 τῆς
2858 4035 3098 4108 σήμερον
3127 4030 3190 4085 τὸ
3237 4029 3419 4099 θαῦμα
3467 4016 3846 4092 ἀνακηρύττον-

2225 4155 2340 4197 τος.

2298 4189 2373 4278 ’ἰὰ
2433 4222 2718 4295 μετέπειτα
2774 4217 2890 4289 (45)
2949 4211 3047 4266 ὅσα
3103 4208 3193 4264 καὶ
3251 4205 3421 4295 ἡλίκα
3478 4189 3845 4295 τεθαυματούρ-

2228 4289 2482 4390 γηκενξῆ
2515 4308 2943 4382 Θαυματουργῶν
2991 4301 3103 4356 ἐστι
3154 4300 3291 4370 πρὸς
3341 4292 3467 4355 τοὺς
3523 4289 3704 4390 πίστει,
3740 4301 3843 4360 φοι-

2226 4374 2430 4462 ξῶνταξ
2464 4374 2630 4472 μέχρί
2656 4399 2751 4450 τοῦ
2784 4374 2942 4467 δεύρο
2983 4388 3035 4444 ἐν
3071 4385 3354 4463 διαφόροις
3396 4381 3577 4438 νόσοις
3621 4374 3706 4429 καὶ
3757 4387 3844 4472 ita:

2351 4454 2384 4457 ρ
2418 4454 2430 4462 _
2464 4454 2476 4472 ι
2538 4454 2588 4472 Μ
2880 4454 2890 4467 _
3177 4454 3187 4463 '
3239 4454 3247 4458 _

2228 4490 2443 4551 λακίαις
2475 4485 2887 4560 ἐνισχημένους,
2916 4475 3044 4534 οὔτε
3073 4476 3210 4550 πρὸς
3243 4475 3404 4545 ἡμῶν
3433 4469 3496 4524 τὸ
3527 4467 3725 4539 λέγειν,
3771 4454 3845 4560 δξά

2225 4581 2288 4635 τὸ
2325 4575 2686 4653 μακρογορές,
2719 4570 2841 4627 οὔτε
2871 4575 3007 4643 πρὸς
3062 4565 3188 4626 τοὺς
3237 4559 3530 4619 ἀκούοντας
3560 4554 3620 4610 τὸ
3651 4545 3842 4653 ἀπειθὲς

2723 4665 2813 4725 νὸς
2853 4634 2948 4722 ’τὰ-ς
2989 4655 3112 4731 περὶ
3153 4659 3264 4710 τῶν
3305 4650 3497 4706 ἄλλων
3545 4634 3844 4731 συγκαταδέ-

2226 4725 2587 4835 σειζέᾄονιτος
2610 4798 2622 4810 .
2655 4751 2835 4809 Ἀλλά
2865 4725 3081 4825 χαίροις
3111 4748 3242 4818 (46),
3276 4739 3320 4796 ὦ
3367 4741 3544 4814 μάκαρ
3591 4725 3841 4808 μακαρίων

1798 4959 2072 5025 VARUE
2112 4949 2578 5017 LECTlONES.

543 5082 616 5154 (ν)
650 5081 797 5139 ΜΘΗ.
832 5080 930 5138 Gr.
965 5081 1272 5155 Ἀμυλλαν.
1347 5084 1420 5154 (ε)
1450 5086 1601 5140 Men.
1635 5081 1732 5137 Gr.
1768 5074 2056 5147 Κολήμνῃ.
2135 5072 2202 5143 (ι)
2229 5070 2378 5126 Men.
2415 5067 2513 5124 Gr.
2547 5061 2872 5123 ’Λσκάλους.

541 5189 655 5270 (42)
684 5190 1229 5270 sensumvocabuli
1260 5187 1502 5270 λιπαρεῖ,
1560 5195 1618 5246 et
1669 5188 1730 5244 in
1770 5202 1836 5242 eo
1895 5185 2114 5247 lusum,

476 5275 592 5317 non
624 5261 904 5317 intellexit
937 5263 1032 5320 hic
1060 5261 1417 5320 Anastasius.

543 5333 654 5406 (43)
679 5335 746 5406 in
778 5335 985 5391 Ματικο
1007 5335 1098 5392 Gr.
1132 5336 1225 5390 die
1261 5333 1592 5406 25Augusti
1615 5326 1954 5406 Παππιανόν.

513 5397 797 5486 Η,υο
831 5421 1010 5476 lmine
1058 5397 1506 5486 mutilus‘code’x
1564 5407 1685 5461 Vat.
1739 5405 1843 5484 βε.
1891 5397 2118 5486 pertin-

471 5475 576 5548 git-
613 5476 802 5558 Veljbét
824 5474 1008 5558 pauca
1037 5480 1266 5558 reliqua
1290 5479 1501 5558 Graeca.
1531 5474 1757 5557 sumpsi
1788 5489 1856 5528 ex
1898 5476 2117 5558 aucta-

470 5543 553 5604 ἷιο
587 5543 1270 5622 novissimoCombeﬁsii
1313 5568 1368 5622 p.
1402 5551 1528 5617 400,
1561 5543 2116 5622 qui—narrationem

473 5620 817 5693 reversionis
858 5620 1239 5691 reliquiarum
1271 5613 1332 5678 S'.
1355 5638 1449 5693 ap.
1482 5613 1888 5677 Bartholoxnasi
1930 5613 2028 5693 Gr:
2061 5615 2120 5666 et

476 5691 611 5764 Lat.
630 5692 828 5761 edidit,
861 5685 1186 5764 excérptam
1217 5694 1355 5750 olim
1391 5685 1439 5751 ἐ
1467 5693 1664 5750 nescio
1701 5707 1839 5764 _quo_
1889 5702 1957 5764 ex
2014 5685 2118 5740 hac

477 5763 718 5821 Studitas
749 5766 932 5822 nostri
981 5761 1262 5828 oratione.
1313 5767 1415 5823 sed
1469 5781 1574 5839 pro
1612 5761 1778 5822 libito
1826 5761 2118 5831 interpro-

2228 5177 2582 5320 “223.00%,
2614 5248 2956 5320 sequuntur,
2981 5235 3282 5294 deﬁciente
3324 5220 3834 5320 jamfex‘t-umGtﬁau

2227 5291 2538 5403 ob‘codicis
2570 5291 3088 5403 impbriectio'nem,
3117 5291 3527 5403 proseqPimur
3557 5291 3833 5403 cup:

2297 5565 2744 5685 ᾇρίέἓβιυωοο
2771 5603 2954 5685 ,χαῖρε
2982 5601 3040 5653 et
3062 5590 3415 5685 777153355“
3467 5585 3561 5643 diu
3615 5565 3825 5649 ίυεθωί·

2228 5662 2331 5736 nat
2357 5662 2696 5738 Theodorus
2733 5662 2905 5733 etiam
2935 5671 2993 5726 in
3024 5662 3284 5726 oratione
3311 5662 3368 5722 6.
