4090 6288
302 403 412 463 801

1170 402 1461 464 ORATIO
1502 402 1576 462 Χ.
1625 403 1700 462 ΙΝ
1746 404 1809 464 8.
1856 403 1941 464 ΒΑ

2052 402 2524 465 ἮΟΙιΟΜΕΠΜ
2571 402 2836 465 APOST.
3582 404 3697 466 802

301 539 730 613 τρισμακάριστε
778 539 1192 613 Βαρθολομαῖε·
1238 537 1478 612 χαίροις,
1521 538 1583 591 τὸ
1635 535 1940 592 θεοείκελον

2059 540 2166 595 Sed
2198 553 2322 605 ave,
2357 555 2389 595 o
2420 539 2585 594 beate
2609 537 2935 605 beatorum,
2963 539 3049 592 ter
3070 536 3235 592 beate
3257 536 3695 595 Bartholomaae.

306 629 535 702 μίμημα
564 634 660 683 τοῦ
690 628 864 684 καλοῦ
896 626 1226 683 διδασκάλου
1254 672 1265 683 .
1299 626 1541 701 Χαίροις,
1573 626 1635 680 τὸ
1658 628 1949 704 θεοφεγγές

303 718 581 794 ἀγλάϊσμα
628 726 727 788 τῆς
778 726 978 788 σεπτῆς
1028 717 1393 787 Ἐκκλησίας·
1454 716 1692 794 χαίροις,
1741 718 1802 771 τὸ
1855 719 1944 772 εὐ-

300 808 606 881 ηχέστατον
668 807 893 882 ὄργανον
944 814 1044 876 τῆς
1099 811 1196 861 τοῦ
1254 808 1572 877 Πνεύματος
1629 803 1945 878 μελῳδίας·

300 898 546 976 χαίροις,
577 899 638 951 τὸ
666 897 998 973 πολύχωρον
1049 898 1135 952 καὶ
1176 896 1560 971 γλυκύκαρπον
1611 895 1803 969 κλῆμα
1847 903 1946 966 τῆς

297 990 395 1041 τοῦ
424 991 663 1061 Χριστοῦ
714 992 927 1058 ζωηρᾶς
976 1008 1032 1040 τε
1080 986 1170 1039 καὶ
1218 986 1717 1061 πατρογεωργήτου
1764 985 1942 1058 ἀμπὲ-

297 1074 406 1131 λου
433 1094 446 1107 ·
480 1075 723 1150 χαίροις,
755 1077 782 1128 6
805 1074 1107 1153 ἀξιόχρεως
1139 1075 1385 1148 Θεράπων
1414 1078 1510 1128 τοῦ
1542 1075 1811 1128 Δεσπότου
1834 1080 1942 1129 τῶν

297 1164 551 1218 ἁπάντων
580 1182 591 1194 ·
626 1162 868 1237 χαίροις,
900 1165 928 1217 ὁ
960 1164 1321 1233 ἀξιοπόθητος
1372 1162 1537 1242 ιρέλος
1566 1167 1663 1216 τοῦ
1705 1161 1946 1236 ἐπουρα-

296 1253 417 1309 νίου
448 1255 688 1333 νυμφίου
714 1274 724 1285 ·
762 1256 1006 1331 χαίροις,
1052 1256 1080 1308 ὁ
1113 1255 1464 1331 σοφόρειθρος
1496 1257 1585 1308 καὶ
1628 1251 1944 1328 πολύαρδος

297 1344 546 1414 ποταμὸς
570 1347 666 1398 τοῦ
688 1347 889 1412 νοητοῦ
910 1340 1240 1417 παραδείσου
1266 1362 1280 1375 ·
1304 1344 1587 1418 χαίροις,ὁ
1610 1342 1943 1418 ἐμπειροθή-

300 1452 460 1506 ρατος
493 1430 676 1492 ἁλιεὺς
711 1436 814 1486 τῶν
849 1432 1091 1505 λογικῶν
1112 1432 1322 1508 ἲχθόων
1350 1451 1362 1463 '
1398 1430 1670 1507 χαίροις,ὁ
1695 1430 1946 1487 θεοδόνα-

302 1543 405 1596 μος
436 1522 843 1596 τραυματιστὴς
874 1526 970 1575 τοῦ
1015 1520 1402 1593 ληστεύσαντος
1454 1523 1544 1575 τὸν
1573 1523 1778 1595 κόσμον
1827 1520 1946 1577 δια-

299 1606 475 1664 ϐόλου
502 1629 513 1642 ·
540 1611 817 1684 χαίροις,ὁ
838 1610 1225 1686 εὐτεχνότατος
1249 1611 1432 1685 ῥήτωρ
1449 1618 1548 1680 τῆς
1571 1610 1837 1681 ἀληθινῆς
1860 1614 1947 1666 σό-

301 1701 427 1776 ιρίας
447 1720 459 1731 ·
491 1700 733 1774 χαίροις,
758 1702 785 1753 6
808 1699 1130 1777 πολυφανής
1156 1702 1245 1754 καὶ
1268 1703 1625 1775 κοσμοφανής
1667 1702 1943 1779 ἑωσφόρος

296 1797 401 1859 τῆς
435 1788 721 1863 θεολογίας
741 1808 753 1821 ·
778 1793 1022 1864 χαίροις,
1051 1792 1078 1843 6
1102 1793 1367 1865 θεοφπν-ἓβ
1390 1791 1478 1844 καὶ
1501 1789 1794 1863 πυροειδής
1820 1791 1944 1845 στύ-

300 1879 398 1940 λος
429 1886 529 1948 τῆς
563 1876 881 1952 ὀρθοδοξίας
909 1897 920 1909 ·
958 1879 1199 1954 χαίροις,
1233 1882 1261 1934 ὁ
1292 1879 1343 1950 ἐξ
1377 1879 1656 1934 ἀνατολῶν
1703 1880 1789 1935 ἐπὶ
1842 1879 1943 1934 δυ-

301 1968 443 2041 σμὰς
488 1962 951 2028 θαλαττοϐαδίσας
998 1966 1351 2042 παραδόξως’
1402 1968 1639 2042 χαίροις,
1687 1970 1945 2046 παμφαὲ-

301 2070 459 2112 στατε
508 2055 636 2125 ἥλιε
685 2063 783 2125 τῆς
839 2058 1208 2130 οἷκουμένης⁴
1259 2057 1501 2131 χαίροις,
1550 2057 1942 2132 πολύγλωττον

299 2151 478 2220 στόμα
532 2153 631 2215 τῆς
690 2148 1015 2223 θεοσοφίας·
1079 2148 1317 2222 χαίροις,
1380 2143 1730 2222 άενναόὸρυτε
1788 2152 1939 2223 πηγὴ

298 2242 406 2292 τῶν
442 2237 685 2310 ἰαμάτων
710 2256 723 2268 ·
759 2238 1002 2311 χαίροις,
1035 2235 1275 2311 διωκτήρ
1309 2234 1654 2314 φοϐερώτατο
1684 2242 1794 2293 τῶν
1827 2237 1940 2293 δαι-

305 2328 519 2400 μόνωνο
554 2325 793 2401 χαίροις,
826 2332 926 2395 τῆς
961 2327 1252 2400 Ἀρμὲνιας
1283 2326 1345 2380 τὸ
1375 2324 1710 2381 πολύευκτον
1740 2326 1943 2402 ἐγκαλ-

302 2414 606 2487 λώπισμαο
669 2416 910 2490 χαίροις,
968 2422 1068 2484 τῆς
1123 2416 1407 2488 Λιπάρεως
1466 2416 1523 2469 τὸ
1582 2416 1940 2471 ἀσπασίαστον

297 2506 387 2558 καὶ
422 2503 940 2578 πολυπροσκύνητον
976 2502 1207 2579 αὔχημα
1233 2524 1245 2536 ·
1278 2506 1517 2579 χαίροις,
1550 2506 1577 2559 6
1609 2506 1704 2573 τὴν
1739 2506 1942 2561 θάλασ-

301 2614 394 2647 σαν
447 2593 776 2668 καθαγιάσας
832 2598 949 2654 ταῖς
1008 2600 1353 2668 πορευτικαῖς
1406 2590 1766 2667 μεταϐάσεσι·
1819 2596 1941 2673 χαί-

302 2702 437 2756 ροις,
473 2683 500 2737 ὁ
530 2687 628 2751 τήν
660 2690 761 2751 τῆν
811 2684 1313 2759 καταπορφυρώσας
1350 2688 1419 2757 τῇ
1470 2684 1787 2759 ἐρυθρότητι
1830 2706 1938 2739 των

298 2771 576 2845 παναγίων
626 2772 873 2843 αἱμάτων
928 2793 1023 2826 σου
1049 2790 1061 2803 ⁸
1112 2772 1351 2846 χαίροις,
1385 2775 1412 2827 6
1442 2774 1534 2827 τὸν
1572 2774 1702 2849 ἀέρα
1751 2795 1941 2829 κατευ-

300 2860 538 2923 ωδιάσας
595 2866 713 2924 ταῖς
789 2861 1186 2935 ἱεροπνεύστοις
1264 2862 1731 2938 θεορῥημοσόναις
1806 2881 1941 2919 σουο

299 2951 539 3026 χαίροις,
574 2952 601 3004 6
636 2949 712 3013 εἷς
737 2951 1009 3024 οὐρανοὺς
1032 2952 1316 3028 φοιτήσὰς,
1347 2953 1437 3005 καὶ
1476 2956 1571 3006 τοῦ
1603 2953 1943 3028 ὁμοστοίχου

296 3042 486 3095 θιάσου
525 3042 839 3115 μεσόχορος
861 3040 1156 3112 ἑκλάμπων
1201 3042 1252 3095 ἐν
1286 3043 1563 3117 ἀπροσίτῳ
1595 3041 1754 3113 δόξης
1789 3042 1941 3116 λαμ-

297 3131 553 3204 πρότητι,
590 3129 641 3183 ἐν
679 3129 1059 3202 ἀγαλλιάσεως
1109 3130 1386 3204 ἀκορέστῳ
1437 3128 1678 3203 θυμηδίᾳ
1704 3177 1716 3188 .
1768 3131 1944 3188 Αὐτό-

300 3223 384 3275 θεν
419 3220 567 3291 ἡμᾶς
604 3216 925 3280 ἐποπτεύοις
977 3218 1363 3291 εὐμενέστατα·
1418 3220 1641 3274 αὐτόθεν
1691 3219 1945 3295 εὐλογοῖς

2058 635 2196 693 Ave,
2231 632 2329 699 qui
2362 646 2421 685 es
2453 628 2551 683 Dei
2584 632 2811 682 amator
2833 633 2886 681 et
2909 626 3167 681 imitator
3190 627 3317 682 boni
3344 628 3561 683 scilicet
3586 646 3704 684 ma-

2060 719 2242 790 gistri.
2277 720 2409 785 Ave,
2435 719 2533 789 qui
2566 734 2627 772 es
2658 717 2863 771 divinae
2898 718 3043 771 lucis
3065 716 3340 788 splendor
3362 722 3573 772 sanctas
3599 719 3699 773 Ec-

2060 808 2262 863 clesiae.
2299 812 2410 861 Ave
2441 807 2539 877 qui
2581 823 2642 861 es
2674 808 2816 861 bene
2848 823 3063 860 sonans
3104 822 3385 877 organum
3422 806 3701 877 spiritalis

2060 897 2341 953 melodiae.
2358 901 2493 964 Ave,
2513 897 2823 952 artificiose
2848 897 3038 950 rhetor
3063 913 3207 951 verm
3231 896 3546 968 sapientiae.
3564 899 3699 966 Ave,

2059 988 2161 1058 qui
2191 1004 2251 1042 es
2285 988 2480 1058 peritae
2522 990 2777 1056 capturas
2818 988 3072 1057 piscator
3103 985 3540 1041 rationabilium
3574 986 3699 1057 pis—

2060 1079 2235 1133 cium.
2263 1080 2393 1143 Ave,
2428 1077 2521 1148 qui
2555 1092 2615 1131 es
2645 1075 2811 1130 multi
2844 1075 3004 1131 chori
3036 1079 3090 1130 et
3122 1075 3307 1131 dulcis
3333 1078 3559 1133 fructus
3583 1078 3703 1149 pal-

2060 1183 2204 1234 mes,
2230 1167 2439 1223 Christi
2484 1166 2690 1220 vididaa
2721 1174 2775 1220 et
2816 1170 3066 1236 paternae
3104 1165 3339 1221 culturae
3373 1166 3522 1223 vitis.
3563 1171 3699 1236 Ave,

2059 1256 2215 1327 digni
2250 1255 2443 1310 meriti
2476 1254 2689 1309 famule
2710 1254 2940 1310 Domini
2964 1255 3385 1310 universorum.
3417 1258 3554 1323 Ave,
3581 1272 3698 1311 me—

2054 1345 2163 1400 rito
2196 1343 2590 1399 desiderabilis
2622 1344 2804 1399 amice
2845 1343 3267 1416 superccelestis
3299 1344 3519 1415 sponsi.
3562 1347 3698 1414 Ave,

2053 1435 2150 1506 qui
2186 1449 2246 1489 es
2278 1435 2576 1505 sapientiai
2608 1434 2845 1489 ﬂuentis
2876 1438 2932 1488 et
2977 1433 3320 1504 multiplicis
3361 1434 3701 1504 potationis,

2055 1541 2121 1579 ac
2152 1526 2353 1579 lumen
2384 1522 2664 1595 spiritalis
2697 1523 2970 1594 paradisi.
3004 1530 3137 1589 Ave,
3168 1523 3268 1593 qui
3292 1540 3351 1577 es
3370 1523 3568 1579 divina
3592 1524 3699 1578 vir-

2056 1618 2180 1668 tute
2222 1612 2554 1667 vulnerator
2604 1612 2843 1680 diaboli,
2894 1613 3177 1666 mundum
3239 1628 3341 1666 suo
3391 1611 3697 1668 latrocinio

2058 1701 2436 1757 vulnerantis.
2470 1704 2605 1769 Ave,
2642 1702 2739 1769 qui
2775 1700 3178 1771 multipliciter
3208 1717 3450 1771 appares
3482 1703 3696 1756 mundo

2056 1790 2280 1847 Lucifer
2301 1791 2399 1845 Dei
2423 1791 2787 1862 cognitionis.
2814 1789 3081 1845 Gaudeas
3103 1790 3385 1845 divinitus
3408 1790 3697 1846 illustrata

2054 1885 2111 1936 et
2155 1881 2326 1950 ignea
2362 1880 2630 1935 columna
2672 1878 3046 1934 orthodoxie.
3087 1878 3375 1946 Gaudeas,
3419 1879 3505 1934 sol
3539 1878 3696 1935 orbis

2056 1977 2241 2034 terrai,
2274 1972 2372 2042 qui
2422 1975 2633 2025 cuncta
2669 1969 2992 2025 illuminas.
3024 1967 3307 2034 Gaudeas,
3340 1987 3404 2025 os
3454 1970 3552 2025 Dei
3598 1987 3697 2025 sa-

2054 2060 2300 2130 pientiae,
2347 2060 2609 2131 linguam
2661 2060 2886 2114 habens
2932 2058 3195 2129 ignitum.
3248 2058 3535 2128 Gaudeas,
3585 2061 3696 2129 ju-

2053 2151 2201 2221 giter
2230 2166 2511 2204 emanans
2536 2151 2658 2204 fons
2681 2149 3022 2205 sanitatum.
3047 2148 3335 2216 Gaudeas,
3360 2150 3693 2205 daemonum

2055 2238 2332 2294 terribilis
2382 2239 2691 2294 insecutor.
2735 2237 3020 2306 Gaudeas,
3052 2238 3152 2308 qui
3196 2254 3256 2293 es
3294 2238 3698 2310 multipliciter

2054 2327 2330 2398 optabilis
2379 2326 2711 2383 formositas
2756 2326 3057 2382 Armeniae.
3123 2326 3411 2395 Gaudeas,
3467 2328 3567 2399 qui
3623 2328 3694 2383 ab

2054 2417 2272 2472 oriente
2292 2418 2361 2473 ad
2393 2418 2748 2473 occidentem
2774 2432 2871 2486 per
2903 2432 3061 2471 mare
3083 2416 3331 2486 gloriose
3354 2417 3697 2473 ambulasti.

2054 2507 2342 2573 Gaudeas,
2366 2507 2462 2579 qui
2496 2522 2556 2561 es
2589 2507 2857 2575 Lipareos
2889 2505 3215 2560 salutabilis
3244 2515 3297 2560 et
3330 2505 3696 2562 multimodis

2055 2596 2373 2652 adorabilis
2390 2595 2677 2668 gloriatio.
2696 2595 2982 2659 Gaudeas,
3008 2595 3108 2666 qui
3133 2611 3291 2651 mare
3318 2595 3693 2652 sanctiﬁcasti

2056 2685 2405 2741 meabilibus
2437 2685 2756 2756 gressibus.
2792 2686 3077 2749 Gaudeas,
3102 2685 3203 2755 qui
3237 2692 3441 2738 terram
3471 2701 3692 2756 purpu-

2055 2791 2210 2830 ream
2245 2774 2425 2830 fecisti
2455 2775 2665 2829 rubore
2695 2773 3157 2829 castissimorum
3190 2774 3544 2843 sanguinum
3568 2778 3697 2829 tuo-

2055 2880 2205 2920 rum.
2239 2865 2518 2930 Gaudeas,
2544 2864 2642 2935 qui
2666 2879 2855 2919 aerem
2881 2862 3183 2918 suavitatis
3209 2864 3484 2919 odoribus
3506 2863 3695 2932 reple-

2054 2955 2151 3024 sti,
2207 2956 2389 3009 sacris
2447 2953 2867 3024 spiraminibus
2935 2952 3265 3008 divinorum
3327 2952 3693 3024 eloquiorum

2052 3050 2309 3100 tuorum.
2360 3044 2647 3109 Gaudeas,
2690 3043 2791 3113 qui
2865 3043 2934 3096 ad
2987 3041 3193 3098 cmlum
3248 3042 3575 3111 commeati,
3635 3046 3693 3097 et

2054 3133 2283 3188 medius
2306 3134 2362 3187 in
2395 3134 2569 3188 choro
2601 3133 2806 3186 divine
2840 3131 2981 3186 aciei
3005 3136 3114 3186 tuae
3137 3132 3392 3202 refulges
3418 3132 3473 3186 in
3498 3131 3693 3203 glorias

2053 3222 2469 3278 inaccessibilis
2502 3220 2834 3292 splendore,
2868 3222 2926 3276 in
2958 3221 3356 3275 exsultationis
3379 3220 3691 3275 insatiabili

296 3309 425 3367 τοὺς
488 3307 545 3361 σὲ
607 3306 1034 3381 μακαρίζοντας⁶
1095 3307 1312 3363 αὐτόθεν
1391 3306 1634 3378 δοξάζοις
1700 3310 1827 3373 τοὺς
1884 3310 1940 3364 σὲ

2052 3312 2426 3381 iucunditate.
2452 3311 2615 3365 Illinc
2637 3327 2742 3365 nos
2763 3310 3180 3382 benignissime
3203 3310 3505 3365 intuearis:
3534 3310 3695 3368 illinc

300 3397 714 3472 ἀναμέλποντας
748 3415 763 3430 ⁸
814 3396 1034 3451 αὐτόθεν
1069 3398 1324 3471 ὁμονοοῖς
1353 3400 1452 3466 τήν
1500 3398 1826 3471 οἰκουμένην
1867 3399 1943 3453 εἷ-

301 3490 629 3564 ρηνεύουσαν
666 3507 679 3519 ·
744 3491 905 3561 ἱερεῖς
965 3485 1303 3558 δικαιοσύνην
1368 3487 1421 3542 ἐν
1481 3491 1729 3559 ὁσιότητι
1768 3491 1941 3563 ἀμπέ-

300 3580 517 3656 χεσθαι,
598 3576 845 3650 βασιλεῖς
924 3575 1274 3651 ἀγαθοεργίαν
1335 3575 1385 3631 ἐν
1442 3575 1729 3651 ὀρθοδοξίᾳ
1810 3579 1944 3633 κατὰ

303 3662 594 3741 βαρϐάρων
655 3663 973 3734 ὁπλίζεσθαι
1009 3686 1021 3698 ·
1106 3667 1435 3737 μονάζοντας
1510 3667 1789 3722 πολιτείαν
1846 3671 1945 3739 τήν

300 3754 589 3830 ἰσάγγελοι]
618 3754 997 3824 ἀκαπήλευτον
1040 3751 1394 3823 διασώζεσθαι
1422 3774 1435 3787 ·
1487 3754 1681 3831 ἄνδρας
1713 3760 1940 3833 γυναιξὶ,

297 3845 391 3899 καὶ
449 3839 710 3917 ἔμπαλιν,
773 3844 930 3916 νόμῳ
986 3846 1066 3915 τῷ
1142 3846 1471 3916 προσήκοντι
1541 3846 1937 3923 φυλάττεσθαι·

298 3934 563 4009 πατράσιν
624 3934 785 4001 υἱοῖς,
830 3929 1053 3994 δούλοις
1098 3929 1405 3999 δεσπόταις,
1456 3931 1716 4009 ἄρχουσιν
1763 3936 1939 4012 ἀρχο-

302 4022 509 4096 μένοις,
542 4020 894 4091 δανείζουσιε,
929 4020 1231 4098 ὀφείλουσι,
1263 4020 1748 4096 συναλλάσσουσιν,
1773 4027 1943 4082 ὡνου-

302 4114 521 4184 μένοος,
561 4116 690 4165 πᾶσι
747 4111 813 4165 τὰ
862 4117 962 4179 τῆς
1022 4110 1229 4171 εὐνοίας
1287 4109 1559 4167 ἐπιλεύσει
1606 4112 1790 4186 τελείᾳ
1844 4120 1939 4169 τοῦ

297 4207 507 4273 κοινοῦ,
540 4203 627 4256 καὶ
678 4203 1030 4276 εὐαρεστήσει
1062 4205 1195 4257 Θεοῦ
1238 4199 1565 4278 ὀφειλόμενα
1612 4208 1937 4278 πρυτανευό-

301 4313 496 4368 μενος·
530 4294 618 4348 mi
654 4293 838 4366 μέντοι
885 4298 992 4348 τῶν
1040 4294 1325 4371 τροφίμων
1374 4296 1455 4367 (u)
1503 4302 1601 4363 τῆς
1652 4295 1936 4352 καλλωπι-

300 4384 535 4457 ζομένης
594 4382 900 4454 Λιπάρεως,
960 4384 1055 4438 τοῦ
1117 4386 1384 4457 ποιμὲυος
1430 4405 1489 4437 τε
1537 4386 1621 4438 καὶ
1677 4390 1771 4440 τοῦ
1821 4408 1939 4440 ποι-

300 4474 482 4546 μνίου,
539 4478 635 4527 τοῦ
686 4472 1059 4536 ἐπικτίσαντὸς
1108 4494 1202 4527 σου
1248 4474 1311 4528 τὸ
1359 4474 1500 4547 ἱερὸν
1551 4474 1791 4547 τέμενος,
1846 4476 1933 4529 καὶ

294 4568 391 4617 τοῦ
456 4564 790 4634 ὑμνήσαντός
843 4584 898 4617 σε
944 4560 1034 4617 διὰ
1085 4564 1335 4638 βραχέως
1386 4561 1516 4639 ἄγαν
1548 4581 1563 4597 ⁸
1615 4565 1665 4618 ἐν
1712 4569 1936 4639 Χριστῷ

297 4654 479 4722 Ἰησοῦ
518 4656 597 4705 τῶ
642 4651 820 4726 Κυρίῳ
868 4654 1051 4725 ἡμῶν,
1085 4653 1129 4725 ᾧ
1162 4654 1351 4726 πρὲπει
1393 4659 1535 4707 πᾶσα
1577 4652 1723 4725 δόξα,
1774 4657 1935 4727 τιμὴ,

294 4742 384 4795 καὶ
442 4739 831 4813 προσκόνησις,
890 4741 981 4795 σὺν
1034 4746 1112 4813 τῷ
1159 4743 1554 4819 παντοκράτορι
1608 4743 1800 4817 Πατρὶ,
1847 4746 1936 4800 καὶ

292 4834 374 4901 τῷ
423 4828 560 4904 ἀγίῳ
618 4831 705 4883 καὶ
769 4834 1023 4901 ζωοποιῷ
1082 4830 1372 4904 Πνεύματι,
1427 4836 1517 4886 νῦν
1565 4834 1656 4887 καὶ
1707 4832 1787 4886 ἀεὶ
1846 4834 1936 4888 καὶ

324 4919 338 4940 )
467 4918 479 4935 \
596 4920 647 4939 θ’·
834 4921 844 4941 Ἰ

295 4940 371 4983 εις
399 4939 524 4979 τους
556 4940 757 4980 αιωνας
783 4963 796 4976 .
848 4922 1010 4993 Αμήν
1035 4964 1047 4976 .

2048 3401 2354 3456 benedicas
2386 3405 2440 3455 te
2470 3400 2963 3470 glorificantibus:
2997 3399 3159 3453 illinc
3190 3399 3482 3455 beatiﬁces
3511 3404 3566 3453 te
3598 3416 3695 3454 ca-

2050 3496 2293 3546 nentes:
2327 3489 2489 3545 illinc
2519 3491 2834 3545 concordes
2857 3491 3057 3545 orbem
3081 3498 3239 3544 terra:
3268 3496 3565 3560 pacatum.
3595 3490 3692 3546 Sa-

2049 3581 2308 3636 cerdotes
2350 3580 2585 3648 justitia
2631 3579 2688 3634 in
2757 3580 3066 3635 sanctitate
3115 3579 3432 3634 induantur
3476 3597 3490 3635 :
3526 3595 3690 3651 reges

2048 3670 2216 3725 bonis
2248 3670 2513 3740 operibus
2546 3670 2602 3723 in
2644 3668 2986 3724 orthodoxia
3028 3672 3230 3723 contra
3260 3669 3544 3724 Barbaros
3584 3686 3687 3724 ar-

2048 3766 2314 3817 mentur:
2350 3760 2725 3817 monasticam
2778 3760 2949 3814 vitam
2981 3763 3262 3825 tenentes,
3292 3760 3685 3815 conversatio-

2046 3867 2179 3906 nem
2207 3850 2486 3922 aequalem
2520 3850 2858 3921 angelorum
2891 3865 2955 3905 ac
2987 3850 3111 3904 sine
3142 3848 3273 3905 dolo
3316 3848 3685 3903 custodiant:

2045 3940 2146 3995 viri
2183 3939 2546 4005 mulieribus,
2580 3944 2635 3994 et
2682 3954 2907 3993 rursum
2955 3939 3225 3993 mulieres
3261 3938 3415 4005 viris,
3450 3953 3688 4009 compe-

2048 4034 2263 4084 tentem
2302 4030 2485 4099 legem
2516 4032 2874 4084 conservent.
2912 4028 3112 4082 Patres
3142 4042 3271 4081 cum
3309 4025 3463 4091 filiis,
3498 4025 3698 4096 prmla-

2050 4124 2136 4173 tos
2182 4135 2311 4174 cum
2372 4118 2650 4186 subditis,
2706 4117 2975 4173 dominos
3026 4131 3161 4170 cum
3194 4114 3395 4181 servis,
3430 4124 3696 4169 mutuum

2046 4210 2249 4262 dantes
2275 4224 2403 4260 cum
2428 4206 2807 4271 debitoribus,
2844 4206 3247 4260 venundantes
3269 4220 3400 4258 cum
3425 4204 3699 4276 emptori-

2046 4299 2152 4352 bus
2179 4313 2191 4349 :
2228 4303 2551 4366 cmteraque
2582 4296 2777 4351 omnia
2801 4293 3207 4350 benevolentiae
3245 4298 3357 4349 tuas
3388 4294 3595 4349 affectu
3629 4295 3701 4349 ad

2048 4386 2356 4440 utilitatem
2392 4384 2720 4456 reipublicae
2748 4389 2981 4455 protege
3005 4402 3019 4451 ;
3045 4388 3102 4438 et
3119 4388 3328 4438 cuncta
3354 4400 3481 4453 quae
3504 4398 3703 4438 secun-

2044 4476 2183 4530 dum
2202 4475 2626 4546 beneplacitum
2650 4474 2749 4529 Dei
2784 4474 2957 4543 dirigi
2982 4474 3210 4540 debent,
3236 4472 3556 4544 patrocinio
3579 4477 3698 4539 tuo,

2044 4565 2323 4630 defende;
2358 4572 2412 4619 et
2443 4563 2734 4635 praecipue
2780 4562 3045 4617 alumnos
3076 4563 3352 4617 decoratas
3389 4562 3698 4632 Lipareos:

1970 4640 2013 4703 ί)
2048 4660 2333 4725 pastorem
2370 4669 2598 4724 quoque
2630 4669 2694 4707 ac
2721 4668 2953 4723 gregem
2991 4652 3092 4722 qui
3120 4650 3445 4706 construxit
3466 4666 3699 4705 sacrum

2050 4743 2331 4813 teinplum
2376 4751 2581 4798 tuum:
2625 4747 2681 4798 et
2730 4758 2864 4797 eum
2907 4742 3002 4812 qui
3038 4746 3116 4809 te,
3172 4740 3305 4797 licet
3335 4740 3605 4806 breviter,
3634 4756 3702 4794 ex

2048 4850 2110 4889 se
2126 4834 2367 4889 laudare
2390 4833 2724 4903 praasumit;
2744 4833 2802 4886 in
2823 4832 3053 4887 Christo
3074 4832 3213 4888 Jesu
3236 4831 3480 4887 Domino
3496 4835 3698 4886 nostro

2049 4941 2225 4996 quem
2255 4925 2417 4981 decet
2446 4924 2634 4979 omnis
2666 4922 2874 4995 gloria,
2912 4924 3099 4979 honor
3151 4933 3205 4978 et
3250 4924 3532 4993 adoratio,
3563 4940 3698 4981 cum

294 5010 694 5080 omnipotente
752 5010 940 5080 Patre,
996 5027 1060 5066 ac
1116 5012 1489 5069 sanctissimo
1548 5017 1605 5070 et
1660 5012 1881 5069 viviﬂco
1943 5014 2182 5086 Spiritu,
2254 5030 2408 5069 nunc
2465 5018 2521 5069 et
2578 5029 2809 5083 semper
2859 5017 2916 5067 et
2973 5013 3031 5066 in
3075 5010 3284 5067 saecula
3329 5014 3695 5070 saeculorum.

296 5108 479 5155 Amen
514 5100 647 5171 (47).

1650 5249 1891 5307 VAHIE
1947 5250 2351 5306 LECTIONES.

367 5391 451 5463 (ιι)
481 5389 607 5445 cod.
631 5387 722 5442 τὸν
754 5405 1069 5463 προφημον.

367 5516 482 5587 (47)
513 5513 705 5584 Pergit
744 5511 953 5587 deinde
982 5510 1324 5587 Anastasius
1366 5515 1449 5569 sic
1474 5530 1497 5587 :7
1520 5518 1649 5572 Haec
1686 5517 1750 5573 de
1781 5518 1921 5575 beati

298 5584 695 5642 Bartholomazi
746 5584 1003 5638 laudibus
1051 5584 1278 5653 ejusque
1333 5586 1666 5643 mirabiliter
1723 5590 1940 5647 advecto

297 5660 357 5714 in
386 5660 916 5731 Liparimporpore,
972 5654 1273 5731 Theodorus
1318 5660 1472 5731 [agna
1515 5662 1845 5731 sanctitatis,
1875 5679 1941 5717 ac

294 5724 584 5788 sacerdotii
628 5724 896 5798 dignitate
951 5724 1325 5798 conspicuus.
1361 5728 1467 5800 ﬁdo
1526 5732 1706 5788 relatu
1763 5724 1936 5806 mpii.

2028 5520 2163 5575 cuit.
2216 5519 2422 5573 Postea
2469 5518 2539 5571 de
2591 5532 2741 5586 penu
2785 5532 2888 5570 suo
2921 5518 3228 5586 subjungit
3260 5519 3412 5573 idem
3446 5521 3691 5573 Anasta-

2050 5592 2174 5646 sius
2214 5590 2601 5644 narrationem
2651 5589 3094 5643 transvectionis
3136 5589 3367 5643 illarum
3426 5589 3703 5659 reliquia-

2050 5678 2181 5718 rum
2214 5662 2271 5716 in
2308 5662 2509 5717 urbem
2544 5660 2937 5714 Beneventum
2983 5676 3134 5715 anno
3169 5662 3391 5716 Domini
3426 5660 3695 5716 DCCCIX.
