4090 6288
435 393 552 458 803

1202 524 1305 578 XI.

438 621 624 677 Sancti
647 616 830 673 Patris
869 616 1067 683 nostri,
1117 621 1167 669 et
1214 614 1538 681 confessoris
1582 610 1850 683 Theodori
1893 612 2080 668 Studi-

507 699 691 749 tarum
745 687 960 745 abbatis
994 682 1190 745 oratio
1235 683 1488 754 funebris
1536 686 1591 737 in
1629 682 1909 740 Platonem
1960 684 2079 753 eius

505 772 726 836 patrem
748 760 1123 834 spiritualem.

1674 385 1734 446 S.
1780 388 1890 446 ΤΗ
1898 387 2182 448 EODORI
2230 390 2593 452 STUDITE

2959 530 3062 582 lA'.

2188 613 2291 665 Τοῦ
2349 610 2498 688 ὁσίου
2557 614 2767 688 [ἰατρὸς
2809 615 2968 687 ἡμῶν
3023 613 3560 688 καὶ-Ὁμολογητοῦ
3612 617 3819 674 Θεοδώ-

2265 703 2383 765 Eoo,
2428 683 2737 765 ἡγουμένου
2791 683 2897 740 τῶν
2984 683 3291 741 Στουδιτῶν
3369 683 3684 765 Ἐπιτάφιος
3739 692 3814 756 εἷς

2266 754 2534 810 Πλάτωνα
2565 754 2654 810 τὸν
2687 757 2878 812 ἑαυτοῦ
2907 759 3276 832 πνευματικὸν
3308 761 3513 833 πατέρα
3540 803 3554 817 .

433 908 538 982 (Ex
569 924 680 965 ms.
728 905 1004 962 Vaticano
1053 901 1281 974 signato
1332 901 1490 968 1660,
1543 900 1644 960 fol.
1678 901 1773 982 7?,
1811 899 2041 982 edidere
2091 899 2514 982 Bonuunum,‘
2537 905 2663 959 Act.
2715 904 2962 964 Sanctor.
3011 905 3192 978 April.
3222 907 3316 963 t.I
3366 905 3488 962 Lat.
3531 921 3655 978 pag.
3688 908 3816 980 366;

1715 972 1915 1043 (Grac.
1966 973 2101 1044 App.
2157 989 2291 1045 pag.
2343 973 2520 1046 XLVI.)

1055 1243 1454 1301 PROLOGUS.

509 1342 559 1396 1.
593 1339 898 1395 Oratorum
931 1351 998 1392 ac
1027 1335 1436 1405 Sophistarum
1468 1334 1729 1389 studium
1764 1350 1936 1390 omne
1958 1349 2082 1390 ver-

435 1429 678 1488 saturin
711 1445 800 1499 eo,
833 1444 950 1484 non
974 1431 1039 1482 ut
1072 1431 1462 1498 assequentur
1488 1425 1817 1488 veritatem,
1852 1425 1990 1479 dum
2021 1441 2080 1480 se

435 1521 508 1577 ad
540 1519 914 1576 scribendum
947 1517 1291 1573 conferunt:
1326 1516 1428 1570 sed
1453 1520 1518 1570 ut
1538 1515 1860 1585 exspoliant
1883 1514 2082 1569 dictio-

437 1627 589 1678 nem,
622 1617 678 1665 et
706 1608 1094 1664 narrationem
1140 1605 1357 1661 faciant
1394 1604 1793 1677 augustiorem
1825 1604 2080 1675 acceptis

436 1717 466 1757 e
497 1703 762 1769 poemate
780 1695 1102 1763 versiculis,
1127 1695 1198 1750 ad
1217 1693 1662 1750 oblectationem
1685 1693 2078 1749 audientium.

435 1787 778 1845 Demulcent
832 1786 986 1842 enim
1035 1802 1134 1840 eos
1181 1785 1490 1839 verborum
1550 1783 1958 1852 concinnitate,
2019 1788 2078 1837 et

437 1879 689 1952 quadam
747 1875 1256 1932 verisimilitudine
1305 1875 1802 1939 circumveniunt;
1867 1888 2070 1943 parum

437 1969 673 2024 solliciti
709 1985 778 2022 ne
810 1967 948 2039 quid
980 1964 1191 2020 falsum
1224 1965 1442 2030 dicant,
1477 1967 1672 2033 utpote
1704 1963 1803 2034 qui
1827 1963 2076 2018 astima-

437 2059 578 2114 tioni
609 2059 894 2114 duntaxat
923 2060 979 2112 et
1011 2055 1280 2110 humana
1313 2053 1506 2124 gloria
1539 2052 1819 2110 serviunt.
1851 2055 1925 2108 At
1944 2068 2079 2110 vero

433 2169 580 2224 quos
611 2155 768 2207 tenet
821 2165 985 2206 amor
1012 2147 1296 2214 veritatis,
1344 2150 1616 2216 satagunt
1664 2162 1776 2214 res,
1827 2151 1892 2200 ut
1936 2149 2081 2202 aeta

437 2248 596 2311 sunt,
648 2241 889 2297 dicere:
943 2237 1208 2310 puamvis
1257 2240 1562 2308 propterea
1609 2235 1974 2292 concinnitas
2026 2239 2084 2290 et

435 2331 725 2404 elegantia
763 2327 1044 2386 orationis
1094 2343 1218 2382 esse
1249 2327 1484 2381 deberet
1529 2326 1736 2381 minor.
1772 2324 1912 2380 Nam
1946 2324 2083 2396 quia

437 2422 626 2493 ipsam
670 2418 930 2475 veritatis
980 2417 1474 2489 pulchritudinem
1523 2415 1816 2482 adament,
1861 2413 2080 2469 ornatis

435 2511 646 2579 verbis,
679 2515 958 2581 tanquam
1019 2505 1317 2579 stragulis,
1369 2504 1738 2571 valefaciuut,
1793 2503 1944 2574 quod
1992 2507 2081 2558 est

2102 1246 2158 1312 A

2793 1248 3179 1306 ΠΡΟΟΙΜΙΟΝ
3206 1291 3218 1304 .

2259 1333 2325 1390 α’.
2360 1335 2611 1408 Ῥήτορσι
2646 1333 2739 1408 μὲν
2772 1336 2861 1390 καὶ
2901 1344 3183 1414 σοφισταῖς
3215 1341 3249 1408 ἠ
3282 1345 3430 1395 πᾶσα
3481 1341 3718 1412 σπουδὴ,
3767 1342 3822 1398 οὐ

2187 1427 2282 1476 τοῦ
2313 1421 2554 1493 ἀληθοῦς
2583 1422 2860 1499 ἐπιτυχεῖν
2903 1428 3180 1483 καθιοῦσιν
3223 1429 3446 1493 ἑαυτοὺς
3477 1429 3567 1486 ἐπὶ
3597 1433 3656 1486 τὸ
3701 1432 3821 1508 γρά-

2187 1531 2323 1586 φειν,
2375 1510 2504 1567 ἀλλ’
2557 1510 2699 1567 ὥστε
2741 1515 3062 1591 λαμπρῦναι
3104 1519 3203 1587 τὴν
3252 1521 3468 1595 φράσιν,
3519 1520 3607 1575 καὶ
3658 1544 3823 1577 συντε-

2192 1608 2309 1674 μεῖν
2367 1602 2429 1656 τὸ
2491 1599 2640 1671 ἔπος,
2690 1603 2969 1660 κάντεῦθεν
3021 1604 3211 1680 ἐπᾶραι
3270 1609 3332 1664 τὸ
3379 1606 3652 1684 διήγημα,
3700 1611 3823 1684 πρὸς

2188 1690 2571 1767 γαργαλισμὸν
2623 1695 2730 1747 τῶν
2791 1693 3099 1750 ἀκουόντων
3136 1740 3150 1753 .
3219 1697 3486 1772 Θὲλγουσι
3545 1700 3643 1774 γὰρ
3715 1706 3821 1762 ταῖς

2190 1781 2452 1845 εὐεπίαις.
2486 1783 2575 1837 καὶ
2622 1782 3086 1859 παραλογίζονται
3117 1792 3235 1848 ταῖς
3287 1788 3664 1859 πιθανότησιν,
3710 1790 3821 1845 ὀλί-

2191 1893 2259 1947 γα
2306 1878 2401 1927 τοῦ
2459 1870 2724 1948 ἀψευδοῦς
2770 1876 3161 1951 φροντίζοντες,
3203 1879 3293 1933 ἅτε
3343 1877 3641 1954 δοξήθηρες
3689 1879 3822 1943 ὄντες

2191 1961 2281 2016 καὶ
2341 1963 2810 2038 ἀνθρωπαρεσκείᾳ
2869 1962 3268 2040 δουλούμενοι·
3330 1970 3417 2031 οἷς
3467 1966 3525 2022 δὲ
3581 1968 3822 2040 ἀληθείας

2188 2047 2347 2127 ἔρως,
2390 2053 2452 2108 τὸ
2501 2051 2557 2107 δν
2611 2053 2800 2124 εἰπεῖν,
2853 2057 2942 2108 καὶ
2983 2057 3042 2109 τὸ
3087 2055 3286 2128 ἀληθὲς
3339 2054 3688 2132 πρεσϐεῦσαι,
3733 2057 3819 2115 κᾶν

2193 2143 2268 2214 μή
2299 2142 2362 2196 τὺ
2393 2141 2668 2218 γλαφυρὸν
2703 2143 2792 2198 καὶ
2826 2143 3086 2220 εὐφραδές
3117 2144 3297 2220 ἔχοιεν
3329 2148 3356 2201 6
3391 2147 3582 2222 λόγοις
3608 2169 3620 2180 ·
3645 2147 3818 2218 ἐπειδὴ

2187 2232 2287 2306 γὰρ
2361 2230 2600 2295 κάλλους
2675 2229 2938 2302 ἀληθείας
3016 2234 3269 2312 ἐφίενται,
3348 2238 3820 2311 παραπετάσμασιν

2191 2319 2395 2376 ἐοικόσι
2455 2327 2573 2384 ταῖς
2630 2325 2854 2402 φράσεσι
2911 2323 3120 2399 χαίρειν
3188 2326 3436 2402 φαίουσιν
3487 2331 3650 2401 (sic)'
3702 2327 3819 2399 ὅπερ

2194 2409 2334 2466 ἐστΐν
2367 2410 2555 2489 σοφίας
2571 2418 2671 2482 τῆς
2690 2407 2857 2475 ὅντως
2878 2411 3104 2488 εὕρεμα.
3126 2413 3280 2470 Οὕτω
3303 2412 3580 2486 δήπουθεν
3599 2417 3766 2492 κάγὼ,
3798 2419 3820 2470 ὁ

2197 2503 2408 2576 βραχὺς
2456 2503 2545 2556 καὶ
2599 2507 2677 2574 νῷ
2721 2501 2810 2556 καὶ
2861 2500 3016 2578 λόγῳ
3065 2504 3155 2559 καὶ
3211 2505 3505 2577 πνεύματι,
3575 2507 3664 2562 τόν
3701 2506 3818 2579 ἐμὸν

435 2616 567 2655 vere
597 2599 893 2671 sapientis.
932 2598 1015 2654 Ad
1048 2597 1201 2653 hunc
1221 2595 1398 2668 igitur
1429 2595 1665 2651 modum
1698 2608 1802 2664 ego
1825 2609 2076 2664 quoque,

2195 2591 2405 2662 Πατέρα
2467 2589 2857 2666 ἐπαινέσομαι·
2919 2593 3018 2648 οὐκ
3076 2593 3262 2668 ἐκείνῳ
3317 2597 3684 2671 χαριζόμενος
3730 2598 3817 2666 τήν

439 2688 571 2744 licet
592 2688 846 2760 ingenio,
891 2686 1147 2742 dictione
1182 2690 1240 2741 et
1269 2684 1474 2757 spiritu
1518 2683 1832 2740 admodum
1863 2683 2076 2752 tenuis,

441 2780 662 2836 Patrem
706 2794 894 2834 meum
943 2777 1230 2833 laudabo:
1273 2792 1386 2832 non
1437 2780 1634 2832 autem
1683 2775 1820 2846 quia
1854 2789 2076 2845 sperem

437 2869 731 2925 laudando
762 2867 1003 2943 gratiam
1036 2868 1183 2922 inire
1221 2866 1373 2936 apud
1429 2881 1582 2921 eum.
1615 2866 1750 2930 Quae
1780 2864 1936 2919 enim
1961 2863 2080 2919 hac

438 2961 584 3015 foret
613 2959 800 3031 gratia
848 2965 1121 3013 consueto
1155 2955 1315 3010 nulla
1347 2955 1713 3026 praesentium
1740 2970 1932 3009 rerum
1974 2954 2080 3008 de—

435 3048 663 3117 lectari,
696 3053 753 3104 et
783 3061 960 3119 super
991 3046 1284 3102 calestem
1315 3045 1522 3116 adepto
1555 3044 1862 3116 requiem?
1905 3059 2077 3114 quam

437 3137 705 3209 quisquis
735 3135 988 3207 possidet
1018 3134 1168 3190 ridet
1197 3138 1528 3206 praesentia,
1588 3131 1750 3189 velut
1781 3132 1927 3188 nihil
1957 3137 2080 3189 sta—

436 3226 571 3288 bile,
639 3224 787 3280 nihil
847 3225 1081 3280 beatum
1143 3223 1522 3290 continentia,
1583 3227 1641 3278 et
1697 3239 1826 3295 qua
1896 3222 2084 3280 instar

436 3317 650 3371 ambra
713 3317 1076 3386 praetereunt,
1121 3317 1222 3368 aut
1278 3321 1338 3366 ut
1387 3313 1557 3368 ﬂores
1598 3313 1755 3368 verni
1811 3328 2084 3368 corrum-

446 3408 683 3475 puntur.
738 3403 818 3458 Ad
862 3401 982 3457 hac
1033 3402 1080 3456 si
1132 3401 1306 3456 etiam
1353 3401 1410 3456 in
1461 3400 1629 3456 terris
1689 3400 1914 3472 positus
1956 3417 2084 3456 sese

439 3495 834 3551 arbitrabatur
865 3493 1198 3565 indignum,
1245 3491 1344 3562 qui
1388 3491 1474 3546 vel
1505 3490 1561 3546 in
1597 3507 1841 3547 numero
1869 3508 2080 3549 mona—

437 3585 680 3640 chorum
726 3591 1063 3639 conseretur
1115 3581 1293 3652 (quod
1335 3597 1574 3636 summa
1614 3581 1741 3651 ejus
1783 3581 2080 3636 modestia

438 3673 716 3730 indicium
749 3677 803 3728 et
835 3677 1049 3727 sancta
1095 3671 1304 3725 anima
1355 3673 1476 3724 erat
1515 3671 1871 3740 praecipuum
1905 3686 2080 3741 argu-

2191 2680 2460 2756 εὐφημίαν
2487 2699 2500 2712 '
2533 2682 2616 2742 τίς
2642 2683 2746 2757 γὰρ
2794 2683 2884 2736 καὶ
2933 2683 3094 2757 χάρις
3138 2689 3217 2756 τῷ
3271 2682 3467 2757 μηδενὶ
3516 2688 3821 2763 τερπομὲνῳ

2185 2775 2292 2824 τῶν
2323 2768 2473 2842 τῇδε,
2507 2769 2615 2841 ἤδη
2646 2773 2747 2841 τήν
2772 2771 3134 2847 ὑπερκόσμιον
3168 2771 3395 2848 λαχόντι
3430 2774 3608 2848 λῆξιν,
3641 2779 3704 2844 ἧς
3731 2779 3824 2837 πᾶς

2189 2861 2464 2937 ἐηιτυχὼν
2517 2859 2836 2937 διαγελᾷτά
2865 2865 3123 2936 παρόντα,
3158 2866 3231 2924 ὡς
3288 2863 3529 2937 μηδενὸς
3568 2866 3621 2921 ἐν
3650 2867 3822 2927 αὐτοῖς

2190 2947 2345 3012 ὄντος
2377 2951 2642 3025 στασίμου
2673 2973 2730 3006 τε
2765 2952 2854 3006 καὶ
2889 2953 3179 3026 μακαρίου,
3213 2952 3339 3009 ἀλλ’
3367 2953 3468 3009 ⁹ίσα
3519 2962 3692 3019 σκιαῖς
3731 2976 3822 3009 πα-

2193 3041 2572 3118 ρατρὲχοντος,
2616 3042 2703 3095 καὶ
2755 3041 2958 3096 ἄνθεσιν
3009 3044 3222 3116 ἠρινοῖς
3275 3043 3818 3119 ἀπομαραινομὲνυυ;

2191 3129 2415 3191 Ἀλλως
2444 3151 2522 3197 τε,
2553 3130 2603 3184 εἷ’
2627 3126 2705 3185 ἔτι
2736 3131 2867 3205 ὑπὲρ
2898 3138 3001 3205 γῆν
3045 3131 3144 3201 ὤν,
3185 3132 3395 3204 ἀνάξιον
3423 3135 3613 3190 ἑαυτὸν
3644 3137 3821 3209 ἠγεῖτο

2190 3224 2277 3276 καὶ
2309 3228 2426 3285 τοῖς
2476 3221 2668 3284 ἁπλῶς
2705 3229 2994 3294 μονασταῖς
3043 3223 3170 3299 ἐγκα
3205 3227 3312 3299 [τα]
3359 3227 3669 3296 τάττεσθαι,
3700 3226 3820 3300 ὅπερ

2193 3313 2258 3381 ἦν
2319 3313 2482 3386 ἄκρας
2550 3313 3048 3389 ταπεινοφροσύνης
3109 3311 3330 3391 δεῖγμα,
3381 3316 3474 3370 καὶ
3527 3324 3626 3385 τῆς
3683 3315 3821 3391 ἁγίας

2192 3399 2400 3470 ἐκείνης
2459 3404 2642 3476 ψυχῆς
2690 3401 3046 3474 προτέρημα·
3107 3407 3223 3463 πῶς
3284 3401 3342 3457 ἂν
3405 3404 3681 3477 μετελθὼν
3727 3407 3821 3458 τῶν

2193 3487 2422 3557 ἐνθένδε,
2465 3490 2555 3544 καὶ
2605 3489 2656 3544 ἐν
2699 3485 2816 3550 τοῖς
2859 3490 3154 3564 ἀκηράτοις
3202 3493 3516 3566 γενόμενος,
3576 3491 3697 3547 ἔνθα
3737 3513 3822 3546 κε·-

2190 3585 2288 3646 νῆς
2341 3576 2500 3651 δόξης
2552 3577 2781 3651 οὐδεμία
2830 3575 3030 3657 ἔφεσις,
3070 3580 3273 3652 ταύτης
3332 3581 3678 3654 ἐκζητήσειεν
3707 3581 3821 3654 παρ’

2192 3671 2375 3742 ἡμῶν,
2410 3666 2498 3723 διά
2526 3673 2635 3722 τῶν
2667 3669 2893 3724 ἐπαίνων
2926 3669 3297 3740 ἐπιτεόξασθαι
3324 3698 3338 3739 ς

439 3765 728 3832 mentum)
767 3761 1056 3832 quomodo
1089 3776 1264 3828 nunc,
1312 3763 1619 3831 postquam
1652 3758 1789 3813 hinc
1812 3760 2116 3829 emigravit
2146 3766 2200 3815 et
2252 3761 2717 3828 incorruptibilia
2765 3760 2917 3816 bona
2966 3762 3243 3832 possidet,
3290 3763 3442 3816 inter
3501 3780 3625 3833 qua
3684 3760 3830 3816 nulla

439 3862 523 3910 est
554 3855 745 3908 inanis
777 3851 974 3923 gloria
1007 3850 1356 3920 appetentis,
1387 3848 1545 3903 illam
1582 3865 1683 3919 per
1713 3854 1942 3904 nostras
1975 3849 2176 3905 laudes
2208 3850 2558 3904 desideraret
2589 3850 2919 3921 consequi?

503 3946 556 3998 2.
594 3943 862 3998 Laudabo
888 3955 1021 4011 ergo
1051 3955 1206 4010 eum,
1247 3939 1346 4011 qui
1379 3940 1451 3994 ad
1484 3939 1612 4005 hoc,
1653 3939 1698 3992 si
1733 3939 1865 4009 quis
1895 3939 2066 4008 alius,

2247 3940 2316 4012 β’.
2359 3936 2515 3992 Ἀλλ’
2563 3937 2644 3993 ὅτι
2693 3938 2857 4014 χρέος
2891 3937 3015 4013 ἐμοὶ
3065 3938 3213 4013 suis?
3244 3941 3346 3993 τινὶ
3396 3939 3560 4012 ἄλλῳ
3638 3937 3824 3993 δικαιό-

431 4033 761 4106 justissima
818 4030 1060 4100 obligor,
1119 4032 1248 4083 tum
1300 4044 1402 4099 pro
1447 4028 1576 4098 ejus
1636 4029 1694 4082 in
1756 4044 1845 4083 me
1875 4027 2082 4084 ofﬁciis

439 4123 658 4189 multis,
692 4127 814 4177 tum
848 4119 934 4176 vel
976 4119 1226 4175 maxime
1268 4136 1368 4190 pro
1409 4122 1534 4190 ipsa
1577 4119 1704 4186 hac,
1735 4119 2078 4189 qualiscun»

439 4228 549 4284 que
579 4219 684 4280 est,
731 4209 960 4266 dicendi
1011 4208 1299 4272 facultate.
1340 4225 1508 4279 quam
1561 4207 1863 4263 laboribus
1907 4214 1963 4262 et
1993 4208 2081 4263 in-

444 4301 668 4356 dustria
717 4301 844 4370 ejus
891 4297 1177 4354 excultam
1229 4297 1519 4367 possideo,
1570 4296 1738 4368 eique
1791 4313 1882 4352 me
1931 4297 2084 4351 velut

440 4392 594 4447 Patri
625 4395 920 4461 acceptam
953 4390 1166 4445 referre
1195 4396 1433 4458 Oportet.
1475 4387 1672 4459 Neque
1733 4393 1928 4443 tamen
1991 4402 2080 4442 me

442 4482 728 4537 existimet
769 4479 1052 4551 quispiam
1099 4478 1156 4534 id
1196 4493 1424 4549 quoque
1455 4482 1740 4548 spectare,
1775 4478 1928 4548 quod
1963 4480 2088 4532 laus

442 4571 594 4628 Patri
629 4570 838 4636 danda,
872 4568 1264 4624 redundatura
1295 4567 1372 4621 sit
1402 4567 1461 4622 in
1494 4566 1700 4635 ﬁlium,
1737 4567 1899 4636 juxta
1943 4565 2086 4621 illud

441 4659 771 4730 Sapientis:
812 4658 995 4713 Gloria
1034 4656 1279 4711 hominis
1325 4673 1395 4712 ex
1446 4656 1651 4711 honore
1691 4655 1881 4726 patris
1928 4655 2015 4710 sui
2048 4655 2086 4709 ¹.

440 4748 570 4805 Scio
602 4749 758 4805 enim
801 4747 951 4820 quod
1017 4745 1108 4800 cui
1141 4745 1294 4800 domi
1356 4761 1473 4800 sua
1506 4753 1559 4800 et
1589 4761 1623 4800 a
1671 4744 1861 4816 seipse
1905 4744 2088 4816 gloria

442 4837 720 4911 suppetit,
754 4837 804 4893 is
828 4855 861 4891 a
884 4841 1048 4908 patre
1074 4835 1250 4891 etiam
1291 4835 1572 4891 honorem
1603 4835 1917 4905 accipiens,
1950 4851 2090 4890 eva-

443 4930 538 4984 dat
587 4926 924 5000 gloriosior:
975 4926 1066 4980 sin
1114 4924 1328 4990 minus,
1379 4929 1655 4995 paternas
1687 4923 1890 4979 laudes
1939 4923 2090 4978 nihil

443 5019 723 5090 prodesse
762 5016 834 5082 ei,
867 5015 963 5085 qui
995 5031 1098 5086 per
1140 5030 1202 5069 se
1239 5012 1521 5083 inglorius
1562 5017 1734 5084 atque
1766 5012 2090 5069 inhonorus

445 5112 550 5174 est,
584 5104 776 5176 qualis
822 5119 947 5158 esse
974 5103 1188 5157 videor.
1245 5101 1351 5155 Fas
1407 5105 1600 5156 tamen
1636 5117 1749 5156 non
1795 5109 1878 5155 est
1912 5104 2090 5155 vitam

446 5195 602 5249 illius
632 5211 699 5248 ex
729 5193 944 5246 virtute
976 5195 1160 5246 actam
1195 5189 1301 5245 sub
1323 5189 1515 5244 modio
1547 5190 2087 5259 silentii,tanquam

2187 4049 2370 4094 τατον,
2424 4027 2696 4104 ὀφείλοντι
2742 4028 2876 4100 μετά
2924 4033 3030 4082 τῶν
3082 4027 3292 4097 ἄλλων,
3337 4029 3429 4083 καί
3482 4032 3620 4107 ὑπὲιρ
3665 4031 3816 4084 αὐτοῦ

2189 4123 2286 4172 τοῦ
2349 4117 2497 4178 ὅπως
2559 4116 2670 4182 οῦν,
2717 4121 2807 4172 καὶ
2847 4117 2935 4172 ὐπ’
2985 4117 3190 4172 ἐκείνου
3243 4119 3418 4173 πόνων
3467 4141 3526 4174 τε
3582 4120 3670 4173 καὶ
3719 4117 3824 4171 ἐπι-

2195 4211 2431 4278 μελειῶν
2465 4205 2766 4278 προσόντος
2809 4227 2903 4278 μοι
2935 4205 3129 4279 λόγου,
3164 4207 3250 4261 οἶά
3300 4228 3416 4261 τινα
3463 4204 3728 4279 ἀμοιϐὴν,
3755 4203 3823 4275 τῷ

2195 4297 2363 4369 Πατρὶ
2393 4296 2484 4349 τὸν
2521 4295 2681 4369 λόγον
2715 4297 3035 4365 ἀναθήσειν·
3086 4296 3331 4370 καίτοιγε
3382 4302 3619 4351 συννοῶν
3650 4298 3820 4366 ὅτιπερ

2195 4384 2513 4457 ὁπατρικὸς
2563 4378 2781 4445 ἔπαινος
2832 4385 2906 4446 εἰς
2955 4385 3078 4438 υἱοῦ
3110 4383 3264 4454 δόξαν
3313 4385 3653 4464 ἀναφέρεται,
3702 4383 3821 4438 κατὰ

2195 4473 2415 4528 εἰπόντα
2473 4474 2679 4548 σοφόν·
2741 4478 2804 4529 Ἡ
2854 4471 2981 4543 δόξα
3040 4475 3329 4548 ἀνθρώπου
3408 4473 3467 4529 ἐκ
3522 4481 3686 4546 τιμῆς
3737 4476 3821 4526 τοῦ

2197 4564 2400 4637 πατρὸς
2459 4561 2646 4630 αὐτοῦ,
2681 4561 2743 4616 οὐ
2794 4565 2900 4635 μην
2948 4560 3035 4617 διὰ
3078 4567 3259 4632 τοῦτο,
3295 4565 3369 4624 ὡς
3400 4565 3460 4618 ἂν
3490 4586 3572 4626 τις
3622 4561 3819 4631 οἰηθείη

2197 4650 2513 4722 ἐπαινέσων,
2549 4649 2706 4713 εῒδὼς
2754 4653 2942 4720 πάλιν,
2993 4653 3065 4714 ὡς
3113 4649 3360 4721 ἕκαστος,
3395 4653 3439 4707 εἰ
3493 4652 3698 4707 οἷ’κοθεν
3745 4645 3822 4701 καὶ

2197 4745 2324 4817 παρ’
2384 4744 2574 4797 ἑαυτοῦ
2631 4744 2693 4797 τὸ
2747 4741 2957 4804 εὐκλεὲς
3017 4740 3163 4821 ἔχοι,
3229 4741 3604 4817 εὐκλεὲστερος
3650 4741 3707 4795 ἄν
3747 4737 3819 4804 εἴη

3427 4833 3468 4849 Ἇὶ

2197 4834 2286 4887 καὶ
2336 4832 2597 4907 πατρόθεν
2651 4829 2807 4900 δόξαν
2859 4832 3282 4906 ἐρανιζὸμενος·
3315 4832 3364 4885 τί
3425 4833 3477 4886 δὲ
3529 4834 3628 4904 μὴ,
3680 4827 3819 4883 οὐδὲν

2199 4921 2435 4989 ὀνίνησιν
2497 4921 2558 4975 τὸ
2598 4921 2859 4994 πατρικὸν
2913 4923 3073 4994 γὲρας
3125 4922 3215 4975 τὸν
3260 4921 3426 4990 ἀκλεῆ
3477 4942 3537 4975 τε
3579 4921 3665 4974 καὶ
3710 4914 3820 4992 ἀγέο

2199 5032 2414 5084 ραστον,
2449 5013 2563 5070 οἷος
2597 5010 2704 5086 ἐγὼ
2736 5011 2995 5086 φαίνομαι
3021 5055 3033 5066 .
3069 5009 3228 5065 Ἀλλ’
3261 5009 3347 5065 ὅτι
3389 5011 3497 5086 οὐχ
3529 5009 3698 5074 ὅσιον,
3729 5005 3818 5060 ὑπὸ

2195 5101 2286 5154 τὸν
2337 5107 2436 5167 τῆς
2488 5107 2645 5171 σιγῆς
2700 5097 2888 5169 μέδων
2939 5103 3124 5168 θεῖναι,
3179 5100 3417 5172 καθάπερ
3464 5100 3586 5153 τινα
3635 5096 3816 5169 λύχνον

2196 5189 2479 5263 ἀείφωτον,
2512 5190 2602 5243 τὸν
2634 5188 2876 5260 ἐνάρετον
2913 5188 3144 5256 ἐκείνου,
3167 5187 3298 5243 ἀλλ’
3330 5187 3415 5243 ἐπὶ
3445 5189 3543 5256 τήν
3598 5184 3812 5259 λογικήν

447 5283 747 5339 lucernam
791 5281 1028 5346 abdere;
1080 5295 1209 5350 qua
1257 5295 1434 5349 supra
1482 5278 1760 5334 rationale
1813 5278 2082 5333 candela-

2206 5277 2436 5356 λυχνίαν
2488 5280 2967 5352 μαρμαρύσσοντα.
3011 5277 3193 5352 θαρῥῶ
3240 5277 3441 5354 λέγειν,
3475 5278 3536 5332 οὐ
3584 5280 3660 5346 τῷ
3701 5271 3818 5326 δεῖνι

450 5375 623 5428 brum
679 5371 888 5442 posita,
932 5369 1155 5439 fulgere
1196 5368 1387 5432 debet,
1423 5384 1532 5421 non
1571 5368 1666 5421 uni
1700 5367 1954 5427 alterive.
1989 5369 2088 5423 sed

449 5462 724 5518 omnibus
779 5460 1048 5529 (fidenter
1114 5456 1334 5530 loquor)
1392 5458 1492 5528 qui
1560 5457 1618 5510 in
1682 5456 1932 5512 Ecclesia
1990 5457 2089 5513 Dei

451 5557 607 5608 sunt.
659 5553 844 5614 Quare
903 5565 1035 5604 cum
1077 5547 1201 5618 jam
1245 5548 1706 5602 demonstratum
1757 5545 1829 5601 sit
1876 5561 1969 5601 me
2017 5549 2090 5602 ad

523 5732 540 5766 ¹
572 5725 746 5786 Eccli.
780 5744 864 5796 ιιι,
901 5726 985 5784 13.

2201 5368 2289 5422 καὶ
2324 5365 2475 5438 δεῖνι,
2509 5367 2654 5424 ἀλλὰ
2685 5366 2876 5444 σχεδὸν
2911 5368 3076 5423 εἰπεῖν
3109 5373 3238 5422 πᾶσι
3267 5374 3385 5429 τοῖς
3417 5365 3468 5422 ἑὸ
3499 5371 3568 5440 τῇ
3591 5369 3683 5420 τοῦ
3699 5362 3816 5416 Θεοῦ

2201 5456 2534 5530 Ἐκκλησία.
2590 5459 2740 5512 Ἐπεὶ
2776 5455 2864 5512 οῦν
2915 5456 3209 5525 λυσιτελής
3259 5459 3392 5529 ἡμῖν
3428 5457 3516 5510 καὶ
3568 5453 3817 5525 ὑπόχρεος

2201 5548 2333 5600 κατά
2371 5552 2466 5602 τοῦ
2498 5549 2566 5619 (⁸2)
2597 5545 2815 5622 ἐδείχθη
2851 5548 2878 5602 6
2910 5545 3100 5621 λόγος,
3133 5545 3276 5622 ἔχων
3309 5547 3441 5618 μετὰ
3473 5539 3703 5613 ἀληθοῦς
3739 5535 3813 5592 καὶ
