4090 6288
305 383 421 444 805

984 389 1278 454 ORATIO
1322 392 1425 455 XI.
1473 426 1551 441 --
1594 397 1992 465 LAUDA'I‘IO
2038 405 2098 469 S.
2146 409 2531 479 PLATOle
2573 420 3015 483 HEGUMENI.

3601 424 3720 484 806

301 515 362 569 τὸ
394 518 677 630 χρήσιμον
723 518 920 589 ἡλίκον
969 540 984 554 ⁸
1024 525 1150 604 φέρε
1201 526 1400 584 ἐκεῖθεν
1441 529 1805 608 ἀπαρξώμεθα
1853 540 1944 593 τῶι

2076 546 2224 605 hanc
2255 552 2576 609 orationem
2608 560 2661 610 et
2692 554 3045 629 obligatione
3084 557 3317 630 propria
3365 560 3423 613 et
3471 557 3719 615 utilitate

301 607 615 681 εγκωμίων,
650 612 774 667 ὅθεν
806 615 895 669 καὶ
931 614 1403 689 πρεπωδέστατον.

729 945 1142 1003 ΚΕΧΑΛΑΙΟΝ
1181 951 1481 1009 ΠΡΩΤΟΝ.

2071 636 2259 694 aliena
2305 640 2613 699 inductum
2663 646 2934 702 accedere
2977 650 3086 715 (est
3134 648 3287 703 enim
3319 647 3549 703 veritati
3581 664 3723 703 con-

2064 726 2261 797 juncta
2292 730 2559 805 utilitas),
2595 748 2699 805 age
2732 735 3128 791 laudationem
3171 737 3243 791 ab
3275 753 3341 792 eo
3397 738 3721 808 ordiamur,

2070 817 2223 874 unde
2255 821 2543 893 pracipue
2575 825 2842 880 convenit
2873 824 3107 880 initium
3139 825 3368 883 ducere.

2619 967 2843 1024 CAPUT
2872 968 3177 1026 PRIMUM.

1368 1080 1554 1151 Ortus,
1598 1083 1865 1157 educatio,
1896 1102 2133 1147 secessus
2192 1090 2253 1147 in
2308 1092 2650 1166 Bithyniam.

373 1156 443 1248 γ’.
480 1157 710 1248 Πατέρες
746 1159 838 1231 μὲν
870 1164 948 1233 τῷ
998 1164 1249 1239 μακαρίῳ
1310 1167 1589 1239 Πλάτωνι,
1622 1156 1962 1248 Σέργιοςκαὶ

317 1242 601 1319 Εὐφημία,
634 1247 705 1301 ὧν
732 1249 795 1302 τὸ
826 1248 1027 1325 εὐγενὲς
1055 1251 1348 1327 ἐπίσημον,
1380 1259 1467 1311 καὶ
1518 1264 1546 1314 ὁ
1599 1242 1806 1337 τρόπος
1866 1266 1965 1319 οὐκ

796 1335 948 1430 ἤθεσι
997 1428 1005 1430 λ
1029 1344 1423 1417 χρηστοτέροις
1510 1335 1963 1430 ἀναστρεφόμενοι

306 1421 398 1475 καὶ
431 1421 719 1497 οἷκουριῶν
755 1424 1094 1499 ἐπιμελείαις
1124 1434 1189 1486 τὰ
1228 1432 1412 1489 ἐνόντα
1462 1438 1597 1513 ὑπὲρ
1654 1421 1780 1503 τοὺς
1815 1421 1962 1496 ’πολ-

303 1331 650 1408 ἆγενέστερος
710 1354 723 1367 °

2146 1182 2198 1236 3.
2232 1182 2386 1239 Beati
2416 1182 2673 1241 Platonis
2706 1191 2972 1257 parentes
3003 1187 3236 1260 Sergius
3267 1192 3444 1262 atque
3494 1190 3719 1263 Euphe-

2076 1270 2193 1327 mia
2223 1272 2479 1340 fuerunt,
2502 1290 2822 1347 eorumque
2852 1281 2907 1332 et
2938 1292 3119 1349 genus
3161 1276 3409 1345 illustre,
3442 1284 3499 1335 et
3528 1281 3715 1337 nihilo

2075 1361 2270 1418 minus
2302 1362 2555 1419 illustres
2585 1366 2823 1421 virtutes
2860 1384 2871 1421 :
2923 1367 3159 1439 optimis
3205 1374 3399 1425 autem
3449 1371 3714 1426 moribus

2072 1452 2369 1521 providam
2403 1452 2705 1509 familiaris
2728 1455 2805 1509 rei
2831 1472 3025 1511 curam
3052 1464 3337 1529 gerentes,
3356 1456 3515 1513 illam
3540 1475 3715 1530 supra

298 1508 435 1573 λοὺς
473 1510 737 1586 αὔξοντες,
770 1517 859 1571 καὶ
923 1517 1167 1589 ζηλωτοὶ
1231 1522 1317 1580 διὰ
1383 1532 1550 1583 ταῦτα
1609 1537 1944 1607 συγγενεῦσιν

307 1600 320 1621 ε
392 1599 403 1616 ι
758 1606 780 1621 τ
997 1611 1008 1621 ·
1112 1616 1139 1621 -·
1243 1611 1329 1621 ·¹““
1530 1619 1538 1621 ‘
1792 1620 1798 1621 '

2072 1508 2091 1521 .
2689 1508 2699 1509 κ
2768 1508 2779 1509 κ
2838 1508 2852 1510 -
3052 1508 3337 1529 ον-τ---ηι
3360 1508 3515 1513 ---π-
3540 1508 3715 1530 ——.--—

2062 1539 2272 1597 multos
2300 1551 2602 1608 auxerunt,
2638 1544 2812 1600 etiam
2851 1563 3031 1617 usque
3074 1548 3145 1602 ad
3177 1549 3458 1603 invidiam
3491 1566 3715 1621 cogna-

301 1599 641 1679 ὑπάρχοντες
678 1625 688 1634 ·
726 1606 834 1669 οἷς,
884 1611 1020 1679 μετά
1073 1616 1179 1665 τῶν
1237 1611 1426 1669 ἄλλων
1479 1599 1733 1693 μέγιστον.
1789 1620 1954 1697 ἐγκώ-

300 1710 424 1761 μιον
458 1692 543 1744 καὶ
581 1692 850 1755 εὐτεκνίας
892 1694 1144 1772 δώρημα.
1195 1704 1433 1776 Φέρουσι
1479 1692 1578 1781 γὰρ
1640 1692 1837 1783 ὥσπερ⁷
1866 1734 1953 1766 τι-

292 1778 356 1832 νὰ
384 1778 637 1855 εύθυγενῆ
704 1781 961 1857 βλαστὸν,
1008 1786 1098 1842 σὺν
1159 1787 1274 1844 δυσῖ
1336 1794 1650 1870 Θυγατράσι,
1709 1801 1799 1853 τὸν
1859 1805 1949 1855 νῦν

295 1864 709 1942 ἐπαινούμενον,
773 1872 896 1927 οὐδὲ
962 1874 1146 1938 αὐταῖς
1221 1879 1468 1937 ἀκλεέσιν
1529 1885 1830 1960 ὀφθείσαις,
1875 1891 1948 1943 ὧν

297 1954 488 2012 πολλά
532 1960 620 2013 καὶ
654 1960 796 2015 καλᾶ
824 1963 890 2015 τὰ
941 1961 1276 2041 διηγήματα,
1310 1979 1410 2040 τῆς
1472 1954 1584 2047 μὲν·
1617 1974 1667 2031 ἐν
1717 1954 1945 2049 τῴνκοι-

293 2050 512 2118 νωνικῷ
552 2046 673 2138 *βίῳ
722 2047 1116 2127 διαπρεψᾶσης,
1144 2065 1264 2127 τῆς,
1316 2060 1365 2132 ἐξ
1397 2065 1462 2130 ἧς
1510 2064 1599 2118 καὶ
1630 2046 1813 2138 ἡμεῖς,
1848 2071 1943 2123 κᾶν

293 2138 373 2205 τῷ
408 2134 681 2209 μοναδικῷ
724 2140 961 2214 τάγματι
1013 2142 1415 2221 διαλαμψοὶσης.
1476 2134 1693 2226 Ἐρειδῆ
1749 2134 1807 2210 δέ
1860 2159 1946 2211 ἒν-

294 2224 627 2299 ἐσκηψεκατ’
646 2229 816 2287 ἐκεῖνο
848 2239 1038 2303 καιροῦ
1073 2236 1207 2311 ὀργὴ
1252 2240 1500 2314 οὐράνιος
1539 2244 1679 2319 (ἄγει
1726 2270 1790 2319 με
1843 2250 1945 2324 γαρ

290 2315 492 2385 ταύτην
550 2315 797 2387 δηλῶσαι
856 2324 889 2390 ἡ
952 2324 1245 2399 ὑπόθεσις),
1308 2332 1507 2406 φθορὰν
1549 2315 1652 2388 γὸτι
1706 2315 1943 2407 μάλιᾶτᾷ

295 2401 568 2477 ἐπάγουσα
598 2405 912 2482 πάνδημον,
946 2413 1045 2469 οὐκ
1088 2412 1299 2490 ὀλίγαις
1335 2420 1427 2492 μὲν
1480 2420 1677 2486 ἄλλαις
1734 2427 1943 2499 χώραις

295 2495 465 2547 τεκαὶ
500 2494 724 2551 πόλεσιν
774 2499 1203 2575 μετενδημοῦσα,
1240 2505 1420 2583 ὥσπερ
1465 2514 1555 2581 λτις
1598 2513 1940 2589 Αἰγυπτιακή

299 2585 487 2659 μάστιξ
522 2585 572 2641 ἐν
608 2587 773 2657 τῆσδε
805 2591 880 2652 εἰς
911 2592 1095 2664 τήνδε,
1131 2596 1371 2669 μάλιστα
1421 2598 1477 2656 δὲ
1505 2607 1572 2676 τῇ
1627 2585 1943 2679 βασιλιζού-

290 2694 357 2746 σῃ
410 2675 693 2745 Βυζαντίδι
750 2698 764 2710 ’
812 2681 980 2755 ταύτῃ
1028 2705 1114 2738 τοι
1162 2688 1251 2741 καὶ
1307 2691 1639 2747 καταλύουσι
1681 2696 1769 2749 τὸν
1824 2698 1941 2772 βίον

292 2763 345 2816 οἱ
375 2763 719 2836 ἀείμνηστοί.
754 2768 869 2826 Οὐκ
910 2768 1131 2847 ἄκαιρον
1175 2774 1232 2831 δὲ
1297 2780 1446 2854 ιοὶχα,
1506 2782 1773 2859 ὠφελείας
1824 2763 1941 2861 ’χά-

289 2874 372 2927 ριν
433 2857 523 2908 καὶ
578 2861 668 2910 τὸν
718 2865 813 2914 τοῦ
870 2864 1101 2919 θανάτου
1144 2869 1345 2942 τρόπον
1412 2870 1741 2946 ἐπισημᾶναι
1784 2895 1796 2907 ’

284 2944 561 3019 νοιτογᾶρ
615 2946 741 3003 ἄντο
794 2948 1041 3027 διήγημα
1091 2954 1440 3031 ἐκδειματοῦν
1484 2963 1577 3024 τὰς
1610 2966 1790 3039 ψυχὰς
1828 2971 1936 3022 τῶν

289 3037 525 3096 συνετῶς
556 3035 878 3096 ἐπαϊόντων.

368 3301 432 3361 δ’.
488 3306 725 3379 Ἑωρᾶτο
784 3310 1001 3380 ἐξάπινα
1056 3314 1106 3368 ἐν
1180 3324 1294 3379 τοῖς
1353 3318 1575 3376 ἑκάστου
1620 3323 1938 3399 ἐσθήμασιν,

292 3390 346 3446 ἐν
381 3392 570 3472 βαφίδι
602 3396 875 3471 ἐλαιώδει,
907 3403 967 3457 τὸ
1016 3409 1248 3479 σημεῖον
1297 3414 1393 3463 τοῦ
1452 3416 1725 3480 ζωοποιοῦ
1784 3437 1941 3470 σταυ-

295 3481 394 3555 ροῦ
434 3487 865 3560 κατεστιγμένον,
934 3494 1023 3546 οἷα
1076 3495 1221 3570 παρᾶ
1286 3500 1472 3573 χειρὸς
1530 3502 1942 3579 ὡραιογραφού-

294 3591 417 3643 σης,
473 3572 689 3645 μᾶλλον
743 3574 799 3633 δὲ
845 3578 933 3633 ἐπὶ
985 3586 1117 3636 Θεοῦ
1168 3584 1420 3660 δακτύλῳ
1487 3572 1588 3645 καὶ·
1628 3572 1940 3669 ὑπέρτερον.

292 3660 572 3734 Ἐϐροεῖτο
605 3664 632 3717 ὁ
662 3663 913 3743 ληφθεὶς,
947 3668 1151 3725 ὕπεισίν
1186 3675 1237 3727 οἱ
1271 3674 1424 3737 εὐθὺς
1458 3679 1485 3732 ὁ
1533 3660 1757 3743 θάνατος
1788 3702 1805 3720 ο
1826 3660 1944 3738 ἀύ-

296 3751 538 3825 Θημερὸν
595 3760 692 3809 τοῦ
750 3757 935 3829 αὐτοῦ,
995 3762 1085 3813 καὶ
1140 3764 1323 3838 νεκρὸν
1382 3766 1793 3839 ἐκκομίζοντος,
1853 3773 1943 3828 καὶ

292 3846 486 3915 νεκροῦ
528 3841 983 3918 ἐκκομιζομένου,
1033 3848 1128 3905 δύο
1178 3853 1262 3909 ἐπὶ
1326 3860 1421 3911 τοῦ
1479 3860 1646 3914 αὐτοῦ
1696 3860 1945 3937 ἐπισκιμ-

291 3929 485 4030 ποδρς,
519 3932 721 4030 Αδισδύο
771 3936 858 3993 ἐπὶ
914 3941 1055 4009 ζώου
1101 3943 1416 4024 ἀχθοφόρου
1479 3969 1490 3981 ·
1549 3953 1743 4030 φόρτοι
1801 3929 1944 4010 ἀλλ-

295 4021 610 4094 ἐπάλληλοι
641 4024 923 4103 δυστυχῶν
958 4034 1224 4105 σωμάτων
1258 4021 1268 4066 λ
1306 4038 1495 4112 θρῆνοι
1540 4021 1818 4119 πανταχοῦ
1848 4067 1942 4101 πε-

296 4112 664 4204 ριηχούμενοι
687 4118 776 4170 καὶ
809 4117 1222 4197 ἐλεεινολογίαι,
1256 4125 1484 4193 ἠτόνουν
1515 4130 1565 4182 o't
1597 4112 1941 4204 ἐκκομισταὶ,

295 4199 579 4272 ἐσπάνιζον
622 4206 677 4257 o't
720 4205 1088 4283 ἐνταφιασταὶ,
1120 4210 1392 4269 ἐκλείοντο
1452 4217 1613 4288 οἶκοι,
1668 4219 1942 4277 ἐκενοῦντο

2066 1634 2284 1685 torum.
2317 1631 2440 1687 Prae
2473 1634 2693 1689 ceteris
2742 1638 2940 1691 tamen
2971 1635 3268 1703 laudibus,
3314 1640 3713 1694 commendari

2059 1719 2119 1774 in
2154 1721 2292 1791 ipsis
2326 1727 2579 1776 meretur
2605 1722 2917 1779 liberorum
2953 1725 3381 1797 gignendorum
3417 1727 3659 1784 felicitas
3693 1744 3708 1785 :

2063 1812 2258 1880 utpote
2308 1811 2430 1881 qui,
2479 1812 2639 1866 velut
2685 1811 2913 1869 illustre
2982 1830 3262 1886 germem,
3328 1815 3484 1870 hunc
3535 1834 3711 1889 quem

2058 1899 2229 1953 modo
2259 1898 2590 1970 laudamus,
2623 1902 2929 1971 protulere,
2966 1918 3083 1958 una
3112 1920 3243 1958 cum
3284 1904 3510 1961 duabus
3556 1906 3710 1962 ﬁlia-

2058 1986 2165 2041 bus
2196 1988 2296 2058 (1),
2331 2004 2434 2043 nec
2466 1989 2610 2061 ipsis
2642 1989 2904 2060 ingloriis
2952 1992 3110 2062 (nam
3160 1996 3217 2048 et
3264 1993 3335 2048 de
3383 1993 3473 2049 bis
3524 1995 3710 2052 multa

2055 2078 2446 2150 praeclaraque
2479 2078 2589 2134 dici
2625 2082 2905 2151 possent),
2936 2097 3183 2152 quarum
3226 2098 3344 2137 una
3374 2083 3615 2155 quidem
3647 2085 3708 2141 in

2055 2165 2319 2221 saeculari
2347 2168 2463 2222 vita
2494 2167 2871 2225 laudabiliter
2891 2174 2977 2225 est
3005 2179 3377 2241 conversata;
3404 2172 3583 2228 altera
3605 2173 3702 2245 (2).

2056 2256 2208 2311 unde
2234 2257 2350 2311 nati
2382 2274 2489 2313 nos
2539 2275 2769 2326 sumus,
2799 2260 2975 2315 etiam
3029 2260 3088 2315 in
3137 2260 3455 2317 monastico
3504 2262 3707 2318 ordine

2053 2344 2287 2401 elIulsit.
2322 2347 2499 2402 Porro
2550 2348 2797 2405 caelestis
2848 2338 3113 2421 quasdam
3174 2351 3258 2405 ira
3306 2356 3566 2424 tempore
3609 2351 3706 2407 illo

2052 2436 2142 2504 (de
2176 2436 2278 2492 hac
2310 2437 2602 2508 siquidem
2637 2439 2796 2511 loqui
2832 2457 2922 2497 res
2963 2441 3089 2512 ipsa
3136 2446 3353 2509 monet,
3386 2458 3516 2497 cum
3546 2459 3705 2498 mor-

2052 2524 2331 2582 talitatem
2364 2527 2452 2582 vel
2486 2528 2738 2583 maxime
2773 2531 3157 2587 universalem
3197 2531 3552 2603 adduxerit),
3587 2548 3703 2589 non

2052 2616 2248 2684 paucis
2298 2617 2578 2673 duntaxat
2625 2617 2756 2673 aliis
2804 2618 2947 2675 locis
2997 2625 3055 2675 et
3107 2621 3348 2676 urbibus
3386 2621 3702 2677 incubuit:

2050 2702 2148 2756 sed
2209 2719 2278 2758 ex
2336 2720 2449 2760 una
2506 2708 2563 2760 in
2623 2705 2818 2773 aliam,
2883 2708 3067 2762 instar
3121 2708 3443 2780 [Egyptiaci
3493 2707 3705 2777 ﬂagelli

2050 2792 2367 2854 transiens.
2401 2794 2779 2866 Byzantinam
2813 2796 3183 2867 potissimum
3226 2797 3520 2853 civitatem
3555 2796 3707 2853 atl'li-

1850 2878 1937 2953 γὲ-
1970 2896 2013 2964 C
2053 2884 2153 2940 xit.
2189 2889 2250 2941 In
2304 2887 2413 2943 hac
2460 2888 2628 2943 etiam
2677 2889 2857 2944 vitam
2895 2905 3135 2959 posuere
3175 2907 3353 2961 supra
3404 2892 3704 2946 memorati

2051 2990 2117 3029 ac
2148 2990 2373 3046 semper
2413 2978 2771 3032 memorandi
2803 2978 3103 3049 conjuges.
3137 2979 3433 3044 Quomodo
3482 2983 3702 3047 autem,

2050 3060 2108 3116 id
2158 3064 2454 3133 acciderit,
2488 3081 2672 3134 operae
2722 3065 2974 3137 pretium
3026 3066 3197 3121 fuerit
3230 3065 3562 3138 explicare:
3615 3075 3702 3123 est

2052 3150 2209 3205 enim
2241 3152 2367 3221 ejus
2396 3153 2477 3207 eri
2511 3155 2763 3210 narratio
2796 3154 2951 3223 talis,
2984 3158 3039 3209 et
3069 3155 3289 3210 salubri
3322 3156 3529 3211 timore
3560 3172 3702 3212 con-

2052 3244 2249 3297 cutere
2279 3241 2460 3313 possit
2492 3243 2741 3304 animos,
2770 3260 2896 3299 eam
2933 3244 3246 3316 prudenter
3287 3245 3697 3315 suscipientes.

2124 3330 2175 3384 4.
2211 3331 2563 3387 Cernebatur
2593 3334 2663 3388 de
2693 3339 2928 3405 repente
2971 3333 3029 3388 in
3063 3335 3347 3405 cujusque
3378 3335 3590 3389 vestitu
3624 3335 3701 3391 vi-

2053 3419 2231 3474 viﬁcae
2254 3420 2441 3475 crucis
2462 3421 2691 3493 signum
2711 3423 2812 3493 (3),
2830 3426 3088 3478 tincturus
3114 3424 3366 3493 pinguis,
3383 3424 3540 3478 velut
3561 3440 3594 3478 a
3615 3440 3705 3496 pe-

2056 3509 2168 3564 rita
2197 3526 2399 3577 manu,
2434 3527 2534 3565 seu
2567 3512 2757 3583 potius
2788 3511 2982 3567 divino
3014 3513 3197 3583 digito
3243 3528 3489 3584 superne
3528 3512 3704 3568 eﬂ‘or-

2056 3602 2299 3655 matum.
2327 3599 2390 3654 Id
2422 3599 2481 3654 in
2502 3616 2569 3669 se
2601 3600 2963 3671 conspiciens
3013 3602 3378 3669 turbabatur,
3403 3601 3704 3657 subtrahat

2057 3687 2377 3743 accelerate
2393 3706 2547 3746 mors
2565 3710 2577 3758 ;
2596 3691 2796 3746 eodem
2813 3691 2925 3759 die,
2943 3691 3043 3762 qui
3068 3691 3352 3746 extulerat
3381 3697 3697 3760 mortuum,

2057 3782 2323 3833 mortuus
2353 3780 2527 3834 etiam
2562 3780 2685 3851 ipse
2716 3780 3084 3836 efferebatur.
3112 3780 3316 3835 Videre
3333 3782 3620 3837 eratduos
3640 3781 3699 3837 in

2056 3866 2255 3921 eadem
2297 3868 2616 3938 sandapila,
2658 3873 2903 3939 quatuor
2934 3885 3106 3939 super
3137 3885 3317 3924 unum
3361 3870 3699 3939 jumentum

2058 3957 2364 4027 portari,et
2386 3958 2652 4013 cumulos
2687 3959 3010 4014 infelicium
3051 3959 3390 4013 cadaverum
3413 3960 3703 4015 alios.Au-

2056 4047 2364 4101 diebantur
2395 4048 2783 4119 undequaque
2815 4052 3090 4104 sonantes
3120 4048 3388 4119 planctus
3419 4053 3595 4119 atque
3626 4046 3705 4102 la—

2059 4141 2272 4199 menta,
2292 4138 2661 4192 lassabantur
2684 4137 3423 4208 vespillones,rarescebant
3446 4136 3702 4191 libitina-

2060 4225 2122 4279 rii
2137 4226 2574 4290 ,claudebantur
2588 4224 3707 4295 domus,vacuabanturvici,ccemeteria

298 4288 553 4365 ῥεγεῶνες
583 4297 682 4368 (ὁ),
716 4294 1057 4372 ἐπληροῦντο
1089 4301 1446 4379 πολυάνδρια,
1474 4305 1559 4361 ’διᾶ
1596 4308 1758 4381 μέσον)
1792 4309 1938 4366 δυοῖν

2062 4315 2598 4386 τοριοὺαιιιυτςαάεο
2615 4317 3100 4373 utintraduorum
3120 4316 3407 4371 mensium
3426 4315 3704 4387 spatium,

299 4387 516 4452 μηνοῖν,
564 4391 664 4454 τῆς
715 4385 1150 4464 πολυανθρωπου
1200 4414 1257 4448 τε
1299 4395 1387 4448 καὶ
1456 4397 1793 4471 μυριοίκιδος
1844 4404 1945 4456 πό-

299 4469 441 4532 λεως
501 4471 711 4547 ἐρήμου
768 4478 858 4532 καὶ
912 4480 1186 4535 ἀοικίστου
1232 4483 1425 4557 σχεδὸν
1478 4486 1644 4541 εἰπεῖν
1693 4487 1947 4568 ἐποφθεί-

298 4579 418 4628 σης.
451 4564 623 4615 Ταῦτα
682 4563 732 4617 ἐν
783 4567 1015 4642 ἡμέραις
1076 4574 1474 4627 Κωνσταντίνου
1512 4580 1612 4629 τοῦ
1656 4574 1943 4643 συσσεϐοῦς

298 4648 592 4722 βασιλέως,
656 4654 736 4707 ύσ’
793 4658 855 4711 οὗ
916 4660 949 4727 ἡ
1002 4658 1158 4714 εἰκὼν
1190 4665 1287 4715 τοῦ
1317 4668 1549 4736 Χριστοῦ
1581 4664 1942 4742 καθυϐρίσθη,

2059 4405 2195 4457 urbs
2215 4403 2662 4475 populosissima
2676 4405 3464 4477 atquebabitatissima,pene
3478 4403 3704 4458 deserta

2058 4498 2230 4563 atque
2264 4493 2483 4548 inculta
2513 4500 2832 4566 appareret.
2854 4496 3071 4551 Accidit
3099 4495 3207 4550 hoc
3241 4495 3296 4548 in
3330 4494 3533 4549 diebus
3557 4496 3704 4547 Con-

2056 4582 2299 4637 stantini
2326 4583 2404 4653 (4)
2437 4583 2824 4656 imperatoris,
2858 4585 3036 4651 illius,
3070 4585 3333 4655 inquam,
3369 4581 3706 4655 impostoris

2058 4671 2283 4742 nefarii,
2335 4688 2367 4726 a
2408 4688 2523 4742 quo
2572 4673 2759 4746 imago
2805 4675 3011 4732 Christi
3062 4674 3444 4731 simulacrum
3491 4672 3708 4727 erroris

1885 4796 2115 4854 NOT/E.

365 4887 1038 4980 (£)_Qut9_n_iatl‘1‘aptiqua.
1060 4893 1243 4980 Roma
1272 4896 1330 4950 in
1364 4898 1627 4980 regionis
1650 4902 2014 4959 dividebatur
2042 4907 2220 4980 (quod
2287 4908 2343 4962 in
2394 4907 2549 4963 hunc
2602 4926 2787 4980 usque
2832 4910 2983 4965 diem
3034 4911 3301 4980 obtinet),
3328 4908 3505 4963 etiam
3557 4924 3708 4966 nova

293 4957 496 5050 Roma,
548 4957 1084 5035 Constantinopolin
1139 4966 1288 5033 dico,
1341 4957 1630 5039 ejusmodi
1677 4957 2255 5049 nomenwusui-pavit,
2287 4957 2372 5034 ut
2394 4957 2579 5050 “pia—tet
2627 4957 2707 5036 elil
2748 4957 3084 5038 auctoribus
3128 5000 3161 5037 a
3210 4957 3461 5037 Meursio
3506 4995 3712 5035 recen-

293 5028 441 5084 sitis.

363 5156 442 5236 (1)
475 5156 719 5236 Sirletus
746 5166 868 5229 post
898 5161 1035 5236 duas
1062 5163 1209 5231 ﬁlias
1239 5165 1499 5236 genitum
1549 5170 1752 5225 scribit
1783 5187 1795 5225 :
1841 5173 1941 5228 sed

290 5229 482 5310 solum
516 5228 575 5310 in
616 5228 826 5310 Graeco
846 5238 935 5287 est
966 5228 1080 5310 σὺν,
1114 5228 1271 5310 eam:
1295 5237 1356 5292 In
1389 5241 1506 5294 vita
1542 5240 1598 5296 S.
1633 5241 1941 5310 Theodori,

291 5299 440 5354 infra
493 5300 726 5357 citanda
765 5304 829 5357 ad
891 5321 1015 5375 cap.
1049 5307 1102 5373 3,
1154 5307 1264 5363 litt.
1300 5326 1349 5376 c,
1402 5312 1693 5368 adduntur
1740 5299 1943 5372 fratres

292 5376 429 5425 tres.

363 5441 441 5526 (2)
473 5441 801 5526 Tbeoctista
849 5447 1177 5526 appellatur
1220 5449 1280 5526 in
1330 5450 1463 5508 Vita
1519 5455 1578 5509 S.
1632 5455 1942 5526 Theodori,

290 5521 476 5584 nupta
516 5514 793 5599 _P_hotino,
825 5514 941 5599 _qui
1018 5520 1427 5599 magistratum
1478 5528 1548 5580 ab
1594 5514 1942 5599 imperatore

290 5602 418 5667 non_
439 5586 607 5667 valde
653 5586 946 5667 remotum
985 5586 1163 5667 gessit
1201 5609 1212 5645 ε
1265 5596 1435 5649 ambo
1487 5586 1705 5667 postea,
1740 5601 1940 5659 relicto

291 5656 580 5725 conjugio,
614 5659 785 5714 vitam
816 5656 1205 5717 monasticam
1237 5656 1503 5725 amplexi.
1526 5674 1688 5725 sunt.

363 5674 394 5709 n
428 5673 463 5710 u
507 5674 580 5723 ιο,
614 5673 785 5714 vuam
816 5673 1205 5717 monasticam
1237 5681 1330 5719 am
1377 5673 1485 5722 texi
1526 5674 1688 5725 sunt.

363 5673 440 5798 (ὲ)
465 5673 678 5799 graece,
707 5731 765 5785 ἓν
800 5727 989 5808 βαφίδι
1028 5728 1303 5792 ἐλαιώδει.
1336 5682 1584 5798 girletus
1633 5743 1805 5800 vertit
1845 5760 1936 5802 co-

2056 5174 2167 5230 lore
2224 5177 2505 5239 caeruleo;
2586 5179 2849 5234 fortassis
2923 5180 3142 5234 invenit
3191 5174 3447 5243 ὑαλώδει,
3512 5180 3704 5234 vitreo.

2055 5246 2442 5318 Theophanes
2475 5250 2542 5303 ad
2580 5268 2671 5303 an.
2707 5251 2918 5305 Christi
2949 5253 3075 5319 746,
3115 5251 3434 5305 indictione
3476 5250 3560 5317 14,
3595 5251 3709 5306 ista

2056 5320 2251 5392 refert,
2287 5337 2358 5392 ac
2383 5321 2452 5374 de
2484 5338 2651 5392 cruce
2682 5322 2762 5377 sic
2795 5324 3084 5391 exprimit,
3112 5324 3194 5377 Ἐν
3227 5326 3343 5383 τοῖς
3366 5324 3472 5375 τῶν
3506 5320 3708 5392 ἀνθρώ-

2056 5408 2173 5441 πων
2206 5390 2446 5458 ἱματίοις
2478 5392 2566 5465 καὶ
2602 5391 2673 5465 ἐνΔ
2696 5397 2818 5465 τοῖς,
2842 5389 2948 5446 τῶν
3003 5394 3305 5462 ἐκκλησιῶν
3353 5393 3520 5465 ἱεροῖς
3552 5389 3705 5444 ἐνδύ-

2059 5480 2189 5535 μασι
2223 5462 2445 5535 σταυρία
2475 5460 2719 5533 ἐλαιώδη
2762 5462 3014 5521 πλεῖστα.
3048 5471 3113 5520 In
3145 5460 3431 5520 hominum
3475 5466 3703 5518 vestibus

2053 5538 2105 5587 et
2134 5533 2194 5587 in
2237 5533 2590 5589 ecclesiarum
2621 5536 2792 5591 sacris
2831 5539 3188 5601 indumentis,
3222 5552 3405 5591 cruces
3444 5536 3701 5605 plurimae

2051 5605 2315 5687 oleagina
2343 5608 2837 5687 conspiciebantyr.
3202 5678 3223 5687 ν
3362 5677 3372 5687 υ
3442 5680 3459 5687 _
3612 5676 3622 5687 _

2122 5677 2199 5751 (4)
2248 5677 2660 5751 Constantinus
2732 5680 3130 5751 Copronymus
3202 5677 3375 5734 Leoni
3440 5677 3697 5734 Isaurico

2049 5748 2219 5818 patri,
2254 5750 2320 5805 18
2346 5748 2528 5820 Junii,
2560 5767 2656 5808 an.
2692 5752 2793 5807 ’741
2814 5748 3081 5821 'mortuo,
3112 5756 3500 5807 successerat.
