4090 6288
510 373 630 435 807
1758 369 1820 428 S.
1866 367 2262 428 THEODORI
2310 369 2669 432 STUDITE
3771 377 3876 438 808

511 525 614 582 per
672 505 946 579 injuriam
986 503 1295 577 appellata,
1331 507 1432 559 aut
1469 502 1662 558 verius
1705 501 1832 573 ipse
1882 501 2148 558 Christus

2277 497 2498 557 εἷ’δωλον
2553 503 2766 575 πλάνης
2822 506 3184 579 ὀνομασθεῖσα
3232 507 3378 580 παρὰ
3436 509 3532 561 τοῦ
3590 506 3881 564 λαοπλάνου

513 601 662 655 Deus
693 604 887 653 noster
918 593 1268 652 contumelia
1297 597 1385 648 est
1414 592 1657 648 aﬂ'ectus
1683 609 1698 658 ;
1740 591 2022 660 siquidem
2055 590 2156 645 ho-

510 704 616 747 nor
637 687 923 742 exhibitus
953 682 1192 755 imagini
1215 682 1288 737 ad
1312 686 1678 753 prototypum
1702 682 1930 741 transit,
1966 696 2162 750 quem-

511 775 829 834 admodum
862 772 1074 828 alicubi
1109 772 1246 826 dicit
1276 771 1505 825 divinus
1535 769 1800 824 Basilius.
1838 771 2033 839 Itaque
2056 768 2162 823 fuit

512 867 634 923 hec
674 879 851 936 super
891 866 1224 934 peccantem
1277 859 1556 931 populum
1591 858 1925 928 justissima
1973 857 2156 928 virga,

511 960 755 1026 paterna
782 957 978 1008 tamen
1008 951 1355 1006 immensam
1408 953 1669 1003 nostram
1720 947 2158 1018 perversitatem

514 1044 584 1099 ad
617 1042 1053 1100 conversionem
1084 1037 1402 1094 erudientis
1435 1038 1556 1104 Dei,
1591 1041 1646 1092 et
1695 1037 1756 1092 in
1805 1037 1888 1091 ira
1940 1052 2159 1107 prtepa-

513 1133 698 1190 rantis
728 1132 880 1187 viam
913 1129 1143 1198 salutis,
1173 1129 1246 1184 iis
1278 1127 1378 1200 qui
1417 1126 1819 1198 aequanimiter
1850 1126 2161 1182 correctio-

510 1242 645 1283 nem
683 1225 1061 1294 susciperent.
1109 1222 1218 1277 Sed
1262 1222 1330 1276 ad
1381 1222 1610 1276 Patrem
1661 1224 1925 1276 nostrum
1968 1235 2159 1274 sermo

513 1318 729 1373 redeat.

583 1407 639 1461 5.
672 1403 1020 1460 Parentibus
1073 1418 1204 1472 ergo
1244 1405 1300 1456 et
1359 1398 1810 1470 consanguineis
1872 1397 2162 1469 plerisque

512 1497 750 1553 orbatus
780 1494 878 1565 (4°)
901 1492 1089 1548 adhuc
1121 1507 1266 1563 puer
1294 1491 1627 1556 admodum,
1653 1489 1726 1544 ab
1758 1488 1953 1559 aliquo
1986 1486 2162 1542 alter-

511 1586 698 1643 utrius
731 1583 988 1656 parentis
1010 1597 1288 1654 germano
1306 1579 1626 1651 suscipitur
1644 1597 1657 1647 ;
1674 1584 1730 1634 et
1751 1580 1821 1632 ad
1838 1576 2159 1648 juvenilem

513 1681 818 1751 provectus
848 1678 1093 1740 aetatem,
1135 1680 1410 1742 tanquam
1467 1668 1830 1726 rectissimus
1864 1669 2158 1734 surculus,

512 1765 785 1840 produxit
802 1765 1003 1819 ﬂorem
1027 1761 1419 1832 intelligentia
1437 1775 1451 1826 ;
1466 1775 1594 1830 quae
1615 1757 1924 1814 difﬁculter
1949 1757 2163 1828 reperi-

512 1863 610 1914 tur
631 1857 689 1911 in
711 1853 1008 1924 orphanis,
1028 1869 1140 1907 non
1167 1849 1520 1906 habentibus
1545 1848 1644 1920 qui
1667 1848 1750 1904 eis
1776 1848 1862 1902 uti
1888 1852 2157 1919 parentes

512 1946 836 2017 invigilent.
873 1945 1118 1999 Fructus
1155 1945 1347 1996 autem
1393 1941 1634 2009 proprias
1687 1938 1873 2009 ipsius
1913 1936 2160 1993 solertia

515 2043 573 2093 et
599 2033 909 2106 diligentiae
943 2032 1052 2087 fuit
1082 2031 1288 2102 peritia
1319 2030 1509 2100 praxis
1540 2027 1861 2092 notarialis,
1881 2031 2163 2098 quantam

514 2126 606 2182 vix
635 2121 865 2193 assequi
897 2121 1181 2192 potuisset
1231 2118 1442 2188 aliquis
1492 2125 1725 2188 paterna
1770 2116 2164 2172 sollicitudine

515 2215 799 2273 eruditus.
833 2212 1048 2268 Deinde
1083 2209 1353 2281 praedicto
1393 2207 1568 2262 tutori
1621 2222 1725 2262 suo
1762 2208 1929 2278 regia:
1980 2222 2160 2277 pecu-

516 2307 626 2362 nias
658 2301 1051 2376 appendendae
1090 2299 1378 2371 praefecto,
1398 2312 1632 2368 Operam
1656 2297 2055 2365 commodans,
2083 2296 2163 2351 ita

517 2412 637 2452 rem
669 2393 828 2448 illam
859 2391 1058 2461 agebat
1089 2389 1340 2454 dextere,
1364 2392 1428 2441 ut
1457 2386 1551 2440 hic
1581 2387 1768 2441 solum
1801 2386 2160 2456 praefectura:

515 2498 729 2541 nomen
761 2490 1132 2550 tenere,opus
1162 2476 1257 2532 ille
1283 2476 1564 2532 sciretur:
1598 2479 1656 2531 et
1681 2476 1752 2530 ob
1785 2475 1893 2530 hoc
1926 2475 1981 2529 in
2017 2491 2158 2530 aera-

515 2573 601 2629 rio
622 2568 995 2641 imperatorio
1018 2564 1504 2633 illustris,charus
1519 2563 1755 2635 quidem
1780 2563 2157 2635 principibus,

515 2662 628 2733 ipsi
669 2669 857 2716 autem
895 2655 1315 2713 Czesari'etiam
1350 2660 1522 2710 notus
1553 2657 1729 2709 esset.

589 2847 642 2900 6.
677 2842 829 2900 Talis
861 2857 992 2897 cum
1024 2842 1198 2909 esset,
1231 2841 1484 2892 mentem
1536 2851 1702 2891 suam
1753 2851 1869 2891 non
1924 2834 2164 2889 tradidit

519 2934 811 2992 effrenatis
841 2930 1245 2987 adolescentiae
1285 2925 1705 2997 cupiditatibus
1737 2925 1846 2997 (uti
1896 2925 2160 2995 petulan-

523 3026 632 3082 tior
663 3023 876 3095 aliquis
909 3019 1243 3090 faceret,sui
1278 3021 1462 3074 factus
1495 3016 1887 3088 arbitrii),sed
1911 3016 2023 3086 ipsi
2048 3016 2158 3070 sibi

519 3116 771 3186 Optimus
801 3113 1072 3178 domitor,
1105 3110 1433 3166 abstinebat
1483 3124 1516 3163 a
1545 3107 1829 3162 consortio
1877 3105 2159 3175 insipien-

521 3206 690 3272 tium,
721 3208 778 3259 et
820 3200 1270 3273 sapientioribus
1316 3197 1670 3270 iungebatur
1705 3212 1719 3250 :
1766 3195 2063 3266 applicans
2094 3211 2156 3250 se

2265 592 2544 669 ἐξαγίστου
2579 612 2592 624 ·
2646 593 2860 666 μᾶλλον
2911 593 2966 650 δὲ
3011 596 3170 658 αὐτὸς
3222 596 3450 670 Χριστὸς
3503 597 3529 649 ὁ
3579 598 3699 658 Θεὸς
3742 600 3885 670 ἡμῶν

2266 681 2544 755 ἠτιμώθη,
2580 683 2728 760 εἶ’περ
2761 687 2794 753 ἡ
2825 692 2926 754 τῆς
2960 685 3166 748 εἷνόκος
3199 687 3335 757 τιμή
3382 685 3468 740 ἐπὶ
3514 685 3574 739 τὸ
3631 689 3885 760 πρωτότυ-

2264 793 2366 828 πον
2417 769 2711 846 ἀναϐαίνει,
2756 776 2936 837 καθὼς
2986 777 3014 830 ὁ
3059 775 3320 851 θεηγόρος
3361 773 3467 829 ὧδέ
3507 795 3607 830 που
3640 798 3761 852 φησι
3793 785 3885 833 Βα-

2269 862 2493 924 σίλειος.
2526 867 2704 919 Ταῦτα
2742 866 2776 932 ἡ
2809 866 3081 926 κατά,τῶν
3129 865 3542 940 ἁμαρτανόντων
3576 862 3886 937 δικαιοτάτη,

2270 953 2343 1014 ὡς
2387 951 2447 1007 ἄν
2513 975 2595 1015 τις
2641 952 2808 1021 εἶ’ποι,
2857 953 3177 1024 παιδευτική
3234 949 3431 1031 ῥάϐδος
3479 959 3573 1009 τοῦ
3627 960 3771 1026 Θεοῦ,
3800 957 3889 1024 τὴν

2269 1041 2503 1115 ἄμετρον
2536 1044 2694 1115 ἡμῶν
2745 1045 2937 1098 κακίαν
2993 1043 3423 1120 ἐπιστρεπτικὼς
3486 1046 3891 1122 σωφρονίζουσα,

2269 1132 2358 1186 καὶ
2401 1130 2736 1187 ὀδοποιοῦσα
2765 1127 2954 1207 τρίϐον
3005 1135 3277 1210 σωτηρίας
3306 1138 3374 1206 τῇ
3416 1134 3557 1210 ὀργῇ
3592 1133 3745 1188 αὐτοῦ
3788 1139 3892 1196 τοῖς

2271 1222 2608 1291 εὐαισθήτως
2673 1219 2996 1297 δεχόμένοις
3042 1224 3140 1291 τὴν
3218 1223 3554 1293 νουθέτησιν.
3611 1225 3764 1296 Ἐμοὶ
3844 1220 3894 1277 δὲ

2271 1310 2358 1365 ἐπὶ
2387 1311 2478 1365 τὸν
2521 1310 2732 1385 πατέρα
2767 1311 3167 1387 μεθαρμοστέος
3209 1314 3236 1367 ὁ
3269 1312 3456 1386 λόγος.

2342 1402 2403 1458 ε’.
2457 1401 2930 1474 Καταλιμπάνεται
2979 1407 3271 1478 τοιγαροῦν
3321 1401 3528 1478 ἔρημος
3585 1399 3774 1477 γονέων
3815 1404 3894 1456 σὺν

2269 1495 2387 1552 τοῖς
2419 1490 2708 1564 ὁμαίμοσι,
2742 1489 2948 1564 κομιδῇ
2991 1497 3119 1554 παῖς
3163 1494 3458 1567 τυγχάνων
3503 1512 3515 1524 ·
3561 1492 3616 1554 ὃς
3665 1491 3895 1566 προσλη-

2272 1579 2422 1654 φθείς
2455 1581 2537 1652 ὑφ’
2570 1579 2646 1634 ἑνὶ
2695 1585 2800 1634 τῶν
2855 1585 3149 1656 συγγενῶν,
3181 1582 3270 1635 καὶ
3321 1580 3396 1646 εἷς
3444 1581 3663 1651 ἡλικίαν
3694 1576 3896 1650 ἡϐῶσαν

2269 1667 2546 1743 ἀναχθεὶς,
2578 1669 2726 1724 ἀνθεῖ
2759 1670 2850 1742 μὲν
2904 1670 3080 1740 εὐθὺς,
3121 1667 3302 1743 ὥσπερ
3354 1692 3407 1726 τι
3456 1665 3610 1746 ἔρνος
3655 1665 3898 1726 εὐθύϐλα-

2271 1779 2418 1827 στον,
2453 1761 2486 1827 ἡ
2549 1758 2698 1830 ἀκμὴ
2739 1762 2840 1823 τῆς
2890 1759 3150 1830 νεότητος
3200 1761 3298 1828 τὴν
3347 1759 3651 1830 καλλίστην
3685 1761 3898 1830 σύνεσιν,

2271 1848 2408 1922 ἥπερ
2471 1845 2911 1921 δυσκατόρθωτος
2985 1854 3100 1910 τοῖς
3173 1850 3402 1924 ὀρφανίᾳ
3484 1851 3755 1923 ἠγμένοις,
3812 1849 3901 1903 οὐκ

2268 1933 2460 2017 ἔχουσι
2489 1939 2579 1993 τὸν
2611 1937 2698 1992 ἷ¹σα
2750 1939 2948 2014 γονέων
3000 1937 3406 1994 ἐπιστατοῦντα.
3452 1944 3794 2017 Καρποφορεῖ
3830 1935 3900 2007 δὲ,

2267 2033 2383 2090 ταῖς
2441 2029 2565 2102 παρ’
2615 2029 2809 2082 ἑαυτοῦ
2867 2025 3124 2090 σπουδαῖς
3169 2050 3226 2082 τε
3273 2028 3363 2082 καὶ
3413 2026 3896 2106 φιλοζηλίαις,τὴν

2269 2115 2544 2172 παίδευσιν
2577 2125 2676 2187 τῆς
2724 2125 3012 2192 νοταρικῆς
3049 2115 3301 2191 μεθόδου,
3334 2119 3406 2180 ὡς
3469 2115 3622 2173 οῦπω
3669 2139 3746 2180 τις
3801 2121 3897 2172 τῶν

2269 2207 2356 2261 καὶ
2390 2213 2676 2283 πατρικαῖς
2726 2205 3064 2280 ἐπιμελείαις
3116 2201 3648 2282 προμηθευομένων,
3694 2213 3900 2281 συζυγοο

2271 2304 2478 2356 στατῶν
2511 2321 2568 2355 τε
2599 2299 2744 2371 αὐτῷ
2774 2300 3171 2376 προσειληφότι
3198 2300 3326 2374 θείῳ
3363 2300 3429 2355 τὰ
3479 2300 3738 2376 βασιλικᾶ
3767 2301 3901 2374 χρή-

2274 2410 2434 2463 ματα.
2493 2389 2591 2444 Καὶ
2640 2393 2895 2444 τοσοῦτον
2953 2389 3136 2466 φανεὶς
3191 2389 3415 2446 ἐνταῦθα
3473 2388 3793 2466 περιδέξιος,
3835 2390 3898 2449 ὡς

2271 2478 2446 2552 ὄνομα
2481 2478 2646 2551 μόνον
2679 2473 2824 2554 ἔχειν
2857 2477 3060 2534 ἐκεῖνον
3093 2481 3190 2548 τῆς
3235 2479 3439 2554 ἀρχῆς,
3486 2481 3578 2534 τὸν
3627 2479 3683 2535 δὲ
3731 2479 3790 2534 τὸ
3822 2477 3900 2551 ἔρ-

2271 2589 2366 2644 γον
2423 2567 2799 2641 γνωρίζεσθαι,
2849 2568 2939 2622 καὶ
2998 2566 3086 2622 διὰ
3141 2573 3306 2624 ταῦτα
3337 2569 3609 2642 ἐπίσημον
3647 2569 3737 2642 μὲν
3782 2568 3900 2622 εἶναι

2272 2656 2326 2712 ἐν
2376 2662 2492 2718 τοῖς
2557 2655 2867 2733 βασιλικοῖς
2927 2657 3313 2730 ταμιεύμασιν,
3378 2659 3649 2713 ἀσπαστὸν
3710 2655 3764 2712 δὲ
3800 2659 3901 2716 τοῖς

2270 2745 2528 2824 ἄρχουσι,
2560 2747 2844 2821 γνώριμόν
2872 2768 2928 2801 τε
2957 2749 3052 2801 κπὶ
3087 2746 3231 2818 αὐτῷ
3256 2752 3334 2819 τῷ
3368 2747 3617 2823 Καίσαρι.

2347 2837 2440 2910 ς’.
2467 2835 2624 2893 Οὕτω
2658 2834 2714 2890 δὲ
2746 2833 3181 2915 διαφαινόμενος,
3215 2838 3278 2892 οὐ
3325 2843 3443 2900 ταῖς
3494 2838 3800 2896 ἀκαθέκτοις
3829 2837 3904 2908 ὁρ-

2275 2933 2399 2999 μαῖς
2431 2930 2526 2996 τῆς
2554 2928 2809 2998 νεότητος
2844 2924 3160 3002 προῦδωκεν
3191 2929 3304 2997 τὸν,
3327 2933 3480 2995 νοῦν,
3514 2929 3589 2990 ὡς
3621 2925 3677 2982 ἄν
3709 2948 3787 2987 τις
3809 2929 3904 2980 τῶν

2269 3018 2479 3096 ἀφέτων
2510 3037 2567 3072 τε
2613 3017 2703 3071 καὶ
2750 3017 3113 3096 ῥηξιφρόνων,
3171 3015 3298 3072 ἀλλ’
3337 3021 3408 3091 (c)
3441 3018 3539 3073 οἷά
3575 3037 3658 3079 τις
3708 3016 3904 3090 ἄριστος

2268 3103 2641 3177 πωλοδάμνης
2695 3104 2855 3168 αὐτὸς
2907 3107 3080 3178 ἑαυτῷ
3129 3107 3480 3183 γιγνόμενος,
3533 3105 3788 3180 ἀπείχετο
3823 3105 3902 3176 μὲν

2268 3196 2554 3251 ἀσυνέτων.
2617 3197 2885 3266 συνήπετο
2945 3193 3002 3249 δὲ
3063 3193 3539 3268 πεπαιδευμένοις,
3586 3200 3662 3266 τῷ
3724 3191 3907 3266 τιμαλ-

522 3293 1017 3356 honoratiori,non
1043 3288 1238 3344 minus
1262 3287 1580 3352 honorato;
1606 3289 1773 3340 astate
1797 3282 2161 3354 provectiori,

2277 3289 2515 3363 φεστέρῳ
2562 3286 3002 3359 συνταττόμενος,
3062 3285 3188 3342 ἀλλ’
3245 3286 3373 3360 οὐχὶ
3451 3291 3533 3358 τῷ
3617 3284 3906 3358 ἀτιμοτέρῳ

523 3400 636 3440 non
663 3381 918 3452 juniori;
951 3384 1125 3450 atque
1156 3395 1224 3434 ex
1258 3377 1403 3447 ipsis
1435 3374 1687 3431 externis
1709 3374 2050 3437 honoribus,
2079 3373 2169 3427 in-

523 3473 776 3547 genitam
809 3469 987 3524 animi
1018 3467 1402 3534 nobilitatem,
1433 3464 1678 3520 latenter
1709 3461 2166 3534 quodammodo,

519 3563 591 3617 ad
633 3561 855 3630 majora
899 3557 1261 3630 provehebat.
1296 3553 1422 3610 Non
1464 3553 1726 3609 tradebat
1770 3568 1830 3606 se
1878 3567 2164 3606 comessa-

524 3651 744 3708 toribus
795 3646 1356 3716 combibonibusque
1383 3645 1452 3699 ad
1494 3642 1746 3714 equales
1778 3642 2048 3706 haustus,
2083 3641 2167 3695 uti

523 3741 584 3796 in
617 3739 892 3794 conviviis
922 3736 1144 3791 faciunt
1183 3733 1594 3789 adolescentuli
1621 3749 1633 3795 ;
1669 3747 1851 3800 neque
1882 3730 2168 3785 substan-

527 3830 668 3886 tiam
698 3826 1058 3895 dilapidabat
1089 3824 1214 3879 alea
1245 3838 1541 3893 meroque,
1577 3824 1640 3874 ut
1688 3820 2037 3891 frugiperdaa
2069 3835 2165 3873 so—

527 3919 646 3974 lent
669 3943 683 3984 ;
709 3918 807 3972 sed
841 3914 1082 3986 publicae
1117 3914 1277 3968 librae
1315 3909 1854 3974 attendens,labore
1893 3908 2166 3963 continuo

523 4009 760 4063 divitias
792 4005 896 4060 sibi
923 4001 1341 4068 accumulabat,
1378 4006 1434 4055 et
1475 4000 1710 4070 quidem
1763 4002 1972 4063 tantas,
2005 4002 2065 4052 ut
2093 3997 2161 4050 ad

524 4103 825 4170 paternam
851 4093 1250 4149 baereditatem
1285 4088 1711 4161 amplissimam
1738 4087 1885 4142 haud
1911 4086 2164 4141 modicas

526 4188 669 4243 alias
720 4183 1022 4240 facultates
1073 4181 1424 4252 apposuerit.
1459 4181 1574 4234 Hoc
1617 4193 1747 4232 vero
1798 4192 2163 4248 nequaquam

527 4276 651 4332 ﬁeri
698 4275 996 4347 potuisset,
1031 4271 1142 4326 nisi
1183 4270 1621 4341 temperantiam
1655 4275 1934 4322 servasset
1958 4266 2014 4320 in
2039 4281 2167 4320 om-

528 4366 722 4428 nibus,
771 4380 897 4434 qua:
950 4361 1270 4416 honestatis
1303 4362 1598 4414 amantem
1637 4357 1953 4412 exornabat
1985 4354 2168 4410 conti-

528 4455 745 4520 nentia,
777 4457 832 4508 et
861 4452 1083 4506 cunctis
1136 4448 1426 4505 aifabilem
1477 4447 1795 4503 instruebat
1841 4444 2166 4517 prudentia,

529 4543 726 4617 procul
758 4542 1034 4612 abjiciens
1057 4538 1351 4610 juveniles
1380 4540 1707 4609 voluptates
1739 4556 1753 4605 ;
1807 4536 2021 4606 quibus
2068 4535 2168 4605 qui

2280 3375 2697 3450 συνερχόμενος,
2732 3377 2817 3430 καὶ
2859 3381 2937 3448 τῷ
2985 3378 3103 3430 καθ’
3151 3373 3370 3445 ἡλικίαν
3403 3376 3704 3451 προέχοντι
3752 3392 3909 3448 παρα-

2278 3468 2649 3543 ζευγνύμενος,
2679 3465 2804 3522 ἀλλ’
2838 3467 2964 3542 οὐχὶ
3012 3472 3089 3538 τῷ
3139 3469 3553 3542 νεοπαγεστέρῳ
3607 3463 3912 3521 συνδιαιτώ-

2281 3576 2460 3629 μενος,
2493 3557 2584 3610 καὶ
2624 3558 2757 3628 πρὸς
2786 3558 2848 3610 τὸ
2909 3555 3145 3622 ἄναντες,
3172 3558 3275 3611 κάκ
3303 3561 3411 3611 τῶν
3475 3555 3671 3628 ἔξωθεν
3725 3559 3909 3627 τιμῶν,

2276 3649 2336 3700 τὸ
2368 3650 2677 3724 τῆςψυχῆς
2725 3646 2951 3719 εὐγενὲς,
3009 3644 3327 3714 λεληθότως
3387 3666 3502 3706 πως
3554 3643 3912 3714 ὁδοποιούμε-

2275 3758 2392 3798 νος.
2426 3737 2498 3790 Οὐ
2538 3737 2590 3789 τί
2621 3757 2724 3789 που
2757 3735 3058 3807 συμπόταις
3091 3735 3177 3790 καὶ
3228 3736 3500 3797 συσσίτοις
3559 3737 3745 3792 ἑαυτὸν
3801 3732 3908 3787 ἐπι-

2278 3823 2464 3887 διδοὺς
2493 3831 2629 3880 κατᾶ
2673 3827 2862 3895 κοινήν
2923 3824 3272 3900 φιλοτησίαν,
3320 3826 3395 3887 ὡς
3454 3824 3502 3880 ἐί
3549 3848 3633 3888 τις
3677 3829 3778 3879 τῶν
3807 3843 3910 3876 νεα·

2273 3915 2597 3987 νιευομένων
2632 3914 2682 3968 ἐν
2738 3915 3019 3989 εὐωχίαις,
3054 3911 3167 3968 οὐδ’
3216 3914 3278 3968 οὐ
3322 3915 3428 3984 μήν
3484 3909 3677 3974 κύϐοις
3709 3913 3793 3966 καὶ
3827 3911 3910 3982 μέ·

2276 4006 2391 4066 θαις
2424 4003 2830 4059 καταναλίσκων
2880 4006 2978 4072 τὴν
3040 4002 3244 4072 οὐσίαν,
3278 4005 3366 4057 οἷα
3416 4003 3482 4056 τὰ
3539 4007 3649 4057 τῶν
3699 3999 3913 4074 μαστρό-

2273 4098 2388 4148 πῶν
2435 4113 2447 4126 °
2485 4092 2721 4168 σχολαῖς
2753 4091 2809 4147 δὲ
2838 4091 3119 4154 ἐπιπόνοις
3171 4092 3403 4169 ἐφεστὼς
3448 4097 3516 4166 τῇ
3570 4089 3907 4166 ζυγοστασίᾳ,

2273 4183 2548 4238 κάντεῦθεν
2599 4183 2835 4237 πλοῦτον
2886 4183 3060 4253 ἑαυτῷ
3101 4181 3485 4254 συναθροίζων,
3519 4182 3611 4235 καὶ
3664 4185 3907 4236 τοσοῦτον

2277 4268 2470 4343 αὔξων,
2505 4272 2576 4333 ὡς
2627 4270 2808 4342 ἄλλην
2840 4274 3200 4342 συστήσασθαι
3260 4272 3591 4346 περιουσίαν.
3655 4270 3797 4342 παρᾶ
3821 4269 3909 4334 τὴν

2276 4363 2500 4437 γονικήν
2552 4361 2923 4434 κληθονομίαν
2980 4363 3310 4431 ἱκανωτάτην
3373 4359 3555 4415 οὖσαν.
3618 4365 3784 4414 Τοῦτο
3864 4353 3914 4409 δὲ

2278 4449 2380 4503 οὐκ
2408 4448 2466 4502 ἂν
2525 4450 2929 4524 προσεγεγόνει,
2990 4448 3032 4503 εἷ
3106 4450 3180 4521 μὴ
3234 4447 3526 4520 αὐταρκείᾳ
3577 4450 3912 4518 συνετηρεῖτο

2277 4536 2326 4591 ἐν
2359 4543 2510 4606 πᾶσι,
2546 4538 2612 4592 δι’
2643 4541 2707 4606 ἧς
2761 4539 2850 4593 καὶ
2909 4537 3230 4616 σωφροσύνῃ
3287 4535 3700 4605 ἐκαλλωπίζετο
3761 4537 3786 4589 ὁ
3834 4553 3912 4608 φι-

529 4631 855 4704 indulgent,
880 4647 992 4685 non
1028 4629 1198 4684 modo
1233 4645 1346 4682 non
1385 4627 1689 4699 acquirunt
1737 4641 1864 4696 quae
1913 4626 2161 4691 desunt;

2279 4625 2515 4687 λόκαλος
2545 4626 2635 4681 καὶ
2666 4630 2924 4704 φρονήσει
2973 4626 3263 4701 ἠγλαίζετο
3309 4628 3336 4681 ὁ
3400 4627 3709 4706 μειλίχιος,
3741 4620 3914 4696 πὸῥρω

530 4725 631 4778 sed
663 4727 718 4776 et
748 4737 873 4791 qua
913 4719 1146 4784 adsunt,
1180 4733 1456 4773 evacuare
1487 4718 1934 4771 consueverunt.

602 4991 659 5048 7.
693 4991 836 5056 Quid
870 5005 1038 5062 porro
1057 4989 1085 5043 ‘2
1115 4989 1257 5043 Tam
1302 4983 1610 5055 multiplici
1663 4978 1947 5036 industria
1978 4979 2176 5049 praedi-

533 5085 648 5150 tus,
673 5085 912 5152 tamque
943 5079 1164 5152 peritus
1185 5092 1378 5131 rerum
1403 5073 1762 5144 agendarum
1793 5067 1977 5123 evasit
1999 5069 2170 5139 (quod

535 5173 786 5228 maxime
817 5174 1116 5243 spectatur
1153 5169 1222 5222 ab
1254 5167 1347 5230 iis,
1382 5164 1483 5235 qui
1526 5164 1584 5217 in
1627 5159 1836 5218 saeculo
1867 5159 2086 5225 vivunt,
2119 5163 2171 5214 et

535 5261 686 5317 ﬁlias
717 5266 850 5332 apte
879 5259 1123 5331 cupiunt
1153 5256 1421 5322 elocare),
1453 5257 1517 5306 ut
1544 5251 1800 5321 undique
1834 5248 2169 5305 invitaretur

2281 4714 2505 4789 βάλλων
2566 4717 2658 4779 τὰς
2712 4718 3032 4791 νεωτερικὰς
3093 4714 3408 4786 ἐπιθυμίας,
3460 4719 3546 4775 αἷς
3609 4717 3659 4768 οἱ
3707 4711 3916 4768 ἁλόντες

2278 4805 2340 4858 οὐ
2376 4803 2543 4876 μόνον
2600 4807 2666 4860 τὰ
2697 4808 2799 4861 οὐκ
2831 4805 2958 4860 ὄντα
2989 4801 3528 4878 προσλαμϐάνονται,
3560 4803 3708 4858 ἀλλᾶ
3738 4800 3820 4855 καὶ
3858 4797 3915 4851 τὰ

2285 4893 2466 4950 ἐνόντα
2494 4901 2678 4950 κενοῦν
2709 4895 2987 4952 εῗώθασιν.

2359 4986 2418 5052 ζ’.
2474 4985 2532 5038 Τί
2591 4986 2651 5038 τὸ
2709 4985 2987 5052 ἐντεῦθεν;
3042 4989 3317 5046 Τοσοῦτος
3376 4984 3564 5058 γέγονε
3623 4976 3916 5036 πολλοστὸς

2280 5077 2349 5147 τῇ
2386 5076 2610 5144 συνέσει,
2645 5076 2730 5128 καὶ
2779 5075 3036 5136 πυκτικὸς
3095 5080 3213 5134 ταῖς
3265 5073 3543 5146 ἀφορμαῖς
3578 5076 3674 5126 τοῦ
3733 5067 3847 5144 βίου
3873 5062 3916 5136 (ὃ

2282 5161 2518 5239 φιλεῖται
2579 5163 2723 5238 παρὰ
2777 5168 2883 5218 τῶν
2915 5163 2967 5217 ἐν
3000 5163 3213 5236 κόσμῳ,
3257 5163 3347 5217 καὶ
3387 5157 3741 5229 σπουδάζεται
3790 5153 3916 5226 παρᾶ

2281 5248 2634 5305 ἐκδιδούντων
2689 5248 2839 5324 ἀνδρὶ
2872 5249 3180 5326 θυγατέρα),
3216 5251 3289 5311 ὡς
3339 5247 3517 5304 ἕλκειν
3555 5245 3714 5301 αὐτὸν
3761 5240 3914 5296 ἄλλον

607 5425 674 5495 (c)
705 5422 978 5495 Suspicor
1005 5417 1469 5495 legendumesse
1501 5409 1835 5495 ῥιςαφρόνων
1872 5419 1931 5464 ut
1979 5410 2046 5495 si_
2077 5429 2161 5468 cor

2281 5413 2454 5470 situm
2510 5433 2542 5470 a
2590 5412 2711 5486 ῥίζα
2743 5416 2912 5470 radix
2961 5419 3019 5470 et
3067 5414 3250 5491 ἄφρων
3283 5414 3571 5486 insipiens,
3607 5411 3674 5467 ad
3719 5403 3916 5479 signiﬁ-

538 5484 772 5561 candos,
806 5484 899 5563 qui
931 5491 1000 5544 ab
1039 5484 1258 5557 o'rigine
1289 5491 1344 5540 et
1368 5484 1707 5540 educatione
1739 5484 1884 5538 tales
1918 5488 2076 5537 sunt.

609 5637 707 5708 (4⁸)
737 5637 930 5708 Graece
989 5631 1255 5708 ὁμαίμοσι
1307 5631 1477 5708 quod
1514 5629 1752 5708 Sirletus
1777 5628 1946 5683 vertit
1972 5630 2176 5708 sorori-

543 5701 638 5766 bus
668 5701 812 5764 :sed
843 5706 994 5763 infra
1024 5701 1187 5762 num.
1217 5701 1503 5772 7,dicitur
1534 5706 1940 5770 sanctus,cum
1963 5701 2030 5756 ad
2056 5716 2178 5756 mo-

2293 5631 2609 5688 nasterium
2645 5633 2788 5688 abiit
2816 5633 3040 5690 eisdem
3075 5631 3369 5688 modicum
3404 5627 3540 5703 quid
3572 5627 3773 5703 deAsua
3800 5619 3918 5678 sub-

2291 5703 2510 5760 stantia
2548 5703 2855 5776 reliquisse
2887 5721 2900 5762 :
2936 5705 3208 5765 vivebant
3235 5697 3568 5777 igitur—tum
3601 5697 3807 5756 adhuc.
