4090 6288
335 381 456 439 809

1027 376 1320 437 ORATIO
1365 377 1469 436 XI.
1515 411 1591 420 —
1638 375 2031 440 LAUDATIO
2074 377 2139 435 S.
2185 373 2568 438 PLATONlS
2612 378 3045 441 HEGUMENI.

3617 378 3742 441 810

336 511 593 582 ἄλλοθεν,
625 510 862 566 καὶτῶν
911 511 1038 584 ἄγαν
1073 507 1410 584 εὐπατριδῶν
1459 530 1518 564 τε
1567 511 1658 564 καὶ
1707 509 1951 584 εὐπόρων

2094 509 2168 565 ad
2197 512 2512 568 ineundam
2533 513 2661 569 vita
2691 513 3029 571 societatem
3060 514 3151 571 vel
3181 530 3317 570 cum
3347 514 3732 572 nobilioribus

336 601 411 662 εἷς
461 599 744 655 κοινωνίαν
794 599 936 674 βίου.
989 595 1147 654 Ἀλλ’
1199 596 1261 652 οἷ)
1310 598 1413 672 γὰρ
1472 599 1673 673 ἀφῆκεν
1733 599 1890 654 αὐτὸν
1943 601 1970 652 ὁ

334 691 480 752 θεῖος
508 690 700 756 πόθος,
732 689 789 742 ’ὀν
840 687 1042 760 ἀνῆψεν
1075 689 1248 758 ἑαυτῷ
1295 684 1382 740 διὰ
1423 688 1726 758 κρείττονος
1777 687 1974 742 έπιλο-

330 783 554 853 γισμοῦ,
602 777 914 853 ἐμπαγῆναι
943 782 1057 837 τοῖς
1109 777 1230 851 βίου
1280 775 1540 848 τέλμασιν
1574 797 1586 809 ·
1633 779 1722 832 καὶ
1772 779 1872 851 γὰρ
1906 780 1972 848 ἦν

332 867 656 942 ἀναγνώσεσι
702 866 990 941 προσέχων
1023 867 1138 921 ἄντὶ
1188 867 1454 939 παιγνίων
1491 885 1504 894 “
1557 865 1610 922 ἔν
1661 889 1718 923 τε
1765 867 1970 937 ἐκκλη-

331 956 474 1016 σίαις
528 954 902 1030 προσεδρεύων
966 957 1079 1010 ἀντῖ
1137 957 1396 1028 θεάτρων,
1458 955 1546 1009 καὶ
1603 956 1654 1009 ἐν
1729 957 1968 1029 σεμνίοις

330 1046 796 1120 ἀναστρεφόμενος
846 1046 959 1101 ἀντὶ
1015 1046 1261 1118 ἆσέμνων
1306 1047 1660 1120 καταγωγίων
1694 1069 1704 1080 ο

328 1135 393 1189 τὸ
451 1135 986 1207 ἀξιεπαινετώτερον,
1047 1132 1419 1208 ἐξαγορεύσεις
1475 1133 1804 1207 ποιούμενος
1862 1140 1970 1189 τῶν

1763 1047 1849 1101 καί
1910 1068 1971 1123 γε

331 1223 571 1300 κρυφίων
615 1227 712 1278 τοῦ
760 1227 856 1277 νοῦ
904 1224 1220 1293 κινημάτων
1269 1244 1327 1277 τε
1382 1228 1474 1276 καῖ
1531 1221 1816 1297 δραμάτων
1865 1227 1970 1278 τινὶ

329 1318 441 1367 τῶν
499 1314 918 1388 καθηγουμένων
953 1333 964 1343 ·
1028 1312 1056 1367 ’ὀ
1112 1319 1213 1381 τῆς
1276 1313 1368 1384 μὲν
1418 1313 1616 1367 ἐκείνου
1693 1312 1970 1390 φιλοθείας

333 1402 549 1476 ὑπῆρχε
581 1397 883 1474 σύμϐολον,
915 1406 1010 1455 τοῦ
1053 1399 1109 1455 δὲ
1141 1404 1237 1469 τὴν
1286 1401 1618 1476 έξαγόρευσιν
1667 1401 1972 1481 δεχομένου

328 1488 672 1559 κατέπληττε
698 1492 797 1559 τὴν
827 1487 1082 1561 διάνοιαν,
1113 1490 1474 1552 τελειωτικῶς
1503 1490 1803 1566 γινόμενον.

403 1581 476 1648 η’.
526 1581 679 1634 Ὅθεν
735 1579 933 1653 ἐπάρας
978 1581 1038 1634 τὸ
1085 1583 1184 1644 τῆς
1247 1579 1487 1641 διανοίας
1533 1576 1688 1653 ὄμμα
1737 1581 1824 1636 ἐπὶ
1875 1583 1970 1645 τὰς

328 1672 436 1723 τῶν
505 1666 694 1722 ἀϊδίων
775 1669 1025 1739 θεωρίας,
1087 1671 1173 1724 καὶ
1250 1673 1331 1741 τῷ
1407 1670 1604 1724 ἐκεῖθεν
1677 1673 1973 1745 πτερωθεὶς

328 1751 516 1829 ἔρωτι,
568 1752 803 1812 σϐέννυσι
853 1759 943 1812 τὸν
995 1759 1144 1813 κάτω
1193 1759 1383 1826 πόθον,
1424 1759 1513 1813 καὶ
1564 1765 1716 1814 ποιεῖ
1760 1761 1822 1814 τὸ
1873 1764 1970 1815 τοῦ

2082 600 2678 674 cpulentioribusque.
2723 604 2829 658 Sed
2872 605 3107 659 divinus
3155 619 3336 670 amor,
3397 621 3572 676 quem
3607 605 3734 675 ipse

2083 706 2218 744 usus
2248 691 2491 746 consilio
2534 692 2756 748 meliori
2799 692 2911 748 sibi
2957 694 3320 762 accenderat,
3367 711 3485 750 non
3518 695 3734 764 permi-

2081 779 2158 834 sit
2201 783 2264 834 ut
2303 781 2595 836 saecularis
2629 783 2764 837 vitae
2810 781 3056 838 salebris
3105 783 3434 838 inhaereret.
3496 783 3729 840 Etenim

2079 868 2358 924 lectiones
2394 887 2492 937 pro
2525 869 2697 937 ludis,
2741 870 3013 925 ecclesias
3047 888 3146 941 pro
3207 871 3480 937 theatris,
3529 888 3728 928 mona-

2076 957 2252 1011 steria
2287 959 3259 1027 proconventiculisimpudicorum
3286 959 3591 1014 hominum
3621 962 3732 1016 fre-

2080 1047 2434 1116 quentabat:
2469 1052 2525 1101 et
2550 1048 2701 1117 quod
2733 1047 3081 1102 laudabilius
3111 1054 3219 1112 est,
3255 1048 3715 1119 hegumenorum

2081 1137 2314 1190 cuidam
2347 1135 2606 1190 occultas
2637 1137 2815 1190 animi
2849 1137 2936 1191 sui
2978 1143 3166 1192 motus
3198 1137 3561 1209 aﬂ‘ectusque
3591 1155 3724 1194 con-

2083 1225 2268 1291 ﬁtens,
2304 1226 2594 1294 praebebat
2643 1226 2734 1279 sui
2775 1242 2915 1295 erga
2963 1226 3144 1281 Deum
3178 1229 3396 1282 amoris
3435 1227 3724 1283 indicium

2081 1315 2495 1381 manifestum;
2529 1315 2924 1370 confessiones
2955 1331 3087 1370 vero
3126 1317 3457 1372 audientem
3515 1317 3724 1388 imple-

2081 1404 2178 1459 bat
2207 1403 2593 1459 admiratione
2622 1411 2736 1459 tam
2770 1410 3189 1461 consummatae
3221 1405 3618 1476 perfectionis.

2151 1585 2202 1637 8.
2266 1583 2408 1638 Hinc
2451 1599 2548 1654 per
2597 1588 3012 1655 perpurgatum
3086 1583 3299 1640 mentis
3357 1585 3589 1641 oculum
3652 1590 3724 1643 ad

2079 1673 2561 1744 sempiternarum
2596 1689 2789 1728 rerum
2814 1672 3362 1744 contemplationem
3384 1674 3720 1744 sublevans,

2077 1761 2427 1831 illarumque
2456 1777 2740 1818 accensus
2779 1777 2994 1828 amore,
3031 1770 3321 1818 terrenum
3353 1779 3526 1819 omne
3558 1765 3722 1821 desi-

333 1845 481 1899 θείου
532 1847 819 1900 Ἀντωνίου
863 1848 890 1900 ὁ
943 1848 1262 1919 θαυμάσιος.
1301 1850 1479 1903 Πάντα
1527 1849 1630 1925 γὰρ
1679 1847 1959 1924 διαπιπρά-

2081 1851 2307 1907 derium
2339 1852 2636 1918 exstinxit;
2668 1856 2727 1907 et
2783 1851 3046 1907 divinum
3078 1852 3340 1909 imitatus
3384 1854 3726 1927 Antonium,

333 1955 428 1997 σας
463 1934 554 1988 σὺν
600 1936 736 2008 αὐτῇ
765 1941 834 2010 τῇ
883 1939 1122 2012 πατρικῆ
1152 1936 1317 2008 ἑστίᾳ,
1367 1938 1455 1992 καὶ
1486 1944 1736 2016 πτωχοῖς
1784 1937 1970 1994 διανεί-

335 2045 460 2094 μας,
518 2025 645 2088 τούς
691 2045 750 2079 τε
801 2024 1011 2087 οἰκέτας
1055 2024 1439 2100 ἐλευθερώσας,
1495 2030 1587 2082 καὶ
1643 2035 1760 2089 ταῖς
1819 2026 1965 2082 δυσὶν

329 2110 590 2192 ἀδελφαῖς
636 2115 845 2188 βραχέα
887 2115 1006 2168 τινὰ
1053 2115 1405 2190 καταλείψας,
1438 2115 1623 2187 ἔξεισιν
1659 2139 1668 2149 ·
1715 2113 1969 2192 ’Δὸραμιι

329 2203 418 2273 αίᾳ
467 2204 741 2277 προθέσει,
783 2205 884 2258 οὐκ
931 2205 1006 2265 εἷς
1053 2205 1146 2265 τὰς
1203 2205 1422 2282 ἐγγύθεν
1461 2209 1649 2280 κώμας
1693 2210 1964 2277 ἀσκήσων,

325 2291 457 2347 ἀλλ’
489 2290 594 2346 ὧδέ
623 2315 728 2347 που
763 2295 970 2367 μακρὰν
1003 2293 1358 2369 ἀποδραμῶν,
1392 2296 1443 2350 ἐν
1483 2302 1597 2358 τοῖς
1631 2303 1727 2352 τοῦ
1757 2297 1966 2370 Ὀλύμ-

322 2402 430 2436 που
475 2383 680 2454 μέρεσι,
712 2382 847 2437 κατὰ
894 2385 983 2437 τὸν
1039 2381 1429 2458 ὑποδειχθέντα
1459 2385 1635 2456 αὐτῷ
1672 2386 1819 2461 παρσί
1861 2409 1964 2441 τινι

322 2476 432 2526 τῶν
481 2471 531 2524 ἐν
581 2473 725 2525 ἄστει
777 2470 1224 2549 ἀρχιμανδριτῶν
1276 2474 1443 2528 τόπον
1495 2476 1584 2528 καὶ
1632 2473 1817 2548 ἄνδρα,
1867 2482 1962 2530 τοῦ

329 2561 425 2632 μὲν
476 2556 802 2632 Συμϐόλους
861 2561 1320 2634 έπικεκλημένου,
1372 2567 1467 2617 τοῦ
1528 2561 1584 2618 δὲ
1641 2566 1960 2620 Θεοκτίστου

326 2647 824 2722 ἐπονομαζομένου,
877 2651 937 2704 οὗ
983 2652 1010 2704 ὁ
1053 2653 1278 2725 τρόπος,
1327 2651 1551 2725 ἀγαθὸς,
1599 2652 1660 2707 τό
1705 2674 1760 2707 τε
1809 2657 1966 2728 γένος

322 2732 709 2810 περίϐλεπτον,
760 2739 848 2793 καὶ
895 2740 957 2793 τὸ
1000 2739 1158 2801 τέλος
1209 2738 1374 2796 ὅσιον.
1433 2742 1590 2796 Ἀλλ’
1645 2741 1732 2796 οτία
1787 2743 1874 2797 καὶ
1926 2747 1960 2813 ἡ

320 2827 718 2902 ἀναχώρησις;
768 2831 1002 2900 Μνήμης
1051 2828 1134 2885 ὅτι
1181 2830 1417 2902 μάλιστα
1467 2831 1590 2903 ἐμοὶ
1640 2831 1777 2905 ἀξία,
1812 2834 1964 2888 ἀκού-

318 2916 440 2969 ουσί
467 2937 525 2970 τε
578 2918 906 2987 κατανύξεως
937 2916 1141 2994 ἓχουσα
1191 2922 1472 2996 φάρμακον
1511 2941 1522 2952 ³
1575 2923 1678 2976 ἀπὸ
1728 2924 1831 2996 γὰρ
1863 2931 1961 2993 τῆς

319 3003 584 3079 πατρίδος
639 3006 848 3081 ἀπάρας
907 3009 1024 3079 μεθ’
1081 3010 1194 3063 ἑνὸς
1253 3012 1662 3082 θυμηρεστάτου
1722 3013 1958 3085 οἰκέτου,

316 3095 407 3147 καὶ
475 3095 609 3148 κατὰ
662 3095 787 3156 τοὺς
846 3095 1176 3173 λεγομένους
1236 3097 1491 3160 Βασιλεῖς
1542 3099 1804 3177 ἐφθακὼς,
1859 3102 1960 3156 ὑπὸ

2085 1941 2394 1996 divenditis
2426 1940 2720 2004 omnibus,
2745 1957 2862 1995 una
2881 1957 3012 1996 cum
3039 1949 3276 2011 paterno
3302 1941 3422 1998 lare
3453 1947 3510 1998 et
3541 1945 3724 2001 servis

2077 2030 2340 2086 libertate
2370 2031 2617 2097 donatis,
2665 2031 2945 2100 majorem
2997 2031 3233 2102 quidem
3275 2037 3497 2102 partem
3533 2033 3726 2090 distri-

2077 2119 2202 2173 buit
2248 2118 2636 2188 pauperibus;
2688 2117 2917 2172 duabus
2967 2123 3162 2172 autem
3233 2119 3532 2175 sororibus
3585 2122 3718 2177 suis

2079 2207 2366 2262 modicum
2407 2207 2545 2278 quid
2579 2205 2836 2276 reliquit;
2883 2209 2938 2260 et
2994 2205 3348 2262 Abrahamia
3380 2211 3716 2281 promplitu-

2075 2297 2209 2351 dine
2239 2294 2434 2359 exivit,
2477 2311 2589 2350 non
2623 2294 2680 2348 in
2713 2293 2932 2349 vicinas
2963 2294 3154 2363 villas,
3203 2298 3595 2354 excerciturus
3629 2316 3715 2355 se-

2076 2385 2298 2455 ipsum;
2330 2385 2426 2437 sed
2461 2383 2999 2452 longiusabsourrit
3025 2382 3085 2438 in
3121 2389 3313 2454 partes
3348 2385 3571 2459 Olympi
3607 2387 3705 2460 (5),

2073 2473 2143 2527 ad
2177 2473 2364 2527 virum
2401 2471 2732 2542 locumque,
2769 2472 2840 2526 ab
2872 2473 3069 2542 aliquo
3097 2488 3294 2527 eorum
3330 2474 3431 2542 qui
3471 2476 3527 2529 in
3574 2479 3717 2534 urbe

2073 2568 2237 2618 erant
2290 2561 2872 2617 archimandritarum
2932 2561 3044 2617 sibi
3103 2568 3514 2621 monstratum.
3567 2565 3714 2624 Loco

2075 2651 2472 2724 symbolarum
2503 2651 2604 2721 (6),
2635 2651 2752 2706 viro
2783 2650 3099 2706 Theoctisti
3123 2667 3333 2707 nomen
3365 2659 3510 2722 erat,
3544 2657 3716 2725 cujus

2073 2743 2187 2797 vita
2217 2744 2414 2813 proba,
2437 2757 2620 2811 genus
2641 2740 2891 2809 illustre,
2913 2743 3103 2796 exitus
3126 2748 3364 2798 sanctus
3398 2745 3527 2799 fuit.
3553 2745 3716 2809 Qua-

2072 2832 2142 2887 lis
2171 2838 2365 2886 autem
2417 2830 2710 2885 discessus
2751 2829 3006 2885 Platonis
3037 2847 3068 2885 e
3101 2831 3288 2901 patria
3329 2832 3519 2900 fuerit,
3567 2835 3710 2892 mihi

2072 2921 2308 2993 quidem
2343 2919 2626 2974 memoria
2666 2919 2933 2989 dignum,
2975 2920 3345 2977 audientibus
3391 2938 3517 2978 vero
3561 2939 3718 2981 com-

2072 3009 2402 3079 punctoinis
2443 3015 2850 3079 argumentum
2880 3009 2997 3064 fore
3035 3009 3281 3078 videtur,
3309 3009 3359 3064 si
3397 3027 3712 3082 exponam.

2067 3099 2258 3154 Abivit
2290 3114 2422 3153 cum
2457 3113 2568 3152 uno
2601 3097 2722 3153 solo
2747 3097 3092 3153 charissimo
3117 3097 3356 3165 famulo,
3381 3104 3439 3154 et
3467 3101 3540 3156 ad
3574 3117 3711 3157 eum

312 3204 370 3238 τε
401 3181 632 3261 λόχμην
664 3184 785 3238 τινὰ
815 3185 1013 3255 εἰσδὺς,
1045 3188 1210 3259 κείρει
1245 3189 1338 3260 μὲν
1368 3192 1466 3258 τήν
1505 3189 1685 3261 κόμην
1716 3191 1793 3244 τὼ
1825 3197 1954 3268 χεῖ-

2074 3189 2550 3262 pervenienslocu
2562 3206 2612 3242 m
2628 3189 2726 3259 qui
2744 3188 2923 3258 Reges
2941 3188 3172 3258 dicitur,
3187 3193 3357 3259 atque
3371 3191 3713 3262 speluncam

317 3291 372 3346 ρε
421 3277 516 3326 τοῦ
565 3274 857 3346 ἑπομένου,
898 3274 1360 3346 μετενδιδύσκετοιι
1414 3277 1469 3332 δὲ
1516 3281 1614 3348 τήν
1663 3282 1822 3356 φαιὰν
1869 3279 1954 3334 έσ-

308 3363 467 3430 θῆτα,
529 3359 603 3424 ὥς
656 3385 774 3418 τινα
831 3364 1156 3442 πορφυρίδα.
1213 3369 1307 3422 Καὶ
1364 3368 1425 3421 τὸ
1478 3367 1656 3442 ὅραμα
1711 3369 1955 3439 ἡλίκονς

307 3452 411 3506 Τοῦ
477 3453 568 3523 μὲν
631 3457 1031 3531 χωριζομένου,
1089 3457 1176 3511 καὶ
1236 3456 1420 3513 οἷ’καδε
1488 3455 1754 3513 ἐπανιέναι
1819 3460 1955 3532 μετὰ

305 3544 415 3594 τῶν
496 3541 974 3617 ἀπαμφιασμάτων
1052 3549 1534 3624 παρεγγυωμένου,
1602 3550 1697 3602 κάν
1773 3551 1954 3621 τούτῳ

323 3631 561 3705 θρήνοις,
595 3632 669 3693 ὡς
698 3633 760 3686 τὸ
792 3633 956 3702 εἰκὸς,
989 3636 1344 3708 βαλλομένου
1374 3637 1462 3692 διὰ
1491 3640 1589 3706 τὴν
1638 3636 1958 3708 δεσποτικήν

318 3719 570 3793 στέρησιν
610 3738 622 3749 ·
683 3720 840 3776 τοῦδε
889 3724 1203 3795 μονωτάτου
1265 3726 1398 3799 μετὰ
1455 3732 1586 3783 Θεοῦ
1644 3728 1962 3804 ἐγκαταλει-

312 3810 380 3880 φθ
403 3809 575 3877 ἐντος,
624 3810 754 3884 ὑπὲρ
803 3813 865 3865 οὗ
914 3814 1002 3866 καὶ
1053 3811 1123 3867 δι’
1172 3817 1227 3869 ὃν
1278 3817 1339 3871 τὸ
1390 3815 1587 3891 δρᾶμα.
1632 3823 1887 3879 Τοιοῦτος
1935 3820 1962 3873 ὁ

323 3899 470 3958 θεῖος
519 3895 679 3970 ἓρως,
729 3900 943 3954 πάντων
999 3902 1218 3971 έξιστῶν
1268 3904 1357 3958 τὸν
1402 3905 1648 3980 ἐραστὴν,
1692 3907 1780 3961 καὶ
1841 3909 1964 3979 περὶ

310 3985 472 4039 αὐτὸν
563 3987 723 4058 μόνον
801 3990 1044 4064 συνάγων
1121 3995 1220 4061 τήν
1308 3993 1483 4072 ἔφεσιν
1567 3995 1966 4071 πυρπολουμέ-

301 4095 422 4141 νην.

938 4214 1023 4268 KE
1038 4215 1207 4268 ΦΑΛ.
1249 4211 1324 4267 Β’.

2071 3281 2384 3349 quamdam
2419 3279 2770 3347 ingrediens,
2795 3278 3090 3332 caesariem
3123 3294 3291 3333 suam
3325 3281 3522 3335 comiti
3561 3298 3716 3352 prae-

2071 3371 2200 3426 buit
2225 3369 2673 3432 attondendum;
2706 3367 2915 3422 deinde
2948 3367 3102 3437 pulla
3152 3373 3307 3422 veste
3337 3384 3396 3423 se
3426 3370 3710 3438 amicivit,

2070 3466 2349 3530 tanquam
2390 3458 2439 3512 si
2475 3473 2790 3526 purpuram
2823 3457 3132 3512 induisset.
3165 3456 3341 3520 Quale
3363 3468 3555 3514 autem
3590 3476 3711 3530 spe-

2069 3549 2385 3612 ctaculum,
2419 3563 2550 3603 cum
2604 3563 2757 3601 unus
2806 3546 3043 3618 quidem
3089 3562 3447 3615 recessurus,
3478 3549 3713 3619 jubere-

2071 3645 2167 3693 tur
2197 3638 2386 3692 radire
2426 3638 2664 3691 domum
2717 3652 2846 3692 cum
2894 3636 3176 3703 vestibus,
3211 3643 3267 3691 et
3325 3636 3473 3702 ideo,
3509 3644 3576 3694 ut
3616 3656 3714 3710 par

2072 3731 2210 3793 erat,
2246 3727 2686 3797 perfunderetur
2727 3724 3020 3797 lacrymis,
3071 3724 3308 3780 domino
3351 3744 3457 3782 suo
3498 3728 3714 3798 privari

2073 3816 2301 3880 dolens;
2334 3814 2480 3870 alter
2528 3831 2662 3869 vero
2713 3813 3162 3885 relinqueretur,
3195 3817 3354 3870 solus
3412 3832 3543 3872 cum
3572 3822 3710 3885 Deo,

2073 3911 2308 3976 propter
2338 3921 2510 3975 quem
2552 3920 2643 3959 res
2689 3909 2808 3959 tota
2856 3905 3153 3975 agebatur.
3201 3904 3356 3959 Talis
3399 3905 3598 3976 utique
3626 3911 3715 3961 est

2072 3996 2304 4049 divinus
2338 4009 2519 4062 amor,
2557 3992 2830 4048 omnibus
2873 3994 3048 4048 rebus
3106 3993 3390 4064 exspoliat
3418 4000 3711 4053 amantem

2073 4090 2130 4138 et
2160 4085 2230 4139 ad
2263 4100 2322 4138 se
2345 4083 2532 4138 solum
2573 4081 2752 4137 trahit
2782 4084 3085 4138 incensum
3133 4081 3292 4137 illius
3330 4083 3706 4142 desiderium.

2755 4208 2906 4264 CAP.
2953 4209 3021 4264 II.

1445 4322 1573 4374 Vita
1612 4322 1934 4389 monastica,
1965 4326 2234 4380 virtutum
2275 4317 2572 4375 exercitia.

373 4432 441 4487 θ’.
499 4427 723 4497 Ἐπειδή
786 4427 842 4484 δὲ
898 4431 1159 4508 φοιτήσας
1215 4429 1349 4502 πρὸς
1407 4428 1498 4482 τὸν
1570 4424 1931 4504 παιδοτρίϐην

2111 4432 2426 4502 Postquam
2455 4433 2650 4483 autem
2703 4426 2777 4482 ad
2808 4427 3154 4498 magistrum
3199 4427 3480 4497 venisset,
3531 4432 3709 4501 atque

299 4521 591 4594 ἠρωτήθη,
644 4518 788 4578 ὅστις
843 4518 949 4586 εἷή,
1008 4519 1097 4572 καὶ
1154 4516 1271 4572 ὅθεν
1329 4515 1607 4590 ὥρμηται,
1666 4520 1755 4572 καὶ
1813 4517 1941 4572 ὅτου

306 4607 473 4682 χάριν
523 4609 556 4676 ἡ
607 4604 895 4679 ἐπιδημία,
943 4606 1149 4678 εὐαγεῖς
1192 4607 1327 4680 πρὸς
1374 4605 1599 4676 ἑκάστην
1644 4610 1749 4660 τῶν
1809 4606 1944 4680 ἐρω-

1315 4699 1412 4749 τοῦ
1457 4693 1512 4750 δὲ
1562 4695 1942 4768 μεμαθηκότος

1780 4784 1944 4839 Οὔπω

305 4699 515 4766 τήσεων
548 4696 642 4756 τὶς
697 4696 1006 4769 ἀποκρίσεις
1039 4694 1218 4750 ἐδίδου
1251 4714 1264 4727 ·

300 4789 404 4855 τήν
437 4806 494 4840 τε
524 4783 777 4858 πατρίδα,
809 4786 870 4840 τὸ
901 4783 1078 4860 γένος,
1110 4785 1200 4838 καὶ
1243 4786 1342 4852 τήν
1373 4786 1679 4863 ἀνατροφήν
1715 4804 1727 4816 ·

307 4876 543 4952 ἷσχύεις,
595 4875 780 4950 φησὶν,
814 4873 865 4929 έν
911 4873 1043 4948 τῇδε
1070 4878 1138 4948 τῇ
1185 4875 1324 4929 θέσει
1377 4877 1473 4928 τοῦ
1521 4874 1715 4945 τόπου,
1761 4871 1942 4944 σκλη-

2052 4519 2461 4590 interrogatus,
2497 4516 2653 4588 quis,
2686 4516 2862 4582 unde,
2897 4532 3010 4586 qua
3049 4531 3226 4572 causa
3268 4517 3508 4584 veniret,
3573 4521 3705 4588 apte

2052 4607 2451 4679 respondisset
2493 4607 2565 4660 ad
2615 4604 2889 4677 singula;
2952 4603 3050 4660 ille
3100 4607 3366 4673 patriam,
3416 4622 3603 4675 genus
3649 4612 3702 4661 et

2053 4696 2452 4752 educationem
2493 4695 2753 4750 edoctus.
2800 4693 2924 4748 Non
2963 4694 3200 4763 poteris,
3249 4695 3466 4766 inquit,
3501 4695 3558 4748 in
3603 4693 3710 4750 hac

2055 4786 2310 4858 regione,
2343 4784 2501 4839 haud
2522 4799 2725 4854 parum
2752 4799 2976 4854 aspera,
3004 4782 3393 4839 monasticam
3414 4784 3704 4840 sustinere

2054 4875 2334 4930 laborem.
2383 4874 2487 4928 Cui
2537 4873 2751 4929 Christi
2788 4872 2942 4942 pugil
2989 4889 3003 4926 :
3047 4872 3278 4941 Omnia,
3313 4875 3496 4940 Pater,
3538 4874 3706 4929 trado

1899 4999 2122 5055 NOTIE.

382 5124 599 5196 (5)«S.
659 5125 1000 5180 Joannicius
1033 5129 1115 5194 (ut
1167 5126 1224 5179 in
1275 5126 1369 5195 eju
1419 5125 1610 5180 Vitaé
1666 5125 1942 5182 Novemb.

305 5199 544 5269 legitur)
581 5213 709 5251 cum
758 5197 992 5269 vidisset
1015 5206 1314 5269 rmontem,
1346 5199 1445 5266 qui
1467 5199 1884 5266 ssupereminet
1915 5216 1947 5251 a

297 5268 560 5324 deiterat
588 5268 891 5339 Bithyiniae
928 5268 1025 5338 qui
1058 5269 1210 5333 apud
1247 5285 1350 5322 nos
1376 5276 1616 5323 vocatur
1644 5269 1942 5339 Olympus,

295 5341 539 5410 concepi
572 5343 768 5393 animo
799 5339 972 5392 vitam
1001 5342 1255 5409 quietam
1317 5346 1374 5392 et
1422 5346 1708 5394 amantem
1740 5341 1945 5395 solitu-

289 5413 475 5466 dinis.
512 5432 539 5459 »
570 5411 647 5465 De
680 5427 743 5464 eo
778 5411 902 5464 loco
927 5427 1014 5474 agi
1039 5416 1272 5464 constat
1300 5428 1369 5464 ex
1399 5411 1530 5464 Vita
1552 5413 1611 5466 S.
1639 5413 1942 5478 Theodori,

295 5483 396 5536 ubi
435 5482 734 5550 monachi,
767 5483 862 5550 qui
900 5480 1125 5549 Olympi
1191 5498 1290 5547 pas
1359 5483 1642 5548 incolunt,
1704 5485 1772 5537 ad
1811 5500 1942 5537 eum

292 5555 365 5608 ab
398 5553 603 5608 exsilio
655 5559 918 5608 reducem
951 5553 1008 5605 in
1047 5552 1310 5621 Bithynia
1340 5559 1726 5610 accesserunt.
1756 5555 1814 5608 In
1849 5570 1942 5609 ea-

296 5627 429 5680 dem
469 5625 590 5679 Vita
619 5623 837 5677 dicitur
882 5623 936 5676 S.
987 5622 1142 5677 Plato
1176 5641 1209 5677 θ.
1240 5625 1451 5678 teneris
1485 5625 1651 5678 annis
1689 5635 1942 5681 montem

296 5696 527 5768 Olympi
562 5695 903 5751 incoluisse.

623 5792 884 5853 PATROL.
933 5791 1040 5851 Gn.
1089 5790 1294 5851 XCIX.

2130 5126 2204 5194 (6)
2236 5122 2457 5178 Colitur
2491 5123 2556 5178 21
2609 5121 2773 5177 Febr.
2808 5129 3044 5195 sanctus
3092 5121 3458 5189 Timotheus,
3499 5123 3596 5195 qui
3646 5123 3707 5180 in

2058 5195 2344 5266 Symbolis
2377 5196 2554 5249 vitam
2583 5194 3048 5266 anachoreticam
3071 5195 3256 5266 duxit.
3281 5194 3556 5266 Eiusdem
3582 5212 3707 5249 mo-

2058 5265 2287 5321 nasterii
2326 5269 2475 5320 facta
2505 5272 2594 5320 est
2647 5265 2858 5319 mentio
2895 5266 2990 5319 die
3028 5265 3199 5319 tertia
3228 5265 3442 5336 Aprilis
3474 5267 3531 5320 in
3576 5266 3708 5322 Vita

2058 5339 2112 5392 S.
2150 5339 2579 5408 NicetQLnum.
2615 5355 2672 5391 II.
2706 5337 2866 5408 Quod
2889 5345 3096 5408 _aulem
3142 5338 3232 5391 hic
3264 5337 3484 5408 legatur
3515 5338 3705 5394 Graece

2055 5413 2150 5462 τοῦ
2195 5403 2522 5479 Συμϐόλους
2565 5405 3023 5477 ἐπικεκλημένοι),
3075 5425 3188 5461 non
3234 5403 3566 5478 Συμϐόλων,
3617 5409 3704 5463 uti

2057 5482 2187 5534 istic
2219 5482 2448 5551 legitur,
2485 5497 2589 5534 nos
2614 5481 2985 5547 suspicamur
3006 5495 3132 5532 esse
3157 5483 3436 5534 mendum
3460 5479 3704 5551 librarii,

2055 5569 2188 5607 cum
2225 5553 2448 5622 primus
2492 5552 2598 5606 iste
2631 5551 2924 5619 genitivus
2957 5568 2988 5604 a
3021 5550 3178 5603 nullo
3225 5550 3579 5604 nominativo
3612 5567 3701 5604 re-

2055 5626 2331 5694 gulariter
2362 5625 2495 5678 duci
2528 5622 2734 5692 possit.

3298 5789 3376 5847 26
