4090 6288
406 387 519 448 811

1646 384 1709 443 S.
1757 380 2151 445 THEODORI
2194 383 2559 445 STUDITE

3660 390 3759 450 812

404 519 546 586 tibi;
582 522 856 587 mentem,
890 533 1124 588 corpus,
1157 519 1214 571 et
1240 515 1621 583 voluntatem,
1655 520 1834 584 utere,
1866 520 1933 571 ut
1961 517 2010 571 lu

2123 577 2125 583 _
2159 513 2423 589 ραγωγίαν
2457 514 2519 568 οὐ
2550 515 2648 582 τήν
2681 515 2950 588 τυχοῦσαν
2985 513 3207 590 ἐχούσῃ,
3237 515 3330 569 τὸν
3360 517 3523 572 κόπον
3549 517 3638 573 τοῦ
3667 540 3762 591 μο-

405 609 503 664 bet
535 606 752 662 famulo
792 611 912 666 tuo,
946 606 1004 660 in
1047 605 1276 660 cunctis
1305 605 1673 659 obsecuturo.
1709 602 1752 658 Ο
1783 604 2046 658 admira-

403 697 538 754 bilis
613 695 886 768 propositi
919 696 1194 750 indicium
1249 695 1260 748 ι
1308 692 1718 748 omirabilioris
1757 694 2047 748 renuntia-

401 786 578 842 tionis
610 782 1059 854 argumentum!
1098 783 1272 838 lstius
1321 783 1577 853 quidem,
1629 783 1767 852 quia
1811 782 1868 836 in
1919 784 2043 854 ipso

405 875 592 929 etatis
624 875 784 941 ﬂore,
819 875 875 927 in
910 889 1185 943 prospero
1217 887 1486 926 successu
1522 871 1911 941 negotiorum,
1941 887 2044 942 spe

400 965 620 1035 Optima
654 978 844 1018 rerum
871 963 1159 1032 majorum
1195 960 1511 1032 proposita,
1544 960 1765 1015 divitiis
1797 960 2043 1016 alﬂuen-

403 1055 581 1118 tibus,
622 1051 1104 1120 circumfulgente
1151 1049 1358 1120 gloria,
1407 1049 1636 1120 vigente
1693 1065 1949 1120 corpore.
1982 1050 2041 1104 in

400 1141 617 1214 preprii
663 1141 887 1197 arbitrii
918 1140 1264 1195 constitutus
1313 1139 1602 1205 libertate,
1636 1138 1840 1193 habuit
1897 1139 2042 1194 dile-

401 1232 639 1288 ctionem
695 1247 830 1302 erga
876 1229 1061 1285 Deum
1111 1228 1242 1284 istis
1301 1227 1576 1282 omnibus
1628 1229 2035 1298 superiorem:

399 1320 666 1386 alterius,
708 1319 861 1391 quod
913 1319 1126 1390 optime
1196 1317 1522 1385 consultus,
1572 1333 1687 1371 non
1729 1315 1813 1371 uti
1873 1317 2041 1373 multi

397 1428 572 1476 nunc,
607 1409 898 1476 simulate,
923 1417 1038 1477 aut,
1071 1417 1133 1462 ut
1165 1408 1355 1479 magis
1397 1407 1627 1478 preprie
1675 1408 1879 1478 loquar
1916 1423 2037 1481 oin-

392 1501 529 1555 nino
575 1515 690 1554 non
751 1499 1153 1554 renuntiantes
1211 1498 1448 1564 mundo,
1502 1497 1688 1551 eidem
1722 1513 1785 1551 se
1815 1513 2038 1552 renun—

390 1589 535 1643 tiare
566 1590 861 1660 professus
911 1586 1016 1652 sit;
1053 1586 1151 1641 sed
1202 1586 1698 1656 quemadmodum
1750 1601 1877 1641 vers
1909 1586 2036 1657 ipsa

389 1693 478 1732 res
509 1677 709 1746 exigit.
743 1675 828 1732 Illi
871 1675 1185 1746 siquidem,
1236 1674 1430 1729 nescio
1481 1691 1592 1745 quo
1653 1675 1839 1742 modo,
1874 1676 2036 1731 obliti

389 1767 545 1837 quod
578 1765 720 1821 dicit
760 1765 1046 1820 Dominus
1105 1779 1119 1816 :
1166 1765 1281 1835 Qui
1326 1780 1436 1819 non
1483 1763 1826 1819 renuntiavit
1855 1765 2032 1819 omni-

2154 606 2328 681 ναχοῦ
2358 604 2850 674 ὑπομεμενηκέναι.
2883 605 3026 677 Πρὸς
3048 604 3106 658 ὃν
3139 605 3168 658 ὁ
3185 608 3280 658 τοῦ
3301 606 3533 680 Χριστοῦ
3553 606 3760 677 πύκτηςο

2158 693 2337 747 Πάντα
2386 713 2493 760 σοι,
2526 691 2570 744 ὦ
2617 692 2815 764 Πάτερ,
2865 691 3202 768 ἀποδίδωμι,
3251 696 3341 748 καί
3389 699 3532 767 νοῦν,
3579 696 3659 750 καὶ
3697 698 3768 752 θέ-

2155 780 2330 851 λημα,
2361 780 2449 834 καὶ
2501 785 2678 852 σῶμα,
2709 785 2832 855 χρῶ
2880 785 2957 852 τῷ
2995 786 3072 852 σῷ
3122 781 3306 859 οἰκέτῃ
3336 783 3410 842 ὡς
3459 783 3516 836 ἂν
3566 783 3765 857 βούλοι,

2153 869 2350 925 εἷ’κοντί
2409 891 2493 924 σοι
2551 870 2686 923 κατά
2740 869 2932 925 πάντα.
2993 875 3057 925 Ὦ
3136 870 3432 943 θαυμασίας
3489 871 3768 941 προθέσεως

2153 957 2443 1029 ἀπόδειξις,
2498 961 2588 1014 καὶ
2648 961 3098 1034 θαυμασιωτέρας
3157 962 3438 1037 ἀποταγῆς
3498 962 3766 1025 ὑπόθεσιςὶ

2151 1056 2250 1116 τῆς
2299 1050 2416 1120 μὲν,
2451 1047 2532 1103 ὅτι
2583 1048 2632 1102 ἐν
2685 1045 2832 1120 αὑτῷ
2861 1053 2938 1119 τῷ
2985 1048 3131 1104 ἄνθει
3183 1056 3282 1118 τῆς
3331 1048 3571 1118 ἡλικίας,
3617 1051 3767 1104 κατὰ·

2151 1137 2275 1212 ῥοῦν
2306 1139 2453 1209 αὐτῷ
2481 1137 2812 1212 χωρούντων
2845 1143 2950 1192 τῶν
3002 1137 3367 1212 πραγμάτων,
3398 1144 3504 1193 τῶν
3550 1136 3769 1194 ἐλπίδων

2151 1227 2533 1301 χρηστοτέρων
2588 1220 3078 1298 ὑποϐαλλομένων,
3119 1225 3364 1281 πλούτου
3411 1225 3770 1300 προκειμένου,

2150 1313 2313 1384 δόξης
2403 1313 2922 1388 ὑπαστραπτούσης,
3000 1315 3195 1382 σαρκὸς
3278 1316 3612 1394 σφριγώσης,
3690 1317 3770 1370 καὶ

2143 1407 2310 1458 ταῦτα
2389 1407 2477 1457 σῦν
2555 1403 2934 1477 αὐτοκρατείᾳ,
2995 1408 3228 1458 νικῶσαν
3306 1398 3462 1481 ἔσχεν
3539 1405 3770 1460 ἁπάντων

2142 1493 2240 1560 τήν
2298 1491 2372 1554 εἷς
2433 1493 2559 1547 Θεὸν
2613 1491 2904 1564 ἐπιθυμίαν
2941 1513 2954 1524 ·
3013 1500 3110 1561 τῆς
3167 1491 3244 1559 δὲ,
3280 1491 3362 1547 ὅτι
3422 1492 3607 1566 καίπερ
3637 1492 3769 1548 οὕτω

2145 1580 2334 1655 ἄριστα
2387 1580 2840 1654 βουλευσάμενος,
2893 1581 2954 1636 οὐ
3003 1583 3139 1636 κατὰ
3197 1583 3328 1643 τοὺς
3389 1580 3629 1644 πολλοὺς
3675 1586 3771 1636 τῶν

2145 1675 2235 1724 νῦν
2274 1668 2641 1738 έπιπλάστως,
2678 1669 3004 1745 οἰκειότερον
3057 1668 3113 1724 δὲ
3158 1671 3350 1741 εἰπεῖν,
3403 1672 3768 1732 ἁναποτάκτως

2145 1757 2619 1832 ἀποτασσομένων,
2670 1759 2769 1826 τὴν
2821 1759 3103 1832 ἀποταγήν
3153 1758 3300 1813 ἔθετο
3337 1781 3348 1792 ·
3401 1760 3525 1814 ἀλλ’
3572 1760 3642 1821 ὡς
3683 1761 3773 1813 ἀπ-

388 1856 485 1910 bus
514 1869 639 1927 quae
681 1856 938 1925 possidet,
970 1869 1077 1908 non
1125 1857 1295 1924 potest
1332 1869 1482 1908 meus
1508 1868 1625 1908 esse
1651 1853 1951 1923 discipulus
1980 1853 2001 1886 ³

2143 1846 2331 1918 έδειξεν
2365 1849 2392 1902 6
2436 1848 2652 1918 ἀληθὴς
2703 1848 2888 1924 λόγος.
2931 1851 2996 1905 Οἱ
3054 1851 3147 1921 μὲν
3182 1850 3306 1925 γὰρ,
3342 1849 3444 1904 οὐκ
3492 1846 3589 1903 οἷδ’
3633 1849 3770 1908 ὅπως

387 1951 444 2002 et
483 1945 636 2016 quod
678 1943 817 1999 alibi
844 1945 1008 2013 jubet
1042 1960 1053 1996 :
1096 1943 1277 1998 Vende
1305 1946 1488 1998 omnia
1517 1959 1643 2012 quae
1673 1943 1854 2006 habes,
1882 1947 1933 1998 et
1961 1946 2034 1998 da

382 2035 749 2104 pauperibus,
781 2037 829 2086 et
865 2031 1087 2086 habebis
1109 2033 1423 2086 thesaurum
1449 2030 1508 2086 in
1538 2033 1702 2102 oculis,
1725 2041 1773 2086 et
1801 2048 2030 2102 sequere

381 2139 466 2178 me
496 2123 550 2190 3;
603 2124 832 2189 horum,
865 2122 1126 2189 inquam,
1174 2121 1360 2189 obliti,
1412 2120 1526 2192 ipsi
1572 2121 1682 2175 sibi
1713 2122 1933 2192 templa
1973 2126 2028 2176 et

380 2211 752 2278 monasteria,
783 2210 1057 2282 erigunt;
1105 2210 1315 2264 deinde
1351 2211 1735 2265 monasticam
1777 2210 2026 2280 amplexi

379 2301 831 2374 professionem,
879 2299 1255 2353 dominantur
1285 2300 1343 2352 in
1392 2299 1664 2369 propriis,
1720 2316 1914 2355 servos
1945 2306 2024 2355 at-

376 2407 490 2464 que
533 2390 927 2445 substantiam
973 2389 1191 2444 variam
1243 2394 1373 2461 post
1419 2407 1481 2445 se
1523 2391 1846 2457 trahentes;
1899 2389 2022 2446 heri

376 2479 602 2546 novitii,
635 2482 692 2533 et
727 2477 897 2532 hodie
947 2477 1218 2545 abbates;
1271 2476 1387 2532 heri
1421 2493 1527 2532 nec
1557 2477 1748 2532 idonei
1780 2479 2016 2548 quidem

375 2569 475 2639 qui
508 2583 571 2622 se
601 2567 921 2636 prudenter
970 2567 1252 2636 regendos
1303 2565 1646 2636 praeberent,
1679 2565 1850 2621 hodie
1871 2567 2018 2623 alios

371 2655 641 2727 imperite
671 2670 870 2726 regere
909 2659 1357 2725 prasumentes;
1404 2655 1620 2725 quibus
1653 2655 2014 2723 prmlaturam

371 2761 488 2800 non
535 2743 715 2798 virtus
775 2759 900 2810 sua,
953 2745 1049 2798 sed
1101 2758 1337 2798 suarum
1389 2742 2015 2815 facultatum.usurpa-

368 2834 450 2889 tio
495 2832 690 2890 attulit
736 2832 837 2903 qui
888 2849 1021 2887 cum
1071 2830 1275 2886 multis
1323 2834 1494 2886 annis
1533 2832 1876 2888 debuissent
1923 2834 2012 2887 di-

368 2940 530 2980 scere
562 2923 854 2994 quomodo
884 2922 957 2976 sit
994 2922 1308 2992 imperanti
1351 2923 1696 2992 parendum,
1730 2928 1901 2994 atque
1931 2924 2012 2978 ita

367 3012 442 3068 ad
471 3013 734 3082 regimen
767 3011 1019 3066 aliorum
1069 3011 1418 3078 ascendere;
1479 3015 1792 3080 antequam
1852 3013 2010 3082 prius

363 3102 518 3158 istud
549 3100 880 3168 didicerint,
915 3116 1042 3155 sese
1091 3099 1348 3170 periculo
1380 3100 1652 3171 ingerunt
1685 3101 2006 3171 posteriori,

363 3195 418 3247 et
448 3189 652 3262 quales
682 3193 840 3255 sunt,
863 3189 1003 3244 tales
1043 3190 1215 3243 etiam
1251 3189 1516 3244 efﬁciunt
1545 3188 1656 3244 sibi
1690 3191 2004 3260 subjectos.

2141 1939 2538 2011 ἀπιλαθόμενοι
2587 1945 2682 1993 τοῦ
2742 1941 2944 2013 Κυρίου
3001 1938 3258 2013 λέγοντος
3292 1959 3304 1971 ”
3355 1941 3457 2003 “Oc
3505 1939 3606 1994 οὐκ
3643 1941 3770 1994 ἀπο-

2137 2030 2385 2085 τάσσεται
2457 2035 2586 2084 πᾶσι
2663 2035 2782 2090 τοῖς
2843 2030 3035 2083 ἑαυτοῦ
3115 2030 3482 2107 ὑπάρχουσιν,
3554 2028 3611 2082 οὐ
3685 2025 3769 2081 δύ-

2135 2119 2288 2174 ναταί
2349 2140 2451 2190 μου
2511 2120 2643 2173 εἶναι
2705 2120 2956 2190 μαθητής
2992 2137 3004 2149 ·
3061 2119 3149 2172 καὶ
3203 2118 3465 2192 ἀλλαχοῦ
3514 2118 3770 2192 προστέσο

2137 2227 2368 2270 σοντος·
2440 2207 2706 2278 Πώλησόν
2781 2229 2879 2262 σου
2955 2209 3020 2262 τὰ
3096 2210 3270 2262 πάντα
3350 2208 3419 2262 τὰ
3504 2207 3771 2280 ὑπάρχον-

2133 2319 2196 2352 τα
2253 2299 2342 2352 καὶ
2397 2295 2488 2359 δὸς
2545 2302 2817 2372 πτωχοῖς,
2877 2299 2968 2351 καὶ
3027 2296 3158 2369 ἔξεις
3211 2297 3484 2372 θησαυρὸν
3561 2295 3611 2350 ἐν
3674 2297 3770 2350 οὐ·-

2134 2394 2314 2463 ρανοῖς
2363 2387 2453 2442 καὶ
2513 2385 2669 2461 δεῦρο
2747 2386 3035 2442 ἀκολούθει
3097 2403 3234 2459 μοι’
3297 2386 3597 2460 ἐγείρουσιν
3657 2387 3772 2440 έαυ-

2129 2482 2245 2539 τοῖς
2294 2478 2453 2538 ναούς
2503 2497 2560 2532 τε
2607 2478 2694 2531 καὶ
2733 2478 3096 2551 μοναστήρια,
3130 2475 3242 2531 εἶτα
3292 2476 3667 2550 ἀσπασάμενοι
3715 2475 3772 2530 τὸ

2128 2563 2604 2640 έπάγγελμα,τῶν
2658 2565 2871 2621 οἰκείων
2925 2564 3159 2640 ἄρχουσί
3202 2586 3261 2620 τε
3305 2566 3398 2620 καὶ
3446 2565 3772 2640 κυριεύουσι,

2127 2652 2358 2717 δούλους
2390 2653 2480 2709 καί
2511 2653 2644 2718 ὕλας
2677 2652 2967 2734 διαφόρους
2998 2654 3402 2730 ἐπισυρόμενοι,
3429 2656 3560 2730 χθὲς
3591 2653 3766 2728 ἀμύη-

2124 2764 2211 2798 τοι
2266 2749 2364 2798 τοῦ
2431 2742 2870 2818 ἐπαγγέλματος,
2929 2744 3018 2798 καὶ
3091 2745 3331 2817 σήμερον
3395 2744 3471 2804 ὡς
3548 2740 3767 2798 παλαιοὶ

2121 2833 2531 2906 καθηγούμενοι
2563 2849 2576 2863 ⁸
2613 2833 2747 2906 χθές
2804 2833 2880 2904 μή
2929 2829 3130 2895 εἰδότες
3177 2833 3638 2906 χειραγωγεῖσθαι
3674 2850 3765 2902 με·

2120 2921 2185 2975 τὰ
2217 2922 2497 2992 συνέσεως,
2527 2921 2616 2975 καὶ
2669 2923 2910 2995 σήμερον
2945 2926 3311 2996 χειραγωγεῖν
3356 2920 3569 2982 ἄλλους
3619 2920 3761 2975 ἀπαι-

2121 3007 2321 3074 δεύτως
2367 3011 2796 3085 προαιρούμενοι
2830 3029 2843 3042 ’
2879 3012 2951 3064 ὢν
3005 3009 3117 3088 οὐχ
3168 3012 3203 3080 ἡ
3255 3011 3446 3084 ἀρετὴ,
3481 3013 3515 3079 ἡ
3567 3015 3762 3084 χρῆσις

2119 3097 2175 3155 δὲ
2229 3105 2334 3154 τῶν
2389 3100 2751 3178 ὑπαρχόντων
2807 3102 2907 3169 τήν
2967 3099 3262 3176 ἡγεμονίαν
3327 3099 3762 3166 κατεπίστευσεν,

2116 3190 2167 3244 οἳ
2200 3188 2437 3252 πολλοῖς
2468 3187 2636 3245 ἔτεσιν
2689 3188 2998 3267 ὀφείλοντες
3045 3188 3296 3262 ἐκμαθεῖν
3339 3189 3533 3250 καλῶς
3568 3189 3630 3243 τὸ
3679 3187 3766 3259 ἄρ’

359 3282 466 3335 Ast
494 3280 640 3349 ipse,
665 3283 968 3349 postquam
994 3277 1206 3333 seculo
1223 3293 1352 3332 vere
1371 3278 1783 3347 renuntiasset,
1812 3287 2004 3335 osten-

2123 3281 2327 3352 χεσθαι,
2378 3279 2472 3334 εἶθ’
2522 3279 2696 3340 οὕτως
2746 3278 2834 3334 ἐπὶ
2878 3279 2941 3333 τὸ
2991 3276 3180 3352 ἄρχειν
3231 3277 3456 3347 ἀνιέναι,
3507 3279 3616 3352 πρὸ
3668 3279 3762 3341 τῆς

360 3369 445 3424 dit
476 3366 870 3423 obedientiam
904 3367 1149 3421 minime
1192 3367 1441 3421 fucatam
1476 3368 1655 3422 fuisse
1689 3385 1702 3424 :
1737 3369 2004 3438 praecedit

357 3457 516 3512 enim
563 3455 819 3526 primum
869 3456 1146 3524 secundo,
1192 3456 1340 3510 sicut
1383 3455 1574 3525 fulgur
1622 3456 1893 3523 tonitrua,
1946 3462 2004 3513 et

357 3545 564 3600 lucifer
585 3543 694 3598 soli
731 3543 1032 3598 exorienti.
1065 3542 1209 3598 Nam
1239 3545 1334 3615 qui
1367 3544 1575 3600 saeculo
1605 3546 1752 3600 bene
1783 3563 2000 3602 renun-

355 3633 607 3700 tiaverit,
640 3632 860 3688 clarum
905 3637 994 3687 est
1027 3635 1182 3702 quod
1213 3633 1386 3688 etiam
1419 3634 1565 3688 bene
1595 3634 1821 3689 obediet
1854 3651 1867 3688 :
1902 3636 2000 3704 qui

353 3739 488 3778 vero
533 3722 593 3777 in
653 3722 832 3778 altero
881 3722 1112 3793 oblique
1150 3723 1472 3792 incesserit,
1522 3725 1580 3778 in
1631 3724 1808 3780 altero
1855 3741 2002 3796 quo-

361 3829 474 3884 que
495 3812 820 3868 certissime
852 3816 941 3867 est
970 3812 1423 3868 claudicaturus.

2112 3368 2302 3442 πείρας
2333 3373 2429 3423 τοῦ
2477 3368 2746 3444 προτέρου
2795 3365 3148 3429 ἐπικινδύνως
3197 3371 3294 3422 τοῦ
3344 3364 3607 3442 δευτέρου
3657 3366 3765 3422 ἐπι-

2115 3452 2510 3530 λαμϐάνοντες,
2581 3455 2862 3517 τοιούτους
2942 3454 3377 3530 ἀπεργαζόμενοι
3458 3454 3592 3516 τοὺς
3665 3453 3764 3508 ὑπὸ

2113 3552 2327 3621 χεῖρας,
2379 3549 2486 3600 οἷοι
2537 3547 2621 3600 καὶ
2677 3545 2828 3602 εἰσίν.
2879 3546 2936 3600 Ὀ
2985 3542 3041 3599 δὲ
3096 3542 3284 3614 ἐπειδὴ
3338 3543 3618 3615 ἀληθινὴν
3667 3544 3764 3610 τὴν

2111 3635 2393 3708 ἀποταγήν
2449 3634 2772 3706 ἐποιήσατο,
2831 3634 3111 3689 ἀνόθευτον
3167 3633 3254 3688 καὶ
3313 3635 3416 3702 τήν
3482 3633 3759 3705 ὑποταγὴν

2115 3721 2380 3778 δείκνυσιν
2414 3743 2426 3755 ³
2488 3726 2576 3778 καὶ
2652 3724 2752 3798 γὰρ
2828 3728 3152 3798 προηγεῖται
3217 3726 3312 3777 τοῦ
3384 3719 3646 3796 δευτέρου
3704 3720 3762 3773 τὸ

2473 3815 2547 3877 ὡς
2627 3815 2873 3888 ἀστραπή
2960 3815 3214 3887 βροντῆς,
3303 3812 3395 3866 καὶ
3487 3809 3763 3887 ἑωσφόρος

2796 3904 2824 3956 6
2881 3902 2986 3976 γὰρ
3063 3901 3252 3975 ἄριστα
3324 3900 3761 3974 ἀποταξάμενος,

2110 3814 2396 3889 πρότερον,

2109 3903 2278 3972 ἡλίου
2351 3902 2672 3976 ἀνίσχοντος
2706 3921 2719 3934 ·

354 3990 548 4065 ἄριστα
579 3987 793 4060 δηλαδή
827 3991 917 4044 καὶ
950 3990 1348 4064 ὑποταγήσεται
1381 4010 1395 4024 ⁸
1431 3993 1459 4045 ὁ
1492 3988 1549 4046 δὲ
1576 3993 1695 4045 καθ’
1727 3992 1976 4065 ἑκάτερον
2011 3991 2342 4061 σκολιώσας,
2372 3992 2460 4046 καὶ
2493 3991 2544 4046 ἐν
2578 3992 2786 4064 θατέρῳ
2818 3989 3079 4060 δηλονότι
3110 3989 3472 4068 χωλανεῖται.

423 4085 508 4138 10.
546 4085 692 4140 Sunt
745 4089 938 4137 autem
988 4083 1222 4138 virtutis
1265 4084 1531 4138 exercitia
1580 4084 1782 4153 multa,
1813 4087 1996 4141 absti-

351 4176 556 4228 nentia
607 4173 964 4240 extenuatio,
1015 4173 1204 4228 somni
1278 4174 1546 4245 parcitas,
1603 4174 1992 4246 lacrymarum

347 4263 663 4328 evacuatio,
699 4263 978 4318 orationis
1011 4263 1304 4330 alacritas,
1340 4264 1835 4320 humicubationis
1870 4282 1993 4321 mo-

344 4352 532 4419 lestia,
577 4352 821 4407 vestitus
875 4351 1090 4418 vilitas,
1150 4369 1432 4408 manuum
1492 4358 1768 4426 operatio,
1811 4371 1992 4422 genu-

349 4440 665 4496 fleanum
710 4440 1059 4511 frequentia,
1101 4441 1304 4496 mortis
1354 4443 1676 4503 meditatio.
1733 4444 1988 4513 psalmo-

344 4529 450 4583 diis
502 4529 836 4591 assiduitas,
901 4531 1325 4600 perseverantia
1399 4533 1688 4587 stationis.

339 4623 534 4672 tamen
566 4617 829 4672 omnium
868 4617 1017 4672 nihil
1048 4619 1131 4674 ita
1152 4621 1542 4676 necessarium
1563 4621 1612 4676 ei
1645 4623 1742 4692 qui
1778 4623 1982 4676 subest

341 4709 511 4776 atque
567 4704 898 4760 exercitium
932 4705 1166 4760 sincerae
1206 4708 1591 4764 confessionis
1622 4716 1678 4764 et
1720 4711 1983 4780 perfectae

339 4793 720 4848 obedientia:
771 4794 985 4864 quibus
1055 4794 1420 4850 illuminatur
1468 4797 1684 4863 anima,
1741 4797 1983 4852 mortiﬁ-

338 4889 494 4937 catur
543 4882 838 4944 voluntas,
890 4888 946 4937 et
992 4885 1241 4952 perfecta
1307 4886 1595 4939 oblinetur
1649 4886 1982 4956 conjunctio

336 4972 464 5041 ejus
495 4972 594 5040 qui
625 4972 1010 5041 spiritualiter
1056 4974 1320 5028 nascitur
1350 4990 1484 5029 cum
1518 4991 1584 5029 eo
1616 4977 1717 5046 qui
1767 4975 1976 5045 gignit.

336 5060 458 5114 Duo
489 5061 610 5113 haec
642 5060 861 5116 caeteris
891 5062 1167 5117 omnibus
1196 5078 1310 5116 non
1346 5063 1672 5132 printerens,
1708 5064 1978 5118 inﬁrmus

333 5149 405 5203 ab
433 5148 822 5204 obedientiam
854 5151 998 5218 erit;
1033 5156 1207 5221 atque
1267 5153 1345 5207 ita
1379 5168 1476 5223 per
1511 5169 1638 5223 qua!
1673 5151 1977 5205 videbatur

333 5237 582 5292 salutem
634 5239 928 5309 consequi,
988 5239 1286 5294 illusionis
1331 5241 1655 5308 subjacebit
1697 5240 1972 5309 periculo.

331 5327 813 5397 Etenimjejuuia,
838 5329 1066 5400 vigilias,
1093 5331 1146 5381 et
1170 5327 1452 5398 quidquid
1478 5329 1769 5396 ejusmodi
1814 5329 1971 5383 aliud

330 5419 461 5481 est;
497 5417 818 5471 secundum
867 5433 930 5471 se
961 5416 1198 5487 quidem
1251 5416 1567 5472 laudabilia
1625 5423 1792 5486 sunt;
1855 5435 1966 5473 non

330 5513 524 5560 tamen
559 5505 747 5573 utilia,
773 5508 873 5561 sed
898 5506 966 5560 ad
999 5505 1227 5574 lapsum
1255 5505 1612 5575 inducentia,
1637 5509 1686 5562 ei
1719 5508 1818 5580 qui
1851 5525 1975 5577 pro-

330 5596 455 5666 prio
471 5596 708 5651 arbitrio
724 5596 934 5667 agitur,
953 5595 1064 5651 nisi
1081 5597 1338 5666 praesidis
1350 5598 1528 5654 ductu
1543 5604 1601 5656 et
1622 5601 1825 5671 regula
1842 5600 1973 5658 diri-

399 5723 420 5757 ³
452 5722 584 5778 Luc.
619 5738 732 5791 xiv,
767 5722 855 5775 33.
930 5723 952 5757 ⁸
975 5724 1110 5781 Luc.
1143 5741 1299 5796 xvm,
1330 5726 1420 5782 22.

2179 4086 2234 4139 ι’.
2272 4081 2462 4137 [Ιολλά
2513 4083 2605 4154 μὲν
2662 4081 2753 4137 οὖν
2800 4082 2866 4135 τὰ
2923 4083 3042 4135 κατ’
3101 4081 3292 4154 ἀρενήν
3347 4077 3762 4151 ἐπιτηδεύματα

2877 4170 3172 4245 ἀγρυπνίας
3246 4173 3438 4244 νῆψις,
3511 4166 3758 4241 δακρύων

3064 4259 3364 4333 χαμευνίας
3443 4256 3760 4330 σύνθλιψις,

3384 4346 3758 4421 γονυκλισιῶν

2105 4170 2412 4247 ἐγκρατείας
2487 4172 2796 4242 κατάτηξις,

2103 4263 2347 4329 κένωσις,
2434 4261 2602 4335 εὐχῆς
2684 4261 2976 4335 πτέρωσις,

2103 4348 2326 4416 ἐσθῆτος
2413 4347 2676 4418 εὐτέλεια,
2762 4352 2966 4426 χειρῶν
3055 4347 3301 4422 ἐργασία,

2099 4437 2395 4506 πυκνότης,
2477 4436 2678 4509 μελέτη
2769 4438 3025 4506 θανάτου,
3102 4433 3440 4509 ψαλμῳδίας
3521 4434 3761 4502 εὐτονία,

1770 4531 1984 4587 Horum
2018 4525 2064 4585 D
2095 4527 2332 4587 στάσεως
2377 4526 2634 4600 καρτερία
2666 4545 2679 4557 °
2735 4524 2891 4580 οὐδὲν
2922 4524 2978 4580 δὲ
3026 4531 3275 4580 τοιοῦτον
3322 4529 3404 4597 τῷ
3458 4525 3758 4579 ὑποτακτι·

2093 4620 2198 4686 κῷ,
2231 4615 2344 4668 οἷον
2375 4616 2438 4669 τὸ
2485 4615 2601 4669 κατ’
2652 4614 2995 4689 ἐξαγόρευσιν
3048 4615 3353 4690 ἀγώνισμα,
3399 4615 3496 4669 καὶ
3551 4615 3616 4669 τὸ
3646 4613 3760 4668 καθ’

2096 4705 2345 4773 ὑπακοὴν
2377 4705 2730 4778 κατόρθωμα,
2764 4701 2834 4758 δι’
2885 4704 2960 4758 ὧν
2990 4706 3144 4778 ψυχὴ
3177 4706 3482 4781 φωτίζεται
3532 4706 3624 4758 καὶ
3681 4723 3761 4755 νε-

2092 4799 2314 4868 κροῦται
2367 4794 2608 4866 θέλημα,
2652 4795 2743 4848 καὶ
2792 4793 3059 4862 ὁλοτελὴς
3103 4793 3405 4864 είσοίκησις
3453 4799 3557 4849 τοῦ
3604 4815 3755 4850 πνευ-

2096 4889 2340 4954 ματικῶς
2387 4884 2776 4956 γεγεννημένου
2835 4885 2972 4958 πρὸς
3028 4884 3120 4938 τὸν
3174 4885 3542 4958 γεγεννηκότα
3603 4885 3754 4959 ἐγγί-

2089 4995 2254 5029 νεται.
2312 4975 2370 5026 Ὀ
2428 4975 2531 5046 γὰρ
2594 4975 2669 5045 μή
2726 4977 2893 5028 ταῦτα
2950 4978 3059 5028 τῶν
3120 4971 3307 5028 ἄλλων
3366 4977 3752 5047 προτιμήσας,

2089 5064 2282 5136 σαθρὸς
2315 5063 2450 5136 πρὸς
2506 5063 2790 5138 ὑποταγὴν
2839 5062 3178 5128 καθίσταται,
3213 5064 3301 5116 καὶ
3353 5061 3424 5117 δι’
3479 5065 3558 5117 ὧν
3608 5061 3757 5117 δοκεῖ

2089 5153 2366 5224 σωτηρίας
2423 5150 2662 5225 ἔχεσθαι,
2722 5151 2932 5221 ἀπάτης
2995 5151 3275 5226 ὑφίσταται
3353 5149 3620 5226 ὄλεθρον.
3682 5152 3752 5206 Τὸ

2084 5242 2186 5315 γὰρ
2247 5240 2503 5316 ἐγκρατὲς
2569 5241 2659 5294 καὶ
2710 5241 3002 5314 ἄγρυπνον,
3055 5240 3144 5294 καὶ
3196 5242 3376 5295 ὁτιοῦν
3427 5239 3582 5296 ἄλλο
3643 5246 3748 5294 τῶν

2082 5336 2496 5405 προειρημένων
2558 5329 3012 5404 κατορθυμάτων,
3063 5329 3196 5385 αὐτὸ
3251 5329 3346 5401 μὲν
3394 5331 3524 5384 καθ’
3586 5329 3745 5385 ἑαυτὸ

2082 5418 2358 5476 ἐπαινετὸν
2407 5417 2531 5489 δοίη
2585 5440 2668 5482 τις
2719 5420 2876 5490 εἶναι,
2929 5416 3041 5473 οὐδ’
3090 5419 3152 5474 ἂν
3184 5416 3241 5475 δὲ
3283 5417 3368 5488 εἴη
3423 5416 3744 5486 λυσιτελὲς,

2091 5508 2301 5582 μᾶλλον
2339 5513 2432 5580 μὶν
2478 5506 2568 5562 οῦν
2619 5508 2708 5562 καὶ
2739 5509 2998 5570 πτώσεως
3041 5506 3214 5562 αἴτιον
3265 5513 3344 5580 τῷ
3396 5505 3748 5584 ίδιορύθμως

2084 5599 2398 5674 πράττοντι,
2445 5597 2489 5650 εί
2543 5597 2619 5670 μὴ
2669 5598 2915 5672 γνώμονι
2959 5598 3052 5652 καὶ
3098 5599 3283 5652 κανόνι
3330 5600 3434 5652 τοῦ
3476 5598 3745 5671 καθηγου-
