4090 6288
318 431 434 493 813

998 433 1289 495 ORATIO
1331 432 1433 492 XI.
1479 465 1557 476 —
1603 432 2004 494 LAUDATIO
2047 434 2111 492 S.
2158 432 2547 495 PLATONIS
2595 434 3028 500 HEGUMENI.

3603 444 3723 502 814

318 568 481 640 μένου
534 568 869 641 περαίνοιτο,
920 566 1056 624 ὥστε
1087 569 1245 638 ὁτῆν
1286 566 1621 642 ἐξαγόρευσιν
1679 568 1796 640 μεθ’
1852 567 1937 621 ὑπ-

2064 573 2235 640 gatur
2266 584 2281 624 :
2315 569 2414 624 sed
2455 568 2553 641 qui
2610 570 2963 628 confessioni
3017 577 3074 628 et
3131 574 3477 631 obedientize
3529 576 3731 633 studet

314 667 485 729 ακοῆς
515 658 772 732 έξασκῶν,
811 662 878 715 τὰ
928 658 1171 733 δευτέρια
1209 664 1325 721 τοῖς
1375 655 1571 719 ἄλλοις
1611 655 1857 727 δίδωσιν,
1908 656 1959 712 έν

310 754 432 810 τοῖς
468 746 588 803 δυσὶ
621 750 686 804 τὰ
718 751 890 804 πάντα
922 748 1247 823 περικλείων
1279 793 1292 805 .

393 840 476 895 ια’.
520 843 693 893 Ταῦτα
725 840 751 893 6
798 836 1059 913 μακάριος
1109 839 1182 900 ὡς
1233 837 1332 892 οὐκ
1362 834 1466 892 οἷδ’
1517 835 1562 891 ε⁹ί
1600 857 1682 899 τις
1730 840 1837 891 τῶν
1868 834 1960 891 ἀλ-

316 927 430 983 λων
493 928 958 1004 ἀφοσιωσάμενος,
1008 926 1181 996 καλὴν
1218 929 1316 995 τήν
1359 926 1512 1000 βάσιν
1562 928 1818 1001 πήγνυσι,
1867 925 1957 980 καὶ

313 1015 403 1071 ἐπὶ
433 1018 603 1092 ταύτῃ
658 1017 872 1094 ἀσφαλῆ
916 1019 1015 1085 τὴν
1067 1015 1368 1091 οἰκοδομὴν
1416 1016 1732 1085 πεποίηται,
1784 1016 1958 1069 πάντα

316 1106 588 1180 λογισμὸν
641 1108 1043 1178 ἀνατιθέμενος,
1076 1106 1165 1160 καὶ
1197 1108 1371 1161 πάντα
1398 1106 1517 1159 καθ’
1563 1106 1805 1171 ὑπακοὴν
1839 1101 1953 1159 δια-

313 1196 708 1269 πραττόμενος,
735 1194 826 1249 καὶ
873 1192 962 1248 διὰ
1007 1200 1209 1250 ταῦτα.
1257 1197 1544 1271 Γραφικῶς
1592 1194 1782 1261 εἰπεῖν,
1828 1192 1954 1266 ἀγα-

314 1284 572 1356 πώμενος
624 1284 676 1338 ἐν
734 1284 1016 1357 προσώπῳ
1076 1284 1293 1356 Πατρὸς
1350 1283 1549 1338 αὐτοῦ.
1602 1282 1809 1337 Γίνεται
1857 1282 1953 1335 οὖν

317 1373 531 1447 ἀδάμας
586 1379 654 1448 τῇ
713 1374 988 1448 καρτερίᾳ,
1039 1371 1338 1447 περιδέξιος
1383 1376 1451 1445 τῇ
1525 1370 1790 1443 διακονίᾳ,
1837 1370 1953 1425 δια-

316 1463 554 1536 λάμπων
608 1464 699 1535 μὲν
753 1462 804 1516 έν
861 1461 1097 1524 πολλοῖς
1158 1462 1469 1531 συνάθλοις,
1528 1463 1599 1516 ὦν
1652 1463 1716 1516 οὗ
1766 1459 1955 1535 πόῤῥω

313 1554 572 1631 ἀφίστατο
631 1553 767 1607 κατᾶ
811 1554 912 1622 τὴν
957 1548 1333 1620 κοινοϐιαϊκὴν
1389 1553 1551 1621 ζωὴν,
1585 1550 1698 1622 ἱδίᾳ
1729 1549 1785 1606 δὲ
1840 1554 1955 1624 μεθ’

312 1643 431 1704 ἑνὸς
518 1644 833 1716 ὁμοτρόπου
919 1642 1356 1715 ὑποταττόμενος
1412 1643 1525 1695 καθ¹
1582 1643 1819 1716 ἡσυχίαν
1875 1646 1953 1712 τῷ

310 1733 627 1805 ἀειμνήστῳ
683 1730 1004 1803 Θεοκτίστῳ,
1086 1732 1174 1784 καί
1228 1737 1304 1799 πῆ
1360 1732 1451 1803 μὲν
1508 1729 1614 1785 ἷ¹κοι
1661 1731 1950 1805 σχολάζων

308 1829 384 1890 πῆ
421 1819 477 1876 δὲ
508 1825 576 1894 τῇ
604 1820 885 1889 κοινότητι
936 1820 1359 1899 συνερχόμενος,
1393 1814 1444 1874 ἔν
1492 1841 1549 1874 τε
1599 1817 1950 1892 ψαλμῳδίαις

311 1908 631 1990 διατροφαῖς
659 1931 717 1964 τε
768 1909 856 1965 καὶ
906 1909 1201 1983 ἐργασίαις,
1244 1909 1332 1963 καὶ
1378 1912 1496 1963 οἷον
1544 1909 1710 1964 εἰπεῖν
1767 1909 1951 1969 κοινός

309 2023 369 2057 τε
397 2002 488 2056 καί
518 2000 788 2063 ἐπίκοινος
830 2000 1117 2075 γινόμενος
1160 2002 1249 2054 καὶ
1293 2001 1508 2074 μέτριος
1552 2001 1690 2054 κατά
1738 2001 1912 2055 πάντα
1938 2019 1949 2030 ·

311 2089 391 2147 Οὐ
443 2090 568 2164 γὰρ,
630 2086 818 2157 ἐπειδή
877 2087 1098 2165 εὐγενὴς
1155 2089 1217 2143 τὸ
1275 2090 1409 2143 κατά
1469 2088 1661 2162 σάρκα,
1719 2089 1951 2161 ἀπὲτραο

312 2180 512 2255 χύνετο
569 2184 685 2240 τοῖς
771 2178 1180 2253 ἀγροικοτέροις
1266 2176 1766 2249 συνδιαιτώμενος·
1829 2176 1952 2231 οὐδὲ

313 2266 503 2335 ἐπειδὴ
562 2266 939 2342 ἓξυπηρετεῖτο
1016 2268 1142 2339 παρ’
1214 2265 1435 2321 οἷκετῶν
1514 2268 1798 2341 πρότερον,
1857 2267 1951 2329 τάς

302 2357 628 2431 ἀτιμοτέρας
725 2356 1124 2432 ἐγχειρίζεσθαι
1229 2353 1507 2418 διακονίας
1595 2355 1896 2426 ἐξενοπάθει
1934 2398 1948 2414 .

303 2450 602 2520 Τοιγαροῦν
658 2445 748 2500 καὶ
805 2445 1009 2519 κόπρον
1067 2443 1155 2499 ἐπὶ
1213 2439 1378 2516 ὤμων
1466 2443 1774 2521 ἐπεφέρετο,
1859 2445 1946 2498 καὶ

301 2541 491 2612 χῶρον
550 2533 790 2609 ἀρδεύειν
852 2535 1263 2609 προσετάττετο,
1360 2535 1449 2589 καὶ
1504 2531 1706 2607 ἄλευρα
1764 2535 1946 2611 φύρειν

301 2625 579 2699 ἠνείχετο,
611 2626 702 2679 καὶ
744 2629 916 2679 ταῦτα
963 2626 1100 2696 μετά
1147 2628 1242 2678 τοῦ
1289 2624 1508 2702 γράφειν
1555 2623 1696 2697 τόνῳ
1746 2622 1943 2695 πολλῷ

303 2715 393 2768 καὶ
428 2712 712 2786 ἐπιμελείᾳ
740 2715 1002 2789 κρατίστῃ
1029 2757 1042 2770 .

489 2890 684 2947 Βούλει
720 2893 910 2964 μαθεῖν
941 2891 1033 2946 καὶ
1070 2889 1228 2965 ἕτερα
1283 2891 1525 2958 ὑπακοῆς
1578 2890 1940 2964 ἀριστεύματα

290 2982 553 3059 ἐγγύθεν;
614 2986 671 3036 Ὀ
731 2982 991 3055 πράκτωρ
1048 2984 1155 3034 τῶν
1202 2980 1664 3054 κατορθωμάτων.
1719 2978 1938 3035 ὠνειδέ-

293 3078 410 3141 ζετο
460 3074 607 3145 παρά
663 3075 759 3125 τοῦ
810 3073 1020 3143 Πατρὸς
1068 3069 1154 3125 ἐπὶ
1186 3069 1456 3143 παρουσίᾳ
1504 3071 1689 3141 ξένων,
1740 3069 1828 3123 καὶ
1862 3070 1935 3131 ὡς

292 3160 569 3238 εὐφημίαν
630 3158 953 3234 δεχόμενος,
1014 3158 1318 3229 ἀκλόνητος
1365 3155 1603 3230 διέμενεν
1654 3159 1682 3213 ὁ
1728 3155 1937 3214 εὐκλεέ-

293 3271 488 3311 στατος
524 3271 537 3283 ⁸
600 3250 1026 3324 ὑπανεγίνωσκεν
1077 3248 1379 3323 ἀξιολόγως
1432 3249 1483 3302 ἐν
1524 3248 1654 3302 ὡσὶν
1705 3245 1935 3324 ἀδελφό-

2068 663 2269 714 caetera
2300 658 2359 713 in
2384 659 2653 715 secundis
2674 659 3128 726 habens,omnia
3150 663 3378 721 duobus
3402 665 3531 722 istis
3556 682 3726 723 com-

2067 748 2410 819 prehendet.

2140 838 2225 892 11.
2262 836 2389 892 Haec
2436 838 2639 893 beatus
2696 838 2826 905 iste,
2858 839 2907 894 si
2957 841 3092 912 quis
3141 841 3313 909 alius,
3349 859 3583 908 curans,
3608 861 3717 917 op-

2067 928 2277 981 timum
2307 927 2443 995 jecit
2475 928 2948 998 fundamentum,
2982 930 3151 1002 sique
3192 932 3447 988 solidum
3498 951 3712 1003 super-

2067 1016 2933 1081 exstruxitaedificiummmnem
2964 1036 3129 1075 suam
3154 1023 3570 1090 cogitationem
3604 1026 3676 1081 ab
3696 1054 3717 1065 -

2061 1105 2296 1175 jiciens,
2329 1110 2386 1160 et
2416 1106 2613 1160 omnia
2636 1109 2950 1161 secundum
2978 1109 3365 1166 obedientiam
3388 1129 3606 1184 agens:
3634 1101 3719 1169 οδ

2067 1196 2243 1265 idque
2278 1194 2526 1249 dilectus
2576 1196 2634 1249 in
2686 1203 2999 1258 conspectu
3064 1200 3245 1254 Patris
3272 1202 3386 1268 sui,
3413 1210 3477 1256 ut
3512 1202 3711 1274 phrasi

2065 1284 2373 1353 Scriptura}
2400 1288 2542 1337 utar.
2579 1283 2706 1338 Fuit
2737 1290 2931 1339 autem
2967 1289 3022 1341 in
3055 1286 3369 1344 tolerandis
3406 1291 3704 1347 laboribus

2067 1373 2496 1440 adamantinus,
2529 1373 2727 1428 dexter
2752 1374 2807 1427 in
2843 1376 3085 1445 agendis
3116 1377 3308 1442 rebus,
3340 1377 3568 1434 etinter
3584 1396 3716 1435 cer-

2064 1462 2349 1515 taminum
2385 1460 2796 1517 sociosmultos
2820 1464 3188 1532 praecellens:
3235 1482 3267 1521 a
3298 1467 3509 1535 quibus
3533 1468 3706 1522 etiam

2064 1552 2253 1622 quoad
2314 1551 2717 1606 ccenobitieam
2775 1554 2973 1620 vitam,
3029 1552 3172 1609 haut
3215 1555 3383 1626 longe
3430 1556 3710 1625 distabat,

2062 1641 2301 1695 seorsim
2339 1639 2553 1712 degens
2584 1657 2713 1695 cum
2746 1657 2861 1697 uno
2892 1643 3145 1713 quodam
3178 1643 3281 1699 sibi
3333 1646 3595 1701 moribus
3637 1644 3712 1700 si-

2064 1728 2204 1800 mili,
2274 1735 2471 1797 Porro,
2524 1730 2689 1799 juxta
2755 1731 3102 1787 reclusionis
3160 1750 3449 1802 normam,
3511 1736 3709 1804 subje-

2064 1822 2189 1875 ctus
2218 1819 2305 1891 (7)
2334 1823 2458 1874 erat
2488 1835 2791 1891 nunquam
2836 1821 2976 1876 satis
3026 1821 3312 1879 laudando
3343 1823 3711 1894 Theoetisto,

2062 1925 2219 1963 nunc
2265 1908 2324 1962 in
2368 1906 2512 1963 cella
2560 1924 2682 1965 sese
2713 1912 3052 1979 exercendo,
3088 1928 3242 1967 nunc
3274 1912 3332 1968 in
3369 1915 3709 1969 communi-

2063 2002 2182 2054 tate
2237 1998 2495 2053 vacando
2540 1997 2897 2068 psalmodiis,
2956 2001 3254 2057 refectioni
3303 2003 3590 2074 corporis,
3649 2007 3707 2059 et

2066 2103 2344 2144 manuum
2376 2088 2599 2155 labori;
2633 2088 3159 2161 communiterque,
3202 2094 3267 2145 ut
3299 2092 3381 2146 sic
3401 2091 3611 2159 dicam,
3650 2101 3706 2149 et

2064 2175 2393 2245 promiscue
2413 2177 2632 2240 vivens,
2658 2175 2716 2231 in
2747 2176 3019 2233 omnibus
3042 2194 3103 2233 se
3122 2179 3416 2234 moderate
3439 2180 3696 2251 gerebat.

2060 2267 2183 2319 Non
2215 2264 2371 2321 enim
2403 2265 2541 2337 quia
2558 2264 2773 2321 nobilis
2804 2270 2927 2320 erat
2955 2268 3277 2323 secundum
3311 2284 3611 2337 carnem,a
3646 2286 3706 2325 s-

2060 2353 2252 2425 perior
2272 2358 2395 2409 erat
2423 2369 2557 2410 cum
2589 2354 2998 2411 rusticioribus
3028 2372 3414 2423 conversans;
3436 2374 3542 2414 nec
3567 2360 3706 2430 quia

2058 2444 2216 2514 prius
2237 2443 2489 2499 habebat
2519 2444 2769 2499 famulos
2826 2444 3047 2501 multos
3097 2445 3208 2501 sibi
3264 2446 3692 2515 ministrantes,

2055 2532 2481 2604 dedignabatur
2501 2533 2705 2589 viliora
2728 2536 3024 2606 suscipere
3057 2535 3381 2593 ministeria
3413 2553 3426 2591 :
3457 2538 3602 2608 quin
3639 2546 3696 2593 et

2051 2622 2255 2677 ﬁmum
2282 2622 2501 2677 ferebat
2515 2622 2775 2679 humeris
2788 2627 2843 2679 et
2858 2640 3062 2694 agrum
3094 2625 3694 2697 irrigarejubebatur,

2054 2717 2111 2767 et
2147 2712 2398 2767 farinam
2413 2712 2721 2784 subigebat
2740 2713 3043 2784 patienter,
3067 2717 3124 2769 et
3141 2714 3525 2771 nihilominus
3550 2715 3703 2771 scri-

2053 2800 2225 2858 bebat
2257 2802 2438 2857 multo
2470 2818 2604 2857 cum
2645 2801 2842 2857 studio
2871 2818 2936 2857 ac
2971 2802 3294 2873 diligentia.

2124 2891 2210 2946 12.
2245 2890 2372 2945 Vin’
2402 2893 2577 2946 etiam
2618 2891 2767 2947 alias
2814 2892 2941 2962 ejus
2981 2892 3221 2947 virtutes
3262 2892 3508 2961 discere,
3536 2894 3686 2949 obe-

2050 2979 2282 3034 dientiaa
2314 2979 2606 3049 proximas
2629 2980 2657 3033 ?
2686 2979 2898 3035 Omnia
2921 2983 3071 3037 recte
3103 2980 3338 3050 faciens,
3373 2982 3688 3052 reprehen-

2049 3070 2296 3125 debatur
2324 3085 2510 3124 coram
2580 3069 3026 3138 hospitibus;et
3081 3069 3256 3125 veluti
3312 3071 3359 3126 si
3419 3069 3693 3127 laudatus

2048 3158 2275 3221 fuisset,
2316 3159 2720 3229 perseverabat
2751 3158 3051 3226 immotus,
3083 3158 3169 3215 vir
3198 3158 3371 3214 laude
3406 3159 3693 3232 dignissi-

2048 3264 2178 3301 mus
2234 3246 2458 3317 legebat
2510 3247 2779 3302 audiente
2836 3246 3214 3314 fraternitate,
3246 3253 3312 3303 ut
3366 3263 3689 3319 congruum

293 3361 481 3410 τητος,
513 3339 603 3393 καὶ
636 3341 708 3401 ὡς
760 3340 903 3412 παρά
936 3337 1101 3411 λόγον
1151 3337 1415 3411 ἀναγνοὺς
1466 3336 1936 3409 ἔπιπληττόμενος

2054 3340 2199 3402 erat,
2231 3340 2286 3391 et
2341 3333 2501 3393 velut
2550 3336 2596 3390 si
2659 3334 2874 3391 absone
2913 3336 3235 3407 vitioseque
3262 3335 3518 3403 legisset,
3548 3338 3693 3393 casti

294 3430 632 3499 ὑπέπτησσεν
692 3429 719 3482 6
778 3426 1249 3506 έμφρονέστατος·
1319 3424 1649 3499 δουλογενής
1716 3425 1930 3481 ἀκούων

286 3520 426 3573 κατὰ
480 3516 825 3590 ἀσνειασμὸν,
885 3530 985 3585 την
1067 3516 1305 3593 κεφαλὴν
1357 3515 1633 3571 κατένευεν
1696 3517 1929 3591 συνερῶν

283 3613 364 3678 τῷ
425 3608 616 3679 Πατρί,
650 3607 677 3659 6
728 3605 949 3673 εὐγενὴς
1006 3606 1171 3666 ὅντως
1228 3606 1318 3659 σὺν
1378 3609 1447 3678 τῇ
1504 3609 1658 3680 ψυχῇ
1708 3604 1796 3660 καὶ
1854 3612 1931 3679 τῷ

282 3698 536 3771 σώματιο
599 3693 879 3756 πολύτλας
937 3689 1010 3748 ὤν
1062 3694 1115 3748 ἐν
1164 3693 1242 3766 τῷ
1289 3692 1597 3773 ἐργοχείρῳ
1653 3695 1741 3748 καὶ
1795 3693 1928 3750 πολ-

282 3787 357 3842 λά
423 3786 807 3857 ποριζόμενος,
869 3784 944 3845 ὡς
1007 3781 1174 3856 μηδὲν
1237 3783 1534 3861 εἰσφέρων·
1596 3781 1797 3863 ἄτυφος
1845 3785 1927 3838 δτι

284 3872 523 3949 μάλιστα
554 3870 829 3950 διείρχετο
861 3872 888 3925 6
921 3870 1237 3947 φιλομαθὴς
1268 3892 1326 3926 τε
1354 3872 1444 3926 καὶ
1485 3872 1758 3949 φιλόθεος,
1793 3874 1929 3926 ἄπο-

278 3962 638 4036 πεμπόμενος
704 3962 836 4033 μετὰ
892 3960 1251 4035 γονυπέτησιν
1312 3961 1456 4031 παρά
1533 3964 1630 4013 τοῦ
1695 3962 1927 4035 Πατρὸς,

281 4054 356 4113 ὡς
407 4052 495 4107 ἐπὶ
553 4051 616 4106 τὸ
667 4049 797 4104 αὐτὸ
858 4049 1278 4122 ἐμπεμπτωκὼς
1344 4053 1422 4120 τῷ
1471 4048 1768 4127 σφάλματι,
1830 4050 1929 4105 οὐκ

282 4138 707 4211 ἀπηυθαδίαζεν,
769 4137 894 4193 ἀλλ’
952 4139 1201 4211 ἐπέμενεν
1286 4138 1505 4210 ἐξαιτῶν
1552 4140 1654 4207 τὴν
1713 4140 1929 4213 συγχώ-

284 4251 439 4305 ρησιν
492 4230 519 4282 6
572 4228 1061 4299 θαυμασιώτατος·
1111 4228 1318 4296 ἠτόνει,
1364 4229 1425 4281 τὸ
1487 4224 1553 4297 δὴ
1606 4227 1927 4303 λεγόμενον,

281 4323 310 4375 6
368 4321 505 4375 κατά
564 4324 751 4393 πεῖραν
826 4318 1091 4372 σκώπτων
1162 4317 1250 4372 καὶ
1329 4314 1618 4389 διασύρων,
1686 4318 1785 4373 οὐκ

275 4411 619 4483 ἐκορέννοντο
652 4413 768 4469 τοῖς
814 4405 1097 4473 ὀνείδεσιν,
1138 4408 1164 4460 6
1198 4404 1286 4461 διὰ
1314 4413 1412 4474 τῆς
1459 4405 1774 4462 ἐθελουσίου
1804 4407 1923 4463 ἀτι-

277 4501 405 4575 μίας
466 4498 619 4569 δόξαν
676 4500 851 4570 ἑαυτῷ
899 4499 1354 4572 περιποιούμενος
1402 4496 1575 4552 ἀῖδιον
1606 4540 1620 4554 .

272 4591 365 4645 καὶ
424 4595 527 4644 τῶν
590 4589 690 4644 οὐκ
749 4588 963 4642 οἰκείων
1024 4586 1329 4642 δοκούντων
1388 4586 1467 4660 τῷ
1525 4587 1922 4663 έπαγγέλματι,

275 4681 368 4734 τὸν
418 4678 474 4734 δὲ
523 4677 688 4753 λόγον
732 4676 859 4752 ἔχον
906 4677 1133 4732 κατευθὺ
1179 4678 1576 4750 πραττόμενον,
1628 4676 1709 4731 ὅτι
1758 4676 1917 4751 ἔρωτι

272 4770 656 4831 ταπεινώσεως
744 4766 1155 4842 βαλλόμενος,
1209 4765 1537 4840 παρεκάλει,
1614 4763 1912 4837 ἠντιϐόλει,

717 4856 731 4876 ζ
823 4855 833 4873 Ι
1192 4856 1205 4872 ‘
1549 4850 1573 4873 Ἰ
1907 4858 1919 4875 \

271 4858 641 4926 κοσσίζεσθαι,
705 4857 1041 4933 ραπιζεσθαι,
1120 4877 1207 4909 και
1289 4856 1471 4929 μέντοι
1548 4858 1775 4925 επειθεν,
1833 4878 1922 4911 και

275 4949 479 5005 πείθων
536 4947 843 5025 ἐτετύφετο,
895 4948 984 5001 καὶ
1034 4946 1370 5020 τυπτόμενος
1408 4964 1552 5021 παρα
1610 4968 1756 5009 τινος
1808 4951 1925 5003 κατ’

275 5039 538 5114 ἐπιταγὴν
572 5042 668 5091 τοῦ
732 5038 961 5111 Πατρὸς,
1012 5037 1086 5097 ὡς
1138 5034 1309 5109 δῶρον
1352 5036 1596 5115 εἰληφὼς
1639 5037 1882 5113 ἐγεγήθει
1908 5057 1920 5071 ·

277 5127 369 5183 καὶ
401 5131 466 5196 ἧν
500 5128 561 5181 τὸ
594 5128 881 5201 γινόμενον
917 5126 1202 5200 ὑπερφυὲς,
1246 5130 1341 5181 τοῦ
1392 5126 1486 5199 μὲν
1532 5122 1923 5200 ἐκϐιαζομένου

279 5214 370 5271 διὰ
396 5217 460 5271 τὸ
496 5212 689 5270 δοκοῦν
727 5215 1020 5284 ἀνοίκειον,
1046 5219 1142 5269 τοῦ
1175 5212 1230 5270 δὲ
1261 5214 1550 5294 χαίροντος
1595 5212 1684 5269 διὰ
1711 5216 1773 5270 τὸ
1802 5236 1924 5291 κερ-

276 5304 550 5380 δόμισθον
577 5324 588 5337 '
640 5305 728 5359 καὶ
760 5307 795 5374 ἡ
826 5303 1066 5382 ὠφέλεια
1110 5305 1210 5374 ὅση
1263 5304 1430 5378 ὁρῶσί
1475 5326 1534 5360 τε
1563 5305 1653 5359 καὶ
1701 5303 1929 5359 ἀκούου-

1672 4496 1825 4553 Είπω
1874 4521 1924 4553 τι

2040 3429 2213 3497 gatus
2244 3427 2743 3482 verecundabatur
2776 3426 3276 3498 sapientissimus.
3313 3427 3554 3500 Propter
3586 3445 3693 3483 ur-

2040 3516 2358 3571 banitatem
2391 3515 2635 3571 audiens
2667 3515 2901 3571 serviles
2932 3514 3154 3572 natales
3194 3516 3303 3572 sibi
3337 3517 3689 3588 exprobrari

2041 3604 2315 3661 inclinato
2349 3606 2643 3661 annuebat
2700 3606 2905 3677 capite,
2933 3606 3079 3661 Pelri
3122 3607 3517 3673 consentiens,
3551 3623 3688 3662 cor-

2042 3712 2172 3765 pore
2184 3701 2241 3751 et
2254 3697 2444 3751 animo
2459 3713 2656 3753 revera
2674 3696 3098 3753 nobilissimus.
3116 3696 3179 3753 In
3195 3697 3389 3751 labore
3404 3712 3684 3753 manuum

2040 3786 2289 3842 multum
2310 3788 2666 3843 contendens
2688 3790 2859 3857 atque
2880 3786 3187 3857 proficiens
3212 3795 3488 3855 tanquam
3508 3787 3557 3840 si
3590 3786 3680 3840 in-

2038 3874 2269 3929 tulisset
2300 3874 2467 3944 nihil,
2500 3892 2614 3930 non
2666 3876 3056 3946 superbiebat,
3090 3874 3407 3946 disciplinis
3458 3875 3677 3945 Deique

2037 3972 2264 4023 amator
2280 3967 2944 4036 eximius.Poslpetitam
2978 3967 3048 4021 de
3078 3966 3326 4038 genibus
3348 3965 3572 4020 veniam
3597 3964 3677 4018 di-

2037 4057 2255 4112 missus
2284 4073 2317 4110 a
2348 4056 2537 4120 Patre,
2567 4056 2745 4110 veluti
2774 4055 2834 4110 in
2857 4056 3118 4110 eamdem
3152 4053 3377 4123 culpam
3409 4053 3676 4123 relapsus

2036 4163 2150 4201 non
2200 4145 2676 4216 obloquebatur;
2737 4146 2834 4199 sed
2868 4144 3232 4215 persistebat,
3285 4142 3507 4213 ignosci
3560 4142 3675 4197 sibi

2038 4236 2359 4307 postulans,
2396 4233 2779 4290 admiratione
2811 4232 3211 4306 dignissimus.
3246 4232 3509 4302 Denique
3565 4231 3678 4287 las-

2036 4325 2293 4390 sabatur,
2315 4324 2367 4379 is
2398 4326 2492 4395 qui
2526 4323 2787 4379 tentandi
2814 4338 2991 4377 causa
3020 4321 3317 4392 ingerebat
3348 4319 3673 4375 convicium

2035 4425 2091 4471 et
2120 4414 2449 4485 opprobriis
2479 4414 2867 4479 saturabatur,
2903 4412 2953 4466 is
2986 4410 3082 4481 qui
3135 4426 3240 4482 per
3281 4409 3675 4465 voluntariam

2036 4503 2323 4574 ejusmodi
2359 4500 2772 4558 contumeliam
2806 4500 2920 4555 sibi
2976 4500 3355 4569 comparabat
3402 4508 3675 4553 aeternam

2034 4593 2299 4665 gloriam.
2345 4595 2540 4649 Dicam
2564 4591 2819 4663 amplius
2843 4599 2896 4646 et
2927 4591 3115 4662 quoda
3162 4590 3429 4660 religiosa
3461 4590 3685 4661 profes-

2032 4684 2195 4739 sione
2221 4685 2399 4738 videri
2425 4683 2609 4754 possit
2638 4681 2889 4737 alienum
2917 4699 2931 4747 ;
2965 4696 3283 4736 consonum
3343 4689 3537 4733 tamen
3588 4696 3681 4735 ra-

2027 4773 2194 4838 tioni,
2224 4774 2365 4827 dum
2426 4778 2577 4828 recte
2632 4771 2717 4826 fit.
2740 4771 2925 4825 Tanto
2974 4770 3284 4824 tenebatur
3315 4767 3684 4823 humiliatio-

2035 4862 2125 4917 nis
2153 4878 2368 4931 amore,
2403 4865 2466 4916 ut
2495 4864 2686 4916 oraret
2730 4863 3186 4931 precareturque
3246 4857 3460 4929 pugnis
3510 4864 3680 4928 atque

2035 4952 2221 5024 alapis
2279 4950 2451 5019 cadi;
2486 4956 2543 5005 et
2590 4965 2728 5004 sane
2766 4948 3152 5019 persuadebat
3205 4952 3262 5002 et
3319 4947 3678 5017 persuadens

2034 5040 2484 5111 percutiebatur,
2513 5046 2566 5094 et
2588 5055 2655 5094 ex
2687 5038 2964 5094 mandato
3022 5036 3209 5092 Patris
3261 5052 3572 5106 percussus
3605 5035 3677 5091 ab

2036 5129 2253 5200 aliquo,
2286 5128 2441 5182 velut
2488 5135 2717 5197 accepto
2749 5140 2985 5180 munere
3045 5123 3342 5178 laetabatur
3383 5138 3398 5179 :
3446 5128 3684 5194 eratque

2038 5222 2272 5289 stupore
2302 5217 2568 5289 dignum,
2591 5215 2837 5271 alterum
2871 5212 3108 5284 quidem
3142 5212 3210 5267 ad
3274 5212 3328 5267 id
3378 5214 3527 5282 quod
3592 5212 3684 5267 iu-

2037 5323 2363 5379 congruum
2423 5305 2725 5361 videbatur
2754 5301 3037 5359 violenter
3056 5300 3236 5372 adigi,
3270 5300 3517 5357 alterum
3548 5317 3686 5357 vero

1870 5433 2101 5492 ΝΟΤΛΕ.

339 5540 425 5613 (d)
456 5539 829 5613 Ecgraphum
862 5541 1129 5597 nostrum
1164 5534 1225 5607 ἤ,
1257 5543 1396 5607 aut;
1426 5543 1567 5612 puto
1599 5540 1913 5612 legendum
1945 5537 2064 5611 οὐκ,
2095 5555 2287 5612 neque.

338 5668 421 5737 (7)
445 5664 831 5737 Sirletusrsic
859 5666 1052 5732 vertit,
1088 5675 1365 5736 tanquam
1416 5664 1476 5720 in
1524 5666 1727 5722 eadem
1788 5682 1922 5721 cum

266 5736 765 5795 TheOctistocella
808 5737 1073 5793 reclusus
1120 5738 1366 5791 fuisset:
1397 5740 1551 5806 quod
1614 5737 1926 5806 hegumeui

267 5808 589 5869 conditioni
650 5825 765 5864 non
822 5807 1111 5872 convenit,
1145 5825 1249 5865 nec
1298 5807 1491 5866 Graeco
1540 5808 1772 5866 textui:
1808 5809 1926 5866 imo

2034 5667 2188 5722 infra
2240 5666 2505 5737 numfili
2536 5681 2807 5736 expresse
2856 5665 3069 5722 dicitur
3098 5665 3278 5737 Plato
3336 5669 3464 5737 post
3493 5661 3684 5737 Theo-5

2036 5738 2191 5795 ctisti
2224 5736 2747 5807 mortem'primum
2779 5738 2837 5791 in
2868 5738 2997 5806 ejus
3028 5736 3237 5792 cellam
3278 5736 3594 5805 migrasse,
3624 5736 3683 5788 et

2037 5808 2301 5868 solitario
2328 5809 2519 5864 vivere
2556 5809 2823 5880 ccepisse.
