  <div class='ocr_page' id='page_1' title='image "/cluster/home/n/w/nwhite01/storage/ocr_20150623/99/mdp.39015005675577/413.png"; bbox 0 0 4090 6288; ppageno 0'>
   <div class='ocr_carea' id='block_1_1' title="bbox 393 407 510 468">
    <p class='ocr_par' dir='ltr' id='par_1_1' title="bbox 393 407 510 468">
     <span class='ocr_line' id='line_1_1' title="bbox 393 407 510 468; baseline 0.017 -2"><span class='ocrx_word' id='word_1_1' title='bbox 393 407 510 468; x_wconf 82' lang='grc'>815</span> 
     </span>
    </p>
   </div>
   <div class='ocr_carea' id='block_1_2' title="bbox 1630 402 2541 468">
    <p class='ocr_par' dir='ltr' id='par_1_2' title="bbox 1630 402 2541 468">
     <span class='ocr_line' id='line_1_2' title="bbox 1630 402 2541 468; baseline -0.004 0"><span class='ocrx_word' id='word_1_2' title='bbox 1630 407 1696 468; x_wconf 92' lang='lat' dir='ltr'>S.</span> <span class='ocrx_word' id='word_1_3' title='bbox 1741 402 2140 466; x_wconf 81' lang='lat' dir='ltr'>THEODORI</span> <span class='ocrx_word' id='word_1_4' title='bbox 2183 404 2541 466; x_wconf 65' lang='lat' dir='ltr'>STUDITJE</span> 
     </span>
    </p>
   </div>
   <div class='ocr_carea' id='block_1_3' title="bbox 3648 409 3748 471">
    <p class='ocr_par' dir='ltr' id='par_1_3' title="bbox 3648 409 3748 471">
     <span class='ocr_line' id='line_1_3' title="bbox 3648 409 3748 471; baseline -0.03 0"><span class='ocrx_word' id='word_1_5' title='bbox 3648 409 3748 471; x_wconf 82' lang='grc'>816</span> 
     </span>
    </p>
   </div>
   <div class='ocr_carea' id='block_1_4' title="bbox 393 537 2021 614">
    <p class='ocr_par' dir='ltr' id='par_1_4' title="bbox 393 539 2021 614">
     <span class='ocr_line' id='line_1_4' title="bbox 393 539 2021 614; baseline -0.004 -16"><span class='ocrx_word' id='word_1_6' title='bbox 393 542 649 614; x_wconf 84' lang='lat' dir='ltr'>gaudere</span> <span class='ocrx_word' id='word_1_7' title='bbox 683 541 752 597; x_wconf 89' lang='lat' dir='ltr'>de</span> <span class='ocrx_word' id='word_1_8' title='bbox 782 541 940 597; x_wconf 91' lang='lat' dir='ltr'>lucro</span> <span class='ocrx_word' id='word_1_9' title='bbox 964 540 1170 596; x_wconf 84' lang='lat' dir='ltr'>exinde</span> <span class='ocrx_word' id='word_1_10' title='bbox 1201 543 1513 612; x_wconf 90' lang='lat' dir='ltr'>reportato,</span> <span class='ocrx_word' id='word_1_11' title='bbox 1538 557 1642 598; x_wconf 91' lang='lat' dir='ltr'>nec</span> <span class='ocrx_word' id='word_1_12' title='bbox 1687 541 1881 598; x_wconf 89' lang='lat' dir='ltr'>minus</span> <span class='ocrx_word' id='word_1_13' title='bbox 1904 539 2021 595; x_wconf 74' lang='grc' dir='ltr'>υῐὶίι</span> 
     </span>
    </p>
   </div>
   <div class='ocr_carea' id='block_1_5' title="bbox 2131 537 3754 614">
    <p class='ocr_par' dir='ltr' id='par_1_5' title="bbox 2156 537 3754 614">
     <span class='ocr_line' id='line_1_5' title="bbox 2156 537 3754 614; baseline 0.005 -24"><span class='ocrx_word' id='word_1_14' title='bbox 2156 559 2261 605; x_wconf 84' lang='grc' dir='ltr'>σιν,</span> <span class='ocrx_word' id='word_1_15' title='bbox 2301 537 2448 600; x_wconf 84' lang='grc' dir='ltr'>ὅστις</span> <span class='ocrx_word' id='word_1_16' title='bbox 2507 537 2589 608; x_wconf 75' lang='grc' dir='ltr'>εἷή</span> <span class='ocrx_word' id='word_1_17' title='bbox 2655 539 2683 592; x_wconf 86' lang='grc' dir='ltr'><strong>ὁ</strong></span> <span class='ocrx_word' id='word_1_18' title='bbox 2741 542 2906 594; x_wconf 79' lang='grc' dir='ltr'>ταῦτα</span> <span class='ocrx_word' id='word_1_19' title='bbox 2963 539 3224 602; x_wconf 75' lang='grc' dir='ltr'>ἑκουσίως</span> <span class='ocrx_word' id='word_1_20' title='bbox 3282 540 3624 614; x_wconf 69' lang='grc' dir='ltr'>ὑφιστάμενος</span> <span class='ocrx_word' id='word_1_21' title='bbox 3675 544 3754 599; x_wconf 81' lang='grc' dir='ltr'>καὶ</span> 
     </span>
    </p>
   </div>
   <div class='ocr_carea' id='block_1_6' title="bbox 393 629 2043 702">
    <p class='ocr_par' dir='ltr' id='par_1_6' title="bbox 393 629 2043 702">
     <span class='ocr_line' id='line_1_6' title="bbox 393 629 2043 702; baseline -0.001 -16"><span class='ocrx_word' id='word_1_22' title='bbox 393 636 518 686; x_wconf 90' lang='lat' dir='ltr'>erat</span> <span class='ocrx_word' id='word_1_23' title='bbox 547 631 880 688; x_wconf 82' lang='lat' dir='ltr'>videntibus</span> <span class='ocrx_word' id='word_1_24' title='bbox 894 629 1578 702; x_wconf 89' lang='lat' dir='ltr'>audientibusque,quod</span> <span class='ocrx_word' id='word_1_25' title='bbox 1601 637 1748 686; x_wconf 89' lang='lat' dir='ltr'>esset</span> <span class='ocrx_word' id='word_1_26' title='bbox 1769 629 1873 700; x_wconf 88' lang='lat' dir='ltr'>qui</span> <span class='ocrx_word' id='word_1_27' title='bbox 1906 629 2043 684; x_wconf 88' lang='lat' dir='ltr'>talia</span> 
     </span>
    </p>
   </div>
   <div class='ocr_carea' id='block_1_7' title="bbox 392 719 2040 791">
    <p class='ocr_par' dir='ltr' id='par_1_7' title="bbox 392 719 2040 791">
     <span class='ocr_line' id='line_1_7' title="bbox 392 719 2040 791; baseline -0.003 -15"><span class='ocrx_word' id='word_1_28' title='bbox 392 719 714 776; x_wconf 78' lang='lat' dir='ltr'>voluntarie</span> <span class='ocrx_word' id='word_1_29' title='bbox 771 724 1086 791; x_wconf 89' lang='lat' dir='ltr'>pateretur,</span> <span class='ocrx_word' id='word_1_30' title='bbox 1120 723 1289 790; x_wconf 88' lang='lat' dir='ltr'>atque</span> <span class='ocrx_word' id='word_1_31' title='bbox 1346 721 1406 775; x_wconf 90' lang='lat' dir='ltr'>in</span> <span class='ocrx_word' id='word_1_32' title='bbox 1454 719 1564 776; x_wconf 89' lang='lat' dir='ltr'>hoc</span> <span class='ocrx_word' id='word_1_33' title='bbox 1585 719 1880 775; x_wconf 86' lang='lat' dir='ltr'>Christum</span> <span class='ocrx_word' id='word_1_34' title='bbox 1914 719 2040 773; x_wconf 89' lang='lat' dir='ltr'>imi-</span> 
     </span>
    </p>
   </div>
   <div class='ocr_carea' id='block_1_8' title="bbox 391 817 632 869">
    <p class='ocr_par' dir='ltr' id='par_1_8' title="bbox 391 817 632 869">
     <span class='ocr_line' id='line_1_8' title="bbox 391 817 632 869; baseline 0.004 -2"><span class='ocrx_word' id='word_1_35' title='bbox 391 817 632 869; x_wconf 90' lang='lat' dir='ltr'>taretur.</span> 
     </span>
    </p>
   </div>
   <div class='ocr_carea' id='block_1_9' title="bbox 469 900 2040 973">
    <p class='ocr_par' dir='ltr' id='par_1_9' title="bbox 469 900 2040 973">
     <span class='ocr_line' id='line_1_9' title="bbox 469 900 2040 973; baseline -0.001 -16"><span class='ocrx_word' id='word_1_36' title='bbox 469 903 554 958; x_wconf 89' lang='grc'>13.</span> <span class='ocrx_word' id='word_1_37' title='bbox 590 901 748 959; x_wconf 86' lang='lat' dir='ltr'>Talis</span> <span class='ocrx_word' id='word_1_38' title='bbox 776 904 1095 973; x_wconf 90' lang='lat' dir='ltr'>tantusque</span> <span class='ocrx_word' id='word_1_39' title='bbox 1127 917 1257 957; x_wconf 91' lang='lat' dir='ltr'>cum</span> <span class='ocrx_word' id='word_1_40' title='bbox 1290 907 1466 969; x_wconf 83' lang='lat' dir='ltr'>esset,</span> <span class='ocrx_word' id='word_1_41' title='bbox 1499 917 1569 956; x_wconf 91' lang='lat' dir='ltr'>au</span> <span class='ocrx_word' id='word_1_42' title='bbox 1602 906 1724 956; x_wconf 90' lang='lat' dir='ltr'>erat</span> <span class='ocrx_word' id='word_1_43' title='bbox 1763 900 2040 972; x_wconf 78' lang='lat' dir='ltr'>possibile</span> 
     </span>
    </p>
   </div>
   <div class='ocr_carea' id='block_1_10' title="bbox 395 989 2038 1062">
    <p class='ocr_par' dir='ltr' id='par_1_10' title="bbox 395 989 2038 1062">
     <span class='ocr_line' id='line_1_10' title="bbox 395 989 2038 1062; baseline -0.002 -15"><span class='ocrx_word' id='word_1_44' title='bbox 395 1009 508 1048; x_wconf 91' lang='lat' dir='ltr'>non</span> <span class='ocrx_word' id='word_1_45' title='bbox 539 991 723 1047; x_wconf 87' lang='lat' dir='ltr'>amari</span> <span class='ocrx_word' id='word_1_46' title='bbox 753 1008 884 1047; x_wconf 92' lang='lat' dir='ltr'>eum</span> <span class='ocrx_word' id='word_1_47' title='bbox 936 997 1110 1062; x_wconf 90' lang='lat' dir='ltr'>atque</span> <span class='ocrx_word' id='word_1_48' title='bbox 1168 990 1382 1062; x_wconf 79' lang='lat' dir='ltr'>diligi?</span> <span class='ocrx_word' id='word_1_49' title='bbox 1403 1008 1475 1046; x_wconf 89' lang='lat' dir='ltr'>an</span> <span class='ocrx_word' id='word_1_50' title='bbox 1527 989 1871 1058; x_wconf 89' lang='lat' dir='ltr'>rationable,</span> <span class='ocrx_word' id='word_1_51' title='bbox 1903 1006 2038 1044; x_wconf 91' lang='lat' dir='ltr'>eum</span> 
     </span>
    </p>
   </div>
   <div class='ocr_carea' id='block_1_11' title="bbox 392 1079 2039 1152">
    <p class='ocr_par' dir='ltr' id='par_1_11' title="bbox 392 1079 2039 1152">
     <span class='ocr_line' id='line_1_11' title="bbox 392 1079 2039 1152; baseline -0.002 -17"><span class='ocrx_word' id='word_1_52' title='bbox 392 1081 486 1152; x_wconf 91' lang='lat' dir='ltr'>qui</span> <span class='ocrx_word' id='word_1_53' title='bbox 521 1083 708 1136; x_wconf 91' lang='lat' dir='ltr'>totum</span> <span class='ocrx_word' id='word_1_54' title='bbox 741 1096 800 1134; x_wconf 90' lang='lat' dir='ltr'>se</span> <span class='ocrx_word' id='word_1_55' title='bbox 841 1080 1166 1136; x_wconf 83' lang='lat' dir='ltr'>tradiderat</span> <span class='ocrx_word' id='word_1_56' title='bbox 1205 1080 1574 1145; x_wconf 83' lang='lat' dir='ltr'>obedientise,</span> <span class='ocrx_word' id='word_1_57' title='bbox 1606 1079 1792 1134; x_wconf 83' lang='lat' dir='ltr'>tilium</span> <span class='ocrx_word' id='word_1_58' title='bbox 1836 1079 2039 1134; x_wconf 89' lang='lat' dir='ltr'>haberi</span> 
     </span>
    </p>
   </div>
   <div class='ocr_carea' id='block_1_12' title="bbox 393 1167 2041 1240">
    <p class='ocr_par' dir='ltr' id='par_1_12' title="bbox 393 1167 2041 1240">
     <span class='ocr_line' id='line_1_12' title="bbox 393 1167 2041 1240; baseline -0.002 -15"><span class='ocrx_word' id='word_1_59' title='bbox 393 1170 791 1237; x_wconf 79' lang='lat' dir='ltr'>inamabilem,</span> <span class='ocrx_word' id='word_1_60' title='bbox 827 1175 884 1224; x_wconf 88' lang='lat' dir='ltr'>et</span> <span class='ocrx_word' id='word_1_61' title='bbox 917 1187 1037 1226; x_wconf 89' lang='lat' dir='ltr'>non</span> <span class='ocrx_word' id='word_1_62' title='bbox 1094 1185 1222 1225; x_wconf 90' lang='lat' dir='ltr'>esse</span> <span class='ocrx_word' id='word_1_63' title='bbox 1279 1169 1692 1225; x_wconf 87' lang='lat' dir='ltr'>charissimum</span> <span class='ocrx_word' id='word_1_64' title='bbox 1751 1167 2041 1240; x_wconf 79' lang='lat' dir='ltr'>genitori?</span> 
     </span>
    </p>
   </div>
   <div class='ocr_carea' id='block_1_13' title="bbox 391 1259 2041 1332">
    <p class='ocr_par' dir='ltr' id='par_1_13' title="bbox 391 1259 2041 1332">
     <span class='ocr_line' id='line_1_13' title="bbox 391 1259 2041 1332; baseline -0.001 -17"><span class='ocrx_word' id='word_1_65' title='bbox 391 1259 773 1332; x_wconf 89' lang='lat' dir='ltr'>Diligebatur,</span> <span class='ocrx_word' id='word_1_66' title='bbox 806 1275 969 1327; x_wconf 88' lang='lat' dir='ltr'>sane,</span> <span class='ocrx_word' id='word_1_67' title='bbox 1011 1260 1095 1315; x_wconf 91' lang='lat' dir='ltr'>uti</span> <span class='ocrx_word' id='word_1_68' title='bbox 1155 1259 1373 1315; x_wconf 91' lang='lat' dir='ltr'>dictum</span> <span class='ocrx_word' id='word_1_69' title='bbox 1424 1264 1534 1327; x_wconf 90' lang='lat' dir='ltr'>est,</span> <span class='ocrx_word' id='word_1_70' title='bbox 1561 1259 1878 1330; x_wconf 90' lang='lat' dir='ltr'>plurimum</span> <span class='ocrx_word' id='word_1_71' title='bbox 1923 1279 1938 1327; x_wconf 87' lang='lat'><strong>;</strong></span> <span class='ocrx_word' id='word_1_72' title='bbox 1984 1263 2041 1313; x_wconf 88' lang='lat' dir='ltr'>et</span> 
     </span>
    </p>
   </div>
   <div class='ocr_carea' id='block_1_14' title="bbox 391 1345 2040 1418">
    <p class='ocr_par' dir='ltr' id='par_1_14' title="bbox 391 1345 2040 1418">
     <span class='ocr_line' id='line_1_14' title="bbox 391 1345 2040 1418; baseline 0.001 -18"><span class='ocrx_word' id='word_1_73' title='bbox 391 1351 626 1417; x_wconf 86' lang='lat' dir='ltr'>propter</span> <span class='ocrx_word' id='word_1_74' title='bbox 659 1345 890 1400; x_wconf 87' lang='lat' dir='ltr'>virtutis</span> <span class='ocrx_word' id='word_1_75' title='bbox 912 1346 1241 1401; x_wconf 87' lang='lat' dir='ltr'>charitatem</span> <span class='ocrx_word' id='word_1_76' title='bbox 1271 1346 1488 1417; x_wconf 87' lang='lat' dir='ltr'>ubique</span> <span class='ocrx_word' id='word_1_77' title='bbox 1506 1345 1950 1418; x_wconf 63' lang='lat' dir='ltr'>pradicabatur,</span> <span class='ocrx_word' id='word_1_78' title='bbox 1976 1354 2040 1402; x_wconf 90' lang='lat' dir='ltr'>ut</span> 
     </span>
    </p>
   </div>
   <div class='ocr_carea' id='block_1_15' title="bbox 391 1435 2040 1507">
    <p class='ocr_par' dir='ltr' id='par_1_15' title="bbox 391 1435 2040 1507">
     <span class='ocr_line' id='line_1_15' title="bbox 391 1435 2040 1507; baseline 0 -16"><span class='ocrx_word' id='word_1_79' title='bbox 391 1435 489 1507; x_wconf 86' lang='lat' dir='ltr'>qui</span> <span class='ocrx_word' id='word_1_80' title='bbox 519 1435 674 1490; x_wconf 88' lang='lat' dir='ltr'>Patri</span> <span class='ocrx_word' id='word_1_81' title='bbox 701 1452 806 1491; x_wconf 92' lang='lat' dir='ltr'>suo</span> <span class='ocrx_word' id='word_1_82' title='bbox 838 1435 1026 1491; x_wconf 89' lang='lat' dir='ltr'>factus</span> <span class='ocrx_word' id='word_1_83' title='bbox 1058 1443 1209 1490; x_wconf 90' lang='lat' dir='ltr'>esset</span> <span class='ocrx_word' id='word_1_84' title='bbox 1240 1435 1652 1500; x_wconf 63' lang='lat' dir='ltr'>omniaJveluti</span> <span class='ocrx_word' id='word_1_85' title='bbox 1683 1435 1888 1491; x_wconf 84' lang='lat' dir='ltr'>oculus</span> <span class='ocrx_word' id='word_1_86' title='bbox 1911 1438 2040 1492; x_wconf 71' lang='lat' dir='ltr'>dex-</span> 
     </span>
    </p>
   </div>
   <div class='ocr_carea' id='block_1_16' title="bbox 387 1524 2038 1598">
    <p class='ocr_par' dir='ltr' id='par_1_16' title="bbox 387 1524 2038 1598">
     <span class='ocr_line' id='line_1_16' title="bbox 387 1524 2038 1598; baseline 0.002 -20"><span class='ocrx_word' id='word_1_87' title='bbox 387 1529 477 1581; x_wconf 86' lang='lat' dir='ltr'>tra</span> <span class='ocrx_word' id='word_1_88' title='bbox 533 1524 966 1584; x_wconf 89' lang='lat' dir='ltr'>intuens,velut</span> <span class='ocrx_word' id='word_1_89' title='bbox 1018 1541 1225 1579; x_wconf 89' lang='lat' dir='ltr'>manus</span> <span class='ocrx_word' id='word_1_90' title='bbox 1285 1525 1485 1579; x_wconf 88' lang='lat' dir='ltr'>eadem</span> <span class='ocrx_word' id='word_1_91' title='bbox 1545 1541 1814 1595; x_wconf 86' lang='lat' dir='ltr'>operans.</span> <span class='ocrx_word' id='word_1_92' title='bbox 1839 1531 1895 1580; x_wconf 91' lang='lat' dir='ltr'>et</span> <span class='ocrx_word' id='word_1_93' title='bbox 1941 1543 2038 1598; x_wconf 89' lang='lat' dir='ltr'><strong>pes</strong></span> 
     </span>
    </p>
   </div>
   <div class='ocr_carea' id='block_1_17' title="bbox 390 1613 2035 1686">
    <p class='ocr_par' dir='ltr' id='par_1_17' title="bbox 390 1613 2035 1686">
     <span class='ocr_line' id='line_1_17' title="bbox 390 1613 2035 1686; baseline -0.001 -17"><span class='ocrx_word' id='word_1_94' title='bbox 390 1614 459 1669; x_wconf 86' lang='lat' dir='ltr'>ad</span> <span class='ocrx_word' id='word_1_95' title='bbox 499 1613 600 1669; x_wconf 88' lang='lat' dir='ltr'>illa</span> <span class='ocrx_word' id='word_1_96' title='bbox 633 1614 1013 1686; x_wconf 85' lang='lat' dir='ltr'><strong>progrediens</strong></span> <span class='ocrx_word' id='word_1_97' title='bbox 1047 1633 1064 1667; x_wconf 90' lang='lat'><strong><em>:</em></strong></span> <span class='ocrx_word' id='word_1_98' title='bbox 1089 1619 1358 1683; x_wconf 88' lang='lat' dir='ltr'>tanquam</span> <span class='ocrx_word' id='word_1_99' title='bbox 1417 1613 1797 1670; x_wconf 83' lang='lat' dir='ltr'>consiliarius</span> <span class='ocrx_word' id='word_1_100' title='bbox 1827 1615 2035 1684; x_wconf 89' lang='lat' dir='ltr'>bonus,</span> 
     </span>
    </p>
   </div>
   <div class='ocr_carea' id='block_1_18' title="bbox 383 1702 2036 1773">
    <p class='ocr_par' dir='ltr' id='par_1_18' title="bbox 383 1702 2036 1773">
     <span class='ocr_line' id='line_1_18' title="bbox 383 1702 2036 1773; baseline 0.001 -15"><span class='ocrx_word' id='word_1_101' title='bbox 383 1703 620 1773; x_wconf 89' lang='lat' dir='ltr'>adjutor</span> <span class='ocrx_word' id='word_1_102' title='bbox 651 1703 946 1771; x_wconf 89' lang='lat' dir='ltr'>robustus,</span> <span class='ocrx_word' id='word_1_103' title='bbox 970 1703 1164 1757; x_wconf 89' lang='lat' dir='ltr'>suavis</span> <span class='ocrx_word' id='word_1_104' title='bbox 1189 1703 1418 1770; x_wconf 89' lang='lat' dir='ltr'>socius;</span> <span class='ocrx_word' id='word_1_105' title='bbox 1447 1702 1820 1758; x_wconf 84' lang='lat' dir='ltr'>fidelissimus</span> <span class='ocrx_word' id='word_1_106' title='bbox 1849 1705 1903 1757; x_wconf 92' lang='lat' dir='ltr'>in</span> <span class='ocrx_word' id='word_1_107' title='bbox 1960 1705 2036 1759; x_wconf 92' lang='lat' dir='ltr'>iis</span> 
     </span>
    </p>
   </div>
   <div class='ocr_carea' id='block_1_19' title="bbox 381 1792 2032 1865">
    <p class='ocr_par' dir='ltr' id='par_1_19' title="bbox 381 1792 2032 1865">
     <span class='ocr_line' id='line_1_19' title="bbox 381 1792 2032 1865; baseline 0.001 -19"><span class='ocrx_word' id='word_1_108' title='bbox 381 1809 510 1864; x_wconf 80' lang='lat' dir='ltr'>quas</span> <span class='ocrx_word' id='word_1_109' title='bbox 562 1793 718 1848; x_wconf 91' lang='lat' dir='ltr'>domi</span> <span class='ocrx_word' id='word_1_110' title='bbox 760 1798 946 1860; x_wconf 89' lang='lat' dir='ltr'>erant,</span> <span class='ocrx_word' id='word_1_111' title='bbox 980 1795 1036 1847; x_wconf 89' lang='lat' dir='ltr'>et</span> <span class='ocrx_word' id='word_1_112' title='bbox 1068 1792 1220 1848; x_wconf 85' lang='lat' dir='ltr'>circa</span> <span class='ocrx_word' id='word_1_113' title='bbox 1262 1792 1399 1848; x_wconf 83' lang='lat' dir='ltr'>foris</span> <span class='ocrx_word' id='word_1_114' title='bbox 1423 1793 1608 1862; x_wconf 89' lang='lat' dir='ltr'>posita</span> <span class='ocrx_word' id='word_1_115' title='bbox 1646 1793 2032 1865; x_wconf 87' lang='lat' dir='ltr'>vigilantissi-</span> 
     </span>
    </p>
   </div>
   <div class='ocr_carea' id='block_1_20' title="bbox 2151 628 3061 702">
    <p class='ocr_par' dir='ltr' id='par_1_20' title="bbox 2151 628 3061 702">
     <span class='ocr_line' id='line_1_20' title="bbox 2151 628 3061 702; baseline 0.003 -20"><span class='ocrx_word' id='word_1_116' title='bbox 2151 629 2381 702; x_wconf 86' lang='grc' dir='ltr'>Χριστὸν</span> <span class='ocrx_word' id='word_1_117' title='bbox 2413 628 2646 683; x_wconf 73' lang='grc' dir='ltr'>ἐντεῦθεν</span> <span class='ocrx_word' id='word_1_118' title='bbox 2684 630 3024 702; x_wconf 87' lang='grc' dir='ltr'>μιμούμενος</span> <span class='ocrx_word' id='word_1_119' title='bbox 3049 673 3061 685; x_wconf 94' lang='grc'><strong>.</strong></span> 
     </span>
    </p>
   </div>
   <div class='ocr_carea' id='block_1_21' title="bbox 2224 895 3756 974">
    <p class='ocr_par' dir='ltr' id='par_1_21' title="bbox 2224 895 3756 974">
     <span class='ocr_line' id='line_1_21' title="bbox 2224 895 3756 974; baseline 0.003 -24"><span class='ocrx_word' id='word_1_120' title='bbox 2224 901 2316 971; x_wconf 85' lang='grc' dir='ltr'>ιγ’.</span> <span class='ocrx_word' id='word_1_121' title='bbox 2351 897 2456 953; x_wconf 88' lang='grc' dir='ltr'>Τὸν</span> <span class='ocrx_word' id='word_1_122' title='bbox 2487 895 2581 950; x_wconf 74' lang='grc' dir='ltr'>οὖν</span> <span class='ocrx_word' id='word_1_123' title='bbox 2610 897 2858 952; x_wconf 74' lang='grc' dir='ltr'>τοιοῦτόν</span> <span class='ocrx_word' id='word_1_124' title='bbox 2887 918 2943 952; x_wconf 89' lang='grc' dir='ltr'>τε</span> <span class='ocrx_word' id='word_1_125' title='bbox 2971 898 3060 953; x_wconf 82' lang='grc' dir='ltr'>καὶ</span> <span class='ocrx_word' id='word_1_126' title='bbox 3102 898 3428 967; x_wconf 78' lang='grc' dir='ltr'>τηλικοῦτον</span> <span class='ocrx_word' id='word_1_127' title='bbox 3459 901 3522 967; x_wconf 73' lang='grc' dir='ltr'>ἦν</span> <span class='ocrx_word' id='word_1_128' title='bbox 3567 902 3660 973; x_wconf 77' lang='grc' dir='ltr'>ἄρα</span> <span class='ocrx_word' id='word_1_129' title='bbox 3691 901 3756 974; x_wconf 79' lang='grc' dir='ltr'><strong>μή</strong></span> 
     </span>
    </p>
   </div>
   <div class='ocr_carea' id='block_1_22' title="bbox 2151 985 3762 1064">
    <p class='ocr_par' dir='ltr' id='par_1_22' title="bbox 2151 985 3762 1064">
     <span class='ocr_line' id='line_1_22' title="bbox 2151 985 3762 1064; baseline 0.003 -25"><span class='ocrx_word' id='word_1_130' title='bbox 2151 987 2457 1060; x_wconf 74' lang='grc' dir='ltr'>ἀγαπᾶσθαι</span> <span class='ocrx_word' id='word_1_131' title='bbox 2489 987 2579 1039; x_wconf 81' lang='grc' dir='ltr'>καὶ</span> <span class='ocrx_word' id='word_1_132' title='bbox 2633 986 2979 1062; x_wconf 75' lang='grc' dir='ltr'>στέργεσθαις</span> <span class='ocrx_word' id='word_1_133' title='bbox 3028 990 3129 1043; x_wconf 80' lang='grc' dir='ltr'>Καὶ</span> <span class='ocrx_word' id='word_1_134' title='bbox 3183 993 3298 1050; x_wconf 89' lang='grc' dir='ltr'>πῶς</span> <span class='ocrx_word' id='word_1_135' title='bbox 3329 987 3388 1042; x_wconf 76' lang='grc' dir='ltr'>ἄν</span> <span class='ocrx_word' id='word_1_136' title='bbox 3430 985 3547 1062; x_wconf 79' lang='grc' dir='ltr'>ἔχοι</span> <span class='ocrx_word' id='word_1_137' title='bbox 3591 989 3762 1064; x_wconf 80' lang='grc' dir='ltr'>λόγον,</span> 
     </span>
    </p>
   </div>
   <div class='ocr_carea' id='block_1_23' title="bbox 2150 1075 3761 1151">
    <p class='ocr_par' dir='ltr' id='par_1_23' title="bbox 2150 1075 3761 1151">
     <span class='ocr_line' id='line_1_23' title="bbox 2150 1075 3761 1151; baseline 0.001 -21"><span class='ocrx_word' id='word_1_138' title='bbox 2150 1075 2279 1131; x_wconf 77' lang='grc' dir='ltr'>ὅλον</span> <span class='ocrx_word' id='word_1_139' title='bbox 2355 1076 2540 1131; x_wconf 72' lang='grc' dir='ltr'>ἑαυτὸν</span> <span class='ocrx_word' id='word_1_140' title='bbox 2597 1076 2984 1151; x_wconf 80' lang='grc' dir='ltr'>ἐμπαρέχοντα</span> <span class='ocrx_word' id='word_1_141' title='bbox 3039 1079 3130 1132; x_wconf 88' lang='grc' dir='ltr'>τὸν</span> <span class='ocrx_word' id='word_1_142' title='bbox 3183 1081 3281 1143; x_wconf 82' lang='grc' dir='ltr'>τῆς</span> <span class='ocrx_word' id='word_1_143' title='bbox 3343 1079 3579 1147; x_wconf 81' lang='grc' dir='ltr'>ὑπακοῆς</span> <span class='ocrx_word' id='word_1_144' title='bbox 3633 1079 3761 1149; x_wconf 65' lang='grc' dir='ltr'>οἷὸν,</span> 
     </span>
    </p>
   </div>
   <div class='ocr_carea' id='block_1_24' title="bbox 2151 1163 3765 1244">
    <p class='ocr_par' dir='ltr' id='par_1_24' title="bbox 2151 1163 3765 1244">
     <span class='ocr_line' id='line_1_24' title="bbox 2151 1163 3765 1244; baseline 0.002 -26"><span class='ocrx_word' id='word_1_145' title='bbox 2151 1165 2423 1235; x_wconf 87' lang='grc' dir='ltr'>ἀπόθητον</span> <span class='ocrx_word' id='word_1_146' title='bbox 2457 1164 2547 1219; x_wconf 82' lang='grc' dir='ltr'>καὶ</span> <span class='ocrx_word' id='word_1_147' title='bbox 2579 1165 2690 1244; x_wconf 85' lang='grc' dir='ltr'>οὐχ</span> <span class='ocrx_word' id='word_1_148' title='bbox 2721 1163 3043 1241; x_wconf 86' lang='grc' dir='ltr'>ὁλόστερνον</span> <span class='ocrx_word' id='word_1_149' title='bbox 3078 1167 3213 1221; x_wconf 81' lang='grc' dir='ltr'>εἶναι</span> <span class='ocrx_word' id='word_1_150' title='bbox 3234 1171 3313 1238; x_wconf 80' lang='grc' dir='ltr'>τῷ</span> <span class='ocrx_word' id='word_1_151' title='bbox 3333 1170 3644 1244; x_wconf 75' lang='grc' dir='ltr'>γεννήτορι;</span> <span class='ocrx_word' id='word_1_152' title='bbox 3678 1169 3765 1221; x_wconf 75' lang='grc' dir='ltr'>Διὰ</span> 
     </span>
    </p>
   </div>
   <div class='ocr_carea' id='block_1_25' title="bbox 2149 1253 3766 1331">
    <p class='ocr_par' dir='ltr' id='par_1_25' title="bbox 2149 1253 3766 1331">
     <span class='ocr_line' id='line_1_25' title="bbox 2149 1253 3766 1331; baseline 0 -22"><span class='ocrx_word' id='word_1_153' title='bbox 2149 1259 2312 1309; x_wconf 76' lang='grc' dir='ltr'>τοῦτο</span> <span class='ocrx_word' id='word_1_154' title='bbox 2352 1256 2442 1308; x_wconf 79' lang='grc' dir='ltr'>καὶ</span> <span class='ocrx_word' id='word_1_155' title='bbox 2489 1254 2760 1328; x_wconf 75' lang='grc' dir='ltr'>ἀγαπᾶται</span> <span class='ocrx_word' id='word_1_156' title='bbox 2811 1253 2956 1326; x_wconf 89' lang='grc' dir='ltr'>λίαν,</span> <span class='ocrx_word' id='word_1_157' title='bbox 3007 1257 3080 1318; x_wconf 84' lang='grc' dir='ltr'>ὡς</span> <span class='ocrx_word' id='word_1_158' title='bbox 3142 1255 3393 1331; x_wconf 80' lang='grc' dir='ltr'>εἷ’ρηται·</span> <span class='ocrx_word' id='word_1_159' title='bbox 3448 1257 3545 1312; x_wconf 82' lang='grc' dir='ltr'>Καὶ</span> <span class='ocrx_word' id='word_1_160' title='bbox 3590 1277 3766 1312; x_wconf 90' lang='grc' dir='ltr'>παντα-</span> 
     </span>
    </p>
   </div>
   <div class='ocr_carea' id='block_1_26' title="bbox 2152 1343 3765 1423">
    <p class='ocr_par' dir='ltr' id='par_1_26' title="bbox 2152 1343 3765 1423">
     <span class='ocr_line' id='line_1_26' title="bbox 2152 1343 3765 1423; baseline 0.001 -25"><span class='ocrx_word' id='word_1_161' title='bbox 2152 1348 2259 1418; x_wconf 74' lang='grc' dir='ltr'>χοῦ</span> <span class='ocrx_word' id='word_1_162' title='bbox 2318 1347 2385 1418; x_wconf 83' lang='grc' dir='ltr'>τῇ</span> <span class='ocrx_word' id='word_1_163' title='bbox 2445 1350 2540 1413; x_wconf 75' lang='grc' dir='ltr'>τῆς</span> <span class='ocrx_word' id='word_1_164' title='bbox 2599 1343 2795 1417; x_wconf 76' lang='grc' dir='ltr'>ἀρετῆς</span> <span class='ocrx_word' id='word_1_165' title='bbox 2853 1345 3116 1423; x_wconf 70' lang='grc' dir='ltr'>φανότητι</span> <span class='ocrx_word' id='word_1_166' title='bbox 3166 1343 3642 1420; x_wconf 85' lang='grc' dir='ltr'>διατεθρύλληται,</span> <span class='ocrx_word' id='word_1_167' title='bbox 3699 1347 3765 1408; x_wconf 83' lang='grc' dir='ltr'>ὡς</span> 
     </span>
    </p>
   </div>
   <div class='ocr_carea' id='block_1_27' title="bbox 2149 1431 3768 1513">
    <p class='ocr_par' dir='ltr' id='par_1_27' title="bbox 2149 1431 3768 1513">
     <span class='ocr_line' id='line_1_27' title="bbox 2149 1431 3768 1513; baseline 0.001 -27"><span class='ocrx_word' id='word_1_168' title='bbox 2149 1434 2322 1486; x_wconf 80' lang='grc' dir='ltr'>πάντα</span> <span class='ocrx_word' id='word_1_169' title='bbox 2376 1437 2455 1505; x_wconf 80' lang='grc' dir='ltr'>τῷ</span> <span class='ocrx_word' id='word_1_170' title='bbox 2513 1433 2683 1505; x_wconf 79' lang='grc' dir='ltr'>Πατρὶ</span> <span class='ocrx_word' id='word_1_171' title='bbox 2740 1434 3048 1508; x_wconf 81' lang='grc' dir='ltr'>γινόμενος,</span> <span class='ocrx_word' id='word_1_172' title='bbox 3100 1436 3242 1505; x_wconf 81' lang='grc' dir='ltr'>οἷον,</span> <span class='ocrx_word' id='word_1_173' title='bbox 3315 1433 3592 1513; x_wconf 69' lang='grc' dir='ltr'>ὀφθαλμὸς</span> <span class='ocrx_word' id='word_1_174' title='bbox 3636 1431 3768 1504; x_wconf 75' lang='grc' dir='ltr'>δεξιᾶ</span> 
     </span>
    </p>
   </div>
   <div class='ocr_carea' id='block_1_28' title="bbox 2154 1521 3765 1597">
    <p class='ocr_par' dir='ltr' id='par_1_28' title="bbox 2154 1521 3765 1597">
     <span class='ocr_line' id='line_1_28' title="bbox 2154 1521 3765 1597; baseline -0.001 -20"><span class='ocrx_word' id='word_1_175' title='bbox 2154 1521 2395 1596; x_wconf 86' lang='grc' dir='ltr'>βλέπων,</span> <span class='ocrx_word' id='word_1_176' title='bbox 2429 1522 2552 1597; x_wconf 77' lang='grc' dir='ltr'>χεὶρ</span> <span class='ocrx_word' id='word_1_177' title='bbox 2592 1521 2944 1597; x_wconf 80' lang='grc' dir='ltr'>ἐργαζομένη,</span> <span class='ocrx_word' id='word_1_178' title='bbox 2993 1527 3126 1584; x_wconf 75' lang='grc' dir='ltr'>ποῦς</span> <span class='ocrx_word' id='word_1_179' title='bbox 3161 1521 3416 1597; x_wconf 81' lang='grc' dir='ltr'>βαδίζων,</span> <span class='ocrx_word' id='word_1_180' title='bbox 3469 1521 3765 1595; x_wconf 70' lang='grc' dir='ltr'>σύμϐουλος</span> 
     </span>
    </p>
   </div>
   <div class='ocr_carea' id='block_1_29' title="bbox 2148 1611 3766 1687">
    <p class='ocr_par' dir='ltr' id='par_1_29' title="bbox 2148 1611 3766 1687">
     <span class='ocr_line' id='line_1_29' title="bbox 2148 1611 3766 1687; baseline 0 -21"><span class='ocrx_word' id='word_1_181' title='bbox 2148 1611 2369 1686; x_wconf 83' lang='grc' dir='ltr'>ἀγαθὸς,</span> <span class='ocrx_word' id='word_1_182' title='bbox 2417 1613 2762 1685; x_wconf 74' lang='grc' dir='ltr'>παραστάτης</span> <span class='ocrx_word' id='word_1_183' title='bbox 2810 1611 3089 1686; x_wconf 85' lang='grc' dir='ltr'>καρτερὸς,</span> <span class='ocrx_word' id='word_1_184' title='bbox 3143 1611 3442 1684; x_wconf 87' lang='grc' dir='ltr'>συνόμιλος</span> <span class='ocrx_word' id='word_1_185' title='bbox 3519 1611 3766 1687; x_wconf 78' lang='grc' dir='ltr'>γλυκερός</span> 
     </span>
    </p>
   </div>
   <div class='ocr_carea' id='block_1_30' title="bbox 2148 1697 3767 1778">
    <p class='ocr_par' dir='ltr' id='par_1_30' title="bbox 2148 1697 3767 1778">
     <span class='ocr_line' id='line_1_30' title="bbox 2148 1697 3767 1778; baseline 0 -22"><span class='ocrx_word' id='word_1_186' title='bbox 2148 1706 2256 1756; x_wconf 88' lang='grc' dir='ltr'>τῶν</span> <span class='ocrx_word' id='word_1_187' title='bbox 2286 1697 2435 1755; x_wconf 79' lang='grc' dir='ltr'>ἔνδον</span> <span class='ocrx_word' id='word_1_188' title='bbox 2471 1702 2497 1755; x_wconf 86' lang='grc' dir='ltr'>ὁ</span> <span class='ocrx_word' id='word_1_189' title='bbox 2529 1702 2870 1770; x_wconf 85' lang='grc' dir='ltr'>πιστότατος,</span> <span class='ocrx_word' id='word_1_190' title='bbox 2905 1706 3010 1755; x_wconf 86' lang='grc' dir='ltr'>τῶν</span> <span class='ocrx_word' id='word_1_191' title='bbox 3044 1701 3195 1764; x_wconf 82' lang='grc' dir='ltr'>ἐκτὸς</span> <span class='ocrx_word' id='word_1_192' title='bbox 3229 1701 3767 1778; x_wconf 73' lang='grc' dir='ltr'>ὁφολακτικώτατος,</span> 
     </span>
    </p>
   </div>
   <div class='ocr_carea' id='block_1_31' title="bbox 2147 1788 3766 1869">
    <p class='ocr_par' dir='ltr' id='par_1_31' title="bbox 2147 1788 3766 1869">
     <span class='ocr_line' id='line_1_31' title="bbox 2147 1788 3766 1869; baseline -0.001 -25"><span class='ocrx_word' id='word_1_193' title='bbox 2147 1791 2290 1863; x_wconf 79' lang='grc' dir='ltr'>ὁμοῦ</span> <span class='ocrx_word' id='word_1_194' title='bbox 2337 1791 2429 1864; x_wconf 74' lang='grc' dir='ltr'>μὲν</span> <span class='ocrx_word' id='word_1_195' title='bbox 2475 1791 2540 1844; x_wconf 83' lang='grc' dir='ltr'>τὰ</span> <span class='ocrx_word' id='word_1_196' title='bbox 2594 1793 2849 1864; x_wconf 86' lang='grc' dir='ltr'>μαθητῶν</span> <span class='ocrx_word' id='word_1_197' title='bbox 2903 1793 3044 1862; x_wconf 71' lang='grc' dir='ltr'>ὁμοῦ</span> <span class='ocrx_word' id='word_1_198' title='bbox 3078 1789 3134 1845; x_wconf 73' lang='grc' dir='ltr'>δὲ</span> <span class='ocrx_word' id='word_1_199' title='bbox 3164 1791 3231 1846; x_wconf 71' lang='grc' dir='ltr'>τὰ</span> <span class='ocrx_word' id='word_1_200' title='bbox 3281 1789 3529 1869; x_wconf 73' lang='grc' dir='ltr'>ἀδελφῶν</span> <span class='ocrx_word' id='word_1_201' title='bbox 3581 1788 3766 1846; x_wconf 85' lang='grc' dir='ltr'>ἐπιδει-</span> 
     </span>
    </p>
   </div>
   <div class='ocr_carea' id='block_1_32' title="bbox 385 1877 2021 1985">
    <p class='ocr_par' dir='ltr' id='par_1_32' title="bbox 385 1881 2021 1953">
     <span class='ocr_line' id='line_1_32' title="bbox 385 1881 2021 1953; baseline 0.002 -17"><span class='ocrx_word' id='word_1_202' title='bbox 385 1898 518 1938; x_wconf 92' lang='lat' dir='ltr'>mus</span> <span class='ocrx_word' id='word_1_203' title='bbox 551 1882 681 1951; x_wconf 90' lang='lat' dir='ltr'>:qui</span> <span class='ocrx_word' id='word_1_204' title='bbox 707 1883 881 1937; x_wconf 89' lang='lat' dir='ltr'>simul</span> <span class='ocrx_word' id='word_1_205' title='bbox 904 1887 961 1936; x_wconf 90' lang='lat' dir='ltr'>et</span> <span class='ocrx_word' id='word_1_206' title='bbox 983 1881 1253 1953; x_wconf 88' lang='lat' dir='ltr'>discipuli</span> <span class='ocrx_word' id='word_1_207' title='bbox 1277 1888 1330 1938; x_wconf 89' lang='lat' dir='ltr'>et</span> <span class='ocrx_word' id='word_1_208' title='bbox 1375 1883 1570 1937; x_wconf 81' lang='lat' dir='ltr'>fratris</span> <span class='ocrx_word' id='word_1_209' title='bbox 1610 1888 1906 1953; x_wconf 82' lang='lat' dir='ltr'>praestaret</span> <span class='ocrx_word' id='word_1_210' title='bbox 1955 1886 2021 1940; x_wconf 83' lang='lat' dir='ltr'>0f-</span> 
     </span>
    </p>
   </div>
   <div class='ocr_carea' id='block_1_33' title="bbox 2131 1877 3770 1985">
    <p class='ocr_par' dir='ltr' id='par_1_33' title="bbox 2143 1877 3770 1985">
     <span class='ocr_line' id='line_1_33' title="bbox 2143 1877 3770 1955; baseline -0.001 -20"><span class='ocrx_word' id='word_1_211' title='bbox 2143 1880 2426 1954; x_wconf 85' lang='grc' dir='ltr'>κνύμενος,</span> <span class='ocrx_word' id='word_1_212' title='bbox 2480 1880 2774 1955; x_wconf 75' lang='grc' dir='ltr'>προσθείην</span> <span class='ocrx_word' id='word_1_213' title='bbox 2826 1877 2871 1934; x_wconf 82' lang='grc' dir='ltr'>δ’</span> <span class='ocrx_word' id='word_1_214' title='bbox 2911 1879 2970 1935; x_wconf 86' lang='grc' dir='ltr'>ἃν</span> <span class='ocrx_word' id='word_1_215' title='bbox 3018 1881 3100 1936; x_wconf 80' lang='grc' dir='ltr'>ὅτι</span> <span class='ocrx_word' id='word_1_216' title='bbox 3145 1881 3232 1935; x_wconf 75' lang='grc' dir='ltr'>καὶ</span> <span class='ocrx_word' id='word_1_217' title='bbox 3264 1883 3329 1936; x_wconf 74' lang='grc' dir='ltr'>τὰ</span> <span class='ocrx_word' id='word_1_218' title='bbox 3369 1881 3578 1955; x_wconf 82' lang='grc' dir='ltr'>Πατρὸς</span> <span class='ocrx_word' id='word_1_219' title='bbox 3617 1901 3770 1955; x_wconf 84' lang='grc' dir='ltr'>χαρι-</span> 
     </span>
     <span class='ocr_line' id='line_1_34' title="bbox 2148 1966 3644 1985; baseline 0.001 -1"><span class='ocrx_word' id='word_1_220' title='bbox 2148 1971 2203 1985; x_wconf 73' lang='grc' dir='ltr'>..ι</span> <span class='ocrx_word' id='word_1_221' title='bbox 2511 1972 2524 1985; x_wconf 79' lang='lat'><em>.</em></span> <span class='ocrx_word' id='word_1_222' title='bbox 2713 1975 2736 1985; x_wconf 88' lang='grc'>..</span> <span class='ocrx_word' id='word_1_223' title='bbox 2881 1966 2906 1985; x_wconf 74' lang='grc' dir='ltr'><strong>ν</strong></span> <span class='ocrx_word' id='word_1_224' title='bbox 2989 1970 3002 1984; x_wconf 64' lang='grc' dir='ltr'><strong>ς</strong></span> <span class='ocrx_word' id='word_1_225' title='bbox 3097 1971 3109 1985; x_wconf 80' lang='grc'>,</span> <span class='ocrx_word' id='word_1_226' title='bbox 3280 1972 3289 1985; x_wconf 83' lang='grc'><strong><em>,</em></strong></span> <span class='ocrx_word' id='word_1_227' title='bbox 3494 1972 3506 1985; x_wconf 83' lang='lat'><strong><em>.</em></strong></span> <span class='ocrx_word' id='word_1_228' title='bbox 3620 1969 3644 1985; x_wconf 75' lang='grc' dir='ltr'><strong><em>ν</em></strong></span> 
     </span>
    </p>
   </div>
   <div class='ocr_carea' id='block_1_34' title="bbox 388 1971 2032 2044">
    <p class='ocr_par' dir='ltr' id='par_1_34' title="bbox 388 1971 2032 2044">
     <span class='ocr_line' id='line_1_35' title="bbox 388 1971 2032 2044; baseline 0.004 -19"><span class='ocrx_word' id='word_1_229' title='bbox 388 1971 538 2033; x_wconf 82' lang='lat' dir='ltr'>ﬁcia.</span> <span class='ocrx_word' id='word_1_230' title='bbox 598 1971 744 2027; x_wconf 87' lang='lat' dir='ltr'>addo</span> <span class='ocrx_word' id='word_1_231' title='bbox 803 1972 976 2026; x_wconf 90' lang='lat' dir='ltr'>etiam</span> <span class='ocrx_word' id='word_1_232' title='bbox 1025 1977 1082 2027; x_wconf 88' lang='lat' dir='ltr'>et</span> <span class='ocrx_word' id='word_1_233' title='bbox 1128 1973 1351 2038; x_wconf 89' lang='lat' dir='ltr'>Patris;</span> <span class='ocrx_word' id='word_1_234' title='bbox 1407 1977 1725 2044; x_wconf 89' lang='lat' dir='ltr'>tantusque</span> <span class='ocrx_word' id='word_1_235' title='bbox 1773 1979 1926 2030; x_wconf 89' lang='lat' dir='ltr'>esset</span> <span class='ocrx_word' id='word_1_236' title='bbox 1973 1975 2032 2031; x_wconf 88' lang='lat' dir='ltr'>in</span> 
     </span>
    </p>
   </div>
   <div class='ocr_carea' id='block_1_35' title="bbox 389 2062 2034 2133">
    <p class='ocr_par' dir='ltr' id='par_1_35' title="bbox 389 2062 2034 2133">
     <span class='ocr_line' id='line_1_36' title="bbox 389 2062 2034 2133; baseline 0.001 -17"><span class='ocrx_word' id='word_1_237' title='bbox 389 2066 657 2130; x_wconf 87' lang='lat' dir='ltr'>utroque,</span> <span class='ocrx_word' id='word_1_238' title='bbox 693 2068 754 2116; x_wconf 91' lang='lat' dir='ltr'>ut</span> <span class='ocrx_word' id='word_1_239' title='bbox 807 2062 1113 2130; x_wconf 86' lang='lat' dir='ltr'>siquando,</span> <span class='ocrx_word' id='word_1_240' title='bbox 1175 2069 1405 2132; x_wconf 87' lang='lat' dir='ltr'>prepter</span> <span class='ocrx_word' id='word_1_241' title='bbox 1461 2063 1718 2133; x_wconf 87' lang='lat' dir='ltr'>aliquam</span> <span class='ocrx_word' id='word_1_242' title='bbox 1779 2066 2034 2120; x_wconf 87' lang='lat' dir='ltr'>necessi-</span> 
     </span>
    </p>
   </div>
   <div class='ocr_carea' id='block_1_36' title="bbox 390 2147 2033 2220">
    <p class='ocr_par' dir='ltr' id='par_1_36' title="bbox 390 2147 2033 2220">
     <span class='ocr_line' id='line_1_37' title="bbox 390 2147 2033 2220; baseline 0.002 -18"><span class='ocrx_word' id='word_1_243' title='bbox 390 2152 594 2212; x_wconf 86' lang='lat' dir='ltr'>tatem,</span> <span class='ocrx_word' id='word_1_244' title='bbox 617 2164 763 2218; x_wconf 90' lang='lat' dir='ltr'>opus</span> <span class='ocrx_word' id='word_1_245' title='bbox 797 2153 948 2202; x_wconf 89' lang='lat' dir='ltr'>esset</span> <span class='ocrx_word' id='word_1_246' title='bbox 980 2164 1212 2218; x_wconf 79' lang='lat' dir='ltr'><strong>peregre</strong></span> <span class='ocrx_word' id='word_1_247' title='bbox 1256 2147 1556 2204; x_wconf 86' lang='lat' dir='ltr'>Platonem</span> <span class='ocrx_word' id='word_1_248' title='bbox 1607 2164 1792 2220; x_wconf 82' lang='lat' dir='ltr'>agere,</span> <span class='ocrx_word' id='word_1_249' title='bbox 1829 2167 2033 2206; x_wconf 68' lang='lat' dir='ltr'>moere-</span> 
     </span>
    </p>
   </div>
   <div class='ocr_carea' id='block_1_37' title="bbox 387 2231 2031 2308">
    <p class='ocr_par' dir='ltr' id='par_1_37' title="bbox 387 2231 2031 2308">
     <span class='ocr_line' id='line_1_38' title="bbox 387 2231 2031 2308; baseline 0.002 -18"><span class='ocrx_word' id='word_1_250' title='bbox 387 2231 475 2291; x_wconf 88' lang='lat' dir='ltr'>ret</span> <span class='ocrx_word' id='word_1_251' title='bbox 505 2236 852 2291; x_wconf 85' lang='lat' dir='ltr'>venerabilis</span> <span class='ocrx_word' id='word_1_252' title='bbox 901 2235 1306 2305; x_wconf 87' lang='lat' dir='ltr'>Tbeoctistus;</span> <span class='ocrx_word' id='word_1_253' title='bbox 1340 2245 1393 2292; x_wconf 90' lang='lat' dir='ltr'>et</span> <span class='ocrx_word' id='word_1_254' title='bbox 1436 2238 1928 2308; x_wconf 81' lang='lat' dir='ltr'>quemadmodum</span> <span class='ocrx_word' id='word_1_255' title='bbox 1962 2240 2031 2294; x_wconf 91' lang='lat' dir='ltr'>de</span> 
     </span>
    </p>
   </div>
   <div class='ocr_carea' id='block_1_38' title="bbox 385 2325 2031 2400">
    <p class='ocr_par' dir='ltr' id='par_1_38' title="bbox 385 2325 2031 2400">
     <span class='ocr_line' id='line_1_39' title="bbox 385 2325 2031 2400; baseline 0.002 -20"><span class='ocrx_word' id='word_1_256' title='bbox 385 2341 448 2380; x_wconf 87' lang='lat' dir='ltr'>se</span> <span class='ocrx_word' id='word_1_257' title='bbox 477 2325 734 2396; x_wconf 79' lang='lat' dir='ltr'>loquitur</span> <span class='ocrx_word' id='word_1_258' title='bbox 800 2325 1112 2396; x_wconf 87' lang='lat' dir='ltr'>Apostolus</span> <span class='ocrx_word' id='word_1_259' title='bbox 1142 2327 1183 2390; x_wconf 79' lang='lat'>‘,</span> <span class='ocrx_word' id='word_1_260' title='bbox 1217 2343 1333 2382; x_wconf 88' lang='lat' dir='ltr'>non</span> <span class='ocrx_word' id='word_1_261' title='bbox 1366 2325 1600 2382; x_wconf 88' lang='lat' dir='ltr'>haberet</span> <span class='ocrx_word' id='word_1_262' title='bbox 1623 2328 1880 2398; x_wconf 86' lang='lat' dir='ltr'>requiem</span> <span class='ocrx_word' id='word_1_263' title='bbox 1911 2329 2031 2400; x_wconf 88' lang='lat' dir='ltr'>spi-</span> 
     </span>
    </p>
   </div>
   <div class='ocr_carea' id='block_1_39' title="bbox 383 2413 2032 2489">
    <p class='ocr_par' dir='ltr' id='par_1_39' title="bbox 383 2413 2032 2489">
     <span class='ocr_line' id='line_1_40' title="bbox 383 2413 2032 2489; baseline 0.003 -20"><span class='ocrx_word' id='word_1_264' title='bbox 383 2415 663 2470; x_wconf 69' lang='lat' dir='ltr'>ritui‘suo</span> <span class='ocrx_word' id='word_1_265' title='bbox 694 2419 931 2486; x_wconf 89' lang='lat' dir='ltr'>propter</span> <span class='ocrx_word' id='word_1_266' title='bbox 986 2413 1282 2470; x_wconf 88' lang='lat' dir='ltr'>dilectum.</span> <span class='ocrx_word' id='word_1_267' title='bbox 1321 2416 1461 2479; x_wconf 87' lang='lat' dir='ltr'>Quis</span> <span class='ocrx_word' id='word_1_268' title='bbox 1492 2415 1643 2471; x_wconf 91' lang='lat' dir='ltr'>enim</span> <span class='ocrx_word' id='word_1_269' title='bbox 1669 2416 1764 2472; x_wconf 91' lang='lat' dir='ltr'>illo</span> <span class='ocrx_word' id='word_1_270' title='bbox 1796 2419 1866 2472; x_wconf 89' lang='lat' dir='ltr'>ad</span> <span class='ocrx_word' id='word_1_271' title='bbox 1902 2435 2032 2489; x_wconf 87' lang='lat' dir='ltr'>pro-</span> 
     </span>
    </p>
   </div>
   <div class='ocr_carea' id='block_1_40' title="bbox 379 2503 2026 2575">
    <p class='ocr_par' dir='ltr' id='par_1_40' title="bbox 379 2503 2026 2575">
     <span class='ocr_line' id='line_1_41' title="bbox 379 2503 2026 2575; baseline 0.003 -16"><span class='ocrx_word' id='word_1_272' title='bbox 379 2503 680 2573; x_wconf 86' lang='lat' dir='ltr'>spioienda</span> <span class='ocrx_word' id='word_1_273' title='bbox 707 2504 905 2559; x_wconf 82' lang='lat' dir='ltr'>futura</span> <span class='ocrx_word' id='word_1_274' title='bbox 929 2504 1320 2574; x_wconf 89' lang='lat' dir='ltr'>providentior</span> <span class='ocrx_word' id='word_1_275' title='bbox 1341 2504 1368 2560; x_wconf 85' lang='lat'><strong>?</strong></span> <span class='ocrx_word' id='word_1_276' title='bbox 1396 2505 1527 2575; x_wconf 90' lang='lat' dir='ltr'>quis</span> <span class='ocrx_word' id='word_1_277' title='bbox 1595 2506 1660 2560; x_wconf 86' lang='lat' dir='ltr'>ad</span> <span class='ocrx_word' id='word_1_278' title='bbox 1722 2523 2026 2564; x_wconf 80' lang='lat' dir='ltr'>mcerorem</span> 
     </span>
    </p>
   </div>
   <div class='ocr_carea' id='block_1_41' title="bbox 377 2593 2025 2668">
    <p class='ocr_par' dir='ltr' id='par_1_41' title="bbox 377 2593 2025 2668">
     <span class='ocr_line' id='line_1_42' title="bbox 377 2593 2025 2668; baseline 0.003 -21"><span class='ocrx_word' id='word_1_279' title='bbox 377 2593 713 2648; x_wconf 88' lang='lat' dir='ltr'>leniendum</span> <span class='ocrx_word' id='word_1_280' title='bbox 747 2593 1188 2665; x_wconf 87' lang='lat' dir='ltr'>curandumque</span> <span class='ocrx_word' id='word_1_281' title='bbox 1229 2595 1722 2650; x_wconf 87' lang='lat' dir='ltr'>accommodatior</span> <span class='ocrx_word' id='word_1_282' title='bbox 1742 2595 1769 2650; x_wconf 85' lang='lat'>‘?</span> <span class='ocrx_word' id='word_1_283' title='bbox 1790 2599 1922 2668; x_wconf 90' lang='lat' dir='ltr'>quis</span> <span class='ocrx_word' id='word_1_284' title='bbox 1953 2598 2025 2652; x_wconf 91' lang='lat' dir='ltr'>ad</span> 
     </span>
    </p>
   </div>
   <div class='ocr_carea' id='block_1_42' title="bbox 374 2682 2026 2755">
    <p class='ocr_par' dir='ltr' id='par_1_42' title="bbox 374 2682 2026 2755">
     <span class='ocr_line' id='line_1_43' title="bbox 374 2682 2026 2755; baseline 0.003 -18"><span class='ocrx_word' id='word_1_285' title='bbox 374 2682 661 2738; x_wconf 90' lang='lat' dir='ltr'>honorem</span> <span class='ocrx_word' id='word_1_286' title='bbox 695 2682 1073 2738; x_wconf 82' lang='lat' dir='ltr'>multifariam</span> <span class='ocrx_word' id='word_1_287' title='bbox 1101 2683 1554 2755; x_wconf 86' lang='lat' dir='ltr'>impertiendum</span> <span class='ocrx_word' id='word_1_288' title='bbox 1577 2685 1844 2742; x_wconf 87' lang='lat' dir='ltr'>solertior</span> <span class='ocrx_word' id='word_1_289' title='bbox 1867 2685 1894 2741; x_wconf 75' lang='lat'><strong>?</strong></span> <span class='ocrx_word' id='word_1_290' title='bbox 1918 2688 2026 2742; x_wconf 86' lang='lat' dir='ltr'>Ta-</span> 
     </span>
    </p>
   </div>
   <div class='ocr_carea' id='block_1_43' title="bbox 376 2772 2022 2848">
    <p class='ocr_par' dir='ltr' id='par_1_43' title="bbox 376 2772 2022 2848">
     <span class='ocr_line' id='line_1_44' title="bbox 376 2772 2022 2848; baseline 0.002 -20"><span class='ocrx_word' id='word_1_291' title='bbox 376 2772 448 2828; x_wconf 91' lang='lat' dir='ltr'>lis</span> <span class='ocrx_word' id='word_1_292' title='bbox 479 2773 550 2828; x_wconf 90' lang='lat' dir='ltr'>ad</span> <span class='ocrx_word' id='word_1_293' title='bbox 593 2772 1026 2828; x_wconf 85' lang='lat' dir='ltr'>conciliandam</span> <span class='ocrx_word' id='word_1_294' title='bbox 1089 2775 1204 2829; x_wconf 83' lang='lat' dir='ltr'>sibi</span> <span class='ocrx_word' id='word_1_295' title='bbox 1264 2774 1745 2844; x_wconf 87' lang='lat' dir='ltr'>benevolentiam,</span> <span class='ocrx_word' id='word_1_296' title='bbox 1777 2781 1842 2831; x_wconf 91' lang='lat' dir='ltr'>ut</span> <span class='ocrx_word' id='word_1_297' title='bbox 1899 2794 2022 2848; x_wconf 70' lang='lat' dir='ltr'>quas</span> 
     </span>
    </p>
   </div>
   <div class='ocr_carea' id='block_1_44' title="bbox 374 2852 2025 2932">
    <p class='ocr_par' dir='ltr' id='par_1_44' title="bbox 374 2852 2025 2932">
     <span class='ocr_line' id='line_1_45' title="bbox 374 2852 2025 2932; baseline 0.004 -16"><span class='ocrx_word' id='word_1_298' title='bbox 374 2861 561 2917; x_wconf 87' lang='lat' dir='ltr'>Patris</span> <span class='ocrx_word' id='word_1_299' title='bbox 591 2866 756 2918; x_wconf 89' lang='lat' dir='ltr'>erant</span> <span class='ocrx_word' id='word_1_300' title='bbox 790 2852 883 2916; x_wconf 80' lang='lat' dir='ltr'>oin</span> <span class='ocrx_word' id='word_1_301' title='bbox 897 2862 992 2917; x_wconf 90' lang='lat' dir='ltr'>nia</span> <span class='ocrx_word' id='word_1_302' title='bbox 1025 2862 1259 2919; x_wconf 86' lang='lat' dir='ltr'>haberet</span> <span class='ocrx_word' id='word_1_303' title='bbox 1289 2863 1348 2917; x_wconf 92' lang='lat' dir='ltr'>in</span> <span class='ocrx_word' id='word_1_304' title='bbox 1375 2867 1656 2932; x_wconf 88' lang='lat' dir='ltr'>potestate</span> <span class='ocrx_word' id='word_1_305' title='bbox 1692 2881 1706 2919; x_wconf 89' lang='lat'>:</span> <span class='ocrx_word' id='word_1_306' title='bbox 1733 2871 1852 2920; x_wconf 89' lang='lat' dir='ltr'>tam</span> <span class='ocrx_word' id='word_1_307' title='bbox 1876 2867 2025 2923; x_wconf 91' lang='lat' dir='ltr'>inte-</span> 
     </span>
    </p>
   </div>
   <div class='ocr_carea' id='block_1_45' title="bbox 377 2949 2024 3023">
    <p class='ocr_par' dir='ltr' id='par_1_45' title="bbox 377 2949 2024 3023">
     <span class='ocr_line' id='line_1_46' title="bbox 377 2949 2024 3023; baseline 0.004 -19"><span class='ocrx_word' id='word_1_308' title='bbox 377 2950 488 3005; x_wconf 91' lang='lat' dir='ltr'>rim</span> <span class='ocrx_word' id='word_1_309' title='bbox 549 2949 778 3006; x_wconf 90' lang='lat' dir='ltr'>alienus</span> <span class='ocrx_word' id='word_1_310' title='bbox 811 2952 883 3008; x_wconf 90' lang='lat' dir='ltr'>ab</span> <span class='ocrx_word' id='word_1_311' title='bbox 906 2968 1103 3008; x_wconf 87' lang='lat' dir='ltr'>amore</span> <span class='ocrx_word' id='word_1_312' title='bbox 1156 2968 1351 3008; x_wconf 89' lang='lat' dir='ltr'>rerum</span> <span class='ocrx_word' id='word_1_313' title='bbox 1400 2963 1784 3023; x_wconf 90' lang='lat' dir='ltr'>terrenarum,</span> <span class='ocrx_word' id='word_1_314' title='bbox 1817 2959 1880 3010; x_wconf 90' lang='lat' dir='ltr'>ut</span> <span class='ocrx_word' id='word_1_315' title='bbox 1919 2972 2024 3012; x_wconf 91' lang='lat' dir='ltr'>nec</span> 
     </span>
    </p>
   </div>
   <div class='ocr_carea' id='block_1_46' title="bbox 377 3041 2023 3117">
    <p class='ocr_par' dir='ltr' id='par_1_46' title="bbox 377 3041 2023 3117">
     <span class='ocr_line' id='line_1_47' title="bbox 377 3041 2023 3117; baseline 0.004 -20"><span class='ocrx_word' id='word_1_316' title='bbox 377 3041 549 3097; x_wconf 89' lang='lat' dir='ltr'>obodi</span> <span class='ocrx_word' id='word_1_317' title='bbox 600 3042 776 3097; x_wconf 88' lang='lat' dir='ltr'>unius</span> <span class='ocrx_word' id='word_1_318' title='bbox 835 3048 991 3098; x_wconf 89' lang='lat' dir='ltr'>esset</span> <span class='ocrx_word' id='word_1_319' title='bbox 1047 3043 1343 3098; x_wconf 88' lang='lat' dir='ltr'>dominus.</span> <span class='ocrx_word' id='word_1_320' title='bbox 1376 3047 1487 3098; x_wconf 92' lang='lat' dir='ltr'>Pro</span> <span class='ocrx_word' id='word_1_321' title='bbox 1543 3045 1758 3114; x_wconf 90' lang='lat' dir='ltr'>quibus</span> <span class='ocrx_word' id='word_1_322' title='bbox 1785 3047 1938 3117; x_wconf 90' lang='lat' dir='ltr'>quod</span> <span class='ocrx_word' id='word_1_323' title='bbox 1972 3047 2023 3103; x_wconf 92' lang='lat' dir='ltr'>ei</span> 
     </span>
    </p>
   </div>
   <div class='ocr_carea' id='block_1_47' title="bbox 377 3131 2021 3207">
    <p class='ocr_par' dir='ltr' id='par_1_47' title="bbox 377 3131 2021 3207">
     <span class='ocr_line' id='line_1_48' title="bbox 377 3131 2021 3207; baseline 0.004 -23"><span class='ocrx_word' id='word_1_324' title='bbox 377 3131 710 3200; x_wconf 69' lang='lat' dir='ltr'>praemium,</span> <span class='ocrx_word' id='word_1_325' title='bbox 736 3146 861 3202; x_wconf 64' lang='lat' dir='ltr'>qua</span> <span class='ocrx_word' id='word_1_326' title='bbox 895 3131 1201 3188; x_wconf 89' lang='lat' dir='ltr'>retributio</span> <span class='ocrx_word' id='word_1_327' title='bbox 1252 3131 1499 3204; x_wconf 83' lang='lat' dir='ltr'>obtigit?</span> <span class='ocrx_word' id='word_1_328' title='bbox 1529 3133 1770 3189; x_wconf 90' lang='lat' dir='ltr'>Paterna</span> <span class='ocrx_word' id='word_1_329' title='bbox 1819 3137 2021 3207; x_wconf 84' lang='lat' dir='ltr'>utique</span> 
     </span>
    </p>
   </div>
   <div class='ocr_carea' id='block_1_48' title="bbox 2147 1966 3770 2049">
    <p class='ocr_par' dir='ltr' id='par_1_48' title="bbox 2147 1966 3770 2049">
     <span class='ocr_line' id='line_1_49' title="bbox 2147 1966 3770 2049; baseline -0.002 -24"><span class='ocrx_word' id='word_1_330' title='bbox 2147 1971 2390 2044; x_wconf 85' lang='grc' dir='ltr'>ζόμενος,</span> <span class='ocrx_word' id='word_1_331' title='bbox 2442 1972 2527 2024; x_wconf 79' lang='grc' dir='ltr'>καὶ</span> <span class='ocrx_word' id='word_1_332' title='bbox 2579 1975 2838 2031; x_wconf 74' lang='grc' dir='ltr'>τοσοῦτος</span> <span class='ocrx_word' id='word_1_333' title='bbox 2869 1966 2941 2024; x_wconf 81' lang='grc' dir='ltr'>ὤν</span> <span class='ocrx_word' id='word_1_334' title='bbox 2985 1970 3037 2024; x_wconf 84' lang='grc' dir='ltr'>ἐν</span> <span class='ocrx_word' id='word_1_335' title='bbox 3085 1971 3441 2049; x_wconf 67' lang='grc' dir='ltr'>ἀμφοτέροις,</span> <span class='ocrx_word' id='word_1_336' title='bbox 3478 1972 3551 2034; x_wconf 86' lang='grc' dir='ltr'>ὡς</span> <span class='ocrx_word' id='word_1_337' title='bbox 3593 1969 3644 2025; x_wconf 81' lang='grc' dir='ltr'>εἷ’</span> <span class='ocrx_word' id='word_1_338' title='bbox 3676 1991 3770 2023; x_wconf 86' lang='grc' dir='ltr'>που</span> 
     </span>
    </p>
   </div>
   <div class='ocr_carea' id='block_1_49' title="bbox 2143 2055 3768 2133">
    <p class='ocr_par' dir='ltr' id='par_1_49' title="bbox 2143 2055 3768 2133">
     <span class='ocr_line' id='line_1_50' title="bbox 2143 2055 3768 2133; baseline -0.002 -19"><span class='ocrx_word' id='word_1_339' title='bbox 2143 2058 2281 2114; x_wconf 82' lang='grc' dir='ltr'>κατά</span> <span class='ocrx_word' id='word_1_340' title='bbox 2305 2080 2424 2113; x_wconf 87' lang='grc' dir='ltr'>τινα</span> <span class='ocrx_word' id='word_1_341' title='bbox 2456 2059 2642 2133; x_wconf 78' lang='grc' dir='ltr'>χρείαν</span> <span class='ocrx_word' id='word_1_342' title='bbox 2675 2059 2740 2126; x_wconf 73' lang='grc' dir='ltr'>ἦν</span> <span class='ocrx_word' id='word_1_343' title='bbox 2787 2055 3042 2130; x_wconf 77' lang='grc' dir='ltr'>ἐκδημεῖν</span> <span class='ocrx_word' id='word_1_344' title='bbox 3072 2060 3133 2113; x_wconf 86' lang='grc' dir='ltr'>τὸ</span> <span class='ocrx_word' id='word_1_345' title='bbox 3184 2056 3441 2131; x_wconf 82' lang='grc' dir='ltr'>ἀοίδιμον</span> <span class='ocrx_word' id='word_1_346' title='bbox 3491 2059 3768 2123; x_wconf 84' lang='grc' dir='ltr'>Πλάτωνα,</span> 
     </span>
    </p>
   </div>
   <div class='ocr_carea' id='block_1_50' title="bbox 2141 2145 3768 2222">
    <p class='ocr_par' dir='ltr' id='par_1_50' title="bbox 2141 2145 3768 2222">
     <span class='ocr_line' id='line_1_51' title="bbox 2141 2145 3768 2222; baseline -0.002 -19"><span class='ocrx_word' id='word_1_347' title='bbox 2141 2146 2431 2220; x_wconf 83' lang='grc' dir='ltr'>ἀδημονεῖν</span> <span class='ocrx_word' id='word_1_348' title='bbox 2483 2149 2571 2201; x_wconf 84' lang='grc' dir='ltr'>τὸν</span> <span class='ocrx_word' id='word_1_349' title='bbox 2621 2147 2948 2219; x_wconf 78' lang='grc' dir='ltr'>ἀείμνηστον</span> <span class='ocrx_word' id='word_1_350' title='bbox 2999 2147 3338 2219; x_wconf 79' lang='grc' dir='ltr'>Θεόκτιστον,</span> <span class='ocrx_word' id='word_1_351' title='bbox 3379 2148 3470 2203; x_wconf 82' lang='grc' dir='ltr'>καὶ</span> <span class='ocrx_word' id='word_1_352' title='bbox 3527 2150 3598 2220; x_wconf 72' lang='grc' dir='ltr'>μη</span> <span class='ocrx_word' id='word_1_353' title='bbox 3632 2145 3768 2222; x_wconf 80' lang='grc' dir='ltr'>ἔχειν</span> 
     </span>
    </p>
   </div>
   <div class='ocr_carea' id='block_1_51' title="bbox 2139 2235 3770 2310">
    <p class='ocr_par' dir='ltr' id='par_1_51' title="bbox 2139 2235 3770 2310">
     <span class='ocr_line' id='line_1_52' title="bbox 2139 2235 3770 2310; baseline -0.002 -18"><span class='ocrx_word' id='word_1_354' title='bbox 2139 2236 2330 2304; x_wconf 75' lang='grc' dir='ltr'>ἄνεσιν,</span> <span class='ocrx_word' id='word_1_355' title='bbox 2363 2236 2741 2299; x_wconf 85' lang='grc' dir='ltr'>ἀποστολικῶς</span> <span class='ocrx_word' id='word_1_356' title='bbox 2772 2237 2959 2306; x_wconf 62' lang='grc' dir='ltr'>εἴπεῖν,</span> <span class='ocrx_word' id='word_1_357' title='bbox 3002 2238 3080 2310; x_wconf 78' lang='grc' dir='ltr'>τῷ</span> <span class='ocrx_word' id='word_1_358' title='bbox 3113 2238 3378 2308; x_wconf 87' lang='grc' dir='ltr'>πνεύματι</span> <span class='ocrx_word' id='word_1_359' title='bbox 3431 2235 3523 2292; x_wconf 81' lang='grc' dir='ltr'>διὰ</span> <span class='ocrx_word' id='word_1_360' title='bbox 3551 2239 3640 2290; x_wconf 84' lang='grc' dir='ltr'>τὸν</span> <span class='ocrx_word' id='word_1_361' title='bbox 3673 2257 3770 2290; x_wconf 81' lang='grc' dir='ltr'>πο-</span> 
     </span>
    </p>
   </div>
   <div class='ocr_carea' id='block_1_52' title="bbox 2137 2321 3771 2400">
    <p class='ocr_par' dir='ltr' id='par_1_52' title="bbox 2137 2321 3771 2400">
     <span class='ocr_line' id='line_1_53' title="bbox 2137 2321 3771 2400; baseline -0.002 -20"><span class='ocrx_word' id='word_1_362' title='bbox 2137 2327 2434 2399; x_wconf 85' lang='grc' dir='ltr'>θούμενον.</span> <span class='ocrx_word' id='word_1_363' title='bbox 2496 2325 2593 2387; x_wconf 87' lang='grc' dir='ltr'>Τίς</span> <span class='ocrx_word' id='word_1_364' title='bbox 2650 2328 2750 2399; x_wconf 80' lang='grc' dir='ltr'>γὰρ</span> <span class='ocrx_word' id='word_1_365' title='bbox 2809 2324 3011 2380; x_wconf 78' lang='grc' dir='ltr'>ἐκείνου</span> <span class='ocrx_word' id='word_1_366' title='bbox 3067 2329 3128 2380; x_wconf 84' lang='grc' dir='ltr'>τὸ</span> <span class='ocrx_word' id='word_1_367' title='bbox 3189 2323 3394 2398; x_wconf 79' lang='grc' dir='ltr'>μέλλον</span> <span class='ocrx_word' id='word_1_368' title='bbox 3470 2321 3771 2400; x_wconf 69' lang='grc' dir='ltr'>προϐλέῴαι</span> 
     </span>
    </p>
   </div>
   <div class='ocr_carea' id='block_1_53' title="bbox 2138 2412 3771 2490">
    <p class='ocr_par' dir='ltr' id='par_1_53' title="bbox 2138 2412 3771 2490">
     <span class='ocr_line' id='line_1_54' title="bbox 2138 2412 3771 2490; baseline -0.002 -20"><span class='ocrx_word' id='word_1_369' title='bbox 2138 2416 2641 2490; x_wconf 77' lang='grc' dir='ltr'>στοχαστικώτερος</span> <span class='ocrx_word' id='word_1_370' title='bbox 2669 2433 2682 2480; x_wconf 88' lang='grc'>;</span> <span class='ocrx_word' id='word_1_371' title='bbox 2715 2414 2794 2476; x_wconf 87' lang='grc' dir='ltr'>τίς</span> <span class='ocrx_word' id='word_1_372' title='bbox 2828 2412 2884 2468; x_wconf 71' lang='grc' dir='ltr'>δὲ</span> <span class='ocrx_word' id='word_1_373' title='bbox 2929 2416 2991 2469; x_wconf 86' lang='grc' dir='ltr'>τὸ</span> <span class='ocrx_word' id='word_1_374' title='bbox 3036 2414 3241 2470; x_wconf 75' lang='grc' dir='ltr'>λυποῦν</span> <span class='ocrx_word' id='word_1_375' title='bbox 3300 2413 3542 2488; x_wconf 83' lang='grc' dir='ltr'>μαλᾶξαί</span> <span class='ocrx_word' id='word_1_376' title='bbox 3583 2436 3639 2468; x_wconf 87' lang='grc' dir='ltr'>τε</span> <span class='ocrx_word' id='word_1_377' title='bbox 3688 2413 3771 2467; x_wconf 84' lang='grc' dir='ltr'>καὶ</span> 
     </span>
    </p>
   </div>
   <div class='ocr_carea' id='block_1_54' title="bbox 2136 2495 3772 2578">
    <p class='ocr_par' dir='ltr' id='par_1_54' title="bbox 2136 2495 3772 2578">
     <span class='ocr_line' id='line_1_55' title="bbox 2136 2495 3772 2578; baseline -0.002 -22"><span class='ocrx_word' id='word_1_378' title='bbox 2136 2504 2454 2576; x_wconf 81' lang='grc' dir='ltr'>θεραπεῦσαι</span> <span class='ocrx_word' id='word_1_379' title='bbox 2535 2503 3003 2575; x_wconf 84' lang='grc' dir='ltr'>προσηνέστερος;</span> <span class='ocrx_word' id='word_1_380' title='bbox 3062 2500 3144 2562; x_wconf 89' lang='grc' dir='ltr'>τίς</span> <span class='ocrx_word' id='word_1_381' title='bbox 3201 2497 3249 2554; x_wconf 86' lang='grc' dir='ltr'>δ’</span> <span class='ocrx_word' id='word_1_382' title='bbox 3320 2501 3454 2555; x_wconf 83' lang='grc' dir='ltr'>αὐτο</span> <span class='ocrx_word' id='word_1_383' title='bbox 3515 2495 3772 2578; x_wconf 78' lang='grc' dir='ltr'>χρειῶδες</span> 
     </span>
    </p>
   </div>
   <div class='ocr_carea' id='block_1_55' title="bbox 2134 2586 3772 2665">
    <p class='ocr_par' dir='ltr' id='par_1_55' title="bbox 2134 2586 3772 2665">
     <span class='ocr_line' id='line_1_56' title="bbox 2134 2586 3772 2665; baseline -0.005 -18"><span class='ocrx_word' id='word_1_384' title='bbox 2134 2591 2364 2646; x_wconf 79' lang='grc' dir='ltr'>εἶσοῖσαι</span> <span class='ocrx_word' id='word_1_385' title='bbox 2421 2589 2857 2665; x_wconf 77' lang='grc' dir='ltr'>εὐμαρέστεροςς</span> <span class='ocrx_word' id='word_1_386' title='bbox 2901 2589 2982 2650; x_wconf 90' lang='grc' dir='ltr'>τίς</span> <span class='ocrx_word' id='word_1_387' title='bbox 3029 2586 3085 2644; x_wconf 77' lang='grc' dir='ltr'>δὲ</span> <span class='ocrx_word' id='word_1_388' title='bbox 3121 2589 3290 2661; x_wconf 79' lang='grc' dir='ltr'>τιμὴν</span> <span class='ocrx_word' id='word_1_389' title='bbox 3339 2587 3543 2662; x_wconf 82' lang='grc' dir='ltr'>ἀνάψαι</span> <span class='ocrx_word' id='word_1_390' title='bbox 3598 2607 3772 2642; x_wconf 84' lang='grc' dir='ltr'>ποικι-</span> 
     </span>
    </p>
   </div>
   <div class='ocr_carea' id='block_1_56' title="bbox 2133 2675 3768 2753">
    <p class='ocr_par' dir='ltr' id='par_1_56' title="bbox 2133 2675 3768 2753">
     <span class='ocr_line' id='line_1_57' title="bbox 2133 2675 3768 2753; baseline -0.004 -18"><span class='ocrx_word' id='word_1_391' title='bbox 2133 2679 2420 2753; x_wconf 86' lang='grc' dir='ltr'>λώτερος;</span> <span class='ocrx_word' id='word_1_392' title='bbox 2495 2683 2754 2740; x_wconf 78' lang='grc' dir='ltr'>Τοιοῦτος</span> <span class='ocrx_word' id='word_1_393' title='bbox 2817 2679 2910 2750; x_wconf 73' lang='grc' dir='ltr'>μὲν</span> <span class='ocrx_word' id='word_1_394' title='bbox 2965 2678 3101 2753; x_wconf 90' lang='grc' dir='ltr'>πρὸς</span> <span class='ocrx_word' id='word_1_395' title='bbox 3149 2675 3356 2732; x_wconf 70' lang='grc' dir='ltr'>εὔνοιαν</span> <span class='ocrx_word' id='word_1_396' title='bbox 3415 2679 3643 2751; x_wconf 80' lang='grc' dir='ltr'>γνήσιος</span> <span class='ocrx_word' id='word_1_397' title='bbox 3701 2676 3768 2736; x_wconf 84' lang='grc' dir='ltr'>ὡς</span> 
     </span>
    </p>
   </div>
   <div class='ocr_carea' id='block_1_57' title="bbox 2131 2764 3768 2843">
    <p class='ocr_par' dir='ltr' id='par_1_57' title="bbox 2131 2764 3768 2843">
     <span class='ocr_line' id='line_1_58' title="bbox 2131 2764 3768 2843; baseline -0.004 -18"><span class='ocrx_word' id='word_1_398' title='bbox 2131 2770 2344 2826; x_wconf 87' lang='grc' dir='ltr'>πάντων</span> <span class='ocrx_word' id='word_1_399' title='bbox 2375 2767 2696 2841; x_wconf 76' lang='grc' dir='ltr'>ἐξουσιάζειν</span> <span class='ocrx_word' id='word_1_400' title='bbox 2738 2772 2844 2822; x_wconf 86' lang='grc' dir='ltr'>τῶν</span> <span class='ocrx_word' id='word_1_401' title='bbox 2896 2771 3196 2841; x_wconf 79' lang='grc' dir='ltr'>πατρικῶν,</span> <span class='ocrx_word' id='word_1_402' title='bbox 3249 2770 3519 2828; x_wconf 84' lang='grc' dir='ltr'>τοσοῦτος</span> <span class='ocrx_word' id='word_1_403' title='bbox 3551 2764 3609 2820; x_wconf 67' lang='grc' dir='ltr'>δὲ</span> <span class='ocrx_word' id='word_1_404' title='bbox 3649 2765 3768 2843; x_wconf 75' lang='grc' dir='ltr'>ἀφι-</span> 
     </span>
    </p>
   </div>
   <div class='ocr_carea' id='block_1_58' title="bbox 2131 2851 3768 2930">
    <p class='ocr_par' dir='ltr' id='par_1_58' title="bbox 2131 2851 3768 2930">
     <span class='ocr_line' id='line_1_59' title="bbox 2131 2851 3768 2930; baseline -0.003 -17"><span class='ocrx_word' id='word_1_405' title='bbox 2131 2857 2356 2926; x_wconf 82' lang='grc' dir='ltr'>λόϋλος,</span> <span class='ocrx_word' id='word_1_406' title='bbox 2389 2857 2463 2919; x_wconf 86' lang='grc' dir='ltr'>ὡς</span> <span class='ocrx_word' id='word_1_407' title='bbox 2496 2854 2621 2911; x_wconf 73' lang='grc' dir='ltr'>οὐδὲ</span> <span class='ocrx_word' id='word_1_408' title='bbox 2650 2855 2835 2930; x_wconf 80' lang='grc' dir='ltr'>κύριος</span> <span class='ocrx_word' id='word_1_409' title='bbox 2868 2851 3071 2911; x_wconf 75' lang='grc' dir='ltr'>ὀϐολοῦ</span> <span class='ocrx_word' id='word_1_410' title='bbox 3097 2899 3110 2912; x_wconf 94' lang='grc'><strong>.</strong></span> <span class='ocrx_word' id='word_1_411' title='bbox 3145 2857 3286 2911; x_wconf 83' lang='grc' dir='ltr'>Ἀνθ’</span> <span class='ocrx_word' id='word_1_412' title='bbox 3316 2857 3388 2910; x_wconf 83' lang='grc' dir='ltr'>ὦν</span> <span class='ocrx_word' id='word_1_413' title='bbox 3414 2856 3472 2912; x_wconf 86' lang='grc' dir='ltr'>τί</span> <span class='ocrx_word' id='word_1_414' title='bbox 3501 2856 3564 2910; x_wconf 84' lang='grc' dir='ltr'>τὸ</span> <span class='ocrx_word' id='word_1_415' title='bbox 3586 2855 3768 2930; x_wconf 86' lang='grc' dir='ltr'>πέρας,</span> 
     </span>
    </p>
   </div>
   <div class='ocr_carea' id='block_1_59' title="bbox 2129 2944 3767 3025">
    <p class='ocr_par' dir='ltr' id='par_1_59' title="bbox 2129 2944 3767 3025">
     <span class='ocr_line' id='line_1_60' title="bbox 2129 2944 3767 3025; baseline -0.004 -21"><span class='ocrx_word' id='word_1_416' title='bbox 2129 2949 2221 3005; x_wconf 84' lang='grc' dir='ltr'>καὶ</span> <span class='ocrx_word' id='word_1_417' title='bbox 2286 2950 2367 3010; x_wconf 90' lang='grc' dir='ltr'>τίς</span> <span class='ocrx_word' id='word_1_418' title='bbox 2421 2951 2455 3018; x_wconf 82' lang='grc' dir='ltr'>ἡ</span> <span class='ocrx_word' id='word_1_419' title='bbox 2503 2944 2752 3021; x_wconf 74' lang='grc' dir='ltr'>ἀμοι6ή;</span> <span class='ocrx_word' id='word_1_420' title='bbox 2789 2947 2874 3004; x_wconf 76' lang='grc' dir='ltr'>’Ἡ</span> <span class='ocrx_word' id='word_1_421' title='bbox 2933 2949 3169 3022; x_wconf 84' lang='grc' dir='ltr'>πατρικὴ</span> <span class='ocrx_word' id='word_1_422' title='bbox 3245 2947 3479 3025; x_wconf 80' lang='grc' dir='ltr'>εὐλογία</span> <span class='ocrx_word' id='word_1_423' title='bbox 3537 2947 3627 3002; x_wconf 80' lang='grc' dir='ltr'>ἐπὶ</span> <span class='ocrx_word' id='word_1_424' title='bbox 3681 2947 3767 2999; x_wconf 87' lang='grc' dir='ltr'>τὸν</span> 
     </span>
    </p>
   </div>
   <div class='ocr_carea' id='block_1_60' title="bbox 2129 3032 3766 3113">
    <p class='ocr_par' dir='ltr' id='par_1_60' title="bbox 2129 3032 3766 3113">
     <span class='ocr_line' id='line_1_61' title="bbox 2129 3032 3766 3113; baseline -0.005 -18"><span class='ocrx_word' id='word_1_425' title='bbox 2129 3041 2264 3095; x_wconf 81' lang='grc' dir='ltr'>κατᾶ</span> <span class='ocrx_word' id='word_1_426' title='bbox 2320 3042 2533 3112; x_wconf 79' lang='grc' dir='ltr'>πνεῦμα</span> <span class='ocrx_word' id='word_1_427' title='bbox 2588 3032 2803 3109; x_wconf 78' lang='grc' dir='ltr'>Ἰακὼϐ,</span> <span class='ocrx_word' id='word_1_428' title='bbox 2873 3037 2924 3108; x_wconf 76' lang='grc' dir='ltr'>ἐξ</span> <span class='ocrx_word' id='word_1_429' title='bbox 2991 3035 3052 3092; x_wconf 77' lang='grc' dir='ltr'>οὗ</span> <span class='ocrx_word' id='word_1_430' title='bbox 3100 3037 3462 3113; x_wconf 76' lang='grc' dir='ltr'>πατριάρχαι,</span> <span class='ocrx_word' id='word_1_431' title='bbox 3523 3036 3621 3093; x_wconf 72' lang='grc' dir='ltr'>εἴτ’</span> <span class='ocrx_word' id='word_1_432' title='bbox 3679 3034 3766 3090; x_wconf 76' lang='grc' dir='ltr'>οὖν</span> 
     </span>
    </p>
   </div>
   <div class='ocr_carea' id='block_1_61' title="bbox 2128 3125 3771 3204">
    <p class='ocr_par' dir='ltr' id='par_1_61' title="bbox 2128 3125 3771 3204">
     <span class='ocr_line' id='line_1_62' title="bbox 2128 3125 3771 3204; baseline -0.004 -20"><span class='ocrx_word' id='word_1_433' title='bbox 2128 3130 2384 3204; x_wconf 73' lang='grc' dir='ltr'>ἱεράρχαι</span> <span class='ocrx_word' id='word_1_434' title='bbox 2445 3129 2531 3183; x_wconf 83' lang='grc' dir='ltr'>καὶ</span> <span class='ocrx_word' id='word_1_435' title='bbox 2583 3127 2947 3202; x_wconf 79' lang='grc' dir='ltr'>ποιμνιάρχαι</span> <span class='ocrx_word' id='word_1_436' title='bbox 2994 3127 3090 3204; x_wconf 78' lang='grc' dir='ltr'>ἀφ’</span> <span class='ocrx_word' id='word_1_437' title='bbox 3155 3127 3228 3180; x_wconf 81' lang='grc' dir='ltr'>ὧν</span> <span class='ocrx_word' id='word_1_438' title='bbox 3280 3125 3473 3182; x_wconf 85' lang='grc' dir='ltr'>πολλᾶ</span> <span class='ocrx_word' id='word_1_439' title='bbox 3519 3128 3588 3182; x_wconf 82' lang='grc' dir='ltr'>τὰ</span> <span class='ocrx_word' id='word_1_440' title='bbox 3640 3125 3771 3180; x_wconf 84' lang='grc' dir='ltr'>κατᾶ</span> 
     </span>
    </p>
   </div>
   <div class='ocr_carea' id='block_1_62' title="bbox 377 3214 2021 3295">
    <p class='ocr_par' dir='ltr' id='par_1_62' title="bbox 377 3218 2020 3295">
     <span class='ocr_line' id='line_1_63' title="bbox 377 3218 2020 3295; baseline 0.004 -22"><span class='ocrx_word' id='word_1_441' title='bbox 377 3218 706 3275; x_wconf 89' lang='lat' dir='ltr'>benedictio</span> <span class='ocrx_word' id='word_1_442' title='bbox 765 3237 940 3292; x_wconf 87' lang='lat' dir='ltr'>super</span> <span class='ocrx_word' id='word_1_443' title='bbox 972 3220 1334 3290; x_wconf 89' lang='lat' dir='ltr'>spiritualem</span> <span class='ocrx_word' id='word_1_444' title='bbox 1381 3221 1581 3290; x_wconf 90' lang='lat' dir='ltr'>Jacob,</span> <span class='ocrx_word' id='word_1_445' title='bbox 1605 3239 1674 3276; x_wconf 82' lang='lat' dir='ltr'>ex</span> <span class='ocrx_word' id='word_1_446' title='bbox 1697 3240 1812 3294; x_wconf 90' lang='lat' dir='ltr'>quo</span> <span class='ocrx_word' id='word_1_447' title='bbox 1845 3225 2020 3295; x_wconf 89' lang='lat' dir='ltr'>patri-</span> 
     </span>
    </p>
   </div>
   <div class='ocr_carea' id='block_1_63' title="bbox 2131 3214 3771 3295">
    <p class='ocr_par' dir='ltr' id='par_1_63' title="bbox 2131 3214 3771 3286">
     <span class='ocr_line' id='line_1_64' title="bbox 2131 3214 3771 3286; baseline -0.004 -13"><span class='ocrx_word' id='word_1_448' title='bbox 2131 3220 2260 3274; x_wconf 88' lang='grc' dir='ltr'>Θεὸν</span> <span class='ocrx_word' id='word_1_449' title='bbox 2293 3219 2447 3272; x_wconf 83' lang='grc' dir='ltr'>τέκνα</span> <span class='ocrx_word' id='word_1_450' title='bbox 2478 3216 2752 3286; x_wconf 78' lang='grc' dir='ltr'>πλήθουσί</span> <span class='ocrx_word' id='word_1_451' title='bbox 2802 3237 2860 3270; x_wconf 90' lang='grc' dir='ltr'>τε</span> <span class='ocrx_word' id='word_1_452' title='bbox 2906 3217 2993 3271; x_wconf 78' lang='grc' dir='ltr'>καὶ</span> <span class='ocrx_word' id='word_1_453' title='bbox 3043 3215 3550 3286; x_wconf 74' lang='grc' dir='ltr'>πληθυνθήσονταί,</span> <span class='ocrx_word' id='word_1_454' title='bbox 3588 3215 3644 3270; x_wconf 77' lang='grc' dir='ltr'>εὖ</span> <span class='ocrx_word' id='word_1_455' title='bbox 3697 3214 3771 3268; x_wconf 73' lang='grc' dir='ltr'>οἶ-</span> 
     </span>
    </p>
   </div>
   <div class='ocr_carea' id='block_1_64' title="bbox 378 3307 2022 3380">
    <p class='ocr_par' dir='ltr' id='par_1_64' title="bbox 378 3307 2022 3380">
     <span class='ocr_line' id='line_1_65' title="bbox 378 3307 2022 3380; baseline 0.004 -17"><span class='ocrx_word' id='word_1_456' title='bbox 378 3307 588 3376; x_wconf 72' lang='lat' dir='ltr'>archae,</span> <span class='ocrx_word' id='word_1_457' title='bbox 621 3310 738 3366; x_wconf 92' lang='lat' dir='ltr'>imo</span> <span class='ocrx_word' id='word_1_458' title='bbox 792 3309 1108 3365; x_wconf 66' lang='lat' dir='ltr'>hierarcbaa</span> <span class='ocrx_word' id='word_1_459' title='bbox 1141 3315 1195 3366; x_wconf 89' lang='lat' dir='ltr'>et</span> <span class='ocrx_word' id='word_1_460' title='bbox 1220 3311 1661 3380; x_wconf 70' lang='lat' dir='ltr'>pcemniarchze;</span> <span class='ocrx_word' id='word_1_461' title='bbox 1694 3319 1749 3367; x_wconf 90' lang='lat' dir='ltr'>et</span> <span class='ocrx_word' id='word_1_462' title='bbox 1809 3313 1879 3368; x_wconf 88' lang='lat' dir='ltr'>ab</span> <span class='ocrx_word' id='word_1_463' title='bbox 1929 3314 2022 3370; x_wconf 89' lang='lat' dir='ltr'>his</span> 
     </span>
    </p>
   </div>
   <div class='ocr_carea' id='block_1_65' title="bbox 368 3397 2022 3472">
    <p class='ocr_par' dir='ltr' id='par_1_65' title="bbox 368 3397 2022 3472">
     <span class='ocr_line' id='line_1_66' title="bbox 368 3397 2022 3472; baseline 0.004 -21"><span class='ocrx_word' id='word_1_464' title='bbox 368 3397 611 3468; x_wconf 89' lang='lat' dir='ltr'>plurimi</span> <span class='ocrx_word' id='word_1_465' title='bbox 664 3403 988 3454; x_wconf 88' lang='lat' dir='ltr'>secundum</span> <span class='ocrx_word' id='word_1_466' title='bbox 1039 3401 1218 3455; x_wconf 91' lang='lat' dir='ltr'>Deum</span> <span class='ocrx_word' id='word_1_467' title='bbox 1278 3399 1382 3455; x_wconf 77' lang='lat' dir='ltr'>lilii</span> <span class='ocrx_word' id='word_1_468' title='bbox 1443 3401 1922 3472; x_wconf 87' lang='lat' dir='ltr'>multiplicantur,</span> <span class='ocrx_word' id='word_1_469' title='bbox 1955 3419 2022 3458; x_wconf 90' lang='lat' dir='ltr'>ac</span> 
     </span>
    </p>
   </div>
   <div class='ocr_carea' id='block_1_66' title="bbox 373 3487 2021 3562">
    <p class='ocr_par' dir='ltr' id='par_1_66' title="bbox 373 3487 2021 3562">
     <span class='ocr_line' id='line_1_67' title="bbox 373 3487 2021 3562; baseline 0.004 -22"><span class='ocrx_word' id='word_1_470' title='bbox 373 3503 546 3557; x_wconf 92' lang='lat' dir='ltr'>porro</span> <span class='ocrx_word' id='word_1_471' title='bbox 578 3487 1248 3558; x_wconf 88' lang='lat' dir='ltr'>multiplicabuntur,nil</span> <span class='ocrx_word' id='word_1_472' title='bbox 1275 3490 1501 3558; x_wconf 90' lang='lat' dir='ltr'>dubito,</span> <span class='ocrx_word' id='word_1_473' title='bbox 1525 3507 1622 3562; x_wconf 89' lang='lat' dir='ltr'>per</span> <span class='ocrx_word' id='word_1_474' title='bbox 1658 3507 1857 3547; x_wconf 87' lang='lat' dir='ltr'>semen</span> <span class='ocrx_word' id='word_1_475' title='bbox 1880 3493 2021 3547; x_wconf 90' lang='lat' dir='ltr'>adeo</span> 
     </span>
    </p>
   </div>
   <div class='ocr_carea' id='block_1_67' title="bbox 372 3575 2022 3651">
    <p class='ocr_par' dir='ltr' id='par_1_67' title="bbox 372 3575 2022 3651">
     <span class='ocr_line' id='line_1_68' title="bbox 372 3575 2022 3651; baseline 0.005 -22"><span class='ocrx_word' id='word_1_476' title='bbox 372 3575 768 3631; x_wconf 85' lang='lat' dir='ltr'>benedictum.</span> <span class='ocrx_word' id='word_1_477' title='bbox 802 3577 963 3632; x_wconf 91' lang='lat' dir='ltr'>Talis</span> <span class='ocrx_word' id='word_1_478' title='bbox 993 3578 1243 3648; x_wconf 90' lang='lat' dir='ltr'>denique</span> <span class='ocrx_word' id='word_1_479' title='bbox 1275 3578 1382 3633; x_wconf 82' lang='lat' dir='ltr'>fuit</span> <span class='ocrx_word' id='word_1_480' title='bbox 1412 3579 1595 3646; x_wconf 89' lang='lat' dir='ltr'>Plato,</span> <span class='ocrx_word' id='word_1_481' title='bbox 1618 3597 1790 3636; x_wconf 90' lang='lat' dir='ltr'>verus</span> <span class='ocrx_word' id='word_1_482' title='bbox 1822 3582 2022 3651; x_wconf 89' lang='lat' dir='ltr'>utique</span> 
     </span>
    </p>
   </div>
   <div class='ocr_carea' id='block_1_68' title="bbox 2131 3305 3772 3380">
    <p class='ocr_par' dir='ltr' id='par_1_68' title="bbox 2131 3305 3772 3380">
     <span class='ocr_line' id='line_1_69' title="bbox 2131 3305 3772 3380; baseline -0.002 -17"><span class='ocrx_word' id='word_1_483' title='bbox 2131 3307 2218 3371; x_wconf 83' lang='grc' dir='ltr'>δα,</span> <span class='ocrx_word' id='word_1_484' title='bbox 2283 3313 2378 3362; x_wconf 77' lang='grc' dir='ltr'>τοῦ</span> <span class='ocrx_word' id='word_1_485' title='bbox 2440 3305 2811 3380; x_wconf 74' lang='grc' dir='ltr'>εὐλογημένοι)</span> <span class='ocrx_word' id='word_1_486' title='bbox 2872 3307 3217 3379; x_wconf 88' lang='grc' dir='ltr'>σπέρματος.</span> <span class='ocrx_word' id='word_1_487' title='bbox 3273 3309 3547 3368; x_wconf 78' lang='grc' dir='ltr'>Τοσοῦτος</span> <span class='ocrx_word' id='word_1_488' title='bbox 3602 3307 3631 3360; x_wconf 88' lang='grc' dir='ltr'><strong>ὁ</strong></span> <span class='ocrx_word' id='word_1_489' title='bbox 3678 3315 3772 3371; x_wconf 75' lang='grc' dir='ltr'>τῆς</span> 
     </span>
    </p>
   </div>
   <div class='ocr_carea' id='block_1_69' title="bbox 2131 3394 3772 3470">
    <p class='ocr_par' dir='ltr' id='par_1_69' title="bbox 2131 3394 3772 3470">
     <span class='ocr_line' id='line_1_70' title="bbox 2131 3394 3772 3470; baseline -0.004 -18"><span class='ocrx_word' id='word_1_490' title='bbox 2131 3394 2415 3468; x_wconf 80' lang='grc' dir='ltr'>ὁσιότητος</span> <span class='ocrx_word' id='word_1_491' title='bbox 2449 3397 2676 3470; x_wconf 78' lang='grc' dir='ltr'>ἐραστὴς</span> <span class='ocrx_word' id='word_1_492' title='bbox 2708 3396 2782 3455; x_wconf 85' lang='grc' dir='ltr'>ὡς</span> <span class='ocrx_word' id='word_1_493' title='bbox 2816 3395 3056 3465; x_wconf 85' lang='grc' dir='ltr'>ἀληθῶς,</span> <span class='ocrx_word' id='word_1_494' title='bbox 3109 3395 3199 3449; x_wconf 77' lang='grc' dir='ltr'>καὶ</span> <span class='ocrx_word' id='word_1_495' title='bbox 3230 3399 3488 3451; x_wconf 77' lang='grc' dir='ltr'>τοιοῦτον</span> <span class='ocrx_word' id='word_1_496' title='bbox 3539 3394 3689 3465; x_wconf 86' lang='grc' dir='ltr'>αὐτῷ</span> <span class='ocrx_word' id='word_1_497' title='bbox 3714 3395 3772 3446; x_wconf 82' lang='grc' dir='ltr'>τὸ</span> 
     </span>
    </p>
   </div>
   <div class='ocr_carea' id='block_1_70' title="bbox 2129 3484 3776 3562">
    <p class='ocr_par' dir='ltr' id='par_1_70' title="bbox 2129 3484 3776 3562">
     <span class='ocr_line' id='line_1_71' title="bbox 2129 3484 3776 3562; baseline -0.004 -19"><span class='ocrx_word' id='word_1_498' title='bbox 2129 3487 2306 3557; x_wconf 76' lang='grc' dir='ltr'>τέλος,</span> <span class='ocrx_word' id='word_1_499' title='bbox 2359 3489 2432 3550; x_wconf 83' lang='grc' dir='ltr'>ὡς</span> <span class='ocrx_word' id='word_1_500' title='bbox 2485 3487 2537 3541; x_wconf 88' lang='grc' dir='ltr'>ἐν</span> <span class='ocrx_word' id='word_1_501' title='bbox 2607 3484 2933 3562; x_wconf 77' lang='grc' dir='ltr'>σκιαγραφῖᾳ</span> <span class='ocrx_word' id='word_1_502' title='bbox 3014 3485 3386 3560; x_wconf 84' lang='grc' dir='ltr'>προσεύχρουν</span> <span class='ocrx_word' id='word_1_503' title='bbox 3451 3490 3776 3561; x_wconf 77' lang='grc' dir='ltr'>χαρακτῆρα</span> 
     </span>
    </p>
   </div>
   <div class='ocr_carea' id='block_1_71' title="bbox 2130 3576 2875 3650">
    <p class='ocr_par' dir='ltr' id='par_1_71' title="bbox 2130 3576 2875 3650">
     <span class='ocr_line' id='line_1_72' title="bbox 2130 3576 2875 3650; baseline -0.001 -18"><span class='ocrx_word' id='word_1_504' title='bbox 2130 3585 2230 3648; x_wconf 86' lang='grc' dir='ltr'>τῆς</span> <span class='ocrx_word' id='word_1_505' title='bbox 2264 3576 2533 3650; x_wconf 77' lang='grc' dir='ltr'>εὐμούσου</span> <span class='ocrx_word' id='word_1_506' title='bbox 2559 3577 2835 3648; x_wconf 75' lang='grc' dir='ltr'>ὑποταγῆς</span> <span class='ocrx_word' id='word_1_507' title='bbox 2863 3619 2875 3631; x_wconf 94' lang='grc'><strong>.</strong></span> 
     </span>
    </p>
   </div>
   <div class='ocr_carea' id='block_1_72' title="bbox 368 3664 3774 3742">
    <p class='ocr_par' dir='ltr' id='par_1_72' title="bbox 368 3664 3774 3742">
     <span class='ocr_line' id='line_1_73' title="bbox 368 3664 3774 3742; baseline 0 -22"><span class='ocrx_word' id='word_1_508' title='bbox 368 3671 596 3722; x_wconf 77' lang='lat' dir='ltr'>amator</span> <span class='ocrx_word' id='word_1_509' title='bbox 627 3667 980 3737; x_wconf 85' lang='lat' dir='ltr'>sanctitatis,</span> <span class='ocrx_word' id='word_1_510' title='bbox 1014 3673 1070 3722; x_wconf 95' lang='lat' dir='ltr'>et</span> <span class='ocrx_word' id='word_1_511' title='bbox 1093 3668 1161 3722; x_wconf 90' lang='lat' dir='ltr'>ad</span> <span class='ocrx_word' id='word_1_512' title='bbox 1186 3673 1414 3723; x_wconf 89' lang='lat' dir='ltr'>tantum</span> <span class='ocrx_word' id='word_1_513' title='bbox 1449 3670 1816 3740; x_wconf 84' lang='lat' dir='ltr'>perfectionis</span> <span class='ocrx_word' id='word_1_514' title='bbox 1848 3672 2091 3742; x_wconf 89' lang='lat' dir='ltr'>gradum</span> <span class='ocrx_word' id='word_1_515' title='bbox 2126 3670 2408 3738; x_wconf 82' lang='lat' dir='ltr'>ascendit,</span> <span class='ocrx_word' id='word_1_516' title='bbox 2443 3675 2501 3723; x_wconf 91' lang='lat' dir='ltr'>ut</span> <span class='ocrx_word' id='word_1_517' title='bbox 2531 3668 2766 3722; x_wconf 87' lang='lat' dir='ltr'>nonnisi</span> <span class='ocrx_word' id='word_1_518' title='bbox 2795 3664 3243 3722; x_wconf 86' lang='lat' dir='ltr'>adumbratione</span> <span class='ocrx_word' id='word_1_519' title='bbox 3296 3669 3559 3738; x_wconf 86' lang='lat' dir='ltr'>quadam</span> <span class='ocrx_word' id='word_1_520' title='bbox 3593 3664 3774 3739; x_wconf 85' lang='lat' dir='ltr'>expri-</span> 
     </span>
    </p>
   </div>
   <div class='ocr_carea' id='block_1_73' title="bbox 367 3755 2132 3828">
    <p class='ocr_par' dir='ltr' id='par_1_73' title="bbox 367 3755 2132 3828">
     <span class='ocr_line' id='line_1_74' title="bbox 367 3755 2132 3828; baseline 0.003 -18"><span class='ocrx_word' id='word_1_521' title='bbox 367 3770 525 3811; x_wconf 89' lang='lat' dir='ltr'>mere</span> <span class='ocrx_word' id='word_1_522' title='bbox 557 3755 839 3828; x_wconf 89' lang='lat' dir='ltr'>potuerim</span> <span class='ocrx_word' id='word_1_523' title='bbox 870 3755 1260 3813; x_wconf 86' lang='lat' dir='ltr'>characterem</span> <span class='ocrx_word' id='word_1_524' title='bbox 1287 3759 1565 3814; x_wconf 74' lang='lat' dir='ltr'>absolutaa</span> <span class='ocrx_word' id='word_1_525' title='bbox 1597 3760 1653 3814; x_wconf 92' lang='lat' dir='ltr'>in</span> <span class='ocrx_word' id='word_1_526' title='bbox 1676 3776 1742 3815; x_wconf 90' lang='lat' dir='ltr'>eo</span> <span class='ocrx_word' id='word_1_527' title='bbox 1771 3761 2132 3816; x_wconf 70' lang='lat' dir='ltr'>obedientiae.</span> 
     </span>
    </p>
   </div>
   <div class='ocr_carea' id='block_1_74' title="bbox 441 3844 2010 3916">
    <p class='ocr_par' dir='ltr' id='par_1_74' title="bbox 441 3844 2010 3916">
     <span class='ocr_line' id='line_1_75' title="bbox 441 3844 2010 3916; baseline 0.003 -19"><span class='ocrx_word' id='word_1_528' title='bbox 441 3844 505 3899; x_wconf 80' lang='grc'><strong>14</strong></span> <span class='ocrx_word' id='word_1_529' title='bbox 536 3847 852 3916; x_wconf 88' lang='lat' dir='ltr'>Postquam</span> <span class='ocrx_word' id='word_1_530' title='bbox 887 3851 1085 3901; x_wconf 90' lang='lat' dir='ltr'>autem</span> <span class='ocrx_word' id='word_1_531' title='bbox 1120 3847 1394 3916; x_wconf 88' lang='lat' dir='ltr'>magister</span> <span class='ocrx_word' id='word_1_532' title='bbox 1426 3847 1553 3916; x_wconf 87' lang='lat' dir='ltr'>ejus</span> <span class='ocrx_word' id='word_1_533' title='bbox 1584 3849 1654 3902; x_wconf 92' lang='lat' dir='ltr'>ad</span> <span class='ocrx_word' id='word_1_534' title='bbox 1697 3847 2010 3903; x_wconf 91' lang='lat' dir='ltr'>Dominum</span> 
     </span>
    </p>
   </div>
   <div class='ocr_carea' id='block_1_75' title="bbox 365 3933 2010 4007">
    <p class='ocr_par' dir='ltr' id='par_1_75' title="bbox 365 3933 2010 4007">
     <span class='ocr_line' id='line_1_76' title="bbox 365 3933 2010 4007; baseline 0.002 -19"><span class='ocrx_word' id='word_1_535' title='bbox 365 3933 522 4001; x_wconf 89' lang='lat' dir='ltr'>abiit,</span> <span class='ocrx_word' id='word_1_536' title='bbox 560 3934 685 4005; x_wconf 89' lang='lat' dir='ltr'>ipse</span> <span class='ocrx_word' id='word_1_537' title='bbox 747 3936 804 3989; x_wconf 89' lang='lat' dir='ltr'>in</span> <span class='ocrx_word' id='word_1_538' title='bbox 857 3937 986 4004; x_wconf 84' lang='lat' dir='ltr'>ejus</span> <span class='ocrx_word' id='word_1_539' title='bbox 1045 3935 1249 3990; x_wconf 90' lang='lat' dir='ltr'>cellam</span> <span class='ocrx_word' id='word_1_540' title='bbox 1301 3941 1474 4007; x_wconf 89' lang='lat' dir='ltr'>atque</span> <span class='ocrx_word' id='word_1_541' title='bbox 1519 3936 1745 3991; x_wconf 91' lang='lat' dir='ltr'>vivendi</span> <span class='ocrx_word' id='word_1_542' title='bbox 1771 3938 2010 3992; x_wconf 91' lang='lat' dir='ltr'>modum</span> 
     </span>
    </p>
   </div>
   <div class='ocr_carea' id='block_1_76' title="bbox 364 4023 2010 4096">
    <p class='ocr_par' dir='ltr' id='par_1_76' title="bbox 364 4023 2010 4096">
     <span class='ocr_line' id='line_1_77' title="bbox 364 4023 2010 4096; baseline 0.002 -20"><span class='ocrx_word' id='word_1_543' title='bbox 364 4023 657 4088; x_wconf 89' lang='lat' dir='ltr'>transivit,</span> <span class='ocrx_word' id='word_1_544' title='bbox 707 4023 963 4093; x_wconf 84' lang='lat' dir='ltr'>legitime</span> <span class='ocrx_word' id='word_1_545' title='bbox 1023 4024 1329 4096; x_wconf 84' lang='lat' dir='ltr'>amplexus</span> <span class='ocrx_word' id='word_1_546' title='bbox 1398 4025 1776 4080; x_wconf 88' lang='lat' dir='ltr'>solitudinem</span> <span class='ocrx_word' id='word_1_547' title='bbox 1829 4042 1842 4092; x_wconf 91' lang='lat'>;</span> <span class='ocrx_word' id='word_1_548' title='bbox 1896 4043 2010 4081; x_wconf 92' lang='lat' dir='ltr'>non</span> 
     </span>
    </p>
   </div>
   <div class='ocr_carea' id='block_1_77' title="bbox 363 4115 2012 4187">
    <p class='ocr_par' dir='ltr' id='par_1_77' title="bbox 363 4115 2012 4187">
     <span class='ocr_line' id='line_1_78' title="bbox 363 4115 2012 4187; baseline 0.002 -19"><span class='ocrx_word' id='word_1_549' title='bbox 363 4115 861 4185; x_wconf 88' lang='lat' dir='ltr'>quemadmodum</span> <span class='ocrx_word' id='word_1_550' title='bbox 924 4131 1083 4170; x_wconf 88' lang='lat' dir='ltr'>nunc</span> <span class='ocrx_word' id='word_1_551' title='bbox 1142 4117 1330 4183; x_wconf 88' lang='lat' dir='ltr'>multi,</span> <span class='ocrx_word' id='word_1_552' title='bbox 1365 4117 1627 4171; x_wconf 88' lang='lat' dir='ltr'>eamdem</span> <span class='ocrx_word' id='word_1_553' title='bbox 1685 4117 2012 4187; x_wconf 89' lang='lat' dir='ltr'>periculose</span> 
     </span>
    </p>
   </div>
   <div class='ocr_carea' id='block_1_78' title="bbox 362 4203 2011 4278">
    <p class='ocr_par' dir='ltr' id='par_1_78' title="bbox 362 4203 2011 4278">
     <span class='ocr_line' id='line_1_79' title="bbox 362 4203 2011 4278; baseline 0.004 -23"><span class='ocrx_word' id='word_1_554' title='bbox 362 4203 808 4273; x_wconf 83' lang='lat' dir='ltr'>aggredientes;</span> <span class='ocrx_word' id='word_1_555' title='bbox 843 4205 942 4276; x_wconf 90' lang='lat' dir='ltr'>qui</span> <span class='ocrx_word' id='word_1_556' title='bbox 975 4205 1314 4276; x_wconf 90' lang='lat' dir='ltr'>priusquam</span> <span class='ocrx_word' id='word_1_557' title='bbox 1349 4206 1577 4278; x_wconf 86' lang='lat' dir='ltr'>spiritui</span> <span class='ocrx_word' id='word_1_558' title='bbox 1610 4223 1839 4261; x_wconf 89' lang='lat' dir='ltr'>carnem</span> <span class='ocrx_word' id='word_1_559' title='bbox 1873 4224 2011 4278; x_wconf 90' lang='lat' dir='ltr'>per-</span> 
     </span>
    </p>
   </div>
   <div class='ocr_carea' id='block_1_79' title="bbox 361 4291 2007 4368">
    <p class='ocr_par' dir='ltr' id='par_1_79' title="bbox 361 4291 2007 4368">
     <span class='ocr_line' id='line_1_80' title="bbox 361 4291 2007 4368; baseline 0.003 -23"><span class='ocrx_word' id='word_1_560' title='bbox 361 4291 509 4346; x_wconf 81' lang='lat' dir='ltr'>facte</span> <span class='ocrx_word' id='word_1_561' title='bbox 537 4292 916 4361; x_wconf 87' lang='lat' dir='ltr'>subjecerint,</span> <span class='ocrx_word' id='word_1_562' title='bbox 940 4294 1156 4350; x_wconf 91' lang='lat' dir='ltr'>audent</span> <span class='ocrx_word' id='word_1_563' title='bbox 1187 4311 1287 4366; x_wconf 93' lang='lat' dir='ltr'>per</span> <span class='ocrx_word' id='word_1_564' title='bbox 1316 4310 1378 4350; x_wconf 89' lang='lat' dir='ltr'>se</span> <span class='ocrx_word' id='word_1_565' title='bbox 1400 4295 1555 4350; x_wconf 89' lang='lat' dir='ltr'>solos</span> <span class='ocrx_word' id='word_1_566' title='bbox 1584 4296 2007 4368; x_wconf 90' lang='lat' dir='ltr'>congredicum</span> 
     </span>
    </p>
   </div>
   <div class='ocr_carea' id='block_1_80' title="bbox 362 4379 2005 4454">
    <p class='ocr_par' dir='ltr' id='par_1_80' title="bbox 362 4379 2005 4454">
     <span class='ocr_line' id='line_1_81' title="bbox 362 4379 2005 4454; baseline 0.002 -19"><span class='ocrx_word' id='word_1_567' title='bbox 362 4379 668 4451; x_wconf 89' lang='lat' dir='ltr'>spiritibus</span> <span class='ocrx_word' id='word_1_568' title='bbox 726 4382 1021 4452; x_wconf 63' lang='lat' dir='ltr'>nequitia,</span> <span class='ocrx_word' id='word_1_569' title='bbox 1057 4391 1194 4438; x_wconf 91' lang='lat' dir='ltr'>tunc</span> <span class='ocrx_word' id='word_1_570' title='bbox 1240 4386 1495 4454; x_wconf 90' lang='lat' dir='ltr'>primum</span> <span class='ocrx_word' id='word_1_571' title='bbox 1556 4386 1806 4440; x_wconf 84' lang='lat' dir='ltr'>exerceri</span> <span class='ocrx_word' id='word_1_572' title='bbox 1857 4386 2005 4439; x_wconf 92' lang='lat' dir='ltr'>inci-</span> 
     </span>
    </p>
   </div>
   <div class='ocr_carea' id='block_1_81' title="bbox 365 4468 2008 4545">
    <p class='ocr_par' dir='ltr' id='par_1_81' title="bbox 365 4468 2008 4545">
     <span class='ocr_line' id='line_1_82' title="bbox 365 4468 2008 4545; baseline 0.004 -24"><span class='ocrx_word' id='word_1_573' title='bbox 365 4468 612 4540; x_wconf 89' lang='lat' dir='ltr'>pientes,</span> <span class='ocrx_word' id='word_1_574' title='bbox 634 4485 768 4524; x_wconf 90' lang='lat' dir='ltr'>cum</span> <span class='ocrx_word' id='word_1_575' title='bbox 790 4471 1049 4542; x_wconf 89' lang='lat' dir='ltr'>templus</span> <span class='ocrx_word' id='word_1_576' title='bbox 1079 4477 1170 4528; x_wconf 87' lang='lat' dir='ltr'>est</span> <span class='ocrx_word' id='word_1_577' title='bbox 1195 4489 1398 4545; x_wconf 71' lang='lat' dir='ltr'>pugnas</span> <span class='ocrx_word' id='word_1_578' title='bbox 1417 4492 1431 4539; x_wconf 85' lang='lat'><strong>;</strong></span> <span class='ocrx_word' id='word_1_579' title='bbox 1450 4477 1505 4528; x_wconf 93' lang='lat' dir='ltr'>et</span> <span class='ocrx_word' id='word_1_580' title='bbox 1534 4474 1863 4543; x_wconf 85' lang='lat' dir='ltr'>experiendi</span> <span class='ocrx_word' id='word_1_581' title='bbox 1882 4489 2008 4545; x_wconf 88' lang='lat' dir='ltr'>gra-</span> 
     </span>
    </p>
   </div>
   <div class='ocr_carea' id='block_1_82' title="bbox 2197 3841 3771 3918">
    <p class='ocr_par' dir='ltr' id='par_1_82' title="bbox 2197 3841 3771 3918">
     <span class='ocr_line' id='line_1_83' title="bbox 2197 3841 3771 3918; baseline -0.003 -18"><span class='ocrx_word' id='word_1_582' title='bbox 2197 3844 2284 3904; x_wconf 84' lang='grc' dir='ltr'>ιδ’,</span> <span class='ocrx_word' id='word_1_583' title='bbox 2319 3843 2540 3912; x_wconf 79' lang='grc' dir='ltr'>Ἐπειδή</span> <span class='ocrx_word' id='word_1_584' title='bbox 2590 3841 2646 3899; x_wconf 76' lang='grc' dir='ltr'>δὲ</span> <span class='ocrx_word' id='word_1_585' title='bbox 2694 3843 3044 3918; x_wconf 81' lang='grc' dir='ltr'>παραπέμπει</span> <span class='ocrx_word' id='word_1_586' title='bbox 3093 3844 3228 3917; x_wconf 81' lang='grc' dir='ltr'>πρὸς</span> <span class='ocrx_word' id='word_1_587' title='bbox 3273 3844 3362 3898; x_wconf 87' lang='grc' dir='ltr'>τὸν</span> <span class='ocrx_word' id='word_1_588' title='bbox 3419 3843 3475 3899; x_wconf 82' lang='grc' dir='ltr'>έν</span> <span class='ocrx_word' id='word_1_589' title='bbox 3522 3842 3771 3918; x_wconf 85' lang='grc' dir='ltr'>οὐρανοῖς</span> 
     </span>
    </p>
   </div>
   <div class='ocr_carea' id='block_1_83' title="bbox 2121 3931 3768 4009">
    <p class='ocr_par' dir='ltr' id='par_1_83' title="bbox 2121 3931 3768 4009">
     <span class='ocr_line' id='line_1_84' title="bbox 2121 3931 3768 4009; baseline -0.004 -19"><span class='ocrx_word' id='word_1_590' title='bbox 2121 3935 2397 4004; x_wconf 89' lang='grc' dir='ltr'>Δεσπότην</span> <span class='ocrx_word' id='word_1_591' title='bbox 2457 3934 2548 3987; x_wconf 86' lang='grc' dir='ltr'>τὸν</span> <span class='ocrx_word' id='word_1_592' title='bbox 2604 3935 2976 4009; x_wconf 78' lang='grc' dir='ltr'>καθηγεμόνα,</span> <span class='ocrx_word' id='word_1_593' title='bbox 3053 3931 3364 4000; x_wconf 81' lang='grc' dir='ltr'>καθίστησιν</span> <span class='ocrx_word' id='word_1_594' title='bbox 3445 3933 3636 3987; x_wconf 74' lang='grc' dir='ltr'>ἑαυτὸν</span> <span class='ocrx_word' id='word_1_595' title='bbox 3695 3931 3768 3991; x_wconf 85' lang='grc' dir='ltr'>εἰς</span> 
     </span>
    </p>
   </div>
   <div class='ocr_carea' id='block_1_84' title="bbox 2121 4020 3767 4098">
    <p class='ocr_par' dir='ltr' id='par_1_84' title="bbox 2121 4020 3767 4098">
     <span class='ocr_line' id='line_1_85' title="bbox 2121 4020 3767 4098; baseline -0.002 -20"><span class='ocrx_word' id='word_1_596' title='bbox 2121 4025 2213 4078; x_wconf 86' lang='grc' dir='ltr'>τὸν</span> <span class='ocrx_word' id='word_1_597' title='bbox 2246 4023 2447 4078; x_wconf 83' lang='grc' dir='ltr'>ἐκείνου</span> <span class='ocrx_word' id='word_1_598' title='bbox 2473 4023 2640 4077; x_wconf 86' lang='grc' dir='ltr'>τόπον</span> <span class='ocrx_word' id='word_1_599' title='bbox 2686 4024 2776 4076; x_wconf 82' lang='grc' dir='ltr'>καὶ</span> <span class='ocrx_word' id='word_1_600' title='bbox 2818 4022 3042 4094; x_wconf 89' lang='grc' dir='ltr'>τρόπον,</span> <span class='ocrx_word' id='word_1_601' title='bbox 3091 4021 3182 4075; x_wconf 80' lang='grc' dir='ltr'>καὶ</span> <span class='ocrx_word' id='word_1_602' title='bbox 3223 4023 3324 4090; x_wconf 84' lang='grc' dir='ltr'>τήν</span> <span class='ocrx_word' id='word_1_603' title='bbox 3373 4023 3621 4098; x_wconf 76' lang='grc' dir='ltr'>ἡσυχίαν</span> <span class='ocrx_word' id='word_1_604' title='bbox 3673 4020 3767 4075; x_wconf 76' lang='grc' dir='ltr'>ἆσ-</span> 
     </span>
    </p>
   </div>
   <div class='ocr_carea' id='block_1_85' title="bbox 2119 4109 3764 4182">
    <p class='ocr_par' dir='ltr' id='par_1_85' title="bbox 2119 4109 3764 4182">
     <span class='ocr_line' id='line_1_86' title="bbox 2119 4109 3764 4182; baseline -0.002 -17"><span class='ocrx_word' id='word_1_605' title='bbox 2119 4112 2340 4181; x_wconf 80' lang='grc' dir='ltr'>πάζεται</span> <span class='ocrx_word' id='word_1_606' title='bbox 2401 4109 2640 4182; x_wconf 72' lang='grc' dir='ltr'>ἐννόμως</span> <span class='ocrx_word' id='word_1_607' title='bbox 2700 4130 2757 4164; x_wconf 83' lang='grc' dir='ltr'>τε</span> <span class='ocrx_word' id='word_1_608' title='bbox 2814 4109 2903 4163; x_wconf 83' lang='grc' dir='ltr'>καὶ</span> <span class='ocrx_word' id='word_1_609' title='bbox 2962 4109 3275 4181; x_wconf 83' lang='grc' dir='ltr'>ἐνθέσμως·</span> <span class='ocrx_word' id='word_1_610' title='bbox 3327 4109 3392 4162; x_wconf 89' lang='grc' dir='ltr'>οὐ</span> <span class='ocrx_word' id='word_1_611' title='bbox 3443 4109 3587 4164; x_wconf 76' lang='grc' dir='ltr'>κατὰ</span> <span class='ocrx_word' id='word_1_612' title='bbox 3642 4109 3764 4167; x_wconf 71' lang='grc' dir='ltr'>τοὺς</span> 
     </span>
    </p>
   </div>
   <div class='ocr_carea' id='block_1_86' title="bbox 2118 4195 3763 4277">
    <p class='ocr_par' dir='ltr' id='par_1_86' title="bbox 2118 4195 3763 4277">
     <span class='ocr_line' id='line_1_87' title="bbox 2118 4195 3763 4277; baseline -0.004 -23"><span class='ocrx_word' id='word_1_613' title='bbox 2118 4198 2364 4260; x_wconf 76' lang='grc' dir='ltr'>πολλοὺς</span> <span class='ocrx_word' id='word_1_614' title='bbox 2407 4203 2513 4253; x_wconf 84' lang='grc' dir='ltr'>τῶν</span> <span class='ocrx_word' id='word_1_615' title='bbox 2564 4203 2654 4253; x_wconf 79' lang='grc' dir='ltr'>νῦν</span> <span class='ocrx_word' id='word_1_616' title='bbox 2704 4197 2988 4275; x_wconf 81' lang='grc' dir='ltr'>σφαλερῶς</span> <span class='ocrx_word' id='word_1_617' title='bbox 3033 4198 3119 4252; x_wconf 81' lang='grc' dir='ltr'>ἐπὶ</span> <span class='ocrx_word' id='word_1_618' title='bbox 3165 4195 3368 4267; x_wconf 88' lang='grc' dir='ltr'>ταύτην</span> <span class='ocrx_word' id='word_1_619' title='bbox 3418 4196 3763 4277; x_wconf 72' lang='grc' dir='ltr'>ἐρχομένων,</span> 
     </span>
    </p>
   </div>
   <div class='ocr_carea' id='block_1_87' title="bbox 2117 4287 3763 4364">
    <p class='ocr_par' dir='ltr' id='par_1_87' title="bbox 2117 4287 3763 4364">
     <span class='ocr_line' id='line_1_88' title="bbox 2117 4287 3763 4364; baseline -0.003 -21"><span class='ocrx_word' id='word_1_620' title='bbox 2117 4290 2207 4344; x_wconf 79' lang='grc' dir='ltr'>καὶ</span> <span class='ocrx_word' id='word_1_621' title='bbox 2264 4287 2394 4364; x_wconf 88' lang='grc' dir='ltr'>πρὶν</span> <span class='ocrx_word' id='word_1_622' title='bbox 2461 4290 2721 4358; x_wconf 82' lang='grc' dir='ltr'>ὑποτάξαι</span> <span class='ocrx_word' id='word_1_623' title='bbox 2779 4289 2875 4355; x_wconf 71' lang='grc' dir='ltr'>τὴν</span> <span class='ocrx_word' id='word_1_624' title='bbox 2933 4288 3103 4360; x_wconf 81' lang='grc' dir='ltr'>σάρκα</span> <span class='ocrx_word' id='word_1_625' title='bbox 3159 4291 3236 4357; x_wconf 80' lang='grc' dir='ltr'>τῷ</span> <span class='ocrx_word' id='word_1_626' title='bbox 3293 4287 3590 4360; x_wconf 83' lang='grc' dir='ltr'>πνεύματι,</span> <span class='ocrx_word' id='word_1_627' title='bbox 3651 4292 3763 4345; x_wconf 80' lang='grc' dir='ltr'>τοῖς</span> 
     </span>
    </p>
   </div>
   <div class='ocr_carea' id='block_1_88' title="bbox 2115 4375 3762 4452">
    <p class='ocr_par' dir='ltr' id='par_1_88' title="bbox 2115 4375 3762 4452">
     <span class='ocr_line' id='line_1_89' title="bbox 2115 4375 3762 4452; baseline -0.003 -20"><span class='ocrx_word' id='word_1_628' title='bbox 2115 4385 2216 4447; x_wconf 79' lang='grc' dir='ltr'>τῆς</span> <span class='ocrx_word' id='word_1_629' title='bbox 2281 4376 2548 4451; x_wconf 85' lang='grc' dir='ltr'>πονηρίας</span> <span class='ocrx_word' id='word_1_630' title='bbox 2597 4376 2889 4449; x_wconf 78' lang='grc' dir='ltr'>πνεύμασιν</span> <span class='ocrx_word' id='word_1_631' title='bbox 2951 4379 3361 4450; x_wconf 68' lang='grc' dir='ltr'>μονομαχησειν</span> <span class='ocrx_word' id='word_1_632' title='bbox 3411 4375 3762 4452; x_wconf 68' lang='grc' dir='ltr'>τεθαῤῥηκό-</span> 
     </span>
    </p>
   </div>
   <div class='ocr_carea' id='block_1_89' title="bbox 2117 4465 3760 4542">
    <p class='ocr_par' dir='ltr' id='par_1_89' title="bbox 2117 4465 3760 4542">
     <span class='ocr_line' id='line_1_90' title="bbox 2117 4465 3760 4542; baseline -0.003 -18"><span class='ocrx_word' id='word_1_633' title='bbox 2117 4491 2248 4535; x_wconf 87' lang='grc' dir='ltr'>των,</span> <span class='ocrx_word' id='word_1_634' title='bbox 2279 4468 2368 4523; x_wconf 78' lang='grc' dir='ltr'>καὶ</span> <span class='ocrx_word' id='word_1_635' title='bbox 2404 4468 2455 4524; x_wconf 80' lang='grc' dir='ltr'>ἐν</span> <span class='ocrx_word' id='word_1_636' title='bbox 2488 4470 2661 4542; x_wconf 84' lang='grc' dir='ltr'>καιρῷ</span> <span class='ocrx_word' id='word_1_637' title='bbox 2690 4475 2790 4536; x_wconf 78' lang='grc' dir='ltr'>τῆς</span> <span class='ocrx_word' id='word_1_638' title='bbox 2819 4467 2971 4538; x_wconf 86' lang='grc' dir='ltr'>νίκης</span> <span class='ocrx_word' id='word_1_639' title='bbox 3003 4467 3251 4522; x_wconf 85' lang='grc' dir='ltr'>παλαίειν</span> <span class='ocrx_word' id='word_1_640' title='bbox 3309 4465 3760 4538; x_wconf 76' lang='grc' dir='ltr'>ἐκμελετῶντων,</span> 
     </span>
    </p>
   </div>
   <div class='ocr_carea' id='block_1_90' title="bbox 361 4554 2021 4660">
    <p class='ocr_par' dir='ltr' id='par_1_90' title="bbox 361 4557 2006 4631">
     <span class='ocr_line' id='line_1_91' title="bbox 361 4557 2006 4631; baseline 0.004 -21"><span class='ocrx_word' id='word_1_641' title='bbox 361 4557 443 4611; x_wconf 88' lang='lat' dir='ltr'>tia</span> <span class='ocrx_word' id='word_1_642' title='bbox 500 4559 910 4627; x_wconf 73' lang='lat' dir='ltr'>praesumentis</span> <span class='ocrx_word' id='word_1_643' title='bbox 967 4561 1226 4616; x_wconf 90' lang='lat' dir='ltr'>obtinere</span> <span class='ocrx_word' id='word_1_644' title='bbox 1279 4561 1600 4631; x_wconf 85' lang='lat' dir='ltr'>victoriam,</span> <span class='ocrx_word' id='word_1_645' title='bbox 1660 4563 1834 4618; x_wconf 87' lang='lat' dir='ltr'>etiam</span> <span class='ocrx_word' id='word_1_646' title='bbox 1894 4563 2006 4617; x_wconf 89' lang='lat' dir='ltr'>Deo</span> 
     </span>
    </p>
   </div>
   <div class='ocr_carea' id='block_1_91' title="bbox 2131 4554 3760 4660">
    <p class='ocr_par' dir='ltr' id='par_1_91' title="bbox 2131 4554 3760 4660">
     <span class='ocr_line' id='line_1_92' title="bbox 2131 4554 3760 4630; baseline -0.004 -17"><span class='ocrx_word' id='word_1_647' title='bbox 2131 4557 2281 4612; x_wconf 70' lang='grc' dir='ltr'>Ξπότε</span> <span class='ocrx_word' id='word_1_648' title='bbox 2329 4559 2417 4613; x_wconf 83' lang='grc' dir='ltr'>καὶ</span> <span class='ocrx_word' id='word_1_649' title='bbox 2476 4563 2665 4630; x_wconf 88' lang='grc' dir='ltr'>πεῖραν</span> <span class='ocrx_word' id='word_1_650' title='bbox 2718 4557 2943 4611; x_wconf 82' lang='grc' dir='ltr'>οἶόντων</span> <span class='ocrx_word' id='word_1_651' title='bbox 2995 4554 3395 4629; x_wconf 80' lang='grc' dir='ltr'>δυστέκμαρτον</span> <span class='ocrx_word' id='word_1_652' title='bbox 3447 4557 3552 4624; x_wconf 80' lang='grc' dir='ltr'>τήν</span> <span class='ocrx_word' id='word_1_653' title='bbox 3608 4556 3760 4625; x_wconf 85' lang='grc' dir='ltr'>νίκην</span> 
     </span>
     <span class='ocr_line' id='line_1_93' title="bbox 2150 4642 3728 4660; baseline 0 0"><span class='ocrx_word' id='word_1_654' title='bbox 2150 4646 2160 4660; x_wconf 76' lang='lat'><em>.</em></span> <span class='ocrx_word' id='word_1_655' title='bbox 2278 4654 2301 4660; x_wconf 74' lang='lat'>-</span> <span class='ocrx_word' id='word_1_656' title='bbox 2347 4651 2373 4660; x_wconf 86' lang='grc'>..</span> <span class='ocrx_word' id='word_1_657' title='bbox 2558 4655 2565 4660; x_wconf 86' lang='grc'>.</span> <span class='ocrx_word' id='word_1_658' title='bbox 2682 4648 2704 4660; x_wconf 59' lang='grc' dir='ltr'><strong>λ</strong></span> <span class='ocrx_word' id='word_1_659' title='bbox 2839 4646 2859 4660; x_wconf 72' lang='grc' dir='ltr'>η</span> <span class='ocrx_word' id='word_1_660' title='bbox 2969 4646 2981 4660; x_wconf 81' lang='lat'>.</span> <span class='ocrx_word' id='word_1_661' title='bbox 3070 4645 3096 4660; x_wconf 66' lang='grc' dir='ltr'>,ι</span> <span class='ocrx_word' id='word_1_662' title='bbox 3211 4644 3223 4660; x_wconf 87' lang='grc'>,</span> <span class='ocrx_word' id='word_1_663' title='bbox 3321 4644 3334 4660; x_wconf 79' lang='grc'>,</span> <span class='ocrx_word' id='word_1_664' title='bbox 3453 4642 3480 4660; x_wconf 71' lang='grc' dir='ltr'>ε.</span> <span class='ocrx_word' id='word_1_665' title='bbox 3527 4645 3577 4660; x_wconf 74' lang='grc' dir='ltr'>η.</span> <span class='ocrx_word' id='word_1_666' title='bbox 3715 4647 3728 4660; x_wconf 73' lang='grc'>.</span> 
     </span>
    </p>
   </div>
   <div class='ocr_carea' id='block_1_92' title="bbox 351 4647 2005 4720">
    <p class='ocr_par' dir='ltr' id='par_1_92' title="bbox 351 4647 2005 4720">
     <span class='ocr_line' id='line_1_94' title="bbox 351 4647 2005 4720; baseline 0.003 -20"><span class='ocrx_word' id='word_1_667' title='bbox 351 4647 616 4716; x_wconf 87' lang='lat' dir='ltr'>juvante,</span> <span class='ocrx_word' id='word_1_668' title='bbox 650 4647 966 4704; x_wconf 82' lang='lat' dir='ltr'>difﬁcilem.</span> <span class='ocrx_word' id='word_1_669' title='bbox 992 4649 1096 4713; x_wconf 90' lang='lat' dir='ltr'>Qui</span> <span class='ocrx_word' id='word_1_670' title='bbox 1129 4650 1282 4705; x_wconf 88' lang='lat' dir='ltr'>enim</span> <span class='ocrx_word' id='word_1_671' title='bbox 1319 4651 1479 4720; x_wconf 91' lang='lat' dir='ltr'>prius</span> <span class='ocrx_word' id='word_1_672' title='bbox 1507 4667 1618 4706; x_wconf 91' lang='lat' dir='ltr'>non</span> <span class='ocrx_word' id='word_1_673' title='bbox 1649 4652 2005 4706; x_wconf 89' lang='lat' dir='ltr'>didicitobe-</span> 
     </span>
    </p>
   </div>
   <div class='ocr_carea' id='block_1_93' title="bbox 359 4735 2003 4811">
    <p class='ocr_par' dir='ltr' id='par_1_93' title="bbox 359 4735 2003 4811">
     <span class='ocr_line' id='line_1_95' title="bbox 359 4735 2003 4811; baseline 0.002 -22"><span class='ocrx_word' id='word_1_674' title='bbox 359 4735 504 4801; x_wconf 88' lang='lat' dir='ltr'>dire,</span> <span class='ocrx_word' id='word_1_675' title='bbox 538 4737 830 4807; x_wconf 89' lang='lat' dir='ltr'>quomodo</span> <span class='ocrx_word' id='word_1_676' title='bbox 889 4739 1154 4808; x_wconf 85' lang='lat' dir='ltr'>subjiciet</span> <span class='ocrx_word' id='word_1_677' title='bbox 1202 4741 1314 4794; x_wconf 87' lang='lat' dir='ltr'>sibi</span> <span class='ocrx_word' id='word_1_678' title='bbox 1363 4740 1718 4795; x_wconf 89' lang='lat' dir='ltr'>reluctantes</span> <span class='ocrx_word' id='word_1_679' title='bbox 1770 4740 2003 4811; x_wconf 89' lang='lat' dir='ltr'>spiritui</span> 
     </span>
    </p>
   </div>
   <div class='ocr_carea' id='block_1_94' title="bbox 361 4825 2003 4900">
    <p class='ocr_par' dir='ltr' id='par_1_94' title="bbox 361 4825 2003 4900">
     <span class='ocr_line' id='line_1_96' title="bbox 361 4825 2003 4900; baseline 0.002 -20"><span class='ocrx_word' id='word_1_680' title='bbox 361 4825 553 4880; x_wconf 85' lang='lat' dir='ltr'>carnis</span> <span class='ocrx_word' id='word_1_681' title='bbox 586 4825 929 4896; x_wconf 85' lang='lat' dir='ltr'>passiones?</span> <span class='ocrx_word' id='word_1_682' title='bbox 958 4827 1027 4882; x_wconf 90' lang='lat' dir='ltr'>Et</span> <span class='ocrx_word' id='word_1_683' title='bbox 1057 4829 1155 4900; x_wconf 90' lang='lat' dir='ltr'>qui</span> <span class='ocrx_word' id='word_1_684' title='bbox 1188 4845 1303 4883; x_wconf 91' lang='lat' dir='ltr'>non</span> <span class='ocrx_word' id='word_1_685' title='bbox 1335 4829 1670 4884; x_wconf 87' lang='lat' dir='ltr'>custodierit</span> <span class='ocrx_word' id='word_1_686' title='bbox 1700 4829 2003 4883; x_wconf 87' lang='lat' dir='ltr'>intemera-</span> 
     </span>
    </p>
   </div>
   <div class='ocr_carea' id='block_1_95' title="bbox 357 4914 1998 4988">
    <p class='ocr_par' dir='ltr' id='par_1_95' title="bbox 357 4914 1998 4988">
     <span class='ocr_line' id='line_1_97' title="bbox 357 4914 1998 4988; baseline 0.002 -20"><span class='ocrx_word' id='word_1_687' title='bbox 357 4919 477 4969; x_wconf 90' lang='lat' dir='ltr'>tam</span> <span class='ocrx_word' id='word_1_688' title='bbox 508 4914 960 4985; x_wconf 86' lang='lat' dir='ltr'>observantiam,</span> <span class='ocrx_word' id='word_1_689' title='bbox 993 4919 1284 4988; x_wconf 91' lang='lat' dir='ltr'>quomodo</span> <span class='ocrx_word' id='word_1_690' title='bbox 1316 4918 1390 4973; x_wconf 92' lang='lat' dir='ltr'>ad</span> <span class='ocrx_word' id='word_1_691' title='bbox 1440 4927 1691 4973; x_wconf 87' lang='lat' dir='ltr'>montem</span> <span class='ocrx_word' id='word_1_692' title='bbox 1725 4918 1998 4974; x_wconf 75' lang='lat' dir='ltr'>solitariae</span> 
     </span>
    </p>
   </div>
   <div class='ocr_carea' id='block_1_96' title="bbox 354 5005 1997 5077">
    <p class='ocr_par' dir='ltr' id='par_1_96' title="bbox 354 5005 1997 5077">
     <span class='ocr_line' id='line_1_98' title="bbox 354 5005 1997 5077; baseline 0 -17"><span class='ocrx_word' id='word_1_693' title='bbox 354 5005 1419 5076; x_wconf 86' lang='lat' dir='ltr'>converationisascendet?Nunquid</span> <span class='ocrx_word' id='word_1_694' title='bbox 1447 5009 1668 5061; x_wconf 87' lang='lat' dir='ltr'>clarum</span> <span class='ocrx_word' id='word_1_695' title='bbox 1701 5011 1808 5072; x_wconf 88' lang='lat' dir='ltr'>est,</span> <span class='ocrx_word' id='word_1_696' title='bbox 1843 5007 1997 5077; x_wconf 90' lang='lat' dir='ltr'>quod</span> 
     </span>
    </p>
   </div>
   <div class='ocr_carea' id='block_1_97' title="bbox 350 5093 1997 5167">
    <p class='ocr_par' dir='ltr' id='par_1_97' title="bbox 350 5093 1997 5167">
     <span class='ocr_line' id='line_1_99' title="bbox 350 5093 1997 5167; baseline 0.001 -18"><span class='ocrx_word' id='word_1_697' title='bbox 350 5094 451 5167; x_wconf 90' lang='lat' dir='ltr'>qui</span> <span class='ocrx_word' id='word_1_698' title='bbox 482 5095 649 5151; x_wconf 90' lang='lat' dir='ltr'>illum</span> <span class='ocrx_word' id='word_1_699' title='bbox 675 5093 931 5166; x_wconf 82' lang='lat' dir='ltr'>attigerit</span> <span class='ocrx_word' id='word_1_700' title='bbox 950 5095 1377 5165; x_wconf 88' lang='lat' dir='ltr'>intempestive,</span> <span class='ocrx_word' id='word_1_701' title='bbox 1404 5095 1696 5165; x_wconf 90' lang='lat' dir='ltr'>lapidibus</span> <span class='ocrx_word' id='word_1_702' title='bbox 1713 5095 1997 5150; x_wconf 89' lang='lat' dir='ltr'>obruetur</span> 
     </span>
    </p>
   </div>
   <div class='ocr_carea' id='block_1_98' title="bbox 349 5175 1994 5257">
    <p class='ocr_par' dir='ltr' id='par_1_98' title="bbox 349 5175 1994 5257">
     <span class='ocr_line' id='line_1_100' title="bbox 349 5175 1994 5257; baseline 0 -19"><span class='ocrx_word' id='word_1_703' title='bbox 349 5187 450 5238; x_wconf 90' lang='lat' dir='ltr'>aut</span> <span class='ocrx_word' id='word_1_704' title='bbox 479 5175 1123 5257; x_wconf 84' lang='lat' dir='ltr'>conﬁgeturjaculis,et</span> <span class='ocrx_word' id='word_1_705' title='bbox 1154 5189 1337 5238; x_wconf 91' lang='lat' dir='ltr'>morte</span> <span class='ocrx_word' id='word_1_706' title='bbox 1369 5183 1660 5254; x_wconf 89' lang='lat' dir='ltr'>spirituali</span> <span class='ocrx_word' id='word_1_707' title='bbox 1695 5184 1994 5250; x_wconf 86' lang='lat' dir='ltr'>morietur,</span> 
     </span>
    </p>
   </div>
   <div class='ocr_carea' id='block_1_99' title="bbox 349 5272 1988 5346">
    <p class='ocr_par' dir='ltr' id='par_1_99' title="bbox 349 5272 1988 5346">
     <span class='ocr_line' id='line_1_101' title="bbox 349 5272 1988 5346; baseline 0 -18"><span class='ocrx_word' id='word_1_708' title='bbox 349 5277 522 5344; x_wconf 91' lang='lat' dir='ltr'>prout</span> <span class='ocrx_word' id='word_1_709' title='bbox 549 5289 729 5330; x_wconf 62' lang='lat' dir='ltr'>sacris</span> <span class='ocrx_word' id='word_1_710' title='bbox 768 5273 1094 5346; x_wconf 91' lang='lat' dir='ltr'>loquuntur</span> <span class='ocrx_word' id='word_1_711' title='bbox 1124 5274 1352 5329; x_wconf 67' lang='lat' dir='ltr'>Littera:</span> <span class='ocrx_word' id='word_1_712' title='bbox 1373 5273 1399 5327; x_wconf 75' lang='lat' dir='ltr'>‘I</span> <span class='ocrx_word' id='word_1_713' title='bbox 1433 5272 1558 5329; x_wconf 92' lang='lat' dir='ltr'>Non</span> <span class='ocrx_word' id='word_1_714' title='bbox 1590 5274 1670 5328; x_wconf 89' lang='lat' dir='ltr'>ita</span> <span class='ocrx_word' id='word_1_715' title='bbox 1691 5275 1740 5327; x_wconf 87' lang='lat' dir='ltr'>is</span> <span class='ocrx_word' id='word_1_716' title='bbox 1771 5273 1840 5328; x_wconf 89' lang='lat' dir='ltr'>de</span> <span class='ocrx_word' id='word_1_717' title='bbox 1871 5290 1988 5344; x_wconf 93' lang='lat' dir='ltr'>quo</span> 
     </span>
    </p>
   </div>
   <div class='ocr_carea' id='block_1_100' title="bbox 349 5362 1994 5420">
    <p class='ocr_par' dir='ltr' id='par_1_100' title="bbox 349 5362 1994 5420">
     <span class='ocr_line' id='line_1_102' title="bbox 349 5362 1994 5420; baseline 0.001 -3"><span class='ocrx_word' id='word_1_718' title='bbox 349 5362 519 5418; x_wconf 88' lang='lat' dir='ltr'>nobis</span> <span class='ocrx_word' id='word_1_719' title='bbox 548 5367 636 5418; x_wconf 87' lang='lat' dir='ltr'>est</span> <span class='ocrx_word' id='word_1_720' title='bbox 656 5379 849 5420; x_wconf 90' lang='lat' dir='ltr'>sermo</span> <span class='ocrx_word' id='word_1_721' title='bbox 884 5379 898 5417; x_wconf 90' lang='lat'>:</span> <span class='ocrx_word' id='word_1_722' title='bbox 932 5379 1066 5418; x_wconf 90' lang='lat' dir='ltr'>nam</span> <span class='ocrx_word' id='word_1_723' title='bbox 1089 5363 1279 5419; x_wconf 90' lang='lat' dir='ltr'>verbis</span> <span class='ocrx_word' id='word_1_724' title='bbox 1311 5379 1374 5417; x_wconf 90' lang='lat' dir='ltr'>ac</span> <span class='ocrx_word' id='word_1_725' title='bbox 1428 5364 1689 5419; x_wconf 89' lang='lat' dir='ltr'>moribus</span> <span class='ocrx_word' id='word_1_726' title='bbox 1720 5363 1994 5420; x_wconf 90' lang='lat' dir='ltr'>obedien-</span> 
     </span>
    </p>
   </div>
   <div class='ocr_carea' id='block_1_101' title="bbox 421 5486 900 5555">
    <p class='ocr_par' dir='ltr' id='par_1_101' title="bbox 421 5486 900 5555">
     <span class='ocr_line' id='line_1_103' title="bbox 421 5486 900 5555; baseline 0.002 -13"><span class='ocrx_word' id='word_1_727' title='bbox 421 5486 446 5522; x_wconf 84' lang='grc'><strong>⁴</strong></span> <span class='ocrx_word' id='word_1_728' title='bbox 474 5486 524 5542; x_wconf 88' lang='grc' dir='ltr'>ΙΙ</span> <span class='ocrx_word' id='word_1_729' title='bbox 552 5487 680 5544; x_wconf 85' lang='lat' dir='ltr'>Cor.</span> <span class='ocrx_word' id='word_1_730' title='bbox 713 5505 779 5555; x_wconf 81' lang='grc' dir='ltr'>ιι,</span> <span class='ocrx_word' id='word_1_731' title='bbox 813 5488 900 5543; x_wconf 87' lang='grc'><strong>13.</strong></span> 
     </span>
    </p>
   </div>
   <div class='ocr_carea' id='block_1_102' title="bbox 2116 4642 3767 4720">
    <p class='ocr_par' dir='ltr' id='par_1_102' title="bbox 2116 4642 3767 4720">
     <span class='ocr_line' id='line_1_104' title="bbox 2116 4642 3767 4720; baseline -0.003 -19"><span class='ocrx_word' id='word_1_732' title='bbox 2116 4646 2206 4701; x_wconf 74' lang='grc' dir='ltr'>σὺν</span> <span class='ocrx_word' id='word_1_733' title='bbox 2271 4651 2386 4717; x_wconf 85' lang='grc' dir='ltr'>Θεῷ</span> <span class='ocrx_word' id='word_1_734' title='bbox 2439 4648 2804 4716; x_wconf 69' lang='grc' dir='ltr'>ποιήσασθαι·</span> <span class='ocrx_word' id='word_1_735' title='bbox 2839 4646 2898 4708; x_wconf 81' lang='grc' dir='ltr'>’ὃς</span> <span class='ocrx_word' id='word_1_736' title='bbox 2927 4646 3028 4720; x_wconf 84' lang='grc' dir='ltr'>γὰρ</span> <span class='ocrx_word' id='word_1_737' title='bbox 3066 4645 3125 4699; x_wconf 75' lang='grc' dir='ltr'>ἂν</span> <span class='ocrx_word' id='word_1_738' title='bbox 3169 4644 3268 4699; x_wconf 87' lang='grc' dir='ltr'>οὐκ</span> <span class='ocrx_word' id='word_1_739' title='bbox 3317 4642 3620 4714; x_wconf 79' lang='grc' dir='ltr'>ἐπαιδεύθη</span> <span class='ocrx_word' id='word_1_740' title='bbox 3671 4647 3767 4712; x_wconf 73' lang='grc' dir='ltr'>τήν</span> 
     </span>
    </p>
   </div>
   <div class='ocr_carea' id='block_1_103' title="bbox 2113 4733 3760 4810">
    <p class='ocr_par' dir='ltr' id='par_1_103' title="bbox 2113 4733 3760 4810">
     <span class='ocr_line' id='line_1_105' title="bbox 2113 4733 3760 4810; baseline -0.002 -20"><span class='ocrx_word' id='word_1_741' title='bbox 2113 4736 2388 4810; x_wconf 76' lang='grc' dir='ltr'>ὑποταγὴν</span> <span class='ocrx_word' id='word_1_742' title='bbox 2446 4735 2730 4810; x_wconf 87' lang='grc' dir='ltr'>πρότερον,</span> <span class='ocrx_word' id='word_1_743' title='bbox 2791 4739 2908 4796; x_wconf 87' lang='grc' dir='ltr'>πῶς</span> <span class='ocrx_word' id='word_1_744' title='bbox 2961 4735 3118 4797; x_wconf 81' lang='grc' dir='ltr'>οὗτος</span> <span class='ocrx_word' id='word_1_745' title='bbox 3180 4733 3491 4806; x_wconf 78' lang='grc' dir='ltr'>ὑποτάξειεν</span> <span class='ocrx_word' id='word_1_746' title='bbox 3545 4734 3614 4788; x_wconf 82' lang='grc' dir='ltr'>τὰ</span> <span class='ocrx_word' id='word_1_747' title='bbox 3662 4753 3760 4786; x_wconf 90' lang='grc' dir='ltr'>πο-</span> 
     </span>
    </p>
   </div>
   <div class='ocr_carea' id='block_1_104' title="bbox 2111 4821 3761 4900">
    <p class='ocr_par' dir='ltr' id='par_1_104' title="bbox 2111 4821 3761 4900">
     <span class='ocr_line' id='line_1_106' title="bbox 2111 4821 3761 4900; baseline -0.004 -21"><span class='ocrx_word' id='word_1_748' title='bbox 2111 4824 2278 4898; x_wconf 83' lang='grc' dir='ltr'>λέμια</span> <span class='ocrx_word' id='word_1_749' title='bbox 2308 4825 2489 4894; x_wconf 87' lang='grc' dir='ltr'>πάθη;</span> <span class='ocrx_word' id='word_1_750' title='bbox 2538 4823 2628 4878; x_wconf 83' lang='grc' dir='ltr'>καὶ</span> <span class='ocrx_word' id='word_1_751' title='bbox 2676 4824 2735 4885; x_wconf 82' lang='grc' dir='ltr'>ὃς</span> <span class='ocrx_word' id='word_1_752' title='bbox 2786 4821 2830 4877; x_wconf 85' lang='grc' dir='ltr'>δ’</span> <span class='ocrx_word' id='word_1_753' title='bbox 2886 4821 2948 4876; x_wconf 75' lang='grc' dir='ltr'>ἂν</span> <span class='ocrx_word' id='word_1_754' title='bbox 2999 4823 3074 4895; x_wconf 80' lang='grc' dir='ltr'>μή</span> <span class='ocrx_word' id='word_1_755' title='bbox 3116 4821 3369 4900; x_wconf 72' lang='grc' dir='ltr'>ἐφύλαξεν</span> <span class='ocrx_word' id='word_1_756' title='bbox 3431 4824 3606 4896; x_wconf 83' lang='grc' dir='ltr'>ἀγνήν</span> <span class='ocrx_word' id='word_1_757' title='bbox 3664 4823 3761 4886; x_wconf 70' lang='grc' dir='ltr'>τὴν</span> 
     </span>
    </p>
   </div>
   <div class='ocr_carea' id='block_1_105' title="bbox 2108 4906 3760 4987">
    <p class='ocr_par' dir='ltr' id='par_1_105' title="bbox 2108 4906 3760 4987">
     <span class='ocr_line' id='line_1_107' title="bbox 2108 4906 3760 4987; baseline -0.004 -18"><span class='ocrx_word' id='word_1_758' title='bbox 2108 4913 2421 4984; x_wconf 86' lang='grc' dir='ltr'>εὐπείθειαν,</span> <span class='ocrx_word' id='word_1_759' title='bbox 2455 4919 2570 4975; x_wconf 88' lang='grc' dir='ltr'>πῶς</span> <span class='ocrx_word' id='word_1_760' title='bbox 2613 4911 2770 4975; x_wconf 78' lang='grc' dir='ltr'>οὗτος</span> <span class='ocrx_word' id='word_1_761' title='bbox 2818 4906 3190 4985; x_wconf 69' lang='grc' dir='ltr'>προσδήσεται</span> <span class='ocrx_word' id='word_1_762' title='bbox 3219 4915 3298 4982; x_wconf 85' lang='grc' dir='ltr'>τῷ</span> <span class='ocrx_word' id='word_1_763' title='bbox 3329 4909 3440 4987; x_wconf 80' lang='grc' dir='ltr'>ὄρει</span> <span class='ocrx_word' id='word_1_764' title='bbox 3474 4919 3582 4980; x_wconf 87' lang='grc' dir='ltr'>τῆς</span> <span class='ocrx_word' id='word_1_765' title='bbox 3629 4914 3760 4980; x_wconf 80' lang='grc' dir='ltr'>ἡσυ·</span> 
     </span>
    </p>
   </div>
   <div class='ocr_carea' id='block_1_106' title="bbox 2109 4999 3760 5078">
    <p class='ocr_par' dir='ltr' id='par_1_106' title="bbox 2109 4999 3760 5078">
     <span class='ocr_line' id='line_1_108' title="bbox 2109 4999 3760 5078; baseline -0.003 -20"><span class='ocrx_word' id='word_1_766' title='bbox 2109 5003 2276 5078; x_wconf 85' lang='grc' dir='ltr'>χίας;</span> <span class='ocrx_word' id='word_1_767' title='bbox 2317 5005 2352 5072; x_wconf 79' lang='grc' dir='ltr'><strong>ἤ</strong></span> <span class='ocrx_word' id='word_1_768' title='bbox 2412 5001 2672 5071; x_wconf 85' lang='grc' dir='ltr'>δηλονότι</span> <span class='ocrx_word' id='word_1_769' title='bbox 2734 5003 2763 5055; x_wconf 81' lang='grc' dir='ltr'>ὁ</span> <span class='ocrx_word' id='word_1_770' title='bbox 2812 5001 2958 5076; x_wconf 81' lang='grc' dir='ltr'>παρὰ</span> <span class='ocrx_word' id='word_1_771' title='bbox 3005 5000 3191 5075; x_wconf 86' lang='grc' dir='ltr'>καιρὸν</span> <span class='ocrx_word' id='word_1_772' title='bbox 3234 4999 3400 5069; x_wconf 84' lang='grc' dir='ltr'>αὐτῆς</span> <span class='ocrx_word' id='word_1_773' title='bbox 3456 5001 3760 5074; x_wconf 79' lang='grc' dir='ltr'>ἁψάμενος,</span> 
     </span>
    </p>
   </div>
   <div class='ocr_carea' id='block_1_107' title="bbox 2107 5086 3759 5165">
    <p class='ocr_par' dir='ltr' id='par_1_107' title="bbox 2107 5086 3759 5165">
     <span class='ocr_line' id='line_1_109' title="bbox 2107 5086 3759 5165; baseline -0.004 -19"><span class='ocrx_word' id='word_1_774' title='bbox 2107 5091 2281 5153; x_wconf 83' lang='grc' dir='ltr'>λίθοις</span> <span class='ocrx_word' id='word_1_775' title='bbox 2331 5086 2851 5161; x_wconf 74' lang='grc' dir='ltr'>λιθοϐοληθήσεται,</span> <span class='ocrx_word' id='word_1_776' title='bbox 2969 5086 3153 5165; x_wconf 83' lang='grc' dir='ltr'>βολίδι</span> <span class='ocrx_word' id='word_1_777' title='bbox 3202 5090 3759 5160; x_wconf 79' lang='grc' dir='ltr'>κατατοξευθήσεται,</span> 
     </span>
    </p>
   </div>
   <div class='ocr_carea' id='block_1_108' title="bbox 2102 5178 3759 5253">
    <p class='ocr_par' dir='ltr' id='par_1_108' title="bbox 2102 5178 3759 5253">
     <span class='ocr_line' id='line_1_110' title="bbox 2102 5178 3759 5253; baseline -0.003 -17"><span class='ocrx_word' id='word_1_778' title='bbox 2102 5183 2209 5236; x_wconf 66' lang='grc' dir='ltr'>καί</span> <span class='ocrx_word' id='word_1_779' title='bbox 2250 5180 2616 5250; x_wconf 77' lang='grc' dir='ltr'>τελευτήσειεν</span> <span class='ocrx_word' id='word_1_780' title='bbox 2675 5184 2754 5252; x_wconf 79' lang='grc' dir='ltr'>τῷ</span> <span class='ocrx_word' id='word_1_781' title='bbox 2809 5180 2945 5234; x_wconf 84' lang='grc' dir='ltr'>κατά</span> <span class='ocrx_word' id='word_1_782' title='bbox 3004 5180 3190 5253; x_wconf 77' lang='grc' dir='ltr'>ψυχὴν</span> <span class='ocrx_word' id='word_1_783' title='bbox 3266 5178 3508 5250; x_wconf 77' lang='grc' dir='ltr'>θανάτῳ,</span> <span class='ocrx_word' id='word_1_784' title='bbox 3581 5178 3759 5237; x_wconf 85' lang='grc' dir='ltr'>καθώς</span> 
     </span>
    </p>
   </div>
   <div class='ocr_carea' id='block_1_109' title="bbox 2102 5265 3760 5348">
    <p class='ocr_par' dir='ltr' id='par_1_109' title="bbox 2102 5265 3760 5348">
     <span class='ocr_line' id='line_1_111' title="bbox 2102 5265 3760 5348; baseline -0.004 -23"><span class='ocrx_word' id='word_1_785' title='bbox 2102 5293 2205 5327; x_wconf 87' lang='grc' dir='ltr'>που</span> <span class='ocrx_word' id='word_1_786' title='bbox 2238 5293 2368 5348; x_wconf 75' lang='grc' dir='ltr'>φησι</span> <span class='ocrx_word' id='word_1_787' title='bbox 2398 5271 2458 5325; x_wconf 89' lang='grc' dir='ltr'>τὸ</span> <span class='ocrx_word' id='word_1_788' title='bbox 2490 5271 2634 5344; x_wconf 77' lang='grc' dir='ltr'>ἱερὸν</span> <span class='ocrx_word' id='word_1_789' title='bbox 2670 5270 2904 5345; x_wconf 88' lang='grc' dir='ltr'>Γράμμα</span> <span class='ocrx_word' id='word_1_790' title='bbox 2933 5289 2945 5337; x_wconf 89' lang='grc'><strong>;</strong></span> <span class='ocrx_word' id='word_1_791' title='bbox 2981 5267 3138 5325; x_wconf 84' lang='grc' dir='ltr'>Ἀλλ’</span> <span class='ocrx_word' id='word_1_792' title='bbox 3199 5267 3327 5342; x_wconf 89' lang='grc' dir='ltr'>οὐχ,</span> <span class='ocrx_word' id='word_1_793' title='bbox 3363 5267 3545 5328; x_wconf 77' lang='grc' dir='ltr'>οὕτως</span> <span class='ocrx_word' id='word_1_794' title='bbox 3579 5269 3607 5322; x_wconf 87' lang='grc' dir='ltr'>ὁ</span> <span class='ocrx_word' id='word_1_795' title='bbox 3640 5265 3760 5339; x_wconf 83' lang='grc' dir='ltr'>περὶ</span> 
     </span>
    </p>
   </div>
   <div class='ocr_carea' id='block_1_110' title="bbox 2103 5357 3760 5438">
    <p class='ocr_par' dir='ltr' id='par_1_110' title="bbox 2103 5357 3760 5438">
     <span class='ocr_line' id='line_1_112' title="bbox 2103 5357 3760 5438; baseline -0.004 -22"><span class='ocrx_word' id='word_1_796' title='bbox 2103 5359 2163 5416; x_wconf 81' lang='grc' dir='ltr'>οὖ</span> <span class='ocrx_word' id='word_1_797' title='bbox 2196 5363 2224 5418; x_wconf 81' lang='grc' dir='ltr'><strong>ὁ</strong></span> <span class='ocrx_word' id='word_1_798' title='bbox 2256 5359 2460 5438; x_wconf 85' lang='grc' dir='ltr'>λόγος·</span> <span class='ocrx_word' id='word_1_799' title='bbox 2495 5359 2645 5436; x_wconf 89' lang='grc' dir='ltr'>λόγῳ</span> <span class='ocrx_word' id='word_1_800' title='bbox 2681 5361 2782 5435; x_wconf 79' lang='grc' dir='ltr'>γὰρ</span> <span class='ocrx_word' id='word_1_801' title='bbox 2830 5360 2921 5415; x_wconf 86' lang='grc' dir='ltr'>καὶ</span> <span class='ocrx_word' id='word_1_802' title='bbox 2964 5359 3153 5434; x_wconf 88' lang='grc' dir='ltr'>τρόπῳ</span> <span class='ocrx_word' id='word_1_803' title='bbox 3202 5358 3507 5433; x_wconf 83' lang='grc' dir='ltr'>θεαρέστως</span> <span class='ocrx_word' id='word_1_804' title='bbox 3558 5357 3760 5412; x_wconf 82' lang='grc' dir='ltr'>ὑποτα-</span> 
     </span>
    </p>
   </div>
   <div class='ocr_carea' id='block_1_111' title="bbox 1965 5569 2196 5635">
    <p class='ocr_par' dir='ltr' id='par_1_111' title="bbox 1965 5569 2196 5635">
     <span class='ocr_line' id='line_1_113' title="bbox 1965 5569 2196 5635; baseline -0.004 0"><span class='ocrx_word' id='word_1_805' title='bbox 1965 5569 2196 5635; x_wconf 70' lang='grc' dir='ltr'>ΝΟΤΔΕ.</span> 
     </span>
    </p>
   </div>
   <div class='ocr_carea' id='block_1_112' title="bbox 424 5684 3760 5762">
    <p class='ocr_par' dir='ltr' id='par_1_112' title="bbox 424 5684 3760 5762">
     <span class='ocr_line' id='line_1_114' title="bbox 424 5684 3760 5762; baseline -0.001 -20"><span class='ocrx_word' id='word_1_806' title='bbox 424 5687 498 5762; x_wconf 80' lang='lat'>(8)</span> <span class='ocrx_word' id='word_1_807' title='bbox 529 5687 591 5742; x_wconf 90' lang='lat' dir='ltr'>Id</span> <span class='ocrx_word' id='word_1_808' title='bbox 622 5689 710 5742; x_wconf 87' lang='lat' dir='ltr'>est</span> <span class='ocrx_word' id='word_1_809' title='bbox 741 5708 766 5739; x_wconf 74' lang='grc' dir='ltr'>α</span> <span class='ocrx_word' id='word_1_810' title='bbox 800 5688 1165 5744; x_wconf 85' lang='lat' dir='ltr'>sacerdotum</span> <span class='ocrx_word' id='word_1_811' title='bbox 1190 5692 1244 5746; x_wconf 88' lang='lat' dir='ltr'>et</span> <span class='ocrx_word' id='word_1_812' title='bbox 1273 5691 1572 5762; x_wconf 86' lang='lat' dir='ltr'>pastorum</span> <span class='ocrx_word' id='word_1_813' title='bbox 1605 5688 1899 5762; x_wconf 88' lang='lat' dir='ltr'>principes</span> <span class='ocrx_word' id='word_1_814' title='bbox 1933 5704 1946 5743; x_wconf 89' lang='lat'><strong>:</strong></span> <span class='ocrx_word' id='word_1_815' title='bbox 1979 5709 2008 5739; x_wconf 74' lang='grc' dir='ltr'>ι)</span> <span class='ocrx_word' id='word_1_816' title='bbox 2040 5688 2229 5744; x_wconf 84' lang='lat' dir='ltr'>visum</span> <span class='ocrx_word' id='word_1_817' title='bbox 2260 5693 2350 5745; x_wconf 88' lang='lat' dir='ltr'>est</span> <span class='ocrx_word' id='word_1_818' title='bbox 2379 5689 2533 5744; x_wconf 85' lang='lat' dir='ltr'>enim</span> <span class='ocrx_word' id='word_1_819' title='bbox 2590 5687 2854 5744; x_wconf 83' lang='lat' dir='ltr'>clarioris</span> <span class='ocrx_word' id='word_1_820' title='bbox 2904 5685 3292 5760; x_wconf 84' lang='lat' dir='ltr'>expressionis</span> <span class='ocrx_word' id='word_1_821' title='bbox 3325 5701 3511 5744; x_wconf 74' lang='lat' dir='ltr'>causa</span> <span class='ocrx_word' id='word_1_822' title='bbox 3559 5684 3760 5741; x_wconf 58' lang='grc' dir='ltr'>(ἂι-ωσι</span> 
     </span>
    </p>
   </div>
   <div class='ocr_carea' id='block_1_113' title="bbox 354 5761 805 5822">
    <p class='ocr_par' dir='ltr' id='par_1_113' title="bbox 354 5761 805 5822">
     <span class='ocr_line' id='line_1_115' title="bbox 354 5761 805 5822; baseline -0.027 0"><span class='ocrx_word' id='word_1_823' title='bbox 354 5761 532 5822; x_wconf 86' lang='lat' dir='ltr'>verba</span> <span class='ocrx_word' id='word_1_824' title='bbox 561 5774 805 5814; x_wconf 87' lang='lat' dir='ltr'>servare.</span> 
     </span>
    </p>
   </div>
  </div>
