4090 6288
388 386 505 450 81³7

1069 390 1358 452 ORATIO
1400 390 1502 452 XI.
1551 424 1627 434 —
1670 392 2067 455 LAUDATIO
2112 392 2175 453 S.
2226 390 2609 454 PLATONIS
2656 389 3085 453 HEGUMENI.

3663 372 3781 450 81‘s

387 528 525 601 γεῖς,
561 524 802 601 εὐλόγως
850 524 939 579 καὶ
982 525 1305 604 εοόαφόρμως
1358 524 1445 578 ἐπὶ
1493 526 1693 595 ταύτην
1729 526 2001 598 πρόσεισιν

2144 528 2307 598 tiam,
2342 528 2425 583 uti
2474 527 2590 583 Deo
2640 526 2913 598 placitum
2963 530 3107 591 erat,
3140 528 3433 595 sectatus;
3464 534 3786 597 opportune

381 616 595 669 καὶτὸν
628 620 751 671 νοῦν
795 616 1102 690 καθαίρεται
1150 615 1378 692 ἐγγίζων
1422 621 1557 687 Θεῷ,
1592 618 1679 670 καὶ
1723 623 1839 680 ταῖς
1888 619 2022 692 πρὸς

382 704 541 759 αὐτὸν
591 707 839 778 θεωρίαις
887 704 1232 776 γλυκαίνεται
1307 710 1733 778 μετεωροπυρῶν
1783 712 1863 778 τῷ
1910 713 2021 779 νῷο

382 792 497 848 ἐπεὶ
558 792 697 867 μηδέ
751 791 951 850 ἔνεστιν
1008 793 1267 869 ἡδύτερόν
1317 816 1368 849 τι
1426 799 1522 850 τοῦ
1585 797 1712 849 Θεὸν
1762 793 1910 870 ἔχειν
1970 796 2023 850 ἐν

383 880 606 955 θεωρίᾳ,
638 881 697 944 ὅς
752 885 863 937 ἔστι
910 881 1227 957 γλυκασμὸς
1278 883 1365 937 καὶ
1418 881 1547 944 ὅλος
1597 882 1853 955 ἐπιθυμία
1908 888 2024 945 τοῖς

380 973 699 1046 γευομένοις
748 974 914 1026 αὐτοῦ
964 980 1063 1042 τῆς
1120 973 1411 1048 ἀκορέστου
1462 972 1694 1046 ἀγάπης,
1731 975 1803 1034 ὡς
1846 972 2023 1043 λήθην

383 1054 684 1133 λαμϐάνειν
724 1063 812 1115 καὶ
855 1062 1022 1129 αὑτῆς
1076 1058 1271 1135 σχεδὸν
1311 1067 1410 1130 τῆς
1460 1061 1743 1135 ὀρεκτικῆς
1795 1069 2026 1137 τροφῆς.

381 1150 497 1225 Ἐφ’
528 1150 703 1221 ἑαυτῷ
746 1152 839 1223 μὲν
892 1148 981 1205 οὖν
1028 1154 1194 1206 ταῦτα
1232 1152 1320 1205 καὶ
1370 1149 1650 1228 ἐφέλκεται
1679 1152 1768 1205 καὶ
1809 1151 2026 1226 πορίζε-

382 1259 493 1307 ται,
541 1238 631 1293 καὶ
685 1236 965 1312 δυνάμεως
1026 1240 1102 1303 εἰς
1168 1240 1393 1313 δύναμιν
1462 1240 1886 1316 μετερχόμενος,
1941 1242 2029 1296 καὶ

379 1323 664 1391 ἀναϐάσεις
695 1328 899 1403 ἀρετῶν
924 1328 975 1385 ἐν
1008 1326 1205 1404 καρδίᾳ
1226 1329 1613 1404 διατιθέμενος.

1016 1517 1271 1567 ΚΕΦΔΛ.
1314 1512 1387 1568 Γ’.

2131 619 2549 689 auspicatoque
2567 617 2903 689 aggreditur
2920 614 3289 671 solitudinem
3309 632 3323 683 ;
3343 619 3399 671 et
3419 620 3673 671 mentem
3700 620 3787 670 at-
3893 614 3904 624 ’

2128 707 2333 772 tolens,
2366 710 2792 778 appropinquat
2822 706 2974 773 Deo;
3008 704 3601 777 contemplationibus
3631 705 3787 762 circa

2130 814 2263 854 eum
2294 797 2664 853 versantibus
2695 797 3039 867 oblectatur,
3072 797 3269 851 animo
3299 795 3527 852 excelsa
3556 812 3783 867 peram-

2134 886 2345 941 bulans
2378 903 2392 941 :
2427 884 2573 940 nihil
2605 885 2758 940 enim
2811 884 3208 941 delectabilius
3257 890 3347 940 est
3376 900 3547 955 quam
3602 886 3780 939 Deum

2134 974 2447 1046 speculari,
2486 975 2587 1046 qui
2634 978 2790 1030 totus
2821 983 2907 1029 est
2935 974 3241 1030 oblectatio
3287 978 3344 1029 et
3389 973 3660 1043 voluptas
3687 989 3785 1029 eo-

2132 1081 2286 1131 rum,
2322 1065 2422 1135 qui
2470 1064 2668 1134 ipsum
2719 1064 3027 1135 degustant
3074 1078 3269 1118 amore
3319 1062 3656 1129 insatiabili,
3707 1064 3787 1118 ita

2132 1160 2197 1210 ut
2227 1170 2373 1221 pene
2395 1155 2453 1208 in
2477 1153 2823 1209 oblivionem
2849 1154 3084 1209 veniant
3107 1153 3293 1223 ipsius
3316 1153 3430 1208 cibi
3455 1153 3783 1224 appetendi.

2132 1244 2337 1315 Itaque
2368 1244 2482 1299 sibi
2518 1244 2629 1315 ipsi
2682 1244 2741 1298 in
2776 1243 3037 1297 futurum
3070 1243 3154 1297 sic
3186 1243 3476 1314 prospexit
3506 1244 3683 1306 Plato,
3717 1258 3787 1298 ex

2134 1335 2344 1390 virtute
2391 1335 2683 1390 transiens
2713 1334 2773 1390 in
2822 1334 3120 1402 virtutem,
3152 1338 3209 1389 et
3257 1333 3630 1390 escensiones
3678 1350 3785 1390 suo

2138 1424 2197 1479 in
2229 1425 2401 1481 corde
2430 1425 2770 1496 disponens.

2777 1513 3007 1569 CAPUT
3048 1514 3149 1569 Ill.

986 1602 1041 1659 S.
1074 1604 1231 1658 Plato
1258 1603 1554 1674 praeﬁcitur
1577 1603 1905 1658 monasterio
1934 1603 2333 1674 Symbolorum,
2364 1607 2611 1660 excurrit
2637 1603 3182 1674 ConstantinOpolim.

456 1700 529 1747 ιε’.
562 1688 784 1760 Ἐπειδή
819 1689 876 1745 δὲ
914 1692 1017 1747 οὐκ
1054 1692 1209 1766 ἤρκει
1234 1693 1297 1748 τὸ
1320 1695 1439 1747 καθ’
1469 1694 1655 1748 ἑαυτὸν
1692 1693 1855 1767 μόνον
1898 1715 2014 1748 σκο-

2204 1695 2290 1749 15.
2324 1696 2605 1759 Quoniam
2638 1712 2769 1752 vero
2819 1712 3187 1767 nequaquam
3223 1694 3440 1751 sufﬁcit
3487 1711 3594 1750 sua
3623 1696 3779 1750 dun-

378 1784 517 1850 πεῖν,
553 1781 823 1851 ζητούσης
858 1787 958 1850 τῆς
991 1782 1222 1857 ἀγάπης,
1254 1782 1343 1837 καὶ
1383 1784 1444 1838 τὸ
1490 1789 1600 1838 τῶν
1651 1782 1835 1839 ἄλλων
1879 1805 2019 1858 συμ-

378 1869 577 1943 φέρον·
616 1872 845 1926 τέθειται
893 1875 1026 1945 γοῦν
1072 1875 1161 1927 καὶ
1225 1872 1276 1927 ἐν
1338 1875 1479 1942 τάξει
1530 1874 1763 1949 Πατρὸς,
1803 1873 2019 1947 μᾶλλον

378 1956 434 2013 δὲ
491 1963 779 2039 φωστῆρος
844 1957 1001 2030 δίκην
1055 1966 1123 2035 τῇ
1174 1962 1606 2036 μνημονευθείσῃ
1664 1960 2015 2037 ἀδελφότητι,

375 2049 509 2103 κατὰ
568 2047 834 2128 διαδοχὴν
892 2055 989 2104 τοῦ
1053 2049 1357 2125 μακαρίτου
1411 2052 1749 2121 Θεοκτίστου,
1811 2052 2014 2128 ἐχούσῃ

373 2136 512 2192 ἴδιον
571 2139 663 2193 τὸν
717 2141 1178 2216 καθηγεμονα,ἣν
1233 2142 1321 2195 καὶ
1374 2140 1672 2218 ἀμφότεροι
1724 2163 2017 2215 πνευματι-

370 2233 481 2289 κῶς
528 2249 586 2283 τε
633 2230 721 2282 καὶ
768 2234 1096 2301 σωματικῶς
1147 2230 1230 2285 ὅτι
1288 2230 1524 2301 μάλιστα
1572 2231 1646 2292 είς
1687 2233 1749 2286 τὸ
1782 2232 1909 2287 εἶναί
1960 2254 2019 2287 τε

370 2317 462 2371 καὶ
504 2316 857 2390 ὀνομάζεσθαι
902 2320 1072 2391 μονὴν
1127 2318 1489 2394 εὐαγεστάτην
1532 2323 1870 2397 προήγαγον.
1922 2320 2016 2375 Γίο

370 2428 513 2462 νεται
550 2404 607 2461 δὲ
650 2408 738 2461 καὶ
787 2406 933 2462 δυοῖν
987 2415 1262 2486 φοιτητῶν
1306 2412 1623 2485 καθηγητὴς
1661 2409 2015 2486 ἶδιοτρόπως,

375 2497 463 2568 ὑφ’
495 2497 567 2550 ὧν
614 2496 1014 2571 ἐξυπηρετεὶτο,
1046 2499 1135 2552 καί
1196 2498 1286 2560 οὓς
1338 2499 1453 2573 εἶχε
1515 2500 1841 2569 συνεστίους,
1892 2499 2017 2555 ἀλλ’

372 2586 505 2662 οὖχῖ
556 2588 861 2654 συσσίτους,
907 2590 980 2642 ὧν
1032 2591 1059 2643 ὁ
1102 2590 1181 2652 εἷς
1230 2584 1306 2643 ἔτι
1356 2590 1590 2665 περίεστι
1630 2588 1872 2664 τοῦνομα
1906 2592 2018 2648 Ἀν-

371 2675 590 2743 τώνιος,
633 2677 660 2730 ὁ
723 2678 840 2749 μεθ’
898 2679 1057 2749 ἡμῶν
1104 2679 1191 2732 καὶ
1254 2677 1343 2732 σὺν
1395 2682 1529 2751 ἡμῖν
1589 2680 1757 2758 μέχρι
1812 2683 2015 2754 γῆρους

372 2764 846 2838 ὑποταττόμενος·
907 2766 1067 2827 αὐτὸς
1116 2769 1251 2840 ἡμῖν
1304 2768 1593 2845 ὕφηγητής
1643 2768 1726 2838 εἶή
1790 2770 2017 2825 ἐνταῦθα

371 2857 482 2907 τῶν
514 2852 974 2928 ἐπιζητουμένων.
1008 2863 1227 2931 ’¹Αρτος,
1260 2857 1408 2929 φασὶ,
1441 2863 1518 2930 τῷ
1554 2861 1725 2933 Πατρὶ
1756 2861 1843 2914 καὶ
1881 2862 2019 2915 κύα-

376 2963 477 3016 μος
504 2944 639 3017 πρὸς
671 2943 931 3020 λαχάνοις
963 2946 1052 2999 καὶ
1084 2945 1408 3020 ἀκροδρύοις
1453 2951 1542 3021 (e),
1575 2951 1609 3017 ἡ
1660 2951 1775 3003 καθ’
1813 2947 2013 3025 ἡμέραν

2136 1790 2289 1841 taxat
2318 1802 2540 1852 curare,
2561 1787 2659 1841 sed
2692 1790 2749 1841 et
2779 1784 2909 1841 aliis
2940 1786 3104 1840 utilia
3136 1785 3342 1856 quaerit
3373 1785 3625 1855 perfecta
3652 1784 3787 1840 cha-

2136 1877 2298 1942 ritas,
2331 1877 2630 1931 ordinatus
2668 1879 2838 1931 Pater
2871 1892 2977 1931 seu
3027 1876 3218 1946 potius
3255 1874 3614 1931 illuminator
3640 1891 3782 1946 pree-

2135 1971 2465 2022 memorataa
2499 1967 2903 2033 fraternitatis,
2940 1965 3233 2036 proprium
3270 1964 3479 2020 habere
3505 1964 3782 2035 hegume-

2133 2072 2275 2109 num
2309 2056 2491 2110 solitae
2541 2056 2707 2112 beato
2736 2056 3065 2112 Theoctisto
3116 2056 3369 2111 succedit
3401 2056 3460 2110 in
3509 2057 3636 2126 ejus
3672 2055 3778 2111 loci

2132 2147 2435 2218 regimine,
2486 2164 2657 2219 quem
2705 2149 2876 2203 ambo
2942 2146 3447 2219 in.spiritualibus
3504 2164 3665 2219 aeque
3716 2164 3781 2203 ac

2130 2238 2551 2307 temporalibus
2605 2242 3007 2307 promoverant
3058 2236 3329 2303 maxime,
3363 2237 3504 2291 adeo
3538 2247 3596 2291 ut
3628 2241 3782 2292 esset

2132 2342 2197 2379 ac
2218 2324 2509 2381 diceretur
2531 2326 2946 2382 monasterium
2970 2326 3187 2397 optime
3209 2330 3614 2380 constltutum.
3636 2324 3777 2381 Duo-

2132 2413 2242 2469 bus
2273 2419 2467 2469 tamen
2502 2415 2789 2486 praecipue
2820 2431 2947 2471 sese
2980 2414 3218 2482 praebuit
3266 2414 3473 2469 ducem
3506 2415 3626 2468 vitae
3656 2415 3777 2485 spi-

2132 2503 2379 2571 ritualis,
2396 2521 2429 2559 a
2446 2505 2659 2575 quibus
2672 2505 2721 2559 ei
2743 2504 3206 2568 ministrabatur,
3223 2519 3489 2575 quosque
3508 2502 3773 2570 habebat,

2131 2609 2246 2647 non
2323 2598 2762 2661 comessatores,
2825 2595 2923 2649 sed
2986 2593 3273 2649 convivas.
3335 2593 3552 2646 Horum
3623 2607 3776 2647 unus

2131 2682 2317 2737 adhuc
2366 2689 2634 2755 superest
2678 2684 2965 2738 Antonius
3014 2683 3268 2748 nomine,
3324 2682 3425 2752 qui
3475 2682 3777 2736 nobiscum

2132 2788 2312 2843 usque
2342 2775 2413 2827 ad
2446 2774 2673 2828 senium
2728 2772 2837 2827 sub
2886 2772 3216 2827 obedientia
3248 2771 3426 2839 vivit;
3458 2770 3585 2842 ipse
3612 2770 3777 2826 nobis

2130 2870 2417 2932 suggerat,
2448 2879 2573 2933 qua:
2625 2861 2719 2917 hic
2768 2861 3194 2917 desiderantur.
3227 2859 3637 2923 Quotidianus,
3688 2860 3775 2914 in-

2129 2951 2272 3020 quit,
2296 2952 2464 3006 cibus
2496 2950 2589 3007 hic
2612 2951 2765 3006 Patri
2788 2955 2911 3007 erat
2932 2952 3118 3022 panis,
3142 2966 3271 3006 cum
3294 2950 3427 3005 faba
3447 2954 3503 3005 et
3523 2949 3777 3005 oleribus

365 3031 720 3101 εὖανθίζουσα
775 3034 1021 3096 ἀνέλαιος
1081 3033 1368 3112 διατροφὴ,
1439 3035 1585 3106 πλὴν
1646 3045 1917 3112 Κυριακῆς
1954 3060 2013 3094 τε

2129 3044 2302 3110 atque
2332 3040 2604 3095 arborum
2631 3041 2940 3108 fructibus,
2964 3039 3179 3109 absque
3208 3040 3354 3107 oleo,
3394 3047 3773 3111 praeterquam

360 3118 451 3172 καὶ
511 3118 723 3191 ἑορτῆς,
777 3123 894 3174 καθ’
953 3120 1013 3182 ’ὰς
1071 3121 1250 3176 εἰώθει
1310 3124 1683 3196 ὁμοτράπεζος
1741 3126 1875 3180 εἶναι
1942 3128 2010 3198 τῇ

361 3210 516 3280 κοινῇ
567 3205 918 3285 ἀδελφότητι.
958 3212 1150 3282 Ποτὸν,
1193 3212 1220 3265 ὃ
1280 3211 1538 3284 βλύζουσι
1587 3220 1804 3288 κρῆναι,
1836 3216 1925 3269 καὶ
1968 3217 2013 3288 ᾧ

365 3297 649 3371 συνάγεται
708 3303 856 3365 νοῦς,
903 3300 963 3355 οὐ
1021 3300 1285 3378 χεόμενος
1346 3300 1701 3379 οἰνοφλυγίας
1763 3304 2011 3378 ῥεύματι,

364 3383 477 3440 οὔδ’
508 3387 636 3442 αὐτὸ
678 3390 978 3463 ἡμερήσιον
1019 3390 1125 3459 ἀεὶ,
1178 3389 1325 3445 ἀλλά
1374 3399 1449 3461 πῆ
1504 3394 1598 3465 μὲν
1666 3395 2015 3469 ὑπερημερή-

365 3496 504 3545 σιον,
536 3482 613 3551 πῇ
665 3476 720 3532 δὲ
761 3477 1150 3552 δυσσευόμενον
1201 3486 1269 3553 τῇ
1320 3477 1607 3553 ὲὸδομάδι,
1640 3484 1676 3552 ἢ
1708 3486 1795 3539 καὶ
1840 3483 2016 3546 δεκατ,

362 3569 571 3641 ήμερον
631 3563 1051 3642 λαμϐανόμενον
1109 3577 1209 3640 τῆς
1270 3568 1660 3645 βραδυποσίας,
1708 3572 1784 3627 *ἶν’
1837 3574 2009 3638 οὕτως

364 3654 504 3711 εἷ’πω
559 3656 651 3711 καὶ
709 3656 955 3729 ἀποσίας,
1018 3660 1151 3731 μετὰ
1220 3667 1319 3730 τῆς
1396 3663 1689 3736 ἐγκρατοῦς
1757 3664 2008 3738 ἐφέσεως.

362 3747 452 3800 καὶ
495 3744 554 3801 ἐκ
610 3752 840 3824 φυσικῆς
892 3748 1160 3825 κράσεως,
1218 3751 1295 3813 εἰς
1360 3746 1465 3822 ἕξιν
1540 3752 1685 3825 αὐτῷ
1742 3756 2008 3811 καθεστώο

367 3855 489 3905 σης.

444 4017 532 4077 ις’.
566 4016 754 4084 Ἐσθὴς
781 4014 1006 4086 εὖτελῂ
1033 4018 1123 4071 καὶ
1166 4017 1530 4093 βράχύτιμος,
1572 4023 1659 4077 καὶ
1719 4024 1856 4099 πρὸς
1903 4024 2008 4098 μό-

366 4123 464 4173 νην
497 4102 695 4177 θάλψιν
744 4106 1116 4178 πεποιημένη,
1146 4106 1273 4162 ἀλλ’
1304 4108 1432 4183 οὐχὶ
1478 4108 1701 4173 λεπτοῖς
1769 4112 2009 4187 ὑφάσμα-

368 4212 448 4245 σιν
514 4190 994 4267 ἐπιτετηδευμένη,
1028 4193 1153 4250 οὐδὲ
1214 4198 1468 4273 βαφικαῖς
1538 4208 1755 4275 χροιαῖς
1805 4200 2009 4275 ἐξηνθι-

368 4280 559 4353 σμένη,
594 4284 660 4351 ἢν
712 4283 762 4337 o't
810 4283 1215 4355 καλλωπισταῖ,
1246 4285 1373 4342 ἀλλ’
1414 4288 1474 4343 οὐ
1521 4292 1781 4361 μονασταὶ
1837 4294 2004 4365 θηρᾷν

367 4369 618 4448 ἐφίενται.
653 4376 941 4448 Προσευχή
992 4374 1081 4429 καὶ
1130 4375 1432 4450 ἀνάγνωσις
1480 4376 1759 4449 ἐπίπονος,
1810 4383 2004 4461 ἀφορι-

2126 3128 2447 3184 Dominicis
2493 3130 2823 3200 t‘estivisque
2865 3129 3092 3196 diebus,
3125 3129 3341 3199 quibus
3395 3134 3775 3184 consueverat

2124 3220 2418 3274 communi
2477 3236 2608 3274 cum
2668 3219 2944 3275 fratribus
3000 3235 3204 3273 mensa
3267 3218 3372 3274 uti.
3428 3219 3599 3273 Polus
3655 3222 3775 3273 erat

2124 3324 2293 3377 quem
2328 3310 2511 3363 fontes
2545 3312 2808 3378 praeterit,
2838 3313 2895 3362 et
2942 3324 3056 3379 quo
3107 3324 3274 3364 mens
3320 3306 3637 3378 colligitur,
3672 3322 3772 3362 ne-

2124 3412 2408 3467 quaquam
2434 3398 2668 3468 capiens
2691 3397 2911 3452 fluxum
2935 3397 3264 3453 vinolentias
3290 3417 3304 3466 ;
3338 3402 3394 3452 et
3416 3395 3509 3451 hic
3531 3398 3771 3468 quidem

2124 3503 2238 3542 non
2261 3502 2492 3557 semper
2512 3486 2910 3558 quotidianus,
2934 3487 3031 3542 sed
3064 3487 3414 3557 quandoque
3437 3485 3591 3542 ultra
3620 3487 3771 3541 diem

2123 3576 2360 3639 dilatus,
2392 3580 2491 3631 aut
2539 3576 2623 3631 bis
2654 3576 2713 3632 in
2764 3576 3121 3631 hebdomade
3169 3581 3462 3647 sumptus.
3497 3576 3770 3641 Quando-

2124 3682 2237 3737 que
2267 3666 2437 3720 etiam
2471 3666 2694 3720 decimo
2724 3666 3007 3720 duntaxat
3035 3666 3149 3731 die,
3181 3665 3387 3736 exigua
3417 3664 3516 3719 illa
3544 3680 3642 3720 seu
3675 3677 3771 3736 po‘

2123 3756 2236 3811 tius
2269 3754 2427 3810 nulla
2457 3757 2731 3811 utebatur
2753 3754 3187 3816 refocillatione.
3213 3760 3447 3827 prapter
3468 3770 3763 3811 summam

2121 3846 2464 3916 appetentim
2494 3845 2937 3911 continentiam,
2968 3862 3091 3916 quaa
3123 3844 3207 3900 illi
3239 3843 3670 3916 quodammodo
3704 3843 3764 3899 in

2119 3943 2387 3990 naturam
2416 3936 2742 3991 transierat.

2192 4026 2277 4081 16.
2310 4025 2499 4081 Vestis
2530 4030 2585 4081 et
2614 4030 2802 4092 curta,
2836 4025 2904 4080 ad
2937 4024 3126 4081 solum
3162 4024 3415 4081 calorem
3446 4024 3617 4093 facta,
3652 4040 3768 4080 non

2118 4125 2307 4170 autem
2359 4114 2672 4170 subtilibus
2721 4116 3036 4169 filamentis
3067 4119 3334 4170 contexta
3381 4118 3483 4169 aut
3512 4113 3767 4169 colorum

2116 4204 2389 4259 tincturis
2421 4203 2641 4270 ﬂorida,
2677 4203 2906 4275 qualem
2957 4204 3152 4259 videre
3182 4208 3380 4260 amant
3412 4220 3524 4259 non
3558 4219 3765 4259 mona-

2116 4292 2230 4363 chi,
2255 4294 2354 4348 sed
2386 4294 2806 4364 elegantiarum
2830 4294 3099 4349 studiosi.
3128 4292 3321 4349 Oratio
3349 4298 3405 4349 et
3439 4292 3608 4349 lectio
3639 4295 3767 4364 ejus

2120 4381 2408 4437 laboriosa
2438 4387 2581 4449 erat,
2613 4388 2668 4438 et
2699 4383 2870 4438 statis
2898 4382 3256 4453 temporibus
3290 4383 3546 4449 definita,
3571 4381 3766 4439 cibum

368 4459 565 4531 ζομέηη
624 4462 760 4515 κατὰ
802 4463 1012 4536 καιρὸν,
1044 4466 1133 4519 καὶ
1196 4464 1271 4529 εἷς
1319 4469 1526 4545 τροφὴν
1558 4468 1704 4541 αὐτῷ
1734 4471 1850 4526 ἀντέ
1883 4493 2009 4547 τρυ-

2127 4488 2356 4543 quoque
2387 4473 2512 4542 ejus
2544 4446 2881 4528 deliciarum
2908 4446 3037 4527 loco
3061 4473 3388 4527 condiebat.
3414 4446 3768 4543 Frequentia

366 4556 471 4625 φῆς
518 4550 946 4623 καρυκευομένη.
991 4553 1358 4610 Γονυκλισιῶν
1402 4560 1698 4629 πυκνότης,
1741 4564 2003 4635 πατρόθεν

364 4636 720 4727 ἠργμένηχέξ
777 4641 845 4707 ἧς
890 4638 1047 4694 τύλοι
1099 4647 1302 4716 χειρῶν
1336 4665 1393 4699 τε
1422 4645 1510 4699 καὶ
1540 4654 1642 4720 γῆς
1678 4647 1759 4727 ἐφ’
1786 4652 1853 4718 ἧς
1889 4645 2009 4706 ἐϐε-

367 4721 547 4796 ϐήκει,
593 4724 759 4805 μέχρι
809 4733 907 4783 τοῦ
948 4729 1104 4803 δεῦρο
1147 4733 1246 4802 τήν
1315 4733 1513 4809 ἀρετὴν
1574 4721 2004 4807 στηλιτεύοντες.

371 4818 640 4889 Στρωμνή
675 4817 781 4891 οὐχ
812 4818 996 4889 άπαλή
1030 4840 1087 4875 τε
1115 4822 1205 4875 καὶ
1256 4819 1596 4898 διαῤῥέουσα,
1629 4826 1755 4882 ἀλλ’
1785 4826 1884 4900 ὅση
1917 4831 2004 4884 καὶ

371 4904 685 4974 ὑποπιάζειν
754 4907 816 4961 τὸ
892 4912 1051 4981 σῶμα
1133 4907 1425 4985 δυναμένη,
1482 4914 1571 4969 καὶ
1640 4915 2033 4988 ἀταπείνωτον,

367 4992 499 5047 αὐτὸ
541 4994 678 5068 πρὸς
734 4995 829 5057 τάς
878 5000 1245 5069 πνευματικὰς
1312 5000 1653 5078 λειτουργίας
1712 5003 2005 5081 διαφυλάτ-

366 5105 477 5139 τειν
528 5083 810 5157 ἰσχύουσα.
844 5087 1053 5163 Χειρῶν
1109 5089 1331 5164 ἐργασία
1381 5089 1469 5147 διὰ
1517 5092 1758 5161 σπουδῆς
1793 5118 1806 5131 ·
1846 5101 2007 5153 τοῦτο

366 5174 471 5246 γὰρ
512 5176 619 5226 τῶν
676 5170 878 5228 ἐκείνου
926 5178 1364 5251 κατορθωμάτων
1398 5181 1543 5257 παρά
1569 5182 1696 5246 τοὺς
1737 5184 2006 5257 πολλοὺς,

363 5259 456 5315 *ίνα
513 5261 586 5333 μὴ
650 5257 796 5336 λέγω
850 5265 977 5326 τοὺς
1025 5268 1249 5336 πάντας,
1283 5270 1344 5323 τὸ
1372 5269 1667 5345 ἐπίσημον,
1696 5273 1730 5342 ἢ
1767 5273 2006 5347 μᾶλλον,

366 5349 690 5423 οἰκειότερον
724 5353 913 5421 εἶπεῖν,
948 5353 1038 5409 σὺν
1084 5361 1163 5429 τῷ
1204 5359 1337 5432 ἱερῷ
1366 5361 1688 5435 Ἀποστόλῳ
1729 5368 1888 5441 φάναι
1917 5368 2007 5439 (f),

2119 4562 2610 4632 genuﬂexionum,
2645 4578 2678 4615 a
2728 4561 2998 4616 Patribus
3046 4562 3279 4630 tradita,
3322 4566 3483 4616 tanta
3531 4565 3654 4615 erat
3703 4565 3768 4615 ut

2120 4650 2389 4706 manibus
2439 4652 2663 4722 ipsique
2692 4651 2750 4705 in
2783 4668 2894 4721 qua
2929 4651 3148 4707 ﬁebant
3175 4656 3340 4706 terra
3383 4650 3563 4706 callos
3596 4651 3766 4705 indu-

2118 4750 2331 4811 cerent,
2364 4742 2421 4797 in
2456 4748 2899 4799 monumentum
2930 4742 3163 4798 virtutis
3192 4743 3341 4811 ejus.
3364 4741 3624 4797 Stratum
3661 4757 3765 4797 nec

2118 4831 2287 4887 molle
2328 4836 2475 4900 erat,
2516 4848 2620 4888 nec
2668 4831 2815 4888 lecto
2862 4831 3269 4887 circumﬂuum
3306 4847 3320 4886 :
3368 4832 3468 4886 sed
3515 4847 3629 4903 quo
3675 4830 3767 4886 af-

2118 4922 2238 4993 ﬂigi
2269 4938 2500 4993 corpus,
2533 4929 2586 4977 et
2616 4923 2687 4977 ad
2718 4921 3043 4993 spiritualia
3092 4921 3285 4976 ofﬁcia
3311 4919 3541 4976 ﬁrmum
3571 4927 3765 4992 posset

2119 5011 2355 5067 servari.
2389 5011 2666 5067 Manuum
2699 5011 2951 5081 operatio
3000 5010 3295 5082 diligens:
3341 5009 3449 5066 hoc
3495 5010 3650 5064 enim
3700 5025 3768 5066 ex

2120 5100 2409 5171 praeclaris
2441 5100 2601 5156 illius
2649 5101 2882 5156 dotibus
2911 5115 3097 5155 unum
3143 5116 3257 5171 prae
3300 5098 3523 5165 multis,
3559 5104 3620 5154 ut
3650 5115 3765 5155 non

2120 5190 2305 5245 dicam
2352 5190 2647 5257 omnibus,
2678 5188 2871 5260 ipsum
2920 5189 3165 5244 faciebat
3211 5187 3539 5257 illustrem;
3572 5192 3673 5243 aut
3703 5192 3768 5243 ut

2120 5282 2305 5351 magis
2337 5280 2567 5351 proprie
2612 5280 2833 5352 loquar,
2868 5278 3139 5349 Apostolo
3189 5263 3463 5346 similem,
3496 5278 3652 5348 quod
3684 5276 3768 5332 di-

2118 5386 2243 5425 cere
2303 5376 2539 5441 posset:
2573 5369 2651 5424 Ad
2707 5386 2769 5425 ea
2826 5386 2945 5441 qua
2999 5368 3140 5423 mihi
3196 5385 3326 5441 opus
3382 5370 3633 5423 erantet
3681 5367 3765 5423 his

1947 5496 2177 5555 NOT/E.

436 5586 845 5681 (“fl_:Afpt5§ppa
872 5609 1111 5681 summas
1134 5595 1350 5681 hherbas
1399 5597 1823 5681 interp_retatur_
1854 5597 2148 5681 Sirletus_:
2182 5608 2284 5681 sed
2316 5606 2449 5677 quia
2497 5600 2682 5681 δρύον,
2716 5603 2898 5661 altera
2944 5602 3250 5675 compositi
3282 5618 3443 5673 pars,
3472 5599 3763 5670 significat

364 5663 1377 5761 namnam-alui.arborumnfructus,
1408 5674 1465 5726 et
1496 5663 1729 5761 quidem
1761 5674 2072 5761 silvestres,
2102 5663 2444 5761 intelligere.

440 5730 507 5801 (Γ)
536 5732 905 5805 Ecgraphum
932 5740 1197 5794 nostrum
1226 5730 1389 5815 φαίην
1424 5760 1439 5775 ’
1470 5730 1570 5799 sed
1613 5760 1821 5803 sensus
1848 5730 2080 5805 videtur
2104 5730 2463 5806 infinitivum
2494 5749 2740 5820 exigere,
2774 5762 2945 5818 quem
2978 5744 3276 5803 substitui.
