4090 6288
460 359 578 424 819
1703 363 1765 425 S.
1811 361 2097 424 THEODt

2255 359 2616 424 STUDITE
3739 347 3849 412 820

460 497 556 567 qui
600 509 818 550 mecum
863 503 1014 564 sunt,
1063 495 1522 555 ministraverunt
1569 511 1768 552 manus
1815 497 1941 553 istae
1970 513 1989 549 :
2035 511 2097 550 ne

2218 490 2468 566 ἔχοντος,
2500 496 2626 553 Ταῖς
2686 489 2893 566 χρείαις
2953 511 3058 564 μου
3104 490 3194 545 καὶ
3243 492 3358 549 τοῖς
3401 487 3518 541 οὖσι
3575 485 3692 558 μετ’
3722 481 3852 555 Ennii

460 602 565 657 que
593 589 762 657 gratis
788 603 986 657 panem
1031 587 1308 645 comedi‘.
1343 589 1474 653 Quae
1523 590 1679 643 enim
1729 602 1938 642 manus
1987 586 2104 642 ele-

459 675 716 746 gantius,
744 693 918 746 quam
961 675 1118 732 illius
1167 677 1419 744 dextera,
1455 677 1776 733 litterarum
1821 676 2109 732 formabat

459 768 678 820 tractus
698 765 727 818 ?
753 770 851 820 aut
879 765 1010 837 quis
1064 766 1356 822 scribebat
1385 767 1726 832 studiosius,
1752 782 1885 822 cum
1919 765 2108 836 ipsius

461 852 731 909 alacritas
781 854 1180 927 qualecunque
1231 873 1378 926 Opus
1440 858 1722 911 ferventer
1771 857 2107 928 aggredere-

461 942 601 998 tur?
631 943 768 1008 Quis
798 949 994 1000 autem
1043 961 1389 1001 enumerare
1419 951 1606 1002 valeat
1635 962 1732 1002 eos
1765 947 1821 999 in
1856 962 2106 1016 quorum

464 1034 732 1087 manibus
761 1041 898 1088 sunt
929 1036 1000 1089 ab
1032 1034 1160 1106 ipso
1194 1036 1394 1107 scripti
1423 1035 1601 1091 libelli
1632 1039 1689 1091 et
1719 1034 2018 1105 npuscula,
2043 1051 2110 1091 ex

462 1119 706 1177 diversis
739 1122 950 1178 divinis
997 1123 1267 1179 Patribus
1317 1125 1556 1180 collecta
1588 1129 1644 1180 et
1695 1125 1938 1180 multam
1972 1123 2109 1179 atl'e-

463 1211 646 1264 rentia
696 1211 1052 1268 utilitatem?
1098 1211 1260 1268 Unde
1306 1230 1437 1269 vero
1488 1214 1862 1270 monasteriis
1905 1215 2112 1270 nostris

461 1300 574 1356 ista
601 1300 881 1359 librorum
913 1303 1119 1376 copia?
1150 1306 1412 1376 nunquid
1442 1305 1512 1362 ab
1543 1306 1700 1362 illius
1731 1307 1950 1362 sanctis
1983 1322 2110 1361 ma-

463 1390 638 1445 nibus
670 1397 724 1446 et
748 1393 1050 1449 laboribus
1071 1394 1100 1449 ?
1126 1399 1288 1466 Ipsos
1317 1395 1645 1452 volutantes
1667 1405 1719 1452 et
1750 1395 2112 1452 illustramur

467 1481 658 1548 quoad
707 1482 993 1550 animum,
1029 1489 1086 1539 et
1131 1486 1479 1555 scripturam
1527 1486 1889 1540 admiramur
1934 1486 2110 1540 talem

465 1582 531 1623 ac
565 1574 810 1626 tantam.
843 1571 955 1627 Sed
1009 1574 1278 1644 quaedam
1311 1575 1488 1630 tacita
1536 1575 1846 1646 praeterivit
1895 1590 2111 1640 sermo,

466 1659 534 1713 ad
571 1675 697 1729 quae
727 1663 1053 1716 enarranda
1083 1665 1441 1734 regrediatur
1468 1680 1704 1720 necesse
1732 1668 1842 1720 est.

2219 582 2560 656 ὑπηρέτησαν
2598 583 2652 636 αὶ
2720 587 2903 658 χεῖρες
2962 579 3138 650 αὗται,
3171 580 3253 634 ὅτι
3315 573 3452 651 μηδὲ
3508 574 3716 651 γωρεὰν
3765 570 3854 638 ἄρ-

2215 691 2308 726 τον
2360 665 2570 750 ἕιραγεν.
2614 669 2749 725 Ποία
2788 670 2892 744 γὰρ
2934 668 3059 745 χεὶρ
3102 674 3202 738 τῆς
3252 666 3454 722 ἐκείνου
3505 663 3681 734 δεξιᾶς
3733 682 3858 735 μουο

2217 761 2508 837 σικώτερον
2586 759 3142 835 έσυρμαιογράφησεν,
3211 755 3246 826 ἢ
3313 757 3393 818 τίς
3458 753 3854 826 ἐπιπονώτερον

2216 858 2316 920 τῆς
2376 851 2574 907 ἐκείνου
2625 849 2929 923 προθυμίας
2971 845 3584 922 ἐσπουδαιογράφησενς
3616 843 3706 898 καὶ
3761 848 3859 895 πᾶν

2220 944 2403 998 ὁτιοῦν
2462 941 2766 1016 προσπεσὸν
2823 937 2975 1014 ἔργον
3029 940 3241 1012 θερμῶς
3301 934 3690 1010 διεχειρίσατο.
3744 936 3861 995 Πῶς

2219 1031 2280 1086 ἄν
2351 1052 2431 1094 τις
2497 1029 2922 1104 ἐξαριθμσσειεν,
2988 1027 3115 1090 τοὺς
3181 1028 3248 1083 τὰ
3316 1025 3520 1081 ἐκείνου
3577 1025 3860 1097 πονήματα

2220 1121 2316 1177 εἶτ’
2345 1119 2435 1176 οὖν
2489 1117 2807 1196 βιϐλιδάρια
2864 1114 3110 1196 ἔχοντας,
3138 1117 3196 1172 ἐκ
3245 1115 3519 1195 διαφόρων
3563 1113 3722 1169 θείων
3755 1119 3860 1168 Πα-

2218 1211 2387 1286 τέρων
2442 1210 2896 1284 ἀνθολογηθέντα,
2955 1209 3045 1264 καὶ
3101 1209 3290 1276 ἱκανὴν
3354 1204 3693 1280 ποριζόμενοι
3749 1208 3860 1264 τοῖς

2219 1301 2572 1374 κεκτημένοις
2617 1301 2717 1370 τὴν
2775 1298 3078 1377 ὠφέλειανς
3111 1303 3236 1358 Ταῖς
3291 1297 3406 1352 καθ’
3440 1298 3595 1367 ἡμᾶς
3645 1291 3702 1348 δὲ
3761 1313 3864 1365 μο-

2219 1397 2338 1452 ναίς
2384 1391 2545 1445 πόθεν
2607 1388 2835 1444 ἄλλοθεν
2883 1391 2918 1458 ἡ
2967 1391 3076 1442 τῶν
3125 1386 3329 1441 δέλτων
3377 1383 3634 1452 εὖπορία;
3668 1382 3702 1450 ἦ
3739 1381 3862 1457 οὐχὶ

2220 1477 2282 1533 ἐκ
2319 1483 2425 1534 τῶν
2473 1477 2678 1534 ἐκείνου
2717 1478 2887 1552 ἁγίων
2929 1481 3131 1553 χειρῶν
3171 1476 3262 1530 καὶ
3304 1475 3524 1542 πόνων;
3561 1473 3624 1533 ἃς
3655 1472 3708 1526 οἱ
3741 1491 3861 1544 μετ-

2225 1569 2390 1633 ιόντες
2436 1569 2526 1624 καὶ
2584 1570 2682 1636 τήν
2733 1567 2921 1645 ψυχήν
2980 1566 3349 1643 φωτιζόμεθα,
3382 1563 3471 1618 καὶ
3502 1564 3605 1632 τήν
3633 1558 3864 1637 γραφίδα

2141 1646 2189 1711 Β
2223 1659 2568 1732 θαυμάζομεν
2629 1656 2790 1712 ὁποία
2838 1677 2896 1710 τε
2951 1655 3042 1710 καὶ
3098 1651 3497 1725 ἡλίκη.²Αλλά
3546 1651 3648 1728 γὰρ
3705 1669 3865 1726 παραο

468 1743 693 1819 δραμὼν
727 1748 754 1802 ὁ
787 1745 953 1824 λόγος
983 1749 1314 1824 ἀνιστόρητά
1342 1771 1482 1821 τινα,
1515 1750 1678 1806 πάλιν
1709 1751 2085 1822 ὑπονοστήσας
2117 1747 2509 1825 ἆπαγγελλέτω
2537 1748 2605 1802 τὰ
2633 1744 3085 1823 παραλειφθέντα.

539 1837 626 1890 17.
660 1837 945 1910 Tempore
994 1839 1094 1895 illo
1135 1841 1376 1896 inValuit
1428 1849 1744 1915 tempestas
1778 1842 2114 1913 impietatis,

465 1923 904 1996 Constantinus,
922 1928 1186 2000 inquam,
1203 1931 1298 1986 ille
1311 1931 1978 2004 cogitationeimpius(9)
2000 1947 2116 1987 ma-

468 2013 605 2068 litiae
636 2019 828 2072 omnis
878 2020 1329 2090 receptaculum,
1360 2020 1670 2094 multiceps
1702 2023 1895 2086 draco,
1929 2020 2112 2078 haere-

467 2102 551 2158 sis
601 2105 1018 2163 iconoclasticie
1076 2110 1304 2174 ductor,
1347 2111 1594 2165 monasti
1641 2111 1866 2166 ordinis
1919 2127 2112 2182 perse-

468 2202 630 2248 cutor
677 2195 940 2252 acerbus.
973 2201 1155 2263 Quem
1204 2198 1303 2254 ille
1335 2208 1664 2256 nostrorum
1713 2200 2111 2256 Nazareorum

469 2299 584 2338 non
607 2285 1051 2341 exterminavit?
1081 2303 1252 2358 quem
1275 2288 1681 2346 absconditum
1701 2307 1817 2347 non
1841 2291 2114 2363 produxit

469 2369 528 2426 in
562 2373 817 2428 medium
841 2373 869 2428 ‘l
901 2390 1074 2445 quem
1107 2376 1215 2432 sibi
1247 2377 1504 2434 oblatum
1556 2395 1670 2435 non
1701 2379 1874 2434 traxit
1918 2379 1975 2433 in
2010 2381 2112 2434 ba-

467 2460 733 2516 rathrum
783 2463 1097 2534 impietatis
1119 2465 1146 2520 ‘I
1171 2466 1320 2523 Sane
1352 2469 1402 2523 si
1431 2467 1564 2539 quis
1597 2485 1664 2524 ex
1694 2467 2112 2524 illustrioribus

465 2547 660 2618 ipsum
697 2550 886 2621 latuit,
922 2559 1197 2621 tanquam
1249 2557 1508 2612 scintilla
1537 2557 1595 2612 in
1626 2556 1750 2613 loco
1780 2558 1996 2625 abdito,
2029 2557 2114 2612 in-

466 2641 554 2691 ter
585 2645 844 2695 mortuos
875 2649 1256 2713 reputabatur
1285 2647 1359 2700 ab
1389 2647 1460 2700 iis
1494 2647 1590 2717 qui
1632 2647 1900 2701 vivebant
1937 2663 2113 2718 super

465 2730 703 2783 terram.
737 2728 890 2785 Talis
921 2737 1114 2788 autem
1148 2735 1320 2789 etiam
1354 2745 1550 2790 noster
1579 2734 1734 2790 Elias
1767 2736 1895 2799 fuit,
1928 2742 2112 2790 custo-

458 2815 617 2871 ditus
657 2834 690 2873 a
721 2817 966 2877 Domino
993 2821 1050 2876 in
1083 2823 1296 2894 quibus
1327 2824 1704 2880 exercebatur
1731 2823 1896 2891 locis,
1921 2832 1985 2879 ut
2017 2841 2111 2880 ne-

462 2921 574 2976 que
606 2907 661 2960 in
709 2924 914 2963 manus
957 2913 1086 2966 novi
1131 2911 1303 2968 istius
1335 2913 1534 2968 Achab
1584 2912 1886 2981 incideret,
1923 2929 2108 2986 neque

457 2996 748 3067 particeps
801 2997 960 3053 ﬁeret
993 2999 1343 3069 impietatis;
1377 3002 1475 3057 sed
1511 3007 1641 3073 post
1672 3002 1978 3057 transitum
2012 3020 2109 3059 no-

455 3090 673 3139 cturnae
725 3086 884 3142 illius
955 3089 1337 3158 confusionis,
1387 3096 1689 3162 appareret
1738 3090 1906 3146 nobis
1957 3091 2110 3146 velut

451 3173 621 3228 stella
665 3176 988 3242 matutina;
1023 3179 1177 3250 quod
1208 3185 1266 3234 et
1315 3179 1527 3234 factum
1580 3181 1854 3236 vidimus.
1884 3181 2104 3238 Etenim

452 3265 798 3320 necessariis
828 3267 1181 3337 quibusdam
1218 3286 1286 3323 ex
1317 3271 1510 3325 causis
1555 3270 1847 3341 ingressus
1879 3278 1967 3327 est
1997 3273 2104 3345 By"

453 3352 712 3407 zantium
743 3372 758 3424 ;
790 3371 1040 3428 cumque
1073 3359 1107 3412 ii
1141 3361 1238 3429 qui
1272 3359 1330 3414 in
1365 3360 1504 3414 urbe
1537 3359 1744 3432 reliqui
1776 3367 1942 3417 erant
1972 3379 2102 3418 mo-

447 3441 642 3512 nachi,
676 3442 867 3499 denuo
910 3445 1067 3501 velut
1098 3447 1407 3504 luminaria
1453 3449 1764 3522 cepissent
1796 3453 2052 3521 conspici
2081 3470 2096 3517 ;

2137 3142 2186 3206 C

2301 1838 2382 1906 ιζ’.
2433 1838 2684 1909 ’Ήκμαζε
2737 1839 3033 1906 τηνικαῦτα
3089 1835 3116 1888 6
3174 1830 3388 1907 χειμὼν
3433 1837 3535 1900 τῆς
3606 1823 3863 1897 ἀσεϐείας,

2225 1931 2626 1988 Κωνσταντῖνος
2686 1927 2713 1980 6
2773 1919 3036 1993 δυσσεϐὴς
3092 1923 3382 1998 λογιςμὸν,
3421 1921 3484 1976 τὸ
3524 1927 3623 1989 τῆς
3679 1918 3864 1978 κακίας

2224 2013 2464 2092 δοχεὶον,
2499 2017 2526 2070 ὁ
2583 2013 2967 2091 πολυκέφαλος
3026 2010 3262 2085 δράκων,
3294 2012 3322 2065 6
3379 2017 3483 2080 τῆς
3515 2009 3866 2082 εἷκονομαχι-

2221 2113 2323 2176 κῆς
2382 2104 2640 2181 αἱρέσεως
2687 2104 3000 2179 τριστάτης,
3033 2103 3061 2157 ὁ
3091 2105 3186 2156 τοῦ
3247 2097 3544 2173 μοναδικοῦ
3595 2099 3866 2174 τάγματος

2220 2195 2419 2271 πικρὸς
2471 2193 2732 2263 διώκτης,
2765 2194 2822 2255 ὃς
2878 2193 2997 2248 τίνα
3049 2191 3146 2266 μὶν
3190 2193 3299 2245 τῶν
3339 2189 3458 2244 καθ’
3507 2189 3660 2261 ἡμᾶς
3717 2191 3867 2254 Ναζι’

2225 2284 2390 2360 ραίων
2443 2285 2542 2338 οὐκ
2579 2282 2928 2362 ἐξηφάνισεν;
2972 2281 3090 2336 τίνα
3131 2276 3189 2334 δὲ
3234 2277 3612 2353 κρυπτόμενον
3661 2275 3760 2331 οὐκ
3795 2273 3866 2335 εἷς

2223 2376 2386 2448 μέσον
2427 2374 2667 2449 ἤγαγεν;
2716 2377 2871 2427 ποῖον
2924 2368 2981 2426 δὲ
3030 2368 3448 2448 ἀντιφερόμενον
3498 2367 3562 2422 οὐ
3613 2364 3864 2421 κατέσπα-

2221 2485 2306 2520 σεν
2363 2461 2440 2525 εἷς
2497 2462 2559 2519 τὸ
2609 2461 2695 2517 καὶ
2755 2455 2996 2523 ἀσεϐείας
3047 2459 3356 2534 βάραθρονς
3391 2459 3465 2518 ὡς
3525 2455 3576 2512 ε⁹ί
3624 2456 3728 2511 πού
3755 2475 3861 2510 τινα

2220 2552 2668 2632 ἐναπολειφθέντα
2749 2556 2859 2606 τῶν
2933 2549 3226 2627 ἐπιφανῶν,
3287 2546 3471 2612 ὥσπερ
3543 2547 3666 2602 τινὰ
3722 2565 3864 2600 σπινο

2221 2645 2362 2716 θῆρα
2409 2640 2461 2696 ἐν
2510 2638 2804 2712 ἀποϐύστῳ
2850 2640 3003 2711 τόπῳ
3047 2637 3319 2711 κείμενον,
3353 2636 3406 2691 ὲν
3439 2641 3660 2709 νεκροῖς
3699 2632 3862 2689 λελο-

2219 2733 2393 2806 γέναι,
2426 2731 2572 2806 παρά
2611 2734 2717 2785 τῶν
2786 2725 2864 2784 ἔτι
2927 2729 3058 2801 ὑπὲρ
3119 2735 3221 2804 γῆν
3280 2723 3472 2782 ὄντων.
3533 2729 3788 2786 Τοιοῦτος
3832 2723 3858 2776 6

2217 2823 2484 2896 ἡμέτερος
2537 2819 2752 2888 Ἠλίας,
2787 2819 2888 2874 ὑπὸ
2948 2817 3147 2891 Κυρίου
3200 2816 3614 2895 φυλαττόμενος
3671 2813 3721 2869 ἐν
3781 2815 3855 2874 οἷς

2218 2913 2438 2981 ἠσκεῖτο
2492 2911 2706 2979 τόποις,
2736 2907 2826 2963 καὶ
2887 2908 2963 2980 μή
3014 2907 3090 2971 εἰς
3131 2913 3318 2982 χεῖρας
3375 2903 3548 2966 ἁλοὺς
3595 2908 3691 2959 τοῦ
3744 2904 3855 2957 νέου

2218 2994 2453 3074 Ἀχαᾶϐ,
2496 2996 2640 3071 μηδὲ
2700 2997 2987 3071 μετασχὼν
3044 3003 3144 3066 τῆς
3203 2994 3408 3049 ἐκείνου
3461 2987 3734 3056 ἀσεϐείας,
3787 2987 3857 3043 ’ἶν’

2217 3090 2455 3167 ἀναφανῇ
2517 3110 2650 3162 μετα
2698 3087 3019 3164 παρέλευσιν
3078 3092 3178 3156 τῆς
3235 3084 3635 3160 νυκτομαχίας,
3691 3082 3851 3155 ἀστήρ

2215 3178 2436 3241 ἑωθινὸς
2494 3182 2648 3251 ἡμῖν,
2682 3179 2814 3253 ὅπερ
2869 3177 2959 3232 καὶ
2999 3175 3236 3252 γέγονεν.
3271 3176 3544 3231 Ἐντεῦθεν
3603 3169 3693 3227 διά
3745 3191 3852 3224 τινα

2213 3269 2476 3346 ἀναγκαῖα
2529 3268 2742 3323 ε’ίσεισιν
2794 3267 2870 3329 εἷς
2918 3267 2979 3321 τὸ
3011 3266 3318 3335 Βυζάντιον,
3353 3263 3472 3338 ἄρτι
3535 3262 3718 3337 ὥσπερ
3774 3283 3850 3316 τι-

2209 3365 2315 3414 νῶν
2367 3361 2668 3434 φωστήρων
2733 3357 3169 3434 ἐπιφαινομένων
3222 3359 3328 3410 τῶν
3379 3351 3851 3425 ἐπιλελειμμένων

2213 3454 2489 3522 μοναστῶν
2518 3454 2632 3509 τοῖς
2664 3447 2714 3501 ἐν
2747 3446 2918 3503 ἄστει.

444 3535 770 3604 comparuit
827 3540 1172 3608 tanquama
1229 3541 1476 3598 mortuis
1534 3541 1825 3598 redivivus
1885 3543 2113 3611 beatus,
2147 3559 2282 3600 nam
2343 3560 2446 3599 nec
2504 3542 2674 3598 nobis
2729 3541 2964 3612 quidem
3024 3539 3166 3610 ipsis
3224 3539 3555 3594 innotuerat
3583 3537 3718 3608 (10),
3750 3550 3844 3605 ge-

443 3622 666 3680 nitricis
699 3641 839 3682 mete
871 3627 1106 3685 fratrem
1137 3628 1326 3686 adhuc
1357 3632 1725 3704 superstitem
1753 3648 1896 3689 esse.

512 3804 606 3860 t8.
641 3803 866 3870 Ditl‘uaa
912 3813 998 3864 est
1031 3813 1224 3866 autem
1275 3811 1563 3868 adventus
1609 3812 1738 3883 ejus
1767 3815 1924 3870 fama
1975 3829 2090 3870 non

445 3899 674 3951 tantum
705 3897 858 3953 inter
887 3905 1165 3970 cognatos
1209 3906 1263 3958 et
1301 3908 1488 3973 notos,
1521 3903 1624 3960 sed
1651 3922 1752 3976 per
1781 3909 1958 3961 totam
1992 3922 2086 3960 ur-

447 3984 574 4040 bem
623 3986 1038 4059 Byzantinam;
1072 3990 1202 4046 aliis
1251 3991 1364 4047 alio
1403 3992 1594 4063 ipsum
1638 3993 2005 4051 trahentibus
2036 4000 2091 4051 et

446 4074 693 4148 benigne
715 4078 1189 4149 suscipientibus,
1213 4087 1386 4152 atque
1407 4083 1648 4138 salutari
1672 4086 1800 4156 ejus
1832 4085 2092 4142 doctrina

445 4164 557 4218 frui
591 4167 978 4236 cupientibus.
1013 4171 1146 4226 Erat
1192 4173 1368 4239 enim,
1405 4178 1468 4226 ut
1496 4173 1597 4244 qui
1646 4175 1916 4238 maxime,
1950 4191 2089 4231 sua-

443 4253 529 4307 vis
581 4271 861 4324 sermone,
911 4260 1142 4315 suavior
1196 4262 1480 4323 moribus.
1537 4280 1604 4320 ea
1658 4273 1848 4320 autem
1905 4266 2090 4322 forma

443 4359 572 4414 qum
604 4345 948 4403 monachum
974 4352 1366 4417 commendat,
1389 4357 1446 4406 et
1475 4353 1532 4407 in
1558 4353 1820 4410 doctrina
1849 4356 2083 4421 varius;

439 4437 710 4490 omnibus
734 4439 929 4493 omnia
955 4441 1166 4508 factus,
1191 4444 1514 4498 secundum
1538 4445 1917 4515 Apostolum;
1951 4463 2085 4502 con-

429 4525 653 4595 jugatis
697 4535 896 4584 auctor
952 4533 1367 4601 temperantia,
1415 4534 1746 4605 virginibus
1793 4537 2080 4605 defensor,

439 4615 778 4671 adhortator
823 4618 1277 4676 constitutorum
1309 4623 1368 4677 in
1416 4630 1717 4694 potestate,
1750 4626 1956 4696 spiritu
1989 4625 2077 4680 in-

434 4702 737 4759 firmorum
791 4707 1073 4765 medicus.
1111 4710 1374 4766 Patribus
1423 4711 1576 4767 ﬁlios
1607 4715 1920 4770 concordes
1949 4715 2078 4772 effi-

433 4794 639 4863 ciebat,
673 4804 726 4850 et
757 4797 894 4854 filiis
945 4807 1133 4870 patres
1164 4802 1604 4871 reconciliabat;
1639 4805 1821 4860 servis
1870 4807 2078 4862 suade-

433 4881 544 4948 bat,
581 4890 641 4938 ut
671 4887 924 4942 dominis
955 4895 1151 4944 essent
1193 4891 1462 4963 morigeri
1491 4909 1506 4959 ;
1539 4900 1595 4946 et
1628 4894 1728 4948 hos
1769 4893 2080 4950 inducedat

432 4977 494 5027 ut
527 4973 641 5029 illis
674 4975 924 5032 facerent
953 4977 1116 5035 bene.
1152 4979 1223 5035 Ut
1268 4987 1472 5036 caetera
1504 4999 1674 5052 porro
1703 4984 1918 5050 omnia,
1952 5001 2077 5055 quae

430 5063 515 5118 vir
548 5065 645 5120 Dei
672 5068 913 5123 faciebat
945 5069 1312 5143 dicebatque,
1337 5073 1607 5143 cognosci
1629 5073 1873 5144 possint,
1899 5089 2078 5128 unum

493 5209 516 5244 ⁸
543 5211 667 5278 Act,
696 5228 792 5281 xx,
821 5213 914 5270 34.

2113 4763 2157 4828 D

2275 3816 2370 3881 ιη’.
2401 3809 2500 3868 Καὶ
2549 3810 2764 3886 ἐπείπερ
2824 3810 2899 3873 ὡς
2955 3807 3013 3862 ἐκ
3068 3811 3272 3881 νεκρῶν
3315 3809 3420 3875 ζῶν
3475 3801 3834 3880 ἀνεγνώρίσθη

2200 3903 2228 3956 6
2280 3900 2582 3975 μακαρίτης
2639 3900 2785 3973 (οὐδὲ
2839 3899 2941 3974 γὰρ
2988 3897 3071 3952 ὅτι
3120 3897 3257 3965 ὑπῆν
3286 3898 3445 3967 ἡμῶν
3496 3902 3600 3964 τῆς
3652 3891 3835 3947 τεκού-

2201 4011 2300 4060 σης
2358 3990 2614 4062 ὁμαίμων
2673 3989 3034 4063 ὲγνωρίζετο),
3091 3987 3295 4061 γίνεται
3379 3978 3709 4058 περιϐόητος
3775 3979 3832 4034 οὐ

2202 4081 2367 4153 μόνον
2400 4084 2760 4156 σογγενεῦσιν,
2794 4075 2940 4132 ἀλλᾶ
2970 4077 3072 4153 γὰρ
3102 4075 3192 4130 καὶ
3226 4078 3370 4148 πᾶσῃ
3409 4076 3478 4146 τῇ
3533 4067 3830 4141 Βυζαντίδι,

2197 4168 2383 4224 ἄλλων
2416 4167 2669 4243 ἀλλαχοῦ
2700 4166 2970 4222 ἑλκόντων
3015 4165 3203 4232 αὑτὸν,
3224 4166 3540 4237 περιχαρῶς
3571 4181 3631 4216 τε
3667 4160 3830 4214 ἀσπα-

2198 4261 2457 4334 ζομένων,
2514 4259 2605 4314 καὶ
2662 4255 3012 4334 φιλοφρόνως
3090 4252 3467 4326 δεξιουμένων,
3527 4250 3618 4304 καὶ
3693 4248 3829 4302 ἀπο-

2195 4350 2469 4407 λαυόντων
2531 4345 2881 4408 διδασκαλίας
2946 4342 3353 4420 προσηκούσης.
3413 4342 3515 4398 Ἦν
3593 4339 3695 4415 γὰρ
3751 4336 3829 4391 ὅτι

2197 4439 2433 4514 μάλιστα
2474 4439 2501 4492 ὁ
2544 4437 2684 4511 ἀνὴρ
2739 4435 2867 4506 ἡδὺς
2915 4436 3008 4492 τὸν
3058 4432 3245 4512 λόγον,
3278 4429 3540 4505 ήδότερος
3589 4429 3677 4484 τὸν
3713 4428 3829 4500 τρό-

2191 4552 2318 4600 πον,
2348 4530 2640 4600 ἀσκητικὸς
2673 4530 2734 4585 τὸ
2794 4525 2933 4597 ἶδος,
2963 4522 3263 4592 πολυειδὴς
3307 4524 3407 4592 τὴν
3463 4517 3823 4585 διδασκαλιαν,

2190 4626 2304 4684 τοῖς
2336 4626 2465 4676 πᾶσι
2496 4624 2562 4676 τὰ
2591 4621 2781 4686 πάντα,
2822 4613 3200 4678 ἀποστολικῶς
3252 4612 3445 4684 εῗπεῖν,
3484 4612 3820 4688 γιγνόμενος.

2187 4716 2295 4767 τῶν
2352 4711 2404 4766 ἐν
2460 4711 2740 4784 συζυγίαις
2804 4707 3198 4786 σωφρονιστὴς,
3228 4709 3335 4759 τῶν
3395 4699 3819 4776 παρθενευόντων

2190 4803 2572 4869 συνασπιστής,
2620 4805 2726 4855 τῶν
2793 4798 2843 4853 ἐν
2899 4795 3160 4867 ἐξουσίαις
3232 4790 3662 4866 παρακλητικὸς,
3716 4791 3816 4841 τῶν

2187 4891 2548 4947 ἀσθενούντων
2595 4889 2673 4951 εἷς
2722 4890 2906 4962 ψυχήν
2957 4887 3164 4960 ἰατρος,
3213 4883 3446 4958 πατράσι
3485 4882 3640 4935 τέκνα
3687 4897 3817 4948 συμ-

2189 4963 2450 5050 ϐιϐάζων,
2511 4979 2743 5053 πατέρας
2798 4974 3007 5036 τέκνοις
3065 4970 3482 5039 καταλλάσσων,
3543 4964 3812 5053 δεσπόταις

2190 5066 2422 5132 δούλους
2456 5069 2678 5124 εὐνοιεῖν
2712 5060 3041 5134 ἀντιϐολῶν,
3073 5063 3161 5120 καὶ
3209 5060 3436 5121 τούτους
3483 5055 3705 5116 ἐκείνοις
3744 5050 3814 5106 εὖο

2007 5342 2241 5401 NOTAE.

491 5484 568 5555 (9)
598 5485 837 5558 Summa
885 5485 1200 5542 crudelitas
1247 5489 1594 5558 Copronymi
1644 5489 1702 5545 in
1755 5489 2069 5546 monachos

419 5562 477 5610 et
518 5573 716 5632 sacras
763 5557 1415 5632 reliquiaeretertura,
1446 5557 1795 5632 Theophane
1841 5563 1913 5617 ad
1957 5579 2060 5618 an-

418 5642 560 5684 num
595 5628 821 5699 imperii
873 5628 1001 5700 ejus
1029 5630 1118 5698 31,
1150 5630 1364 5687 Christi
1392 5631 1522 5687 7‘72.
1552 5628 1811 5689 Mortuus
1841 5638 1930 5690 est
1958 5634 2059 5691 Co-

415 5716 733 5774 pronymus
774 5701 840 5758 14
868 5702 1227 5775 Septembris
1257 5704 1394 5761 anni
1435 5705 1562 5760 775.
1588 5705 1902 5765 Successor
1929 5706 2058 5778 ejus

2177 5487 2337 5545 ﬁlius
2368 5489 2480 5544 Leo
2512 5487 2771 5558 regnavit
2820 5499 3006 5556 usque
3036 5481 3105 5537 ad
3154 5492 3372 5536 annum
3401 5474 3527 5541 780,
3560 5472 3804 5527 mortuus

2169 5563 2204 5617 8
2233 5559 2614 5632 Septembris.

2241 5616 2352 5703 (16)
2385 5629 2748 5688 Indeﬁnitius
2777 5626 3088 5703 .Sirletus:
3137 5647 3167 5675 ‹‹
3209 5622 3407 5695 Neque
3457 5616 3601 5676 enim
3640 5629 3671 5669 a
3714 5622 3799 5666 co-

2167 5702 2359 5778 gnatis
2389 5719 2694 5778 superesse
2723 5702 3084 5760 credebatur.
3117 5718 3149 5748 ››
