4090 6288
378 412 493 471 821
1071 413 1358 474 ORATIO
1404 414 1506 474 ΧΙ.
1552 446 1628 456 -
1673 412 2065 477 LAUDATIO
2108 415 2171 476 S.
2220 416 2607 478 PLATONIS
2648 414 3080 477 HEGUMENI.
3655 411 3773 471 822

375 548 593 621 εργὲτας
642 550 927 604 καθιστῶν.
979 546 1168 603 Τᾶλλα
1226 546 1323 601 ὅσα
1383 549 1410 602 ὁ
1466 551 1564 603 τοῦ
1621 554 1753 604 Θεοῦ
1808 549 1982 622 ἄνθρω

2128 553 2337 623 dicam,
2387 556 2536 623 quod
2600 556 2774 610 ﬁdem
2852 560 3077 625 praestet
3149 550 3431 622 reliquis:
3504 548 3772 605 videlicet

373 657 474 697 πος
538 636 712 691 ποιῶν
770 656 827 689 τε
881 637 971 689 καὶ
1032 635 1202 712 λέγων
1246 636 1593 710 γνωρίζεται,
1637 634 1691 691 ἓν
1744 638 1907 693 εἷπὼν
1941 640 1982 693 εἰ

2129 643 2287 714 quod
2318 660 2384 700 ex
2414 662 2528 716 quo
2560 660 2691 699 cum
2715 644 2941 698 civibus
2972 642 3186 698 versari
3208 640 3403 712 coepit,
3427 646 3573 696 totas
3595 641 3773 694 refor-

2128 733 2306 788 mavit
2338 733 2609 802 familias,
2640 738 2695 787 et
2725 734 2794 787 ad
2822 732 3048 787 virtutis
3071 730 3292 786 cultum
3316 729 3620 785 convertit.
3644 729 3773 793 Qua

2127 822 2385 879 ratione?
2402 824 2647 894 inquies.
2666 822 2910 878 Jurandi
2933 820 3415 877 consuetudinem
3431 819 3766 874 exscinden-

2127 910 2199 966 do
2230 911 2529 965 communi
2551 912 2774 965 notoria
2791 927 2898 965 sua
2926 908 3161 979 lingua:
3188 908 3556 978 reprimendo
3572 923 3774 977 corpo-

2127 1002 2207 1056 ris
2238 1012 2502 1057 ornatum
2526 1002 2905 1072 superfluum,
2931 1017 3037 1056 sua
3068 1000 3443 1055 ornatissima
3472 998 3757 1066 doctrina,

2128 1090 2535 1145 dissertatione
2556 1089 2759 1145 morali
2782 1088 3129 1145 inculcando
3144 1103 3399 1143 amorem
3417 1102 3738 1159 pauperum
3752 1128 3766 1156 ,

2128 1181 2281 1235 unde
2312 1178 2647 1249 largitiones
2678 1179 3022 1250 pecuniarias
3046 1183 3102 1233 et
3126 1178 3627 1249 eleemosynarum
3654 1179 3766 1232 dis-

2126 1269 2466 1325 tributiones
2514 1269 2778 1341 publica,
2832 1285 2933 1340 per
2980 1267 3106 1323 loca
3153 1267 3213 1323 in
3261 1268 3475 1339 quibus
3523 1282 3764 1322 exerce-

2126 1359 2333 1425 batur;
2366 1359 2435 1412 ad
2466 1358 2770 1413 lectionem
2803 1356 3055 1428 denique
3099 1357 3249 1425 piam
3282 1360 3339 1411 et
3370 1357 3441 1410 ad
3474 1356 3760 1427 quidquid

2125 1453 2213 1503 est
2234 1448 2516 1502 bonorum
2540 1462 2779 1518 operum
2802 1446 3152 1510 inducendo,
3184 1446 3356 1515 idque
3389 1445 3447 1499 in
3492 1460 3764 1515 pressura

2126 1542 2183 1592 et
2213 1537 2572 1609 fatigatione,
2604 1537 2703 1591 diu
2729 1541 3019 1605 noctuque
3041 1534 3330 1604 laborans,
3356 1533 3623 1605 vigilans,
3650 1534 3767 1590 dis-

2124 1642 2386 1691 currens,
2438 1633 2499 1681 ut
2567 1632 2801 1697 accepta
2848 1625 2918 1680 ab
2971 1624 3173 1680 amicis
3224 1625 3601 1694 cognatisque
3662 1625 3763 1679 ho-

2126 1715 2428 1788 pitalitatis
2459 1716 2665 1771 solatia
2695 1719 2944 1785 aequaret
2991 1714 3299 1769 tolerantia
3347 1729 3758 1778 aerumnarum,

2123 1805 2250 1877 ipso
2279 1821 2452 1876 opere
2482 1821 2612 1860 cum
2646 1803 2920 1876 Apostolo
2969 1808 3335 1874 protestans:
3386 1802 3600 1871 Castigo
3631 1818 3762 1857 cor-

2122 1914 2224 1967 pus
2250 1914 2433 1952 meum
2479 1903 2531 1951 et
2568 1897 2630 1951 in
2661 1898 2980 1952 servitutem
3025 1893 3248 1964 redigo;
3287 1910 3356 1946 ne
3402 1895 3756 1963 posteaquam

2115 1988 2250 2043 aliis
2269 1988 2657 2059 praedicavero,
2690 1990 2806 2057 ipse
2835 1985 3097 2057 reprobus
3123 1982 3343 2054 elﬁciar
3371 1980 3415 2034 ⁸.

371 724 627 780 σύστασιν
677 729 781 778 τῶν
833 725 1156 797 εἰρημένων,
1215 727 1469 780 πιστώσω
1522 728 1611 780 τὸν
1655 725 1836 802 λόγον.
1872 730 2019 783 Ὅτι-

368 834 470 886 περ
512 815 600 892 ἀφ’
639 814 700 868 οὗ
757 812 1095 887 ἐπεδήμησεν
1141 820 1257 877 τοῖς
1305 812 1356 869 ἒν
1398 813 1562 886 ἄστει,
1614 813 1780 878 ὅλους
1829 816 2017 877 οἶκους

373 902 729 975 μετέπλασεν,
775 904 865 958 καὶ
918 905 1393 979 μετεστοιχείωσεν
1441 904 1517 965 εἰς
1572 904 1687 977 βίον
1749 905 2014 981 ἐνάρετον,

367 992 523 1060 Τίδή
555 997 757 1060 teuto;
791 995 987 1065 ’Ὀρκον
1030 993 1262 1067 ἐκκόψας
1307 998 1377 1066 τῇ
1436 998 1789 1069 παραινετικῇ
1848 998 2016 1050 αὐτοῦ

364 1079 612 1156 γλώττῃ,
642 1080 1078 1154 καλλωπισμοὺς
1117 1082 1398 1144 συστείλας
1447 1087 1515 1156 τῇ
1559 1085 1815 1157 εὐκόσμῳ
1866 1083 2017 1140 διδα-

365 1169 569 1242 σκαλίᾳ
601 1190 613 1203 ’
650 1172 1035 1250 φιλοπτωχίαν
1070 1171 1386 1245 ἐμποιήσας
1424 1178 1492 1247 τῇ
1526 1173 1694 1246 ἡθικῇ
1725 1174 2015 1250 ὑφηγήσει,

364 1259 418 1331 ἐξ
449 1263 516 1329 ἧς
545 1259 769 1323 κένωσις
799 1262 1106 1336 χρημάτων
1136 1262 1223 1316 καὶ
1258 1260 1511 1334 διανομαὶ
1544 1261 1627 1339 ἐφ’
1668 1263 1761 1324 οὕς
1793 1264 2013 1332 ἠσκεῖτο

361 1352 568 1413 τόπους
596 1351 882 1424 δημόσιοι,
942 1352 1085 1425 Πρός
1133 1373 1192 1407 τε
1242 1351 1544 1424 ἀνάγνωσιν
1589 1352 1875 1427 ῥυθμίσας,
1924 1356 2014 1409 καὶ

364 1440 504 1513 πρὸς
536 1441 714 1495 ὁτιοῦν
745 1445 853 1495 τῶν
879 1438 1063 1494 καλῶν
1104 1438 1160 1494 εὖ
1188 1440 1491 1516 ἐπανάγων,
1525 1441 1615 1495 καὶ
1646 1444 1811 1496 ταῦτα
1842 1440 1893 1497 ἐν
1919 1442 2014 1497 κό-

361 1549 450 1601 πῳ
481 1530 572 1583 καὶ
606 1530 805 1603 μόχθῳ
836 1531 1027 1592 νυκτὸς
1071 1530 1160 1583 καὶ
1218 1528 1449 1603 ἡμέρας,
1502 1530 1817 1603 τληπαθῶν,
1850 1532 2014 1607 ἀγρυ-

359 1622 527 1687 πνῶν,
582 1624 928 1693 πεζοπορῶν,
988 1625 1107 1680 ταῖς
1164 1620 1311 1693 παρὰ
1356 1624 1462 1675 τῶν
1514 1619 1687 1698 φίλων
1741 1622 1832 1675 καὶ
1883 1643 2016 1697 συγ-

355 1707 528 1783 γενῶν
591 1706 918 1778 δεξιώσεσιν,
977 1706 1363 1763 ἀνταλλάσσων
1439 1711 1536 1772 τὰς
1620 1711 1746 1779 παρ’
1822 1710 2013 1765 ἑαυτοῦ

355 1799 742 1866 κακοπαθείας,
785 1797 928 1873 ἔργῳ
974 1798 1035 1852 τὸ
1078 1803 1175 1852 τοῦ
1242 1798 1586 1854 Ἀποστόλου
1643 1800 2013 1877 φθεγγόλόμε-

354 1908 446 1948 νος
483 1906 496 1918 ·
555 1888 868 1957 Ὑποπιάζω
930 1908 1036 1961 μου
1089 1889 1152 1942 τὸ
1239 1893 1420 1961 σῶμα,
1478 1891 1565 1943 καὶ
1648 1887 2009 1965 δουλαγωγῶ,

359 1978 436 2049 μή
514 1997 631 2038 πως
692 1974 903 2039 ἄλλοις
975 1977 1235 2051 κηρύξας,
1320 1978 1480 2040 αὐτὸς
1568 1976 1833 2051 ἀδόκιμος
1915 1981 2002 2053 γὲ-

353 2087 557 2137 νωμαι.

2182 2171 2268 2224 19.
2303 2169 2629 2224 Sustulerat
2660 2184 2795 2240 ergo
2827 2167 3129 2238 publicum
3179 2164 3494 2237 regnatrici
3525 2164 3744 2219 civitati

2110 2260 2365 2329 signum,
2402 2259 2623 2315 habens
2655 2274 3000 2325 sermonem,
3044 2256 3136 2311 cui
3167 2257 3282 2309 vita
3312 2270 3568 2324 congrua
3600 2270 3756 2323 pras-

425 2160 510 2227 ιθ’,
551 2160 715 2231 Ἦρεν
746 2165 1037 2234 τοιγαροῦν
1067 2160 1343 2232 σύσσημον
1379 2165 1446 2235 τῇ
1498 2161 1876 2237 βασιλιζούσῃ,
1906 2185 1998 2218 τον

354 2246 519 2322 λόγον
552 2250 655 2303 ὑπὸ
686 2254 781 2303 τοῦ
825 2248 947 2324 βίου
1002 2252 1442 2324 μαρτυρούμενον
1496 2246 1783 2329 ἔχων,κάξ
1838 2253 1999 2307 αὐτοῦ

342 2342 441 2391 τοῦ
503 2336 761 2399 εὐτελοῦς
817 2340 905 2392 καὶ
964 2339 1249 2413 ἂπερίττου
1308 2342 1618 2414 σχήματας,
1652 2342 1995 2415 παράκλησις

346 2428 423 2488 εἷς
450 2428 644 2502 ἀρετὴν
672 2434 788 2490 τοῖς
821 2430 989 2503 ὁρῶσι
1023 2431 1310 2505 γινόμενος
1336 2450 1347 2462 ·
1384 2431 1428 2485 εἰ
1471 2429 1526 2485 δὲ
1578 2432 1658 2487 ὅτι
1707 2433 1995 2497 πολιτικὸς

342 2518 409 2588 ἦν
443 2512 497 2571 ἔν
525 2540 633 2573 τισι
665 2518 973 2593 γλυκαίνων
1010 2524 1109 2590 τὴν
1143 2521 1331 2598 φράσιν
1362 2523 1496 2595 πρὸς
1527 2522 1590 2577 τὸ
1627 2527 1733 2576 τῶν
1768 2525 1993 2579 ἀκουόν-

342 2626 452 2660 των
528 2604 866 2682 ἷδιότροπον,
926 2610 1107 2683 ὁράτω
1172 2631 1255 2671 τις
1314 2611 1402 2664 τὸν
1459 2612 1687 2686 καρπὸν,
1746 2614 1834 2668 καὶ
1915 2614 1990 2686 μὴ

348 2696 648 2772 μεμφέσθω
678 2699 769 2753 τὸν
802 2698 1024 2771 τρόπον.
1057 2698 1147 2762 Τίς
1178 2696 1234 2754 δὲ
1264 2698 1422 2761 οὗτος
1449 2721 1464 2771 ;
1497 2704 1553 2755 '0
1591 2706 1699 2755 τῶν
1748 2704 1993 2776 ἁμαρτα-

341 2785 544 2839 νόντων
608 2785 937 2860 μετάμελος,
979 2789 1069 2842 καὶ
1130 2790 1157 2842 6
1209 2794 1315 2843 τῶν
1386 2788 1841 2863 ἂποτασσομὲνων
1894 2797 1991 2847 τοῦ

347 2873 468 2947 βίου
499 2873 700 2948 ὅμιλος
733 2895 744 2908 ·
783 2882 1000 2951 πρῶτος
1038 2878 1141 2952 γὰρ
1199 2878 1287 2932 καὶ
1352 2878 1510 2950 μόνος
1570 2878 1763 2958 σχεδὸν
1823 2882 1990 2936 εἰπεῖν

341 2967 627 3038 πτερωτής
654 2970 764 3020 τῶν
794 2970 890 3019 τοῦ
922 2966 1110 3041 γένους
1160 2968 1248 3021 καὶ
1285 2972 1390 3021 τῶν
1430 2966 1530 3038 ἔξω
1577 2969 1787 3043 γὲνους,
1817 2972 1843 3025 ὁ
1889 2979 1990 3041 τῆς

339 3054 626 3123 ὁσιότητος
656 3055 884 3129 ξηέρασής
942 3059 1105 3129 ἡμῶν
1157 3054 1445 3114 δέδεικται.
1497 3059 1594 3113 Διᾶ
1659 3066 1825 3114 ταῦτα
1894 3062 1984 3116 καὶ

336 3149 653 3217 προστατεῖν
717 3146 1090 3219 μοκαστηρίου
1158 3146 1379 3201 ἀστικοῦ
1464 3147 1813 3223 ἀναγκάζεται
1886 3152 1980 3224 μὲν

2108 2349 2265 2404 beret
2293 2351 2731 2405 testimonium:
2782 2350 2924 2403 adeo
2970 2354 3048 2413 ut,
3081 2362 3151 2401 ex
3195 2346 3320 2416 ipsa
3351 2344 3448 2398 vili
3481 2345 3742 2411 abiecto-

2104 2455 2217 2510 que
2248 2438 2448 2494 habitu
2481 2438 2809 2493 videntibus
2840 2440 2993 2493 esset
3022 2436 3092 2490 ad
3148 2435 3419 2489 virtutem
3470 2434 3752 2488 hortator.

2101 2529 2262 2594 Quod
2284 2528 2353 2595 si,
2389 2528 2523 2600 quia
2542 2528 2803 2583 urbanus
2842 2529 2984 2592 erat,
3009 2524 3295 2579 suavitate
3326 2523 3577 2592 quadam
3612 2536 3753 2576 con-

2102 2617 2295 2672 diebat
2322 2618 2658 2687 dictionem,
2696 2622 2758 2671 ut
2788 2632 2849 2672 se
2880 2618 3103 2685 aptaret
3133 2613 3493 2668 audientium
3526 2611 3697 2682 genio
3729 2628 3741 2677 ;

2100 2707 2502 2762 consideretur
2532 2708 2777 2773 fructus,
2810 2709 2866 2760 et
2897 2720 3011 2759 non
3052 2701 3470 2773 vituperabitur
3500 2701 3708 2755 modus
3741 2742 3753 2753 .

2098 2797 2237 2861 Quis
2287 2802 2481 2851 autem
2550 2796 2703 2852 iste?
2770 2794 3138 2849 Peccantium
3207 2790 3610 2861 resipiscentia
3676 2794 3734 2843 et

2099 2886 2309 2943 saeculo
2334 2886 2797 2941 renuntiantium
2814 2883 3151 2939 multitudo.
3172 2881 3399 2936 Primus
3421 2895 3665 2949 namque
3682 2883 3737 2934 et

2098 2975 2281 3044 solus,
2316 2980 2379 3029 ut
2399 2975 2447 3029 si
2482 2976 2695 3042 dicam,
2731 2973 2857 3041 fuit,
2893 2972 2991 3044 qui
3024 2971 3220 3043 generi
3262 2975 3481 3031 nostro,
3532 2968 3733 3039 eisque

2097 3064 2198 3134 qui
2228 3071 2387 3121 extra
2412 3064 2558 3119 illud
2590 3067 2757 3120 erant
2785 3062 2907 3118 alas
2938 3060 3163 3117 addidit
3187 3060 3258 3115 ad
3289 3060 3584 3123 virtutem,
3608 3075 3739 3114 nos-

2093 3167 2204 3222 que
2234 3152 2303 3206 ad
2329 3167 2582 3206 amorem
2606 3148 2977 3221 perfectionis
2995 3146 3383 3217 induxit(ll).
3428 3145 3736 3216 Propterea

339 3231 400 3287 οὐ
431 3236 805 3289 καταπειθεται
839 3232 896 3290 δέ
928 3254 940 3267 ·
971 3235 1062 3289 καὶ
1096 3234 1284 3311 ἄρχειν
1328 3244 1428 3307 τῆς
1468 3238 1832 3313 Νικομηδέων
1861 3242 1980 3297 Ἑκ-

2097 3240 2381 3295 instanter
2446 3243 2679 3307 rogatus
2752 3237 2961 3292 urbani
3020 3235 3325 3306 cujusdam
3395 3233 3734 3289 monasterii

336 3317 570 3390 κλησῖας
630 3323 732 3377 ὑπὸ
788 3327 885 3377 τοῦ
936 3329 1233 3393 τηνικαῦτα
1288 3324 1557 3402 προέδρου
1625 3325 1981 3403 προτρέπεται

341 3410 457 3482 μὶν,
493 3411 553 3465 ού
586 3411 899 3487 συνέρχεται
934 3410 1012 3483 δὲ,
1046 3414 1253 3491 φεύγων
1312 3415 1406 3470 τὸν
1463 3416 1669 3491 κλῇρον
1704 3419 1731 3472 6
1788 3418 1984 3473 τούτου

337 3498 506 3571 ἄξιος,
554 3503 646 3556 καὶ
701 3502 765 3556 τὸ
815 3506 913 3571 τῆς
962 3504 1240 3579 ἱεραρχίας
1298 3504 1435 3580 ὕψος
1503 3504 1694 3569 δεδιὼς
1776 3511 1803 3563 6
1882 3513 1981 3580 την

337 3589 533 3660 ἀρετὴν
594 3591 885 3664 μετέωρος.
948 3594 1039 3646 Διὸ
1095 3594 1186 3647 καὶ
1234 3594 1370 3668 πρὸς
1433 3597 1531 3665 τὴν
1591 3596 1756 3674 φίλην
1831 3600 1982 3671 αὐτῷ

336 3678 574 3754 ἡσυχίαν
644 3680 954 3754 ἐπάνεισιν,”
1002 3684 1159 3737 κάκεῖ
1238 3686 1463 3755 καθιστᾷ
1553 3688 1775 3759 μνήμης
1840 3689 1980 3757 ἄξια,

333 3769 574 3824 πτωχῶν
650 3772 1065 3845 προϊστάμενος,
1141 3771 1511 3847 ἀδικουμένων
1616 3776 1982 3850 ὑπερασπιζό-

336 3879 515 3930 μενος,
586 3856 949 3933 θλιϐομένους
1022 3865 1532 3937 παραμυθούμενος,
1619 3866 1708 3919 καὶ
1790 3866 1976 3941 θλίψιν

330 3949 446 4001 οἷαν
496 3948 670 4023 βούλῃ
726 3950 1081 4023 πιεζομένους
1138 3953 1462 4026 θεραπεύων,
1520 3959 1682 4010 τοῦτο
1734 3959 1827 4028 μὲν
1889 3956 1979 4012 διὰ

327 4035 585 4110 γλώσσης
614 4037 705 4094 καί
738 4039 1002 4113 μέλανος,
1034 4040 1148 4096 ἐπεὶ
1195 4044 1268 4115 μὴ
1304 4043 1451 4119 εἶχεν
1502 4043 1662 4116 ἄλλῳ
1692 4046 1799 4100 τινὶ
1840 4067 1978 4123 φαρ-

330 4127 489 4199 μάκῳ
518 4127 787 4199 ἐπαμύνιι
818 4134 898 4201 τῷ
928 4132 1232 4206 προσιόντι,
1264 4132 1353 4187 καὶ
1388 4132 1570 4207 ἴσχυέν
1611 4154 1674 4208 γε
1703 4135 1765 4189 τὸ
1804 4138 1979 4211 γράμ-

331 4236 405 4286 μα
436 4216 510 4277 ὡς
540 4214 719 4291 δῶρον
766 4216 911 4273 αἰδοῖ
967 4224 1063 4275 τοῦ
1118 4217 1335 4295 ἀνδρὸς,
1389 4223 1653 4295 κάμπτων
1712 4226 1849 4299 πρὸς
1892 4226 1972 4279 ol-

323 4325 452 4360 κτον
482 4307 573 4361 τὸν
606 4306 774 4363 ἐλεεῖν
811 4306 1126 4383 δυνάμενον.

392 4399 462 4451 κ’.
494 4399 665 4452 Τοῦτο
698 4395 753 4451 δὲ
781 4400 869 4452 καὶ
895 4398 944 4471 ἐξ
986 4401 1059 4453 ὧν
1090 4399 1370 4475 εύπορεῖτο
1404 4405 1438 4472 ἡ
1472 4405 1598 4478 χεὶρ
1644 4402 1965 4465 ἐπιδιδόναι.

325 4483 681 4559 πληρούντων
716 4488 885 4556 αὐτὴν
930 4493 1037 4543 τῶν
1084 4488 1270 4554 καλῶς
1322 4491 1387 4546 τὰ
1439 4491 1622 4547 ἐνόντα
1672 4494 1962 4549 κενούντων

2096 3331 2496 3400 praefecturam
2547 3327 2861 3398 suscipere,
2912 3326 3150 3381 omnino
3201 3324 3411 3390 renuit,
3463 3327 3518 3377 et
3564 3323 3637 3377 ab
3667 3337 3733 3377 eo

2093 3418 2190 3488 qui
2224 3422 2363 3472 tunc
2393 3422 2515 3472 erat
2546 3415 2874 3487 patriarcha
2930 3415 3040 3486 (l2)
3078 3415 3147 3469 ad
3194 3412 3728 3468 Nicomediensium

2092 3506 2404 3562 Ecclesiam
2440 3509 2747 3574 regendam
2778 3506 3059 3560 invitatus
3099 3504 3341 3574 obsequi
3382 3502 3587 3557 noluit.
3620 3500 3733 3555 cle-

2088 3596 2329 3651 ricatum
2363 3598 2613 3667 fugiens,
2649 3612 2764 3667 quo
2797 3600 2919 3650 erat
2946 3593 3369 3665 dignissimus;
3423 3599 3476 3644 el
3500 3591 3724 3645 bierar-

2089 3686 2316 3739 chicum
2352 3686 2667 3740 formidans
2710 3684 3026 3755 fastigium,
3064 3682 3163 3753 qui
3214 3688 3402 3736 solam
3446 3680 3730 3750 suscipie-

2089 3776 2184 3829 bat
2214 3776 2507 3831 virtutem.
2545 3774 2795 3829 Revertit
2824 3780 3017 3828 autem
3050 3774 3118 3827 ad
3160 3771 3431 3826 dilectam
3465 3770 3577 3825 sibi
3627 3784 3729 3824 so-

2086 3863 2418 3931 litudinem,
2444 3870 2499 3919 et
2521 3864 2598 3919 ibi
2621 3881 2713 3919 res
2737 3864 2869 3919 fecit
2890 3861 3168 3918 memoria
3190 3861 3417 3931 dignas,
3443 3874 3729 3931 pauperes

2086 3954 2423 4021 defendens,
2456 3956 2670 4023 injuste
2701 3968 3011 4024 oppressos
3046 3965 3442 4021 propugnans,
3478 3948 3727 4001 tribula-

2085 4051 2171 4099 tos
2200 4044 2528 4110 consolans,
2561 4048 2619 4098 et
2640 4056 3051 4113 quamcunque
3080 4038 3451 4093 afﬂictionem
3500 4036 3727 4107 patien-

2083 4133 2234 4189 tibus
2264 4135 2650 4201 subveniens;
2683 4134 2857 4203 idque
2888 4131 2971 4187 vel
3021 4146 3289 4185 sermone
3346 4130 3433 4183 vel
3478 4125 3725 4197 epistola

2080 4228 2311 4295 pr0pter
2340 4224 2443 4279 viri
2476 4224 2879 4287 reverentiam,
2911 4222 3093 4275 instar
3124 4219 3386 4274 muneris
3415 4216 3618 4273 efﬁcax
3646 4216 3715 4271 ad

2078 4315 2429 4370 flectendum
2462 4331 2595 4370 eum
2628 4314 2726 4385 qui
2760 4316 2987 4383 poterat
3020 4310 3296 4367 misereri.

2149 4406 2233 4458 20.
2279 4406 2359 4459 Ex
2385 4404 2454 4461 iis
2485 4421 2610 4476 quaa
2643 4404 2714 4459 ad
2748 4418 2986 4458 manum
3020 4405 3183 4457 erant
3215 4397 3573 4471 replentibus
3593 4413 3719 4452 eam

2076 4496 2195 4553 illis
2222 4498 2319 4568 qui
2350 4497 2742 4552 substantiam
2776 4512 2936 4550 suam
2968 4494 3284 4550 credebant
3318 4491 3467 4546 bene
3506 4488 3720 4544 exhau-

317 4571 406 4629 ἐπὶ
441 4574 643 4647 μεθέξει
676 4580 784 4631 τῶν
834 4578 1115 4633 ἆκινώτων
1170 4580 1260 4635 καὶ
1318 4580 1568 4639 αἰωνίων.
1617 4582 1681 4637 Εἴ
1725 4581 1791 4653 δή
1837 4582 1964 4658 μηδ’

2097 4587 2198 4657 'iri,
2242 4592 2476 4659 propter
2531 4586 2883 4642 desiderium
2926 4583 3414 4641 inexhaustorum
3476 4584 3718 4635 aeterno-

386 4705 408 4739 ⁶
438 4705 460 4760 Ι
489 4707 615 4762 Cor.
652 4725 727 4774 ιχ,
759 4710 847 4763 27.

1896 4787 2129 4845 ΝΟΤιΕ.

524 4894 767 4980 Michael
798 4896 857 4979 in
903 4898 1122 4980 Vitis.
1166 4902 1614 4980 Theodorigista
1662 4905 1948 4980 explicat:

315 4987 335 5011 ι
374 4963 529 5046 Plato
561 4968 967 5025 sanctissimus
996 4973 1280 5029 Theodori
1300 4978 1481 5031 nostri
1506 4963 1853 5040 avunculus.
1876 4976 1950 5030 ίῘε

309 5036 658 5120 qpibusciim
694 5047 886 5120 ageret
916 5046 1308 5120 gratissimus,
1343 5048 1557 5103 multos
1589 5050 1657 5103 ad
1704 5036 1951 5103 caelestis

308 5108 967 5190 philosophieitudium
993 5118 1254 5185 pellexit:
1282 5108 1568 5190 imprimis
1590 5126 1779 5175 autem
1799 5136 1951 5185 egre-

305 5179 655 5264 giumhunc
682 5179 1071 5264 Theodorum.
1109 5204 1279 5243 suum
1314 5179 1381 5245 ei
1426 5208 1622 5247 sorore
1657 5179 1944 5262 nepotem,

305 5256 490 5336 quiiet
522 5256 645 5336 ip‘se
670 5256 793 5336 jam
828 5256 1051 5336 dudum
1092 5276 1193 5326 per
1223 5278 1284 5314 se
1318 5269 1378 5317 ut
1427 5264 1662 5331 dicitur,
1694 5256 1946 5334 coeperat

302 5320 719 5405 philosophari.
755 5329 902 5405 Quin
944 5320 1104 5405 ipsos
1134 5348 1361 5405 quoque
1408 5320 1689 5390 Theodori
1729 5320 1941 5405 paren-

300 5399 389 5447 tes
419 5400 474 5447 et
507 5397 732 5475 fratres,
772 5397 1091 5475 J_oseobugm
1116 5397 1173 5457 et
1209 5397 1559 5474 Eutymium,
1604 5397 1738 5461 cum
1773 5425 1942 5475 parva

302 5480 519 5549 sorore,
553 5474 609 5520 et
640 5483 777 5549 suos
800 5470 984 5549 ipsius
1016 5472 1220 5549 fratres
1250 5470 1463 5540 adjecit
1494 5470 1675 5542 Plato,
1711 5470 1943 5549 quinu-

300 5544 612 5619 meroitem
645 5544 762 5593 tres
793 5548 973 5619 erant.
1010 5548 1363 5619 Hosomnes
1390 5554 1666 5618 tanquam
1699 5544 1763 5605 ex
1783 5567 1938 5605 com-

298 5613 820 5690 positoucommuni
870 5616 997 5690 vita).
1045 5614 1304 5690 caelibem
1355 5613 1795 5689 anteponentes,
1829 5623 1936 5678 de-

299 5679 586 5762 ducit_ille
613 5698 811 5762 secum
841 5690 898 5762 et
928 5679 1930 5762 disciplina;imbuit-praestantiore.

293 5752 369 5808 At
397 5748 484 5805 illi
508 5754 812 5810 confestim
843 5757 894 5812 ei
942 5748 1095 5827 opes'
1110 5763 1166 5815 et
1214 5759 1442 5817 divitias
1490 5748 1548 5819 ἐι
1577 5748 1932 5823 catenata-V-

2062 4904 2309 4979 cultates
2339 4920 2663 4979 pauperum
2711 4904 2939 4979 sinibus
2964 4903 3276 4979 ingerunt,
3312 4913 3506 4955 servos
3535 4896 3707 4979 innu:

2068 4972 2375 5033 merabiles
2407 4972 2477 5033 in'
2498 4977 2824 5032 libertatem
2846 4974 3164 5041 vindicant,
3197 4972 3492 5041 Deumque
3524 4972 3708 5024 secuti

2063 5066 2128 5105 ac
2152 5051 2457 5105 ducentem
2492 5050 2738 5115 Patrem,
2778 5045 3120 5117 Byzantium
3168 5043 3482 5117 reliquunt.
3516 5044 3705 5117 «_Hzec

2062 5122 2178 5176 ibi:
2214 5138 2340 5193 quae
2392 5122 2499 5175 sub
2560 5113 2743 5193 Leone
2791 5113 3073 5193 C'hazares
3117 5120 3328 5193 coepta,
3357 5114 3487 5193 hsub
3524 5113 3707 5193 _lrene

2060 5183 2290 5264 peracta
2319 5198 2477 5256 sunt,
2502 5192 2734 5263 quando
2766 5190 2986 5263 pariter
3015 5183 3222 5243 omnes
3251 5183 3319 5240 ad
3354 5183 3703 5264 Sacudionis

2057 5256 2475 5320 monasterium
2524 5256 2832 5331 secessere,
2890 5268 2953 5317 ut
3016 5277 3149 5315 mox
3204 5258 3468 5329 sequenti
3514 5256 3703 5327 capite

2055 5338 2301 5393 dicetur.

2124 5410 2237 5478 (12)
2271 5410 2328 5464 S.
2353 5407 2653 5462 Tarasium
2687 5406 2803 5461 CP.‘
2829 5402 3212 5478 patriarcham
3264 5399 3523 5478 intelligo
3552 5396 3697 5478 :_qui

2050 5469 2183 5535 cum
2218 5469 2487 5552 piissima
2522 5481 2693 5552 lrene
2725 5469 3129 5552 orthodoxiam
3179 5473 3457 5552 restituit,
3486 5469 3696 5552 dabat-

2050 5567 2160 5622 que
2204 5544 2440 5621 operam
2475 5556 2538 5605 ut
2570 5550 2835 5605 Ecclesiae
2880 5546 3139 5622 quzesiib
3178 5544 3693 5622 Iconomachorum

2047 5608 2380 5693 tyrannide,
2423 5608 3146 5693 vel,lepiscopisﬁforbatae
3208 5613 3567 5693 mcerebant.‘
3607 5608 3692 5662 vel

2044 5681 2329 5751 h'aareticis
2351 5681 2653 5764 traditieJu
2662 5710 2766 5762 pos
2778 5681 3230 5764 .pro'pastoribus
3244 5684 3396 5739 alere
3414 5681 3689 5764 cogeban-

2043 5770 2159 5834 tur,
2183 5767 2277 5822 his
2309 5766 2529 5837 ejectis,
2550 5755 2839 5836 legitimos
2860 5755 2918 5817 et
2945 5759 3295 5817 orthodoxos
3316 5755 3677 5811 sortirentur.
