4090 6288
405 398 525 458 823

1652 391 1715 448 S.
1762 385 2162 447 THEODORI
2210 381 2569 444 STUDl'l‘jE

3681 366 3795 426 824

404 543 655 596 rumque
685 526 964 582 bonorum
993 524 1297 595 satagebat
1338 522 1558 593 largiri,
1590 525 1654 575 ut
1684 524 1922 592 poterat,
1949 523 2047 573 aut

2164 532 2352 605 ἑτέρῳ.
2399 527 2737 604 παρακλήσει
2797 525 3018 596 ἐξαίρων
3085 523 3146 576 τὸ
3203 517 3392 593 ἄλγος,
3449 517 3538 572 καὶ
3603 537 3802 591 μακρο-

407 617 612 672 saltem
645 615 997 671 consolando
1031 613 1289 668 dolorem
1327 613 1608 677 eximens,
1638 616 2042 681 exasperatum

406 722 649 762 maerore
681 705 940 760 animum
965 703 1208 758 leniebat
1237 702 1533 775 prolixiori
1556 701 2043 757 confabulatione.

408 796 551 860 Quid
589 796 796 850 mirum
821 793 848 848 ‘?
870 794 1099 850 Poterat
1131 809 1264 847 cum
1315 794 1635 847 venerando
1682 791 1785 845 Job
1817 791 2005 844 dicere
2032 806 2046 843 :

406 885 633 939 Salvum
661 883 942 952 faciebam
979 899 1213 952 egenum
1244 884 1314 937 de
1361 899 1529 936 manu
1579 881 1824 947 violenti,
1868 888 1917 934 et
1955 895 2046 933 or-

404 974 653 1044 phanum
694 975 784 1028 cui
828 988 938 1027 non
985 977 1101 1028 erat
1139 972 1405 1038 adiutor:
1455 969 1752 1025 benedictio
1809 969 2050 1038 perituri

404 1081 569 1135 super
616 1079 702 1119 me
750 1063 1020 1129 veniebat,
1061 1072 1112 1118 et
1162 1077 1253 1117 cor
1313 1060 1491 1116 viduae
1529 1060 1841 1114 consolatus
1887 1075 2048 1113 sum:

410 1169 652 1217 causam,
690 1169 852 1223 quam
899 1151 1224 1216 nesciebam,
1274 1148 1702 1220 diligentissime
1753 1149 2049 1217 investiga-

412 1242 536 1297 bam
564 1240 606 1296 ⁷.
642 1242 1000 1312 Quapropter
1047 1242 1464 1311 agnoscebatur
1513 1245 1575 1293 ut
1623 1245 1804 1310 pater,
1853 1238 2048 1291 lauda-

407 1331 576 1387 batur
609 1337 672 1385 ut
716 1335 1023 1401 protector,
1078 1330 1525 1384 benedicebatur
1563 1336 1628 1384 ut
1667 1334 1918 1393 curator,
1960 1328 2045 1381 vi-

408 1421 635 1481 sebant,
669 1421 1037 1485 occurebant,
1080 1419 1474 1489 suscipiebant
1503 1434 1631 1472 eum
1673 1423 1789 1472 tam
1824 1417 1922 1487 qui
1954 1433 2046 1471 so-

410 1511 657 1565 litariam
708 1525 883 1580 quam
934 1509 1028 1578 qui
1069 1524 1440 1563 communem
1493 1508 1911 1578 proﬁtebantur
1958 1508 2046 1559 vi-

406 1607 520 1654 tam
550 1600 663 1670 (t3)
701 1615 714 1666 ;
743 1603 800 1654 et
829 1599 984 1653 ultra
1020 1615 1145 1669 quis
1177 1597 1465 1652 incolebat
1508 1597 1632 1652 loca
1681 1597 2048 1650 differebatur

406 1689 538 1758 ejus
571 1691 742 1752 fama,
777 1704 908 1741 cum
941 1687 999 1741 in
1042 1689 1302 1743 omnium
1338 1704 1434 1741 ore
1479 1696 1629 1741 esset
1680 1685 1863 1750 Plato,
1895 1684 2049 1738 velut

411 1793 504 1831 res
539 1779 788 1832 maxima
821 1785 994 1848 atque
1026 1777 1374 1848 dignissima
1409 1794 1420 1830 :
1453 1792 1626 1847 quem
1660 1776 1910 1846 profecto
1945 1789 2046 1828 nec

2166 624 2301 696 τέρᾳ
2351 619 2665 692 ὂιερωττίσει
2731 614 3019 669 ἀπαλύνων
3079 611 3178 678 τήν
3225 609 3634 683 τραχυνομένην
3681 627 3801 682 καρ-

2170 695 2287 766 διαν
2338 714 2434 764 τοῦ
2491 709 2812 779 κάμνοντος,
2845 702 2907 758 Τί
2965 699 3268 773 Θαυμαστὸν
3306 699 3438 772 πρὸς
3495 701 3684 767 ταῦτα,
3715 695 3799 750 καὶ

2158 801 2320 855 αὐτὸν
2382 799 2515 871 μετὰ
2568 800 2666 850 τοῦ
2722 791 2978 864 ἀοιδίμου
3014 784 3136 846 Ἰὼϐ
3193 787 3367 842 ἐκεῖνα
3423 785 3600 861 λέγειν
3645 804 3659 817 ⁸
3719 793 3802 839 Δι-

2157 891 2329 945 έσωσα
2385 887 2609 961 πτωχὸν
2671 884 2730 939 ἐκ
2797 882 2983 960 χειρὸς
3061 877 3341 943 δυνάστου,
3393 898 3478 931 και
3587 876 3800 951 ὀρφανῷ

2159 982 2220 1035 οὗ
2279 981 2376 1034 οὐκ
2430 980 2497 1047 ἧν
2562 976 2762 1051 βοηθὸς
2828 968 3125 1042 ἐϐοήθησα,
3192 969 3367 1040 στόμα
3412 966 3468 1021 δὲ
3529 970 3705 1041 χήρας
3739 986 3801 1037 με

2159 1069 2490 1142 ηύλόγησεν,
2551 1063 2707 1135 δίκην
2767 1061 2824 1116 δὲ
2881 1063 2945 1130 ἣν
3015 1061 3114 1115 οὐκ
3164 1055 3313 1132 ᾔδειν
3370 1056 3648 1130 ἐξιχνίασα
3681 1073 3694 1084 “
3728 1055 3796 1107 ὧν

2155 1157 2331 1214 ἕνεκεν
2375 1158 2461 1211 καὶ
2504 1157 2577 1216 ὡς
2625 1155 2805 1224 πατὴρ
2846 1150 3183 1226 ἐγνωρίζετο,
3231 1149 3320 1202 καὶ
3371 1147 3444 1208 ὡς
3493 1145 3799 1219 προστάτης

2158 1246 2541 1321 ἐμεγαλύνετο,
2593 1244 2680 1297 καὶ
2724 1242 2798 1303 ὡς
2844 1238 3100 1312 κηδεμὼν
3143 1237 3522 1310 ἐμακαρίζετο,
3587 1235 3799 1308 ὁρώμε-

2157 1359 2272 1405 νος,
2330 1335 2736 1404 ἀπαντώμενος,
2816 1329 3172 1402 ξενιζόμενος,
3251 1326 3396 1399 παρὰ
3487 1327 3798 1394 μονασταῖς,

2157 1427 2301 1500 παρά
2347 1424 2591 1498 μιγάσιν,
2625 1420 2700 1482 εἷς
2753 1421 2816 1474 τὰ
2867 1419 3180 1492 ὑπερέκεινα
3224 1417 3301 1470 ὧν
3350 1417 3576 1483 ἠσκεῖτο
3625 1411 3801 1466 τόπων

2156 1523 2256 1583 τῆς
2315 1513 2436 1585 περὶ
2496 1511 2658 1566 αὑτοῦ
2720 1512 2910 1586 φήμης
2970 1505 3399 1580 διαδραμούσης,
3441 1504 3530 1557 καὶ
3588 1502 3797 1557 πάντων

2158 1604 2248 1657 τὸν
2282 1601 2545 1656 Πλάτωνα
2575 1599 2626 1652 ἐν
2665 1603 2784 1658 ταῖς
2843 1598 3041 1651 ἑαυτῶν
3075 1594 3376 1671 γλώσσαις,
3429 1592 3506 1653 ὼς
3567 1588 3700 1663 μέγα
3751 1610 3801 1642 τι

2157 1693 2245 1748 καὶ
2306 1690 2623 1766 ἀξιάγαστον
2682 1694 2898 1762 χρῆμα,
2931 1685 3293 1764 ἐπιφερόντων
3331 1703 3343 1715 ·
3395 1683 3450 1735 ὃν
3493 1680 3585 1734 καὶ
3621 1681 3648 1733 6
3683 1676 3804 1751 μέλ-

2158 1780 2268 1836 λων
2304 1781 2503 1854 χρόνος
2551 1777 2606 1832 εὖ
2667 1773 2770 1831 οἷδ’
2821 1777 2903 1830 ὅτι
2965 1775 3029 1828 οὐ
3099 1775 3386 1848 σιγήςειεν,
3431 1767 3586 1842 εἴπερ
3645 1767 3799 1842 ἀρετή

400 1867 608 1924 futura
638 1867 894 1923 silebunt
917 1873 1196 1937 tempora,
1229 1882 1358 1922 cum
1382 1867 1569 1922 virtus
1596 1881 1685 1920 res
1708 1866 1781 1919 sit
1813 1865 2044 1920 immor-

2162 1875 2376 1945 πρᾶγμα
2407 1868 2685 1923 ἀθάνατον.

407 1957 568 2014 talis.

1068 2106 1228 2162 CAP.
1279 2105 1373 2160 IV.

2784 2105 3049 2158 ΚΕΦΔΛ.
3084 2100 3156 2155 Δ’.

591 2198 907 2282 Praeﬁcitur
937 2211 1258 2268 Sacudiom's
1287 2214 1619 2268 monasterio
1647 2212 1825 2282 Plato,
1857 2220 1909 2268 et
1939 2229 2038 2280 pro
2066 2216 2414 2270 veneratione
2441 2220 2758 2268 sanctarum
2788 2209 3096 2283 imaginum
3123 2208 3239 2279 agit
3286 2206 3347 2262 in
3377 2203 3633 2261 concilio.

478 2319 566 2374 2|.
590 2319 755 2375 Nunc
773 2319 1282 2375 commemoranda
1311 2319 1480 2388 nobis
1509 2319 2052 2376 venitChristianis-

415 2409 564 2464 sima
595 2411 776 2476 Irene,
807 2409 1244 2480 paciﬁca,juxta
1274 2407 1364 2463 sui
1389 2409 1644 2463 nominis
1673 2413 1921 2480 etymon,
1947 2409 2051 2464 im-

409 2497 704 2569 peratrix;
738 2497 796 2553 in
829 2513 944 2569 qua
969 2497 1077 2553 hoc
1109 2502 1310 2568 praeter
1343 2497 1454 2552 alia
1483 2498 1834 2553 laudandum
1872 2499 2047 2564 venit,

413 2586 571 2656 quod
624 2587 731 2642 sub
781 2604 848 2642 ea
896 2588 974 2642 sit
1022 2595 1218 2658 aperta
1263 2587 1442 2657 janua
1493 2586 1824 2641 volentibus
1876 2587 2048 2642 vitam

411 2675 794 2731 monasticam
825 2675 1117 2748 amplecti,
1143 2682 1276 2732 ante
1308 2676 1412 2731 hac
1443 2675 1820 2747 regnantibus
1853 2676 2050 2744 impiis

410 2765 564 2821 haud
599 2766 795 2821 minus
826 2767 1023 2821 clausa
1055 2768 1163 2820 sub
1196 2765 1445 2820 ethnicis
1496 2772 1618 2820 erat
1665 2766 1733 2819 ad
1767 2765 2050 2821 Christia-

412 2855 696 2912 nismum.
730 2855 892 2910 Tunc
947 2856 1215 2910 universa
1250 2862 1450 2910 nostra
1498 2855 1714 2909 familia
1744 2857 2044 2910 renuntia-

409 2945 492 2999 vit
510 2945 718 3000 saeculo
735 2962 748 2999 :
773 2952 910 3000 tunc
925 2945 1332 3001 celeberrimus
1348 2945 1513 2999 Pater
1527 2951 1718 2999 noster
1742 2951 1870 3015 post
1884 2949 2045 3015 quie-

407 3037 525 3088 tem
555 3033 893 3088 solitudinis
926 3036 1178 3103 suscepit
1209 3033 1575 3102 praalaturam
1602 3048 1615 3086 :
1651 3033 1928 3103 suscepit,
1960 3033 2049 3087 in-

410 3139 610 3194 quam,
637 3138 740 3179 nec
771 3124 968 3178 volens
1002 3140 1106 3178 nec
1133 3123 1372 3193 cupiens
1406 3124 1717 3192 (quomodo
1747 3123 1922 3185 enim,
1948 3123 2048 3193 qui

405 3213 689 3268 maximas
715 3213 956 3284 fugerat,
983 3213 1333 3283 dignitatum
1361 3211 1736 3266 minimarum
1761 3212 2048 3265 desiderio

403 3299 778 3371 teneretur?),
810 3301 911 3355 sed
944 3305 1156 3370 partim
1190 3300 1752 3366 consanguineorum
1777 3299 2046 3369 precibus

2225 2320 2325 2375 κα’.
2360 2316 2521 2374 Ἀλλ’
2549 2320 2675 2385 ἧκεν
2706 2319 2839 2388 ἡμῖν
2873 2318 2907 2384 ἡ
2952 2313 3316 2390 χριστοφόρος
3369 2309 3609 2382 Εῗρήνη,
3644 2310 3678 2376 ἡ
3719 2328 3805 2378 φε-

2157 2408 2423 2482 ρωνύμως
2478 2404 2863 2480 βασιλεύσασα,
2895 2403 2949 2458 ἐν
3049 2403 3184 2475 μετὰ
3232 2405 3337 2455 τῶν
3377 2397 3571 2454 ἄλλων
3629 2395 3803 2450 καλῶν

2153 2498 2243 2551 καὶ
2284 2499 2318 2565 ἡ
2377 2500 2474 2550 τσῦ
2527 2495 2775 2568 μονάζειν
2825 2496 2986 2550 παντὶ
3051 2497 3129 2564 τῷ
3187 2489 3518 2566 βουλομένῳ
3572 2485 3803 2558 ἠνέῳκτο

2155 2584 2309 2656 θύρα,
2368 2585 2535 2639 πάλαι
2595 2585 2698 2638 ὕπὸ
2749 2577 2974 2644 ἀσεϐοῦς
3065 2579 3343 2656 βασιλείας
3418 2573 3799 2645 κεκλεισμένη,

2153 2674 2390 2747 καθάπερ
2425 2674 2526 2727 ὑπὸ
2560 2670 2997 2742 Ἐλληνιζούσης
3038 2692 3100 2725 το
3151 2668 3571 2743 Χριστιανίζειν.
3606 2666 3802 2721 Ἐντεῦ-

2157 2766 2240 2818 θεν
2282 2766 2316 2832 ἡ
2366 2763 2488 2837 περὶ
2547 2766 2693 2834 ἡμᾶς
2755 2763 2850 2834 μὲν
2905 2760 3189 2821 πανέστιος
3250 2759 3528 2831 ἀποταγὴ,
3588 2758 3682 2809 τοῦ
3748 2750 3799 2806 δὲ

2155 2856 2510 2931 πανεσφήμου
2567 2854 2773 2925 Πατρὸς
2821 2855 2855 2921 ἡ
2913 2853 3046 2924 μετᾶ
3091 2853 3189 2919 τήν
3229 2849 3467 2924 ἡσυχίαν
3521 2842 3799 2920 ἡγεμονία,

2156 2946 2215 2999 οὐ
2253 2945 2590 3017 βουλομένου
2618 2941 2883 3015 μὲν,οὐδὲ
2927 2939 3252 3016 ὀρεγομένου
3297 2938 3488 3014 ἄρχειν
3524 2940 3662 3008 (πῶς
3702 2933 3798 3006 γὰρ

2155 3034 2214 3088 ἂν
2245 3035 2271 3087 6
2328 3035 2423 3095 τὰς
2460 3034 2712 3108 μεγίστας
2747 3031 2930 3107 φυγὼν
2986 3030 3153 3104 έρχὰς
3203 3028 3375 3104 ἐφέσει
3434 3031 3544 3080 τῶν
3585 3020 3800 3108 ὑιρειμέ-

2155 3145 2259 3177 νων
2293 3107 2577 3194 ἡλίσκετο)
2609 3120 2753 3176 ἀλλὰ
2785 3121 2846 3176 τὸ
2905 3121 2999 3193 μὲν
3041 3116 3430 3180 κατακλασθεὶς
3464 3115 3569 3170 ὑπὸ
3598 3117 3691 3168 τοῦ
3720 3107 3800 3165 αἳ-

2159 3233 2332 3285 ματος
2388 3211 2686 3286 (εἰρήσεται
2728 3211 2832 3284 γὰρ
2885 3212 2930 3264 τ’
2982 3208 3205 3279 ἀληθὲς,
3249 3207 3295 3262 εἰ
3343 3206 3432 3260 καὶ
3472 3204 3798 3278 τραχύτερος

2157 3303 2184 3355 6
2217 3301 2428 3377 λόγος),
2461 3301 2522 3354 τὸ
2573 3297 2627 3352 δὲ
2678 3300 2767 3353 καὶ
2819 3298 3041 3360 ἐλπίσας
3089 3299 3188 3366 τὴν
3232 3295 3398 3363 αὐτὴν
3454 3293 3634 3368 ἴσχειν
3677 3295 3799 3360 ἡσυ-

410 3388 702 3445 emollitus
732 3389 943 3459 (dic-am
977 3389 1129 3443 enim
1174 3389 1327 3459 quod
1365 3406 1455 3444 res
1495 3395 1602 3455 est,
1636 3389 1745 3444 etsi
1787 3388 1954 3458 paulo
1986 3388 2043 3443 id

2162 3391 2301 3458 7.€aiv,
2332 3389 2428 3443 κᾶν
2461 3392 2527 3460 τῇ
2563 3387 2876 3465 ἠγεμονείᾳ,
2911 3386 3041 3461 ὅπερ
3075 3387 3183 3460 οὐχ
3233 3385 3346 3440 οἷόν
3379 3405 3457 3438 τε.
3512 3379 3651 3440 Οὐδὲ
3704 3379 3799 3456 γὰρ

405 3478 815 3533 inconcinnius
844 3479 1151 3548 videatur),
1179 3481 1383 3548 partim
1407 3478 1728 3547 confidens,
1761 3479 1912 3547 quod
1951 3478 2036 3531 vel

405 3567 464 3620 in
503 3567 632 3636 ipsa
665 3567 1004 3636 praefectura
1035 3573 1230 3637 posset
1265 3568 1567 3637 pristinam
1619 3567 1871 3636 quietem
1904 3585 2040 3622 con-

407 3669 636 3708 servare
664 3671 675 3706 :
709 3654 806 3707 sed
833 3655 937 3708 hoc
961 3670 1328 3726 nequaquam
1356 3659 1420 3708 ut
1451 3655 1723 3724 sperabat
1753 3655 2038 3724 obtinuit;

408 3742 601 3799 mulla
632 3744 787 3799 enim
823 3746 1173 3798 tentationes
1214 3745 1265 3799 ei
1295 3760 1362 3798 ex
1397 3745 1504 3800 hoc
1545 3745 1725 3815 capite
1761 3760 2043 3814 provene-

414 3839 552 3888 runt
580 3850 593 3888 :
639 3850 670 3888 a
702 3835 917 3904 quibus
939 3850 1068 3890 vero
1101 3839 1158 3889 et
1188 3849 1290 3905 per
1319 3851 1464 3905 quos
1496 3851 1572 3888 eis
1612 3834 1826 3889 fuerint
1855 3835 2046 3891 susci—

2154 3480 2393 3548 ζητήσας
2436 3477 2558 3551 εὗρε
2588 3478 2650 3531 τὸ
2691 3476 3050 3548 ἐλπιζόμενον
3073 3495 3086 3506 ·
3121 3474 3399 3529 κάντεῦθεν
3419 3472 3572 3543 αὐτῷ
3595 3473 3644 3525 οἱ
3674 3468 3800 3523 πολ·

2152 3566 2242 3622 λοὶ
2275 3567 2596 3628 πνεόσαντες
2628 3567 2921 3641 πειρασμοί
2960 3586 2971 3598 ·
2995 3567 3057 3619 τὸ
3105 3564 3162 3618 δὲ
3214 3565 3298 3638 ὑφ’
3331 3564 3402 3616 ὧν
3434 3561 3528 3616 καὶ
3588 3559 3660 3614 δι’
3686 3557 3795 3626 δῧς,

2150 3655 2354 3731 ἀφίημι
2387 3655 2591 3729 λέγειν,
2625 3653 2772 3709 αἰδοῖ
2809 3658 2916 3708 τῶν
2958 3653 3291 3728 προσώπωτ,
3325 3650 3471 3718 πλὴν
3504 3646 3653 3704 ἕλκει
3687 3645 3795 3721 βίον

2153 3743 2418 3820 ὀδυνηρόν
2461 3767 2519 3799 τε
2566 3745 2654 3800 καὶ
2696 3744 3008 3817 ἀνώμαλον,
3068 3743 3158 3798 καὶ
3223 3745 3321 3810 τῆς
3381 3740 3586 3800 οἰκείας
3644 3734 3793 3806 ἕξεως

2157 3832 2510 3907 ἀναρμόδιον.

413 3931 572 3992 tates,
625 3942 1006 3997 personarum
1054 3930 1322 3994 respectu
1375 3925 1563 3980 dicere
1597 3928 2008 3992 praetermitto:
2057 3929 2162 3981 hoc
2221 3932 2444 3982 tantum
2506 3927 2793 3998 signiﬁco,
2829 3927 2982 3997 quod
3015 3925 3188 3980 vitam
3240 3923 3522 3978 molestiis
3567 3921 3792 3993 plenam

407 4033 439 4070 a
469 4032 692 4086 suoque
722 4016 992 4071 instituto
1025 4020 1081 4070 et
1111 4015 1402 4086 proposito
1442 4015 1857 4070 alienissimam
1889 4015 2128 4071 duxerit.

476 4107 566 4158 22.
626 4106 774 4169 Quid
824 4110 1018 4160 autem
1063 4105 1197 4160 fecit
1246 4105 1506 4175 generosi
1558 4105 1740 4160 animi
1798 4106 2050 4176 rectique

405 4194 637 4249 consilii
670 4196 802 4249 vir?
854 4195 1166 4265 Postquam
1217 4193 1289 4248 ad
1322 4194 1691 4264 praalaturam
1724 4200 1955 4265 raptum
1989 4211 2050 4250 se

407 4283 572 4348 vidit,
606 4300 789 4354 neque
819 4300 946 4339 eam
981 4283 1230 4353 effugere
1269 4283 1566 4354 (quamvis
1597 4285 1667 4338 de
1699 4284 1805 4339 hoc
1835 4285 2049 4354 saepius

410 4373 772 4442 deliberaret)
795 4374 938 4428 citra
961 4374 1279 4444 periculum
1306 4391 1475 4444 posse
1500 4395 1514 4442 ;
1551 4375 2048 4444 quemadmodum

409 4463 766 4531 gubernator
814 4465 1092 4532 prudens,
1147 4464 1206 4518 in
1269 4466 1455 4518 medio
1516 4464 2050 4532 circumstrepentis

411 4551 676 4623 procellae
715 4554 1093 4619 constitutus,
1119 4570 1349 4607 omnem
1381 4553 1565 4607 animi
1597 4559 1889 4624 torporem
1925 4571 1957 4607 a
1988 4569 2050 4607 se

410 4642 704 4697 excussit:
737 4649 794 4697 et
846 4643 1059 4697 mentis
1103 4643 1302 4699 oculos
1343 4659 1578 4699 sursum
1626 4644 1918 4710 attollens,
1967 4645 2048 4696 in-

408 4733 694 4802 vestigare
726 4733 896 4803 coepit
935 4734 1193 4788 vivorum
1235 4741 1568 4788 sanctorum
1611 4733 1785 4798 vitas,
1818 4750 1931 4788 non
1973 4735 2043 4788 ad

2165 4727 2374 4803 ἀνδρῶν
2433 4730 2584 4804 βίους
2629 4749 2641 4762 ·

412 4820 665 4874 recentia
694 4823 955 4893 exempla
986 4823 1303 4891 reapiciens
1334 4822 1479 4894 (haec
1511 4821 1665 4876 enim
1713 4821 2051 4892 plerumque

411 4907 653 4964 distorta
683 4912 1037 4979 confusaque
1069 4911 1248 4982 sunt),
1273 4913 1373 4965 sed
1405 4912 1473 4964 ad
1507 4911 1874 4980 archetypum
1914 4927 2052 4980 apo-

412 4997 624 5052 stolicae
653 4999 783 5054 vitae
817 4999 1154 5071 imaginem,
1186 5003 1339 5071 quod
1375 5001 1561 5055 facere
1603 5005 1818 5068 Oportet
1851 5014 2049 5054 omnes

411 5103 509 5141 eos
539 5089 636 5157 qui
672 5090 936 5159 perfecta:
969 5090 1193 5144 virtutis
1225 5089 1606 5143 simulacrum
1640 5090 1962 5158 exprimere
1990 5089 2047 5142 in

412 5193 470 5230 se
501 5177 763 5246 cupiunt,
797 5186 852 5233 et
898 5181 1074 5234 vitam
1128 5179 1330 5233 volunt
1360 5178 1432 5232 ad
1463 5178 1906 5232 similitudinem
1941 5177 2052 5232 Pa-

411 5271 564 5320 trum
599 5276 764 5336 atque
794 5270 862 5320 ad
900 5267 1146 5322 salutem
1184 5268 1506 5322 instituere.

483 5357 572 5409 23.
614 5355 869 5410 Primum
903 5363 1094 5412 autem
1129 5358 1236 5412 hoc
1272 5358 1420 5422 fecit,
1465 5360 1522 5410 et
1578 5355 1810 5426 quidem
1843 5357 2047 5412 admo-

483 5486 504 5521 ⁷
533 5485 659 5541 Job.
695 5501 750 5551 ν,
786 5486 889 5554 13;
925 5501 1077 5553 xxxx,
1115 5486 1200 5554 12,
1237 5485 1320 5539 16.

2376 4103 2552 4161 Ἀλλά
2607 4106 2659 4158 τί
2717 4109 2864 4158 ποιεῖ
2894 4104 2920 4157 6
2970 4108 3211 4178 γενναῖος
3267 4100 3473 4161 ἐκεῖνος
3503 4100 3671 4160 ὅντως
3715 4094 3797 4149 καὶ

2161 4190 2500 4257 εὐοόϐουλος
2542 4215 2556 4261 ;
2587 4192 2809 4262 Ἐπειδή
2847 4195 2989 4264 ἑώρα
3027 4194 3213 4248 ἑαυτὸν
3249 4191 3533 4246 ἑαλωκότα
3560 4192 3625 4261 τῇ
3673 4206 3798 4257 προι-

2160 4284 2370 4355 στασίᾳ,
2421 4286 2509 4338 καὶ
2587 4290 2772 4362 φυγεῖν
2831 4284 3029 4353 ταύτην
3096 4283 3199 4337 οὐκ
3254 4278 3559 4347 ἀκίνδυνον,
3618 4277 3797 4334 καίπερ

2158 4371 2431 4434 πολλάκις
2487 4375 2948 4447 βουλευσάμενος,
2990 4375 3078 4428 οἵά
3137 4393 3218 4434 τις
3279 4369 3689 4447 οἰακοστρόφος,
3748 4362 3795 4417 ἐν

2163 4464 2310 4534 μέσῳ
2353 4460 2628 4525 κκύδωνος
2683 4466 3050 4538 περιζέοντος,
3091 4463 3152 4516 τὸ
3211 4468 3312 4530 τῆς
3351 4464 3536 4534 ψυχῆς
3576 4451 3795 4513 ὀκνῶδες

2162 4553 2619 4624 ἀποσεισάμενος,
2651 4561 2738 4606 καὶ
2787 4554 2848 4607 τὸ
2899 4560 2998 4622 τῆς
3060 4549 3302 4612 διανοίας
3357 4549 3514 4622 ὄμμα
3573 4543 3798 4620 ὑψιφρόο

2157 4662 2263 4702 νως
2290 4640 2590 4709 ἀνατείνας,
2635 4641 2921 4717 ἰχνηλατεῐ
2970 4640 3166 4696 λοιπὸν
3211 4639 3336 4701 τοὺς
3377 4642 3482 4692 τῶν
3529 4634 3793 4710 μακαρίων

2696 4732 2758 4785 οὗ
2810 4732 2945 4804 πρὸς
2990 4731 3055 4785 τὰ
3102 4735 3349 4804 προσεχῆ
3401 4723 3795 4801 παραδείγματα

2164 4818 2409 4893 βλέπων,
2445 4820 2555 4874 ἐπεὶ
2619 4820 2750 4890 loga
2803 4822 2891 4875 καὶ
2960 4817 3355 4894 συγκεχυμέΛα,
3415 4815 3550 4891 πρός
3611 4811 3663 4866 δέ
3703 4811 3792 4877 τήν

2161 4909 2471 4986 ἀρχέτυπον
2533 4909 2713 4963 εἰκόνα
2765 4917 2864 4978 τῆς
2919 4905 3291 4977 ἀποστολικῆς
3355 4912 3498 4976 ζωῆς
3573 4903 3796 4957 ἀποσκο-

2159 5001 2276 5050 πῶν
2396 4996 2480 5052 δεῖ
2510 4998 2708 5058 πάντας
2761 4998 2887 5060 τοὺς
2937 5000 3034 5066 τῆς
3085 4997 3281 5071 ἀρετῆς
3327 4995 3561 5072 γραφέας
3612 4991 3794 5051 ποιεῖν,

2161 5085 2213 5140 εἷ’
2236 5109 2298 5160 γε
2359 5086 2618 5158 μέλλοιεν
2679 5085 3069 5159 Πατροείκελον
3115 5086 3205 5140 καὶ
3241 5086 3510 5158 σωτήριον
3542 5081 3631 5135 τὸν
3681 5079 3792 5130 εαυ-

2157 5180 2265 5230 τῶν
2331 5177 2448 5250 βίον
2513 5176 2944 5252 ἀπεργάζεσθαι),
3005 5180 3222 5250 πρῶτον
3275 5178 3439 5228 τοῦτο
3496 5173 3660 5236 ποιεῖ,
3712 5161 3791 5218 καὶ

2162 5264 2282 5319 λίαν
2312 5270 2596 5327 νεανικῶς.

2232 5358 2332 5433 κγ’.
2368 5357 2459 5420 Εἲς
2498 5358 2591 5418 τὰς
2627 5361 2724 5412 τοῦ
2785 5356 3026 5432 μεγάλου
3081 5356 3170 5411 καῖ
3221 5357 3483 5436 θεοφόρου
3533 5346 3789 5428 βασιλείου

1999 5575 2228 5632 ΝΟΤΕ.

477 5695 598 5769 ’(13)
629 5696 818 5756 Graece
852 5691 1092 5770 μιγάδες.
1127 5696 1374 5754 Sirletus
1403 5697 1718 5767 conjugatos
1756 5694 1945 5762 vertit,
1980 5699 2035 5750 et

2162 5699 2381 5768 νασταῖς,
2411 5696 2730 5768 monachis,
2762 5714 2859 5756 eos
2887 5700 3142 5772 opponit.
