4090 6288
325 390 442 452 825

1003 388 1307 453 ORATIO
1343 389 1445 451 XI.
1494 418 1572 433 --
1614 386 2014 452 LAUDARIO
2058 388 2122 449 S.
2168 388 2557 451 PLATONIS
2601 388 3031 453 HEGUMENI.

3596 383 3726 447 826

326 520 645 595 νομοθεσίας
694 522 973 590 εἰσελθὼν,
1025 523 1103 583 ὡς
1156 522 1207 575 έν
1276 519 1603 596 παραδείσω,
1647 522 1736 575 καὶ
1796 520 1957 594 εὑρὼν

2081 522 2222 577 dum
2264 526 2517 579 strenue.
2572 523 2635 578 In
2696 525 2886 595 magni
2921 529 3095 594 atque
3125 520 3305 577 divini
3356 519 3553 576 Basilii
3606 521 3718 577 Re-

326 612 737 685 ἐναντιουμένην
772 617 840 686 τῇ
890 611 1153 685 μοναδικῇ
1193 610 1442 681 πολιτείᾳ
1474 613 1574 680 τήν
1622 610 1961 683 ἀνθρωπίνην

323 703 626 769 συνήθειαν,
688 702 821 774 πρὸς
871 705 947 772 τῷ
1001 705 1098 755 τοῦ
1156 698 1369 769 θήλεως
1431 701 1554 771 ζώῳ
1621 696 1843 760 δούλαις
1900 700 1967 751 τὰ

324 786 574 844 κοινόϐια
620 788 987 863 διοικούμενα,
1017 791 1297 845 κάντεῦθεν
1344 787 1560 851 πολλὰς
1598 790 1691 849 τὰς
1737 788 1963 849 ἀτοπίας

316 883 662 953 τικτομένας,
713 880 930 953 μείζους
987 877 1043 933 δὲ
1090 880 1186 942 τὰς
1235 879 1473 952 ψυχικὰς
1508 876 1709 948 ζημίας
1744 878 1961 953 ὑφιστα-

323 970 506 1043 μένας,
574 970 673 1044 ὅρα
742 969 794 1024 τί
864 969 1164 1043 ἐργάζεται.
1225 970 1623 1041 Ἐπερωτήσεσι
1699 967 1963 1040 πρότερον

319 1060 672 1133 χρησαμένος
700 1059 843 1131 παρᾶ
881 1063 990 1112 τῶν
1022 1057 1079 1113 εὖ
1132 1055 1379 1129 εἰδότων,
1413 1059 1486 1118 ὡς
1524 1056 1581 1110 ἂν
1633 1054 1771 1128 μηδὲ
1827 1056 1962 1110 αὐτὸ

318 1149 382 1202 τὸ
440 1148 606 1204 καλὸν
668 1144 1025 1202 ἀϐασάνιστον
1101 1144 1183 1217 ε’ίη
1246 1150 1365 1219 (τῆς
1435 1146 1536 1219 γὰρ
1592 1144 1965 1215 αὐταρεσκείας

319 1236 510 1312 πόρρω
540 1238 733 1304 νεύων,
768 1237 866 1291 οὐκ
896 1238 963 1305 ἧν
992 1258 1067 1303 τι,
1099 1236 1127 1289 ’ὁ
1163 1238 1238 1309 μή
1290 1231 1656 1308 συμϐουλίαις
1706 1232 1966 1308 διεπράτ-

318 1329 487 1395 τετοὶ,
527 1332 844 1399 καινοτομεῖ
899 1328 991 1388 τὰς
1047 1325 1309 1397 ἐκνόμους
1364 1322 1684 1400 παραδόσεις
1745 1325 1820 1385 ὡς
1877 1345 1963 1400 φι-

317 1415 587 1478 λοκάκους
643 1418 890 1488 αἱρέσεις,
927 1416 1017 1469 καὶ
1074 1418 1301 1484 καθιστᾷ
1355 1415 1418 1469 τὸ
1460 1416 1649 1468 ἑαυτοῦ
1696 1415 1966 1487 μοναστή-

317 1526 434 1578 ριον
488 1505 613 1580 ἄτερ
660 1504 895 1574 δούλων,
946 1503 1046 1573 ἔξω
1085 1509 1180 1557 τοῦ
1241 1505 1456 1574 θήλεως
1509 1504 1651 1572 ζώου
1701 1501 1835 1581 δίχα
1879 1502 1963 1574 ἐμ-

316 1601 559 1662 πορικῆς
612 1592 791 1663 ἄλλης
845 1589 1139 1667 προσόδου,
1190 1595 1343 1646 ἅτινα
1390 1590 1674 1661 καπηλικᾶι
1711 1588 1876 1665 κέρδη
1930 1590 1957 1644 ὁ

316 1683 479 1743 αὐτὸς
530 1685 671 1745 θεῖος
732 1682 1013 1743 Βασίλειος
1072 1681 1375 1753 ὀνομάζων,
1410 1685 1667 1758 φευκταῖα
1726 1679 1960 1754 εἹρηκεν.

314 1774 529 1826 Γίνεται
563 1769 620 1826 δὲ
649 1775 684 1841 ἡ
715 1774 1050 1847 κατόρθωσις
1085 1773 1182 1827 οὐκ
1220 1772 1487 1849 ἀμογητὶ,
1519 1770 1664 1825 ἀλλά
1711 1770 1814 1845 γὰρ
1870 1770 1958 1822 καὶ

316 1861 438 1915 λίαν
514 1866 906 1937 περιστατικῶς
966 1861 1024 1915 ἐκ
1092 1866 1199 1916 τῶν
1279 1860 1717 1931 ευνασκουμένων
1774 1858 1957 1925 ἀηθῶν

314 1950 508 2020 ὄντων,
541 1953 631 2004 καὶ
664 1949 723 2005 ἐκ
750 1956 855 2005 τῶν
895 1949 1085 2021 ἔξωθεν
1122 1950 1585 2024 ἀντιπραττόντων
1640 1952 1717 2019 τῷ
1765 1948 1949 2023 ἀγαθῷ

315 2044 527 2111 σκοπῷ,
557 2040 658 2093 οὐκ
688 2038 892 2114 ὀλίγων
929 2040 1308 2114 ὑπαρχόντων.
1344 2037 1444 2093 Καὶ
1494 2036 1555 2092 οὐ
1602 2036 1908 2108 θαυμαστόν
1933 2052 1949 2069 θ

308 2128 428 2191 ἐπεὶ
494 2126 633 2202 μηδὲ
690 2131 969 2199 συνήθειαν
1028 2128 1319 2203 περικόψαι
1392 2132 1496 2181 τῶν
1577 2127 1783 2200 ῥᾴστων
1864 2127 1954 2181 καὶ

308 2217 569 2283 εὑπετῶν,
606 2216 746 2291 μηδέ
801 2239 853 2272 τι
911 2218 1259 2292 ἀνεπίφθονον
1307 2222 1414 2271 τῶν
1465 2216 1753 2278 ἐπαινετῶς
1795 2215 1955 2271 ὲλου-

312 2306 513 2379 μένων.
548 2308 673 2381 ”Αρ’
704 2304 794 2361 οὗν
847 2308 956 2381 οὐχ
1003 2307 1448 2381 ὑπερανεστώσης
1499 2304 1737 2369 διανοίας
1793 2302 1954 2378 ἀποβ-

309 2398 545 2470 ῥαγῆναι
626 2392 961 2459 έπιϐλαϐοὖς
1055 2394 1448 2470 παραδόσεως,
1522 2397 1611 2451 καὶ

307 2487 585 2559 προθεῖναι
644 2484 830 2540 ἑαυτόν
889 2483 1195 2562 ὑπόδειγμα
1254 2484 1418 2541 καλὸν
1503 2491 1619 2548 τοῖς
1687 2482 1953 2559 βουλομέ-

309 2594 427 2635 νοις
465 2576 539 2645 μὴ
579 2574 743 2646 μόνον
768 2574 1013 2648 ὀνόματι,
1046 2573 1191 2629 ἀλλὰ
1237 2576 1325 2628 καὶ
1366 2576 1647 2649 πράγματι
1683 2573 1949 2647 μονάζειν,

310 2666 401 2719 καὶ
434 2665 632 2718 οἰκεῖον
661 2669 740 2736 τῷ
776 2665 879 2739 βίῳ
919 2666 1008 2719 καὶ
1050 2666 1111 2718 τὸ
1160 2658 1318 2740 ἔργον
1356 2663 1525 2738 ἔχειν.
1561 2670 1684 2726 Πῶς
1732 2665 1834 2739 γὰρ
1896 2664 1954 2718 ἂν

315 2756 591 2825 μοναστής
649 2753 933 2825 ἀληθινὸς,
963 2757 991 2808 ὁ
1023 2752 1333 2815 δεσποτείας
1374 2750 1541 2830 φόϐον
1593 2752 1812 2815 δούλοις
1862 2754 1954 2809 έπ-

1704 2399 1949 2450 τοιοῦτον

309 2846 755 2919 ανατεινόμενος;
803 2846 837 2915 ἢ
890 2850 1005 2907 πῶς
1049 2847 1377 2919 ἀγοήτευτος
1433 2848 1530 2914 τήν
1582 2848 1768 2919 ὅρασιν
1821 2847 1848 2899 ὁ
1897 2845 1958 2898 ἐκ

1318 2938 1651 3012 ὑπουργικοῦ
1739 2935 1953 3005 θήλεως

310 3026 556 3094 ἀσκητὴς
606 3025 1188 3098 καθυπηρετοόμενος;
1242 3025 1441 3101 ὅπουγε
1485 3026 1574 3080 καὶ
1618 3025 1817 3080 τούτου
1866 3022 1955 3077 ἔκ-

307 3114 401 3175 τὸς
434 3114 720 3191 ὑπάρχων,
752 3118 830 3185 τῷ
882 3113 1136 3191 ἐμφυλίῳ
1183 3114 1414 3187 πολέμῳ
1465 3110 1789 3185 συνϐέϐηκεν
1837 3115 1958 3169 ἁλί-

310 3205 548 3260 σκεσθαι.
607 3205 819 3276 ’Ἥψατο
878 3210 1171 3279 τοιγαροῦν
1237 3207 1264 3259 ὁ
1326 3204 1496 3275 ζῆλος
1550 3210 1659 3259 τῶν
1717 3206 1952 3282 ἐγγύθεν,

311 2937 543 3009 θεωρίας
599 2940 695 2989 τοῦ
754 2935 1002 2998 συνόντος
1071 2936 1219 3009 αὑτῷ

2074 611 2261 681 gulas,
2296 613 2450 667 velut
2503 613 2561 667 in
2604 612 2933 683 paradisum
2967 612 3286 681 ingressus,
3319 614 3376 666 et
3415 610 3715 665 inveniens

2075 703 2408 756 monasticae
2455 702 2874 757 conversationi
2927 701 3272 756 contrariam
3308 714 3434 756 esse
3467 714 3715 754 consue-

2071 791 2336 844 tudinem
2372 791 2712 860 humanam,
2745 808 2861 861 qua
2890 789 3192 845 inductum
3226 794 3369 858 erat,
3403 792 3464 843 ut
3488 793 3717 859 propter

2074 879 2301 934 feminei
2351 881 2579 950 generis
2639 879 2918 934 animalia
2959 879 3183 933 ancillae
3238 878 3297 932 in
3351 877 3711 933 monasteriis

2073 968 2400 1024 habitarent
2440 969 2575 1040 (14),
2626 969 2777 1022 unde
2840 967 3022 1022 multa
3053 967 3714 1036 proveniebantincom-

2074 1058 2266 1123 moda,
2296 1062 2351 1111 et
2374 1057 2570 1128 plures
2589 1058 2777 1127 quoad
2801 1056 3071 1127 spiritum
3102 1056 3401 1121 molestiae,
3424 1056 3552 1111 vide
3574 1054 3715 1127 quid

2072 1148 2272 1221 egerit.
2318 1149 2547 1203 Auditis
2590 1148 2927 1220 peritiorum
2962 1148 3291 1216 sententiis,
3326 1155 3391 1203 ut
3423 1164 3494 1202 ne
3520 1148 3716 1218 ipsum

2073 1238 2306 1308 quidem
2364 1238 2577 1292 bonum
2598 1238 2905 1293 temerarie
2934 1248 3122 1307 ageret
3157 1236 3378 1308 (procul
3427 1236 3581 1292 enim
3616 1252 3717 1291 re-

2072 1332 2266 1383 motus
2302 1327 2374 1383 ab
2404 1327 2757 1398 arrogantia,
2782 1328 2923 1382 citra
2953 1326 3436 1383 conultationem
3472 1326 3721 1381 faciebat

2072 1416 2263 1487 nihil),
2295 1416 2548 1472 abscidit
2599 1416 2932 1488 illegitimas
2972 1417 3310 1472 traditiones
3356 1415 3510 1470 velut
3541 1414 3718 1485 pesti-

2071 1506 2241 1574 feras,
2276 1506 2541 1574 haereses,
2593 1522 2878 1574 suumque
2929 1505 3349 1562 monasterium
3382 1505 3715 1561 habendum

2071 1594 2371 1650 constituit
2401 1597 2622 1667 absque
2660 1594 2990 1666 mancipiis,
3025 1595 3246 1665 absque
3279 1594 3511 1650 feminei
3543 1609 3717 1649 sexus

2071 1683 2449 1750 animalibus,
2483 1686 2703 1756 absque
2722 1685 2881 1739 omni
2914 1684 3026 1739 alio
3058 1684 3401 1741 mercatorio
3434 1687 3714 1756 proventu

2069 1790 2195 1842 quae
2250 1774 2603 1845 cauponaria
2656 1774 2812 1829 lucra
2863 1774 3017 1829 idem
3059 1773 3290 1828 divinus
3323 1773 3574 1829 Basilius
3616 1790 3726 1845 ap-

2071 1863 2314 1931 pellans,
2347 1862 2625 1935 fugienda
2655 1880 2786 1919 esse
2816 1864 2980 1917 dixit.
3005 1862 3346 1919 lnductaest
3385 1869 3578 1919 autem
3604 1863 3721 1918 haec

2070 1952 2401 2008 reformatio
2452 1953 2604 2008 haud
2658 1969 2797 2009 sane
2843 1952 3031 2020 facile,
3084 1954 3182 2008 sed
3243 1968 3525 2024 perquam
3575 1968 3723 2023 agre

2063 2045 2188 2096 tum
2222 2047 2454 2113 propter
2492 2042 2897 2099 cohabitantes
2927 2045 3277 2114 inexpertos,
3307 2047 3434 2097 tum
3467 2047 3701 2114 propter

2062 2135 2331 2187 externos
2354 2132 2518 2188 bonas
2549 2132 2642 2187 isti
2672 2131 2979 2188 intentioni
3000 2137 3387 2204 repugnantes
3414 2149 3426 2187 :
3462 2131 3562 2203 qui
3584 2147 3701 2186 non

2063 2226 2228 2276 erant
2256 2223 2444 2291 pauci.
2478 2222 2677 2294 Neque
2699 2222 2758 2275 id
2816 2239 2954 2277 sane
2986 2221 3238 2283 mirum:
3290 2222 3431 2293 quia
3462 2238 3579 2278 non
3606 2227 3699 2278 est

2063 2310 2227 2366 facile
2275 2315 2375 2366 aut
2429 2313 2758 2382 expeditum
2817 2311 3302 2367 consuetudinem
3345 2312 3699 2380 exscindere,

2060 2416 2251 2471 neque
2298 2400 2517 2455 invidia
2568 2406 2766 2456 carent
2807 2400 3066 2472 praeclari
3114 2405 3373 2457 conatus.
3428 2401 3701 2472 Nunquid

2063 2489 2217 2545 enim
2252 2490 2533 2560 praecelsa
2585 2489 2796 2544 mentis
2829 2496 2917 2545 est
2948 2490 3210 2546 recedere
3239 2508 3273 2545 a
3306 2491 3475 2546 noxia
3520 2489 3701 2545 tradi-

2062 2580 2238 2646 tione,
2276 2594 2455 2651 seque
2490 2578 2682 2649 ipsum
2728 2595 2937 2649 ponere
2978 2579 3037 2634 in
3099 2578 3425 2650 exemplum
3458 2579 3704 2648 bonum,

2062 2666 2273 2722 volenti
2287 2667 2544 2722 solitarie
2567 2668 2771 2735 vivere,
2793 2685 2906 2723 non
2926 2666 3116 2723 solum
3136 2668 3391 2732 nomine,
3412 2668 3507 2723 sed
3526 2668 3701 2722 etiam

2064 2772 2149 2823 re,
2208 2764 2261 2813 et
2314 2757 2658 2827 professioni
2689 2774 3012 2826 congruum
3072 2774 3218 2828 opus
3251 2758 3464 2813 habere
3487 2760 3516 2810 ?
3545 2758 3703 2822 Quo-

2066 2848 2235 2902 modo
2267 2852 2464 2903 autem
2493 2865 2624 2904 vere
2668 2848 2961 2904 solilarius
2995 2848 3124 2909 erit,
3157 2849 3252 2919 qui
3295 2846 3705 2903 dominationis

2069 2937 2379 3008 mancipiis
2411 2938 2667 2993 incutit?
2697 2938 2996 3004 Quomodo
3029 2947 3213 2993 castos
3240 2937 3478 2992 habebit
3508 2936 3706 2991 oculos

2067 3031 2288 3082 ascetes
2317 3027 2437 3090 ille,
2478 3030 2578 3099 qui
2610 3028 2876 3081 mulieris
2909 3027 3016 3082 sibi
3075 3026 3467 3082 cohabitantis
3525 3026 3703 3079 utitur

2066 3116 2390 3170 ministerio
2410 3117 2440 3171 ?
2469 3132 2602 3171 cum
2636 3116 2811 3171 etiam
2841 3118 3139 3187 contingat
3153 3116 3577 3187 aliquos,extra
3597 3114 3706 3168 hoc

2070 3204 2383 3260 discrimen
2416 3205 2654 3275 positos,
2702 3206 2852 3275 capi.
2906 3207 3164 3260 Accensa
3200 3209 3288 3260 est
3315 3220 3451 3277 ergo
3481 3204 3705 3259 vicino-

308 3296 395 3348 καὶ
456 3290 754 3365 μετέλαϐον
808 3299 904 3349 τοῦ
962 3276 1162 3369 ἆγαθοῦ
1238 3297 1289 3349 οἱ
1346 3293 1596 3374 φιλόθεοι
1650 3276 1951 3371 πόρρωθεν,

2072 3310 2199 3350 rum
2232 3294 2543 3361 aemulatio,
2578 3300 2635 3350 et
2664 3296 2734 3348 ad
2766 3294 3000 3367 longius
3032 3295 3251 3365 positos
3280 3276 3706 3350 Deiiamatores

308 3382 557 3444 κάκεῖνος
615 3384 677 3436 τὸ
722 3381 881 3446 κλέος
945 3381 1252 3453 διαιωνίζον
1282 3384 1645 3460 ἀπηνέγκατο.
1677 3385 1738 3440 Ei
1772 3382 1827 3440 δὲ
1866 3387 1953 3441 καὶ

311 3469 486 3525 ἄλλον
514 3467 671 3545 ἔσχεν
716 3474 1113 3545 συναγωνιστήν
1158 3493 1217 3527 τε
1260 3472 1348 3527 καὶ
1400 3472 1779 3546 συλλήπτορα,
1813 3474 1956 3552 φημὶ

312 3560 380 3631 δὴ
413 3562 503 3616 τὸν
535 3566 701 3616 ταῦτα
751 3562 977 3637 λέγοντα
1030 3564 1119 3617 καὶ
1177 3564 1470 3643 γράφοντα,
1501 3568 1579 3636 τῷ
1631 3565 1797 3639 Πατρὶ
1856 3569 1955 3635 τὴν

313 3653 477 3725 χάριν
537 3651 780 3705 ἀνεκτέον
809 3670 820 3682 ”
863 3649 1016 3707 παιδὶ
1070 3653 1173 3728 γὰρ
1231 3656 1493 3725 προσήκει
1541 3655 1602 3708 τὸ
1651 3655 1823 3709 πάντα
1854 3677 1955 3711 πα-

311 3740 561 3814 τρώζειν,
620 3741 708 3794 καὶ
769 3739 897 3794 ὅλον
986 3742 1170 3794 ἑαυτὸν
1253 3740 1583 3817 ἐμπαρέχειν
1645 3749 1724 3815 τῷ
1779 3747 1957 3819 γεννή-

311 3850 455 3903 τορι.

386 3915 490 3973 κδ’.
524 3919 747 3972 Ἔπειτα
797 3916 1143 3988 περιστέλλει
1193 3919 1378 3973 ἑαυτὸν
1440 3921 1498 3973 ἐκ
1551 3926 1658 3975 τῶν
1710 3920 1761 3977 ἒν
1813 3920 1956 3977 ἄστει

310 4005 590 4082 προόδων,
620 4006 678 4060 ἐκ
730 4007 1008 4068 συνουσίας
1055 4003 1594 4082 ἀγχιστευόντων,έκ
1652 4008 1957 4086 συνδιατρι-

312 4093 417 4165 ϐῆς
467 4096 767 4171 ἀρχόντων,
802 4094 929 4150 ε’ίσω
967 4103 1066 4166 τῆς
1116 4104 1484 4168 πνευματικῆς
1542 4097 1717 4168 αὐλῆς
1770 4098 1958 4176 ἐρηρι-

314 4184 511 4257 σμένον
542 4179 689 4258 έχων
720 4186 808 4240 τὸν
842 4183 984 4240 πόδα
1010 4204 1022 4216 °
1055 4185 1330 4240 ἐπιστατεῖ
1367 4192 1483 4247 τοῖς
1516 4186 1764 4263 λογικοῖς
1797 4190 1961 4264 θρέμ-

315 4296 467 4347 μασι,
529 4273 825 4352 διατρέφων
915 4273 1263 4337 διδασκαλίας
1319 4277 1446 4348 πόᾳ,
1499 4279 1587 4331 καὶ
1648 4279 1958 4350 ναματίζων

309 4366 677 4439 κατηχήσεως
733 4364 969 4438 ῥείθρῳ¹
1029 4364 1079 4438 ἒξ
1139 4370 1200 4421 οὗ
1245 4368 1297 4421 τί
1356 4367 1597 4441 γίνεται;
1634 4366 1865 4423 Εὑθαλεῖ
1922 4372 1955 4439 ἡ

310 4453 438 4522 Δία,
471 4453 615 4523 αὔξει
663 4455 725 4508 τὸ
772 4454 1055 4527 ποίμνιον,
1096 4456 1298 4532 γίνεται
1346 4452 1696 4530 περιϐόητον,
1741 4455 1959 4530 δοξάζε-

307 4566 397 4599 ται
447 4546 475 4598 ὁ
509 4545 663 4621 ἅγιος
704 4545 853 4612 Θεὸς,
885 4547 1009 4618 παρ’
1043 4546 1102 4599 οὗ
1143 4551 1243 4601 πᾶν
1302 4548 1609 4621 ἀνθρώποις
1657 4549 1719 4603 τὸ
1768 4568 1956 4623 κατορ-

2066 3384 2427 3455 participatio
2445 3384 2578 3439 boni
2595 3385 2812 3440 inventi
2833 3387 3119 3456 pervenit;
3134 3386 3258 3454 ipse
3281 3401 3414 3439 vero
3433 3389 3706 3439 aeternam

2068 3474 2176 3529 sibi
2212 3475 2565 3545 comparavit
2594 3474 2861 3546 gloriam.
2895 3474 3056 3537 Quod
3080 3474 3129 3529 si
3156 3474 3327 3528 alium
3352 3473 3555 3529 habuit
3575 3490 3707 3529 con-

2069 3564 2185 3619 silii
2217 3569 2392 3635 atque
2438 3564 2647 3619 laboris
2680 3566 2927 3635 socium,
2978 3566 3167 3635 ipsum
3199 3566 3293 3635 qui
3329 3566 3447 3620 haec
3479 3564 3620 3620 dicit
3652 3568 3708 3619 et

2068 3653 2287 3719 scribit,
2330 3652 2520 3707 omnis
2551 3653 2623 3707 ad
2654 3655 2885 3710 Patrem
2918 3654 3217 3710 referenda
3246 3659 3330 3710 est
3360 3657 3579 3726 gratia:
3614 3655 3709 3709 de-

2068 3747 2157 3798 cet
2178 3742 2334 3796 enim
2367 3742 2551 3797 filium
2583 3742 2642 3797 in
2673 3744 2944 3799 omnibus
2978 3743 3291 3800 assimilari
3323 3745 3494 3815 patri,
3527 3760 3705 3815 seque

2067 3837 2255 3889 totum
2276 3832 2648 3889 formandum
2681 3834 2911 3889 tradere
2932 3833 3201 3905 genitori.

2138 3924 2227 3978 24.
2264 3924 2460 3980 Postea
2499 3925 2881 3996 sequestravit
2909 3940 2970 3980 se
2993 3925 3063 3979 ab
3092 3924 3328 3979 urbanis
3360 3923 3710 3980 circuitioni-

2068 4013 2201 4079 bus,
2226 4031 2259 4068 a
2288 4013 2717 4069 conversatione
2747 4014 3137 4070 habitantium
3170 4016 3454 4082 civitates,
3482 4031 3515 4068 a
3544 4012 3709 4067 fami-

2065 4102 2312 4158 liaritate
2345 4102 2598 4157 virorum
2632 4101 2981 4173 principum,
3020 4105 3173 4160 intra
3212 4101 3571 4175 spiritualem
3602 4118 3707 4156 au-

2069 4192 2185 4247 lam
2211 4192 2382 4247 tixum
2431 4192 2688 4248 retinens
2722 4194 2965 4263 pedem;
3010 4193 3108 4247 ubi
3140 4192 3406 4249 rationali
3437 4190 3711 4246 intende—

2069 4282 2169 4336 bat
2197 4282 2375 4353 gregi,
2412 4298 2653 4350 pascens
2700 4298 2833 4338 eum
2866 4282 3144 4338 doctrinae
3170 4283 3454 4354 gramine,
3516 4285 3572 4335 et
3603 4296 3709 4352 po-

2072 4380 2197 4426 tans
2248 4370 2485 4426 ﬂumine
2523 4370 2948 4427 instructionis.
3009 4370 3171 4427 Unde
3227 4373 3438 4427 factum
3483 4378 3590 4437 est,
3651 4374 3711 4425 ut

2070 4462 2315 4516 fecundo
2358 4461 2615 4531 germine
2666 4461 3018 4533 proliﬂcaret
3066 4462 3185 4523 Lia,
3246 4477 3382 4533 grex
3402 4464 3710 4531 augeretur

2069 4555 2126 4605 et
2157 4551 2399 4607 celebris
2440 4552 2619 4619 fieret,
2670 4552 2822 4607 Deus
2866 4557 3081 4617 autem,
3116 4556 3180 4606 ut
3214 4555 3473 4617 sanctus,
3508 4550 3711 4604 lauda-

307 4634 592 4706 θοόμενον.
628 4632 781 4690 Ἀλλ’
815 4635 928 4688 οἷόν
983 4657 1049 4708 με
1098 4635 1147 4690 ἐν
1196 4635 1340 4709 μέσῳ
1389 4641 1495 4691 τῶν
1530 4636 1833 4711 εἰρημένων
1866 4636 1957 4693 λα-

2069 4645 2247 4708 retur,
2285 4656 2317 4695 a
2342 4656 2457 4711 quo
2489 4640 2826 4696 hominibus
2858 4657 3030 4697 omne
3051 4641 3263 4697 bonum
3298 4639 3575 4712 provenit.
3596 4636 3709 4692 Sed

309 4724 418 4777 θὼν
474 4728 670 4799 μικροῦ
720 4726 827 4781 δεῖν
876 4723 1217 4799 παρέδραμεν
1247 4727 1259 4781 !
1294 4724 1437 4797 ’Ἤδη
1480 4728 1827 4799 κρατησάσης
1857 4735 1958 4797 τῆς

308 4808 564 4877 εὐσεϐοῦς
595 4815 861 4890 Εἰρήνης,
893 4814 985 4870 καὶ
1016 4815 1244 4871 πολλῶν
1271 4814 1447 4889 λόγων
1484 4814 1807 4889 βαλλόντων
1868 4820 1957 4873 καὶ

2070 4729 2242 4801 quale
2287 4729 2426 4785 illud
2477 4736 2562 4785 est
2595 4731 2749 4801 quod
2803 4732 2859 4785 in
2894 4731 3084 4787 medio
3114 4730 3495 4786 dicendorum
3518 4728 3709 4783 latens

2068 4837 2276 4892 parum
2308 4819 2492 4875 abfuit
2513 4822 2655 4890 quin
2695 4820 3071 4892 praeterirem.
3106 4821 3252 4877 Cum
3277 4823 3404 4893 jam
3433 4821 3703 4894 regnaret

1894 4948 2127 5004 NOT/E.

386 5071 495 5139 (14)
528 5071 837 5165 (ξεωοθδθεῑ
872 5072 1008 5165 πρὸς
1058 5076 1136 5144 τῷ
1176 5070 1281 5165 Δτοᾷ
1321 5071 1552 5165 θήλεοςη
1577 5075 1703 5160 (dig)
1738 5070 1961 5165 δούλοις

310 5136 666 5215 τακοινόϐια
716 5136 1195 5215 διοικούμεναξθῐ
1253 5136 1405 5200 infra
1453 5136 1687 5215 καθιστᾷ
1733 5147 1794 5199 τὸ
1836 5146 1955 5199 ἑαυ-

310 5213 408 5288 τοῦ
445 5215 807 5286 μοναστήριον
838 5211 941 5288 ἔξω
967 5221 1063 5270 τοῦ
1104 5214 1301 5285 θήλεος
1334 5217 1503 5283 ζώου,
1533 5211 1671 5287 ᾳυᾶέ
1692 5218 1954 5286 Sirletus,

312 5284 663 5355 longissime
685 5284 958 5345 aberrans
989 5308 1021 5344 a
1072 5284 1262 5343 mente
1310 5284 1587 5356 auctoris,
1647 5289 1728 5344 sic
1763 5284 1958 5346 Latine

314 5358 588 5412 reddidit.
640 5357 773 5413 Cum
818 5362 1157 5429 feminarum
1219 5362 1461 5415 canobia
1514 5362 1957 5430 gubernarentur

315 5444 350 5481 τι
405 5431 570 5483 servis
615 5432 881 5498 maribus,
940 5439 996 5488 et
1029 5433 1197 5499 infra,
1259 5448 1527 5502 suumque
1558 5436 1956 5489 monasterium

314 5503 604 5555 constituit
654 5506 870 5559 remotis
926 5503 1097 5559 servis
1152 5520 1215 5556 ac
1270 5503 1618 5558 mulieribus.
1682 5504 1955 5561 Existimo

314 5571 425 5645 levi
466 5574 822 5631 correctione
860 5576 985 5630 ﬁeri
1036 5590 1226 5645 posse,
1280 5579 1346 5629 ut
1402 5580 1454 5629 et
1489 5575 1734 5645 feminas
1764 5593 1953 5632 remo-

314 5642 471 5718 visse
523 5661 559 5718 ε
625 5662 731 5702 suo
773 5642 1417 5718 monasteriomsanctus
1454 5644 1854 5718 intelligatur,
1900 5653 1958 5704 et

318 5713 597 5772 animalia
627 5732 874 5787 quorum
899 5736 1074 5776 causa
1105 5716 1220 5774 illa
1237 5713 1704 5786 adhibebantur}
1729 5722 1785 5775 et
1804 5713 1955 5776 hanc

2069 5092 2194 5133 esse
2226 5083 2481 5155 mentem
2504 5080 2818 5155 genuinam
2852 5084 3125 5155 auctoris,
3159 5084 3261 5155 qui
3291 5085 3362 5140 de
3396 5084 3708 5142 mulierum

2071 5150 2351 5226 ccenobiis
2383 5167 2488 5207 nec
2516 5153 2789 5226 cogitavit
2821 5154 3055 5225 quidem
3090 5150 3222 5211 cum
3255 5156 3376 5226 hac
3409 5158 3709 5226 scriberet,

2068 5223 2710 5297 patebitexaminanti.
2768 5223 2915 5297 Ergo
2943 5226 3005 5279 τὸ
3061 5229 3157 5279 τοῦ
3201 5224 3405 5296 θήλεος
3446 5232 3584 5296 ζῶον
3617 5223 3711 5286 in;

2066 5294 2267 5372 telligo
2299 5295 2497 5372 femini
2530 5312 2702 5372 sexus
2736 5294 3034 5372 animalia,
3066 5294 3293 5372 vaccas,
3329 5294 3484 5367 oves,
3516 5303 3711 5372 capel-

2066 5364 2151 5442 las
2182 5376 2234 5419 et
2266 5381 2391 5435 quae
2408 5368 2580 5442 etiam
2597 5369 2657 5442 in
2688 5371 3057 5424 monasteriis
3076 5364 3309 5426 aluntur
3334 5376 3404 5428 ad
3436 5364 3708 5442 feturam,

2068 5437 2321 5515 itemque
2358 5439 2432 5515 ad
2475 5438 2648 5515 lactis
2672 5446 2728 5494 et
2775 5442 2925 5496 casei
2979 5448 3319 5515 proventum
3350 5460 3362 5498 :
3398 5449 3571 5513 atque
3605 5437 3707 5515 pro

2067 5503 2310 5583 δούλοις,
2358 5508 2486 5579 lego
2530 5504 2776 5571 δούλαις.
2822 5503 3192 5583 quod-autem
3219 5510 3441 5566 διοικεῖν
3474 5503 3585 5569 non
3607 5503 3705 5570 so-

2066 5578 2187 5633 lum
2205 5578 2564 5656 gubernare,
2586 5584 2683 5638 sed
2706 5578 2881 5656 etiam
2902 5584 3159 5640 habitare
3180 5586 3491 5656 significet,
3514 5585 3702 5656 palam

2064 5651 2519 5779 ξὲἓᾱέἷιέεἱηιυιο
2549 5651 2754 5710 caetera
2776 5654 2871 5711 hic
2899 5651 3327 5728 consequenter
3358 5651 3554 5713 minus
3574 5660 3704 5741 apte
