4090 6288
431 399 552 460 827
1679 399 1744 460 S.
1791 397 2192 462 THEODORI
2235 397 2594 461 STUDITJE
3698 403 3810 464 828

435 530 803 602 pientissima
826 530 1012 597 Irene,
1044 534 1103 586 et
1122 530 1278 586 circa
1299 530 1683 602 questionem
1716 531 1787 586 de
1807 547 2041 587 venerat

2158 528 2563 603 ιβαλλομένων
2622 529 2744 604 περὶ
2799 536 2899 599 τῆς
2953 533 3059 584 τῶν
3111 549 3322 585 σεπτων
3382 529 3598 586 εἷκόνων
3629 532 3812 588 ὕποθέ-

435 620 525 675 dis
553 619 908 692 imaginibus
945 620 1002 674 in
1040 624 1354 690 utramque
1415 623 1637 690 partem
1686 619 1876 675 multa
1899 620 2041 691 jactt

2205 640 2361 687 σεως,
2392 619 2819 696 παρρησιάζεται
2876 620 2981 694 πρὸ
3037 623 3145 674 τῶν
3196 617 3423 674 πολλῶν
3469 620 3557 675 καὶ
3601 619 3686 674 σὺν
3714 618 3812 675 ὀλί-

432 716 659 773 Pentur.
692 717 828 769 ante
860 711 1074 768 multos
1095 715 1152 767 et
1186 728 1317 768 cum
1346 712 1546 784 paucis
1577 711 1757 770 libere
1787 713 2041 769 veritatei

2199 728 2320 781 γοις
2350 710 2448 776 τὴν
2479 707 2754 779 ἀλήθειαν,
2793 708 3026 784 μάχεται
3073 714 3188 770 τοῖς
3221 708 3661 784 εἰκονομαχοῢσιν
3691 712 3810 765 καθ-

426 801 764 872 proﬁtetur;
826 809 1041 873 pugnat
1099 807 1388 874 quantum
1423 806 1615 873 potest
1648 810 1854 858 contra
1885 801 2041 857 Iconc

2199 798 2321 851 ὅσον
2357 797 2474 852 οἷόν
2506 819 2583 869 τε,
2609 797 2724 852 ἐπεὶ
2777 795 2916 870 μηδὲ
2964 794 3294 875 δογματικὸς
3341 799 3432 867 ἦν,
3466 798 3590 853 ἀλλ’
3624 797 3812 854 ἁπλοῦν

428 891 689 948 macbos.
719 891 990 955 Quamvis
1021 891 1176 947 enim
1213 908 1325 947 non
1357 896 1516 948 esset
1549 892 1941 961 dogmaticus,
1982 909 2041 948 se

2197 887 2292 958 μὲν
2323 888 2414 941 τὸν
2446 886 2962 962 λόγον,εύρύχωρον
2993 884 3038 941 δ’
3061 887 3213 960 ὅμως
3239 888 3568 966 φερωνύμως
3599 888 3685 942 καὶ
3712 908 3814 943 πει-

427 979 683 1051 simplici
706 985 968 1036 uteretur
999 996 1302 1048 sermone;
1327 997 1462 1037 eum
1491 985 1684 1036 tamen
1719 980 2041 1036 habebatcc

2193 975 2352 1045 θήνον
2386 977 2447 1048 [Γ.
2480 977 2748 1049 πειθανὸν]
2775 972 3259 1054 ἔχων.Ἀπόδειξις
3288 980 3394 1031 τῶν
3429 975 3812 1050 εἷρημένων,τό

424 1067 651 1138 pinsum
685 1071 873 1138 (juxta
924 1070 1178 1125 nominis
1232 1069 1344 1136 sui,
1377 1087 1410 1125 a
1468 1069 1775 1124 latitudine
1832 1070 2041 1140 sumpti

2191 1064 2243 1118 ἐν
2279 1062 2512 1138 καθέδρᾳ
2545 1064 2947 1141 μητροπόλεως
2992 1069 3097 1119 τῶν
3149 1066 3444 1145 ἐπιφανῶν,
3475 1064 3525 1120 ἐν
3579 1070 3644 1139 τῇ
3683 1067 3807 1120 κατὰ

424 1158 859 1230 proprietatem)
899 1162 955 1213 et
1011 1159 1374 1230 persuasioni
1437 1175 1717 1230 perquam
1775 1159 2041 1214 idoneum

2185 1156 2310 1216 τοὺς
2361 1155 2546 1232 ἁγίους
2579 1156 2952 1219 Ἀπυστόλους
2999 1154 3232 1230 συνόδῳ,
3263 1161 3408 1230 παρά
3451 1161 3546 1212 τοῦ
3573 1155 3809 1226 τηνικάδε

421 1247 605 1318 Cujus
638 1247 719 1302 rei
745 1253 1150 1318 argumentum
1185 1251 1296 1316 est,
1329 1249 1482 1320 quod
1517 1248 1575 1303 in
1601 1264 1665 1302 ea
1685 1263 1814 1319 quas
1845 1249 1912 1303 ad
1936 1265 2041 1304 san

2184 1243 2602 1322 προεδρεύοντος
2651 1249 2768 1302 κατ’
2798 1246 3035 1323 ἐκλογὴν
3079 1249 3296 1316 τεθῆναι
3339 1247 3431 1302 τὸν
3483 1243 3666 1320 ἄνδρα,
3698 1244 3811 1301 οὔτε

424 1341 546 1392 ctos
611 1338 907 1408 apostolos
953 1343 1151 1395 coacta
1189 1345 1279 1397 est
1307 1340 1528 1409 synodo
1585 1339 1720 1409 (15),
1775 1340 1848 1394 ab
1878 1355 1944 1394 eo
1975 1355 2041 1408 qu

2181 1336 2444 1410 πρότερον
2493 1336 2796 1406 πτοηθέντα
2843 1339 2937 1399 τὰς
2996 1335 3222 1398 ἀπειλὰς
3267 1341 3375 1391 τῶν
3429 1337 3809 1411 αἰρετιζόντων,

421 1429 560 1480 tunc
591 1431 714 1481 erat
745 1428 1077 1498 patriarcha
1097 1427 1314 1483 electus
1358 1427 1485 1499 ipse
1515 1427 1608 1494 sit,
1633 1427 1734 1498 qui
1764 1432 2038 1497 poneretu

2182 1421 2304 1479 οὔτε
2359 1429 2654 1495 τηνικαῦτα
2729 1425 3108 1497 ὑποπτήξαντα
3176 1427 3275 1496 τὴν
3356 1427 3665 1499 ἀποτροπὴν
3717 1426 3798 1479 καὶ

422 1513 483 1569 in
523 1517 801 1572 cothedra
851 1516 1185 1585 metropolis
1234 1517 1498 1573 omnium
1541 1515 1972 1583 illustrissimaa,
2013 1531 2041 1571 e

2179 1511 2482 1588 ἐπιδρομὴν
2528 1518 2625 1569 τοῦ
2683 1519 3075 1589 στρατιωτικοῦ
3132 1515 3435 1589 τάγματος,
3488 1515 3646 1583 ἡνίκα
3709 1513 3814 1587 ὥρ-

421 1603 570 1659 sicut
601 1611 770 1660 antea
818 1623 933 1661 non
968 1606 1240 1662 timuerat
1270 1609 1460 1661 minas
1493 1605 1811 1661 faventium
1836 1604 2040 1660 haeresi

2179 1623 2349 1676 μησεν
2380 1604 2514 1677 πρὸς
2544 1604 2635 1658 τὸν
2673 1603 2834 1679 μέγαν
2863 1604 3017 1676 νεὼν,
3056 1599 3341 1658 καταϐοῶν
3383 1607 3482 1659 τοῦ
3529 1623 3631 1677 προ
3659 1600 3818 1677 έδρου

423 1693 506 1748 sic
528 1710 716 1765 neque
737 1699 877 1751 tunc
900 1695 1232 1752 formidavit
1261 1695 1709 1768 prohibitionem
1733 1697 2035 1751 incursum

2171 1694 2259 1748 καὶ
2307 1694 2634 1771 ἀνευφημῶν
2682 1695 2773 1749 τὸν
2830 1695 2965 1749 κατὰ
3015 1697 3122 1748 τῶν
3173 1698 3379 1750 σεπτῶν
3415 1694 3644 1749 εἰκόνων
3697 1697 3811 1767 ψευ-

422 1799 532 1854 que
570 1784 793 1840 ordinis
846 1785 1131 1853 militaris,
1165 1787 1398 1858 quando
1429 1785 1477 1840 is
1518 1786 1799 1857 impetum
1838 1785 1973 1840 fecit
2001 1784 2041 1840 ii

2171 1779 2536 1855 δοσύλλογον.
2572 1782 2667 1837 Καὶ
2723 1783 2914 1856 μικρὸν
2957 1781 3198 1857 ὕστερον,
3226 1782 3389 1838 ὁπότε
3451 1781 3692 1838 διελύετο
3757 1783 3812 1835 τὸ

423 1888 702 1945 magnum
723 1873 867 1929 illud
883 1874 1187 1946 templum,
1205 1875 1429 1930 insanis
1447 1875 1801 1931 clamoribus
1820 1875 2041 1947 patriar

2167 1878 2267 1939 τῆς
2299 1871 2558 1942 ἀληθείας
2590 1867 2880 1946 ἄθροισμα,
2911 1873 3002 1926 καὶ
3035 1874 3109 1935 ὡς
3161 1872 3218 1928 ἐκ
3269 1871 3436 1945 μέσου
3490 1871 3718 1927 λεόντων
3763 1873 3793 1941 ἡ

421 1961 540 2016 chas
590 1964 948 2035 obstrepens,
979 1969 1034 2020 et
1075 1964 1583 2036 pseudosynodum
1643 1959 1890 2020 laudans
1921 1963 2041 2018 oliu

2174 1959 2462 2038 βασίλισσα
2493 1962 2731 2036 ὑπεξῄει,
2762 1961 2884 2017 ἄνευ
2915 1961 3168 2037 α’ίματος,
3200 1963 3274 2026 ὡς
3319 1963 3512 2032 εἰπεῖν,
3538 1962 3811 2038 δειχθεῖσα

419 2053 695 2109 adversus
741 2053 1032 2124 imagines
1080 2053 1359 2109 habitam.
1395 2054 1574 2109 Paulo
1606 2061 1758 2124 post,
1781 2069 1913 2109 cum
1941 2052 2041 2108 dis

2175 2051 2400 2124 μάρτυς,
2430 2050 2520 2105 καὶ
2553 2053 2580 2104 ὁ
2611 2052 2878 2127 ἡμέτερος
2903 2053 3224 2128 καθηγητὴς
3268 2057 3348 2124 τῷ
3401 2052 3652 2128 ἀρχιερεῖ
3695 2072 3813 2107 συν-

418 2141 644 2197 aolutus
691 2148 846 2198 esset
890 2153 1068 2199 cmtus
1107 2144 1222 2213 ille,
1274 2161 1376 2214 pro
1423 2143 1662 2199 veritate
1711 2142 2041 2198 stabiliendi

2170 2138 2456 2213 επόμενος,
2499 2136 2654 2194 οὐδὲν
2711 2138 2798 2194 ἐπὶ
2852 2145 2968 2202 τοῖς
3016 2138 3456 2214 τετολμημένοις
3516 2137 3800 2195 ἒδεδοίκει·

418 2229 712 2299 collectus,
747 2234 929 2289 evasit
957 2233 1316 2304 imperatrix,
1347 2232 1550 2289 velute
1580 2233 1772 2288 medio
1804 2232 2032 2288 leonum

2171 2230 2362 2303 μικρὸν
2393 2230 2494 2304 γάρ
2526 2229 2726 2283 ἔστιτὸ
2785 2228 2837 2282 ἐν
2891 2233 2958 2302 τῇ
3009 2236 3248 2286 Νικαεων
3280 2227 3496 2302 συνόδῳ
3545 2229 3603 2284 ἐκ
3645 2225 3806 2284 δευτέ-

418 2319 589 2388 facta,
652 2329 712 2376 ut
770 2321 852 2377 sic
898 2321 1125 2394 loquar,
1158 2322 1308 2378 circa
1339 2322 1684 2394 sanguinem
1715 2327 1974 2394 martyr;
2004 2337 2041 2376 e‘

2166 2337 2264 2390 ρου
2310 2320 2612 2393 εὑρεθῆναι,
2648 2316 2739 2373 διὰ
2784 2323 2845 2373 τὸ
2887 2318 2946 2374 ἐκ
2996 2321 3160 2392 μέσου
3205 2318 3329 2374 τότε
3395 2319 3668 2396 γεγονέναι
3713 2319 3795 2373 τὸν

416 2409 780 2481 hegumenus
842 2416 1039 2467 noster
1086 2412 1478 2483 patriarcham
1530 2415 1786 2480 secutus,
1829 2417 2041 2482 proptei

2169 2407 2419 2462 ἀτίθαθον
2454 2407 2584 2463 λαὸν
2619 2409 2708 2463 καὶ
2738 2408 3065 2482 ἀτεράμονα.

417 2516 485 2555 ea
513 2517 640 2572 qum
681 2501 908 2558 fuerant
976 2505 1261 2558 audacter
1314 2503 1619 2575 designata
1650 2519 1767 2557 non
1820 2501 1932 2557 fuit
1964 2502 2307 2572 perterritus
2334 2517 2348 2555 :
2380 2517 2627 2573 moxque
2657 2501 2927 2558 inventus
2949 2507 3037 2559 est
3066 2502 3127 2559 in
3153 2502 3411 2559 secunda
3461 2502 3691 2560 Nicana
3713 2517 3793 2572 sy—

417 2590 590 2658 nodo,
623 2592 765 2662 quia
795 2592 1080 2664 dissipata
1111 2597 1250 2648 tunc
1299 2593 1407 2648 fuit
1432 2592 1593 2663 plebs
1626 2591 1728 2646 illa
1751 2591 2107 2648 tumultuosa
2135 2597 2193 2647 et
2221 2590 2506 2663 pervicax.

483 2681 574 2736 25.
607 2683 914 2752 Postquam
965 2682 1085 2738 hac
1119 2682 1202 2738 sic
1249 2688 1414 2755 gesta
1441 2688 1500 2738 et
1556 2681 1905 2738 orthodoxias
1937 2685 2054 2736 tro-

415 2770 644 2842 pheum
687 2777 940 2828 erectum
989 2773 1134 2840 fuit;
1193 2772 1264 2826 ad
1296 2788 1470 2827 suum
1519 2775 1932 2826 monasterium
1965 2786 2054 2826 re-

409 2861 578 2917 vertit
617 2862 846 2928 beatus,
902 2862 1236 2940 exercenda
1275 2861 1594 2933 praelatum
1642 2877 1900 2916 vacans:
1955 2861 2052 2916 ubi

410 2949 716 3023 prolapsus
748 2951 808 3006 in
859 2953 1151 3021 morbum,
1203 2952 1302 3024 qui
1337 2953 1540 3008 mortis
1570 2950 1788 3006 indicia
1818 2967 1932 3021 pra:
1963 2965 2050 3006 se-

408 3041 629 3097 ferebat
658 3041 798 3114 (16),
851 3058 917 3097 ac
969 3040 1125 3098 velut
1168 3042 1462 3112 insperato
1494 3042 1722 3112 gavisus
1747 3039 1932 3108 lucro,
1969 3055 2054 3096 re-

403 3129 642 3196 giminis
671 3147 823 3186 onus
869 3131 930 3186 in
964 3147 1071 3186 nos
1103 3132 1403 3199 transfert,
1446 3146 1550 3186 nec
1580 3129 1788 3201 dignos
1818 3128 2049 3199 quidem

404 3218 503 3291 qui
547 3220 620 3275 ab
651 3220 778 3291 ipso
827 3236 1176 3290 regeremur.
1226 3219 1450 3275 Invenit
1497 3233 1632 3290 ergo
1681 3217 2048 3286 concupitam

403 3309 821 3377 humilitatem,
851 3312 1071 3382 accepit
1091 3311 1364 3367 inducias
1387 3311 1813 3375 molestiarum,
1847 3309 2052 3364 libera-

402 3405 498 3455 tus
516 3405 602 3454 est
625 3417 658 3454 a
690 3399 1194 3456 circumdantibus
1227 3415 1288 3456 se
1311 3399 1731 3465 vexationibus,
1755 3399 2048 3470 apparuit-

405 3504 517 3562 que
547 3488 702 3544 idem
732 3489 830 3559 qui
859 3493 1028 3545 antea
1051 3505 1155 3544 nec
1169 3489 1442 3560 pecuniis,
1478 3505 1580 3544 nec
1601 3488 2049 3560 possessionum,

403 3594 508 3633 nec
539 3577 898 3649 negotiorum
922 3583 1224 3648 appetens,
1257 3595 1388 3632 cum
1408 3578 1533 3648 jam
1566 3594 1680 3632 non
1701 3577 1939 3632 haberet
1961 3577 2048 3631 in-

402 3667 558 3723 vidia
597 3667 849 3738 amplius
881 3668 1245 3723 occasionem
1278 3666 1659 3722 obnubilandi
1703 3665 1898 3722 radios
1928 3665 2047 3720 vir-

405 3760 541 3813 tutis
599 3759 746 3827 ejus.
794 3760 936 3812 Nam
995 3761 1050 3813 et
1079 3757 1186 3812 viri
1221 3757 1365 3828 justi
1396 3761 1715 3823 tentantur,
1739 3760 1805 3810 ut
1832 3772 1900 3811 ex
1920 3756 2049 3827 ipsa

408 3847 696 3903 malorum
729 3846 1047 3902 tentatione
1069 3863 1208 3902 auro
1240 3846 1551 3901 similiores
1580 3845 1824 3901 evadant
1856 3844 2049 3916 quoad

402 3938 681 4003 animam,
713 3941 980 4008 recteque
1021 3935 1356 3992 incedentes
1389 3951 1502 3990 non
1531 3934 1851 4002 labascant,
1875 3939 1932 3991 et
1952 3935 2047 3990 di-

403 4029 570 4082 scant
608 4026 892 4098 quidquid
927 4043 961 4081 a
990 4041 1051 4082 se
1074 4027 1220 4081 bene
1252 4024 1475 4097 geritur
1503 4039 1630 4080 esse
1662 4038 1730 4080 ex
1757 4023 1910 4092 iDeo.

2233 2685 2324 2736 κε’.
2358 2675 2580 2748 Ἐπειδή
2632 2677 2689 2734 δὲ
2733 2679 2900 2736 ταῦτα
2942 2679 3084 2735 οὕτω
3132 2682 3218 2735 καὶ
3267 2681 3329 2736 τὸ
3360 2687 3466 2750 τῆς
3497 2676 3795 2755 όρθοδοξίας

2161 2769 2419 2841 τρόπαιον
2476 2768 2798 2842 ἐκρατύνθη,
2845 2767 3107 2839 ἐπανῆκεν
3167 2771 3196 2824 ὁ
3255 2772 3445 2844 Πατὴρ
3506 2770 3582 2833 είς
3639 2772 3698 2824 τὸ
3727 2768 3798 2823 οἰ-

2160 2862 2306 2912 κεῖον
2353 2859 2791 2934 φροντιστήριον,
2845 2857 3109 2933 ἐχόμενος
3151 2866 3251 2928 τῆς
3303 2861 3668 2931 προστασίας*
3717 2857 3797 2913 καὶ

2163 2945 2389 3020 βληθεὶς
2446 2947 2612 3020 νόσῳ,
2644 2947 2954 3024 ἀπόγνωσιν
3017 2954 3162 3018 ζωῆς
3216 2945 3575 3025 ὑποδηλούσῃ
3626 2953 3699 3020 τῷ
3725 2946 3798 3020 ἐρ-

2169 3036 2313 3108 μαίῳ
2385 3040 2485 3101 τῆς
2545 3036 2854 3111 ἐπιθυμίας,
2909 3038 3248 3110 μετατίθεται
3325 3040 3427 3108 τήν
3489 3040 3662 3114 ἆρχῆν
3723 3036 3796 3110 ἐφ’

2164 3129 2331 3200 ἡμᾶς,
2364 3129 2491 3188 τοὺς
2543 3125 2683 3200 μηδὲ
2729 3132 2826 3182 τοῦ
2870 3125 3129 3203 ἄρχεσθαι
3179 3128 3378 3199 ἀξίους.
3414 3130 3667 3204 Εὑρίσκει
3715 3123 3796 3182 οὗν

2158 3217 2256 3284 τήν
2315 3216 2659 3290 ποθουμένην
2753 3219 3098 3287 ταπείνωσιν,
3156 3213 3425 3290 λαμϐάνει
3511 3218 3791 3295 ἀνακωχήν

2158 3311 2265 3361 τῶν
2321 3305 2606 3383 λυπηρῶν,
2664 3307 2847 3364 λύεται
2930 3312 3038 3363 τῶν
3096 3310 3439 3384 συνεχόντων
3513 3309 3790 3384 ἐπηρειῶν,

2161 3395 2344 3473 ὀφθεὶς
2374 3399 2490 3459 οἷος
2533 3397 2604 3467 ἦν
2652 3398 2714 3452 τὸ
2753 3399 3039 3473 πρότερον,
3073 3396 3478 3476 ἀφιλάργυρος,
3510 3397 3793 3476 ἀφιλοκτή-

2161 3507 2302 3559 μων,
2359 3485 2816 3578 ὄιφιλοπράγμων,
2871 3493 2973 3556 τῆς
3024 3485 3336 3578 δυσμενείᾳ
3407 3487 3510 3543 οὐκ
3563 3486 3789 3566 ἐχούσης

2159 3576 2348 3654 χώραν
2381 3571 2458 3630 ἔτι
2489 3581 2754 3654 συννεφεῖν
2793 3583 2894 3645 τῆς
2935 3576 3141 3632 ἐκείνου
3178 3571 3372 3652 ἀρετῆς
3419 3580 3524 3647 τήν
3575 3577 3787 3632 ἀκτῖνα·

2156 3666 2505 3740 πειράζονται
2535 3668 2634 3740 γὰρ
2664 3667 2753 3720 καὶ
2803 3663 3024 3737 δίκαιοί,
3057 3667 3131 3728 ὡς
3181 3665 3240 3721 ἂν
3289 3669 3358 3740 τῇ
3408 3668 3647 3742 πυρώσει
3691 3670 3792 3721 τῶν

2157 3753 2422 3829 λυπηρῶν
2483 3754 2950 3831 χρυσοειδέστεροι
3005 3757 3100 3818 τὰς
3176 3757 3358 3830 ψυχὰς
3450 3758 3674 3832 γένοιντ’
3734 3752 3786 3808 ἂν

2155 3844 2247 3898 καὶ
2296 3845 2371 3917 μή
2435 3843 2910 3900 ὑπολισθαίνουσιν
2962 3845 3406 3920 εύθυποροῦντες,
3455 3847 3531 3908 ὡς
3589 3843 3646 3900 ἂν
3697 3844 3788 3917 μά-

2155 3934 2296 3988 θοιεν
2353 3935 2497 4008 παρᾶ
2561 3937 2694 3989 Θεοῦ
2752 3934 2937 3997 αὐτοῖς
2986 3935 3117 3989 εἶναι
3202 3939 3306 3990 πᾶν
3363 3935 3426 3990 τὸ
3502 3932 3784 4009 κατορθού-

2168 4042 2321 4096 μενον
2333 4067 2344 4080 .

1999 4151 2228 4208 ΝΟΤΔΕ.

473 4281 590 4352 (15)
613 4303 641 4331 ‹‹
663 4282 828 4336 Anno
859 4283 890 4334 6
939 4281 1168 4350 imperii
1212 4279 1578 4337 Constantini
1606 4284 1664 4352 et
1701 4280 1915 4348 Irenes,
1945 4279 2040 4335 die

406 4353 470 4408 17
501 4351 767 4424 Augusti,
827 4352 1142 4408 indictione
1169 4352 1224 4419 9,
1256 4369 1435 4424 anno
1497 4351 1709 4409 Christi
1762 4352 1891 4418 785,
1932 4367 2042 4406 cm-

403 4423 634 4506 pta_illa
665 4425 943 4507 synodus.
977 4423 1533 4507 “Sedscholariorum
1551 4429 1608 4506 et
1635 4424 2039 4507 excubitorum
2050 4441 2097 4507 Β

404 4494 603 4563 copiis,
655 4494 884 4550 nudatis
942 4495 1178 4565 gladiis,
1222 4495 1509 4566 impetum
1558 4494 1619 4549 in
1658 4511 1757 4551 eos
1815 4496 2032 4564 fecere;

402 4572 766 4638 mortemque
795 4572 917 4621 tam
951 4567 1058 4638 ipsi
1098 4567 1458 4637 patriarchae,
1492 4583 1671 4637 quam
1697 4567 2035 4622 orthodoxis

402 4639 712 4709 episcopis,
770 4643 827 4693 et
874 4638 1363 4694 monasteriorum
1435 4639 1759 4710 praepositis
1821 4638 2035 4710 inferre

403 4708 616 4766 minati
637 4714 794 4768 sunt.
830 4731 858 4761 n
888 4711 977 4764 Ita
1024 4708 1801 4781 TheophanesIPatriarcha
1830 4713 1952 4764 erat
1981 4708 2042 4766 S.

403 4781 691 4846 Tarasius,
750 4781 809 4836 in
855 4783 1024 4849 cujus
1071 4780 1202 4836 Vita
1257 4782 1326 4835 25
1376 4781 1694 4849 Februarii,
1743 4797 1907 4836 num.
1954 4781 2042 4844 17,

401 4854 603 4909 eadem
635 4853 812 4908 latius
870 4853 1162 4908 dicuntur.
1196 4851 1598 4907 Hallucinatus
1645 4855 1734 4906 est
1763 4856 1952 4906 autem
1980 4851 2040 4905 in

401 4925 646 4998 signiter
674 4923 942 4990 Sirletus,
975 4925 1208 4995 quando
1240 4941 1342 4994 pro
1383 4922 1881 5006 ConstantinOpoli
1909 4939 2039 5046 qua)

401 4997 495 5052 hic
530 4992 874 5055 μητρόπολις
931 4997 1036 5048 τῶν
1094 4992 1366 5055 ἐπιφανῶν
1419 4995 1651 5055 dieitur,
1695 4995 1749 5047 id
1787 4999 1875 5048 est
1906 5009 1919 5046 ι
1952 4993 2039 5048 lu-

401 5013 495 5052 ωε
530 5013 874 5069 μητροποΛις
931 5014 1036 5048 των
1094 5013 1366 5121 επιρανων
1419 5013 1651 5063 αιοιῑυν,
1695 5013 1749 5047 ια
1787 5013 1875 5048 εει
1906 5013 2038 5048 mu-

400 5069 607 5123 strium
641 5069 869 5123 urbium
924 5073 1182 5139 metrOpo
1212 5070 1282 5131 is,
1315 5067 1483 5121 ﬁnxit
1516 5067 1718 5121 urbem
1752 5073 2038 5134 metropo-

397 5139 632 5196 litanam
665 5140 1122 5211 Epiphanorum,
1152 5141 1211 5194 in
1256 5141 1696 5211 quassynedus
1729 5142 2041 5211 convocata

399 5211 596 5268 fuerit.
625 5208 898 5282 Nequein
930 5211 1037 5266 hoc
1066 5214 1296 5282 tantum
1319 5209 1724 5282 hallucinatus
1757 5212 1842 5261 est
1861 5208 2038 5263 nimis

397 5283 648 5340 festinus
679 5279 1003 5349 interpres:
1039 5281 1122 5338 sel
1154 5280 1333 5337 semel
1365 5279 1476 5335 sibi
1510 5279 1856 5349 imaginatus
1878 5295 2037 5348 pseu-

398 5355 766 5427 dosynodum
808 5349 1086 5427 aliquam,
1116 5353 1174 5427 in
1221 5368 1338 5423 qua
1379 5367 1492 5427 non
1541 5349 1974 5427 a_d__dicendu_m
2004 5367 2034 5406 e

397 5422 674 5484 cathedra
706 5422 1017 5483 honorifice
1045 5422 1348 5492 invitatus,
1378 5423 1479 5478 sed
1513 5423 1583 5477 ad
1615 5422 2032 5492 disputandum

397 5498 572 5556 fuerit
622 5499 936 5555 insolenter
983 5500 1318 5568 provocatus
1373 5494 1570 5568 Plato;
1616 5500 2034 5568 consequenter

396 5571 469 5627 de
500 5570 734 5628 Platone
763 5571 922 5635 dicit,
975 5565 1251 5624 adversus
1315 5567 1611 5638 praesidem
1673 5565 2028 5638 clamavisse,

2152 4279 2262 4334 bus
2291 4279 2672 4353 laudantibus
2696 4281 3226 4353 pseudosynodum,
3251 4282 3514 4340 habitam
3554 4283 3660 4339 sub
3686 4282 3784 4338 Co-

2153 4367 2451 4421 pronymo.
2489 4352 2633 4406 Huic
2671 4357 2865 4407 autem
2899 4352 3183 4424 principio
3217 4371 3478 4410 consona
3507 4361 3644 4410 sunt
3669 4370 3781 4425 quis

2150 4427 2482 4497 sequuntur
2511 4430 2754 4497 castora.
2813 4425 3012 4496 Cmpta
3051 4441 3118 4480 ea
3174 4426 3495 4497 synodusB
3551 4427 3778 4482 Kalend.

2145 4494 2402 4558 Octobr.,
2433 4494 2629 4549 indici.
2680 4495 2764 4560 11,
2809 4494 2963 4552 ann—0
2992 4497 3142 4564 787.,
3175 4494 3347 4553 desiit
3393 4500 3447 4554 3.
3482 4498 3562 4554 De
3593 4516 3654 4555 ea
3682 4497 3780 4552 Mi-

2146 4564 2309 4620 chael
2333 4565 2390 4619 in
2424 4566 2545 4621 Vita
2563 4565 2758 4622 Sancti
2775 4567 3064 4623 Theodori
3093 4585 3150 4622 τι
3172 4567 3582 4626 Convenerunt
3609 4587 3673 4625 ex
3687 4585 3774 4624 va-

2150 4636 2253 4691 riis
2289 4636 2488 4713 Patres
2514 4638 2755 4713 trecenti
2788 4655 3033 4695 numero
3064 4649 3120 4695 et
3159 4640 3777 4713 quinquaginta,_i_nter

2155 4723 2302 4783 quos
2333 4707 2521 4763 adfuit
2548 4713 2606 4764 et
2635 4708 2835 4783 Pl_ato:
2869 4731 2897 4761 ››
2920 4715 2989 4783 et,
3014 4707 3337 4768 subscribit
3379 4707 3525 4783 ip'se,
3560 4710 3776 4766 Πλάτων

2152 4777 2469 4861 ἡγούμενρς
2502 4777 3094 4861 ΣακουᾷιῶιτοηΡΙαιο
3114 4777 3627 4861 δοευωοοὀε,ἐρυ
3651 4799 3778 4861 prae-

2153 4851 2378 4921 positus
2397 4851 2762 4908 Sacudionis.
2794 4855 2873 4909 De
2913 4853 3020 4909 hoc
3051 4851 3402 4912 monasterio
3433 4856 3544 4911 ista
3575 4851 3777 4910 baben-

2152 4933 2244 4999 tur
2267 4922 2476 4999 in_Vita
2503 4923 2562 4999 S_.
2584 4923 2868 4999 Theodori
2894 4943 2908 4980 :
2969 4925 3148 4999 («Cum
3167 4943 3370 4999 agrum
3392 4928 3698 4998 quemdam
3713 4941 3773 4999 ex

2151 4993 2273 5066 suis
2304 4995 2642 5066 Boscycium
2665 4997 2899 5052 nomine
2922 4997 2990 5051 ad
3019 4993 3242 5054 sacram
3280 4993 3644 5055 mansionem
3675 4998 3772 5051 ab-

2150 5065 2422 5131 dicasset,
2444 5065 2549 5138 eui
2572 5075 2624 5120 et
2655 5069 2971 5124 oratorium
3004 5069 3190 5124 inerat
3217 5070 3560 5126 Sacudioois
3581 5084 3772 5138 cogno-

2151 5142 2366 5210 mento,
2420 5136 2556 5193 illuc
2604 5155 2807 5194 omnes
2846 5155 2992 5210 quos
3042 5148 3176 5196 ante
3208 5143 3537 5210 retulimus,
3579 5136 3771 5197 se'una

2147 5209 2658 5285 recipientes,_Deo
2708 5209 2992 5285 promissa
3018 5213 3256 5268 reddere
3286 5219 3343 5267 et
3381 5213 3619 5285 implere
3643 5227 3770 5285 pro-

2146 5281 2441 5349 perabant.
2479 5302 2505 5329 υ
2528 5281 2882 5338 Describitur
2907 5283 3035 5338 dein
3070 5285 3372 5340 ammnitas
3402 5281 3511 5341 loci
3543 5287 3598 5340 in
3635 5281 3767 5339 olive

2144 5351 2292 5426 inter
2331 5352 2590 5426 arbores,
2649 5365 2944 5426 aquas,et
2975 5370 3212 5426 campos
3251 5357 3386 5412 siti:
3429 5372 3534 5414 nec
3584 5353 3765 5425 procul

2142 5423 2372 5495 videtur
2397 5423 2900 5495 Constantinopoli
2933 5423 3213 5484 abfuisse.

2213 5494 2327 5565 (16)
2355 5495 2417 5550 In
2458 5498 2655 5553 eadem
2703 5494 2837 5554 Vita
2881 5498 3095 5553 dicitur
3127 5505 3382 5555 extrema
3420 5499 3530 5554 sibi
3563 5499 3764 5554 instare

2139 5565 2470 5644 simulasse,
2503 5572 2560 5622 et
2599 5568 2705 5644 sic,
2739 5569 3214 5644 conspirantibus
3245 5571 3558 5644 suffragiis,
3587 5569 3761 5624 Theo-

395 5647 454 5699 et
509 5645 871 5716 vituperasse
914 5640 1155 5712 impiam
1215 5635 1544 5711 synodum:
1600 5655 1728 5693 cum
1800 5635 2032 5768 ἀνωγοη-
2138 5639 2345 5695 dorum
2385 5640 2636 5698 electum
2667 5635 2871 5698 fuisse.

400 5718 519 5768 ιιιῑν
551 5714 844 5768 signiﬁcet
873 5711 1236 5768 contrarium.
1271 5712 1443 5768 idaue
1472 5712 1694 5768 dicatur
1733 5711 1803 5766 de
1825 5711 1934 5768 mil
1963 5714 2032 5766 ti-

399 5718 519 5794 μεῖν
551 5711 844 5786 signiﬁcet
873 5711 1236 5780 contrarium,
1271 5712 1443 5782 idque
1472 5712 1694 5769 dicatur
1733 5711 1803 5766 de
1825 5711 1934 5768 mit
