4090 6288
282 388 402 448 829

909 523 1157 578 ΚΕΦΑΛ
1184 567 1196 578 .
1250 523 1321 578 Ε’.

967 388 1255 451 ORATIO
1296 388 1399 453 XI.
1446 422 1524 435 —
1570 390 1973 456 LAUDATIO
2008 394 2078 455 IS.
2129 390 2517 454 PLATONIS
2563 390 2993 455 HEGUMENI.

2728 525 2880 582 CAP.
2916 525 2986 582 V.

817 617 951 685 Quae
977 634 1170 688 passus
1200 620 1273 674 sit
1299 619 1457 674 Plato
1486 621 1550 675 ob
1582 622 1975 690 reprehensum
2009 622 2356 677 Constantini
2382 630 2434 677 et
2469 620 2757 677 Theodotes
2786 621 3143 676 adulterium.

355 704 456 771 κζ’.
510 704 566 755 '0
602 704 696 776 μὲν
738 703 828 758 οὗν
858 712 956 774 τῆς
977 708 1336 781 καθηγήσεως
1373 708 1596 777 τρόπος,
1629 706 1736 777 ἤδη
1762 708 1927 763 πεπέ-
1958 713 2011 779 Α

287 811 476 865 ρασται
508 813 520 827 ·
555 792 826 866 τρέψομαι
858 792 913 849 δὲ
942 796 1032 849 τὸν
1062 794 1232 870 λόγον
1265 795 1350 851 ἐπῖ
1382 796 1443 849 τὸ
1486 793 1921 873 διαϐοητότερον.

284 879 450 937 Ἀλλ’
481 880 668 955 οἷ’μοιί
708 882 904 938 στένειν
934 884 1207 959 πάρεστιν,
1240 884 1546 959 ὁρμωμένῳ
1577 887 1670 955 μὲν
1705 887 1753 941 τ’
1782 888 1927 958 ἀλη-

288 972 355 1039 θῆ
391 977 610 1048 φρᾶσαι,
658 972 997 1046 ἀναινομένῳ
1045 972 1101 1029 δὲ
1148 976 1246 1042 τὴν
1295 972 1547 1049 διήγησιν
1590 973 1771 1052 φειδοῖ
1816 981 1924 1031 τῶν

287 1057 625 1134 δεδρακότων
651 1080 664 1091 ·
698 1069 882 1135 Ὃμως
914 1062 1027 1119 ἐπεὶ
1065 1066 1140 1138 μὴ
1175 1064 1366 1119 οἷόντε
1396 1062 1590 1124 ἄλλοις
1624 1069 1922 1139 φανερῶσαι

280 1150 347 1203 τὰ
387 1145 657 1223 κρυϐῆναι
692 1153 767 1224 μή
804 1151 1114 1229 ὀφείλοντα,
1146 1154 1336 1227 καίπερ
1368 1151 1925 1228 πανταχοῦδιαθρυλ-

279 1239 547 1312 λούμενοι,
588 1239 675 1296 ἐπὶ
705 1243 804 1311 τὴν
857 1239 1098 1311 δήλωσιν
1150 1241 1481 1315 ἐλεύσομαι·
1516 1243 1576 1297 ού
1628 1239 1922 1317 θριαμϐεύ-

280 1349 359 1382 ειν
391 1328 517 1390 τοὺς
550 1328 842 1403 δράσαντας
894 1329 1247 1405 βουλόμενος,
1301 1333 1424 1386 ὅσον
1472 1332 1923 1411 στηλογραφῆσαι

278 1418 382 1485 τήν
417 1417 611 1489 ἀρετὴν
644 1424 740 1474 τοῦ
771 1419 1102 1493 ἀειμάκαρος
1130 1466 1142 1479 .
1177 1420 1313 1478 Οὐαί
1347 1442 1453 1491 σοι,
1502 1419 1688 1489 πόλις,
1735 1421 1922 1499 φησὶν,

286 1507 356 1575 ἧς
390 1507 416 1559 6
459 1502 712 1570 ϐασιλεύς
745 1529 839 1563 σου
877 1509 1138 1583 νεώτερός
1188 1509 1351 1581 ἐστιν,
1408 1512 1506 1578 τῆς
1552 1516 1769 1583 Γραφῆς
1819 1510 1924 1564 πά-

280 1594 377 1651 λαι
414 1596 506 1667 μὲν
538 1596 769 1667 ἀκήκοα,
801 1602 891 1653 νῦν
922 1596 979 1653 δὲ
1009 1599 1059 1653 ἐν
1091 1601 1253 1672 πείρᾳ
1272 1598 1593 1673 γεγένημαι.
1640 1604 1923 1654 Κωνσταν-

279 1691 446 1755 τῖνος,
509 1688 536 1742 6
588 1694 688 1757 τῆς
746 1688 979 1764 Εἰρήνης
1034 1687 1331 1765 ῥάδοιμνος,
1384 1690 1447 1743 οὗ
1491 1692 1525 1758 ἡ
1583 1688 1761 1752 πίστις
1823 1692 1917 1763 μὲν

279 1775 413 1848 ὀρθὴ
450 1775 508 1831 ἐκ
554 1785 826 1852 μητρικῆς
870 1777 1138 1841 εὐσεϐείας
1187 1778 1611 1857 ἐσφραγισμένη,
1647 1781 1674 1833 6
1709 1781 1830 1853 βίος
1865 1777 1922 1833 δὲ

282 1859 526 1937 σκαμϐὸς
584 1866 633 1938 ἐξ
681 1867 1145 1943 αύτοκρατορικῆς
1188 1867 1481 1931 ἀκολασίας
1542 1869 1919 1944 οἱστρηλατη-

282 1955 444 2027 μένος
471 1971 483 1985 ’
510 1952 629 2030 ἂρτι
671 1958 773 2031 γὰρ
818 1960 1089 2032 κρατήσας
1122 1958 1173 2013 ἐν
1203 1957 1462 2032 νεαζούσῃ
1514 1956 1730 2028 ἡλικίᾳ,
1779 1959 1919 2031 ὁμοῦ

2109 714 2199 766 26.
2230 712 2528 776 Quomodo
2560 712 2925 783 prealaturam
2962 709 3207 782 gesserit
3227 713 3470 766 sanctus
3520 709 3683 765 Plato

2028 801 2152 871 jam
2176 801 2418 856 dicendo
2442 800 2817 857 absolvimus:
2839 816 3017 872 quare
3045 801 3115 854 ad
3141 800 3197 853 id
3222 800 3373 870 quod
3395 798 3680 855 celebrius

2034 891 2145 944 fuit
2194 890 2513 947 orationem
2563 896 2980 946 convertemus.
3030 889 3142 944 Sed
3178 889 3267 943 hic
3306 905 3482 959 prope
3517 889 3679 943 adest

2033 984 2096 1035 ut
2144 980 2544 1051 ingemiscam,
2587 982 2888 1035 veritatem
2939 981 3176 1050 quidem
3232 980 3422 1050 picere
3468 994 3679 1050 aggre—

2031 1069 2216 1136 diens,
2259 1069 2474 1124 invitus
2502 1074 2696 1126 tamen
2730 1086 2848 1124 rem
2885 1074 2948 1123 ut
2973 1075 3098 1124 acta
3129 1077 3211 1123 est
3243 1084 3507 1135 narrans,
3533 1068 3672 1122 dum

2030 1158 2100 1213 iis
2132 1158 2410 1229 percitum
2444 1159 2614 1229 cupio
2656 1159 2755 1229 qui
2785 1158 2974 1229 ipsam
3018 1167 3277 1228 egerunt.
3312 1158 3551 1221 Quando
3585 1162 3678 1212 ta-

2033 1263 2165 1301 men
2215 1247 2491 1317 possibile
2534 1264 2648 1302 non
2698 1251 2785 1302 est
2827 1246 2992 1301 aliter
3039 1245 3413 1301 manifestare
3457 1261 3524 1300 ea
3555 1260 3678 1313 qua

2032 1337 2278 1392 minime
2306 1335 2585 1393 occultari
2616 1336 2850 1406 debent,
2880 1336 3159 1407 quoniam
3196 1334 3409 1407 ubique
3440 1333 3675 1405 vulgata

2022 1426 2147 1495 jam
2179 1432 2339 1494 sunt,
2373 1426 2639 1483 exordiar
2680 1425 2809 1496 ipsa
2846 1425 2939 1480 hic
2968 1425 3333 1491 describere;
3368 1440 3483 1479 non
3508 1428 3573 1477 ut
3601 1422 3674 1478 iis

2029 1516 2129 1587 qui
2161 1515 2427 1585 impliciti
2459 1517 2617 1572 fuere
2646 1515 2948 1583 insultem,
2978 1516 3079 1571 sed
3108 1520 3175 1570 ut
3216 1515 3368 1570 beati
3398 1515 3673 1568 virtutem

2028 1606 2433 1677 depraadicem.
2490 1611 2581 1662 Vae
2612 1606 2732 1674 tibi,
2772 1609 2940 1674 terra,
2993 1604 3183 1676 inquit
3227 1603 3343 1672 ille,
3390 1603 3546 1674 cujus
3576 1617 3677 1657 rex

2025 1710 2163 1766 puer
2189 1704 2268 1751 est
2292 1693 2345 1750 'l
2382 1696 2531 1766 quod
2554 1701 2750 1750 autem
2773 1694 2911 1750 olim
2952 1710 3021 1749 ex
3054 1694 3390 1764 ‘Scripturis
3453 1691 3671 1753 audivi.

2028 1800 2185 1840 nunc
2227 1786 2354 1855 ipsa
2396 1784 2574 1840 didici
2614 1783 2990 1856 experientia.
3032 1782 3433 1851 Constantius,
3476 1782 3672 1837 Irenes

2028 1873 2323 1941 surculus,
2364 1875 2532 1944 cujus
2580 1882 2734 1930 recta
2772 1872 3006 1945 quidem
3048 1889 3115 1929 ex
3155 1878 3423 1927 materna
3461 1871 3671 1940 pietate

2024 1961 2168 2017 ﬁdes
2209 1962 2334 2031 fuit,
2383 1964 2497 2018 vita
2541 1968 2736 2018 autem
2786 1963 3123 2033 depravata,
3172 1969 3446 2032 tanquam
3494 1963 3670 2014 metro

278 2044 373 2115 μὲν
414 2051 513 2113 τῆς
574 2046 835 2119 μητρῴας
891 2045 1076 2109 αἰδοῦς
1132 2048 1221 2102 καὶ
1280 2049 1528 2126 φυλακῆς
1588 2047 1910 2123 ἀφηνιάσας,

2027 2050 2435 2108 stimulabatur
2520 2052 2892 2122 imperatoria
2975 2050 3302 2118 insolentia,
3391 2064 3524 2105 cum
3611 2047 3671 2102 in

274 2133 418 2204 ὁμοῦ
473 2130 529 2188 δὲ
559 2139 665 2189 τῶν
714 2135 809 2190 τοῦ
858 2140 991 2191 Θεοῦ
1039 2135 1223 2210 νόμων
1270 2138 1703 2213 ὑπερφρονήσας,
1743 2131 1911 2191 ἐκϐα-

274 2220 387 2276 λὼν
437 2224 536 2293 τὴν
582 2224 834 2297 νομίμως
883 2225 1030 2297 αύτῷ
1079 2228 1427 2303 συναφθεῖσαν
1480 2231 1729 2300 γυναῖκα,
1788 2247 1915 2299 μοι-

277 2311 427 2385 χεύει
461 2311 597 2368 κατᾶ
624 2315 714 2369 τὸν
748 2312 998 2388 Ἡρώδην
1024 2356 1038 2369 .
1083 2315 1257 2371 Ἀλλά
1302 2314 1447 2377 τίνος
1495 2312 1665 2370 ἕνεκεν
1698 2317 1733 2384 ἡ
1765 2316 1915 2369 ἱστο-

271 2400 396 2473 ρίας
437 2402 561 2457 Ὅτι
612 2407 709 2458 τοῦ
757 2400 1085 2479 Προδρόμου
1135 2403 1416 2477 ὁμόζηλος
1465 2406 1614 2459 καὶὸ
1647 2404 1912 2478 ἡμέτερος

266 2490 593 2565 καθηγητὴς
644 2492 1016 2567 πεφανέρωταί
1064 2513 1202 2561 πως,
1261 2496 1474 2549 πάντων
1527 2492 1722 2568 σχεδὸν
1795 2514 1915 2547 συν-

270 2580 535 2636 ελθόντων
567 2586 635 2655 τῇ
668 2583 1005 2656 παρανομίᾳ,
1042 2582 1230 2656 μόνος,
1263 2583 1337 2645 ὡς
1370 2582 1562 2651 εἷπεῖν,
1616 2582 1773 2645 οὗτος
1821 2584 1912 2638 σὺν

271 2676 389 2732 τοῖς
422 2671 612 2726 ἑαυτοῦ
640 2672 824 2726 παισὶν
854 2671 949 2726 εἴτ’
981 2669 1073 2727 οὖν
1122 2679 1406 2748 φοιτηταῖς
1455 2672 1757 2744 ἀκλόνητος
1789 2670 1907 2728 δια-

272 2759 474 2833 μένων,
536 2760 667 2835 ὑπὲρ
717 2762 778 2815 οὗ
828 2761 924 2816 ὅσα
980 2763 1070 2816 καὶ
1117 2762 1289 2832 ἡλίκα
1332 2759 1404 2816 δι’
1456 2761 1590 2817 ὅλου
1644 2759 1798 2825 ἔτους
1846 2762 1913 2817 τὰ

268 2850 648 2925 ἀγωνίσματα,
679 2850 836 2905 ἀκοαὶ
867 2850 951 2905 ἐπ’
980 2852 1190 2921 ἀκοαῖς,
1235 2850 1453 2906 ἀπειλαὶ
1502 2849 1584 2906 ἐπ’
1632 2851 1910 2920 ἀπειλαῖς,

266 2940 573 3014 μαστίγων,
608 2941 851 3016 ἐξοριῶν,
884 2942 1357 3017 ἀκρωτηριασμῶν
1386 2985 1398 2999 .

2019 2148 2183 2196 aetate
2254 2141 2572 2196 admodum
2637 2139 2882 2211 juvenili
2940 2155 3180 2211 regnare
3241 2137 3531 2209 ccepisset,
3590 2135 3665 2191 si-

2020 2230 2143 2285 mul
2184 2235 2239 2286 et
2289 2236 2560 2287 maternae
2610 2230 2939 2287 reverentiae
2988 2229 3384 2299 custodiaque
3429 2228 3659 2283 frenum

2018 2319 2335 2388 excutiens,
2370 2324 2427 2375 et
2460 2319 2554 2375 Dei
2585 2318 2774 2391 legem
2809 2325 3212 2385 contemnens,
3242 2320 3479 2373 ductam
3512 2315 3663 2387 legi-

2018 2408 2180 2463 timis
2212 2409 2432 2480 nuptiis
2455 2409 2783 2480 ,conjugem
2826 2408 3170 2479 repudiavit,
3202 2412 3259 2463 et
3286 2406 3528 2462 Herodis
3573 2405 3666 2459 in-

2019 2506 2138 2552 star
2176 2498 2498 2554 moechatus
2536 2504 2624 2553 est
2660 2498 2796 2568 (l7).
2843 2497 2960 2554 Hoc
3003 2503 3197 2553 autem
3240 2512 3355 2567 quo
3397 2492 3669 2567 spectat?

2017 2588 2160 2652 Quia
2204 2587 2394 2644 zelum
2446 2587 2745 2643 Prodromi
2795 2588 2985 2659 palam
3038 2594 3127 2643 est
3176 2586 3445 2641 imitatus
3499 2588 3670 2640 Pater

2020 2686 2257 2744 noster;
2309 2693 2558 2747 cumque
2609 2677 2726 2733 fere
2762 2692 2986 2732 omnes
3025 2676 3319 2747 iniquitati
3366 2672 3667 2730 consenti-

2021 2771 2170 2834 rent,
2203 2766 2364 2821 solus
2394 2765 2542 2837 ipse,
2576 2770 2641 2821 ut
2671 2768 2755 2821 sic
2784 2766 2995 2833 dicam,
3031 2782 3163 2821 cum
3197 2763 3390 2836 pueris
3420 2764 3534 2830 sui,
3558 2778 3659 2819 seu

2019 2855 2200 2910 mavis
2249 2854 2409 2923 ﬁliis,
2477 2855 2860 2912 inconcussus
2922 2855 3224 2926 perstitit:
3286 2855 3662 2925 quamobrem

2020 2960 2150 3015 quas
2177 2948 2235 3000 et
2286 2952 2502 3015 quanta
2544 2960 2660 3000 non
2694 2946 2928 3000 fuerunt
2976 2960 3076 3015 per
3123 2949 3307 2999 totum
3343 2957 3529 2997 unum
3561 2958 3665 2996 an-

261 3048 407 3085 num
463 3034 767 3089 subeunda
817 3032 1165 3089 certamina!
1217 3050 1482 3090 rumores
1532 3050 1711 3104 supra
1763 3048 2047 3094 rumores,
2090 3034 2259 3089 minae
2308 3051 2480 3104 supra
2529 3034 2741 3102 minas,
2774 3035 3098 3100 verberum,
3139 3032 3504 3099 exsiliorum,
3536 3046 3670 3085 mu-

260 3120 628 3181 tilationum.

337 3209 436 3276 κζ’.
469 3213 556 3271 Ὠς
588 3208 645 3263 δὲ
696 3207 849 3266 οὒδὶν
908 3212 1141 3266 ἐντεῦθεν
1201 3209 1391 3281 ἠνύετο
1448 3215 1555 3265 τῶν
1613 3207 1911 3281 σπουδαζο-

264 3298 448 3371 μένων
496 3302 574 3366 τῷ
622 3299 868 3373 Καίσαρι,
916 3300 1001 3378 ἐφ’
1050 3301 1229 3373 ἕτερον
1280 3301 1485 3372 μέτεισι
1522 3298 1723 3373 τρόπον
1755 3316 1770 3330 ⁶
1819 3298 1910 3353 καὶ

257 3388 332 3457 ἦν
388 3388 448 3441 τὸ
514 3389 607 3460 μὲν
668 3387 848 3463 δρᾶμα
894 3391 1028 3445 κατά
1082 3390 1145 3445 τὸ
1203 3387 1468 3463 ᾀδόμενον
1508 3388 1727 3462 ἑτέρων,
1776 3391 1811 3457 ἡ
1855 3386 1913 3443 δὲ

260 3475 392 3551 χεὶρ
441 3472 803 3550 Ἀϐεσσαλὼμ
838 3481 874 3548 ἡ
929 3483 1089 3535 τοῦτο
1132 3480 1543 3554 πρακτεύουσα.
1595 3485 1737 3535 Ἴστε
1781 3477 1911 3540 τοὺς

256 3567 759 3640 παραπεμφθέντας
791 3568 1140 3640 μονάζοντας,
1186 3568 1278 3625 καὶ
1318 3568 1385 3624 τὰ
1434 3567 1693 3624 σταλέντα
1741 3567 1913 3642 γράμ-

261 3675 457 3729 ματα.
513 3655 611 3710 Καὶ
654 3656 813 3721 τέλος
859 3655 1045 3727 ἐπειδὴ
1093 3658 1183 3713 καὶ
1241 3662 1407 3714 ταῦτα
1455 3654 1604 3714 ἕωλα
1658 3658 1749 3712 καὶ
1799 3652 1917 3711 ἀϐέ-

267 3740 426 3814 ϐαια,
460 3750 558 3799 τοῦ
591 3751 802 3821 Πατρός
847 3748 913 3802 τὰ
944 3744 1128 3803 δέοντα
1173 3747 1624 3827 ἀντεπιφέροντος
1670 3748 1761 3802 καὶ
1792 3748 1914 3801 ἀντ-

265 3833 718 3908 επιστέλλοντος,
753 3840 787 3906 ἡ
821 3838 1149 3911 ἀνακάλοψις
1187 3844 1290 3907 τῆς
1342 3838 1629 3912 βασιλικῆς
1677 3842 1917 3910 μορφῆς,

266 3923 460 3982 οὒκέτι
513 3927 700 4001 χώραν
752 3925 980 4003 ἔχοντος
1028 3932 1125 3984 τοῦ
1176 3931 1545 4000 προσωπείου,
1600 3926 1917 4002 φαίνεσθαι.

260 4011 479 4071 ’Δϐἀλε
544 4018 611 4071 τὰ
665 4017 788 4071 τότε
844 4019 1179 4093 γεγενημένα
1236 4018 1378 4090 παρά
1445 4021 1552 4073 τῶν
1616 4014 1919 4072 σταλέντων

261 4102 371 4159 δύο
424 4110 763 4181 στρατηγῶν,
800 4106 874 4170 ὡς
920 4108 1007 4162 ἐπὶ
1066 4105 1352 4180 πολεμίων
1411 4110 1571 4161 τινῶν
1630 4108 1768 4180 πρὸς
1823 4106 1917 4160 τὸν

260 4192 482 4249 ἄοπλον
531 4196 802 4267 μοναστήν
843 4200 940 4251 τοῦ
1003 4200 1257 4270 Χριστοῦ,
1302 4197 1392 4251 καὶ
1444 4196 1596 4269 μόνῳ
1654 4200 1732 4268 τῷ
1790 4194 1917 4267 θείῳ

258 4285 428 4357 νόμῳ
481 4285 888 4363 φραττόμενον.
935 4288 1111 4359 Ἢρθη
1171 4287 1381 4358 ποιμήν
1436 4285 1496 4340 ἐκ
1581 4285 1768 4357 μέσου,
1826 4284 1917 4339 καὶ

261 4372 659 4447 διέσκορπίσθη
719 4375 787 4430 τά
825 4369 1066 4449 πρέϐατα
1114 4375 1219 4430 ἀπὸ
1248 4382 1349 4444 τῆς
1392 4374 1671 4446 ποίμνης“
1725 4375 1776 4428 οἱ
1818 4374 1914 4446 μὲν

260 4461 596 4539 ἐτύφθησαν,
625 4460 793 4519 ἄλλοι
827 4464 1297 4539 ὑπερωρίσθησαν,
1329 4460 1505 4537 ἕτεροι
1545 4460 1912 4537 ἐδιώχθησαν,

259 4551 357 4607 καὶ
390 4550 511 4624 τόγε
559 4546 948 4628 ἕλεεινότερον,
994 4552 1267 4627 θέσπισμα
1308 4552 1593 4627 βασιλικὸν
1638 4549 1915 4627 ἀπροσδέ-

256 4658 426 4699 κτους
459 4640 595 4693 εἶναι
625 4647 907 4717 πανταχοῦ
936 4641 1064 4705 τοὺς
1096 4641 1186 4697 διὰ
1217 4643 1408 4717 Κύριον
1468 4638 1865 4717 δεδιωγμένους
1891 4657 1907 4673 ⁶

2089 3212 2180 3267 27.
2214 3213 2355 3268 Cum
2398 3219 2589 3268 autem
2639 3212 2722 3267 sic
2780 3211 3119 3269 nullatenus
3154 3211 3445 3268 intentum
3494 3224 3664 3265 suum

1943 3307 2435 3389 cassequeretur
2489 3302 2821 3372 imperator,
2880 3302 2950 3357 ad
3009 3301 3166 3357 aliud
3220 3317 3280 3356 se
3340 3300 3659 3389 convertit:

2022 3396 2079 3447 et
2107 3396 2227 3446 erat
2260 3391 2496 3463 quidem
2526 3389 2770 3446 aliorum
2801 3407 2984 3459 opus;
3019 3391 3119 3445 sed
3151 3390 3474 3446 secundum
3497 3387 3660 3444 illam

2021 3483 2555 3541 decantatissimam
2602 3483 2661 3538 in
2709 3482 3024 3553 Scripturis
3059 3483 3420 3555 tragcediam,
3454 3497 3668 3538 manus

2025 3572 2298 3629 Absalom
2347 3572 2597 3628 faciebat
2642 3572 2862 3628 omnia.
2901 3573 3072 3629 Scitis
3110 3572 3439 3627 submissos
3490 3570 3668 3626 fuisse

2027 3662 2366 3731 monachos,
2422 3661 2584 3717 scitis
2644 3660 2862 3717 litteras
2918 3661 3185 3733 scriptas.
3245 3663 3508 3732 Cumque
3549 3660 3668 3714 haec

2028 3755 2203 3810 etiam
2254 3753 2454 3809 inania
2503 3757 2560 3809 et
2606 3753 2841 3809 inﬁrma
2880 3769 3006 3809 esse
3055 3757 3376 3825 appareret,
3428 3751 3666 3807 Platone

2028 3845 2181 3913 quod
2214 3858 2446 3913 aequum
2478 3850 2597 3899 erat
2639 3847 3052 3899 manutenente
3080 3847 3137 3897 et
3174 3841 3535 3913 praeferente,
3573 3855 3666 3894 re-

2027 3932 2247 3988 velatus
2274 3938 2365 3989 est
2386 3933 2618 3989 tandem
2656 3932 2782 4002 ipse
2827 3932 3163 4004 imperator,
3194 3930 3290 4001 qui
3321 3931 3431 3987 sub
3464 3944 3665 4000 perso-

2028 4040 2104 4078 na
2126 4023 2345 4079 diutius
2393 4022 2645 4079 occulari
2696 4039 2809 4078 non
2843 4026 3086 4093 poterat.
3118 4020 3280 4077 Vahl
3330 4021 3403 4076 ob
3444 4037 3509 4075 ea
3538 4034 3661 4090 quas

2028 4117 2191 4183 gesta
2221 4130 2254 4168 a
2284 4112 2513 4168 duobus
2543 4112 2896 4168 exercituum
2935 4111 3204 4180 ducibus,
3246 4118 3519 4181 tanquam
3558 4108 3665 4163 ad-

2026 4218 2228 4258 versus
2277 4201 2476 4257 hostes
2534 4201 2821 4274 quosdam
2882 4201 3102 4266 missis,
3151 4205 3353 4256 contra
3404 4199 3663 4254 inernem

2025 4290 2240 4349 Christi
2279 4290 2653 4358 monachum,
2686 4294 2743 4346 et
2771 4288 2894 4346 sola
2912 4290 3012 4346 Dei
3043 4289 3167 4359 lege
3197 4289 3524 4345 defensum.
3557 4288 3664 4343 Su-

2026 4380 2220 4436 blatus
2249 4384 2340 4436 est
2380 4380 2449 4435 de
2491 4380 2680 4436 medio
2711 4389 2926 4451 pastor,
2977 4388 3031 4434 et
3060 4380 3336 4450 dispersae
3366 4382 3504 4433 sunt
3531 4393 3664 4433 oves

2024 4470 2238 4541 gregis.
2274 4470 2341 4524 Et
2371 4468 2470 4525 alii
2500 4469 2735 4540 quidem
2756 4470 3230 4537 verberabantur,
3253 4468 3661 4537 relegabantur

2024 4558 2145 4625 alii,
2197 4559 2385 4615 caeteri
2432 4559 2892 4630 persecutionem
2941 4558 3342 4624 sustinebant;
3392 4557 3662 4628 quodque

2024 4647 2350 4721 mirabilius
2382 4648 2512 4708 fuit,
2534 4648 2859 4704 Caesareum
2889 4648 3146 4703 edictum
3177 4650 3303 4702 erat
3327 4662 3399 4701 ne
3429 4645 3660 4716 uspiam

801 4700 838 4717 η
1049 4700 1060 4705 _
1297 4700 1306 4717 ,
1648 4700 1687 4717 ,,
1853 4700 1863 4704 -

257 4728 353 4783 καὶ
416 4724 727 4798 ὕπήκουσάν
779 4752 839 4806 γε
896 4733 951 4786 οἱ
1017 4736 1123 4788 τῶν
1199 4733 1432 4805 σεμνίων
1492 4731 1905 4806 προϊστάμενοι,

2027 4700 3162 4808 etiam;aridissimis;
3207 4700 3441 4807 propter
3467 4700 3664 4790 D‘omi-

257 4817 354 4871 καί
408 4819 632 4882 σπάνιος
662 4821 689 4873 ὁ
720 4819 1051 4894 ἀποτολμῶν
1110 4819 1474 4889 εἰσδέξασθαι·
1535 4819 1625 4875 καὶ
1674 4822 1911 4894 Χριστὸς

257 4903 563 4977 ἐκάθευδεν,
610 4904 677 4961 δι’
719 4908 810 4972 οὕς
857 4907 999 4964 οἶδεν
1047 4910 1306 4986 τρόπους,
1350 4908 1666 4983 δοκιμάζων
1715 4910 1779 4963 τὰ
1829 4929 1909 4983 γι-

258 4998 527 5070 γνομενα,
552 5000 661 5050 τῶν
711 4999 805 5069 μὲν
854 4999 1158 5072 βασανίζων
1203 4999 1297 5054 τὸν
1346 5001 1481 5073 πρὸς
1522 4998 1690 5053 αὐτὸν
1738 5000 1903 5052 πόθον

258 5087 303 5141 εἰ
365 5086 669 5159 ἐπιμένοιεν
727 5093 835 5144 τῶν
887 5087 944 5144 δὲ
992 5092 1053 5146 τὸ
1120 5091 1476 5165 ἀπάνθρωπον
1530 5090 1902 5164 οἷκτιζόμενος

255 5174 490 5251 ἐνεγκεῖν
524 5177 601 5239 εἰς
637 5178 943 5254 μετάμελον
970 5225 985 5239 .

329 5444 350 5479 ⁸
381 5445 568 5505 ΕοοΙο.
600 5464 658 5517 x,
692 5450 780 5505 10.

2023 4842 2202 4893 num;
2235 4831 2291 4883 et
2321 4826 2507 4882 edicto
2535 4826 2619 4881 illi
2650 4827 2931 4897 parebant
2967 4826 3240 4896 prasides
3278 4823 3665 4881 monasterio-

2020 4932 2171 4983 rum,
2208 4915 2349 4970 adeo
2399 4920 2463 4970 ut
2506 4915 2601 4969 vix
2654 4915 2813 4970 ullus
2866 4916 3241 4982 inveniretur,
3282 4914 3382 4985 qui
3428 4914 3664 4969 auderet

2016 5006 2271 5075 praebere
2304 5010 2626 5077 receptum.
2674 5005 2942 5062 Christus
2983 5011 3176 5061 autem
3220 5004 3561 5072 dormiebat,
3589 5005 3661 5058 ob

2014 5102 2182 5151 notas
2211 5094 2321 5150 sibi
2374 5110 2618 5161 causas;
2661 5094 2869 5150 borum
2918 5095 3155 5166 quidem
3206 5094 3265 5147 in
3316 5109 3377 5149 se
3408 5091 3659 5163 probans

2013 5200 2290 5251 amorem,
2324 5200 2396 5239 an
2429 5194 2579 5239 esset
2610 5190 2906 5249 constans,
2944 5184 3177 5239 illorum
3201 5200 3333 5238 vero
3366 5181 3653 5238 miserans

2010 5274 2523 5340 inbumanitatem,
2583 5278 2645 5329 ut
2701 5290 2800 5330 eos
2852 5273 2923 5330 ad
2983 5273 3387 5346 paenitentiam
3445 5286 3653 5343 provo-

2014 5368 2190 5420 caret.

1849 5526 2083 5584 ΝΟΤιΕ.

330 5624 443 5708 (l7)
474 5628 1397 5708 CepulavitusibihConstantinus
1443 5634 1742 5708 illegitimo
1788 5636 2058 5707 conjugio
2116 5635 2454 5693 Theodoten
2483 5636 2920 5707 cubiculariam,
2977 5651 3175 5693 mense
3232 5636 3512 5706 Augusto,
3559 5633 3650 5689 in-

258 5694 513 5756 dictione
538 5694 593 5770 3,
625 5720 719 5760 an.
750 5704 879 5763 795.
908 5702 1051 5761 Vide
1077 5705 1510 5777 Theophanem.
