4090 6288
445 381 560 446 831

451 627 483 665 a
516 611 761 682 pr0priis
794 609 1093 679 membris,
1135 609 1411 682 solusque
1461 612 1906 685 derelinquitur,
1965 615 2092 670 ani-

448 717 598 756 mam
649 715 808 755 suam
855 716 1076 771 ponens
1121 717 1225 771 pro
1275 701 1477 756 ovibus
1529 702 1672 769 suis,
1714 704 1878 773 juxta
1907 704 2092 759 Evan-

446 788 685 861 gelium,
740 793 941 860 utpote
978 805 1109 844 vere
1147 794 1346 860 pastor
1378 790 1584 846 bonus.
1622 791 1884 849 Violenta
1916 809 2087 848 manu

445 881 512 934 ad
546 879 826 936 Caesarem
870 880 1141 935 ducitur:
1190 879 1411 935 resistit
1449 881 1509 936 in
1557 881 1783 951 faciem,
1817 884 2092 939 audacter

445 968 595 1038 dico,
647 970 803 1026 velut
853 970 995 1025 alter
1042 969 1292 1026 Joannes
1354 970 1564 1026 Christi
1625 975 1992 1044 prodromus,
2024 989 2090 1030 eo

445 1057 630 1114 solum
677 1065 935 1129 excepto,
983 1061 1132 1129 quod
1166 1059 1260 1116 hic
1308 1076 1414 1115 suo
1445 1059 1652 1130 ipsius,
1687 1065 1809 1133 ipse
1851 1063 2089 1120 alterius

449 1149 627 1203 ductu
658 1149 836 1204 venit.
870 1147 914 1204 Ο
944 1149 1168 1204 virilem
1197 1148 1460 1206 animum
1489 1149 1502 1204 l
1533 1151 1657 1207 Non
1689 1157 1778 1208 est
1811 1153 2092 1210 reveritus

447 1237 807 1305 majestatem
852 1237 1104 1307 imperii,
1168 1254 1282 1292 non
1341 1239 1662 1295 formidavit
1711 1241 1922 1312 minas,
1975 1259 2086 1296 non

447 1327 532 1380 est
559 1325 855 1381 emollitus
878 1324 1198 1390 blanditiis,
1232 1327 1407 1399 idque
1429 1343 1561 1383 cum
1586 1346 1654 1384 ex
1675 1347 1782 1385 suo
1804 1331 2090 1402 sanguine

446 1421 599 1470 esset
632 1415 841 1469 mulier
879 1430 1004 1484 quae
1056 1415 1434 1471 Herodiadem
1483 1418 1802 1474 referebat:
1855 1420 1953 1476 sed
1987 1420 2089 1475 im-

446 1503 785 1574 perterritus
835 1503 1251 1575 pronuntiavit,
1293 1509 1350 1561 et
1397 1523 1511 1562 non
1561 1508 1795 1564 erubuit
1842 1509 2084 1566 verbum

444 1592 726 1648 veritatis.
774 1591 926 1648 Dixit
960 1597 1288 1650 Praecursor
1323 1595 1585 1651 Domini:
1639 1597 1754 1652 Non
1801 1597 1931 1654 licet
1979 1598 2086 1653 tibi

446 1681 645 1736 habere
695 1698 929 1739 uxorem
968 1682 1221 1754 Philippi
1259 1685 1423 1753 fatri:
1466 1686 1550 1740 tui
1578 1684 1639 1742 9:
1681 1685 1896 1742 similia
1925 1686 2083 1743 illius

444 1775 702 1831 imitator
729 1776 894 1845 dixit,
927 1776 999 1832 ad
1038 1793 1171 1832 eum
1205 1777 1304 1847 qui
1353 1777 1604 1836 similem
1649 1795 1708 1835 se
1760 1781 1967 1836 Herodi
2000 1782 2084 1837 fe-

448 1869 627 1935 cerat,
667 1866 852 1936 capite
891 1873 1081 1922 tamen
1114 1867 1379 1922 minutus
1412 1884 1524 1923 non
1558 1876 1646 1924 est
1671 1886 1685 1923 :
1714 1869 1897 1925 noluit
1925 1871 2080 1927 enim
2118 1903 2164 1967 Β

445 1953 779 2024 imperator,
823 1957 1320 2026 quemadmodum
1365 1957 1727 2028 praedixerat,
1770 1965 2084 2034 martyrem

445 2043 653 2114 facere,
675 2044 746 2099 ad
783 2043 1052 2100 ultimum
1086 2051 1377 2101 certamen
1407 2045 1702 2103 voluntate
1725 2055 2082 2120 promptum.

445 2132 846 2189 Cenl’essorem
891 2142 1082 2189 tamen
1140 2135 1352 2190 Christi
1430 2136 1583 2204 fecit,
1634 2138 1808 2193 etiam
1860 2140 2084 2207 nolens,

439 2223 695 2278 veritatis
739 2222 1098 2291 thesaurum,
1144 2231 1208 2279 ut
1238 2224 1567 2282 maleﬁcum
1599 2227 1918 2297 hominem,
1953 2246 2087 2286 con-

444 2312 686 2368 cludens
736 2313 964 2384 cellula,
1023 2314 1323 2386 clavesque
1366 2333 1546 2388 supra
1603 2322 1792 2376 claves
1843 2337 2083 2392 ponens,

440 2407 497 2457 et
521 2403 736 2472 jubens
770 2419 868 2476 per
889 2410 1199 2476 angustum
1233 2406 1492 2462 foramen
1524 2407 1718 2464 cibum
1750 2410 1800 2464 ei
1842 2411 2081 2480 praeberi

441 2491 523 2546 sic
562 2496 626 2546 ut
672 2509 705 2548 a
748 2493 977 2548 nemine
1027 2493 1286 2566 conspici
1337 2501 1556 2566 posset,
1602 2513 1776 2568 quem
1821 2499 2085 2556 Christus

442 2579 796 2637 intuebatur.

511 2671 600 2726 29.
655 2672 758 2737 Qui
820 2678 1014 2729 autem
1071 2674 1130 2730 in
1190 2675 1282 2731 his
1339 2677 1798 2748 cooperabantur
1850 2680 2081 2751 Caesari,

441 2767 608 2818 erant
660 2764 1070 2820 monachorum
1125 2765 1424 2835 praasides,
1495 2783 1745 2840 quorum
1804 2771 2082 2828 erubesco

441 2851 696 2923 proferre
744 2851 1004 2908 nomina.
1052 2852 1253 2910 Carcer
1298 2871 1450 2923 vero,
1513 2872 1545 2911 ο
1598 2873 1715 2912 rem
1763 2858 2078 2916 miseram!

438 2946 778 3009 carcererat,
829 2941 1167 2998 miserabile
1209 2945 1629 3002 monasterium
1663 2947 1849 3018 ipsius
1881 2947 2079 3018 palatii

1687 386 1750 449 S.
1797 386 2196 452 THEODORI
2241 385 2600 452 STUDITE

521 522 610 576 28.
643 521 786 586 Quid
819 527 1013 576 autem
1045 520 1255 576 athleta
1285 521 1548 578 Christi?
1573 522 1855 580 Avellitur
1877 529 2089 598 sponte
2119 526 2172 590 Α

3697 382 3804 447 832

2275 525 2380 593 κη’.
2412 524 2471 578 Τί
2521 520 2610 576 οὖν
2662 521 2690 575 6
2739 523 2834 576 τοῦ
2871 521 3106 595 Χριστοῦ
3150 516 3419 586 ἀθλητής;
3450 517 3804 589 Ἀποτέμνεται

2199 615 2306 666 τῶν
2356 609 2570 666 οἰκείων
2631 607 2814 682 μελῶν
2863 607 3174 675 ἐθελοντὴς,
3223 605 3676 678 καταλιμπάνεται
3727 627 3805 677 μου

2198 705 2436 765 νώτατος
2493 705 2594 770 τὴν
2653 702 2837 777 ψυχὴν
2895 700 2999 759 θεὶς
3047 699 3181 773 ὑπὲρ
3231 701 3337 751 τῶν
3365 692 3808 770 προϐάτων,κατά

2197 796 2260 850 τὸ
2309 790 2666 868 Εὒαγγέλιον,
2696 792 2723 844 6
2773 790 2846 850 ὡς
2897 789 3118 857 ἀληθῶς
3159 788 3369 859 ποιμὴν
3401 785 3614 859 ἀγαθὸς,
3644 784 3805 858 ἄγεται

2201 884 2287 939 ἐπὶ
2335 884 2425 938 τὸν
2475 881 2711 956 Καίσαρα
2760 880 2861 934 ὑπὸ
2912 880 3141 954 βριαροῦ
3179 878 3386 952 χειρὸς,
3419 874 3643 945 εἱστήκει
3686 874 3807 929 κατά

2201 975 2517 1048 πρόσωπον,
2549 972 2595 1027 εἰ
2643 970 2732 1026 καὶ
2791 969 3075 1044 τολμηρὸν
3126 968 3320 1036 εἴπεῖν,
3363 967 3478 1020 οἷον
3518 963 3804 1034 Ἰωάννηςό

2202 1062 2526 1140 Πρόδρομος
2560 1067 2655 1118 τοῦ
2677 1062 2905 1134 Κυρίου,
2935 1060 3080 1130 πλὴν
3112 1059 3240 1114 ὅσον
3282 1059 3309 1112 ὁ
3344 1059 3436 1131 μὲν
3457 1055 3808 1125 αὕτοκίνητος,

2202 1160 2230 1212 6
2274 1155 2330 1212 δὲ
2378 1156 2774 1231 ὲτεροκίνητος.
2826 1155 2891 1207 Ὠ
2945 1159 3046 1222 τῆς
3095 1149 3354 1226 ἀνδρικῆς
3415 1146 3667 1223 καρδίαςί
3715 1146 3809 1220 οὐχ

2203 1245 2500 1317 ὑπέπτηξεν
2557 1248 2634 1315 τῷ
2689 1242 2894 1316 κράτει,
2945 1241 3048 1294 οὐκ
3101 1237 3354 1295 ἐνέδωκεν
3405 1243 3521 1299 ταῖς
3577 1233 3806 1296 ἀπειλαῖς

2201 1334 2300 1389 οὐκ
2353 1334 2642 1408 ἐχαυνώθη
2701 1336 2820 1392 ταῖς
2875 1329 3243 1400 πειθανότησι,
3299 1329 3390 1383 καὶ
3445 1330 3606 1381 ταῦτα
3659 1320 3808 1394 οὔσης

2202 1425 2292 1499 ἀφ’
2323 1423 2551 1496 αἶ’ματος
2597 1429 2696 1492 τῆς
2750 1427 2820 1497 τῇ
2879 1417 3174 1496 Ἡρωδιάδι
3241 1415 3664 1494 ὁμογνώμονος’
3695 1412 3807 1468 ἀλλ’

2201 1513 2451 1592 ἐφθέξατο
2500 1512 2756 1586 ἀτρέμας,
2807 1510 2935 1566 ἀλλ’
2982 1507 3348 1583 ὡμολόγησεν
3399 1503 3808 1592 ἀνεπαισχῦντως

2199 1590 2291 1660 τὸν
2322 1602 2483 1674 λόγον
2513 1609 2612 1671 τῆς
2645 1599 2927 1672 ἀληθείας.
2958 1600 3120 1656 Εἶπεν
3154 1599 3182 1653 6
3224 1601 3320 1652 τοῦ
3352 1597 3549 1671 Κυρίου
3580 1590 3808 1666 Πρόδρο-

2205 1714 2341 1766 μος’
2375 1690 2488 1750 Οὐκ
2539 1688 2732 1762 ἔξεστίν
2782 1712 2867 1746 σοι
2919 1684 3066 1764 ἔχειν
3122 1691 3350 1763 γυναῖκα
3398 1683 3670 1739 Φιλίππου
3721 1684 3806 1735 τοῦ

2197 1780 2436 1858 ἀδελφοῦ
2467 1782 2762 1838 σου.Εἶπεν
2789 1780 2879 1834 καὶ
2911 1779 2939 1833 ὁ
2957 1779 3148 1835 τούτου
3182 1777 3434 1850 μιμητὴς
3461 1774 3528 1828 τά
3555 1769 3810 1847 ἐφάμιλλα

2197 1873 2334 1946 πρὸς
2365 1873 2456 1928 τὸν
2481 1869 2726 1946 Ἡρώδου
2757 1871 2953 1946 ὅμοιον
2977 1887 2992 1904 ⁸
3029 1868 3120 1924 καὶ
3168 1867 3419 1941 τέμνεται
3465 1865 3553 1938 μὶν
3601 1864 3693 1932 τὴν
3733 1881 3810 1916 κε-

2196 1962 2375 2042 φαλὴν
2426 1961 2704 2035 οὐδαμῶς,
2739 1961 2822 2016 ὅτι
2876 1959 3016 2034 μηδὲ
3067 1953 3340 2030 ἠϐούλετο
3404 1958 3432 2012 6
3463 1960 3655 2030 Καῖσαρ
3689 1953 3809 2026 μάρ-

2191 2073 2326 2127 τυρα
2353 2050 2566 2107 τελέσαι
2596 2051 2687 2106 τὸν
2727 2055 2794 2124 τῇ
2845 2049 3154 2123 προαιρέσει
3205 2045 3538 2116 ἀθλήσαντα,
3568 2045 3639 2106 ὡς
3692 2060 3810 2113 προ·

2194 2136 2377 2196 λαϐὼν
2432 2139 2826 2217 ἀπεφθέγξατο,
2881 2137 3239 2212 ὁμολογητήν
3318 2133 3378 2191 δὲ
3436 2135 3669 2205 Χριστοῦ
3733 2129 3810 2184 καὶ

2197 2232 2273 2303 μή
2309 2229 2641 2305 βουλόμενος
2691 2225 2983 2300 ἀπέδειξεν,
3013 2225 3292 2300 καθείρξας
3337 2225 3390 2279 ἐν
3443 2223 3662 2294 οῗκίσκῳ
3713 2217 3806 2274 τινὶ

2195 2322 2270 2383 ὡς
2305 2325 2608 2396 κακοῦργον
2640 2319 2733 2374 τὸν
2785 2317 3054 2391 θησαυρὸν
3087 2323 3190 2386 τῆς
3229 2314 3515 2386 ἀληθείας,
3545 2311 3690 2371 κλεῖς
3736 2307 3812 2364 ἐπῖ

2190 2408 2367 2464 κλεισὶ
2401 2411 2646 2482 θέμενος,
2686 2407 2774 2461 καὶ
2816 2404 2886 2461 δι’
2916 2407 3055 2475 ὀπῆς
3111 2406 3208 2473 τήν
3256 2406 3466 2482 τροφὴν
3514 2401 3806 2475 πορίζεσθαι

2191 2497 2547 2567 κεκελευκὼς,
2579 2496 2715 2569 πρὸς
2741 2496 2804 2550 τὸ
2846 2495 2930 2549 ὑπ’
2965 2492 3178 2556 οὐδενὸς
3219 2494 3442 2567 ὁρᾶσθαι
3490 2494 3598 2546 τῶν
3641 2485 3809 2544 ἄλλων

2191 2587 2437 2644 ἁπάντων
2464 2589 2558 2643 τὸν
2595 2587 2697 2642 ὑπὸ
2731 2586 2931 2661 Κυρίου
2963 2585 3264 2660 ὁρώμενον.

2257 2678 2356 2734 κθ’.
2389 2677 2489 2733 Καὶ
2535 2677 2587 2731 o't
2634 2675 3044 2748 συναιθούμενοι
3088 2677 3168 2746 τῷ
3216 2675 3445 2746 Καίσαρι
3494 2675 3600 2726 τῶν
3653 2689 3802 2742 μονα-

2189 2771 2327 2823 στῶν
2358 2768 2408 2822 οἱ
2457 2764 2808 2841 προέχοντες,
2841 2765 2914 2819 ῶν
2953 2763 3325 2838 αῗσχυναίμην
3377 2761 3546 2816 εἷ’πεῖν
3587 2761 3651 2814 τὰ
3695 2757 3810 2812 ὀνο-

2194 2877 2370 2931 ματα·
2401 2857 2491 2910 καὶ
2534 2857 2570 2925 ὴ
2615 2855 2824 2930 εἷρκτή,
2873 2855 2936 2909 τὸ
2974 2852 3231 2928 σχέτλιον
3281 2853 3647 2925 μοναστήριον
3718 2850 3812 2902 τῶν

2191 2944 2483 3020 βασιλείων
2517 2940 2827 3020 Ἐχέκολλα
2873 2947 2974 3016 (g),
3005 2944 3094 2997 καὶ
3139 2944 3167 2997 ὁ
3209 2943 3518 3014 θαυμαστὸς
3561 2936 3815 3017 φροιόραρο

439 3028 741 3085 Echecolla
771 3028 1015 3097 dictum,
1047 3034 1243 3086 custos
1266 3033 1516 3088 carceris
1538 3031 1940 3105 admirandus,
1961 3035 2084 3106 ipse

2198 3056 2292 3111 χος
2349 3037 2376 3091 6
2423 3035 2550 3096 τοὺς
2622 3031 3010 3108 μοιχωμένους
3076 3031 3574 3104 καταστεψάμενος.
3621 3024 3812 3099 Οῗμοιί

436 3118 535 3190 qui
569 3121 826 3175 mmchos
873 3124 1267 3176 coronaverat.
1302 3120 1424 3177 Heu
1459 3122 1588 3176 me!
1623 3122 1950 3181 exclamare
1983 3124 2076 3181 lu-

2193 3124 2326 3198 μετά
2363 3128 2460 3179 τοῦ
2503 3124 2787 3201 προφήτου
2831 3123 3133 3197 βοήσομαι,
3167 3122 3253 3176 ὅτι
3302 3117 3626 3178 Ἀπόλωλεν
3674 3116 3701 3169 6
3739 3114 3814 3167 εὖ·

435 3208 532 3263 bet
562 3223 696 3262 cum
749 3207 1054 3278 Pr0pheta,
1106 3208 1284 3264 Periit
1330 3219 1555 3266 sanctus
1601 3211 1666 3268 de
1718 3219 1890 3282 terra,
1921 3217 1971 3270 et
1999 3230 2082 3270 re-

2198 3208 2369 3282 λαϐἠς
2433 3213 2537 3267 ἀπὸ
2595 3218 2694 3281 τῆς
2770 3213 2890 3285 γῆς,
2949 3210 3038 3266 καὶ
3097 3211 3126 3264 6
3183 3211 3467 3283 κατορθῶν
3523 3206 3575 3261 ἐν
3633 3203 3818 3275 ἀνθρώ-

2393 3303 2406 3316 ι
2507 3297 2531 3316 91
2704 3300 2763 3316 —l
2836 3299 2852 3316 \
3024 3299 3039 3316 ς
3123 3297 3148 3316 ν
3331 3298 3347 3316 \
3599 3291 3816 3316 δί-...λ-..

435 3302 554 3352 ctus
584 3298 642 3352 in
671 3297 984 3354 hominibus
1015 3313 1122 3353 non
1151 3305 1229 3354 est
1262 3298 1326 3353 ιο.
1360 3302 1502 3367 Quid
1538 3317 1697 3358 nunc
1739 3318 1869 3358 eum
1912 3320 2080 3359 com-

444 3405 779 3457 memorem,
814 3390 914 3460 qui
945 3395 1215 3446 sanctum
1248 3393 1699 3449 custodiendum
1743 3393 1982 3450 tradidit
2012 3394 2084 3451 il-

437 3476 733 3534 licitarum
792 3481 1124 3550 nuptiarum
1175 3481 1530 3537 conciliatori
1586 3483 1742 3555 (l8);
1791 3490 1887 3540 sut
1948 3500 2078 3540 eum

445 3567 548 3638 qui
596 3569 814 3622 missus
862 3568 934 3624 ab
982 3569 1330 3641 imperatore
1380 3573 1752 3642 prasumpsit
1781 3573 2084 3628 innoxium

433 3655 748 3726 judicare?
789 3657 936 3722 Quid
977 3659 1290 3730 Episcopos
1335 3661 1524 3716 dicam
1557 3679 1591 3717 a
1636 3661 1861 3718 Caesare
1901 3664 2086 3734 depu-

440 3750 612 3815 tatos,
665 3751 726 3802 ut
770 3748 893 3803 solo
944 3749 1114 3805 verbo
1162 3750 1486 3806 consentire
1528 3752 1759 3820 justum
1809 3752 2082 3822 facerent,

437 3851 694 3907 eumque
723 3853 756 3892 a
785 3853 1016 3893 carcere
1071 3838 1378 3894 liberatum
1430 3840 1789 3896 dimitterent
1821 3856 1913 3897 res
1944 3857 2085 3898 suas

439 3942 540 3997 pro
573 3925 815 3983 arbitrio
852 3927 1311 3984 administrare?
1357 3930 1504 3996 Quid
1547 3930 1794 4002 denique
1833 3933 2083 3988 subsan-

440 4021 647 4071 nantes
704 4016 757 4071 ei
815 4032 880 4071 ac
937 4017 1308 4074 detrahentes
1375 4035 1732 4087 recenseam,
1801 4021 2085 4092 sanguine

439 4107 783 4175 conjunctos
813 4111 870 4161 et
900 4106 1139 4175 alienos,
1183 4107 1386 4163 habitu
1417 4109 1640 4165 similes
1670 4113 1727 4165 et
1747 4111 2082 4166 dissimiles.

443 4193 488 4250 Ο
539 4195 1003 4250 absurditateml
1051 4205 1146 4253 aut
1193 4198 1383 4267 potius
1429 4198 1702 4269 injuriam
1747 4199 1956 4255 factam
1996 4216 2086 4254 ve-

442 4282 630 4338 ritatil
684 4283 894 4340 Delirlo
957 4301 1305 4357 generosum
1354 4287 1541 4344 virum
1589 4290 1934 4360 arguebant,
1986 4289 2086 4359 qui

440 4372 796 4430 adulterium
853 4373 1126 4430 volebant
1183 4376 1520 4448 conjugium
1571 4378 1750 4434 videri
1793 4394 1806 4433 :
1850 4392 2086 4449 sparge-

441 4461 581 4516 bant
610 4461 767 4517 inani
801 4461 986 4534 gloria
1018 4464 1147 4520 duci
1204 4481 1307 4535 pro
1335 4464 1564 4521 Christo
1591 4466 2013 4528 decertantem,
2046 4464 2087 4518 ii

443 4550 539 4621 qui
563 4551 755 4606 studio
787 4553 993 4623 agendi
1028 4553 1420 4625 loquendique
1442 4572 1510 4610 ex
1533 4554 1825 4610 voluntate
1847 4553 2084 4609 Caesaris

2194 3324 2316 3364 ποις
2351 3303 2452 3356 οὐκ
2505 3297 2671 3357 ἔστιν.
2704 3300 2763 3355 Τί
2793 3299 2894 3375 γάρ
2950 3299 3041 3354 καὶ
3095 3297 3232 3354 εἷ’πω
3292 3298 3386 3353 τὸν
3448 3291 3818 3370 παραδώσαντα

2192 3393 2284 3447 τὸν
2342 3387 2493 3466 ἅγιον
2549 3394 2630 3461 τῷ
2688 3387 3056 3464 μοιχοζεύκτῃ
3099 3387 3176 3450 εἷς
3231 3389 3295 3442 τὸ
3347 3378 3816 3464 φρουρηθῆναι;ἣ

2192 3483 2284 3538 τὸν
2313 3478 2778 3554 προανακρίναντα
2807 3477 2859 3548 ἐξ
2911 3476 3223 3547 ἀποστολῆς
3269 3481 3369 3532 τοῦ
3423 3473 3690 3551 βασιλέως
3741 3468 3820 3523 τὸν

2195 3570 2517 3638 ἀνεύθυνον,
2560 3566 2596 3637 ἢ
2642 3566 2770 3630 τοὺς
2827 3567 2960 3640 μετά
3004 3568 3105 3636 τὴν
3156 3564 3372 3640 εἱρκτὴν
3430 3555 3824 3640 παραπεμφθέν-

2197 3681 2289 3722 τας
2345 3658 2480 3733 πρὸς
2525 3661 2624 3712 τοῦ
2673 3655 2937 3729 Καίσαρος
2983 3657 3245 3731 ίεράρχας
3297 3653 3372 3716 εἷς
3403 3655 3468 3708 τὸ
3501 3652 3646 3727 λόγῳ
3677 3651 3820 3722 μόνον

2202 3747 2479 3804 συνθέσθαι
2536 3747 2628 3802 τὸν
2676 3743 2906 3811 δίκαιον,
2939 3752 3038 3814 τῆς
3094 3765 3154 3800 τε
3218 3743 3470 3821 φυλακῆς
3519 3745 3614 3797 τοῦ
3679 3737 3822 3812 χάριν

2196 3840 2441 3907 ἄεθῆναι,
2520 3838 2613 3891 καὶ
2683 3837 2897 3892 πάντων
2956 3841 3064 3890 τῶν
3131 3833 3344 3890 οἰκείων
3426 3831 3739 3900 δεσπόζειν;
3790 3823 3822 3892 ἢ

2192 3925 2321 3988 τοὺς
2351 3920 2542 3997 ἔξωθεν
2585 3926 2933 3989 σκώποντάς
2986 3946 3045 3980 τε
3108 3924 3197 3980 καὶ
3256 3921 3630 3996 διασύροντας,
3671 3914 3823 3990 ὁμαί-

2200 4017 2365 4091 μονάς
2397 4035 2455 4070 τε
2482 4016 2572 4070 καὶ
2605 4016 2717 4090 οὐχ
2745 4015 3076 4088 ὁμαίμονας,
3109 4014 3482 4088 ὁμοσχήμους
3513 4032 3569 4066 τε
3598 4009 3684 4064 καὶ
3721 4006 3819 4060 ἕτε-

2199 4108 2373 4183 ροσχή
2388 4124 2560 4179 μους;
2594 4107 2659 4160 Ὠ
2687 4111 2787 4175 τῆς
2820 4104 3066 4170 ἀτοπίας,
3105 4102 3317 4178 μᾶλλον
3351 4100 3409 4157 δὲ
3438 4109 3540 4171 τῆς
3567 4098 3697 4155 κατὰ
3737 4095 3821 4196 τῆξ

2197 4194 2457 4266 ἄληθείας
2530 4189 2899 4268 έξυϐρίσεωςῐ
2957 4195 3241 4250 Ἕκστασιν
3324 4190 3661 4267 κατηγόρουν
3738 4189 3822 4238 τοῦ

2197 4286 2444 4359 γενναίου
2504 4283 2556 4336 οἱ
2629 4281 3097 4357 μοιχαλλοίωτοι,
3140 4277 3442 4351 κενοδοξεῖν
3509 4277 3820 4359 ἐπεφήμιζον

2194 4356 2286 4428 τὸν
2330 4372 2462 4446 ὑπὲρ
2496 4372 2740 4432 Χριστοῦ
2758 4356 2934 4442 δόξης
2961 4368 3419 4448 ἐναγωνιζόμενον
3457 4369 3510 4423 οἱ
3559 4364 3645 4422 διὰ
3683 4362 3740 4417 τὸ
3767 4356 3822 4412 τὰ

2196 4462 2332 4536 πρὸς
2362 4460 2638 4533 ἀρέσκειαν
2695 4464 2792 4515 τοῦ
2847 4463 3119 4536 Καίσαρος
3175 4461 3428 4534 πράττειν
3486 4479 3545 4513 τε
3600 4454 3683 4510 καὶ
3739 4449 3821 4505 λέ-

2197 4571 2311 4628 γειν
2369 4556 2471 4620 τῆς
2529 4548 2841 4613 δεσποτείας
2913 4551 3111 4626 Κυρίου
3187 4548 3562 4608 ἐκπίπτοντες.
3620 4545 3818 4621 Ἔφερεν

445 4639 774 4696 exciderant
821 4621 1046 4697 Comini
1094 4621 1189 4699 sui
1236 4621 1494 4714 imperio.
1537 4643 1831 4700 Sustinuit
1871 4642 2082 4698 nihilo-

2198 4621 2257 4694 δὲ
2303 4638 2457 4713 ὅμως
2508 4641 2607 4709 τὴν
2655 4621 3019 4714 ἀπάνθρωπον
3047 4643 3142 4694 τοῦ
3189 4643 3383 4715 καιροῦ
3424 4638 3595 4716 φορὰν
3624 4635 3652 4688 6
3697 4633 3821 4702 Χρι-

447 4732 646 4787 minus
703 4731 1084 4789 inhumanam
1142 4733 1416 4804 temporis
1481 4732 1640 4789 illius
1693 4733 2083 4790 calamitatem

444 4821 667 4878 athleta
695 4821 930 4892 Christi,
980 4821 1164 4879 solam
1214 4822 1446 4880 intuens
1495 4823 1792 4879 veritatem
1832 4827 1890 4878 et
1917 4822 2086 4877 retri-

514 4969 538 5004 ⁹
569 4969 746 5027 Marc.
778 4985 859 5038 vi,
902 4967 985 5024 l8.
1062 4967 1109 5003 ¹⁰
1136 4967 1308 5025 Mich.
1343 4983 1440 5036 vn,
1471 4967 1527 5024 2.

2197 4733 2328 4784 στοῦ
2385 4731 2737 4802 θεραπευτής,
2768 4732 2907 4805 πρὸς
2960 4730 3018 4785 ’ὲν
3083 4729 3246 4804 μόνον
3302 4734 3519 4784 σκοπῶν
3566 4727 3662 4793 τήν
3699 4719 3824 4805 ἆλήα

2197 4821 2339 4875 θειαν
2368 4820 2457 4875 καὶ
2485 4820 2586 4890 τὴν
2617 4819 2748 4893 ὑπὲρ
2789 4804 2957 4891 αὒτῆς
3010 4817 3368 4878 ἀνταπόδοσιν
3392 4837 3404 4852 ο
3446 4817 3538 4873 καί
3586 4835 3644 4889 γε
3689 4804 3824 4873 διῆλ·

2014 5093 2245 5150 ΝΟΤΕ.

514 5239 590 5308 (g)
619 5236 864 5316 Sirletus
898 5236 1119 5316 videtur
1168 5230 1448 5316 ἐνεκᾴλλα.
1477 5235 1712 5316 legisse,
1739 5235 1908 5316 quod
1956 5235 2151 5316 ipsum
2182 5251 2287 5306 ego
2318 5249 2551 5306 quoque
2579 5235 2798 5316 credidi
2829 5235 3321 5316 substituendum
3347 5252 3361 5290 :
3407 5249 3565 5316 nunc
3595 5230 3821 5316 vero,“

447 5305 678 5390 placeat
699 5307 810 5390 ipsi
837 5307 1016 5389 nostri
1041 5305 1635 5390 ecgraphi-scriptioni
1672 5305 2101 5390 inhiarerefubi
2133 5305 2405 5375 expresse
2437 5321 2537 5390 per
2569 5307 2948 5390 maju‘sculam'
2976 5307 3239 5390 lit-teram.
3261 5307 3436 5378 (quod
3470 5305 3611 5390 alias
3644 5308 3819 5390 ςοξιξξῐξ

445 5378 496 5438 et
531 5381 681 5435 haud
714 5379 892 5434 dubie
922 5378 980 5433 in
1011 5379 1280 5452 originali
1312 5380 1638 5452 inventum)
1688 5381 1960 5435 scribitur
2007 5396 2116 5435 vox
2167 5384 2664 5452 proparoxytona;
2720 5380 2986 5452 fortassis
3032 5378 3275 5452 habebis
3321 5381 3609 5452 proprium
3657 5378 3821 5441 ipsius

445 5451 692 5507 Palatini
728 5449 1057 5505 monasterii
1091 5465 1324 5522 nomen.
1355 5449 1665 5518 Echecolla,
1699 5458 1753 5506 et
1782 5452 2120 5507 concinnior
2147 5450 2255 5506 erit
2287 5449 2558 5522 periodus
2589 5464 2692 5520 per
2731 5450 2842 5505 tria
2889 5451 3150 5506 membra
3204 5449 3383 5506 divisa
3431 5449 3560 5505 sine
3609 5453 3822 5514 expres-

445 5530 609 5582 sione
644 5522 894 5593 alicujus
926 5522 1080 5578 verbi
1112 5521 1596 5593 subintelligendo
1628 5525 1864 5595 ubique,
1895 5528 2038 5579 erat.

515 5647 924 5732 (εβῌρεθρὲι-

447 5721 589 5795 jugii
608 5719 842 5778 dicitur
862 5721 922 5775 in
951 5719 1082 5776 Vita
1110 5719 1176 5776 Si
1201 5720 1508 5777 Theodori.

1027 5647 1284 5720 resbyter
1325 5655 1378 5703 et
1427 5648 1692 5707 Ecclesiae
1755 5664 2113 5713 ceconomus,
2163 5645 2503 5702 illicitarum
2557 5646 2887 5716 nuptiarum
2937 5647 3199 5706 initiator
3241 5648 3292 5706 ei
3340 5645 3671 5707 consiliator
3698 5655 3819 5698 con-
