  <div class='ocr_page' id='page_1' title='image "/cluster/home/n/w/nwhite01/storage/ocr_20150623/99/mdp.39015005675577/422.png"; bbox 0 0 4090 6288; ppageno 0'>
   <div class='ocr_carea' id='block_1_1' title="bbox 282 382 400 443">
    <p class='ocr_par' dir='ltr' id='par_1_1' title="bbox 282 382 400 443">
     <span class='ocr_line' id='line_1_1' title="bbox 282 382 400 443; baseline -0.008 0"><span class='ocrx_word' id='word_1_1' title='bbox 282 382 400 443; x_wconf 83' lang='lat'>833</span> 
     </span>
    </p>
   </div>
   <div class='ocr_carea' id='block_1_2' title="bbox 976 369 2996 440">
    <p class='ocr_par' dir='ltr' id='par_1_2' title="bbox 976 369 2996 440">
     <span class='ocr_line' id='line_1_2' title="bbox 976 369 2996 440; baseline 0.001 -4"><span class='ocrx_word' id='word_1_2' title='bbox 976 372 1267 436; x_wconf 80' lang='lat' dir='ltr'>ORATIO</span> <span class='ocrx_word' id='word_1_3' title='bbox 1310 372 1413 431; x_wconf 86' lang='lat' dir='ltr'>XI.</span> <span class='ocrx_word' id='word_1_4' title='bbox 1466 401 1535 415; x_wconf 90' lang='lat'><strong>—</strong></span> <span class='ocrx_word' id='word_1_5' title='bbox 1583 369 1987 433; x_wconf 83' lang='lat' dir='ltr'>LAUDATIO</span> <span class='ocrx_word' id='word_1_6' title='bbox 2029 373 2093 435; x_wconf 90' lang='lat' dir='ltr'>S.</span> <span class='ocrx_word' id='word_1_7' title='bbox 2138 376 2521 439; x_wconf 85' lang='lat' dir='ltr'>PLATONIS</span> <span class='ocrx_word' id='word_1_8' title='bbox 2567 378 2996 440; x_wconf 85' lang='lat' dir='ltr'>HEGUMENI.</span> 
     </span>
    </p>
   </div>
   <div class='ocr_carea' id='block_1_3' title="bbox 3570 375 3688 435">
    <p class='ocr_par' dir='ltr' id='par_1_3' title="bbox 3570 375 3688 435">
     <span class='ocr_line' id='line_1_3' title="bbox 3570 375 3688 435; baseline -0.008 0"><span class='ocrx_word' id='word_1_9' title='bbox 3570 375 3688 435; x_wconf 76' lang='grc'>834</span> 
     </span>
    </p>
   </div>
   <div class='ocr_carea' id='block_1_4' title="bbox 280 504 1946 585">
    <p class='ocr_par' dir='ltr' id='par_1_4' title="bbox 280 504 1930 580">
     <span class='ocr_line' id='line_1_4' title="bbox 280 504 1930 580; baseline -0.005 -13"><span class='ocrx_word' id='word_1_10' title='bbox 280 517 366 568; x_wconf 86' lang='grc' dir='ltr'>θεν</span> <span class='ocrx_word' id='word_1_11' title='bbox 413 512 509 580; x_wconf 84' lang='grc' dir='ltr'>τὴν</span> <span class='ocrx_word' id='word_1_12' title='bbox 567 511 805 566; x_wconf 85' lang='grc' dir='ltr'>κάκωσιν</span> <span class='ocrx_word' id='word_1_13' title='bbox 857 508 931 569; x_wconf 85' lang='grc' dir='ltr'>ὡς</span> <span class='ocrx_word' id='word_1_14' title='bbox 984 505 1036 561; x_wconf 81' lang='grc' dir='ltr'>ἐν</span> <span class='ocrx_word' id='word_1_15' title='bbox 1090 504 1307 567; x_wconf 71' lang='grc' dir='ltr'>ἀδύτοις</span> <span class='ocrx_word' id='word_1_16' title='bbox 1358 504 1791 577; x_wconf 80' lang='grc' dir='ltr'>ἀναπαυόμενος.</span> <span class='ocrx_word' id='word_1_17' title='bbox 1854 504 1930 562; x_wconf 83' lang='grc' dir='ltr'>Οὐ</span> 
     </span>
    </p>
   </div>
   <div class='ocr_carea' id='block_1_5' title="bbox 2062 504 3692 585">
    <p class='ocr_par' dir='ltr' id='par_1_5' title="bbox 2062 510 3692 584">
     <span class='ocr_line' id='line_1_5' title="bbox 2062 510 3692 584; baseline 0.001 -20"><span class='ocrx_word' id='word_1_18' title='bbox 2062 510 2351 567; x_wconf 86' lang='lat' dir='ltr'>butionem</span> <span class='ocrx_word' id='word_1_19' title='bbox 2375 512 2562 568; x_wconf 90' lang='lat' dir='ltr'>eidem</span> <span class='ocrx_word' id='word_1_20' title='bbox 2597 515 2908 583; x_wconf 80' lang='lat' dir='ltr'>repositam</span> <span class='ocrx_word' id='word_1_21' title='bbox 2934 513 3130 584; x_wconf 78' lang='lat' dir='ltr'>itaque</span> <span class='ocrx_word' id='word_1_22' title='bbox 3155 527 3447 568; x_wconf 75' lang='lat' dir='ltr'>aerumnos</span> <span class='ocrx_word' id='word_1_23' title='bbox 3479 510 3692 567; x_wconf 83' lang='lat' dir='ltr'>osillos</span> 
     </span>
    </p>
   </div>
   <div class='ocr_carea' id='block_1_6' title="bbox 276 591 1929 677">
    <p class='ocr_par' dir='ltr' id='par_1_6' title="bbox 276 591 1929 677">
     <span class='ocr_line' id='line_1_6' title="bbox 276 591 1929 677; baseline -0.006 -20"><span class='ocrx_word' id='word_1_24' title='bbox 276 603 377 677; x_wconf 74' lang='grc' dir='ltr'>γὰρ</span> <span class='ocrx_word' id='word_1_25' title='bbox 437 603 568 664; x_wconf 90' lang='grc' dir='ltr'>Θεὸς</span> <span class='ocrx_word' id='word_1_26' title='bbox 623 600 687 655; x_wconf 86' lang='grc' dir='ltr'>τὸ</span> <span class='ocrx_word' id='word_1_27' title='bbox 749 595 1215 670; x_wconf 80' lang='grc' dir='ltr'>σπουδαζόμενον,</span> <span class='ocrx_word' id='word_1_28' title='bbox 1273 593 1383 650; x_wconf 81' lang='grc' dir='ltr'>ἐκεῖ</span> <span class='ocrx_word' id='word_1_29' title='bbox 1438 591 1589 649; x_wconf 75' lang='grc' dir='ltr'>οὐδὲν</span> <span class='ocrx_word' id='word_1_30' title='bbox 1648 594 1710 649; x_wconf 87' lang='grc' dir='ltr'>τὸ</span> <span class='ocrx_word' id='word_1_31' title='bbox 1767 598 1929 648; x_wconf 79' lang='grc' dir='ltr'>νικῶν</span> 
     </span>
    </p>
   </div>
   <div class='ocr_carea' id='block_1_7' title="bbox 279 688 692 768">
    <p class='ocr_par' dir='ltr' id='par_1_7' title="bbox 279 688 692 768">
     <span class='ocr_line' id='line_1_7' title="bbox 279 688 692 768; baseline -0.005 -21"><span class='ocrx_word' id='word_1_32' title='bbox 279 694 371 748; x_wconf 89' lang='grc' dir='ltr'>τὸν</span> <span class='ocrx_word' id='word_1_33' title='bbox 404 688 662 768; x_wconf 76' lang='grc' dir='ltr'>φιλόθεον</span> <span class='ocrx_word' id='word_1_34' title='bbox 677 730 692 745; x_wconf 92' lang='grc'><strong>.</strong></span> 
     </span>
    </p>
   </div>
   <div class='ocr_carea' id='block_1_8' title="bbox 355 861 1935 944">
    <p class='ocr_par' dir='ltr' id='par_1_8' title="bbox 355 861 1935 944">
     <span class='ocr_line' id='line_1_8' title="bbox 355 861 1935 944; baseline -0.007 -18"><span class='ocrx_word' id='word_1_35' title='bbox 355 870 423 925; x_wconf 90' lang='grc' dir='ltr'>λ’.</span> <span class='ocrx_word' id='word_1_36' title='bbox 460 868 646 944; x_wconf 82' lang='grc' dir='ltr'>Βραχὺ</span> <span class='ocrx_word' id='word_1_37' title='bbox 676 867 738 922; x_wconf 85' lang='grc' dir='ltr'>τὸ</span> <span class='ocrx_word' id='word_1_38' title='bbox 770 864 998 939; x_wconf 73' lang='grc' dir='ltr'>ἐμμὲσῳ</span> <span class='ocrx_word' id='word_1_39' title='bbox 1030 864 1119 920; x_wconf 80' lang='grc' dir='ltr'>καὶ</span> <span class='ocrx_word' id='word_1_40' title='bbox 1162 866 1197 933; x_wconf 79' lang='grc' dir='ltr'>ὴ</span> <span class='ocrx_word' id='word_1_41' title='bbox 1255 863 1489 937; x_wconf 85' lang='grc' dir='ltr'>μοιχικὴ</span> <span class='ocrx_word' id='word_1_42' title='bbox 1533 861 1806 937; x_wconf 83' lang='grc' dir='ltr'>βασιλεία,</span> <span class='ocrx_word' id='word_1_43' title='bbox 1860 864 1935 934; x_wconf 82' lang='grc' dir='ltr'>μὴ</span> 
     </span>
    </p>
   </div>
   <div class='ocr_carea' id='block_1_9' title="bbox 288 952 1937 1036">
    <p class='ocr_par' dir='ltr' id='par_1_9' title="bbox 288 952 1937 1036">
     <span class='ocr_line' id='line_1_9' title="bbox 288 952 1937 1036; baseline -0.007 -20"><span class='ocrx_word' id='word_1_44' title='bbox 288 960 623 1036; x_wconf 81' lang='grc' dir='ltr'>βουληθεῖσα</span> <span class='ocrx_word' id='word_1_45' title='bbox 655 956 887 1011; x_wconf 80' lang='grc' dir='ltr'>συνιέναι</span> <span class='ocrx_word' id='word_1_46' title='bbox 922 958 1018 1010; x_wconf 78' lang='grc' dir='ltr'>τοῦ</span> <span class='ocrx_word' id='word_1_47' title='bbox 1067 956 1337 1029; x_wconf 82' lang='grc' dir='ltr'>ἀγαθῦναι,</span> <span class='ocrx_word' id='word_1_48' title='bbox 1371 952 1430 1007; x_wconf 84' lang='grc' dir='ltr'>ἐκ</span> <span class='ocrx_word' id='word_1_49' title='bbox 1491 952 1661 1026; x_wconf 84' lang='grc' dir='ltr'>μὲσου</span> <span class='ocrx_word' id='word_1_50' title='bbox 1717 952 1937 1028; x_wconf 64' lang='grc' dir='ltr'>γίνεται,</span> 
     </span>
    </p>
   </div>
   <div class='ocr_carea' id='block_1_10' title="bbox 286 1041 1941 1123">
    <p class='ocr_par' dir='ltr' id='par_1_10' title="bbox 286 1041 1941 1123">
     <span class='ocr_line' id='line_1_10' title="bbox 286 1041 1941 1123; baseline -0.005 -18"><span class='ocrx_word' id='word_1_51' title='bbox 286 1051 362 1112; x_wconf 86' lang='grc' dir='ltr'>ὡς</span> <span class='ocrx_word' id='word_1_52' title='bbox 404 1047 463 1103; x_wconf 80' lang='grc' dir='ltr'>ἂν</span> <span class='ocrx_word' id='word_1_53' title='bbox 498 1049 715 1123; x_wconf 78' lang='grc' dir='ltr'>μάθοιεν</span> <span class='ocrx_word' id='word_1_54' title='bbox 766 1045 854 1101; x_wconf 83' lang='grc' dir='ltr'>καὶ</span> <span class='ocrx_word' id='word_1_55' title='bbox 900 1045 1143 1121; x_wconf 82' lang='grc' dir='ltr'>βασιλεῖς</span> <span class='ocrx_word' id='word_1_56' title='bbox 1208 1045 1283 1116; x_wconf 79' lang='grc' dir='ltr'>μὴ</span> <span class='ocrx_word' id='word_1_57' title='bbox 1342 1044 1498 1096; x_wconf 83' lang='grc' dir='ltr'>θείων</span> <span class='ocrx_word' id='word_1_58' title='bbox 1540 1041 1725 1114; x_wconf 84' lang='grc' dir='ltr'>νόμων</span> <span class='ocrx_word' id='word_1_59' title='bbox 1778 1042 1941 1115; x_wconf 81' lang='grc' dir='ltr'>ὑπερ-</span> 
     </span>
    </p>
   </div>
   <div class='ocr_carea' id='block_1_11' title="bbox 292 1129 1939 1209">
    <p class='ocr_par' dir='ltr' id='par_1_11' title="bbox 292 1129 1939 1209">
     <span class='ocr_line' id='line_1_11' title="bbox 292 1129 1939 1209; baseline -0.006 -14"><span class='ocrx_word' id='word_1_60' title='bbox 292 1138 582 1207; x_wconf 82' lang='grc' dir='ltr'>άλλεσθαι,</span> <span class='ocrx_word' id='word_1_61' title='bbox 621 1133 761 1209; x_wconf 81' lang='grc' dir='ltr'>μηδέ</span> <span class='ocrx_word' id='word_1_62' title='bbox 808 1136 1165 1209; x_wconf 81' lang='grc' dir='ltr'>παρανόμους</span> <span class='ocrx_word' id='word_1_63' title='bbox 1197 1134 1276 1206; x_wconf 73' lang='grc' dir='ltr'>(ἡ)</span> <span class='ocrx_word' id='word_1_64' title='bbox 1334 1129 1618 1206; x_wconf 79' lang='grc' dir='ltr'>διωγμοὺς</span> <span class='ocrx_word' id='word_1_65' title='bbox 1650 1132 1739 1185; x_wconf 89' lang='grc' dir='ltr'>καὶ</span> <span class='ocrx_word' id='word_1_66' title='bbox 1772 1130 1939 1205; x_wconf 77' lang='grc' dir='ltr'>φυλα-</span> 
     </span>
    </p>
   </div>
   <div class='ocr_carea' id='block_1_12' title="bbox 292 1219 1941 1300">
    <p class='ocr_par' dir='ltr' id='par_1_12' title="bbox 292 1219 1941 1300">
     <span class='ocr_line' id='line_1_12' title="bbox 292 1219 1941 1300; baseline -0.007 -17"><span class='ocrx_word' id='word_1_67' title='bbox 292 1230 391 1290; x_wconf 82' lang='grc' dir='ltr'>κὰς</span> <span class='ocrx_word' id='word_1_68' title='bbox 446 1224 887 1300; x_wconf 78' lang='grc' dir='ltr'>ἒξυφαίνειν,κᾶν</span> <span class='ocrx_word' id='word_1_69' title='bbox 952 1224 1086 1298; x_wconf 80' lang='grc' dir='ltr'>μέγα</span> <span class='ocrx_word' id='word_1_70' title='bbox 1137 1223 1206 1292; x_wconf 81' lang='grc' dir='ltr'>τῆ</span> <span class='ocrx_word' id='word_1_71' title='bbox 1261 1220 1556 1299; x_wconf 72' lang='grc' dir='ltr'>πορφυρίδι</span> <span class='ocrx_word' id='word_1_72' title='bbox 1617 1219 1941 1295; x_wconf 80' lang='grc' dir='ltr'>ὑπεραίρων-</span> 
     </span>
    </p>
   </div>
   <div class='ocr_carea' id='block_1_13' title="bbox 292 1308 1941 1386">
    <p class='ocr_par' dir='ltr' id='par_1_13' title="bbox 292 1308 1941 1386">
     <span class='ocr_line' id='line_1_13' title="bbox 292 1308 1941 1386; baseline -0.004 -16"><span class='ocrx_word' id='word_1_73' title='bbox 292 1337 428 1371; x_wconf 86' lang='grc' dir='ltr'>ται·</span> <span class='ocrx_word' id='word_1_74' title='bbox 479 1315 569 1369; x_wconf 81' lang='grc' dir='ltr'>καὶ</span> <span class='ocrx_word' id='word_1_75' title='bbox 622 1315 649 1368; x_wconf 98' lang='lat'>6</span> <span class='ocrx_word' id='word_1_76' title='bbox 707 1313 897 1373; x_wconf 85' lang='grc' dir='ltr'>πιστὸς</span> <span class='ocrx_word' id='word_1_77' title='bbox 952 1315 1048 1365; x_wconf 76' lang='grc' dir='ltr'>τοῦ</span> <span class='ocrx_word' id='word_1_78' title='bbox 1105 1309 1309 1384; x_wconf 78' lang='grc' dir='ltr'>Κυρίου</span> <span class='ocrx_word' id='word_1_79' title='bbox 1355 1308 1794 1386; x_wconf 77' lang='grc' dir='ltr'>νομοφύλαξ,τὸ</span> <span class='ocrx_word' id='word_1_80' title='bbox 1840 1318 1941 1378; x_wconf 80' lang='grc' dir='ltr'>τῆς</span> 
     </span>
    </p>
   </div>
   <div class='ocr_carea' id='block_1_14' title="bbox 293 1396 1937 1479">
    <p class='ocr_par' dir='ltr' id='par_1_14' title="bbox 293 1396 1937 1479">
     <span class='ocr_line' id='line_1_14' title="bbox 293 1396 1937 1479; baseline -0.005 -19"><span class='ocrx_word' id='word_1_81' title='bbox 293 1404 597 1479; x_wconf 82' lang='grc' dir='ltr'>ὁμολογίας</span> <span class='ocrx_word' id='word_1_82' title='bbox 661 1397 912 1477; x_wconf 74' lang='grc' dir='ltr'>βραϐεῖον</span> <span class='ocrx_word' id='word_1_83' title='bbox 972 1397 1395 1472; x_wconf 80' lang='grc' dir='ltr'>ἀναδησάμενος,</span> <span class='ocrx_word' id='word_1_84' title='bbox 1423 1396 1610 1469; x_wconf 76' lang='grc' dir='ltr'>ἔξεισιν</span> <span class='ocrx_word' id='word_1_85' title='bbox 1682 1400 1784 1453; x_wconf 81' lang='grc' dir='ltr'>ἀπὸ</span> <span class='ocrx_word' id='word_1_86' title='bbox 1840 1403 1937 1464; x_wconf 77' lang='grc' dir='ltr'>τῆς</span> 
     </span>
    </p>
   </div>
   <div class='ocr_carea' id='block_1_15' title="bbox 290 1489 1938 1574">
    <p class='ocr_par' dir='ltr' id='par_1_15' title="bbox 290 1489 1938 1574">
     <span class='ocr_line' id='line_1_15' title="bbox 290 1489 1938 1574; baseline -0.003 -24"><span class='ocrx_word' id='word_1_87' title='bbox 290 1494 540 1574; x_wconf 79' lang='grc' dir='ltr'>φυλακῆς</span> <span class='ocrx_word' id='word_1_88' title='bbox 572 1494 647 1554; x_wconf 86' lang='grc' dir='ltr'>ὡς</span> <span class='ocrx_word' id='word_1_89' title='bbox 696 1493 949 1562; x_wconf 72' lang='grc' dir='ltr'>νικητής,</span> <span class='ocrx_word' id='word_1_90' title='bbox 982 1491 1173 1546; x_wconf 74' lang='grc' dir='ltr'>πολλὰ</span> <span class='ocrx_word' id='word_1_91' title='bbox 1218 1491 1284 1545; x_wconf 77' lang='grc' dir='ltr'>τὰ</span> <span class='ocrx_word' id='word_1_92' title='bbox 1328 1489 1576 1567; x_wconf 79' lang='grc' dir='ltr'>ἐγκώμια</span> <span class='ocrx_word' id='word_1_93' title='bbox 1624 1492 1770 1564; x_wconf 82' lang='grc' dir='ltr'>παρὰ</span> <span class='ocrx_word' id='word_1_94' title='bbox 1799 1490 1938 1545; x_wconf 90' lang='grc' dir='ltr'>πολ-</span> 
     </span>
    </p>
   </div>
   <div class='ocr_carea' id='block_1_16' title="bbox 289 1582 1939 1664">
    <p class='ocr_par' dir='ltr' id='par_1_16' title="bbox 289 1582 1939 1664">
     <span class='ocr_line' id='line_1_16' title="bbox 289 1582 1939 1664; baseline -0.005 -21"><span class='ocrx_word' id='word_1_95' title='bbox 289 1588 403 1643; x_wconf 80' lang='grc' dir='ltr'>λῶν</span> <span class='ocrx_word' id='word_1_96' title='bbox 454 1584 777 1664; x_wconf 80' lang='grc' dir='ltr'>δεχόμενος,</span> <span class='ocrx_word' id='word_1_97' title='bbox 836 1582 1195 1656; x_wconf 72' lang='grc' dir='ltr'>ὑμνούμενος,</span> <span class='ocrx_word' id='word_1_98' title='bbox 1248 1582 1698 1655; x_wconf 82' lang='grc' dir='ltr'>μακοριζόμενος,</span> <span class='ocrx_word' id='word_1_99' title='bbox 1737 1603 1939 1655; x_wconf 84' lang='grc' dir='ltr'>μαρτυ-</span> 
     </span>
    </p>
   </div>
   <div class='ocr_carea' id='block_1_17' title="bbox 291 1672 1937 1751">
    <p class='ocr_par' dir='ltr' id='par_1_17' title="bbox 291 1672 1937 1751">
     <span class='ocr_line' id='line_1_17' title="bbox 291 1672 1937 1751; baseline -0.004 -20"><span class='ocrx_word' id='word_1_100' title='bbox 291 1676 720 1751; x_wconf 74' lang='grc' dir='ltr'>ρολογούμετος,</span> <span class='ocrx_word' id='word_1_101' title='bbox 769 1674 860 1727; x_wconf 83' lang='grc' dir='ltr'>καὶ</span> <span class='ocrx_word' id='word_1_102' title='bbox 908 1675 1032 1745; x_wconf 85' lang='grc' dir='ltr'>παρ’</span> <span class='ocrx_word' id='word_1_103' title='bbox 1085 1673 1259 1726; x_wconf 82' lang='grc' dir='ltr'>αὐτῶν</span> <span class='ocrx_word' id='word_1_104' title='bbox 1308 1675 1415 1725; x_wconf 83' lang='grc' dir='ltr'>τῶν</span> <span class='ocrx_word' id='word_1_105' title='bbox 1467 1672 1728 1745; x_wconf 85' lang='grc' dir='ltr'>πρότερον</span> <span class='ocrx_word' id='word_1_106' title='bbox 1795 1692 1937 1726; x_wconf 88' lang='grc' dir='ltr'>σκω-</span> 
     </span>
    </p>
   </div>
   <div class='ocr_carea' id='block_1_18' title="bbox 295 1759 1940 1838">
    <p class='ocr_par' dir='ltr' id='par_1_18' title="bbox 295 1759 1940 1838">
     <span class='ocr_line' id='line_1_18' title="bbox 295 1759 1940 1838; baseline -0.004 -18"><span class='ocrx_word' id='word_1_107' title='bbox 295 1767 543 1820; x_wconf 86' lang='grc' dir='ltr'>πτόντων</span> <span class='ocrx_word' id='word_1_108' title='bbox 603 1785 660 1818; x_wconf 88' lang='grc' dir='ltr'>τε</span> <span class='ocrx_word' id='word_1_109' title='bbox 707 1762 795 1818; x_wconf 73' lang='grc' dir='ltr'>καὶ</span> <span class='ocrx_word' id='word_1_110' title='bbox 853 1759 1284 1833; x_wconf 78' lang='grc' dir='ltr'>κωμῳδούντων.</span> <span class='ocrx_word' id='word_1_111' title='bbox 1333 1762 1535 1815; x_wconf 73' lang='grc' dir='ltr'>’Ὶσασιν</span> <span class='ocrx_word' id='word_1_112' title='bbox 1593 1764 1718 1836; x_wconf 79' lang='grc' dir='ltr'>γὰρ,</span> <span class='ocrx_word' id='word_1_113' title='bbox 1779 1761 1940 1838; x_wconf 79' lang='grc' dir='ltr'>φησὶν</span> 
     </span>
    </p>
   </div>
   <div class='ocr_carea' id='block_1_19' title="bbox 2044 600 3687 673">
    <p class='ocr_par' dir='ltr' id='par_1_19' title="bbox 2044 600 3687 673">
     <span class='ocr_line' id='line_1_19' title="bbox 2044 600 3687 673; baseline 0.002 -19"><span class='ocrx_word' id='word_1_114' title='bbox 2044 600 2167 655; x_wconf 90' lang='lat' dir='ltr'>dies</span> <span class='ocrx_word' id='word_1_115' title='bbox 2196 601 2501 673; x_wconf 81' lang='lat' dir='ltr'>transegit,</span> <span class='ocrx_word' id='word_1_116' title='bbox 2544 603 2702 657; x_wconf 89' lang='lat' dir='ltr'>velut</span> <span class='ocrx_word' id='word_1_117' title='bbox 2733 602 2859 657; x_wconf 86' lang='lat' dir='ltr'>siin</span> <span class='ocrx_word' id='word_1_118' title='bbox 2896 602 3078 658; x_wconf 87' lang='lat' dir='ltr'>sacris</span> <span class='ocrx_word' id='word_1_119' title='bbox 3099 602 3299 672; x_wconf 82' lang='lat' dir='ltr'>templi</span> <span class='ocrx_word' id='word_1_120' title='bbox 3356 602 3549 673; x_wconf 83' lang='lat' dir='ltr'>adytis</span> <span class='ocrx_word' id='word_1_121' title='bbox 3594 618 3687 657; x_wconf 88' lang='lat' dir='ltr'>re-</span> 
     </span>
    </p>
   </div>
   <div class='ocr_carea' id='block_1_20' title="bbox 2046 689 3685 762">
    <p class='ocr_par' dir='ltr' id='par_1_20' title="bbox 2046 689 3685 762">
     <span class='ocr_line' id='line_1_20' title="bbox 2046 689 3685 762; baseline 0.002 -19"><span class='ocrx_word' id='word_1_122' title='bbox 2046 689 2376 760; x_wconf 88' lang='lat' dir='ltr'>quievisset.</span> <span class='ocrx_word' id='word_1_123' title='bbox 2403 691 2509 757; x_wconf 85' lang='lat' dir='ltr'>Qui</span> <span class='ocrx_word' id='word_1_124' title='bbox 2541 691 2695 747; x_wconf 90' lang='lat' dir='ltr'>enim</span> <span class='ocrx_word' id='word_1_125' title='bbox 2720 692 2901 746; x_wconf 89' lang='lat' dir='ltr'>Deum</span> <span class='ocrx_word' id='word_1_126' title='bbox 2955 708 3068 762; x_wconf 80' lang='lat' dir='ltr'>pres</span> <span class='ocrx_word' id='word_1_127' title='bbox 3102 690 3283 748; x_wconf 88' lang='lat' dir='ltr'>oculis</span> <span class='ocrx_word' id='word_1_128' title='bbox 3333 691 3525 757; x_wconf 89' lang='lat' dir='ltr'>habet,</span> <span class='ocrx_word' id='word_1_129' title='bbox 3558 692 3685 760; x_wconf 83' lang='lat' dir='ltr'>ejus</span> 
     </span>
    </p>
   </div>
   <div class='ocr_carea' id='block_1_21' title="bbox 2045 778 3399 851">
    <p class='ocr_par' dir='ltr' id='par_1_21' title="bbox 2045 778 3399 851">
     <span class='ocr_line' id='line_1_21' title="bbox 2045 778 3399 851; baseline 0.001 -19"><span class='ocrx_word' id='word_1_130' title='bbox 2045 794 2182 851; x_wconf 88' lang='lat' dir='ltr'>erga</span> <span class='ocrx_word' id='word_1_131' title='bbox 2210 778 2403 849; x_wconf 88' lang='lat' dir='ltr'>ipsum</span> <span class='ocrx_word' id='word_1_132' title='bbox 2435 797 2691 835; x_wconf 82' lang='lat' dir='ltr'>amorem</span> <span class='ocrx_word' id='word_1_133' title='bbox 2716 780 2863 835; x_wconf 84' lang='lat' dir='ltr'>nihil</span> <span class='ocrx_word' id='word_1_134' title='bbox 2898 786 3083 851; x_wconf 81' lang='lat' dir='ltr'>potest</span> <span class='ocrx_word' id='word_1_135' title='bbox 3106 796 3399 851; x_wconf 89' lang='lat' dir='ltr'>superare.</span> 
     </span>
    </p>
   </div>
   <div class='ocr_carea' id='block_1_22' title="bbox 2117 868 3685 941">
    <p class='ocr_par' dir='ltr' id='par_1_22' title="bbox 2117 868 3685 941">
     <span class='ocr_line' id='line_1_22' title="bbox 2117 868 3685 941; baseline 0.001 -19"><span class='ocrx_word' id='word_1_136' title='bbox 2117 869 2205 922; x_wconf 91' lang='lat'>30.</span> <span class='ocrx_word' id='word_1_137' title='bbox 2227 869 2389 923; x_wconf 85' lang='lat' dir='ltr'>Brevi</span> <span class='ocrx_word' id='word_1_138' title='bbox 2418 868 2616 940; x_wconf 88' lang='lat' dir='ltr'>elapso</span> <span class='ocrx_word' id='word_1_139' title='bbox 2637 877 2895 941; x_wconf 90' lang='lat' dir='ltr'>tempore</span> <span class='ocrx_word' id='word_1_140' title='bbox 2922 870 3217 924; x_wconf 89' lang='lat' dir='ltr'>sublatum</span> <span class='ocrx_word' id='word_1_141' title='bbox 3253 870 3323 925; x_wconf 93' lang='lat' dir='ltr'>de</span> <span class='ocrx_word' id='word_1_142' title='bbox 3376 868 3565 925; x_wconf 90' lang='lat' dir='ltr'>medio</span> <span class='ocrx_word' id='word_1_143' title='bbox 3596 873 3685 925; x_wconf 90' lang='lat' dir='ltr'>est</span> 
     </span>
    </p>
   </div>
   <div class='ocr_carea' id='block_1_23' title="bbox 2047 958 3691 1033">
    <p class='ocr_par' dir='ltr' id='par_1_23' title="bbox 2047 958 3691 1033">
     <span class='ocr_line' id='line_1_23' title="bbox 2047 958 3691 1033; baseline 0.002 -20"><span class='ocrx_word' id='word_1_144' title='bbox 2047 958 2608 1014; x_wconf 82' lang='lat' dir='ltr'>adulterinumillud</span> <span class='ocrx_word' id='word_1_145' title='bbox 2634 961 2944 1031; x_wconf 91' lang='lat' dir='ltr'>imperium</span> <span class='ocrx_word' id='word_1_146' title='bbox 2978 962 3112 1032; x_wconf 76' lang='lat'><strong>(19),</strong></span> <span class='ocrx_word' id='word_1_147' title='bbox 3148 963 3301 1033; x_wconf 90' lang='lat' dir='ltr'>quod</span> <span class='ocrx_word' id='word_1_148' title='bbox 3363 961 3550 1017; x_wconf 91' lang='lat' dir='ltr'>noluit</span> <span class='ocrx_word' id='word_1_149' title='bbox 3588 962 3691 1017; x_wconf 73' lang='grc' dir='ltr'>ἰησ-</span> 
     </span>
    </p>
   </div>
   <div class='ocr_carea' id='block_1_24' title="bbox 2048 1046 3694 1120">
    <p class='ocr_par' dir='ltr' id='par_1_24' title="bbox 2048 1046 3694 1120">
     <span class='ocr_line' id='line_1_24' title="bbox 2048 1046 3694 1120; baseline 0.002 -20"><span class='ocrx_word' id='word_1_150' title='bbox 2048 1046 2307 1118; x_wconf 88' lang='lat' dir='ltr'>telligere</span> <span class='ocrx_word' id='word_1_151' title='bbox 2341 1053 2402 1101; x_wconf 89' lang='lat' dir='ltr'>ut</span> <span class='ocrx_word' id='word_1_152' title='bbox 2459 1049 2604 1103; x_wconf 88' lang='lat' dir='ltr'>bene</span> <span class='ocrx_word' id='word_1_153' title='bbox 2634 1056 2859 1118; x_wconf 90' lang='lat' dir='ltr'>ageret;</span> <span class='ocrx_word' id='word_1_154' title='bbox 2896 1053 2957 1102; x_wconf 90' lang='lat' dir='ltr'>ut</span> <span class='ocrx_word' id='word_1_155' title='bbox 3016 1052 3192 1104; x_wconf 87' lang='lat' dir='ltr'>etiam</span> <span class='ocrx_word' id='word_1_156' title='bbox 3225 1049 3333 1117; x_wconf 86' lang='lat' dir='ltr'>ipsi</span> <span class='ocrx_word' id='word_1_157' title='bbox 3394 1066 3558 1120; x_wconf 88' lang='lat' dir='ltr'>reges</span> <span class='ocrx_word' id='word_1_158' title='bbox 3603 1049 3694 1103; x_wconf 91' lang='lat' dir='ltr'>di-</span> 
     </span>
    </p>
   </div>
   <div class='ocr_carea' id='block_1_25' title="bbox 2048 1136 3689 1209">
    <p class='ocr_par' dir='ltr' id='par_1_25' title="bbox 2048 1136 3689 1209">
     <span class='ocr_line' id='line_1_25' title="bbox 2048 1136 3689 1209; baseline 0.001 -18"><span class='ocrx_word' id='word_1_159' title='bbox 2048 1146 2211 1191; x_wconf 89' lang='lat' dir='ltr'>scant</span> <span class='ocrx_word' id='word_1_160' title='bbox 2243 1136 2466 1191; x_wconf 85' lang='lat' dir='ltr'>divinas</span> <span class='ocrx_word' id='word_1_161' title='bbox 2495 1137 2650 1208; x_wconf 83' lang='lat' dir='ltr'>leges</span> <span class='ocrx_word' id='word_1_162' title='bbox 2684 1154 2796 1191; x_wconf 90' lang='lat' dir='ltr'>non</span> <span class='ocrx_word' id='word_1_163' title='bbox 2832 1137 3064 1204; x_wconf 88' lang='lat' dir='ltr'>violare,</span> <span class='ocrx_word' id='word_1_164' title='bbox 3090 1155 3278 1209; x_wconf 90' lang='lat' dir='ltr'>neque</span> <span class='ocrx_word' id='word_1_165' title='bbox 3304 1139 3513 1208; x_wconf 88' lang='lat' dir='ltr'>impias</span> <span class='ocrx_word' id='word_1_166' title='bbox 3560 1156 3689 1209; x_wconf 89' lang='lat' dir='ltr'>per-</span> 
     </span>
    </p>
   </div>
   <div class='ocr_carea' id='block_1_26' title="bbox 2049 1226 3690 1299">
    <p class='ocr_par' dir='ltr' id='par_1_26' title="bbox 2049 1226 3690 1299">
     <span class='ocr_line' id='line_1_26' title="bbox 2049 1226 3690 1299; baseline 0.002 -19"><span class='ocrx_word' id='word_1_167' title='bbox 2049 1226 2377 1281; x_wconf 89' lang='lat' dir='ltr'>secutiones</span> <span class='ocrx_word' id='word_1_168' title='bbox 2408 1232 2509 1281; x_wconf 89' lang='lat' dir='ltr'>aut</span> <span class='ocrx_word' id='word_1_169' title='bbox 2556 1227 2912 1298; x_wconf 89' lang='lat' dir='ltr'>captivitates</span> <span class='ocrx_word' id='word_1_170' title='bbox 2945 1226 3158 1293; x_wconf 88' lang='lat' dir='ltr'>moliri,</span> <span class='ocrx_word' id='word_1_171' title='bbox 3207 1228 3586 1299; x_wconf 84' lang='lat' dir='ltr'>quantumvis</span> <span class='ocrx_word' id='word_1_172' title='bbox 3616 1230 3690 1284; x_wconf 92' lang='lat' dir='ltr'>ob</span> 
     </span>
    </p>
   </div>
   <div class='ocr_carea' id='block_1_27' title="bbox 2050 1315 3688 1388">
    <p class='ocr_par' dir='ltr' id='par_1_27' title="bbox 2050 1315 3688 1388">
     <span class='ocr_line' id='line_1_27' title="bbox 2050 1315 3688 1388; baseline 0.002 -21"><span class='ocrx_word' id='word_1_173' title='bbox 2050 1330 2369 1384; x_wconf 84' lang='lat' dir='ltr'>purpuram</span> <span class='ocrx_word' id='word_1_174' title='bbox 2405 1315 2777 1371; x_wconf 87' lang='lat' dir='ltr'>honorentur.</span> <span class='ocrx_word' id='word_1_175' title='bbox 2816 1318 3014 1387; x_wconf 88' lang='lat' dir='ltr'>Itaque</span> <span class='ocrx_word' id='word_1_176' title='bbox 3054 1318 3259 1371; x_wconf 70' lang='lat' dir='ltr'>divinae</span> <span class='ocrx_word' id='word_1_177' title='bbox 3294 1318 3436 1388; x_wconf 81' lang='lat' dir='ltr'>legis</span> <span class='ocrx_word' id='word_1_178' title='bbox 3485 1324 3688 1372; x_wconf 88' lang='lat' dir='ltr'>custos</span> 
     </span>
    </p>
   </div>
   <div class='ocr_carea' id='block_1_28' title="bbox 2049 1402 3686 1474">
    <p class='ocr_par' dir='ltr' id='par_1_28' title="bbox 2049 1402 3686 1474">
     <span class='ocr_line' id='line_1_28' title="bbox 2049 1402 3686 1474; baseline 0.002 -18"><span class='ocrx_word' id='word_1_179' title='bbox 2049 1402 2257 1468; x_wconf 86' lang='lat' dir='ltr'>ﬁdelis,</span> <span class='ocrx_word' id='word_1_180' title='bbox 2282 1404 2663 1458; x_wconf 81' lang='lat' dir='ltr'>confessionis</span> <span class='ocrx_word' id='word_1_181' title='bbox 2694 1404 2935 1474; x_wconf 67' lang='lat' dir='ltr'>egregias</span> <span class='ocrx_word' id='word_1_182' title='bbox 2976 1404 3303 1461; x_wconf 74' lang='lat' dir='ltr'>diademate</span> <span class='ocrx_word' id='word_1_183' title='bbox 3358 1406 3686 1469; x_wconf 72' lang='lat' dir='ltr'>redimitus,</span> 
     </span>
    </p>
   </div>
   <div class='ocr_carea' id='block_1_29' title="bbox 2051 1494 3687 1563">
    <p class='ocr_par' dir='ltr' id='par_1_29' title="bbox 2051 1494 3687 1563">
     <span class='ocr_line' id='line_1_29' title="bbox 2051 1494 3687 1563; baseline 0.002 -17"><span class='ocrx_word' id='word_1_184' title='bbox 2051 1498 2327 1563; x_wconf 89' lang='lat' dir='ltr'>tanquam</span> <span class='ocrx_word' id='word_1_185' title='bbox 2363 1494 2545 1548; x_wconf 89' lang='lat' dir='ltr'>victor</span> <span class='ocrx_word' id='word_1_186' title='bbox 2574 1494 2745 1548; x_wconf 83' lang='lat' dir='ltr'>exivit</span> <span class='ocrx_word' id='word_1_187' title='bbox 2773 1495 2845 1548; x_wconf 92' lang='lat' dir='ltr'>de</span> <span class='ocrx_word' id='word_1_188' title='bbox 2875 1509 3134 1562; x_wconf 81' lang='lat' dir='ltr'>carcere;</span> <span class='ocrx_word' id='word_1_189' title='bbox 3174 1494 3422 1550; x_wconf 89' lang='lat' dir='ltr'>multam</span> <span class='ocrx_word' id='word_1_190' title='bbox 3456 1513 3488 1549; x_wconf 87' lang='lat' dir='ltr'>a</span> <span class='ocrx_word' id='word_1_191' title='bbox 3535 1494 3687 1549; x_wconf 91' lang='lat' dir='ltr'>mul-</span> 
     </span>
    </p>
   </div>
   <div class='ocr_carea' id='block_1_30' title="bbox 2045 1582 3693 1655">
    <p class='ocr_par' dir='ltr' id='par_1_30' title="bbox 2045 1582 3693 1655">
     <span class='ocr_line' id='line_1_30' title="bbox 2045 1582 3693 1655; baseline 0 -18"><span class='ocrx_word' id='word_1_192' title='bbox 2045 1582 2121 1637; x_wconf 86' lang='lat' dir='ltr'>tis</span> <span class='ocrx_word' id='word_1_193' title='bbox 2148 1582 2378 1636; x_wconf 85' lang='lat' dir='ltr'>laudem</span> <span class='ocrx_word' id='word_1_194' title='bbox 2401 1584 2675 1649; x_wconf 66' lang='lat' dir='ltr'>referens,</span> <span class='ocrx_word' id='word_1_195' title='bbox 2710 1584 3034 1653; x_wconf 82' lang='lat' dir='ltr'>beatusque</span> <span class='ocrx_word' id='word_1_196' title='bbox 3090 1589 3147 1639; x_wconf 86' lang='lat' dir='ltr'>et</span> <span class='ocrx_word' id='word_1_197' title='bbox 3195 1589 3412 1655; x_wconf 81' lang='lat' dir='ltr'>martyr</span> <span class='ocrx_word' id='word_1_198' title='bbox 3468 1601 3693 1639; x_wconf 89' lang='lat' dir='ltr'>nuncu-</span> 
     </span>
    </p>
   </div>
   <div class='ocr_carea' id='block_1_31' title="bbox 2050 1672 3692 1744">
    <p class='ocr_par' dir='ltr' id='par_1_31' title="bbox 2050 1672 3692 1744">
     <span class='ocr_line' id='line_1_31' title="bbox 2050 1672 3692 1744; baseline 0.002 -17"><span class='ocrx_word' id='word_1_199' title='bbox 2050 1680 2237 1743; x_wconf 86' lang='lat' dir='ltr'>patus,</span> <span class='ocrx_word' id='word_1_200' title='bbox 2266 1672 2440 1727; x_wconf 89' lang='lat' dir='ltr'>etiam</span> <span class='ocrx_word' id='word_1_201' title='bbox 2474 1674 2547 1727; x_wconf 88' lang='lat' dir='ltr'>ab</span> <span class='ocrx_word' id='word_1_202' title='bbox 2578 1672 2650 1729; x_wconf 92' lang='lat' dir='ltr'>iis</span> <span class='ocrx_word' id='word_1_203' title='bbox 2682 1675 2779 1744; x_wconf 88' lang='lat' dir='ltr'>qui</span> <span class='ocrx_word' id='word_1_204' title='bbox 2812 1674 2924 1744; x_wconf 89' lang='lat' dir='ltr'>ipsi</span> <span class='ocrx_word' id='word_1_205' title='bbox 2958 1683 3127 1729; x_wconf 85' lang='lat' dir='ltr'>antea</span> <span class='ocrx_word' id='word_1_206' title='bbox 3164 1674 3528 1730; x_wconf 90' lang='lat' dir='ltr'>insultabant</span> <span class='ocrx_word' id='word_1_207' title='bbox 3561 1675 3692 1730; x_wconf 91' lang='lat' dir='ltr'>illu-</span> 
     </span>
    </p>
   </div>
   <div class='ocr_carea' id='block_1_32' title="bbox 2054 1760 3689 1835">
    <p class='ocr_par' dir='ltr' id='par_1_32' title="bbox 2054 1760 3689 1835">
     <span class='ocr_line' id='line_1_32' title="bbox 2054 1760 3689 1835; baseline 0.002 -19"><span class='ocrx_word' id='word_1_208' title='bbox 2054 1760 2395 1830; x_wconf 89' lang='lat' dir='ltr'>debantque.</span> <span class='ocrx_word' id='word_1_209' title='bbox 2430 1762 2633 1817; x_wconf 90' lang='lat' dir='ltr'>Sciunt</span> <span class='ocrx_word' id='word_1_210' title='bbox 2658 1764 2835 1830; x_wconf 90' lang='lat' dir='ltr'>enim,</span> <span class='ocrx_word' id='word_1_211' title='bbox 2870 1764 3061 1835; x_wconf 82' lang='lat' dir='ltr'>inquit</span> <span class='ocrx_word' id='word_1_212' title='bbox 3101 1764 3413 1835; x_wconf 85' lang='lat' dir='ltr'>Gregorius</span> <span class='ocrx_word' id='word_1_213' title='bbox 3447 1764 3689 1820; x_wconf 88' lang='lat' dir='ltr'>Theolo-</span> 
     </span>
    </p>
   </div>
   <div class='ocr_carea' id='block_1_33' title="bbox 290 1848 1946 1945">
    <p class='ocr_par' dir='ltr' id='par_1_33' title="bbox 290 1848 1936 1928">
     <span class='ocr_line' id='line_1_33' title="bbox 290 1848 1936 1928; baseline -0.004 -17"><span class='ocrx_word' id='word_1_214' title='bbox 290 1857 319 1911; x_wconf 80' lang='grc' dir='ltr'>ὁ</span> <span class='ocrx_word' id='word_1_215' title='bbox 362 1852 654 1928; x_wconf 87' lang='grc' dir='ltr'>Θεολόγος,</span> <span class='ocrx_word' id='word_1_216' title='bbox 706 1852 995 1925; x_wconf 79' lang='grc' dir='ltr'>θαυμάζειν</span> <span class='ocrx_word' id='word_1_217' title='bbox 1028 1848 1218 1924; x_wconf 78' lang='grc' dir='ltr'>ἀνδρος</span> <span class='ocrx_word' id='word_1_218' title='bbox 1274 1851 1465 1925; x_wconf 79' lang='grc' dir='ltr'>ἀρετὴν</span> <span class='ocrx_word' id='word_1_219' title='bbox 1512 1851 1599 1904; x_wconf 85' lang='grc' dir='ltr'>καὶ</span> <span class='ocrx_word' id='word_1_220' title='bbox 1649 1850 1936 1924; x_wconf 75' lang='grc' dir='ltr'>πολέμιοι,</span> 
     </span>
    </p>
   </div>
   <div class='ocr_carea' id='block_1_34' title="bbox 2062 1848 3690 1945">
    <p class='ocr_par' dir='ltr' id='par_1_34' title="bbox 2062 1852 3690 1922">
     <span class='ocr_line' id='line_1_34' title="bbox 2062 1852 3690 1922; baseline 0.002 -18"><span class='ocrx_word' id='word_1_221' title='bbox 2062 1866 2178 1921; x_wconf 73' lang='lat' dir='ltr'>gus,</span> <span class='ocrx_word' id='word_1_222' title='bbox 2213 1852 2384 1906; x_wconf 89' lang='lat' dir='ltr'>etiam</span> <span class='ocrx_word' id='word_1_223' title='bbox 2433 1852 2656 1907; x_wconf 89' lang='lat' dir='ltr'>inimici</span> <span class='ocrx_word' id='word_1_224' title='bbox 2709 1853 2985 1908; x_wconf 87' lang='lat' dir='ltr'>admirari</span> <span class='ocrx_word' id='word_1_225' title='bbox 3046 1854 3321 1908; x_wconf 86' lang='lat' dir='ltr'>virtutem</span> <span class='ocrx_word' id='word_1_226' title='bbox 3364 1855 3466 1907; x_wconf 80' lang='lat' dir='ltr'>viri</span> <span class='ocrx_word' id='word_1_227' title='bbox 3502 1854 3690 1922; x_wconf 86' lang='lat' dir='ltr'>fortis,</span> 
     </span>
    </p>
   </div>
   <div class='ocr_carea' id='block_1_35' title="bbox 295 1937 1936 2015">
    <p class='ocr_par' dir='ltr' id='par_1_35' title="bbox 295 1937 1936 2015">
     <span class='ocr_line' id='line_1_35' title="bbox 295 1937 1936 2015; baseline -0.009 -16"><span class='ocrx_word' id='word_1_228' title='bbox 295 1945 375 1999; x_wconf 78' lang='grc' dir='ltr'>ὅτ’</span> <span class='ocrx_word' id='word_1_229' title='bbox 404 1941 463 1997; x_wconf 80' lang='grc' dir='ltr'>ἂν</span> <span class='ocrx_word' id='word_1_230' title='bbox 500 1947 598 1997; x_wconf 77' lang='grc' dir='ltr'>τοῦ</span> <span class='ocrx_word' id='word_1_231' title='bbox 638 1945 812 2014; x_wconf 77' lang='grc' dir='ltr'>θυμοῦ</span> <span class='ocrx_word' id='word_1_232' title='bbox 864 1940 1128 2012; x_wconf 78' lang='grc' dir='ltr'>λήξαντος</span> <span class='ocrx_word' id='word_1_233' title='bbox 1176 1937 1259 2015; x_wconf 77' lang='grc' dir='ltr'>ἐφ’</span> <span class='ocrx_word' id='word_1_234' title='bbox 1306 1940 1498 2007; x_wconf 72' lang='grc' dir='ltr'>ἑαυτῆς</span> <span class='ocrx_word' id='word_1_235' title='bbox 1548 1942 1582 2009; x_wconf 82' lang='grc' dir='ltr'>ἡ</span> <span class='ocrx_word' id='word_1_236' title='bbox 1624 1940 1812 2013; x_wconf 76' lang='grc' dir='ltr'>πρᾶξις</span> <span class='ocrx_word' id='word_1_237' title='bbox 1848 1937 1936 1994; x_wconf 84' lang='grc' dir='ltr'>δο.</span> 
     </span>
    </p>
   </div>
   <div class='ocr_carea' id='block_1_36' title="bbox 293 2026 1935 2107">
    <p class='ocr_par' dir='ltr' id='par_1_36' title="bbox 293 2026 1935 2107">
     <span class='ocr_line' id='line_1_36' title="bbox 293 2026 1935 2107; baseline -0.002 -20"><span class='ocrx_word' id='word_1_238' title='bbox 293 2034 617 2107; x_wconf 74' lang='grc' dir='ltr'>κιμάζηται,</span> <span class='ocrx_word' id='word_1_239' title='bbox 650 2031 814 2085; x_wconf 80' lang='grc' dir='ltr'>εἶκαὶ</span> <span class='ocrx_word' id='word_1_240' title='bbox 863 2026 1225 2103; x_wconf 74' lang='grc' dir='ltr'>ἓτερολέκτως</span> <span class='ocrx_word' id='word_1_241' title='bbox 1272 2026 1388 2103; x_wconf 80' lang='grc' dir='ltr'>ἔχει</span> <span class='ocrx_word' id='word_1_242' title='bbox 1448 2027 1624 2103; x_wconf 77' lang='grc' dir='ltr'>δεῦρο.</span> <span class='ocrx_word' id='word_1_243' title='bbox 1674 2036 1780 2098; x_wconf 86' lang='grc' dir='ltr'>Τῆς</span> <span class='ocrx_word' id='word_1_244' title='bbox 1835 2030 1935 2103; x_wconf 74' lang='grc' dir='ltr'>γὰρ</span> 
     </span>
    </p>
   </div>
   <div class='ocr_carea' id='block_1_37' title="bbox 299 2115 1937 2196">
    <p class='ocr_par' dir='ltr' id='par_1_37' title="bbox 299 2115 1937 2196">
     <span class='ocr_line' id='line_1_37' title="bbox 299 2115 1937 2196; baseline -0.004 -19"><span class='ocrx_word' id='word_1_245' title='bbox 299 2121 626 2196; x_wconf 85' lang='grc' dir='ltr'>φερωνύμου</span> <span class='ocrx_word' id='word_1_246' title='bbox 685 2121 921 2193; x_wconf 78' lang='grc' dir='ltr'>Εἶρήνης</span> <span class='ocrx_word' id='word_1_247' title='bbox 979 2117 1142 2172; x_wconf 79' lang='grc' dir='ltr'>πάλιν</span> <span class='ocrx_word' id='word_1_248' title='bbox 1197 2119 1565 2192; x_wconf 81' lang='grc' dir='ltr'>κρατησάσης,</span> <span class='ocrx_word' id='word_1_249' title='bbox 1596 2118 1686 2173; x_wconf 80' lang='grc' dir='ltr'>καὶ</span> <span class='ocrx_word' id='word_1_250' title='bbox 1726 2115 1797 2172; x_wconf 83' lang='grc' dir='ltr'>δι’</span> <span class='ocrx_word' id='word_1_251' title='bbox 1855 2118 1937 2172; x_wconf 87' lang='grc' dir='ltr'>αἷ-</span> 
     </span>
    </p>
   </div>
   <div class='ocr_carea' id='block_1_38' title="bbox 296 2202 1940 2284">
    <p class='ocr_par' dir='ltr' id='par_1_38' title="bbox 296 2202 1940 2284">
     <span class='ocr_line' id='line_1_38' title="bbox 296 2202 1940 2284; baseline -0.004 -18"><span class='ocrx_word' id='word_1_252' title='bbox 296 2210 424 2273; x_wconf 82' lang='grc' dir='ltr'>δοῦς</span> <span class='ocrx_word' id='word_1_253' title='bbox 483 2212 816 2284; x_wconf 83' lang='grc' dir='ltr'>μαρτυρικοῦ</span> <span class='ocrx_word' id='word_1_254' title='bbox 865 2202 1204 2277; x_wconf 76' lang='grc' dir='ltr'>ἐκϐαλοόσης</span> <span class='ocrx_word' id='word_1_255' title='bbox 1254 2227 1314 2261; x_wconf 89' lang='grc' dir='ltr'>τε</span> <span class='ocrx_word' id='word_1_256' title='bbox 1379 2206 1469 2261; x_wconf 86' lang='grc' dir='ltr'>καὶ</span> <span class='ocrx_word' id='word_1_257' title='bbox 1538 2206 1776 2284; x_wconf 68' lang='grc' dir='ltr'>ἐχούσης</span> <span class='ocrx_word' id='word_1_258' title='bbox 1849 2207 1940 2262; x_wconf 82' lang='grc' dir='ltr'>τὸν</span> 
     </span>
    </p>
   </div>
   <div class='ocr_carea' id='block_1_39' title="bbox 293 2296 1936 2378">
    <p class='ocr_par' dir='ltr' id='par_1_39' title="bbox 293 2296 1936 2378">
     <span class='ocr_line' id='line_1_39' title="bbox 293 2296 1936 2378; baseline -0.003 -20"><span class='ocrx_word' id='word_1_259' title='bbox 293 2301 479 2378; x_wconf 80' lang='grc' dir='ltr'>ἄνδρα,</span> <span class='ocrx_word' id='word_1_260' title='bbox 512 2300 837 2376; x_wconf 66' lang='grc' dir='ltr'>παλιρροίας</span> <span class='ocrx_word' id='word_1_261' title='bbox 872 2298 1022 2366; x_wconf 85' lang='grc' dir='ltr'>δίκην</span> <span class='ocrx_word' id='word_1_262' title='bbox 1058 2299 1149 2353; x_wconf 84' lang='grc' dir='ltr'>καὶ</span> <span class='ocrx_word' id='word_1_263' title='bbox 1180 2296 1232 2353; x_wconf 79' lang='grc' dir='ltr'>εἷ’</span> <span class='ocrx_word' id='word_1_264' title='bbox 1256 2319 1338 2360; x_wconf 89' lang='grc' dir='ltr'>τις</span> <span class='ocrx_word' id='word_1_265' title='bbox 1385 2296 1585 2376; x_wconf 70' lang='grc' dir='ltr'>ἐχθρὸς</span> <span class='ocrx_word' id='word_1_266' title='bbox 1643 2298 1718 2360; x_wconf 80' lang='grc' dir='ltr'>εἷς</span> <span class='ocrx_word' id='word_1_267' title='bbox 1776 2298 1936 2377; x_wconf 72' lang='grc' dir='ltr'>φίλον</span> 
     </span>
    </p>
   </div>
   <div class='ocr_carea' id='block_1_40' title="bbox 295 2386 1943 2466">
    <p class='ocr_par' dir='ltr' id='par_1_40' title="bbox 295 2386 1943 2466">
     <span class='ocr_line' id='line_1_40' title="bbox 295 2386 1943 2466; baseline -0.002 -19"><span class='ocrx_word' id='word_1_268' title='bbox 295 2394 388 2448; x_wconf 77' lang='grc' dir='ltr'>καὶ</span> <span class='ocrx_word' id='word_1_269' title='bbox 422 2389 704 2461; x_wconf 75' lang='grc' dir='ltr'>ἐπαινέτην</span> <span class='ocrx_word' id='word_1_270' title='bbox 761 2388 1153 2463; x_wconf 73' lang='grc' dir='ltr'>μετελήλυθεν,</span> <span class='ocrx_word' id='word_1_271' title='bbox 1198 2388 1271 2449; x_wconf 81' lang='grc' dir='ltr'>ὡς</span> <span class='ocrx_word' id='word_1_272' title='bbox 1319 2388 1406 2442; x_wconf 82' lang='grc' dir='ltr'>καὶ</span> <span class='ocrx_word' id='word_1_273' title='bbox 1460 2386 1620 2441; x_wconf 80' lang='grc' dir='ltr'>αὒτὸν</span> <span class='ocrx_word' id='word_1_274' title='bbox 1652 2388 1744 2442; x_wconf 82' lang='grc' dir='ltr'>τὸν</span> <span class='ocrx_word' id='word_1_275' title='bbox 1782 2409 1943 2466; x_wconf 66' lang='lat' dir='ltr'>(ppon-</span> 
     </span>
    </p>
   </div>
   <div class='ocr_carea' id='block_1_41' title="bbox 298 2476 1941 2557">
    <p class='ocr_par' dir='ltr' id='par_1_41' title="bbox 298 2476 1941 2557">
     <span class='ocr_line' id='line_1_41' title="bbox 298 2476 1941 2557; baseline -0.01 -20"><span class='ocrx_word' id='word_1_276' title='bbox 298 2479 393 2557; x_wconf 80' lang='grc' dir='ltr'>ρέα</span> <span class='ocrx_word' id='word_1_277' title='bbox 421 2477 762 2539; x_wconf 76' lang='grc' dir='ltr'>ἀνντιϐρλεῖν</span> <span class='ocrx_word' id='word_1_278' title='bbox 795 2480 893 2547; x_wconf 79' lang='grc' dir='ltr'>τήν</span> <span class='ocrx_word' id='word_1_279' title='bbox 936 2478 1292 2552; x_wconf 86' lang='grc' dir='ltr'>συγχώρησιν</span> <span class='ocrx_word' id='word_1_280' title='bbox 1341 2478 1476 2531; x_wconf 82' lang='grc' dir='ltr'>κατᾶ</span> <span class='ocrx_word' id='word_1_281' title='bbox 1524 2484 1628 2550; x_wconf 82' lang='grc' dir='ltr'>γῆς</span> <span class='ocrx_word' id='word_1_282' title='bbox 1684 2476 1941 2552; x_wconf 76' lang='grc' dir='ltr'>ἐῤῥιμμέ-</span> 
     </span>
    </p>
   </div>
   <div class='ocr_carea' id='block_1_42' title="bbox 298 2564 1939 2639">
    <p class='ocr_par' dir='ltr' id='par_1_42' title="bbox 298 2564 1939 2639">
     <span class='ocr_line' id='line_1_42' title="bbox 298 2564 1939 2639; baseline -0.002 -14"><span class='ocrx_word' id='word_1_283' title='bbox 298 2592 390 2625; x_wconf 87' lang='grc' dir='ltr'>νον</span> <span class='ocrx_word' id='word_1_284' title='bbox 420 2569 655 2624; x_wconf 80' lang='grc' dir='ltr'>’ἔπαθεν</span> <span class='ocrx_word' id='word_1_285' title='bbox 709 2565 764 2622; x_wconf 80' lang='grc' dir='ltr'>δὲ</span> <span class='ocrx_word' id='word_1_286' title='bbox 820 2568 990 2628; x_wconf 76' lang='grc' dir='ltr'>πάθος</span> <span class='ocrx_word' id='word_1_287' title='bbox 1046 2564 1256 2639; x_wconf 80' lang='grc' dir='ltr'>μαλλον</span> <span class='ocrx_word' id='word_1_288' title='bbox 1319 2567 1345 2620; x_wconf 85' lang='grc' dir='ltr'>ὁ</span> <span class='ocrx_word' id='word_1_289' title='bbox 1394 2566 1716 2636; x_wconf 87' lang='grc' dir='ltr'>ἀναίσθητος</span> <span class='ocrx_word' id='word_1_290' title='bbox 1763 2567 1939 2635; x_wconf 84' lang='grc' dir='ltr'>λίθος,</span> 
     </span>
    </p>
   </div>
   <div class='ocr_carea' id='block_1_43' title="bbox 299 2654 1943 2731">
    <p class='ocr_par' dir='ltr' id='par_1_43' title="bbox 299 2654 1943 2731">
     <span class='ocr_line' id='line_1_43' title="bbox 299 2654 1943 2731; baseline -0.001 -18"><span class='ocrx_word' id='word_1_291' title='bbox 299 2659 334 2727; x_wconf 78' lang='grc' dir='ltr'><strong>ἢ</strong></span> <span class='ocrx_word' id='word_1_292' title='bbox 362 2680 412 2713; x_wconf 89' lang='grc' dir='ltr'>τι</span> <span class='ocrx_word' id='word_1_293' title='bbox 443 2656 622 2713; x_wconf 79' lang='grc' dir='ltr'>καινόν</span> <span class='ocrx_word' id='word_1_294' title='bbox 660 2657 858 2717; x_wconf 85' lang='grc' dir='ltr'>ἐκεῖνος</span> <span class='ocrx_word' id='word_1_295' title='bbox 890 2654 941 2710; x_wconf 90' lang='grc' dir='ltr'>ἐν</span> <span class='ocrx_word' id='word_1_296' title='bbox 983 2661 1099 2716; x_wconf 88' lang='grc' dir='ltr'>τοῖς</span> <span class='ocrx_word' id='word_1_297' title='bbox 1149 2655 1446 2727; x_wconf 70' lang='grc' dir='ltr'>ὁρωμένοις</span> <span class='ocrx_word' id='word_1_298' title='bbox 1483 2677 1541 2710; x_wconf 86' lang='grc' dir='ltr'>τε</span> <span class='ocrx_word' id='word_1_299' title='bbox 1570 2656 1658 2710; x_wconf 74' lang='grc' dir='ltr'>καὶ</span> <span class='ocrx_word' id='word_1_300' title='bbox 1705 2656 1943 2731; x_wconf 85' lang='grc' dir='ltr'>λεγομέ-</span> 
     </span>
    </p>
   </div>
   <div class='ocr_carea' id='block_1_44' title="bbox 297 2770 430 2812">
    <p class='ocr_par' dir='ltr' id='par_1_44' title="bbox 297 2770 430 2812">
     <span class='ocr_line' id='line_1_44' title="bbox 297 2770 430 2812; baseline 0.008 -9"><span class='ocrx_word' id='word_1_301' title='bbox 297 2770 430 2812; x_wconf 85' lang='grc' dir='ltr'>νοις.</span> 
     </span>
    </p>
   </div>
   <div class='ocr_carea' id='block_1_45' title="bbox 381 2919 1944 2998">
    <p class='ocr_par' dir='ltr' id='par_1_45' title="bbox 381 2919 1944 2998">
     <span class='ocr_line' id='line_1_45' title="bbox 381 2919 1944 2998; baseline -0.002 -18"><span class='ocrx_word' id='word_1_302' title='bbox 381 2926 487 2981; x_wconf 91' lang='grc' dir='ltr'>λα’.</span> <span class='ocrx_word' id='word_1_303' title='bbox 522 2921 741 2991; x_wconf 83' lang='grc' dir='ltr'>Ἐπειδή</span> <span class='ocrx_word' id='word_1_304' title='bbox 776 2920 834 2977; x_wconf 78' lang='grc' dir='ltr'>δὲ</span> <span class='ocrx_word' id='word_1_305' title='bbox 878 2919 1219 2996; x_wconf 75' lang='grc' dir='ltr'>ἐπανήκομεν</span> <span class='ocrx_word' id='word_1_306' title='bbox 1261 2922 1321 2977; x_wconf 84' lang='grc' dir='ltr'>ἐκ</span> <span class='ocrx_word' id='word_1_307' title='bbox 1363 2926 1464 2987; x_wconf 79' lang='grc' dir='ltr'>τῆς</span> <span class='ocrx_word' id='word_1_308' title='bbox 1511 2924 1798 2998; x_wconf 74' lang='grc' dir='ltr'>ὑπερορίας</span> <span class='ocrx_word' id='word_1_309' title='bbox 1857 2924 1944 2978; x_wconf 83' lang='grc' dir='ltr'>καὶ</span> 
     </span>
    </p>
   </div>
   <div class='ocr_carea' id='block_1_46' title="bbox 308 3011 1944 3089">
    <p class='ocr_par' dir='ltr' id='par_1_46' title="bbox 308 3011 1944 3089">
     <span class='ocr_line' id='line_1_46' title="bbox 308 3011 1944 3089; baseline -0.002 -20"><span class='ocrx_word' id='word_1_310' title='bbox 308 3018 493 3089; x_wconf 83' lang='grc' dir='ltr'>ἡμεῖς,</span> <span class='ocrx_word' id='word_1_311' title='bbox 526 3011 687 3069; x_wconf 75' lang='grc' dir='ltr'>ἄλλοι</span> <span class='ocrx_word' id='word_1_312' title='bbox 727 3021 785 3067; x_wconf 86' lang='grc' dir='ltr'>τε</span> <span class='ocrx_word' id='word_1_313' title='bbox 833 3012 1167 3087; x_wconf 74' lang='grc' dir='ltr'>ἀλλαχόθεν,</span> <span class='ocrx_word' id='word_1_314' title='bbox 1211 3012 1448 3085; x_wconf 78' lang='grc' dir='ltr'>καθάπερ</span> <span class='ocrx_word' id='word_1_315' title='bbox 1478 3014 1621 3075; x_wconf 73' lang='grc' dir='ltr'>τινὲς</span> <span class='ocrx_word' id='word_1_316' title='bbox 1654 3012 1944 3086; x_wconf 80' lang='grc' dir='ltr'>ὑπόητεροι</span> 
     </span>
    </p>
   </div>
   <div class='ocr_carea' id='block_1_47' title="bbox 304 3098 1945 3174">
    <p class='ocr_par' dir='ltr' id='par_1_47' title="bbox 304 3098 1945 3174">
     <span class='ocr_line' id='line_1_47' title="bbox 304 3098 1945 3174; baseline -0.002 -17"><span class='ocrx_word' id='word_1_317' title='bbox 304 3103 709 3173; x_wconf 71' lang='grc' dir='ltr'>συντρέχοντες,</span> <span class='ocrx_word' id='word_1_318' title='bbox 772 3099 1101 3173; x_wconf 84' lang='grc' dir='ltr'>ἐθαυμάζετο</span> <span class='ocrx_word' id='word_1_319' title='bbox 1163 3100 1256 3171; x_wconf 79' lang='grc' dir='ltr'>μὲν</span> <span class='ocrx_word' id='word_1_320' title='bbox 1300 3100 1362 3154; x_wconf 87' lang='grc' dir='ltr'>τὸ</span> <span class='ocrx_word' id='word_1_321' title='bbox 1413 3098 1592 3173; x_wconf 81' lang='grc' dir='ltr'>δρᾷμα</span> <span class='ocrx_word' id='word_1_322' title='bbox 1640 3101 1782 3174; x_wconf 82' lang='grc' dir='ltr'>παρὰ</span> <span class='ocrx_word' id='word_1_323' title='bbox 1830 3106 1945 3162; x_wconf 83' lang='grc' dir='ltr'>τοῖς</span> 
     </span>
    </p>
   </div>
   <div class='ocr_carea' id='block_1_48' title="bbox 299 3186 1945 3266">
    <p class='ocr_par' dir='ltr' id='par_1_48' title="bbox 299 3186 1945 3266">
     <span class='ocr_line' id='line_1_48' title="bbox 299 3186 1945 3266; baseline -0.004 -18"><span class='ocrx_word' id='word_1_324' title='bbox 299 3189 564 3262; x_wconf 71' lang='grc' dir='ltr'>εὐσεϐέσι,</span> <span class='ocrx_word' id='word_1_325' title='bbox 598 3193 909 3260; x_wconf 76' lang='grc' dir='ltr'>συνήπτετπ</span> <span class='ocrx_word' id='word_1_326' title='bbox 958 3186 1013 3243; x_wconf 77' lang='grc' dir='ltr'>δὲ</span> <span class='ocrx_word' id='word_1_327' title='bbox 1055 3196 1122 3257; x_wconf 87' lang='grc' dir='ltr'>τῆ</span> <span class='ocrx_word' id='word_1_328' title='bbox 1156 3191 1364 3266; x_wconf 66' lang='grc' dir='ltr'>κεφαλῇ</span> <span class='ocrx_word' id='word_1_329' title='bbox 1395 3189 1461 3242; x_wconf 83' lang='grc' dir='ltr'>τὰ</span> <span class='ocrx_word' id='word_1_330' title='bbox 1523 3187 1712 3260; x_wconf 80' lang='grc' dir='ltr'>μὲλη,,</span> <span class='ocrx_word' id='word_1_331' title='bbox 1756 3187 1945 3266; x_wconf 73' lang='grc' dir='ltr'>ἐφθεγ-</span> 
     </span>
    </p>
   </div>
   <div class='ocr_carea' id='block_1_49' title="bbox 297 3277 1945 3357">
    <p class='ocr_par' dir='ltr' id='par_1_49' title="bbox 297 3277 1945 3357">
     <span class='ocr_line' id='line_1_49' title="bbox 297 3277 1945 3357; baseline -0.004 -20"><span class='ocrx_word' id='word_1_332' title='bbox 297 3303 422 3357; x_wconf 79' lang='grc' dir='ltr'>γετο</span> <span class='ocrx_word' id='word_1_333' title='bbox 479 3279 536 3334; x_wconf 78' lang='grc' dir='ltr'>ὃὶ</span> <span class='ocrx_word' id='word_1_334' title='bbox 589 3281 735 3354; x_wconf 79' lang='grc' dir='ltr'>τάχα</span> <span class='ocrx_word' id='word_1_335' title='bbox 800 3280 1089 3343; x_wconf 80' lang='grc' dir='ltr'>κάνταῦθα,</span> <span class='ocrx_word' id='word_1_336' title='bbox 1141 3279 1186 3331; x_wconf 77' lang='grc' dir='ltr'>εἱ</span> <span class='ocrx_word' id='word_1_337' title='bbox 1220 3279 1311 3331; x_wconf 80' lang='grc' dir='ltr'>καὶ</span> <span class='ocrx_word' id='word_1_338' title='bbox 1360 3277 1663 3351; x_wconf 89' lang='grc' dir='ltr'>τολμηρὸν,</span> <span class='ocrx_word' id='word_1_339' title='bbox 1711 3279 1737 3332; x_wconf 88' lang='lat'>6</span> <span class='ocrx_word' id='word_1_340' title='bbox 1794 3280 1945 3353; x_wconf 80' lang='grc' dir='ltr'>μεγά-</span> 
     </span>
    </p>
   </div>
   <div class='ocr_carea' id='block_1_50' title="bbox 298 3364 1943 3448">
    <p class='ocr_par' dir='ltr' id='par_1_50' title="bbox 298 3364 1943 3448">
     <span class='ocr_line' id='line_1_50' title="bbox 298 3364 1943 3448; baseline -0.01 -22"><span class='ocrx_word' id='word_1_341' title='bbox 298 3369 684 3448; x_wconf 79' lang='grc' dir='ltr'>λοφωνότατος</span> <span class='ocrx_word' id='word_1_342' title='bbox 747 3365 968 3428; x_wconf 66' lang='grc' dir='ltr'>Ἡσαΐας</span> <span class='ocrx_word' id='word_1_343' title='bbox 1020 3386 1032 3397; x_wconf 92' lang='grc'><strong>·</strong></span> <span class='ocrx_word' id='word_1_344' title='bbox 1095 3370 1259 3436; x_wconf 73' lang='grc' dir='ltr'>Ἆρον</span> <span class='ocrx_word' id='word_1_345' title='bbox 1304 3365 1494 3438; x_wconf 75' lang='grc' dir='ltr'>κύκλῳ</span> <span class='ocrx_word' id='word_1_346' title='bbox 1553 3366 1678 3427; x_wconf 83' lang='grc' dir='ltr'>τοὺς</span> <span class='ocrx_word' id='word_1_347' title='bbox 1740 3364 1943 3445; x_wconf 72' lang='grc' dir='ltr'>ὀφθαλ-</span> 
     </span>
    </p>
   </div>
   <div class='ocr_carea' id='block_1_51' title="bbox 305 3454 1947 3533">
    <p class='ocr_par' dir='ltr' id='par_1_51' title="bbox 305 3454 1947 3533">
     <span class='ocr_line' id='line_1_51' title="bbox 305 3454 1947 3533; baseline -0.003 -19"><span class='ocrx_word' id='word_1_348' title='bbox 305 3462 443 3533; x_wconf 82' lang='grc' dir='ltr'>μοὺς</span> <span class='ocrx_word' id='word_1_349' title='bbox 539 3479 657 3526; x_wconf 86' lang='grc' dir='ltr'>σου,</span> <span class='ocrx_word' id='word_1_350' title='bbox 743 3458 832 3510; x_wconf 85' lang='grc' dir='ltr'>καὶ</span> <span class='ocrx_word' id='word_1_351' title='bbox 911 3454 998 3510; x_wconf 73' lang='grc' dir='ltr'>’ίδε</span> <span class='ocrx_word' id='word_1_352' title='bbox 1072 3455 1375 3529; x_wconf 68' lang='grc' dir='ltr'>συνηγμένα</span> <span class='ocrx_word' id='word_1_353' title='bbox 1458 3455 1526 3509; x_wconf 80' lang='grc' dir='ltr'>τὰ</span> <span class='ocrx_word' id='word_1_354' title='bbox 1594 3454 1751 3509; x_wconf 84' lang='grc' dir='ltr'>τέκνα</span> <span class='ocrx_word' id='word_1_355' title='bbox 1827 3477 1947 3523; x_wconf 88' lang='grc' dir='ltr'>σου,</span> 
     </span>
    </p>
   </div>
   <div class='ocr_carea' id='block_1_52' title="bbox 299 3544 1950 3619">
    <p class='ocr_par' dir='ltr' id='par_1_52' title="bbox 299 3544 1950 3619">
     <span class='ocr_line' id='line_1_52' title="bbox 299 3544 1950 3619; baseline -0.002 -16"><span class='ocrx_word' id='word_1_356' title='bbox 299 3550 528 3618; x_wconf 72' lang='grc' dir='ltr'>ἥκουσιν</span> <span class='ocrx_word' id='word_1_357' title='bbox 587 3548 784 3606; x_wconf 78' lang='grc' dir='ltr'>πάντες</span> <span class='ocrx_word' id='word_1_358' title='bbox 845 3547 895 3598; x_wconf 73' lang='grc' dir='ltr'>οἱ</span> <span class='ocrx_word' id='word_1_359' title='bbox 948 3545 1057 3598; x_wconf 79' lang='grc' dir='ltr'>υἱοί</span> <span class='ocrx_word' id='word_1_360' title='bbox 1116 3565 1209 3599; x_wconf 90' lang='grc' dir='ltr'>σου</span> <span class='ocrx_word' id='word_1_361' title='bbox 1282 3545 1546 3619; x_wconf 84' lang='grc' dir='ltr'>μακρόθεν</span> <span class='ocrx_word' id='word_1_362' title='bbox 1609 3564 1622 3577; x_wconf 89' lang='grc'><strong>·</strong></span> <span class='ocrx_word' id='word_1_363' title='bbox 1678 3544 1799 3600; x_wconf 89' lang='grc' dir='ltr'>τότε</span> <span class='ocrx_word' id='word_1_364' title='bbox 1831 3545 1950 3618; x_wconf 75' lang='grc' dir='ltr'>ὄψει</span> 
     </span>
    </p>
   </div>
   <div class='ocr_carea' id='block_1_53' title="bbox 300 3631 1952 3712">
    <p class='ocr_par' dir='ltr' id='par_1_53' title="bbox 300 3631 1952 3712">
     <span class='ocr_line' id='line_1_53' title="bbox 300 3631 1952 3712; baseline -0.005 -18"><span class='ocrx_word' id='word_1_365' title='bbox 300 3638 393 3694; x_wconf 82' lang='grc' dir='ltr'>καὶ</span> <span class='ocrx_word' id='word_1_366' title='bbox 441 3638 685 3712; x_wconf 80' lang='grc' dir='ltr'>χαρήσῃ,</span> <span class='ocrx_word' id='word_1_367' title='bbox 734 3636 820 3689; x_wconf 82' lang='grc' dir='ltr'>καὶ</span> <span class='ocrx_word' id='word_1_368' title='bbox 876 3631 1190 3711; x_wconf 74' lang='grc' dir='ltr'>φοϐηθήσῃ,</span> <span class='ocrx_word' id='word_1_369' title='bbox 1233 3633 1321 3688; x_wconf 83' lang='grc' dir='ltr'>καὶ</span> <span class='ocrx_word' id='word_1_370' title='bbox 1374 3633 1609 3709; x_wconf 75' lang='grc' dir='ltr'>ἐκστήσῃ</span> <span class='ocrx_word' id='word_1_371' title='bbox 1676 3639 1743 3708; x_wconf 79' lang='grc' dir='ltr'>τῇ</span> <span class='ocrx_word' id='word_1_372' title='bbox 1820 3655 1952 3708; x_wconf 83' lang='grc' dir='ltr'>καρ-</span> 
     </span>
    </p>
   </div>
   <div class='ocr_carea' id='block_1_54' title="bbox 307 3721 1953 3800">
    <p class='ocr_par' dir='ltr' id='par_1_54' title="bbox 307 3721 1953 3800">
     <span class='ocr_line' id='line_1_54' title="bbox 307 3721 1953 3800; baseline -0.002 -18"><span class='ocrx_word' id='word_1_373' title='bbox 307 3727 509 3800; x_wconf 78' lang='grc' dir='ltr'>δίᾳ.⁴0</span> <span class='ocrx_word' id='word_1_374' title='bbox 570 3728 665 3799; x_wconf 78' lang='grc' dir='ltr'>μὲν</span> <span class='ocrx_word' id='word_1_375' title='bbox 727 3723 791 3794; x_wconf 79' lang='grc' dir='ltr'>δὴ</span> <span class='ocrx_word' id='word_1_376' title='bbox 848 3729 1061 3778; x_wconf 82' lang='grc' dir='ltr'>ταῦτα’</span> <span class='ocrx_word' id='word_1_377' title='bbox 1123 3724 1227 3799; x_wconf 86' lang='grc' dir='ltr'>ἐγὼ</span> <span class='ocrx_word' id='word_1_378' title='bbox 1276 3721 1332 3778; x_wconf 75' lang='grc' dir='ltr'>δὲ</span> <span class='ocrx_word' id='word_1_379' title='bbox 1389 3723 1554 3779; x_wconf 87' lang='grc' dir='ltr'>ἐκεῖνο</span> <span class='ocrx_word' id='word_1_380' title='bbox 1603 3724 1836 3796; x_wconf 74' lang='grc' dir='ltr'>εἴποιμι,</span> <span class='ocrx_word' id='word_1_381' title='bbox 1870 3724 1953 3779; x_wconf 82' lang='grc' dir='ltr'>ὅτι</span> 
     </span>
    </p>
   </div>
   <div class='ocr_carea' id='block_1_55' title="bbox 307 3811 1956 3890">
    <p class='ocr_par' dir='ltr' id='par_1_55' title="bbox 307 3811 1956 3890">
     <span class='ocr_line' id='line_1_55' title="bbox 307 3811 1956 3890; baseline -0.003 -18"><span class='ocrx_word' id='word_1_382' title='bbox 307 3819 400 3872; x_wconf 79' lang='grc' dir='ltr'>καὶ</span> <span class='ocrx_word' id='word_1_383' title='bbox 441 3819 468 3871; x_wconf 86' lang='grc' dir='ltr'>ὁ</span> <span class='ocrx_word' id='word_1_384' title='bbox 500 3817 766 3890; x_wconf 64' lang='grc' dir='ltr'>ἱερεὶρχης</span> <span class='ocrx_word' id='word_1_385' title='bbox 812 3811 1016 3888; x_wconf 73' lang='grc' dir='ltr'>ᾐδέσθη</span> <span class='ocrx_word' id='word_1_386' title='bbox 1067 3813 1159 3867; x_wconf 90' lang='grc' dir='ltr'>τὸν</span> <span class='ocrx_word' id='word_1_387' title='bbox 1210 3811 1391 3887; x_wconf 80' lang='grc' dir='ltr'>ἄνδρα,</span> <span class='ocrx_word' id='word_1_388' title='bbox 1447 3813 1749 3890; x_wconf 83' lang='grc' dir='ltr'>ἀπολογίαν</span> <span class='ocrx_word' id='word_1_389' title='bbox 1787 3836 1956 3885; x_wconf 85' lang='grc' dir='ltr'>ποιη-</span> 
     </span>
    </p>
   </div>
   <div class='ocr_carea' id='block_1_56' title="bbox 312 3902 1954 3979">
    <p class='ocr_par' dir='ltr' id='par_1_56' title="bbox 312 3902 1954 3979">
     <span class='ocr_line' id='line_1_56' title="bbox 312 3902 1954 3979; baseline -0.004 -16"><span class='ocrx_word' id='word_1_390' title='bbox 312 3909 561 3979; x_wconf 60' lang='grc' dir='ltr'>σάμενος,</span> <span class='ocrx_word' id='word_1_391' title='bbox 618 3905 707 3960; x_wconf 78' lang='grc' dir='ltr'>καὶ</span> <span class='ocrx_word' id='word_1_392' title='bbox 761 3906 895 3979; x_wconf 83' lang='grc' dir='ltr'>πρὸς</span> <span class='ocrx_word' id='word_1_393' title='bbox 938 3903 1125 3958; x_wconf 76' lang='grc' dir='ltr'>’ἐνωσιν</span> <span class='ocrx_word' id='word_1_394' title='bbox 1200 3902 1624 3976; x_wconf 77' lang='grc' dir='ltr'>ἐκκαλεσάμενος</span> <span class='ocrx_word' id='word_1_395' title='bbox 1663 3924 1675 3936; x_wconf 91' lang='grc'><strong>·</strong></span> <span class='ocrx_word' id='word_1_396' title='bbox 1744 3905 1779 3973; x_wconf 71' lang='grc' dir='ltr'><strong>ἢ</strong></span> <span class='ocrx_word' id='word_1_397' title='bbox 1865 3905 1954 3960; x_wconf 82' lang='grc' dir='ltr'>καὶ</span> 
     </span>
    </p>
   </div>
   <div class='ocr_carea' id='block_1_57' title="bbox 314 3991 1955 4073">
    <p class='ocr_par' dir='ltr' id='par_1_57' title="bbox 314 3991 1955 4073">
     <span class='ocr_line' id='line_1_57' title="bbox 314 3991 1955 4073; baseline -0.002 -20"><span class='ocrx_word' id='word_1_398' title='bbox 314 3998 552 4073; x_wconf 73' lang='grc' dir='ltr'>γέγονεν,</span> <span class='ocrx_word' id='word_1_399' title='bbox 587 3991 792 4067; x_wconf 76' lang='grc' dir='ltr'>ἐκϐολῇ</span> <span class='ocrx_word' id='word_1_400' title='bbox 838 3997 935 4048; x_wconf 75' lang='grc' dir='ltr'>τοῦ</span> <span class='ocrx_word' id='word_1_401' title='bbox 991 3993 1425 4072; x_wconf 76' lang='grc' dir='ltr'>στεφανώσαντας</span> <span class='ocrx_word' id='word_1_402' title='bbox 1473 3995 1562 4048; x_wconf 84' lang='grc' dir='ltr'>καὶ</span> <span class='ocrx_word' id='word_1_403' title='bbox 1624 3992 1803 4072; x_wconf 79' lang='grc' dir='ltr'>φειδοῖ</span> <span class='ocrx_word' id='word_1_404' title='bbox 1856 4003 1955 4063; x_wconf 78' lang='grc' dir='ltr'>τῆς</span> 
     </span>
    </p>
   </div>
   <div class='ocr_carea' id='block_1_58' title="bbox 316 4082 1956 4159">
    <p class='ocr_par' dir='ltr' id='par_1_58' title="bbox 316 4082 1956 4159">
     <span class='ocr_line' id='line_1_58' title="bbox 316 4082 1956 4159; baseline -0.002 -17"><span class='ocrx_word' id='word_1_405' title='bbox 316 4085 640 4147; x_wconf 79' lang='grc' dir='ltr'>διαστάσεως</span> <span class='ocrx_word' id='word_1_406' title='bbox 676 4104 688 4116; x_wconf 79' lang='grc'><strong><em>⁸</em></strong></span> <span class='ocrx_word' id='word_1_407' title='bbox 719 4086 778 4153; x_wconf 79' lang='grc' dir='ltr'>ἣν</span> <span class='ocrx_word' id='word_1_408' title='bbox 814 4085 896 4139; x_wconf 83' lang='grc' dir='ltr'>δτι</span> <span class='ocrx_word' id='word_1_409' title='bbox 928 4082 1165 4157; x_wconf 79' lang='grc' dir='ltr'>μάλιστα</span> <span class='ocrx_word' id='word_1_410' title='bbox 1213 4082 1419 4158; x_wconf 78' lang='grc' dir='ltr'>φεύγων</span> <span class='ocrx_word' id='word_1_411' title='bbox 1460 4086 1523 4153; x_wconf 75' lang='grc' dir='ltr'>ἦν</span> <span class='ocrx_word' id='word_1_412' title='bbox 1586 4085 1613 4138; x_wconf 88' lang='grc' dir='ltr'>ὁ</span> <span class='ocrx_word' id='word_1_413' title='bbox 1669 4083 1956 4159; x_wconf 73' lang='grc' dir='ltr'>μακᾶριος,</span> 
     </span>
    </p>
   </div>
   <div class='ocr_carea' id='block_1_59' title="bbox 314 4169 1956 4247">
    <p class='ocr_par' dir='ltr' id='par_1_59' title="bbox 314 4169 1956 4247">
     <span class='ocr_line' id='line_1_59' title="bbox 314 4169 1956 4247; baseline -0.002 -15"><span class='ocrx_word' id='word_1_414' title='bbox 314 4177 409 4232; x_wconf 78' lang='grc' dir='ltr'>κᾶν</span> <span class='ocrx_word' id='word_1_415' title='bbox 458 4176 608 4246; x_wconf 77' lang='grc' dir='ltr'>νίκης</span> <span class='ocrx_word' id='word_1_416' title='bbox 666 4169 901 4230; x_wconf 79' lang='grc' dir='ltr'>ἔπαθλον</span> <span class='ocrx_word' id='word_1_417' title='bbox 954 4174 1092 4247; x_wconf 85' lang='grc' dir='ltr'>πρὸς</span> <span class='ocrx_word' id='word_1_418' title='bbox 1159 4171 1391 4235; x_wconf 74' lang='grc' dir='ltr'>ἃπαντας</span> <span class='ocrx_word' id='word_1_419' title='bbox 1435 4174 1562 4235; x_wconf 78' lang='grc' dir='ltr'>τοὺς</span> <span class='ocrx_word' id='word_1_420' title='bbox 1608 4174 1956 4237; x_wconf 85' lang='grc' dir='ltr'>συνελθόντας</span> 
     </span>
    </p>
   </div>
   <div class='ocr_carea' id='block_1_60' title="bbox 313 4260 1958 4342">
    <p class='ocr_par' dir='ltr' id='par_1_60' title="bbox 313 4260 1958 4342">
     <span class='ocr_line' id='line_1_60' title="bbox 313 4260 1958 4342; baseline -0.002 -20"><span class='ocrx_word' id='word_1_421' title='bbox 313 4266 651 4342; x_wconf 71' lang='grc' dir='ltr'>ἀπηνέγκατο</span> <span class='ocrx_word' id='word_1_422' title='bbox 694 4284 705 4297; x_wconf 76' lang='grc'><strong><em>⁸</em></strong></span> <span class='ocrx_word' id='word_1_423' title='bbox 740 4264 792 4319; x_wconf 86' lang='grc' dir='ltr'>τί</span> <span class='ocrx_word' id='word_1_424' title='bbox 823 4265 927 4338; x_wconf 77' lang='grc' dir='ltr'>γὰρ</span> <span class='ocrx_word' id='word_1_425' title='bbox 971 4262 1291 4342; x_wconf 73' lang='grc' dir='ltr'>φιλαίτατον</span> <span class='ocrx_word' id='word_1_426' title='bbox 1350 4260 1490 4317; x_wconf 78' lang='grc' dir='ltr'>ἄλλο</span> <span class='ocrx_word' id='word_1_427' title='bbox 1539 4269 1653 4335; x_wconf 85' lang='grc' dir='ltr'>Θεῷ</span> <span class='ocrx_word' id='word_1_428' title='bbox 1701 4264 1958 4336; x_wconf 76' lang='grc' dir='ltr'>ὁμονοίας</span> 
     </span>
    </p>
   </div>
   <div class='ocr_carea' id='block_1_61' title="bbox 309 4351 1961 4425">
    <p class='ocr_par' dir='ltr' id='par_1_61' title="bbox 309 4351 1961 4425">
     <span class='ocr_line' id='line_1_61' title="bbox 309 4351 1961 4425; baseline -0.003 -12"><span class='ocrx_word' id='word_1_429' title='bbox 309 4357 405 4413; x_wconf 79' lang='grc' dir='ltr'>καὶ</span> <span class='ocrx_word' id='word_1_430' title='bbox 463 4357 726 4423; x_wconf 77' lang='grc' dir='ltr'>ὲνώσεως,</span> <span class='ocrx_word' id='word_1_431' title='bbox 758 4352 918 4423; x_wconf 79' lang='grc' dir='ltr'>ἡνίκα</span> <span class='ocrx_word' id='word_1_432' title='bbox 971 4356 1004 4423; x_wconf 84' lang='grc' dir='ltr'>ἡ</span> <span class='ocrx_word' id='word_1_433' title='bbox 1061 4352 1252 4414; x_wconf 74' lang='grc' dir='ltr'>ἓνωσις</span> <span class='ocrx_word' id='word_1_434' title='bbox 1308 4354 1383 4425; x_wconf 83' lang='grc' dir='ltr'>μή</span> <span class='ocrx_word' id='word_1_435' title='bbox 1446 4351 1672 4418; x_wconf 82' lang='grc' dir='ltr'>ἐντολῆς</span> <span class='ocrx_word' id='word_1_436' title='bbox 1714 4358 1846 4409; x_wconf 73' lang='grc' dir='ltr'>Θεοῦ</span> <span class='ocrx_word' id='word_1_437' title='bbox 1878 4352 1961 4409; x_wconf 85' lang='grc' dir='ltr'>δι-</span> 
     </span>
    </p>
   </div>
   <div class='ocr_carea' id='block_1_62' title="bbox 315 4449 584 4515">
    <p class='ocr_par' dir='ltr' id='par_1_62' title="bbox 315 4449 584 4515">
     <span class='ocr_line' id='line_1_62' title="bbox 315 4449 584 4515; baseline -0.007 -14"><span class='ocrx_word' id='word_1_438' title='bbox 315 4449 532 4515; x_wconf 82' lang='grc' dir='ltr'>ίστησιν</span> <span class='ocrx_word' id='word_1_439' title='bbox 569 4466 584 4515; x_wconf 87' lang='lat'><strong>;</strong></span> 
     </span>
    </p>
   </div>
   <div class='ocr_carea' id='block_1_63' title="bbox 950 4532 1333 4606">
    <p class='ocr_par' dir='ltr' id='par_1_63' title="bbox 950 4532 1333 4606">
     <span class='ocr_line' id='line_1_63' title="bbox 950 4532 1333 4606; baseline 0 -20"><span class='ocrx_word' id='word_1_440' title='bbox 950 4538 1205 4588; x_wconf 84' lang='grc' dir='ltr'>ΚΕΦΔΛ.</span> <span class='ocrx_word' id='word_1_441' title='bbox 1240 4532 1333 4606; x_wconf 79' lang='grc' dir='ltr'>ς’.</span> 
     </span>
    </p>
   </div>
   <div class='ocr_carea' id='block_1_64' title="bbox 1992 4524 2039 4587">
    <p class='ocr_par' dir='ltr' id='par_1_64' title="bbox 1992 4524 2039 4587">
     <span class='ocr_line' id='line_1_64' title="bbox 1992 4524 2039 4587; baseline 0 0"><span class='ocrx_word' id='word_1_442' title='bbox 1992 4524 2039 4587; x_wconf 94' lang='lat' dir='ltr'><strong>D</strong></span> 
     </span>
    </p>
   </div>
   <div class='ocr_carea' id='block_1_65' title="bbox 2049 1936 3686 2012">
    <p class='ocr_par' dir='ltr' id='par_1_65' title="bbox 2049 1936 3686 2012">
     <span class='ocr_line' id='line_1_65' title="bbox 2049 1936 3686 2012; baseline 0.003 -20"><span class='ocrx_word' id='word_1_443' title='bbox 2049 1941 2280 2010; x_wconf 87' lang='lat' dir='ltr'>quando</span> <span class='ocrx_word' id='word_1_444' title='bbox 2308 1940 2505 1995; x_wconf 87' lang='lat' dir='ltr'>sedato</span> <span class='ocrx_word' id='word_1_445' title='bbox 2545 1942 2733 1996; x_wconf 86' lang='lat' dir='ltr'>furore</span> <span class='ocrx_word' id='word_1_446' title='bbox 2764 1957 2856 1995; x_wconf 86' lang='lat' dir='ltr'>res</span> <span class='ocrx_word' id='word_1_447' title='bbox 2915 1942 2973 1995; x_wconf 92' lang='lat' dir='ltr'>in</span> <span class='ocrx_word' id='word_1_448' title='bbox 3032 1943 3237 2012; x_wconf 88' lang='lat' dir='ltr'>seipsis</span> <span class='ocrx_word' id='word_1_449' title='bbox 3295 1936 3686 2008; x_wconf 75' lang='lat' dir='ltr'>aestimantur,</span> 
     </span>
    </p>
   </div>
   <div class='ocr_carea' id='block_1_66' title="bbox 2044 2029 3685 2102">
    <p class='ocr_par' dir='ltr' id='par_1_66' title="bbox 2044 2029 3685 2102">
     <span class='ocr_line' id='line_1_66' title="bbox 2044 2029 3685 2102; baseline 0.002 -20"><span class='ocrx_word' id='word_1_450' title='bbox 2044 2029 2150 2083; x_wconf 89' lang='lat' dir='ltr'>etsi</span> <span class='ocrx_word' id='word_1_451' title='bbox 2184 2033 2423 2084; x_wconf 83' lang='lat' dir='ltr'>eatenus</span> <span class='ocrx_word' id='word_1_452' title='bbox 2458 2029 2623 2084; x_wconf 84' lang='lat' dir='ltr'>aliter</span> <span class='ocrx_word' id='word_1_453' title='bbox 2652 2029 2770 2085; x_wconf 88' lang='lat' dir='ltr'>sint</span> <span class='ocrx_word' id='word_1_454' title='bbox 2828 2031 3026 2087; x_wconf 90' lang='lat' dir='ltr'>locuti.</span> <span class='ocrx_word' id='word_1_455' title='bbox 3060 2033 3200 2087; x_wconf 91' lang='lat' dir='ltr'>Cum</span> <span class='ocrx_word' id='word_1_456' title='bbox 3253 2033 3408 2086; x_wconf 92' lang='lat' dir='ltr'>enim</span> <span class='ocrx_word' id='word_1_457' title='bbox 3443 2033 3685 2102; x_wconf 83' lang='lat' dir='ltr'>paciﬁca</span> 
     </span>
    </p>
   </div>
   <div class='ocr_carea' id='block_1_67' title="bbox 2047 2118 3688 2191">
    <p class='ocr_par' dir='ltr' id='par_1_67' title="bbox 2047 2118 3688 2191">
     <span class='ocr_line' id='line_1_67' title="bbox 2047 2118 3688 2191; baseline 0.003 -19"><span class='ocrx_word' id='word_1_458' title='bbox 2047 2120 2209 2173; x_wconf 88' lang='lat' dir='ltr'>lrene</span> <span class='ocrx_word' id='word_1_459' title='bbox 2231 2119 2422 2173; x_wconf 91' lang='lat' dir='ltr'>denuo</span> <span class='ocrx_word' id='word_1_460' title='bbox 2454 2118 2699 2189; x_wconf 66' lang='lat' dir='ltr'>coepisse</span> <span class='ocrx_word' id='word_1_461' title='bbox 2730 2119 3040 2191; x_wconf 88' lang='lat' dir='ltr'>imperaret</span> <span class='ocrx_word' id='word_1_462' title='bbox 3070 2126 3125 2176; x_wconf 89' lang='lat' dir='ltr'>et</span> <span class='ocrx_word' id='word_1_463' title='bbox 3183 2119 3454 2175; x_wconf 82' lang='lat' dir='ltr'>extollere</span> <span class='ocrx_word' id='word_1_464' title='bbox 3514 2126 3688 2190; x_wconf 90' lang='lat' dir='ltr'>atque</span> 
     </span>
    </p>
   </div>
   <div class='ocr_carea' id='block_1_68' title="bbox 2044 2204 3688 2281">
    <p class='ocr_par' dir='ltr' id='par_1_68' title="bbox 2044 2204 3688 2281">
     <span class='ocr_line' id='line_1_68' title="bbox 2044 2204 3688 2281; baseline 0.001 -22"><span class='ocrx_word' id='word_1_465' title='bbox 2044 2205 2279 2260; x_wconf 90' lang='lat' dir='ltr'>charum</span> <span class='ocrx_word' id='word_1_466' title='bbox 2313 2204 2527 2261; x_wconf 89' lang='lat' dir='ltr'>habere</span> <span class='ocrx_word' id='word_1_467' title='bbox 2561 2207 2749 2262; x_wconf 92' lang='lat' dir='ltr'>virum</span> <span class='ocrx_word' id='word_1_468' title='bbox 2784 2213 3016 2278; x_wconf 89' lang='lat' dir='ltr'>propter</span> <span class='ocrx_word' id='word_1_469' title='bbox 3051 2208 3431 2263; x_wconf 87' lang='lat' dir='ltr'>reverentiam</span> <span class='ocrx_word' id='word_1_470' title='bbox 3470 2217 3688 2281; x_wconf 86' lang='lat' dir='ltr'>marty-</span> 
     </span>
    </p>
   </div>
   <div class='ocr_carea' id='block_1_69' title="bbox 2045 2294 3690 2363">
    <p class='ocr_par' dir='ltr' id='par_1_69' title="bbox 2045 2294 3690 2363">
     <span class='ocr_line' id='line_1_69' title="bbox 2045 2294 3690 2363; baseline 0.002 -15"><span class='ocrx_word' id='word_1_471' title='bbox 2045 2295 2149 2349; x_wconf 90' lang='lat' dir='ltr'>rici</span> <span class='ocrx_word' id='word_1_472' title='bbox 2179 2294 2439 2363; x_wconf 85' lang='lat' dir='ltr'>decoris;</span> <span class='ocrx_word' id='word_1_473' title='bbox 2474 2311 2745 2351; x_wconf 90' lang='lat' dir='ltr'>conversa</span> <span class='ocrx_word' id='word_1_474' title='bbox 2780 2302 2914 2351; x_wconf 91' lang='lat' dir='ltr'>sunt</span> <span class='ocrx_word' id='word_1_475' title='bbox 2967 2298 3185 2363; x_wconf 87' lang='lat' dir='ltr'>omnia,</span> <span class='ocrx_word' id='word_1_476' title='bbox 3210 2306 3265 2351; x_wconf 85' lang='lat' dir='ltr'>ut</span> <span class='ocrx_word' id='word_1_477' title='bbox 3311 2296 3453 2353; x_wconf 89' lang='lat' dir='ltr'>solet</span> <span class='ocrx_word' id='word_1_478' title='bbox 3495 2298 3552 2352; x_wconf 91' lang='lat' dir='ltr'>in</span> <span class='ocrx_word' id='word_1_479' title='bbox 3586 2297 3690 2352; x_wconf 81' lang='lat' dir='ltr'>flu-</span> 
     </span>
    </p>
   </div>
   <div class='ocr_carea' id='block_1_70' title="bbox 2047 2385 3693 2457">
    <p class='ocr_par' dir='ltr' id='par_1_70' title="bbox 2047 2385 3693 2457">
     <span class='ocr_line' id='line_1_70' title="bbox 2047 2385 3693 2457; baseline 0.002 -19"><span class='ocrx_word' id='word_1_480' title='bbox 2047 2385 2272 2439; x_wconf 91' lang='lat' dir='ltr'>minum</span> <span class='ocrx_word' id='word_1_481' title='bbox 2315 2401 2548 2439; x_wconf 88' lang='lat' dir='ltr'>recursu</span> <span class='ocrx_word' id='word_1_482' title='bbox 2607 2386 2851 2451; x_wconf 85' lang='lat' dir='ltr'>ﬁeri;et</span> <span class='ocrx_word' id='word_1_483' title='bbox 2893 2387 2942 2441; x_wconf 88' lang='lat' dir='ltr'>si</span> <span class='ocrx_word' id='word_1_484' title='bbox 3000 2388 3135 2457; x_wconf 90' lang='lat' dir='ltr'>quis</span> <span class='ocrx_word' id='word_1_485' title='bbox 3192 2386 3471 2442; x_wconf 90' lang='lat' dir='ltr'>inimicus</span> <span class='ocrx_word' id='word_1_486' title='bbox 3519 2395 3693 2442; x_wconf 81' lang='lat' dir='ltr'>antea</span> 
     </span>
    </p>
   </div>
   <div class='ocr_carea' id='block_1_71' title="bbox 2048 2474 3696 2538">
    <p class='ocr_par' dir='ltr' id='par_1_71' title="bbox 2048 2474 3696 2538">
     <span class='ocr_line' id='line_1_71' title="bbox 2048 2474 3696 2538; baseline 0.002 -12"><span class='ocrx_word' id='word_1_487' title='bbox 2048 2474 2252 2538; x_wconf 84' lang='lat' dir='ltr'>fuerat,</span> <span class='ocrx_word' id='word_1_488' title='bbox 2282 2474 2338 2527; x_wconf 92' lang='lat' dir='ltr'>in</span> <span class='ocrx_word' id='word_1_489' title='bbox 2363 2476 2619 2529; x_wconf 82' lang='lat' dir='ltr'>amicum</span> <span class='ocrx_word' id='word_1_490' title='bbox 2642 2479 2701 2529; x_wconf 88' lang='lat' dir='ltr'>et</span> <span class='ocrx_word' id='word_1_491' title='bbox 2722 2475 3084 2530; x_wconf 85' lang='lat' dir='ltr'>laudatorem</span> <span class='ocrx_word' id='word_1_492' title='bbox 3146 2476 3521 2530; x_wconf 83' lang='lat' dir='ltr'>mutabatur:</span> <span class='ocrx_word' id='word_1_493' title='bbox 3554 2477 3696 2531; x_wconf 88' lang='lat' dir='ltr'>adeo</span> 
     </span>
    </p>
   </div>
   <div class='ocr_carea' id='block_1_72' title="bbox 2049 2563 3693 2636">
    <p class='ocr_par' dir='ltr' id='par_1_72' title="bbox 2049 2563 3693 2636">
     <span class='ocr_line' id='line_1_72' title="bbox 2049 2563 3693 2636; baseline 0.003 -20"><span class='ocrx_word' id='word_1_494' title='bbox 2049 2568 2111 2616; x_wconf 91' lang='lat' dir='ltr'>ut</span> <span class='ocrx_word' id='word_1_495' title='bbox 2137 2563 2262 2633; x_wconf 90' lang='lat' dir='ltr'>ipse</span> <span class='ocrx_word' id='word_1_496' title='bbox 2291 2563 2458 2618; x_wconf 87' lang='lat' dir='ltr'>etiam</span> <span class='ocrx_word' id='word_1_497' title='bbox 2489 2570 2685 2620; x_wconf 86' lang='lat' dir='ltr'>custos</span> <span class='ocrx_word' id='word_1_498' title='bbox 2719 2565 2964 2619; x_wconf 88' lang='lat' dir='ltr'>carceris</span> <span class='ocrx_word' id='word_1_499' title='bbox 2994 2566 3170 2636; x_wconf 51' lang='lat' dir='ltr'>.humi</span> <span class='ocrx_word' id='word_1_500' title='bbox 3210 2572 3425 2621; x_wconf 82' lang='lat' dir='ltr'>stratus</span> <span class='ocrx_word' id='word_1_501' title='bbox 3466 2567 3693 2621; x_wconf 81' lang='lat' dir='ltr'>veniam</span> 
     </span>
    </p>
   </div>
   <div class='ocr_carea' id='block_1_73' title="bbox 2050 2654 3693 2726">
    <p class='ocr_par' dir='ltr' id='par_1_73' title="bbox 2050 2654 3693 2726">
     <span class='ocr_line' id='line_1_73' title="bbox 2050 2654 3693 2726; baseline 0.001 -19"><span class='ocrx_word' id='word_1_502' title='bbox 2050 2658 2312 2720; x_wconf 78' lang='lat' dir='ltr'>posceret</span> <span class='ocrx_word' id='word_1_503' title='bbox 2344 2670 2357 2709; x_wconf 93' lang='lat'><strong>:</strong></span> <span class='ocrx_word' id='word_1_504' title='bbox 2391 2655 2493 2709; x_wconf 90' lang='lat' dir='ltr'>sed</span> <span class='ocrx_word' id='word_1_505' title='bbox 2526 2654 2670 2725; x_wconf 82' lang='lat' dir='ltr'>lapis</span> <span class='ocrx_word' id='word_1_506' title='bbox 2700 2654 3061 2710; x_wconf 90' lang='lat' dir='ltr'>insensibilis</span> <span class='ocrx_word' id='word_1_507' title='bbox 3090 2655 3355 2710; x_wconf 61' lang='lat' dir='ltr'>humana</span> <span class='ocrx_word' id='word_1_508' title='bbox 3406 2655 3693 2726; x_wconf 83' lang='lat' dir='ltr'>fragilita-</span> 
     </span>
    </p>
   </div>
   <div class='ocr_carea' id='block_1_74' title="bbox 2048 2742 3690 2817">
    <p class='ocr_par' dir='ltr' id='par_1_74' title="bbox 2048 2742 3690 2817">
     <span class='ocr_line' id='line_1_74' title="bbox 2048 2742 3690 2817; baseline 0.002 -22"><span class='ocrx_word' id='word_1_509' title='bbox 2048 2742 2121 2796; x_wconf 91' lang='lat' dir='ltr'>tis</span> <span class='ocrx_word' id='word_1_510' title='bbox 2152 2759 2361 2813; x_wconf 87' lang='lat' dir='ltr'>passus</span> <span class='ocrx_word' id='word_1_511' title='bbox 2396 2745 2602 2802; x_wconf 85' lang='lat' dir='ltr'>fuisset</span> <span class='ocrx_word' id='word_1_512' title='bbox 2632 2746 2803 2801; x_wconf 88' lang='lat' dir='ltr'>citius</span> <span class='ocrx_word' id='word_1_513' title='bbox 2830 2762 3003 2817; x_wconf 91' lang='lat' dir='ltr'>quam</span> <span class='ocrx_word' id='word_1_514' title='bbox 3036 2747 3161 2817; x_wconf 91' lang='lat' dir='ltr'>ipse</span> <span class='ocrx_word' id='word_1_515' title='bbox 3194 2762 3406 2801; x_wconf 90' lang='lat' dir='ltr'>novum</span> <span class='ocrx_word' id='word_1_516' title='bbox 3441 2746 3690 2817; x_wconf 89' lang='lat' dir='ltr'>aliquem</span> 
     </span>
    </p>
   </div>
   <div class='ocr_carea' id='block_1_75' title="bbox 2052 2834 3367 2906">
    <p class='ocr_par' dir='ltr' id='par_1_75' title="bbox 2052 2834 3367 2906">
     <span class='ocr_line' id='line_1_75' title="bbox 2052 2834 3367 2906; baseline 0.003 -21"><span class='ocrx_word' id='word_1_517' title='bbox 2052 2837 2275 2887; x_wconf 90' lang='lat' dir='ltr'>motum</span> <span class='ocrx_word' id='word_1_518' title='bbox 2309 2834 2368 2889; x_wconf 90' lang='lat' dir='ltr'>in</span> <span class='ocrx_word' id='word_1_519' title='bbox 2400 2834 2471 2890; x_wconf 88' lang='lat' dir='ltr'>iis</span> <span class='ocrx_word' id='word_1_520' title='bbox 2503 2851 2629 2905; x_wconf 73' lang='lat' dir='ltr'>quae</span> <span class='ocrx_word' id='word_1_521' title='bbox 2656 2835 2873 2891; x_wconf 83' lang='lat' dir='ltr'>ﬁebant</span> <span class='ocrx_word' id='word_1_522' title='bbox 2895 2836 3367 2906; x_wconf 88' lang='lat' dir='ltr'>dicebanturque.</span> 
     </span>
    </p>
   </div>
   <div class='ocr_carea' id='block_1_76' title="bbox 2130 2924 3705 2996">
    <p class='ocr_par' dir='ltr' id='par_1_76' title="bbox 2130 2924 3705 2996">
     <span class='ocr_line' id='line_1_76' title="bbox 2130 2924 3705 2996; baseline 0 -18"><span class='ocrx_word' id='word_1_523' title='bbox 2130 2925 2220 2978; x_wconf 87' lang='grc'>31.</span> <span class='ocrx_word' id='word_1_524' title='bbox 2249 2929 2567 2996; x_wconf 89' lang='lat' dir='ltr'>Postquam</span> <span class='ocrx_word' id='word_1_525' title='bbox 2601 2941 2734 2981; x_wconf 91' lang='lat' dir='ltr'>vero</span> <span class='ocrx_word' id='word_1_526' title='bbox 2766 2926 2939 2981; x_wconf 89' lang='lat' dir='ltr'>etiam</span> <span class='ocrx_word' id='word_1_527' title='bbox 2974 2943 3078 2981; x_wconf 92' lang='lat' dir='ltr'>nos</span> <span class='ocrx_word' id='word_1_528' title='bbox 3104 2925 3530 2980; x_wconf 89' lang='lat' dir='ltr'>revertimusab</span> <span class='ocrx_word' id='word_1_529' title='bbox 3554 2924 3705 2979; x_wconf 86' lang='lat' dir='ltr'>exsi—</span> 
     </span>
    </p>
   </div>
   <div class='ocr_carea' id='block_1_77' title="bbox 2050 3013 3700 3087">
    <p class='ocr_par' dir='ltr' id='par_1_77' title="bbox 2050 3013 3700 3087">
     <span class='ocr_line' id='line_1_77' title="bbox 2050 3013 3700 3087; baseline -0.004 -15"><span class='ocrx_word' id='word_1_530' title='bbox 2050 3018 2149 3082; x_wconf 87' lang='lat' dir='ltr'>lio,</span> <span class='ocrx_word' id='word_1_531' title='bbox 2181 3016 2279 3071; x_wconf 90' lang='lat' dir='ltr'>alii</span> <span class='ocrx_word' id='word_1_532' title='bbox 2313 3016 2591 3087; x_wconf 91' lang='lat' dir='ltr'>aliunque</span> <span class='ocrx_word' id='word_1_533' title='bbox 2613 3020 3023 3070; x_wconf 88' lang='lat' dir='ltr'>concurrentes</span> <span class='ocrx_word' id='word_1_534' title='bbox 3056 3020 3332 3085; x_wconf 86' lang='lat' dir='ltr'>tanquam</span> <span class='ocrx_word' id='word_1_535' title='bbox 3394 3013 3537 3086; x_wconf 91' lang='lat' dir='ltr'>pulli</span> <span class='ocrx_word' id='word_1_536' title='bbox 3590 3013 3700 3068; x_wconf 89' lang='lat' dir='ltr'>sub</span> 
     </span>
    </p>
   </div>
   <div class='ocr_carea' id='block_1_78' title="bbox 2051 3103 3698 3175">
    <p class='ocr_par' dir='ltr' id='par_1_78' title="bbox 2051 3103 3698 3175">
     <span class='ocr_line' id='line_1_78' title="bbox 2051 3103 3698 3175; baseline -0.001 -16"><span class='ocrx_word' id='word_1_537' title='bbox 2051 3106 2198 3175; x_wconf 87' lang='lat' dir='ltr'>alas,</span> <span class='ocrx_word' id='word_1_538' title='bbox 2245 3104 2641 3174; x_wconf 86' lang='lat' dir='ltr'>spectaculum</span> <span class='ocrx_word' id='word_1_539' title='bbox 2675 3105 3026 3174; x_wconf 79' lang='lat' dir='ltr'>praebuimus</span> <span class='ocrx_word' id='word_1_540' title='bbox 3086 3105 3315 3175; x_wconf 87' lang='lat' dir='ltr'>pietatis</span> <span class='ocrx_word' id='word_1_541' title='bbox 3373 3103 3698 3159; x_wconf 87' lang='lat' dir='ltr'>cultoribus</span> 
     </span>
    </p>
   </div>
   <div class='ocr_carea' id='block_1_79' title="bbox 2059 3189 3696 3260">
    <p class='ocr_par' dir='ltr' id='par_1_79' title="bbox 2059 3189 3696 3260">
     <span class='ocr_line' id='line_1_79' title="bbox 2059 3189 3696 3260; baseline -0.002 -15"><span class='ocrx_word' id='word_1_542' title='bbox 2059 3189 2497 3246; x_wconf 88' lang='lat' dir='ltr'>admirandum.</span> <span class='ocrx_word' id='word_1_543' title='bbox 2529 3189 3047 3260; x_wconf 87' lang='lat' dir='ltr'>Conjungebantur</span> <span class='ocrx_word' id='word_1_544' title='bbox 3077 3190 3252 3259; x_wconf 88' lang='lat' dir='ltr'>capiti</span> <span class='ocrx_word' id='word_1_545' title='bbox 3295 3205 3401 3243; x_wconf 90' lang='lat' dir='ltr'>suo</span> <span class='ocrx_word' id='word_1_546' title='bbox 3434 3190 3696 3243; x_wconf 87' lang='lat' dir='ltr'>membra</span> 
     </span>
    </p>
   </div>
   <div class='ocr_carea' id='block_1_80' title="bbox 2060 3278 3695 3349">
    <p class='ocr_par' dir='ltr' id='par_1_80' title="bbox 2060 3278 3695 3349">
     <span class='ocr_line' id='line_1_80' title="bbox 2060 3278 3695 3349; baseline -0.003 -14"><span class='ocrx_word' id='word_1_547' title='bbox 2060 3280 2518 3349; x_wconf 84' lang='lat' dir='ltr'>audiebaturque</span> <span class='ocrx_word' id='word_1_548' title='bbox 2548 3279 2689 3333; x_wconf 91' lang='lat' dir='ltr'>illud</span> <span class='ocrx_word' id='word_1_549' title='bbox 2723 3280 3105 3333; x_wconf 83' lang='lat' dir='ltr'>exclamantis</span> <span class='ocrx_word' id='word_1_550' title='bbox 3139 3279 3312 3343; x_wconf 66' lang='lat' dir='ltr'>Isaiae,</span> <span class='ocrx_word' id='word_1_551' title='bbox 3345 3278 3695 3332; x_wconf 89' lang='lat' dir='ltr'>audacterin</span> 
     </span>
    </p>
   </div>
   <div class='ocr_carea' id='block_1_81' title="bbox 2059 3367 3699 3440">
    <p class='ocr_par' dir='ltr' id='par_1_81' title="bbox 2059 3367 3699 3440">
     <span class='ocr_line' id='line_1_81' title="bbox 2059 3367 3699 3440; baseline -0.002 -17"><span class='ocrx_word' id='word_1_552' title='bbox 2059 3387 2118 3425; x_wconf 89' lang='lat' dir='ltr'>re</span> <span class='ocrx_word' id='word_1_553' title='bbox 2150 3370 2417 3440; x_wconf 75' lang='lat' dir='ltr'>praesenti</span> <span class='ocrx_word' id='word_1_554' title='bbox 2455 3368 2950 3439; x_wconf 89' lang='lat' dir='ltr'>pronuntiandum</span> <span class='ocrx_word' id='word_1_555' title='bbox 2986 3386 2998 3424; x_wconf 93' lang='lat'>:</span> <span class='ocrx_word' id='word_1_556' title='bbox 3037 3370 3173 3423; x_wconf 78' lang='lat' dir='ltr'>Leua</span> <span class='ocrx_word' id='word_1_557' title='bbox 3204 3370 3266 3423; x_wconf 87' lang='lat' dir='ltr'>in</span> <span class='ocrx_word' id='word_1_558' title='bbox 3312 3367 3543 3423; x_wconf 79' lang='lat' dir='ltr'>circuito</span> <span class='ocrx_word' id='word_1_559' title='bbox 3569 3382 3699 3423; x_wconf 86' lang='lat' dir='ltr'>ocu-</span> 
     </span>
    </p>
   </div>
   <div class='ocr_carea' id='block_1_82' title="bbox 2063 3458 3704 3529">
    <p class='ocr_par' dir='ltr' id='par_1_82' title="bbox 2063 3458 3704 3529">
     <span class='ocr_line' id='line_1_82' title="bbox 2063 3458 3704 3529; baseline 0 -16"><span class='ocrx_word' id='word_1_560' title='bbox 2063 3459 2142 3513; x_wconf 77' lang='lat' dir='ltr'>los</span> <span class='ocrx_word' id='word_1_561' title='bbox 2165 3467 2283 3514; x_wconf 85' lang='lat' dir='ltr'>tuos</span> <span class='ocrx_word' id='word_1_562' title='bbox 2312 3469 2361 3515; x_wconf 82' lang='lat' dir='ltr'>et</span> <span class='ocrx_word' id='word_1_563' title='bbox 2408 3460 2568 3514; x_wconf 84' lang='lat' dir='ltr'>vide:</span> <span class='ocrx_word' id='word_1_564' title='bbox 2624 3474 2809 3514; x_wconf 84' lang='lat' dir='ltr'>omnes</span> <span class='ocrx_word' id='word_1_565' title='bbox 2865 3458 2959 3513; x_wconf 82' lang='lat' dir='ltr'>isti</span> <span class='ocrx_word' id='word_1_566' title='bbox 3014 3460 3335 3529; x_wconf 81' lang='lat' dir='ltr'>congregati</span> <span class='ocrx_word' id='word_1_567' title='bbox 3390 3462 3562 3525; x_wconf 83' lang='lat' dir='ltr'>sunt;</span> <span class='ocrx_word' id='word_1_568' title='bbox 3619 3474 3704 3513; x_wconf 83' lang='lat' dir='ltr'>ve-</span> 
     </span>
    </p>
   </div>
   <div class='ocr_carea' id='block_1_83' title="bbox 2061 3547 3705 3616">
    <p class='ocr_par' dir='ltr' id='par_1_83' title="bbox 2061 3547 3705 3616">
     <span class='ocr_line' id='line_1_83' title="bbox 2061 3547 3705 3616; baseline -0.001 -14"><span class='ocrx_word' id='word_1_569' title='bbox 2061 3555 2267 3604; x_wconf 80' lang='lat' dir='ltr'>nerunt</span> <span class='ocrx_word' id='word_1_570' title='bbox 2295 3548 2592 3603; x_wconf 83' lang='lat' dir='ltr'>tibisancti</span> <span class='ocrx_word' id='word_1_571' title='bbox 2617 3548 2701 3601; x_wconf 73' lang='lat' dir='ltr'>(ut</span> <span class='ocrx_word' id='word_1_572' title='bbox 2728 3549 2793 3602; x_wconf 83' lang='lat' dir='ltr'>de</span> <span class='ocrx_word' id='word_1_573' title='bbox 2851 3549 3014 3616; x_wconf 79' lang='lat' dir='ltr'>longe</span> <span class='ocrx_word' id='word_1_574' title='bbox 3070 3547 3135 3603; x_wconf 80' lang='lat' dir='ltr'>“z</span> <span class='ocrx_word' id='word_1_575' title='bbox 3168 3554 3312 3603; x_wconf 89' lang='lat' dir='ltr'>tunc</span> <span class='ocrx_word' id='word_1_576' title='bbox 3368 3548 3588 3603; x_wconf 90' lang='lat' dir='ltr'>videbis</span> <span class='ocrx_word' id='word_1_577' title='bbox 3647 3550 3705 3601; x_wconf 89' lang='lat' dir='ltr'>et</span> 
     </span>
    </p>
   </div>
   <div class='ocr_carea' id='block_1_84' title="bbox 2064 3637 3703 3711">
    <p class='ocr_par' dir='ltr' id='par_1_84' title="bbox 2064 3637 3703 3711">
     <span class='ocr_line' id='line_1_84' title="bbox 2064 3637 3703 3711; baseline -0.001 -19"><span class='ocrx_word' id='word_1_578' title='bbox 2064 3640 2372 3711; x_wconf 84' lang='lat' dir='ltr'>gaudebis,</span> <span class='ocrx_word' id='word_1_579' title='bbox 2430 3640 2810 3710; x_wconf 89' lang='lat' dir='ltr'>obstupesces</span> <span class='ocrx_word' id='word_1_580' title='bbox 2869 3637 3152 3709; x_wconf 90' lang='lat' dir='ltr'>linqueris</span> <span class='ocrx_word' id='word_1_581' title='bbox 3202 3638 3418 3694; x_wconf 89' lang='lat' dir='ltr'>animo.</span> <span class='ocrx_word' id='word_1_582' title='bbox 3463 3639 3532 3693; x_wconf 86' lang='lat' dir='ltr'>Et</span> <span class='ocrx_word' id='word_1_583' title='bbox 3582 3638 3703 3693; x_wconf 72' lang='lat' dir='ltr'>haac</span> 
     </span>
    </p>
   </div>
   <div class='ocr_carea' id='block_1_85' title="bbox 2066 3714 3699 3800">
    <p class='ocr_par' dir='ltr' id='par_1_85' title="bbox 2066 3714 3699 3800">
     <span class='ocr_line' id='line_1_85' title="bbox 2066 3714 3699 3800; baseline 0.001 -19"><span class='ocrx_word' id='word_1_584' title='bbox 2066 3729 2302 3798; x_wconf 80' lang='lat' dir='ltr'>quidem</span> <span class='ocrx_word' id='word_1_585' title='bbox 2348 3728 2480 3783; x_wconf 91' lang='lat' dir='ltr'>ille:</span> <span class='ocrx_word' id='word_1_586' title='bbox 2514 3745 2617 3800; x_wconf 88' lang='lat' dir='ltr'>ego</span> <span class='ocrx_word' id='word_1_587' title='bbox 2676 3745 2810 3783; x_wconf 91' lang='lat' dir='ltr'>vero</span> <span class='ocrx_word' id='word_1_588' title='bbox 2860 3728 3031 3783; x_wconf 86' lang='lat' dir='ltr'>etiam</span> <span class='ocrx_word' id='word_1_589' title='bbox 3067 3728 3174 3784; x_wconf 89' lang='lat' dir='ltr'>hoc</span> <span class='ocrx_word' id='word_1_590' title='bbox 3222 3729 3516 3797; x_wconf 85' lang='lat' dir='ltr'>addidero,</span> <span class='ocrx_word' id='word_1_591' title='bbox 3549 3714 3699 3796; x_wconf 77' lang='lat' dir='ltr'>quod</span> 
     </span>
    </p>
   </div>
   <div class='ocr_carea' id='block_1_86' title="bbox 2064 3818 3695 3889">
    <p class='ocr_par' dir='ltr' id='par_1_86' title="bbox 2064 3818 3695 3889">
     <span class='ocr_line' id='line_1_86' title="bbox 2064 3818 3695 3889; baseline -0.001 -16"><span class='ocrx_word' id='word_1_592' title='bbox 2064 3818 2390 3889; x_wconf 83' lang='lat' dir='ltr'>patriarcha</span> <span class='ocrx_word' id='word_1_593' title='bbox 2416 3818 2524 3889; x_wconf 79' lang='lat'>(20)</span> <span class='ocrx_word' id='word_1_594' title='bbox 2568 3819 2755 3872; x_wconf 90' lang='lat' dir='ltr'>virum</span> <span class='ocrx_word' id='word_1_595' title='bbox 2807 3818 3089 3873; x_wconf 88' lang='lat' dir='ltr'>reveritus</span> <span class='ocrx_word' id='word_1_596' title='bbox 3120 3818 3169 3872; x_wconf 92' lang='lat' dir='ltr'>ei</span> <span class='ocrx_word' id='word_1_597' title='bbox 3204 3834 3265 3873; x_wconf 90' lang='lat' dir='ltr'>se</span> <span class='ocrx_word' id='word_1_598' title='bbox 3322 3818 3695 3883; x_wconf 85' lang='lat' dir='ltr'>excusaverit,</span> 
     </span>
    </p>
   </div>
   <div class='ocr_carea' id='block_1_87' title="bbox 2063 3909 3693 3980">
    <p class='ocr_par' dir='ltr' id='par_1_87' title="bbox 2063 3909 3693 3980">
     <span class='ocr_line' id='line_1_87' title="bbox 2063 3909 3693 3980; baseline -0.001 -16"><span class='ocrx_word' id='word_1_599' title='bbox 2063 3912 2255 3980; x_wconf 88' lang='lat' dir='ltr'>ipsum</span> <span class='ocrx_word' id='word_1_600' title='bbox 2284 3910 2354 3964; x_wconf 90' lang='lat' dir='ltr'>ad</span> <span class='ocrx_word' id='word_1_601' title='bbox 2407 3910 2676 3965; x_wconf 88' lang='lat' dir='ltr'>unionem</span> <span class='ocrx_word' id='word_1_602' title='bbox 2721 3909 2974 3964; x_wconf 86' lang='lat' dir='ltr'>invitans</span> <span class='ocrx_word' id='word_1_603' title='bbox 3009 3926 3022 3974; x_wconf 88' lang='lat'>;</span> <span class='ocrx_word' id='word_1_604' title='bbox 3084 3925 3214 3978; x_wconf 75' lang='lat' dir='ltr'>quas</span> <span class='ocrx_word' id='word_1_605' title='bbox 3265 3915 3318 3963; x_wconf 86' lang='lat' dir='ltr'>et</span> <span class='ocrx_word' id='word_1_606' title='bbox 3357 3912 3552 3963; x_wconf 90' lang='lat' dir='ltr'>secuta</span> <span class='ocrx_word' id='word_1_607' title='bbox 3583 3912 3693 3970; x_wconf 88' lang='lat' dir='ltr'>est,</span> 
     </span>
    </p>
   </div>
   <div class='ocr_carea' id='block_1_88' title="bbox 2066 3997 3717 4070">
    <p class='ocr_par' dir='ltr' id='par_1_88' title="bbox 2066 3997 3717 4070">
     <span class='ocr_line' id='line_1_88' title="bbox 2066 3997 3717 4070; baseline -0.002 -15"><span class='ocrx_word' id='word_1_608' title='bbox 2066 4002 2249 4070; x_wconf 85' lang='lat' dir='ltr'>ejecto</span> <span class='ocrx_word' id='word_1_609' title='bbox 2284 3999 2353 4053; x_wconf 90' lang='lat' dir='ltr'>ab</span> <span class='ocrx_word' id='word_1_610' title='bbox 2370 3997 2627 4053; x_wconf 89' lang='lat' dir='ltr'>Ecclesia</span> <span class='ocrx_word' id='word_1_611' title='bbox 2656 3998 2755 4067; x_wconf 90' lang='lat' dir='ltr'>qui</span> <span class='ocrx_word' id='word_1_612' title='bbox 2789 3998 3076 4053; x_wconf 72' lang='lat' dir='ltr'>moecham</span> <span class='ocrx_word' id='word_1_613' title='bbox 3096 4002 3492 4066; x_wconf 84' lang='lat' dir='ltr'>coronaverat,</span> <span class='ocrx_word' id='word_1_614' title='bbox 3515 3998 3585 4051; x_wconf 92' lang='lat' dir='ltr'>ad</span> <span class='ocrx_word' id='word_1_615' title='bbox 3620 3998 3717 4051; x_wconf 87' lang='lat' dir='ltr'>fu-</span> 
     </span>
    </p>
   </div>
   <div class='ocr_carea' id='block_1_89' title="bbox 2068 4085 3713 4160">
    <p class='ocr_par' dir='ltr' id='par_1_89' title="bbox 2068 4085 3713 4160">
     <span class='ocr_line' id='line_1_89' title="bbox 2068 4085 3713 4160; baseline -0.002 -17"><span class='ocrx_word' id='word_1_616' title='bbox 2068 4089 2335 4160; x_wconf 83' lang='lat' dir='ltr'>giendam</span> <span class='ocrx_word' id='word_1_617' title='bbox 2368 4086 2741 4154; x_wconf 85' lang='lat' dir='ltr'>discordiam,</span> <span class='ocrx_word' id='word_1_618' title='bbox 2771 4104 2803 4141; x_wconf 91' lang='lat' dir='ltr'>a</span> <span class='ocrx_word' id='word_1_619' title='bbox 2834 4103 2943 4155; x_wconf 88' lang='lat' dir='ltr'>qua</span> <span class='ocrx_word' id='word_1_620' title='bbox 2977 4085 3372 4142; x_wconf 80' lang='lat' dir='ltr'>alienissimus</span> <span class='ocrx_word' id='word_1_621' title='bbox 3403 4093 3525 4141; x_wconf 89' lang='lat' dir='ltr'>erat</span> <span class='ocrx_word' id='word_1_622' title='bbox 3572 4104 3713 4142; x_wconf 89' lang='lat' dir='ltr'>san-</span> 
     </span>
    </p>
   </div>
   <div class='ocr_carea' id='block_1_90' title="bbox 2069 4177 3712 4248">
    <p class='ocr_par' dir='ltr' id='par_1_90' title="bbox 2069 4177 3712 4248">
     <span class='ocr_line' id='line_1_90' title="bbox 2069 4177 3712 4248; baseline -0.003 -13"><span class='ocrx_word' id='word_1_623' title='bbox 2069 4185 2217 4245; x_wconf 89' lang='lat' dir='ltr'>ctus,</span> <span class='ocrx_word' id='word_1_624' title='bbox 2254 4179 2522 4248; x_wconf 87' lang='lat' dir='ltr'>quamvis</span> <span class='ocrx_word' id='word_1_625' title='bbox 2553 4178 2803 4233; x_wconf 60' lang='lat' dir='ltr'>victoria;</span> <span class='ocrx_word' id='word_1_626' title='bbox 2825 4177 3055 4232; x_wconf 83' lang='lat' dir='ltr'>laudem</span> <span class='ocrx_word' id='word_1_627' title='bbox 3088 4193 3279 4231; x_wconf 85' lang='lat' dir='ltr'>coram</span> <span class='ocrx_word' id='word_1_628' title='bbox 3308 4182 3422 4233; x_wconf 86' lang='lat' dir='ltr'>toto</span> <span class='ocrx_word' id='word_1_629' title='bbox 3437 4193 3712 4234; x_wconf 88' lang='lat' dir='ltr'>concessu</span> 
     </span>
    </p>
   </div>
   <div class='ocr_carea' id='block_1_91' title="bbox 2075 4265 3714 4341">
    <p class='ocr_par' dir='ltr' id='par_1_91' title="bbox 2075 4265 3714 4341">
     <span class='ocr_line' id='line_1_91' title="bbox 2075 4265 3714 4341; baseline -0.004 -16"><span class='ocrx_word' id='word_1_630' title='bbox 2075 4272 2385 4341; x_wconf 88' lang='lat' dir='ltr'>reportaret</span> <span class='ocrx_word' id='word_1_631' title='bbox 2431 4285 2443 4320; x_wconf 88' lang='lat'><strong>:</strong></span> <span class='ocrx_word' id='word_1_632' title='bbox 2477 4267 2623 4322; x_wconf 88' lang='lat' dir='ltr'>nihil</span> <span class='ocrx_word' id='word_1_633' title='bbox 2656 4266 2811 4321; x_wconf 90' lang='lat' dir='ltr'>enim</span> <span class='ocrx_word' id='word_1_634' title='bbox 2838 4272 2959 4321; x_wconf 88' lang='lat' dir='ltr'>tam</span> <span class='ocrx_word' id='word_1_635' title='bbox 3000 4267 3243 4321; x_wconf 90' lang='lat' dir='ltr'>charum</span> <span class='ocrx_word' id='word_1_636' title='bbox 3276 4265 3392 4322; x_wconf 94' lang='lat' dir='ltr'>Deo</span> <span class='ocrx_word' id='word_1_637' title='bbox 3424 4272 3509 4323; x_wconf 86' lang='lat' dir='ltr'>est</span> <span class='ocrx_word' id='word_1_638' title='bbox 3540 4282 3714 4337; x_wconf 89' lang='lat' dir='ltr'>quam</span> 
     </span>
    </p>
   </div>
   <div class='ocr_carea' id='block_1_92' title="bbox 2073 4355 3714 4427">
    <p class='ocr_par' dir='ltr' id='par_1_92' title="bbox 2073 4355 3714 4427">
     <span class='ocr_line' id='line_1_92' title="bbox 2073 4355 3714 4427; baseline -0.002 -13"><span class='ocrx_word' id='word_1_639' title='bbox 2073 4358 2387 4414; x_wconf 89' lang='lat' dir='ltr'>concordia</span> <span class='ocrx_word' id='word_1_640' title='bbox 2417 4364 2471 4412; x_wconf 90' lang='lat' dir='ltr'>et</span> <span class='ocrx_word' id='word_1_641' title='bbox 2504 4357 2665 4424; x_wconf 90' lang='lat' dir='ltr'>unio,</span> <span class='ocrx_word' id='word_1_642' title='bbox 2696 4358 2859 4411; x_wconf 90' lang='lat' dir='ltr'>modo</span> <span class='ocrx_word' id='word_1_643' title='bbox 2893 4355 2992 4411; x_wconf 90' lang='lat' dir='ltr'>illa</span> <span class='ocrx_word' id='word_1_644' title='bbox 3019 4355 3155 4411; x_wconf 91' lang='lat' dir='ltr'>unio</span> <span class='ocrx_word' id='word_1_645' title='bbox 3216 4355 3474 4411; x_wconf 91' lang='lat' dir='ltr'>divinam</span> <span class='ocrx_word' id='word_1_646' title='bbox 3530 4356 3714 4427; x_wconf 85' lang='lat' dir='ltr'>legem</span> 
     </span>
    </p>
   </div>
   <div class='ocr_carea' id='block_1_93' title="bbox 2074 4445 2516 4503">
    <p class='ocr_par' dir='ltr' id='par_1_93' title="bbox 2074 4445 2516 4503">
     <span class='ocr_line' id='line_1_93' title="bbox 2074 4445 2516 4503; baseline -0.005 0"><span class='ocrx_word' id='word_1_647' title='bbox 2074 4465 2188 4503; x_wconf 93' lang='lat' dir='ltr'>non</span> <span class='ocrx_word' id='word_1_648' title='bbox 2221 4445 2516 4502; x_wconf 88' lang='lat' dir='ltr'>dissolvat.</span> 
     </span>
    </p>
   </div>
   <div class='ocr_carea' id='block_1_94' title="bbox 2744 4535 3035 4605">
    <p class='ocr_par' dir='ltr' id='par_1_94' title="bbox 2744 4535 3035 4605">
     <span class='ocr_line' id='line_1_94' title="bbox 2744 4535 3035 4605; baseline -0.007 -14"><span class='ocrx_word' id='word_1_649' title='bbox 2744 4535 3035 4605; x_wconf 42' lang='lat' dir='ltr'>CAP.‘UV[.</span> 
     </span>
    </p>
   </div>
   <div class='ocr_carea' id='block_1_95' title="bbox 673 4623 3351 4700">
    <p class='ocr_par' dir='ltr' id='par_1_95' title="bbox 673 4623 3351 4700">
     <span class='ocr_line' id='line_1_95' title="bbox 673 4623 3351 4700; baseline -0.001 -21"><span class='ocrx_word' id='word_1_650' title='bbox 673 4625 729 4680; x_wconf 92' lang='lat' dir='ltr'>S.</span> <span class='ocrx_word' id='word_1_651' title='bbox 765 4625 1010 4679; x_wconf 76' lang='lat' dir='ltr'>Platonis</span> <span class='ocrx_word' id='word_1_652' title='bbox 1037 4623 1270 4678; x_wconf 78' lang='lat' dir='ltr'>reclusio</span> <span class='ocrx_word' id='word_1_653' title='bbox 1314 4623 1785 4695; x_wconf 80' lang='lat' dir='ltr'>Constantinopoli</span> <span class='ocrx_word' id='word_1_654' title='bbox 1817 4645 1835 4679; x_wconf 85' lang='lat'><em>:</em></span> <span class='ocrx_word' id='word_1_655' title='bbox 1865 4628 2158 4700; x_wconf 80' lang='lat' dir='ltr'>Nicephori</span> <span class='ocrx_word' id='word_1_656' title='bbox 2197 4628 2538 4697; x_wconf 78' lang='lat' dir='ltr'>imperatoris</span> <span class='ocrx_word' id='word_1_657' title='bbox 2569 4631 2762 4680; x_wconf 82' lang='lat' dir='ltr'>contra</span> <span class='ocrx_word' id='word_1_658' title='bbox 2791 4624 3035 4681; x_wconf 85' lang='lat' dir='ltr'>eumdem</span> <span class='ocrx_word' id='word_1_659' title='bbox 3066 4626 3351 4694; x_wconf 73' lang='lat' dir='ltr'>asperitas.</span> 
     </span>
    </p>
   </div>
   <div class='ocr_carea' id='block_1_96' title="bbox 391 4712 1957 4792">
    <p class='ocr_par' dir='ltr' id='par_1_96' title="bbox 391 4712 1957 4792">
     <span class='ocr_line' id='line_1_96' title="bbox 391 4712 1957 4792; baseline -0.003 -19"><span class='ocrx_word' id='word_1_660' title='bbox 391 4717 498 4792; x_wconf 88' lang='grc' dir='ltr'>λβ’.</span> <span class='ocrx_word' id='word_1_661' title='bbox 534 4714 705 4771; x_wconf 84' lang='grc' dir='ltr'>Ἀλλὰ</span> <span class='ocrx_word' id='word_1_662' title='bbox 742 4714 795 4769; x_wconf 87' lang='grc' dir='ltr'>τί</span> <span class='ocrx_word' id='word_1_663' title='bbox 825 4713 892 4767; x_wconf 81' lang='grc' dir='ltr'>τὰ</span> <span class='ocrx_word' id='word_1_664' title='bbox 924 4712 1059 4785; x_wconf 83' lang='grc' dir='ltr'>μετὰ</span> <span class='ocrx_word' id='word_1_665' title='bbox 1086 4717 1250 4766; x_wconf 78' lang='grc' dir='ltr'>ταῦτα</span> <span class='ocrx_word' id='word_1_666' title='bbox 1285 4755 1296 4767; x_wconf 95' lang='grc'><strong>.</strong></span> <span class='ocrx_word' id='word_1_667' title='bbox 1348 4713 1409 4767; x_wconf 73' lang='grc' dir='ltr'>Ἠ</span> <span class='ocrx_word' id='word_1_668' title='bbox 1449 4712 1556 4766; x_wconf 75' lang='grc' dir='ltr'>ἀπὸ</span> <span class='ocrx_word' id='word_1_669' title='bbox 1594 4717 1690 4767; x_wconf 78' lang='grc' dir='ltr'>τοῦ</span> <span class='ocrx_word' id='word_1_670' title='bbox 1736 4716 1957 4787; x_wconf 84' lang='grc' dir='ltr'>πρώτου</span> 
     </span>
    </p>
   </div>
   <div class='ocr_carea' id='block_1_97' title="bbox 310 4796 1960 4884">
    <p class='ocr_par' dir='ltr' id='par_1_97' title="bbox 310 4796 1960 4884">
     <span class='ocr_line' id='line_1_97' title="bbox 310 4796 1960 4884; baseline -0.002 -24"><span class='ocrx_word' id='word_1_671' title='bbox 310 4803 733 4884; x_wconf 72' lang='grc' dir='ltr'>φροντιστηρίου</span> <span class='ocrx_word' id='word_1_672' title='bbox 796 4796 1085 4875; x_wconf 77' lang='grc' dir='ltr'>μετάϐασις</span> <span class='ocrx_word' id='word_1_673' title='bbox 1140 4803 1301 4874; x_wconf 79' lang='grc' dir='ltr'>ἡμῶν</span> <span class='ocrx_word' id='word_1_674' title='bbox 1359 4798 1447 4855; x_wconf 77' lang='grc' dir='ltr'>διὰ</span> <span class='ocrx_word' id='word_1_675' title='bbox 1489 4802 1551 4856; x_wconf 87' lang='grc' dir='ltr'>τὸ</span> <span class='ocrx_word' id='word_1_676' title='bbox 1605 4796 1753 4866; x_wconf 78' lang='grc' dir='ltr'>ἔθνος</span> <span class='ocrx_word' id='word_1_677' title='bbox 1881 4803 1960 4866; x_wconf 75' lang='grc' dir='ltr'>εῗς</span> 
     </span>
    </p>
   </div>
   <div class='ocr_carea' id='block_1_98' title="bbox 394 4931 859 5000">
    <p class='ocr_par' dir='ltr' id='par_1_98' title="bbox 394 4931 859 5000">
     <span class='ocr_line' id='line_1_98' title="bbox 394 4931 859 5000; baseline -0.009 -13"><span class='ocrx_word' id='word_1_678' title='bbox 394 4935 435 4970; x_wconf 78' lang='grc'>¹¹</span> <span class='ocrx_word' id='word_1_679' title='bbox 471 4932 576 4987; x_wconf 87' lang='lat' dir='ltr'>Isa.</span> <span class='ocrx_word' id='word_1_680' title='bbox 598 4948 749 5000; x_wconf 73' lang='lat' dir='ltr'><strong>XLIX,</strong></span> <span class='ocrx_word' id='word_1_681' title='bbox 774 4931 859 4986; x_wconf 90' lang='grc'>18.</span> 
     </span>
    </p>
   </div>
   <div class='ocr_carea' id='block_1_99' title="bbox 2141 4714 3713 4787">
    <p class='ocr_par' dir='ltr' id='par_1_99' title="bbox 2141 4714 3713 4787">
     <span class='ocr_line' id='line_1_99' title="bbox 2141 4714 3713 4787; baseline -0.002 -16"><span class='ocrx_word' id='word_1_682' title='bbox 2141 4717 2229 4772; x_wconf 84' lang='lat'>3&#39;2.</span> <span class='ocrx_word' id='word_1_683' title='bbox 2255 4718 2395 4781; x_wconf 89' lang='lat' dir='ltr'>Quid</span> <span class='ocrx_word' id='word_1_684' title='bbox 2426 4722 2620 4771; x_wconf 90' lang='lat' dir='ltr'>autem</span> <span class='ocrx_word' id='word_1_685' title='bbox 2658 4721 2787 4787; x_wconf 88' lang='lat' dir='ltr'>post</span> <span class='ocrx_word' id='word_1_686' title='bbox 2817 4714 2996 4781; x_wconf 31' lang='lat' dir='ltr'>(ista?</span> <span class='ocrx_word' id='word_1_687' title='bbox 3056 4715 3295 4786; x_wconf 91' lang='lat' dir='ltr'>Propter</span> <span class='ocrx_word' id='word_1_688' title='bbox 3340 4715 3529 4787; x_wconf 87' lang='lat' dir='ltr'>gentis</span> <span class='ocrx_word' id='word_1_689' title='bbox 3587 4715 3713 4769; x_wconf 87' lang='lat' dir='ltr'>bar-</span> 
     </span>
    </p>
   </div>
   <div class='ocr_carea' id='block_1_100' title="bbox 2071 4802 3719 4877">
    <p class='ocr_par' dir='ltr' id='par_1_100' title="bbox 2071 4802 3719 4877">
     <span class='ocr_line' id='line_1_100' title="bbox 2071 4802 3719 4877; baseline -0.002 -15"><span class='ocrx_word' id='word_1_690' title='bbox 2071 4808 2220 4862; x_wconf 70' lang='lat' dir='ltr'>baras</span> <span class='ocrx_word' id='word_1_691' title='bbox 2255 4806 2651 4861; x_wconf 89' lang='lat' dir='ltr'>incursionem</span> <span class='ocrx_word' id='word_1_692' title='bbox 2684 4804 2825 4877; x_wconf 77' lang='lat'><strong>(21)_</strong></span> <span class='ocrx_word' id='word_1_693' title='bbox 2851 4802 3148 4875; x_wconf 21' lang='lat' dir='ltr'>exbpriori</span> <span class='ocrx_word' id='word_1_694' title='bbox 3210 4804 3561 4861; x_wconf 88' lang='lat' dir='ltr'>monasterio</span> <span class='ocrx_word' id='word_1_695' title='bbox 3616 4806 3719 4859; x_wconf 90' lang='lat' dir='ltr'>mi-</span> 
     </span>
    </p>
   </div>
   <div class='ocr_carea' id='block_1_101' title="bbox 1896 5004 2125 5059">
    <p class='ocr_par' dir='ltr' id='par_1_101' title="bbox 1896 5004 2125 5059">
     <span class='ocr_line' id='line_1_101' title="bbox 1896 5004 2125 5059; baseline -0.009 0"><span class='ocrx_word' id='word_1_696' title='bbox 1896 5004 2125 5059; x_wconf 69' lang='lat' dir='ltr'>NOTAE.</span> 
     </span>
    </p>
   </div>
   <div class='ocr_carea' id='block_1_102' title="bbox 390 5104 1946 5184">
    <p class='ocr_par' dir='ltr' id='par_1_102' title="bbox 390 5104 1946 5184">
     <span class='ocr_line' id='line_1_102' title="bbox 390 5104 1946 5184; baseline 0.003 -23"><span class='ocrx_word' id='word_1_697' title='bbox 390 5111 467 5183; x_wconf 76' lang='grc' dir='ltr'>(ἡ)</span> <span class='ocrx_word' id='word_1_698' title='bbox 499 5108 899 5184; x_wconf 15' lang='grc' dir='ltr'>ΫΡενρειιιιωᾲὶο</span> <span class='ocrx_word' id='word_1_699' title='bbox 928 5104 1461 5184; x_wconf 40' lang='grc' dir='ltr'>ωεηπαρανομίαις·</span> <span class='ocrx_word' id='word_1_700' title='bbox 1498 5109 1642 5163; x_wconf 88' lang='lat' dir='ltr'>forte</span> <span class='ocrx_word' id='word_1_701' title='bbox 1666 5108 1946 5180; x_wconf 75' lang='lat' dir='ltr'>legendum</span> 
     </span>
    </p>
   </div>
   <div class='ocr_carea' id='block_1_103' title="bbox 2062 5104 3717 5184">
    <p class='ocr_par' dir='ltr' id='par_1_103' title="bbox 2062 5108 3717 5184">
     <span class='ocr_line' id='line_1_103' title="bbox 2062 5108 3717 5184; baseline -0.001 -17"><span class='ocrx_word' id='word_1_702' title='bbox 2062 5120 2145 5167; x_wconf 90' lang='lat' dir='ltr'>rat</span> <span class='ocrx_word' id='word_1_703' title='bbox 2192 5111 2320 5184; x_wconf 88' lang='grc' dir='ltr'>παρ’</span> <span class='ocrx_word' id='word_1_704' title='bbox 2370 5109 2598 5183; x_wconf 82' lang='grc' dir='ltr'>ἀνομίας</span> <span class='ocrx_word' id='word_1_705' title='bbox 2644 5115 2866 5182; x_wconf 69' lang='lat' dir='ltr'>propter</span> <span class='ocrx_word' id='word_1_706' title='bbox 2916 5108 3243 5177; x_wconf 78' lang='lat' dir='ltr'>iniustitias,</span> <span class='ocrx_word' id='word_1_707' title='bbox 3286 5108 3509 5165; x_wconf 89' lang='lat' dir='ltr'>scilicet</span> <span class='ocrx_word' id='word_1_708' title='bbox 3552 5126 3717 5165; x_wconf 84' lang='lat' dir='ltr'>exse-</span> 
     </span>
    </p>
   </div>
   <div class='ocr_carea' id='block_1_104' title="bbox 318 5180 1153 5255">
    <p class='ocr_par' dir='ltr' id='par_1_104' title="bbox 318 5180 1153 5255">
     <span class='ocr_line' id='line_1_104' title="bbox 318 5180 1153 5255; baseline -0.011 -15"><span class='ocrx_word' id='word_1_709' title='bbox 318 5180 585 5255; x_wconf 85' lang='lat' dir='ltr'>quendas</span> <span class='ocrx_word' id='word_1_710' title='bbox 616 5185 716 5255; x_wconf 84' lang='lat' dir='ltr'>aut</span> <span class='ocrx_word' id='word_1_711' title='bbox 744 5180 1153 5255; x_wconf 84' lang='lat' dir='ltr'>defendendas.</span> 
     </span>
    </p>
   </div>
   <div class='ocr_carea' id='block_1_105' title="bbox 390 5251 3720 5326">
    <p class='ocr_par' dir='ltr' id='par_1_105' title="bbox 390 5251 3720 5326">
     <span class='ocr_line' id='line_1_105' title="bbox 390 5251 3720 5326; baseline -0.001 -16"><span class='ocrx_word' id='word_1_712' title='bbox 390 5255 457 5325; x_wconf 76' lang='grc' dir='ltr'>(ἱ)</span> <span class='ocrx_word' id='word_1_713' title='bbox 486 5253 764 5323; x_wconf 89' lang='lat' dir='ltr'>Suspicor</span> <span class='ocrx_word' id='word_1_714' title='bbox 792 5254 992 5326; x_wconf 76' lang='lat' dir='ltr'>deesse</span> <span class='ocrx_word' id='word_1_715' title='bbox 1024 5251 1249 5326; x_wconf 84' lang='lat' dir='ltr'>aliquid</span> <span class='ocrx_word' id='word_1_716' title='bbox 1279 5268 1291 5305; x_wconf 91' lang='lat'>:</span> <span class='ocrx_word' id='word_1_717' title='bbox 1320 5252 1564 5322; x_wconf 89' lang='lat' dir='ltr'>ideoque</span> <span class='ocrx_word' id='word_1_718' title='bbox 1592 5251 1758 5316; x_wconf 89' lang='lat' dir='ltr'>verti,</span> <span class='ocrx_word' id='word_1_719' title='bbox 1790 5259 2013 5326; x_wconf 78' lang='lat' dir='ltr'>propter</span> <span class='ocrx_word' id='word_1_720' title='bbox 2040 5258 2215 5326; x_wconf 84' lang='lat' dir='ltr'>gentis</span> <span class='ocrx_word' id='word_1_721' title='bbox 2274 5257 2532 5311; x_wconf 68' lang='lat' dir='ltr'>barbara?</span> <span class='ocrx_word' id='word_1_722' title='bbox 2590 5254 3003 5326; x_wconf 78' lang='lat' dir='ltr'>incursionem._</span> <span class='ocrx_word' id='word_1_723' title='bbox 3040 5252 3287 5326; x_wconf 78' lang='lat' dir='ltr'>Sirletus</span> <span class='ocrx_word' id='word_1_724' title='bbox 3320 5251 3517 5321; x_wconf 54' lang='lat' dir='ltr'>(vertit</span> <span class='ocrx_word' id='word_1_725' title='bbox 3569 5255 3720 5322; x_wconf 77' lang='lat' dir='ltr'>genti</span> 
     </span>
    </p>
   </div>
   <div class='ocr_carea' id='block_1_106' title="bbox 316 5323 3231 5398">
    <p class='ocr_par' dir='ltr' id='par_1_106' title="bbox 316 5323 3231 5398">
     <span class='ocr_line' id='line_1_106' title="bbox 316 5323 3231 5398; baseline -0.001 -19"><span class='ocrx_word' id='word_1_726' title='bbox 316 5323 474 5381; x_wconf 74' lang='lat' dir='ltr'>illius</span> <span class='ocrx_word' id='word_1_727' title='bbox 503 5340 669 5380; x_wconf 83' lang='lat' dir='ltr'>causa</span> <span class='ocrx_word' id='word_1_728' title='bbox 700 5340 718 5378; x_wconf 91' lang='lat'><strong><em>:</em></strong></span> <span class='ocrx_word' id='word_1_729' title='bbox 749 5324 851 5379; x_wconf 90' lang='lat' dir='ltr'>sed</span> <span class='ocrx_word' id='word_1_730' title='bbox 879 5325 981 5378; x_wconf 89' lang='lat' dir='ltr'>hoc</span> <span class='ocrx_word' id='word_1_731' title='bbox 1013 5339 1172 5393; x_wconf 68' lang='lat' dir='ltr'>aeque</span> <span class='ocrx_word' id='word_1_732' title='bbox 1202 5324 1517 5378; x_wconf 89' lang='lat' dir='ltr'>obscurum</span> <span class='ocrx_word' id='word_1_733' title='bbox 1541 5329 1653 5387; x_wconf 88' lang='lat' dir='ltr'>est,</span> <span class='ocrx_word' id='word_1_734' title='bbox 1686 5326 1826 5395; x_wconf 90' lang='lat' dir='ltr'>quia</span> <span class='ocrx_word' id='word_1_735' title='bbox 1883 5323 2326 5398; x_wconf 53' lang='lat' dir='ltr'>nihil&#39;przecedit</span> <span class='ocrx_word' id='word_1_736' title='bbox 2358 5328 2427 5381; x_wconf 91' lang='lat' dir='ltr'>ad</span> <span class='ocrx_word' id='word_1_737' title='bbox 2460 5326 2611 5396; x_wconf 91' lang='lat' dir='ltr'>quod</span> <span class='ocrx_word' id='word_1_738' title='bbox 2647 5325 2930 5379; x_wconf 84' lang='lat' dir='ltr'>referatur</span> <span class='ocrx_word' id='word_1_739' title='bbox 2957 5324 3019 5377; x_wconf 87' lang='grc' dir='ltr'>τὸ</span> <span class='ocrx_word' id='word_1_740' title='bbox 3051 5323 3231 5379; x_wconf 91' lang='lat' dir='ltr'>illius.</span> 
     </span>
    </p>
   </div>
   <div class='ocr_carea' id='block_1_107' title="bbox 392 5450 1954 5524">
    <p class='ocr_par' dir='ltr' id='par_1_107' title="bbox 392 5450 1954 5524">
     <span class='ocr_line' id='line_1_107' title="bbox 392 5450 1954 5524; baseline -0.001 -16"><span class='ocrx_word' id='word_1_741' title='bbox 392 5452 674 5524; x_wconf 72' lang='lat' dir='ltr'>(19)Anno</span> <span class='ocrx_word' id='word_1_742' title='bbox 720 5452 827 5506; x_wconf 83' lang='lat'>797</span> <span class='ocrx_word' id='word_1_743' title='bbox 887 5450 1342 5524; x_wconf 82' lang='lat' dir='ltr'>comprehensus</span> <span class='ocrx_word' id='word_1_744' title='bbox 1393 5453 1481 5504; x_wconf 91' lang='lat' dir='ltr'>est</span> <span class='ocrx_word' id='word_1_745' title='bbox 1529 5450 1954 5507; x_wconf 88' lang='lat' dir='ltr'>Constantinus</span> 
     </span>
    </p>
   </div>
   <div class='ocr_carea' id='block_1_108' title="bbox 320 5521 1509 5592">
    <p class='ocr_par' dir='ltr' id='par_1_108' title="bbox 320 5521 1509 5592">
     <span class='ocr_line' id='line_1_108' title="bbox 320 5521 1509 5592; baseline -0.003 -12"><span class='ocrx_word' id='word_1_746' title='bbox 320 5529 380 5580; x_wconf 89' lang='lat' dir='ltr'>et</span> <span class='ocrx_word' id='word_1_747' title='bbox 407 5521 690 5591; x_wconf 83' lang='lat' dir='ltr'>execatus,</span> <span class='ocrx_word' id='word_1_748' title='bbox 718 5528 776 5577; x_wconf 91' lang='lat' dir='ltr'>et</span> <span class='ocrx_word' id='word_1_749' title='bbox 807 5523 979 5591; x_wconf 91' lang='lat' dir='ltr'>paulo</span> <span class='ocrx_word' id='word_1_750' title='bbox 1018 5526 1143 5592; x_wconf 89' lang='lat' dir='ltr'>post</span> <span class='ocrx_word' id='word_1_751' title='bbox 1166 5521 1509 5576; x_wconf 86' lang='lat' dir='ltr'>exstinctus.</span> 
     </span>
    </p>
   </div>
   <div class='ocr_carea' id='block_1_109' title="bbox 395 5592 1959 5666">
    <p class='ocr_par' dir='ltr' id='par_1_109' title="bbox 395 5592 1959 5666">
     <span class='ocr_line' id='line_1_109' title="bbox 395 5592 1959 5666; baseline 0.003 -17"><span class='ocrx_word' id='word_1_752' title='bbox 395 5596 542 5666; x_wconf 77' lang='lat'>(2018</span> <span class='ocrx_word' id='word_1_753' title='bbox 567 5600 688 5650; x_wconf 89' lang='lat' dir='ltr'>erat</span> <span class='ocrx_word' id='word_1_754' title='bbox 717 5594 1021 5655; x_wconf 88' lang='lat' dir='ltr'>Tarasius,</span> <span class='ocrx_word' id='word_1_755' title='bbox 1064 5592 1162 5662; x_wconf 81' lang='lat' dir='ltr'>qui</span> <span class='ocrx_word' id='word_1_756' title='bbox 1218 5592 1405 5666; x_wconf 68' lang='lat' dir='ltr'>primo</span> <span class='ocrx_word' id='word_1_757' title='bbox 1457 5592 1681 5666; x_wconf 81' lang='lat' dir='ltr'>fortiter</span> <span class='ocrx_word' id='word_1_758' title='bbox 1731 5599 1959 5653; x_wconf 88' lang='lat' dir='ltr'>restite-</span> 
     </span>
    </p>
   </div>
   <div class='ocr_carea' id='block_1_110' title="bbox 324 5662 1967 5736">
    <p class='ocr_par' dir='ltr' id='par_1_110' title="bbox 324 5662 1967 5736">
     <span class='ocr_line' id='line_1_110' title="bbox 324 5662 1967 5736; baseline 0.004 -17"><span class='ocrx_word' id='word_1_759' title='bbox 324 5662 412 5720; x_wconf 81' lang='lat' dir='ltr'>rat</span> <span class='ocrx_word' id='word_1_760' title='bbox 427 5666 558 5735; x_wconf 86' lang='lat' dir='ltr'>;sed</span> <span class='ocrx_word' id='word_1_761' title='bbox 581 5671 795 5736; x_wconf 88' lang='lat' dir='ltr'>postea,</span> <span class='ocrx_word' id='word_1_762' title='bbox 832 5671 1096 5736; x_wconf 86' lang='lat' dir='ltr'>metuens</span> <span class='ocrx_word' id='word_1_763' title='bbox 1129 5679 1200 5736; x_wconf 85' lang='lat' dir='ltr'>ne</span> <span class='ocrx_word' id='word_1_764' title='bbox 1250 5662 1685 5732; x_wconf 88' lang='lat' dir='ltr'>Constantinus,</span> <span class='ocrx_word' id='word_1_765' title='bbox 1722 5666 1967 5726; x_wconf 89' lang='lat' dir='ltr'>libidine</span> 
     </span>
    </p>
   </div>
   <div class='ocr_carea' id='block_1_111' title="bbox 321 5734 1968 5810">
    <p class='ocr_par' dir='ltr' id='par_1_111' title="bbox 321 5734 1968 5810">
     <span class='ocr_line' id='line_1_111' title="bbox 321 5734 1968 5810; baseline 0.003 -18"><span class='ocrx_word' id='word_1_766' title='bbox 321 5734 554 5803; x_wconf 83' lang='lat' dir='ltr'>ardens,</span> <span class='ocrx_word' id='word_1_767' title='bbox 582 5734 921 5810; x_wconf 74' lang='lat' dir='ltr'>religionem</span> <span class='ocrx_word' id='word_1_768' title='bbox 954 5734 1337 5791; x_wconf 80' lang='lat' dir='ltr'>orthodoxam</span> <span class='ocrx_word' id='word_1_769' title='bbox 1357 5738 1662 5802; x_wconf 86' lang='lat' dir='ltr'>everteret,</span> <span class='ocrx_word' id='word_1_770' title='bbox 1692 5738 1968 5796; x_wconf 88' lang='lat' dir='ltr'>dissimu-</span> 
     </span>
    </p>
   </div>
   <div class='ocr_carea' id='block_1_112' title="bbox 2066 5450 3717 5520">
    <p class='ocr_par' dir='ltr' id='par_1_112' title="bbox 2066 5450 3717 5520">
     <span class='ocr_line' id='line_1_112' title="bbox 2066 5450 3717 5520; baseline -0.002 -13"><span class='ocrx_word' id='word_1_771' title='bbox 2066 5452 2260 5516; x_wconf 85' lang='lat' dir='ltr'>labat;</span> <span class='ocrx_word' id='word_1_772' title='bbox 2295 5450 2561 5520; x_wconf 87' lang='lat' dir='ltr'>pellicem</span> <span class='ocrx_word' id='word_1_773' title='bbox 2599 5454 2797 5507; x_wconf 88' lang='lat' dir='ltr'>tamen</span> <span class='ocrx_word' id='word_1_774' title='bbox 2829 5456 3099 5507; x_wconf 87' lang='lat' dir='ltr'>rennerat</span> <span class='ocrx_word' id='word_1_775' title='bbox 3130 5467 3423 5507; x_wconf 89' lang='lat' dir='ltr'>coronare.</span> <span class='ocrx_word' id='word_1_776' title='bbox 3469 5450 3717 5505; x_wconf 89' lang='lat' dir='ltr'>Consule</span> 
     </span>
    </p>
   </div>
   <div class='ocr_carea' id='block_1_113' title="bbox 2072 5521 2610 5594">
    <p class='ocr_par' dir='ltr' id='par_1_113' title="bbox 2072 5521 2610 5594">
     <span class='ocr_line' id='line_1_113' title="bbox 2072 5521 2610 5594; baseline -0.007 -15"><span class='ocrx_word' id='word_1_777' title='bbox 2072 5541 2194 5594; x_wconf 91' lang='lat' dir='ltr'>cap.</span> <span class='ocrx_word' id='word_1_778' title='bbox 2227 5524 2263 5574; x_wconf 87' lang='grc'>7</span> <span class='ocrx_word' id='word_1_779' title='bbox 2290 5521 2431 5576; x_wconf 70' lang='lat' dir='ltr'>Vita:</span> <span class='ocrx_word' id='word_1_780' title='bbox 2465 5522 2610 5590; x_wconf 91' lang='lat' dir='ltr'>ejus.</span> 
     </span>
    </p>
   </div>
   <div class='ocr_carea' id='block_1_114' title="bbox 2146 5594 3711 5665">
    <p class='ocr_par' dir='ltr' id='par_1_114' title="bbox 2146 5594 3711 5665">
     <span class='ocr_line' id='line_1_114' title="bbox 2146 5594 3711 5665; baseline -0.004 -15"><span class='ocrx_word' id='word_1_781' title='bbox 2146 5596 2259 5665; x_wconf 82' lang='grc'>(21)</span> <span class='ocrx_word' id='word_1_782' title='bbox 2290 5594 2374 5649; x_wconf 87' lang='lat' dir='ltr'>Ob</span> <span class='ocrx_word' id='word_1_783' title='bbox 2406 5594 2820 5648; x_wconf 86' lang='lat' dir='ltr'>Saracenorum</span> <span class='ocrx_word' id='word_1_784' title='bbox 2862 5594 3281 5665; x_wconf 86' lang='lat' dir='ltr'>incursionem,</span> <span class='ocrx_word' id='word_1_785' title='bbox 3316 5594 3386 5647; x_wconf 92' lang='lat' dir='ltr'>ad</span> <span class='ocrx_word' id='word_1_786' title='bbox 3423 5595 3711 5665; x_wconf 85' lang='lat' dir='ltr'>monaste-</span> 
     </span>
    </p>
   </div>
   <div class='ocr_carea' id='block_1_115' title="bbox 2078 5662 3716 5722">
    <p class='ocr_par' dir='ltr' id='par_1_115' title="bbox 2078 5662 3716 5722">
     <span class='ocr_line' id='line_1_115' title="bbox 2078 5662 3716 5722; baseline -0.004 -1"><span class='ocrx_word' id='word_1_787' title='bbox 2078 5662 2445 5722; x_wconf 17' lang='lat' dir='ltr'>rium’Studii</span> <span class='ocrx_word' id='word_1_788' title='bbox 2477 5665 2699 5719; x_wconf 90' lang='lat' dir='ltr'>dictum</span> <span class='ocrx_word' id='word_1_789' title='bbox 2722 5666 2880 5719; x_wconf 89' lang='lat' dir='ltr'>intra</span> <span class='ocrx_word' id='word_1_790' title='bbox 2913 5664 3117 5720; x_wconf 86' lang='lat' dir='ltr'>urbem</span> <span class='ocrx_word' id='word_1_791' title='bbox 3137 5665 3498 5721; x_wconf 88' lang='lat' dir='ltr'>transierunt</span> <span class='ocrx_word' id='word_1_792' title='bbox 3530 5662 3716 5717; x_wconf 89' lang='lat' dir='ltr'>:sicut</span> 
     </span>
    </p>
   </div>
   <div class='ocr_carea' id='block_1_116' title="bbox 2079 5734 3227 5807">
    <p class='ocr_par' dir='ltr' id='par_1_116' title="bbox 2079 5734 3227 5807">
     <span class='ocr_line' id='line_1_116' title="bbox 2079 5734 3227 5807; baseline -0.004 -13"><span class='ocrx_word' id='word_1_793' title='bbox 2079 5738 2194 5794; x_wconf 88' lang='lat' dir='ltr'>late</span> <span class='ocrx_word' id='word_1_794' title='bbox 2223 5738 2283 5792; x_wconf 93' lang='lat' dir='ltr'>in</span> <span class='ocrx_word' id='word_1_795' title='bbox 2309 5736 2440 5793; x_wconf 87' lang='lat' dir='ltr'>Vita</span> <span class='ocrx_word' id='word_1_796' title='bbox 2475 5736 2529 5789; x_wconf 92' lang='lat' dir='ltr'>S.</span> <span class='ocrx_word' id='word_1_797' title='bbox 2564 5736 2851 5792; x_wconf 87' lang='lat' dir='ltr'>Theodori</span> <span class='ocrx_word' id='word_1_798' title='bbox 2883 5734 3227 5807; x_wconf 83' lang='lat' dir='ltr'>explicatur.</span> 
     </span>
    </p>
   </div>
  </div>
