4090 6288
367 399 492 462 835¹

1601 406 1666 465 S.
1710 401 2107 465 THEODORI
2156 404 2521 468 STUDITJE

3645 410 3768 472 836

366 536 660 610 gravimus
720 535 1080 608 Byzantium,
1141 534 1240 590 ubi
1299 533 1469 591 Pater
1525 546 1740 602 noster,
1779 535 1990 615 virtuti:

2119 535 2183 590 τὸ
2241 538 2550 607 Βυζάντιον,
2617 535 2737 592 ἔνθα
2791 539 2888 608 τὴν
2949 537 3282 614 ἐγκειστικήν
3348 543 3512 614 ζωὴν,
3564 542 3653 600 διὰ
3707 549 3768 602 τὸ

368 625 829 692 amantissimus,
881 641 951 680 ne
1017 629 1316 696 cogeretur
1401 641 1696 682 resumere
1754 625 2009 681 habenas

367 715 695 788 regimiuis,
716 717 888 771 vitam
915 717 1195 770 reclusum
1221 713 1412 786 elegit.
1438 716 1544 770 Sed
1561 716 1688 770 vide
1709 715 2006 770 humilita-

367 808 441 862 tis
473 822 718 862 summaa
749 805 1089 861 admirabile
1119 806 1416 860 inventum
1456 824 1468 861 :
1535 813 1598 861 ut
1629 808 1740 862 sub
1792 808 2007 879 duplici

364 896 606 964 imperio
648 909 761 949 non
801 900 1061 950 maneret
1119 895 1448 951 fraternitas
1482 895 1618 966 (22),
1666 897 2008 952 obedientiaa

356 987 499 1056 jugo
522 984 773 1054 subjecit
813 999 934 1038 sese
986 984 1165 1038 divini
1208 984 1465 1040 imitator
1514 985 1786 1055 exempli,
1830 986 2008 1058 idque

363 1091 550 1130 coram
578 1074 825 1130 testibus
847 1075 917 1129 ad
961 1073 1071 1129 hoc
1129 1075 1532 1146 congregadis.
1583 1075 1865 1146 Nunquid
1898 1077 2007 1130 mi-

364 1164 542 1220 rabile
573 1171 659 1219 est
699 1163 885 1218 ﬁlium
918 1163 1031 1218 dici
1073 1179 1224 1231 eum,
1256 1165 1352 1234 qui
1396 1169 1559 1234 pater
1589 1169 1759 1219 antea
1823 1165 2006 1221 fuerat

361 1253 726 1325 appellatus;
759 1258 818 1307 et
850 1253 1079 1320 quidem
1137 1254 1271 1324 ejus
1312 1252 1524 1322 ﬁlium,
1567 1269 1740 1324 quem
1781 1253 1903 1322 ipse
1946 1255 2005 1308 in

363 1343 566 1413 spiritu
593 1341 901 1415 genuerit?
931 1342 981 1396 ei
1010 1347 1204 1396 autem
1258 1342 1494 1412 subjici,
1536 1343 1626 1395 cui
1683 1350 1850 1396 antea
1891 1343 2003 1396 im-

356 1439 585 1505 perarat
607 1432 634 1485 ‘I
665 1432 841 1502 idque
874 1436 1001 1502 post
1031 1436 1190 1485 tanta
1222 1432 1545 1486 certamina
1602 1432 1911 1498 exantlata,
1944 1434 2002 1485 in

359 1523 574 1595 quibus
605 1521 694 1577 vel
717 1522 908 1577 solum
963 1522 1221 1575 modeste
1256 1537 1318 1575 se
1359 1537 1558 1592 gerere
1598 1522 1867 1577 sufﬁcere
1900 1523 2004 1577 de—

360 1613 536 1668 bebat
566 1613 636 1668 ad
671 1610 941 1666 laudem?
975 1611 1125 1665 Fecit
1152 1610 1258 1665 hoc
1323 1613 1410 1665 vir
1469 1611 1566 1666 ille
1613 1611 2001 1679 admirabilis,

361 1719 476 1759 non
512 1702 782 1758 simulate
811 1705 913 1754 aut
944 1701 1115 1755 modo
1148 1701 1399 1770 quodam
1441 1701 1788 1767 adulterino,
1816 1701 2000 1756 solum

359 1808 568 1848 nomen
630 1789 926 1861 reliqueus
1013 1788 1267 1860 praelato,
1329 1791 1426 1845 sed
1487 1791 1726 1846 omnino
1774 1790 2002 1861 integre

361 1881 689 1951 divineque.
729 1878 834 1934 Ubi
882 1879 1038 1934 enim
1099 1879 1386 1934 confessio
1417 1886 1520 1948 est,
1581 1879 1700 1935 illic
1729 1884 1785 1934 et
1820 1879 2002 1935 conﬁ-

358 1969 556 2025 dentia
582 1974 713 2034 est;
747 1972 802 2023 et
843 1967 941 2021 ubi
975 1967 1348 2036 conﬁdentia,
1382 1967 1499 2024 illic
1529 1970 1845 2024 voluntatis
1897 1969 1998 2024 ab-

359 2057 564 2114 scissio
591 2079 605 2125 ;
631 2061 688 2112 et
720 2056 816 2110 ubi
841 2055 1152 2111 voluntatis
1172 2056 1475 2124 abscissio,
1509 2056 1586 2110 ibi
1619 2061 1707 2112 est
1729 2057 2000 2127 perfectio

358 2147 718 2202 obedientias.
754 2143 1251 2199 Harum‘laudum
1309 2149 1484 2200 testes
1532 2149 1688 2212 sunt,
1750 2163 1998 2217 quorum

352 2253 531 2293 causa
560 2235 782 2307 aliquid
816 2233 1142 2303 postulavit.
1178 2234 1238 2289 Si
1289 2235 1439 2290 enim
1474 2251 1576 2305 pro
1633 2234 1828 2306 aliquo
1889 2235 2000 2291 sibi

359 2326 684 2397 propinquo
715 2324 956 2392 orabat,j
975 2329 1032 2378 et
1065 2324 1357 2395 postulata
1388 2323 1747 2396 impetraret,
1781 2327 1996 2396 gaude-

357 2417 456 2472 bat
487 2430 548 2470 se
592 2430 654 2470 ea
699 2413 1120 2468 obtinuissezsi
1157 2429 1364 2485 rogans
1397 2430 1510 2468 non
1544 2419 1998 2485 consequeretur

355 2504 555 2576 petita,
590 2520 703 2558 non
735 2518 884 2573 agre
915 2503 1132 2558 ferebat
1184 2503 1460 2574 petitione
1501 2519 1607 2558 sua
1637 2519 1700 2558 se
1753 2505 1995 2559 frustra-

354 2603 478 2650 tum
526 2592 670 2648 nihil
725 2592 884 2648 aliud
942 2599 1207 2662 spectana
1245 2608 1417 2664 quam
1477 2591 1789 2648 utilitatem
1842 2595 1997 2649 labo-

352 2684 560 2752 rantis,
595 2699 708 2739 non
743 2684 1006 2754 ut:suam
1056 2683 1327 2755 impleret
1381 2683 1763 2740 voluntatem.
1802 2685 1993 2743 Liceat

353 2773 500 2829 mihi
530 2772 850 2829 exclamare
908 2772 1246 2844 prophetica
1301 2789 1435 2827 voce
1467 2789 1480 2828 :
1524 2775 1639 2828 Heu
1669 2790 1756 2829 me
1783 2775 1806 2828 Ι
1833 2782 1992 2846 pater

353 2879 526 2936 quare
536 2862 776 2934 genuisti
795 2861 966 2917 me“?
982 2879 1092 2917 non
1112 2865 1531 2918 verecundatus
1548 2867 1768 2934 patrem
1787 2882 1993 2922 vocare

352 2969 510 3018 eum,
542 2953 643 3024 qui
674 2968 787 3007 non
822 2967 976 3006 eram
1002 2952 1417 3022 dignusvocari
1441 2952 1598 3007 ﬁlius
1621 2959 1780 3008 tuus.
1807 2955 1993 3018 Quare

352 3043 418 3098 ad
442 3041 592 3096 hanc
615 3040 958 3112 dignitatem
988 3041 1249 3096 extulisti
1285 3057 1392 3106 me,
1426 3042 1524 3110 qui
1573 3057 1762 3112 neque
1792 3058 1992 3112 parere

345 3147 475 3186 sum
503 3130 776 3185 idoneus!
814 3129 985 3185 Novit
1017 3130 1164 3185 Deus
1192 3133 1248 3184 et
1278 3134 1478 3185 sancta
1515 3131 1711 3185 anima
1741 3135 1842 3185 tua
1887 3131 1992 3185 hu-

349 3219 444 3289 jus
505 3221 580 3274 rei
632 3219 936 3286 rationem,
986 3227 1040 3272 et
1097 3222 1245 3290 quod
1332 3218 1592 3273 amicitia
1640 3235 1742 3273 seu
1795 3219 1986 3289 potius

346 3309 674 3364 obedientia
745 3308 932 3363 latura
981 3309 1057 3364 sit
1145 3310 1454 3380 plusquam
1530 3309 1679 3364 vires
1765 3309 1987 3381 patien-

343 3401 463 3464 tur,
499 3403 562 3452 ut
594 3396 749 3453 brevi
797 3398 966 3454 verbo
1024 3402 1204 3454 totam
1266 3398 1361 3454 hic
1421 3399 1852 3454 excusationem
1900 3417 1989 3469 po-

349 3502 507 3542 nam.

412 3576 500 3630 33.
529 3576 634 3631 Sed
671 3577 1075 3632 revertendum
1133 3580 1223 3632 est
1279 3577 1352 3632 ad
1411 3577 1758 3649 propositam
1818 3577 1987 3634 nobis

347 3667 754 3723 narrationem.
789 3668 1176 3723 Claudebatur
1234 3668 1398 3723 Pater
1431 3685 1443 3723 :
1477 3667 1621 3724 cella
1667 3671 1860 3723 autem
1895 3685 1984 3722 an-

349 3757 700 3830 gustissima
731 3763 878 3825 erat,
910 3757 1171 3811 etaetatis
1225 3761 1483 3827 tempore
1513 3757 1654 3812 adeo
1685 3755 1890 3817 calida,
1921 3760 1985 3811 ut

340 3845 522 3902 altera
552 3844 896 3918 Babylonica
928 3847 1130 3901 foruax
1161 3846 1472 3914 videretur,
1506 3850 1738 3916 propter
1759 3845 1982 3900 inﬂam-

345 3935 660 3992 mationem
695 3933 921 4008 plumbi
952 3952 1065 4006 quo
1097 3936 1436 4004 tegebatur;
1461 3939 1691 3989 tantum
1716 3951 1848 3990 vero
1880 3935 1981 3992 ab-

330 4031 457 4081 erat
488 4030 549 4080 ut
580 4042 645 4081 eo
677 4026 1079 4091 offenderetur,
1114 4029 1178 4078 ut
1206 4040 1236 4079 e
1269 4030 1472 4080 contra
1502 4029 1697 4080 oraret
1753 4025 1979 4081 instan-

340 4120 444 4182 ter,
477 4114 653 4170 talem
685 4115 1068 4187 imposterum
1100 4114 1210 4169 sibi
1243 4113 1456 4170 servari
1483 4115 1760 4185 requiem,
1783 4131 1981 4170 amore

341 4204 566 4260 scilicet
597 4204 851 4260 laborem
884 4203 1243 4269 sublevante,
1275 4209 1332 4259 et
1361 4220 1463 4275 spe
1513 4205 1666 4259 bona
1725 4202 1976 4259 difﬁcul-

334 4299 508 4349 tatem
542 4299 896 4350 extenuante
927 4309 942 4348 :
977 4309 1047 4348 ex
1077 4293 1293 4364 quibus
1325 4294 1554 4349 duobus
1576 4294 1864 4366 capitibus
1895 4294 1980 4348 vir

329 4389 486 4441 tutes
514 4386 737 4441 eximiae
782 4387 956 4440 robur
987 4386 1298 4456 accipiunt.
1353 4385 1570 4440 Verum
1633 4401 1821 4457 neque
1872 4386 1977 4441 hoc

331 4473 662 4529 sufﬁciebat
690 4473 813 4527 viro
845 4473 1113 4528 laborum
1147 4474 1466 4546 appetenti,
1525 4474 1623 4529 sed
1692 4473 1979 4530 instanter

327 4565 673 4637 operabatur
709 4565 980 4619 manibus
1013 4563 1148 4632 illis,
1176 4579 1242 4618 ex
1267 4564 1480 4635 quibus
1513 4564 1707 4618 multa;
1734 4565 1974 4618 virtutes

329 4626 740 4724 procedebant.
777 4653 1100 4708 Instantius
1132 4626 1325 4707 autem
1360 4651 1726 4708 meditationi
1764 4652 1970 4706 divine
2011 4626 2051 4689 θ

327 4747 475 4799 dans
507 4758 767 4814 operam,
801 4747 858 4798 et
887 4742 1148 4815 quotidie
1178 4742 1456 4797 adversus
1509 4744 1733 4798 hostem
1783 4744 1972 4797 decer-

323 4838 456 4890 tans
485 4847 662 4903 seque
696 4831 928 4887 utilitati
960 4832 1224 4887 Fratrum
1279 4832 1592 4885 ferventius
1627 4836 1857 4900 aptans,
1890 4847 1971 4886 so-

328 4921 562 4976 labatur
593 4929 890 4991 maestum,
919 4920 1282 4978 deﬁcientem
1335 4920 1680 4987 instruebat,
1715 4920 1973 4990 erigebat

321 5010 576 5082 lapsum,
638 5009 891 5065 leniebat
949 5018 1373 5080 exasperatum,
1433 5022 1610 5078 seque
1699 5009 1970 5080 patientis

319 5099 721 5155 eonformabat
750 5099 1093 5159 conditioni.
1127 5098 1384 5169 optimus
1416 5097 1746 5152 animarum
1789 5100 1970 5153 medi-

322 5206 425 5245 cus
465 5195 522 5244 et
571 5189 958 5244 curandarum
994 5188 1330 5259 passionum
1392 5185 1806 5256 peritissimus.
1857 5187 1967 5244 Sed

323 5294 512 5351 neque
534 5277 641 5333 hoc
679 5277 1121 5350 praetermisero,
1170 5276 1446 5331 memoria
1499 5273 1703 5346 utique
1750 5277 1970 5347 dignis-

327 5369 568 5435 simum,
602 5369 754 5439 quod
787 5374 1055 5425 catenam
1099 5367 1348 5421 ferream
1379 5364 1521 5420 satis
1581 5366 1964 5435 ponderosam

396 5494 442 5529 ¹²
462 5495 676 5551 Jerem.
711 5513 801 5561 xv,
840 5496 927 5551 10.

2115 625 2210 686 τὰς
2243 625 2398 694 ἡνίας
2435 629 2509 698 μὴ
2565 625 2782 701 ὑπέχειν
2840 633 2939 696 τῆς
2992 629 3341 702 προστασίας,
3392 632 3419 686 ὁ
3475 632 3770 709 φιλάρετος

2117 717 2277 786 ἡμῶν
2326 718 2512 790 Πατὴρ
2580 717 2894 786 ἀσπάζεται.
2951 717 3107 773 Ἀλλ’
3168 718 3266 794 δρα
3321 720 3549 778 κάνθάδε
3603 747 3772 801 παρα-

2119 801 2276 874 δόξου
2333 805 2652 880 πράγματος
2700 804 3037 879 ἐπιτήδευμα
3071 827 3084 840 ·
3141 808 3223 863 ὅτι
3276 809 3366 865 διὰ
3411 812 3628 881 πλῆθος
3680 837 3772 871 τα-

2116 894 2448 966 πεινώσεως,
2503 894 2593 949 καὶ
2646 898 2707 949 τὸ
2765 897 2839 969 μὴ
2901 897 2976 958 εἰς
3024 894 3118 951 δύο
3164 899 3337 976 ἀρχάς
3382 897 3769 967 διαϐλέπεσθαι

2113 984 2212 1051 τήν
2246 981 2608 1061 ἀδελφότητα,
2639 989 2717 1057 τῷ
2748 990 2891 1061 ζυγῷ
2937 994 3038 1055 τῆς
3089 987 3360 1061 ὑποταγῆς
3407 991 3596 1046 ἑαυτὸν
3633 993 3770 1048 ὑπο-

2114 1071 2324 1142 τίθησιν
2363 1074 2391 1126 ὁ
2425 1073 2765 1146 θεομίμητος
2795 1093 2809 1105 ⁸
2849 1075 2938 1129 καί
2989 1079 3150 1130 τοῦτο
3191 1076 3295 1131 ὑπὸ
3359 1079 3613 1154 μάρτυσι,
3644 1089 3767 1145 τοῖς

2116 1161 2193 1224 εἱς
2237 1162 2367 1216 αὐτὸ
2419 1166 2579 1217 τοῦτο
2635 1163 3086 1233 συνεληλυθόσιν.
3144 1168 3265 1240 Ἆρ’
3326 1167 3415 1222 οὖν
3485 1169 3546 1224 οὐ
3617 1171 3762 1240 ξένον

2112 1250 2296 1305 τέκνον
2342 1251 2680 1326 χρηματίσαι
2718 1253 2809 1307 τὸν
2850 1255 2976 1326 πρὶν
3013 1255 3218 1328 πατέρα
3264 1260 3360 1310 τοῦ
3392 1255 3558 1334 οὗπερ
3594 1281 3766 1315 πνευ-

2119 1344 2361 1412 ματικῶς
2419 1339 2664 1416 ἤνεγκεν,
2713 1342 2799 1396 καὶ
2856 1343 3213 1398 ὑποτακτικὸν
3256 1345 3316 1399 τὸ
3374 1345 3604 1420 ἀρχικόν
3665 1355 3762 1404 τοῦ

2115 1430 2278 1505 οὗπερ
2306 1429 2510 1504 ἦρξενς
2559 1433 2632 1503 μή
2677 1429 2760 1485 ὅτι
2817 1453 2878 1505 γε
2931 1433 3065 1503 μετά
3119 1433 3396 1489 τοσούτων
3455 1434 3760 1511 προδιηνυ-

2114 1513 2319 1591 σμένων
2381 1515 2581 1588 ἄθλων,
2615 1522 2696 1581 οἷς
2737 1521 2799 1574 τὸ
2851 1521 3150 1593 μετριάζειν
3201 1524 3364 1594 μόνον
3417 1525 3638 1599 ἀρκετὸν
3683 1529 3760 1590 εἰς

2112 1604 2348 1663 ἔπαινον.
2384 1606 2560 1664 Ἀλλὰ
2590 1613 2670 1681 τῷ
2690 1631 2751 1685 γε
2781 1610 3082 1683 ἆξιαγάστῳ
3116 1611 3352 1677 εὐπετῶς
3379 1615 3760 1690 κατώρθωται,

2115 1699 2212 1754 οὐκ
2261 1698 2608 1761 ἐπιπλάστως
2657 1721 2773 1762 πως
2822 1701 2908 1754 καὶ
2960 1701 3380 1774 νενοθευμένως,
3442 1705 3516 1766 ὡς
3585 1708 3764 1780 ὄνομα

2117 1789 2285 1858 μόνον
2355 1795 2704 1864 παραχωρεῖν
2751 1794 3038 1862 κρατοῦντι
3090 1792 3391 1866 πράγματι,
3457 1793 3603 1850 ἀλλὰ
3672 1800 3762 1852 καὶ

2031 1913 2078 1978 Β
2115 1876 2233 1933 λίαν
2267 1875 2577 1952 εἰλικρινῶς
2605 1875 2695 1932 καί
2745 1879 3053 1956 θεοφρόνως
3087 1901 3099 1912 ο
3133 1881 3193 1934 οὗ
3240 1881 3342 1955 γὰρ
3391 1880 3760 1959 ἐξαγόρευσις,

2113 1965 2223 2021 ἐκεῖ
2267 1967 2356 2021 καὶ
2414 1968 2759 2037 πεποίθησις,
2811 1968 2899 2021 καὶ
2947 1966 3009 2022 οὗ
3075 1971 3422 2040 πεποίθησις,
3496 1971 3607 2028 ἐκεῖ
3668 1977 3759 2029 καὶ

2109 2057 2254 2125 κοπὴ
2287 2055 2621 2128 θελήματος,
2654 2056 2744 2110 καί
2777 2055 2838 2110 οὗ
2894 2059 3037 2126 κοτεὴ
3099 2057 3432 2130 θελήματος,
3465 2060 3575 2116 ἐκεῖ
3633 2063 3762 2118 ὑπο-

2107 2153 2280 2220 ταγῆς
2328 2145 2629 2207 τελείωσις.
2683 2147 2965 2220 Μάρτυρες
3017 2145 3074 2201 δὲ
3116 2152 3223 2202 τῶν
3279 2152 3755 2223 κατορθώματων,

2109 2239 2183 2291 ὧν
2231 2237 2319 2291 καὶ
2370 2238 2437 2290 τὰ
2495 2236 2817 2308 αἰτήματα.
2876 2233 3157 2306 ἠντιϐόλει
3220 2238 3353 2313 ὑπὲρ
3409 2244 3505 2294 τοῦ
3562 2241 3755 2303 πέλας,

2107 2325 2196 2380 καὶ
2230 2325 2504 2399 ἐπιτυχών
2535 2327 2632 2378 τοῦ
2672 2323 2999 2396 αἷτήματος,
3050 2320 3266 2398 ἔχαιρεν
3320 2324 3426 2379 ἐντί
3474 2332 3571 2382 τοῦ
3619 2329 3754 2384 ἀπο-

2108 2413 2394 2482 λαύοντος,
2427 2411 2646 2482 ἐξαιτῶν
2699 2413 2799 2466 οὐκ
2848 2411 3234 2487 ἐπετύγχανεν,
3267 2413 3355 2468 καὶ
3407 2417 3756 2489 ἀπρακτήσας

2107 2501 2206 2556 οὐκ
2236 2498 2610 2574 ἐδυσχέραινεν
2646 2523 2657 2533 ·
2702 2502 2836 2574 πρὸς
2883 2496 2937 2554 ἓν
2983 2499 3146 2571 μόνον
3197 2497 3526 2557 ἀποϐλέπων
3553 2507 3615 2559 τὸ
3659 2511 3755 2560 τοῦ

2103 2592 2404 2662 κάμνοντος
2445 2590 2752 2664 ὠφέλιμον,
2788 2588 2896 2664 οὐχ
2953 2588 3102 2652 ὅπως
3159 2588 3482 2646 ἐκτελέσειεν
3522 2595 3584 2648 τὸ
3646 2595 3758 2649 έαυ-

2103 2685 2200 2734 τοῦ
2245 2679 2480 2754 θέλημα.
2547 2678 2738 2751 Οῗμοι,
2799 2681 2990 2754 πάτερ,
3051 2686 3369 2758 προφητικῇ
3437 2687 3614 2756 φωνῇ,
3681 2686 3754 2746 ὡς

2101 2769 2220 2826 τίνα
2281 2791 2348 2840 με
2404 2764 2598 2837 ἔτεκες,
2656 2770 2862 2841 πατέρα
2918 2769 3101 2824 καλεῖν
3175 2773 3250 2844 μὴ
3333 2772 3752 2850 αἰσχυνόμενος,

2101 2864 2192 2917 τὸν
2231 2859 2370 2933 μηδὲ
2399 2860 2516 2914 υἱόν
2557 2881 2652 2914 σου
2699 2861 3059 2932 ὀνομάζεσθαι
3114 2860 3367 2932 ἐπάξιονς
3426 2862 3516 2917 καὶ
3566 2862 3661 2918 ἵνα
3702 2861 3755 2918 τί

2107 2972 2173 3024 με
2203 2949 2276 3011 εἰς
2299 2944 2424 3002 τόδε
2479 2947 2541 3001 τὸ
2589 2945 2802 3020 ἀξίωμα
2833 2949 3149 3023 προήγαγες
3200 2949 3291 3002 τὸν
3351 2946 3632 3012 ἀδυνάτως
3663 2951 3751 3005 καὶ

2101 3044 2197 3096 τοῦ
2227 3039 2487 3113 ἄρχεσθαι
2518 3035 2716 3112 ἔχοντα
2748 3057 2760 3106 ;
2794 3035 2947 3092 Οἶδεν
2979 3038 3107 3100 Θεὸς
3139 3037 3227 3092 καὶ
3259 3041 3293 3108 ἦ
3333 3041 3399 3107 σὴ
3434 3039 3561 3114 ἁγία
3594 3042 3748 3118 ψυχή

2101 3129 2192 3184 τὸν
2225 3127 2346 3200 περί
2395 3126 2590 3180 τούτου
2620 3124 2825 3198 ξλόγου,
2857 3125 2946 3179 καὶ
2997 3126 3071 3187 ώς
3119 3126 3184 3180 τὰ
3244 3127 3374 3200 ὑπὲρ
3406 3127 3634 3200 δύναμιν
3669 3127 3752 3182 οῗ-

2103 3240 2180 3273 σει
2215 3217 2390 3297 φιλία,
2451 3216 2547 3271 ei't’
2604 3215 2696 3270 οὖν
2741 3217 2976 3284 ὑπακοὴ,
3003 3214 3076 3272 ἵν’
3113 3215 3164 3272 ἐν
3230 3219 3423 3294 βραχεὶ
3457 3216 3614 3294 λύγῳ
3648 3221 3747 3288 τήν

2104 3307 2408 3384 ἀπολογίαν
2442 3306 2668 3361 ἐνταῦθα
2701 3308 2910 3379 θείημι.

2165 3578 2272 3654 λγ’.
2322 3578 2804 3636 “Αλλ’“ἐπανιτέον
2859 3578 2935 3638 εἰς
3003 3576 3066 3631 τὸ
3123 3575 3502 3650 προκείμενον.
3557 3576 3746 3652 Ἐγκέ-

2092 3668 2308 3723 κλειστο
2369 3669 2394 3722 ὁ
2457 3668 2663 3742 Πατὴρ,
2697 3664 2786 3720 καὶ
2846 3669 2880 3735 ἡ
2939 3665 3206 3740 κάθειρξις
3255 3665 3616 3738 σμικροτάτη,
3649 3666 3741 3719 καὶ

2089 3762 2350 3813 τοσοῦτον
2407 3757 2457 3811 ἐν
2509 3756 2650 3828 θέρει
2691 3754 3034 3826 θαλπομένη,
3097 3753 3170 3815 ὡς
3218 3750 3575 3824 α’λληνιεῖναι
3613 3754 3744 3808 ταύ-

2087 3870 2185 3917 την
2217 3847 2441 3919 κάμινον
2491 3843 2809 3914 Χαλδαϊκήτ
2850 3845 2909 3899 έκ
2958 3851 3056 3912 τῆς
3109 3843 3466 3917 ἐκπυρώσεως
3496 3851 3596 3914 τῆς
3632 3866 3741 3916 μο-

2091 3933 2342 4006 λιϐδίνης
2372 3935 2563 4010 στέγης
2599 3955 2610 3967 ’
2658 3936 2686 3989 ὁ
2739 3932 2796 3988 δὲ
2853 3938 3112 3989 τοσοῦτον
3165 3933 3422 4012 ἀπείχετο
3473 3933 3741 3998 ἀνιᾶσθαι,

2089 4027 2164 4088 ὡς
2201 4027 2371 4100 εὐχὴν
2406 4021 2678 4100 εὔχεσθαι,
2738 4022 3077 4094 τηλικαύτην
3125 4021 3272 4094 αὖτῷ
3315 4022 3612 4076 ἀνάπαυσιν
3664 4023 3741 4084 εἰς

2087 4116 2148 4170 τὸ
2203 4113 2405 4189 μέλλον
2464 4115 2836 4189 ταμιεύεσθαι,
2870 4118 2967 4168 τοῦ
3028 4114 3200 4167 ποθου
3251 4112 3343 4166 τὸν
3397 4112 3566 4166 κόπον
3607 4133 3742 4166 κου-

2088 4204 2362 4280 φίζοντος,
2393 4204 2614 4272 καὶτῆς
2656 4200 2882 4262 ἐλπίδος
2926 4198 3324 4274 εὐμαριζούσης
3377 4200 3474 4267 τήν
3536 4196 3738 4278 δυσχέ-

2088 4314 2256 4369 ρειαν,
2289 4291 2341 4363 ἐξ
2376 4293 2446 4346 ὧν
2479 4293 2535 4346 αὶ
2569 4291 2804 4366 μεγάλαι
2835 4291 3016 4365 ἀρεταὶ
3046 4289 3138 4344 καὶ
3186 4287 3459 4343 πολιτεῖαι
3507 4289 3568 4343 τὸ
3597 4289 3736 4362 κρά-

2083 4403 2176 4444 τος
2208 4379 2448 4456 ἔχουσιν.
2483 4378 2610 4437 Οὐδ’
2646 4380 2787 4435 οὕτω
2819 4378 2983 4434 πάλιν
3004 4379 3408 4449 ἀρκούμενος,ὁ
3440 4378 3739 4449 φιλόπονος

2085 4471 2230 4528 ἀλλᾶ
2258 4467 2400 4543 τόνῳ
2434 4471 2528 4545 μὲν
2577 4475 2695 4533 ταῖς
2745 4469 2931 4545 χερσὶν
2985 4467 3463 4542 ἐργαζόμενος,καὶ
3513 4465 3736 4536 πολλῆς

2084 4559 2365 4633 δυνάμεως
2415 4561 2542 4633 παρ’
2591 4558 2774 4620 αὐταῖς
2824 4558 3213 4636 ἐξερχομένης,
3265 4556 3630 4627 εὐτονώτερον
3680 4554 3738 4612 δὲ

2079 4654 2148 4724 τῇ
2181 4651 2298 4720 θείᾳ
2338 4647 2541 4722 μελέτῇ
2601 4648 2970 4724 ἐπειγόμενος,
3017 4646 3108 4701 καὶ
3156 4647 3435 4700 πυκτεύων
3471 4647 3609 4718 πρὸς
3641 4647 3732 4701 τὸν

2080 4739 2351 4812 πολέμιον
2387 4739 2658 4799 ἑκάστοτε,
2691 4737 3018 4811 θερμότερον
3052 4733 3110 4790 δὲ
3137 4735 3275 4806 πρὸς
3303 4736 3403 4804 τήν
3435 4739 3546 4788 τῶν
3579 4732 3735 4790 ἀδελ-

2080 4833 2195 4906 φῶν
2246 4830 2430 4902 χρείαν
2491 4826 2915 4901 παριστάμενος,
2972 4825 3062 4880 καί
3118 4825 3210 4878 τὸν
3274 4824 3368 4897 μὶν
3419 4823 3731 4897 θεραπεύων

2081 4917 2448 4990 λυπούμενον,
2480 4917 2571 4970 τὸν
2613 4913 2672 4970 δὲ
2721 4919 3074 4994 ψυχαγωγῶν
3125 4912 3464 4980 ἐκλείποντα,
3497 4914 3584 4968 καὶ
3629 4911 3733 4968 ἆλ-

2081 5006 2178 5061 λον
2207 5006 2516 5082 ἐπανορθῶν
2568 5007 2996 5074 καταπίπτοντα,
3037 5004 3127 5058 καὶ
3183 4999 3363 5077 ἕτερον
3423 5001 3727 5077 γλυκαίνων

2079 5097 2519 5170 πικραινόμενον,
2551 5095 2642 5149 καὶ
2672 5098 2740 5168 τῇ
2774 5098 2887 5165 ξτοῦ
2944 5093 3255 5167 πάσχοντος
3313 5087 3414 5160 ἕξει
3473 5111 3728 5164 συμμορ-

2081 5186 2370 5263 φούμενος,
2417 5185 2444 5239 ὁ
2492 5182 2792 5253 πολυειδὴς
2851 5183 3054 5244 ἐκεῖνος
3111 5185 3218 5235 τῶν
3265 5183 3457 5255 ψυχῶν
3519 5179 3728 5253 ἰατρὸς,

2078 5275 2168 5329 καὶ
2213 5275 2516 5348 θεραπεύων
2565 5270 2756 5348 ἄριστα
2813 5273 2938 5335 τοὺς
2996 5270 3333 5346 πάσχοντας.
3368 5265 3504 5324 Οὐδὲ
3555 5267 3730 5324 έκεῖνο

2077 5362 3025 5438 παπαλείψομαι-ἀξιομνημόνευτον
3081 5358 3369 5435 τυγχάνον,
3399 5356 3483 5412 ὅτι
3540 5355 3733 5412 ἅλυσιν

1909 5603 2136 5660 NO'LE.

400 5730 515 5804 (22)
549 5729 880 5791 Monachus.
902 5730 976 5788 ad
996 5731 1193 5787 decem
1217 5729 1510 5788 centurias
1537 5731 1953 5803 propemodum
1987 5732 2323 5801 accessisse,
2353 5731 2531 5787 tradit
2560 5730 2762 5787 eadem
2793 5727 2948 5784 Vita.
