4090 6288
300 379 423 444 837'

989 381 1280 443 ORATIO
1322 381 1425 442 ΧΙ.
1472 413 1546 427 -
1590 382 1989 444 LAUDATIO
2033 382 2092 443 S.
2141 382 2526 445 PLATONIS
2566 383 3004 445 HEGUMENI.

3575 378 3695 440 838

298 513 608 589 σιδήραίαν,
659 516 846 585 ἱκανὴν
902 520 982 587 τῷ
1032 511 1209 590 βάρει,
1258 518 1337 586 τῷ
1383 511 1511 569 ποδὶ
1560 517 1820 590 περιθεὶς,
1869 517 1934 571 έν·

2063 521 2194 593 pedi
2253 521 2722 593 circumponens,
2778 521 2837 576 in
2898 520 3002 577 tali
3059 521 3251 577 labore
3311 521 3697 591 perseveravit

299 607 570 680 εκαρτέρει
608 612 725 667 τοῖς
764 605 950 665 πόνοις
987 606 1101 679 (καὶ
1139 606 1201 660 τὸ
1245 602 1492 666 κοπῶδες
1533 603 1678 671 ὅσον,
1710 608 1772 662 τὸ
1825 610 1939 680 μεθ’

297 696 492 763 ἑαυτῆς
543 692 836 764 καθεύδειν,
889 696 1029 767 ὁμοῦ
1095 716 1152 749 τε
1218 696 1568 771 ἐγρηγορέναι
1625 697 1715 750 καί
1782 695 1939 770 ἐργά-

297 786 499 854 ζεσθαι,
545 788 771 859 συνορᾷν
828 782 1024 856 ἔξεστιν
1072 788 1152 855 τῷ
1212 781 1523 857 ἂρτίφρονι)
1590 783 1689 839 ούκ
1733 783 1939 839 ἐπιδει-

292 880 455 930 κτιῶν
488 877 585 945 τὴν
624 875 914 950 κάθειρξιν,
948 872 1063 929 οὐδ’
1102 873 1161 929 ού
1222 877 1328 948 μὴν
1374 876 1561 949 αὐχῶν
1608 877 1706 943 τήν
1753 877 1941 949 πρᾶξιν

294 965 369 1026 ὡς
417 963 612 1039 ἀρετῆς
665 965 1041 1039 ἐργαστήριον,
1090 965 1206 1019 κατ’
1258 963 1459 1019 ἐκεῖνόν
1506 986 1611 1018 που
1659 966 1749 1019 τὸν
1820 965 1938 1021 Χεί-

295 1075 437 1128 ρωνα
484 1054 547 1109 τὸ
596 1052 920 1108 Θετταλικὸν
967 1050 1157 1124 ἄντρον
1217 1053 1470 1107 οἰκοῦντα
1520 1053 1731 1129 (πὸῥρω
1760 1054 1861 1130 γὰρ
1911 1054 1938 1107 6

292 1143 541 1212 ἀθλητής
588 1140 683 1197 τοῦ
730 1145 958 1216 πάθους)
984 1160 996 1174 ⁸
1034 1141 1182 1198 ἄλλά
1228 1143 1328 1210 τὴν
1381 1143 1475 1215 μὲν
1518 1143 1831 1212 εύτελίζων,
1864 1144 1939 1204 ὡς

292 1234 355 1288 ού
402 1234 709 1308 θεραπεύων
760 1233 919 1303 ἀξίως
967 1234 1065 1302 τήν
1115 1232 1173 1289 δε
1221 1234 1430 1307 κρύψας
1472 1235 1641 1311 τέχνῃ
1684 1255 1937 1289 ταπεινο-

292 1323 583 1399 φροσύνης,
642 1323 731 1377 καὶ
813 1327 1011 1397 μικροῦ
1090 1322 1269 1378 λαθὼν
1332 1324 1587 1388 ἅπαντας,
1659 1322 1763 1384 ἕως
1850 1325 1939 1378 ὅτε

294 1412 577 1486 προελθὼν
627 1419 729 1482 τῆς
776 1412 984 1482 κέλλης
1017 1411 1105 1467 διὰ
1155 1413 1376 1485 Κύριον,
1410 1412 1669 1488 ἐγνώρισε
1718 1415 1809 1468 καὶ
1860 1416 1934 1486 μή

295 1499 653 1575 βουλόμενος.
706 1501 836 1575 Περὶ
890 1502 984 1574 μὲν
1030 1501 1236 1555 τούτων
1286 1502 1431 1569 ἅλις,
1483 1501 1776 1579 φιλοῦντος
1841 1507 1938 1556 τοῦ

289 1591 561 1665 ἀκροατοῦ
605 1593 669 1646 τὸ
723 1592 962 1666 μέτριον,
994 1593 1081 1647 καὶ
1136 1592 1235 1646 ούκ
1288 1591 1645 1667 εὐποροῦντος
1676 1597 1773 1648 τοῦ
1804 1594 1934 1669 γραί-

292 1702 490 1757 φοντος
529 1680 802 1756 έξηγορεῖν
833 1681 1261 1756 πλουσιώτερον,

369 1766 470 1824 λδ’.
509 1767 730 1839 Ἐπειδή
768 1768 824 1825 δὲ
852 1767 1062 1826 ἀπεϐίω
1093 1773 1120 1825 6
1149 1777 1447 1841 τηνικαῦτα
1473 1775 1615 1833 θεῖος
1646 1770 1934 1847 πρόεδρος,

291 1863 533 1929 ζητεῖται
564 1862 745 1935 ψῆφος
783 1863 1318 1935 πατριαρχήσοντος,
1357 1861 1445 1915 καὶ
1495 1863 1559 1916 τὰ
1609 1863 1932 1940 ψηφίσματα

2057 612 2249 681 (quam
2283 617 2474 665 autem
2504 610 2813 666 molestum
2863 611 3035 665 fuerit
3061 626 3196 666 cum
3254 611 3542 679 ejusmodi
3575 610 3694 664 vin-

2056 701 2188 754 culo
2205 701 2479 767 dormire,
2499 701 2756 772 vigilare,
2781 701 3023 770 operari,
3042 700 3203 754 facile
3223 705 3463 768 apparet
3479 699 3691 754 intelli-

2056 791 2260 859 genti),
2293 791 2464 859 idque
2496 808 2608 846 non
2642 796 2704 846 ut
2730 791 3061 845 clausuram
3095 795 3432 853 ostentaret,
3466 795 3566 845 aut
3595 805 3689 845 ve-

2058 878 2142 933 lut
2171 880 2403 933 virtutis
2434 880 2727 934 ofﬁcinam
2755 882 3019 950 jactaret,
3045 881 3333 950 quomodo
3356 879 3566 934 Chiron
3596 878 3691 933 ille

2055 972 2291 1023 antrum
2336 968 2735 1023 Thessalicum
2791 967 3060 1023 habitans
3102 969 3302 1038 (longe
3351 969 3498 1023 enim
3548 969 3691 1022 abe—

2055 1056 2335 1111 ratatali
2391 1057 2569 1125 vitio),
2628 1058 2728 1111 sed
2787 1058 3057 1113 virtutem
3115 1058 3349 1127 quidem
3411 1064 3688 1113 extenua-

2055 1145 2174 1213 bat,
2208 1150 2272 1200 ut
2303 1146 2404 1217 qui
2434 1163 2560 1200 eam
2597 1163 2709 1200 non
2744 1155 2909 1216 prout
2940 1164 3041 1217 par
3082 1152 3206 1201 erat
3260 1146 3509 1215 coleret;
3543 1152 3690 1202 cate-

2056 1251 2189 1289 nam
2239 1252 2371 1290 vero
2415 1236 2801 1290 abscondebat
2822 1236 3138 1291 artificiosa
3163 1236 3515 1303 humilitate,
3548 1239 3688 1291 adeo

2057 1330 2121 1379 ut
2172 1326 2290 1380 fore
2347 1331 2585 1380 cunctos
2641 1326 2862 1393 lateret,
2920 1326 3072 1398 quod
3132 1342 3163 1382 e
3217 1325 3360 1381 cella
3416 1343 3687 1397 egressus

2056 1421 2290 1484 propter
2327 1414 2680 1484 Dominum;
2713 1431 2833 1471 ean)
2873 1415 2962 1469 vel
3013 1415 3226 1469 invitus
3257 1417 3543 1486 patefecit.
3580 1417 3689 1471 Ve-

2054 1522 2182 1561 rum
2214 1506 2285 1560 de
2315 1506 2405 1560 his
2436 1522 2595 1561 nunc
2625 1509 2787 1572 satis,
2839 1521 2968 1560 cum
3002 1510 3057 1561 et
3104 1507 3335 1562 auditor
3386 1506 3689 1562 mediocri-

2053 1600 2230 1652 tatem
2254 1599 2427 1663 amet,
2476 1603 2526 1650 et
2568 1597 2813 1666 scriptor
2841 1612 2954 1651 non
3006 1594 3266 1651 abundet
3298 1595 3566 1652 facultate
3597 1613 3687 1651 res

2053 1683 2343 1757 copiosius
2373 1685 2706 1740 enarrandi.

2121 1774 2211 1828 34.
2244 1774 2496 1843 Contigit
2526 1778 2723 1828 autem
2755 1789 2824 1829 ex
2854 1774 2963 1828 hac
3001 1774 3117 1830 vita
3145 1774 3395 1845 migrare
3423 1774 3687 1829 divinum

2055 1866 2183 1936 ejus
2213 1865 2492 1936 temporis
2524 1865 2907 1937 patriarcham
2940 1866 3074 1935 (23),
3120 1882 3370 1937 cumque
3400 1867 3471 1921 de
3493 1867 3689 1921 futuro

303 1916 357 1929 ..
580 1916 670 1935 ,.,
732 1916 743 1921 -
896 1916 904 1933 ,
991 1916 1099 1935 ,λη
1281 1916 1318 1928 ,,

287 1946 375 2002 ἐπὶ
409 1946 656 2010 πολλοὺς
689 1950 738 2003 οἱ
770 1948 997 2021 πολλοὶ,
1029 1950 1103 2011 ὡς
1133 1947 1356 2012 ἕκαστος
1397 1950 1542 2025 εἶχεν
1581 1916 1719 2007 κατὲ
1747 1952 1932 2032 φιλίαν

2051 1916 2292 2009 Praesule
2324 1916 2622 2010 sententiae
2646 1916 3103 2025 postularentur,
3137 1916 3331 2026 eaeque
3362 1954 3688 2010 divideren-

289 2036 326 2105 ἢ
391 2037 689 2107 ἀλήθειαν·
752 2043 990 2108 ζητεῖται
1047 2039 1137 2093 καὶ
1189 2041 1334 2114 παρὰ
1388 2045 1485 2095 τοῦ
1544 2042 1777 2113 Πατρὸς,
1830 2042 1939 2116 ούχ

294 2126 399 2180 ὑπό
457 2131 561 2180 τῶν
612 2130 713 2193 τῆς
760 2127 1061 2203 ἱερωσύνης
1124 2130 1282 2202 μόνον
1334 2127 1621 2204 έγκρίτων,
1656 2129 1781 2186 ἀλλ’
1826 2129 1935 2200 ἤδη

285 2218 377 2271 καί
418 2218 559 2291 πρὸς
592 2216 759 2272 αὐτοῦ
786 2222 885 2272 τοῦ
919 2216 1328 2293 βασιλεύοντος.
1361 2219 1419 2274 Τί
1452 2217 1543 2273 οὖν
1576 2216 1708 2288 ἔδει,
1730 2218 1775 2272 ὣ
1805 2220 1942 2294 πρὸς

284 2309 385 2370 τῆς
416 2304 681 2375 ἀληθείας
712 2306 917 2376 αύτῆς;
951 2306 1083 2381 οὐχὶ
1111 2308 1203 2362 τὸν
1238 2313 1470 2363 τοσαῦτα
1514 2310 1645 2382 ὑπὲρ
1688 2313 1785 2363 τοῦ
1845 2329 1937 2363 κα-

304 2393 405 2450 λοῦ
457 2394 826 2465 ἐναθλήσαντα
870 2398 960 2451 καὶ
1009 2393 1390 2472 ἠκριϐωμένου
1454 2399 1570 2470 βίου
1637 2405 1752 2462 τοῖς
1810 2404 1941 2454 πᾶσι

289 2484 459 2555 νόμον
502 2485 884 2558 προκείμενον,
918 2484 1167 2561 ἂψευδῶς
1216 2487 1380 2541 εἰπεῖν
1428 2489 1529 2556 τὴν
1579 2487 1797 2542 ἐνοῦσαν
1850 2488 1942 2542 αύ-

288 2576 370 2643 τῷ
423 2570 676 2643 διάθεσιν,
709 2576 846 2649 πρὸς
915 2576 977 2629 τὸ
1045 2579 1198 2648 κοινῇ
1260 2579 1532 2655 συμφέρον
1597 2581 1938 2647 σκοποῦντα;

292 2662 390 2730 Ού,
424 2663 576 2739 φασὶν
611 2664 662 2717 οἱ
692 2666 758 2717 τὰ
780 2662 981 2719 ἐκείνου
1016 2664 1367 2726 σκώπτοντές
1398 2686 1455 2720 τε
1500 2668 1588 2720 καὶ
1639 2664 1944 2742 διαγελῶν-

290 2772 400 2820 τες,
432 2751 558 2807 ἀλλ’
590 2753 625 2821 ἢ
663 2754 762 2820 τὴν
806 2754 1027 2827 ἄγνοιαν
1076 2750 1469 2827 προϐαλέσθαι,
1585 2760 1701 2817 τοῖς
1751 2755 1944 2825 ἐπιζη-

288 2845 490 2912 τήσασι
543 2848 953 2923 παραχωρῆσαι
999 2848 1060 2900 τὸ
1109 2848 1402 2921 ψήφισμαο
1449 2842 1589 2900 ἔστιν
1624 2845 1698 2917 δὲ,
1732 2848 1795 2901 τὸ
1850 2848 1943 2920 μέν

292 2937 554 3006 πρότερον
598 2932 823 3006 ψεῦδος,
856 2935 915 2988 τὸ
949 2935 1004 2989 ὸέ
1055 2932 1301 3009 δεύτερον
1358 2934 1659 3011 ὑπὸκρισις,
1692 2936 1777 2990 καί
1835 2937 1942 3008 ἆμ-

294 3022 497 3097 φύτερα
546 3022 880 3081 ἀπόπτυστοι.
913 3029 976 3081 Ὀ
1027 3025 1123 3098 μὲν
1173 3024 1262 3079 οὗν
1315 3027 1414 3095 τήν
1460 3029 1640 3103 ψηφον
1669 3024 1938 3081 ἔστειλεν·

287 3111 351 3165 τὸ
402 3109 457 3165 δὲ
512 3111 594 3190 ἐφ’
643 3113 775 3183 ὅτῳ,
835 3119 992 3186 παρῶ
1033 3114 1251 3190 λέγειν·
1314 3112 1622 3170 ἐπέστειλεν
1683 3113 1729 3169 δ’
1789 3115 1940 3189 ὅμως

298 3199 374 3261 ὡς
436 3200 538 3254 ὑπὸ
598 3205 715 3273 Θεῷ
746 3202 1000 3277 μάρτυρι.
1036 3204 1131 3257 Καὶ
1177 3204 1228 3257 οἱ
1280 3205 1373 3276 μὲν
1421 3204 1671 3276 ἀσμένως
1723 3202 1940 3276 ἐδέξαν-

2048 2047 2138 2097 tur
2157 2044 2215 2097 in
2236 2043 2473 2111 multos,
2498 2034 2924 2116 proutquisque
2943 2044 3028 2099 vel
3051 2044 3367 2099 amicitiam
3392 2045 3476 2099 vel
3492 2060 3687 2098 veram

2049 2132 2316 2189 Ecclesiae
2334 2138 2634 2205 spectabat
2656 2133 2967 2189 utilitatem
2991 2134 3272 2206 requisita
3293 2138 3381 2188 est
3393 2133 3565 2188 etiam
3592 2133 3667 2187 Pa

2051 2224 2157 2279 tris
2174 2226 2352 2281 nostri
2368 2226 2672 2295 sententia,
2704 2244 2814 2281 non
2833 2225 3021 2281 solum
3039 2227 3109 2282 ab
3123 2227 3192 2282 iis
3207 2226 3304 2297 qui
3322 2231 3484 2281 erant
3498 2226 3687 2281 Sacer-

2050 2314 2508 2386 dotioinsignes,
2542 2317 2641 2370 sed
2675 2316 2747 2371 ab
2772 2316 2895 2385 ipso
2920 2331 3148 2387 quoque
3172 2315 3518 2382 Imperatore
3548 2315 3686 2387 (24).

2050 2403 2295 2459 Obsecro
2311 2420 2410 2474 per
2430 2405 2727 2459 veritatem
2751 2404 2957 2473 ipsam,
2982 2404 3119 2475 quid
3145 2403 3437 2475 oportebat
3459 2418 3589 2458 eum
3612 2403 3675 2459 fa

2051 2492 2227 2547 cere?
2254 2492 2523 2562 Nunquid
2566 2493 2806 2547 debebat
2840 2493 2887 2546 is
2918 2492 3018 2562 qui
3070 2498 3233 2546 tanta
3276 2500 3398 2547 erat
3442 2508 3541 2561 pro
3574 2492 3691 2545 vir—

2051 2588 2170 2637 tute
2203 2598 2437 2653 passus,
2470 2587 2526 2637 et
2558 2582 2685 2636 vitae
2743 2582 3170 2652 probatissima:
3219 2579 3479 2651 exemplo
3538 2596 3689 2635 cun-

2050 2672 2157 2727 ctis
2182 2670 2549 2742 praelucebal,
2598 2671 2820 2726 sincere
2869 2671 3092 2725 edicere
3135 2669 3486 2724 sententiam
3518 2685 3685 2725 suam

2051 2762 2364 2833 spectando
2396 2762 2683 2832 publicam
2720 2760 3024 2817 utilitatem
3049 2761 3076 2815 ‘?
3125 2760 3385 2828 Minime,
3418 2760 3688 2830 inquiunt

2049 2852 2174 2921 ejus
2213 2851 2668 2905 subsannatores
2717 2850 3118 2920 irrisoresque,
3145 2850 3243 2904 sed
3277 2848 3362 2903 vel
3411 2848 3688 2919 ignorau-

2051 2941 2190 2994 tiam
2224 2947 2533 3011 przetexere
2591 2940 2811 3005 debuit,
2873 2945 2973 2994 aut
3028 2956 3089 2994 se
3155 2938 3678 3009 interrogantibus,

2050 3031 2397 3086 sententiam
2431 3031 2783 3100 permittere.
2822 3035 2894 3084 At
2918 3030 3169 3100 primum
3205 3030 3437 3098 quidem
3472 3026 3680 3082 falsum

2053 3121 2277 3188 fuisset,
2310 3120 2699 3175 adulatorium
2737 3120 2979 3175 alterum
3012 3137 3025 3185 ;
3062 3124 3377 3187 utrumque
3409 3132 3688 3187 respuen-

2051 3210 2213 3264 dum.
2250 3209 2607 3280 Misitigitur
2636 3208 2974 3277 suffragium
2993 3223 3162 3260 suum
3197 3205 3309 3276 (cui
3342 3207 3563 3272 datum,
3598 3205 3685 3258 di-

288 3310 377 3359 το,
411 3289 509 3344 ούκ
553 3288 661 3344 οἶδ’
691 3290 875 3363 ὁποίῳ
921 3293 1110 3364 τρόπῳ
1152 3288 1544 3368 βεϐαιώσαντες
1574 3294 1636 3348 τὸ
1668 3295 1898 3369 γράμμα
1923 3317 1934 3329 ·

2051 3314 2171 3353 cere
2204 3298 2600 3366 supersedeo),
2637 3296 2797 3350 misit
2846 3301 3039 3349 autem
3091 3294 3248 3349 velut
3276 3292 3390 3347 Deo
3414 3298 3593 3347 teste:
3627 3296 3683 3346 et

286 3383 318 3432 ὁ
377 3375 434 3433 δὲ
491 3376 675 3435 λαϐὼν
734 3380 1075 3444 ἀπεσείσατο,
1138 3381 1497 3453 μετακυλίσας
1553 3384 1627 3445 ὡς
1685 3383 1737 3437 ἐν
1783 3379 1935 3457 κύϐῳ

281 3467 381 3530 τὰς
412 3470 651 3547 ψήφους.

2047 3388 2309 3458 EpiscOpi
2334 3385 2567 3456 quidem
2592 3389 2999 3455 susceperunt,
3025 3383 3217 3438 nescio
3243 3380 3531 3452 quomodo
3553 3396 3688 3435 con-

2048 3474 2349 3529 ﬁrmantes
2380 3475 2530 3544 quod
2581 3472 2926 3543 scripserat;
2982 3474 3301 3541 Imperator
3347 3486 3479 3526 vero
3527 3470 3680 3525 acci-

281 3564 452 3632 piens
483 3561 786 3632 sutfragia,
834 3578 920 3629 ea,
953 3562 1110 3617 velut
1147 3564 1206 3618 in
1237 3564 1372 3619 aleae
1403 3562 1562 3633 ludo,
1619 3564 1913 3619 invertens
1961 3564 2234 3619 excussit.
2290 3566 2392 3618 Ast
2449 3562 2606 3616 Plato
2664 3562 2987 3632 (quoniam,
3048 3568 3287 3633 urgente
3337 3560 3684 3614 necessitate

281 3651 519 3721 capitis,
581 3653 1046 3723 unumquodque
1106 3654 1494 3709 membrorum
1555 3661 1831 3725 praestare
1889 3658 2035 3710 solet
2093 3655 2245 3724 quod
2300 3654 2357 3708 in
2415 3670 2472 3708 se
2530 3651 2642 3722 est)
2701 3655 2768 3706 ad
2838 3654 3146 3721 quemdam
3224 3650 3528 3706 monastici
3586 3649 3684 3705 ha-

278 3743 445 3798 bitus
475 3744 685 3812 virum,
705 3745 948 3800 Caesaris
966 3749 1158 3799 autem
1192 3745 1604 3816 prepinquum,
1629 3752 1801 3801 noctu
1827 3744 2091 3811 contulit,
2120 3744 2263 3799 nihil
2288 3744 2560 3798 dubitans
2585 3744 2737 3798 foras
2761 3742 3023 3813 progredi
3056 3745 3287 3812 propter
3309 3756 3681 3795 communem

278 3833 589 3887 utilitatem
617 3850 629 3887 :
664 3849 917 3904 cumque
949 3835 998 3888 ei
1032 3850 1158 3903 quae
1185 3834 1585 3900 conveniebat,
1617 3834 1861 3888 dixisset
1890 3833 2193 3889 confestim
2227 3836 2467 3888 domum
2500 3832 2691 3889 rediit.

354 3920 451 3976 λε’.
482 3920 580 3975 Καὶ
626 3921 654 3975 6
700 3921 795 3992 μέν
851 3917 1063 3993 (ἐπειδὴ
1103 3921 1262 3996 χρεία
1301 3920 1543 3998 κεφαλῆς
1594 3923 1934 3994 προϊσταμέ-

271 4031 380 4079 νης
415 4007 643 4063 ἕκαστον
680 4014 788 4064 τῶν
826 4007 1010 4083 μελῶν
1041 4011 1103 4064 τὸ
1134 4011 1251 4065 καθ’
1285 4010 1442 4064 έαυτὸ
1474 4010 1754 4083 εἷσοίσειν)
1794 4013 1930 4085 πρὸς

269 4120 402 4156 τινα
428 4104 534 4153 τῶν
572 4101 941 4174 ὁμοσχήμων,
974 4099 1235 4175 ἀγχιστέα
1287 4097 1344 4153 δὲ
1385 4104 1481 4153 τοῦ
1530 4099 1817 4174 Καίσαρος,
1855 4101 1929 4173 μὴ

273 4186 608 4259 εὐλαϐηθεὶς
638 4192 738 4259 τήν
770 4188 956 4259 ἔξοδον
987 4188 1076 4243 διὰ
1110 4190 1166 4243 τὸ
1197 4193 1354 4262 κοινῇ
1389 4189 1687 4264 συμφέρον,
1718 4190 1930 4263 νύκτωρ

270 4278 515 4346 ἄπεισιν,
561 4280 651 4333 καὶ
711 4279 1072 4356 φθεγξάμενος
1128 4278 1195 4332 τὰ
1243 4278 1444 4346 εἰκότα,
1502 4275 1685 4332 οἴκαδε
1740 4281 1930 4332 θᾶττον

272 4368 588 4423 ἐπάνεισινί
624 4369 651 4421 ὁ
699 4366 756 4421 δέ
802 4368 985 4439 μαθὼν
1044 4367 1296 4439 ἐξεμάνη,
1344 4367 1435 4421 καὶ
1494 4368 1685 4440 μικρὸν
1735 4365 1928 4443 λωφή-

274 4475 381 4515 σας
440 4455 562 4509 ὅσον
621 4455 699 4515 εἷς
752 4454 917 4527 πέρας
960 4455 1172 4529 ἀγαγεῖν
1222 4455 1284 4508 τὸ
1338 4448 1788 4527 βεϐουλευμένον,
1839 4454 1932 4508 αἶ’-

273 4565 361 4618 ρει
398 4542 489 4597 σὺν
522 4545 656 4614 ἡμῖν
706 4543 796 4597 τὸν
852 4544 1083 4615 Πατέρα,
1114 4543 1204 4597 καὶ
1249 4540 1419 4597 εἷ’κοσι
1465 4543 1599 4616 πρὸς
1648 4542 1926 4617 τέσσαρσιν

272 4635 513 4706 ἡμέραις
565 4632 789 4704 θέμενος
851 4631 901 4686 ἐν
964 4636 1151 4705 στερεᾷ
1210 4629 1448 4708 φυλακῇ,
1510 4630 1653 4686 οἷ’κοι
1700 4630 1928 4687 έπανελ-

272 4725 386 4777 θεῖν
425 4721 671 4791 ἀφίησιν.
704 4723 841 4777 ’Ὁσα
896 4721 1000 4794 γὰρ
1058 4716 1328 4793 ἐξύϐρισεν
1377 4721 1512 4775 κατὰ
1567 4727 1664 4776 τοῦ
1713 4720 1926 4796 ἀνδρὸς,

2117 3923 2204 3977 35.
2243 3925 2563 3993 Imperator
2613 3939 2779 3992 porro
2813 3922 2916 3977 hoc
2965 3921 3315 3992 intelligens,
3350 3922 3539 3976 furere
3568 3936 3684 3974 cce-

2046 4012 2150 4083 pit,
2187 4011 2603 4082 modicumque
2624 4018 2954 4079 cunctatus,
2980 4012 3158 4065 donec
3182 4011 3510 4081 perfecisset
3529 4010 3679 4079 quod

2044 4100 2297 4165 volebat,
2329 4101 2465 4155 tulit
2497 4102 2799 4155 nobiscum
2849 4100 3069 4155 Patrem
3104 4109 3404 4154 nostrum:
3439 4103 3491 4153 et
3526 4105 3682 4165 post-

2046 4206 2220 4261 quam
2251 4190 2456 4260 viginti
2499 4196 2711 4261 quator
2754 4191 2960 4244 diebus
2992 4190 3052 4243 in
3104 4189 3244 4243 bene
3293 4188 3520 4242 munita
3551 4203 3679 4241 cus~

2043 4279 2200 4333 todia
2230 4278 2536 4334 habuisset
2567 4278 2834 4349 permisit
2874 4279 3056 4332 redire
3110 4279 3177 4331 ad
3240 4274 3678 4331 monasterium.

2044 4367 2192 4432 Quid
2222 4368 2426 4421 attinet
2455 4368 2665 4432 dicere,
2718 4370 2968 4437 quantas
2998 4366 3226 4430 Sancto,
3274 4366 3391 4419 imo
3433 4364 3540 4433 ipsi
3591 4380 3681 4419 ve-

2042 4458 2197 4511 ritati
2221 4456 2466 4526 injurias
2486 4457 2771 4519 intulerit,
2799 4454 3098 4509 iracundia
3117 4454 3682 4525 percitustotamque

2040 4546 2399 4602 conturbans
2432 4547 2937 4610 communitatem,
2971 4544 3115 4599 alios
3135 4544 3467 4600 carceribus
3499 4543 3681 4598 inclu-

2039 4635 2251 4701 dendo,
2295 4634 2435 4689 alios
2487 4636 2554 4689 ad
2609 4634 2985 4703 quaestionem
3045 4632 3375 4703 rapiendo?
3429 4649 3559 4687 cum
3620 4633 3677 4686 in

2038 4725 2316 4780 omnibus
2346 4725 2579 4778 tandem
2611 4724 2797 4779 victus
2829 4729 2883 4777 et
2914 4723 3027 4777 risu
3072 4724 3283 4795 dignus
3324 4723 3675 4793 apparuerit.

294 4808 514 4886 μᾶλλον
549 4808 607 4864 δὲ
636 4811 751 4865 κατ’
782 4810 949 4878 αὐτῆς
988 4816 1089 4878 τῆς
1139 4808 1396 4879 ἀληθείας
1445 4812 1814 4886 θυμομαχῶν,
1845 4813 1934 4865 καὶ

2051 4814 2147 4869 Sed
2180 4813 2299 4867 haec
2331 4812 2520 4867 solum
2557 4812 2832 4882 praeludis.
2863 4813 3120 4883 quaedam
3162 4819 3323 4866 erant
3353 4810 3679 4880 iniquitatis

274 4900 666 4973 συνταράσσων
699 4900 798 4967 τήν
832 4896 1197 4977 ἀδελφότητα,
1226 4901 1317 4953 καὶ
1345 4900 1474 4961 τοὺς
1510 4906 1599 4969 μῖν
1654 4904 1927 4976 φρουρῶν,

272 4991 404 5051 τοὺς
461 4986 515 5043 δὲ
570 4985 749 5042 ἕλκων
802 4987 878 5050 εἰς
934 4987 1284 5063 κατηγορίας,
1314 4988 1360 5041 εἰ
1418 4988 1507 5041 καὶ
1557 4988 1815 5063 ῥίψασπις
1876 4990 1928 5042 ἐν

273 5085 411 5136 πᾶσι
468 5077 653 5155 γέγονε
711 5078 801 5133 καὶ
860 5076 1262 5153 ἀξιογέλαστος,
1319 5078 1371 5132 τί
1430 5075 1512 5131 δεῖ
1567 5078 1657 5132 καὶ
1708 5077 1927 5151 λέγεινς

277 5170 435 5224 ἅτινα
488 5170 795 5241 παρασκευὴ
857 5168 922 5236 ἦν
983 5174 1082 5235 τῆς
1144 5167 1513 5240 τυρευομένης
1562 5169 1711 5238 αύτῷ
1760 5187 1929 5235 πονη-

280 5259 403 5332 ρίας
432 5256 521 5310 καὶ
554 5256 723 5310 οἱονεὶ
753 5253 1102 5328 προεισόδιος
1136 5255 1356 5328 ἀνομία,
1391 5252 1661 5327 παίδευμα
1692 5253 1748 5308 δὲ
1795 5255 1930 5308 κατὰ

279 5348 384 5415 τὴν
439 5345 647 5401 ἐκείνου
706 5344 1039 5421 φληνάφειαν
1098 5348 1196 5409 τῆς
1256 5342 1522 5412 δοκούσης
1579 5342 1926 5418 προπετείας.

2041 4918 2216 4975 quam
2250 4902 2658 4969 meditabatur,
2691 4908 2743 4956 et
2773 4900 2931 4957 velut
2956 4898 3369 4971 prasambulare
3390 4900 3677 4971 ﬂagitium

2040 5007 2106 5045 ac
2127 4989 2528 5045 rudimentum
2552 4990 2895 5061 nugacitatis
2908 4993 2963 5042 et
2986 4987 3341 5057 petulantiae.
3368 4987 3679 5041 Intervallo

2040 5094 2295 5149 namque
2372 5080 2646 5150 temporis
2721 5077 2949 5132 modico
3002 5081 3235 5132 secutus
3300 5080 3389 5131 est
3448 5075 3681 5131 malitiae

2038 5171 2456 5223 consummatae
2503 5166 2793 5221 assultus:
2842 5166 3019 5236 idque
3071 5169 3309 5236 propter
3337 5165 3675 5235 Josephum,

2038 5256 2203 5311 illum
2263 5256 2363 5326 qui
2424 5256 2683 5311 moechos
2760 5256 3159 5326 conjunxerat,
3234 5255 3457 5310 malum
3530 5256 3680 5310 intra

2039 5346 2262 5402 viscera
2294 5344 2544 5414 harena,
2576 5352 2630 5402 et
2685 5343 2951 5400 Ecclesiae
3002 5346 3465 5401 turbamentum.
3513 5348 3676 5399 Post-

1884 5471 2114 5528 ΝΟΤΛΕ.

359 5600 473 5682 (23)
510 5600 776 5682 Mortuus
807 5607 891 5653 est
919 5602 977 5653 S.
1035 5597 1310 5653 Tarasius
1370 5612 1523 5652 anno
1580 5594 1710 5666 806,
1744 5599 1836 5653 die
1863 5599 1934 5653 25

284 5670 711 5814 Fegﬁdﬂném
727 5741 1111 5813 Nicephorus,
1127 5740 1225 5812 qui
1248 5742 1410 5797 Irene
1427 5740 1608 5810 ejecta
1621 5739 1929 5813 imperium

2043 5596 2366 5668 arripuerat
2396 5614 2549 5654 anno
2578 5599 2720 5666 802;
2751 5599 2850 5668 qui
2880 5600 3166 5670 quomodo
3225 5615 3312 5670 se
3344 5598 3677 5670 gesseritis

2044 5667 2405 5742 procuranda
2436 5671 2534 5742 iS,
2569 5667 3001 5742 Nicephoriad
3049 5667 3504 5742 patriarchatum
3553 5667 3676 5723 ele—

2042 5740 2252 5810 ctione,
2273 5741 2402 5798 vide
2430 5741 2490 5798 in
2522 5740 2865 5813 bujus‘Vita
2894 5741 2960 5797 13
2989 5740 3181 5798 Martii
3213 5756 3355 5796 num
3383 5741 3473 5795 21.
