  <div class='ocr_page' id='page_1' title='image "/cluster/home/n/w/nwhite01/storage/ocr_20150623/99/mdp.39015005675577/425.png"; bbox 0 0 4090 6288; ppageno 0'>
   <div class='ocr_carea' id='block_1_1' title="bbox 361 354 477 416">
    <p class='ocr_par' dir='ltr' id='par_1_1' title="bbox 361 354 477 416">
     <span class='ocr_line' id='line_1_1' title="bbox 361 354 477 416; baseline 0.034 -4"><span class='ocrx_word' id='word_1_1' title='bbox 361 354 477 416; x_wconf 86' lang='grc'>839</span> 
     </span>
    </p>
   </div>
   <div class='ocr_carea' id='block_1_2' title="bbox 1601 357 2515 421">
    <p class='ocr_par' dir='ltr' id='par_1_2' title="bbox 1601 357 2515 421">
     <span class='ocr_line' id='line_1_2' title="bbox 1601 357 2515 421; baseline 0.003 -4"><span class='ocrx_word' id='word_1_2' title='bbox 1601 357 1664 418; x_wconf 92' lang='lat' dir='ltr'>S.</span> <span class='ocrx_word' id='word_1_3' title='bbox 1711 358 2108 419; x_wconf 81' lang='lat' dir='ltr'>THEODORI</span> <span class='ocrx_word' id='word_1_4' title='bbox 2155 359 2515 421; x_wconf 69' lang='lat' dir='ltr'>STUDITIE</span> 
     </span>
    </p>
   </div>
   <div class='ocr_carea' id='block_1_3' title="bbox 3636 359 3753 420">
    <p class='ocr_par' dir='ltr' id='par_1_3' title="bbox 3636 359 3753 420">
     <span class='ocr_line' id='line_1_3' title="bbox 3636 359 3753 420; baseline 0 0"><span class='ocrx_word' id='word_1_5' title='bbox 3636 359 3753 420; x_wconf 66' lang='grc'>840</span> 
     </span>
    </p>
   </div>
   <div class='ocr_carea' id='block_1_4' title="bbox 361 487 2000 570">
    <p class='ocr_par' dir='ltr' id='par_1_4' title="bbox 361 487 1990 560">
     <span class='ocr_line' id='line_1_4' title="bbox 361 487 1990 560; baseline 0.003 -18"><span class='ocrx_word' id='word_1_6' title='bbox 361 504 539 560; x_wconf 87' lang='lat' dir='ltr'>quam</span> <span class='ocrx_word' id='word_1_7' title='bbox 569 487 749 553; x_wconf 89' lang='lat' dir='ltr'>enim,</span> <span class='ocrx_word' id='word_1_8' title='bbox 772 490 1096 546; x_wconf 89' lang='lat' dir='ltr'>secundum</span> <span class='ocrx_word' id='word_1_9' title='bbox 1119 493 1400 555; x_wconf 90' lang='lat' dir='ltr'>Canones,</span> <span class='ocrx_word' id='word_1_10' title='bbox 1421 490 1491 545; x_wconf 91' lang='lat' dir='ltr'>ab</span> <span class='ocrx_word' id='word_1_11' title='bbox 1512 489 1691 558; x_wconf 83' lang='lat' dir='ltr'>illius,</span> <span class='ocrx_word' id='word_1_12' title='bbox 1713 496 1990 559; x_wconf 89' lang='lat' dir='ltr'>tanquam</span> 
     </span>
    </p>
   </div>
   <div class='ocr_carea' id='block_1_5' title="bbox 2114 487 3749 570">
    <p class='ocr_par' dir='ltr' id='par_1_5' title="bbox 2114 491 3749 570">
     <span class='ocr_line' id='line_1_5' title="bbox 2114 491 3749 570; baseline 0.001 -26"><span class='ocrx_word' id='word_1_13' title='bbox 2114 491 2323 565; x_wconf 75' lang='grc' dir='ltr'>βραχὺς</span> <span class='ocrx_word' id='word_1_14' title='bbox 2370 493 2398 545; x_wconf 99' lang='lat'>6</span> <span class='ocrx_word' id='word_1_15' title='bbox 2436 494 2657 566; x_wconf 86' lang='grc' dir='ltr'>χρόνος,</span> <span class='ocrx_word' id='word_1_16' title='bbox 2691 492 2789 546; x_wconf 78' lang='grc' dir='ltr'>καὶ</span> <span class='ocrx_word' id='word_1_17' title='bbox 2827 494 2860 561; x_wconf 79' lang='grc' dir='ltr'>ἡ</span> <span class='ocrx_word' id='word_1_18' title='bbox 2914 495 3012 561; x_wconf 80' lang='grc' dir='ltr'>τῆς</span> <span class='ocrx_word' id='word_1_19' title='bbox 3062 494 3350 554; x_wconf 82' lang='grc' dir='ltr'>κακώσεως</span> <span class='ocrx_word' id='word_1_20' title='bbox 3400 491 3657 570; x_wconf 71' lang='grc' dir='ltr'>ἐπιφορὰ,</span> <span class='ocrx_word' id='word_1_21' title='bbox 3688 491 3749 546; x_wconf 72' lang='grc' dir='ltr'>τό</span> 
     </span>
    </p>
   </div>
   <div class='ocr_carea' id='block_1_6' title="bbox 361 579 1996 652">
    <p class='ocr_par' dir='ltr' id='par_1_6' title="bbox 361 579 1996 652">
     <span class='ocr_line' id='line_1_6' title="bbox 361 579 1996 652; baseline 0.002 -21"><span class='ocrx_word' id='word_1_22' title='bbox 361 595 393 630; x_wconf 91' lang='lat' dir='ltr'>a</span> <span class='ocrx_word' id='word_1_23' title='bbox 441 579 753 649; x_wconf 80' lang='lat' dir='ltr'>serpentis,</span> <span class='ocrx_word' id='word_1_24' title='bbox 811 579 1223 634; x_wconf 86' lang='lat' dir='ltr'>communione</span> <span class='ocrx_word' id='word_1_25' title='bbox 1283 596 1389 634; x_wconf 89' lang='lat' dir='ltr'>nos</span> <span class='ocrx_word' id='word_1_26' title='bbox 1445 583 1996 652; x_wconf 81' lang='lat' dir='ltr'>sequestravimus;</span> 
     </span>
    </p>
   </div>
   <div class='ocr_carea' id='block_1_7' title="bbox 357 667 1996 741">
    <p class='ocr_par' dir='ltr' id='par_1_7' title="bbox 357 667 1996 741">
     <span class='ocr_line' id='line_1_7' title="bbox 357 667 1996 741; baseline 0.002 -20"><span class='ocrx_word' id='word_1_27' title='bbox 357 667 634 722; x_wconf 88' lang='lat' dir='ltr'>continuo</span> <span class='ocrx_word' id='word_1_28' title='bbox 711 668 1093 724; x_wconf 86' lang='lat' dir='ltr'>adfuerunta</span> <span class='ocrx_word' id='word_1_29' title='bbox 1149 669 1375 724; x_wconf 58' lang='lat' dir='ltr'>(lassare</span> <span class='ocrx_word' id='word_1_30' title='bbox 1431 669 1622 735; x_wconf 83' lang='lat' dir='ltr'>minae,</span> <span class='ocrx_word' id='word_1_31' title='bbox 1685 686 1909 741; x_wconf 90' lang='lat' dir='ltr'>nosque</span> <span class='ocrx_word' id='word_1_32' title='bbox 1940 671 1996 726; x_wconf 91' lang='lat' dir='ltr'>in</span> 
     </span>
    </p>
   </div>
   <div class='ocr_carea' id='block_1_8' title="bbox 360 755 1664 811">
    <p class='ocr_par' dir='ltr' id='par_1_8' title="bbox 360 755 1664 811">
     <span class='ocr_line' id='line_1_8' title="bbox 360 755 1664 811; baseline 0.001 -2"><span class='ocrx_word' id='word_1_33' title='bbox 360 763 612 810; x_wconf 82' lang='lat' dir='ltr'>extremo</span> <span class='ocrx_word' id='word_1_34' title='bbox 644 755 979 811; x_wconf 84' lang='lat' dir='ltr'>discrimine</span> <span class='ocrx_word' id='word_1_35' title='bbox 1014 755 1263 811; x_wconf 85' lang='lat' dir='ltr'>vidimus</span> <span class='ocrx_word' id='word_1_36' title='bbox 1294 756 1664 811; x_wconf 88' lang='lat' dir='ltr'>constitutos.</span> 
     </span>
    </p>
   </div>
   <div class='ocr_carea' id='block_1_9' title="bbox 431 938 1997 1010">
    <p class='ocr_par' dir='ltr' id='par_1_9' title="bbox 431 938 1997 1010">
     <span class='ocr_line' id='line_1_9' title="bbox 431 938 1997 1010; baseline 0 -16"><span class='ocrx_word' id='word_1_37' title='bbox 431 938 644 1002; x_wconf 85' lang='lat' dir='ltr'>36.0ui</span> <span class='ocrx_word' id='word_1_38' title='bbox 675 939 894 1010; x_wconf 89' lang='lat' dir='ltr'>possim</span> <span class='ocrx_word' id='word_1_39' title='bbox 929 938 1356 993; x_wconf 81' lang='lat' dir='ltr'>multitudinem</span> <span class='ocrx_word' id='word_1_40' title='bbox 1390 941 1997 996; x_wconf 73' lang='lat' dir='ltr'>terrorum-&quot;certami-</span> 
     </span>
    </p>
   </div>
   <div class='ocr_carea' id='block_1_10' title="bbox 359 1028 1996 1099">
    <p class='ocr_par' dir='ltr' id='par_1_10' title="bbox 359 1028 1996 1099">
     <span class='ocr_line' id='line_1_10' title="bbox 359 1028 1996 1099; baseline 0 -15"><span class='ocrx_word' id='word_1_41' title='bbox 359 1045 635 1098; x_wconf 86' lang='lat' dir='ltr'>numque,</span> <span class='ocrx_word' id='word_1_42' title='bbox 662 1028 828 1083; x_wconf 91' lang='lat' dir='ltr'>nobis</span> <span class='ocrx_word' id='word_1_43' title='bbox 849 1029 1058 1099; x_wconf 78' lang='lat' dir='ltr'>integri</span> <span class='ocrx_word' id='word_1_44' title='bbox 1098 1031 1270 1083; x_wconf 89' lang='lat' dir='ltr'>unius</span> <span class='ocrx_word' id='word_1_45' title='bbox 1300 1028 1435 1083; x_wconf 90' lang='lat' dir='ltr'>anni</span> <span class='ocrx_word' id='word_1_46' title='bbox 1467 1030 1653 1098; x_wconf 85' lang='lat' dir='ltr'>spatio</span> <span class='ocrx_word' id='word_1_47' title='bbox 1687 1029 1996 1096; x_wconf 87' lang='lat' dir='ltr'>illatorum,</span> 
     </span>
    </p>
   </div>
   <div class='ocr_carea' id='block_1_11' title="bbox 362 1116 1996 1190">
    <p class='ocr_par' dir='ltr' id='par_1_11' title="bbox 362 1116 1996 1190">
     <span class='ocr_line' id='line_1_11' title="bbox 362 1116 1996 1190; baseline -0.001 -16"><span class='ocrx_word' id='word_1_48' title='bbox 362 1120 561 1190; x_wconf 91' lang='lat' dir='ltr'>paucis</span> <span class='ocrx_word' id='word_1_49' title='bbox 576 1118 816 1188; x_wconf 85' lang='lat' dir='ltr'>syllabis</span> <span class='ocrx_word' id='word_1_50' title='bbox 848 1116 1293 1189; x_wconf 86' lang='lat' dir='ltr'>complecti?vel</span> <span class='ocrx_word' id='word_1_51' title='bbox 1318 1135 1490 1188; x_wconf 88' lang='lat' dir='ltr'>quam</span> <span class='ocrx_word' id='word_1_52' title='bbox 1516 1135 1668 1187; x_wconf 72' lang='lat' dir='ltr'>saepe</span> <span class='ocrx_word' id='word_1_53' title='bbox 1707 1119 1996 1185; x_wconf 77' lang='lat' dir='ltr'>accersiti,</span> 
     </span>
    </p>
   </div>
   <div class='ocr_carea' id='block_1_12' title="bbox 363 1207 2000 1281">
    <p class='ocr_par' dir='ltr' id='par_1_12' title="bbox 363 1207 2000 1281">
     <span class='ocr_line' id='line_1_12' title="bbox 363 1207 2000 1281; baseline -0.001 -17"><span class='ocrx_word' id='word_1_54' title='bbox 363 1226 530 1281; x_wconf 87' lang='lat' dir='ltr'>quam</span> <span class='ocrx_word' id='word_1_55' title='bbox 546 1207 915 1278; x_wconf 77' lang='lat' dir='ltr'>saepetentati</span> <span class='ocrx_word' id='word_1_56' title='bbox 931 1207 1509 1272; x_wconf 83' lang='lat' dir='ltr'>fuerimus,enarrare</span> <span class='ocrx_word' id='word_1_57' title='bbox 1523 1207 1549 1262; x_wconf 54' lang='grc' dir='ltr'><strong><em>ἲ</em></strong></span> <span class='ocrx_word' id='word_1_58' title='bbox 1565 1208 1856 1279; x_wconf 86' lang='lat' dir='ltr'>Novit,qui</span> <span class='ocrx_word' id='word_1_59' title='bbox 1876 1225 2000 1280; x_wconf 88' lang='lat' dir='ltr'>pas-</span> 
     </span>
    </p>
   </div>
   <div class='ocr_carea' id='block_1_13' title="bbox 363 1297 1999 1368">
    <p class='ocr_par' dir='ltr' id='par_1_13' title="bbox 363 1297 1999 1368">
     <span class='ocr_line' id='line_1_13' title="bbox 363 1297 1999 1368; baseline -0.002 -14"><span class='ocrx_word' id='word_1_60' title='bbox 363 1316 463 1354; x_wconf 89' lang='lat' dir='ltr'>sus</span> <span class='ocrx_word' id='word_1_61' title='bbox 479 1304 586 1364; x_wconf 91' lang='lat' dir='ltr'>est,</span> <span class='ocrx_word' id='word_1_62' title='bbox 603 1297 821 1368; x_wconf 87' lang='lat' dir='ltr'>quique</span> <span class='ocrx_word' id='word_1_63' title='bbox 841 1297 1080 1368; x_wconf 84' lang='lat' dir='ltr'>patienti</span> <span class='ocrx_word' id='word_1_64' title='bbox 1098 1299 1392 1367; x_wconf 84' lang='lat' dir='ltr'>proximus</span> <span class='ocrx_word' id='word_1_65' title='bbox 1405 1297 1607 1351; x_wconf 89' lang='lat' dir='ltr'>astitit.</span> <span class='ocrx_word' id='word_1_66' title='bbox 1627 1297 1999 1353; x_wconf 84' lang='lat' dir='ltr'>Adfuitdeni—</span> 
     </span>
    </p>
   </div>
   <div class='ocr_carea' id='block_1_14' title="bbox 363 1387 2001 1460">
    <p class='ocr_par' dir='ltr' id='par_1_14' title="bbox 363 1387 2001 1460">
     <span class='ocr_line' id='line_1_14' title="bbox 363 1387 2001 1460; baseline 0 -18"><span class='ocrx_word' id='word_1_67' title='bbox 363 1407 473 1460; x_wconf 90' lang='lat' dir='ltr'>que</span> <span class='ocrx_word' id='word_1_68' title='bbox 489 1389 753 1443; x_wconf 85' lang='lat' dir='ltr'>militaris</span> <span class='ocrx_word' id='word_1_69' title='bbox 767 1387 1098 1459; x_wconf 85' lang='lat' dir='ltr'>phalanx,et</span> <span class='ocrx_word' id='word_1_70' title='bbox 1116 1388 1531 1442; x_wconf 82' lang='lat' dir='ltr'>monasterium</span> <span class='ocrx_word' id='word_1_71' title='bbox 1557 1387 1860 1455; x_wconf 81' lang='lat' dir='ltr'>diligenter</span> <span class='ocrx_word' id='word_1_72' title='bbox 1882 1389 2001 1443; x_wconf 86' lang='lat' dir='ltr'>cir-</span> 
     </span>
    </p>
   </div>
   <div class='ocr_carea' id='block_1_15' title="bbox 361 1476 2000 1546">
    <p class='ocr_par' dir='ltr' id='par_1_15' title="bbox 361 1476 2000 1546">
     <span class='ocr_line' id='line_1_15' title="bbox 361 1476 2000 1546; baseline 0 -14"><span class='ocrx_word' id='word_1_73' title='bbox 361 1476 900 1544; x_wconf 88' lang='lat' dir='ltr'>cumvallavit,adeo</span> <span class='ocrx_word' id='word_1_74' title='bbox 918 1483 1095 1531; x_wconf 89' lang='lat' dir='ltr'>utnec</span> <span class='ocrx_word' id='word_1_75' title='bbox 1108 1476 1332 1531; x_wconf 85' lang='lat' dir='ltr'>hiscere</span> <span class='ocrx_word' id='word_1_76' title='bbox 1347 1476 1747 1546; x_wconf 89' lang='lat' dir='ltr'>cuiquam,nec</span> <span class='ocrx_word' id='word_1_77' title='bbox 1761 1477 2000 1532; x_wconf 87' lang='lat' dir='ltr'>omnino</span> 
     </span>
    </p>
   </div>
   <div class='ocr_carea' id='block_1_16' title="bbox 360 1565 1999 1636">
    <p class='ocr_par' dir='ltr' id='par_1_16' title="bbox 360 1565 1999 1636">
     <span class='ocr_line' id='line_1_16' title="bbox 360 1565 1999 1636; baseline 0.001 -15"><span class='ocrx_word' id='word_1_78' title='bbox 360 1571 535 1636; x_wconf 88' lang='lat' dir='ltr'>caput</span> <span class='ocrx_word' id='word_1_79' title='bbox 567 1565 770 1620; x_wconf 81' lang='lat' dir='ltr'>eﬂ‘erre</span> <span class='ocrx_word' id='word_1_80' title='bbox 819 1567 1270 1636; x_wconf 86' lang='lat' dir='ltr'>permitteretur.</span> <span class='ocrx_word' id='word_1_81' title='bbox 1334 1565 1498 1621; x_wconf 89' lang='lat' dir='ltr'>Intus</span> <span class='ocrx_word' id='word_1_82' title='bbox 1549 1565 1807 1632; x_wconf 86' lang='lat' dir='ltr'>timores,</span> <span class='ocrx_word' id='word_1_83' title='bbox 1861 1568 1999 1624; x_wconf 82' lang='lat' dir='ltr'>foris</span> 
     </span>
    </p>
   </div>
   <div class='ocr_carea' id='block_1_17' title="bbox 361 1657 1997 1730">
    <p class='ocr_par' dir='ltr' id='par_1_17' title="bbox 361 1657 1997 1730">
     <span class='ocr_line' id='line_1_17' title="bbox 361 1657 1997 1730; baseline 0.001 -16"><span class='ocrx_word' id='word_1_84' title='bbox 361 1664 609 1714; x_wconf 85' lang='lat' dir='ltr'>terrores</span> <span class='ocrx_word' id='word_1_85' title='bbox 642 1659 1114 1729; x_wconf 90' lang='lat' dir='ltr'>pr0ponebantur</span> <span class='ocrx_word' id='word_1_86' title='bbox 1145 1675 1209 1712; x_wconf 91' lang='lat' dir='ltr'>ac</span> <span class='ocrx_word' id='word_1_87' title='bbox 1260 1657 1467 1711; x_wconf 68' lang='lat' dir='ltr'>minae:</span> <span class='ocrx_word' id='word_1_88' title='bbox 1531 1660 1769 1730; x_wconf 86' lang='lat' dir='ltr'>quinam</span> <span class='ocrx_word' id='word_1_89' title='bbox 1803 1663 1997 1715; x_wconf 90' lang='lat' dir='ltr'>autem</span> 
     </span>
    </p>
   </div>
   <div class='ocr_carea' id='block_1_18' title="bbox 361 1747 1996 1818">
    <p class='ocr_par' dir='ltr' id='par_1_18' title="bbox 361 1747 1996 1818">
     <span class='ocr_line' id='line_1_18' title="bbox 361 1747 1996 1818; baseline 0.001 -15"><span class='ocrx_word' id='word_1_90' title='bbox 361 1764 458 1803; x_wconf 89' lang='lat' dir='ltr'>eas</span> <span class='ocrx_word' id='word_1_91' title='bbox 493 1753 879 1818; x_wconf 84' lang='lat' dir='ltr'>proponerent</span> <span class='ocrx_word' id='word_1_92' title='bbox 912 1753 1140 1818; x_wconf 82' lang='lat' dir='ltr'>propter</span> <span class='ocrx_word' id='word_1_93' title='bbox 1171 1747 1319 1802; x_wconf 82' lang='lat' dir='ltr'>sacri</span> <span class='ocrx_word' id='word_1_94' title='bbox 1351 1747 1586 1802; x_wconf 87' lang='lat' dir='ltr'>habitus</span> <span class='ocrx_word' id='word_1_95' title='bbox 1619 1749 1996 1804; x_wconf 85' lang='lat' dir='ltr'>reverentiam</span> 
     </span>
    </p>
   </div>
   <div class='ocr_carea' id='block_1_19' title="bbox 362 1836 2073 1926">
    <p class='ocr_par' dir='ltr' id='par_1_19' title="bbox 362 1836 2073 1926">
     <span class='ocr_line' id='line_1_19' title="bbox 362 1836 2073 1926; baseline 0.002 -36"><span class='ocrx_word' id='word_1_96' title='bbox 362 1838 550 1893; x_wconf 89' lang='lat' dir='ltr'>dicere</span> <span class='ocrx_word' id='word_1_97' title='bbox 581 1838 946 1905; x_wconf 75' lang='lat' dir='ltr'>snpersede0°</span> <span class='ocrx_word' id='word_1_98' title='bbox 982 1839 1024 1892; x_wconf 91' lang='grc' dir='ltr'><strong>Ο</strong></span> <span class='ocrx_word' id='word_1_99' title='bbox 1055 1836 1450 1892; x_wconf 88' lang='lat' dir='ltr'>calamitatem</span> <span class='ocrx_word' id='word_1_100' title='bbox 1480 1837 1642 1892; x_wconf 90' lang='lat' dir='ltr'>illius</span> <span class='ocrx_word' id='word_1_101' title='bbox 1672 1839 1954 1909; x_wconf 85' lang='lat' dir='ltr'>temporis</span> <span class='ocrx_word' id='word_1_102' title='bbox 1980 1838 1992 1893; x_wconf 76' lang='grc' dir='ltr'><strong>Ξ</strong></span> <span class='ocrx_word' id='word_1_103' title='bbox 2028 1862 2073 1926; x_wconf 79' lang='grc' dir='ltr'><strong>Β</strong></span> 
     </span>
    </p>
   </div>
   <div class='ocr_carea' id='block_1_20' title="bbox 360 1926 1990 1999">
    <p class='ocr_par' dir='ltr' id='par_1_20' title="bbox 360 1926 1990 1999">
     <span class='ocr_line' id='line_1_20' title="bbox 360 1926 1990 1999; baseline -0.001 -16"><span class='ocrx_word' id='word_1_104' title='bbox 360 1943 532 1984; x_wconf 89' lang='lat' dir='ltr'>nemo</span> <span class='ocrx_word' id='word_1_105' title='bbox 566 1927 681 1983; x_wconf 83' lang='lat' dir='ltr'>fere</span> <span class='ocrx_word' id='word_1_106' title='bbox 712 1927 819 1981; x_wconf 81' lang='lat' dir='ltr'>fuit</span> <span class='ocrx_word' id='word_1_107' title='bbox 848 1927 1113 1997; x_wconf 87' lang='lat' dir='ltr'>superior</span> <span class='ocrx_word' id='word_1_108' title='bbox 1135 1932 1278 1982; x_wconf 68' lang='lat' dir='ltr'>testu</span> <span class='ocrx_word' id='word_1_109' title='bbox 1310 1926 1407 1982; x_wconf 94' lang='lat' dir='ltr'>illo</span> <span class='ocrx_word' id='word_1_110' title='bbox 1429 1936 1667 1982; x_wconf 91' lang='lat' dir='ltr'>cunctos</span> <span class='ocrx_word' id='word_1_111' title='bbox 1689 1932 1990 1999; x_wconf 82' lang='lat' dir='ltr'>reptante:</span> 
     </span>
    </p>
   </div>
   <div class='ocr_carea' id='block_1_21' title="bbox 359 2017 1997 2088">
    <p class='ocr_par' dir='ltr' id='par_1_21' title="bbox 359 2017 1997 2088">
     <span class='ocr_line' id='line_1_21' title="bbox 359 2017 1997 2088; baseline 0 -17"><span class='ocrx_word' id='word_1_112' title='bbox 359 2033 530 2073; x_wconf 88' lang='lat' dir='ltr'>nemo</span> <span class='ocrx_word' id='word_1_113' title='bbox 563 2017 662 2088; x_wconf 93' lang='lat' dir='ltr'>qui</span> <span class='ocrx_word' id='word_1_114' title='bbox 696 2025 847 2072; x_wconf 84' lang='lat' dir='ltr'>recta</span> <span class='ocrx_word' id='word_1_115' title='bbox 889 2018 1180 2083; x_wconf 89' lang='lat' dir='ltr'>suaderet,</span> <span class='ocrx_word' id='word_1_116' title='bbox 1238 2020 1337 2070; x_wconf 91' lang='lat' dir='ltr'>aut</span> <span class='ocrx_word' id='word_1_117' title='bbox 1366 2033 1605 2072; x_wconf 90' lang='lat' dir='ltr'>causam</span> <span class='ocrx_word' id='word_1_118' title='bbox 1663 2017 1764 2072; x_wconf 90' lang='lat' dir='ltr'>Dei</span> <span class='ocrx_word' id='word_1_119' title='bbox 1821 2018 1997 2073; x_wconf 85' lang='lat' dir='ltr'>susti-</span> 
     </span>
    </p>
   </div>
   <div class='ocr_carea' id='block_1_22' title="bbox 359 2107 1994 2163">
    <p class='ocr_par' dir='ltr' id='par_1_22' title="bbox 359 2107 1994 2163">
     <span class='ocr_line' id='line_1_22' title="bbox 359 2107 1994 2163; baseline -0.001 -1"><span class='ocrx_word' id='word_1_120' title='bbox 359 2111 541 2163; x_wconf 88' lang='lat' dir='ltr'>neret.</span> <span class='ocrx_word' id='word_1_121' title='bbox 602 2107 824 2162; x_wconf 89' lang='lat' dir='ltr'>Bonum</span> <span class='ocrx_word' id='word_1_122' title='bbox 903 2122 968 2160; x_wconf 90' lang='lat' dir='ltr'>ac</span> <span class='ocrx_word' id='word_1_123' title='bbox 1025 2107 1189 2161; x_wconf 90' lang='lat' dir='ltr'>valde</span> <span class='ocrx_word' id='word_1_124' title='bbox 1267 2107 1617 2162; x_wconf 86' lang='lat' dir='ltr'>conveniens</span> <span class='ocrx_word' id='word_1_125' title='bbox 1691 2107 1994 2162; x_wconf 83' lang='lat' dir='ltr'>videbatur</span> 
     </span>
    </p>
   </div>
   <div class='ocr_carea' id='block_1_23' title="bbox 359 2196 1995 2269">
    <p class='ocr_par' dir='ltr' id='par_1_23' title="bbox 359 2196 1995 2269">
     <span class='ocr_line' id='line_1_23' title="bbox 359 2196 1995 2269; baseline 0 -17"><span class='ocrx_word' id='word_1_126' title='bbox 359 2196 631 2252; x_wconf 90' lang='lat' dir='ltr'>omnibus</span> <span class='ocrx_word' id='word_1_127' title='bbox 662 2196 720 2250; x_wconf 91' lang='lat' dir='ltr'>in</span> <span class='ocrx_word' id='word_1_128' title='bbox 767 2197 1048 2267; x_wconf 85' lang='lat' dir='ltr'>dignitate</span> <span class='ocrx_word' id='word_1_129' title='bbox 1095 2196 1452 2263; x_wconf 87' lang='lat' dir='ltr'>constitutis,</span> <span class='ocrx_word' id='word_1_130' title='bbox 1515 2213 1626 2251; x_wconf 90' lang='lat' dir='ltr'>non</span> <span class='ocrx_word' id='word_1_131' title='bbox 1657 2213 1995 2269; x_wconf 84' lang='lat' dir='ltr'>exasperare</span> 
     </span>
    </p>
   </div>
   <div class='ocr_carea' id='block_1_24' title="bbox 358 2284 1997 2358">
    <p class='ocr_par' dir='ltr' id='par_1_24' title="bbox 358 2284 1997 2358">
     <span class='ocr_line' id='line_1_24' title="bbox 358 2284 1997 2358; baseline 0 -16"><span class='ocrx_word' id='word_1_132' title='bbox 358 2287 721 2342; x_wconf 83' lang='lat' dir='ltr'>iracundiam</span> <span class='ocrx_word' id='word_1_133' title='bbox 755 2285 1084 2358; x_wconf 79' lang='lat' dir='ltr'>regnantis;</span> <span class='ocrx_word' id='word_1_134' title='bbox 1118 2284 1258 2354; x_wconf 85' lang='lat' dir='ltr'>ipsis</span> <span class='ocrx_word' id='word_1_135' title='bbox 1287 2285 1462 2341; x_wconf 88' lang='lat' dir='ltr'>etiam</span> <span class='ocrx_word' id='word_1_136' title='bbox 1521 2287 1621 2356; x_wconf 90' lang='lat' dir='ltr'>qui</span> <span class='ocrx_word' id='word_1_137' title='bbox 1652 2296 1813 2341; x_wconf 88' lang='lat' dir='ltr'>erant</span> <span class='ocrx_word' id='word_1_138' title='bbox 1843 2287 1997 2357; x_wconf 86' lang='lat' dir='ltr'>ejus-</span> 
     </span>
    </p>
   </div>
   <div class='ocr_carea' id='block_1_25' title="bbox 361 2375 1994 2446">
    <p class='ocr_par' dir='ltr' id='par_1_25' title="bbox 361 2375 1994 2446">
     <span class='ocr_line' id='line_1_25' title="bbox 361 2375 1994 2446; baseline 0 -14"><span class='ocrx_word' id='word_1_139' title='bbox 361 2377 494 2432; x_wconf 89' lang='lat' dir='ltr'>dem</span> <span class='ocrx_word' id='word_1_140' title='bbox 529 2375 826 2431; x_wconf 82' lang='lat' dir='ltr'>nobiscum</span> <span class='ocrx_word' id='word_1_141' title='bbox 849 2376 1090 2442; x_wconf 85' lang='lat' dir='ltr'>ordinis,</span> <span class='ocrx_word' id='word_1_142' title='bbox 1121 2375 1273 2446; x_wconf 91' lang='lat' dir='ltr'>quod</span> <span class='ocrx_word' id='word_1_143' title='bbox 1296 2391 1439 2430; x_wconf 88' lang='lat' dir='ltr'>sane</span> <span class='ocrx_word' id='word_1_144' title='bbox 1456 2385 1575 2430; x_wconf 86' lang='lat' dir='ltr'>erat</span> <span class='ocrx_word' id='word_1_145' title='bbox 1605 2376 1994 2432; x_wconf 88' lang='lat' dir='ltr'>miserabilius</span> 
     </span>
    </p>
   </div>
   <div class='ocr_carea' id='block_1_26' title="bbox 364 2463 1994 2536">
    <p class='ocr_par' dir='ltr' id='par_1_26' title="bbox 364 2463 1994 2536">
     <span class='ocr_line' id='line_1_26' title="bbox 364 2463 1994 2536; baseline 0 -15"><span class='ocrx_word' id='word_1_146' title='bbox 364 2467 636 2536; x_wconf 86' lang='lat' dir='ltr'>Denique,</span> <span class='ocrx_word' id='word_1_147' title='bbox 678 2469 741 2519; x_wconf 89' lang='lat' dir='ltr'>ut</span> <span class='ocrx_word' id='word_1_148' title='bbox 771 2466 1111 2534; x_wconf 88' lang='lat' dir='ltr'>compendio</span> <span class='ocrx_word' id='word_1_149' title='bbox 1171 2481 1291 2519; x_wconf 90' lang='lat' dir='ltr'>rem</span> <span class='ocrx_word' id='word_1_150' title='bbox 1352 2463 1671 2531; x_wconf 87' lang='lat' dir='ltr'>absolvam,</span> <span class='ocrx_word' id='word_1_151' title='bbox 1704 2480 1771 2519; x_wconf 86' lang='lat' dir='ltr'>ex</span> <span class='ocrx_word' id='word_1_152' title='bbox 1805 2466 1994 2521; x_wconf 89' lang='lat' dir='ltr'>medio</span> 
     </span>
    </p>
   </div>
   <div class='ocr_carea' id='block_1_27' title="bbox 361 2553 1995 2625">
    <p class='ocr_par' dir='ltr' id='par_1_27' title="bbox 361 2553 1995 2625">
     <span class='ocr_line' id='line_1_27' title="bbox 361 2553 1995 2625; baseline 0 -16"><span class='ocrx_word' id='word_1_153' title='bbox 361 2555 627 2610; x_wconf 83' lang='lat' dir='ltr'>Fratrum</span> <span class='ocrx_word' id='word_1_154' title='bbox 669 2553 782 2625; x_wconf 82' lang='lat'>(25)</span> <span class='ocrx_word' id='word_1_155' title='bbox 813 2569 843 2607; x_wconf 93' lang='lat' dir='ltr'>e</span> <span class='ocrx_word' id='word_1_156' title='bbox 875 2560 1046 2607; x_wconf 89' lang='lat' dir='ltr'>noctu</span> <span class='ocrx_word' id='word_1_157' title='bbox 1081 2553 1306 2623; x_wconf 87' lang='lat' dir='ltr'>rapitur</span> <span class='ocrx_word' id='word_1_158' title='bbox 1337 2553 1514 2620; x_wconf 86' lang='lat' dir='ltr'>Plato,</span> <span class='ocrx_word' id='word_1_159' title='bbox 1567 2564 1764 2624; x_wconf 85' lang='lat' dir='ltr'>raptus</span> <span class='ocrx_word' id='word_1_160' title='bbox 1813 2554 1995 2609; x_wconf 92' lang='lat' dir='ltr'>inclu-</span> 
     </span>
    </p>
   </div>
   <div class='ocr_carea' id='block_1_28' title="bbox 361 2642 1994 2714">
    <p class='ocr_par' dir='ltr' id='par_1_28' title="bbox 361 2642 1994 2714">
     <span class='ocr_line' id='line_1_28' title="bbox 361 2642 1994 2714; baseline 0 -16"><span class='ocrx_word' id='word_1_161' title='bbox 361 2643 518 2698; x_wconf 84' lang='lat' dir='ltr'>ditur</span> <span class='ocrx_word' id='word_1_162' title='bbox 575 2643 811 2698; x_wconf 88' lang='lat' dir='ltr'>carceri.</span> <span class='ocrx_word' id='word_1_163' title='bbox 872 2643 1082 2698; x_wconf 89' lang='lat' dir='ltr'>Secuta</span> <span class='ocrx_word' id='word_1_164' title='bbox 1130 2652 1214 2698; x_wconf 87' lang='lat' dir='ltr'>est</span> <span class='ocrx_word' id='word_1_165' title='bbox 1255 2643 1377 2697; x_wconf 91' lang='lat' dir='ltr'>dies</span> <span class='ocrx_word' id='word_1_166' title='bbox 1435 2642 1638 2714; x_wconf 83' lang='lat' dir='ltr'>synodi</span> <span class='ocrx_word' id='word_1_167' title='bbox 1695 2643 1994 2710; x_wconf 73' lang='lat' dir='ltr'>habendae,</span> 
     </span>
    </p>
   </div>
   <div class='ocr_carea' id='block_1_29' title="bbox 363 2730 1990 2802">
    <p class='ocr_par' dir='ltr' id='par_1_29' title="bbox 363 2730 1990 2802">
     <span class='ocr_line' id='line_1_29' title="bbox 363 2730 1990 2802; baseline 0.001 -16"><span class='ocrx_word' id='word_1_168' title='bbox 363 2732 432 2786; x_wconf 91' lang='lat' dir='ltr'>ad</span> <span class='ocrx_word' id='word_1_169' title='bbox 467 2747 638 2802; x_wconf 87' lang='lat' dir='ltr'>quam</span> <span class='ocrx_word' id='word_1_170' title='bbox 671 2730 828 2785; x_wconf 89' lang='lat' dir='ltr'>velut</span> <span class='ocrx_word' id='word_1_171' title='bbox 850 2730 1152 2786; x_wconf 85' lang='lat' dir='ltr'>maleficus</span> <span class='ocrx_word' id='word_1_172' title='bbox 1197 2732 1482 2786; x_wconf 87' lang='lat' dir='ltr'>adductus</span> <span class='ocrx_word' id='word_1_173' title='bbox 1521 2736 1609 2786; x_wconf 87' lang='lat' dir='ltr'>est</span> <span class='ocrx_word' id='word_1_174' title='bbox 1637 2733 1824 2801; x_wconf 86' lang='lat' dir='ltr'>Pater,</span> <span class='ocrx_word' id='word_1_175' title='bbox 1858 2748 1990 2787; x_wconf 91' lang='lat' dir='ltr'>cum</span> 
     </span>
    </p>
   </div>
   <div class='ocr_carea' id='block_1_30' title="bbox 362 2819 1992 2891">
    <p class='ocr_par' dir='ltr' id='par_1_30' title="bbox 362 2819 1992 2891">
     <span class='ocr_line' id='line_1_30' title="bbox 362 2819 1992 2891; baseline 0.001 -16"><span class='ocrx_word' id='word_1_176' title='bbox 362 2821 546 2876; x_wconf 90' lang='lat' dir='ltr'>tribus</span> <span class='ocrx_word' id='word_1_177' title='bbox 577 2837 607 2875; x_wconf 93' lang='lat' dir='ltr'>e</span> <span class='ocrx_word' id='word_1_178' title='bbox 634 2820 779 2887; x_wconf 90' lang='lat' dir='ltr'>suis,</span> <span class='ocrx_word' id='word_1_179' title='bbox 823 2835 923 2891; x_wconf 88' lang='lat' dir='ltr'>per</span> <span class='ocrx_word' id='word_1_180' title='bbox 963 2835 1201 2874; x_wconf 88' lang='lat' dir='ltr'>manum</span> <span class='ocrx_word' id='word_1_181' title='bbox 1237 2819 1567 2874; x_wconf 87' lang='lat' dir='ltr'>militarem.</span> <span class='ocrx_word' id='word_1_182' title='bbox 1603 2820 1992 2876; x_wconf 89' lang='lat' dir='ltr'>Miserandum</span> 
     </span>
    </p>
   </div>
   <div class='ocr_carea' id='block_1_31' title="bbox 360 2908 1996 2984">
    <p class='ocr_par' dir='ltr' id='par_1_31' title="bbox 360 2908 1996 2984">
     <span class='ocr_line' id='line_1_31' title="bbox 360 2908 1996 2984; baseline 0 -20"><span class='ocrx_word' id='word_1_183' title='bbox 360 2909 751 2984; x_wconf 75' lang='lat' dir='ltr'>Spectaculum</span> <span class='ocrx_word' id='word_1_184' title='bbox 797 2909 810 2963; x_wconf 83' lang='grc' dir='ltr'>ι</span> <span class='ocrx_word' id='word_1_185' title='bbox 863 2908 1052 2963; x_wconf 84' lang='lat' dir='ltr'>videre</span> <span class='ocrx_word' id='word_1_186' title='bbox 1091 2924 1307 2970; x_wconf 86' lang='lat' dir='ltr'>senem.</span> <span class='ocrx_word' id='word_1_187' title='bbox 1344 2913 1576 2979; x_wconf 90' lang='lat' dir='ltr'>propter</span> <span class='ocrx_word' id='word_1_188' title='bbox 1631 2908 1996 2964; x_wconf 88' lang='lat' dir='ltr'>imbecillita-</span> 
     </span>
    </p>
   </div>
   <div class='ocr_carea' id='block_1_32' title="bbox 2111 577 3753 657">
    <p class='ocr_par' dir='ltr' id='par_1_32' title="bbox 2111 577 3753 657">
     <span class='ocr_line' id='line_1_32' title="bbox 2111 577 3753 657; baseline 0.001 -23"><span class='ocrx_word' id='word_1_189' title='bbox 2111 577 2169 634; x_wconf 76' lang='grc' dir='ltr'>δὲ</span> <span class='ocrx_word' id='word_1_190' title='bbox 2198 579 2394 651; x_wconf 79' lang='grc' dir='ltr'>αἶ’τιον,</span> <span class='ocrx_word' id='word_1_191' title='bbox 2426 582 2628 657; x_wconf 80' lang='grc' dir='ltr'>Ἰωσὴφ</span> <span class='ocrx_word' id='word_1_192' title='bbox 2660 583 2687 635; x_wconf 91' lang='lat'>6</span> <span class='ocrx_word' id='word_1_193' title='bbox 2741 582 3166 655; x_wconf 83' lang='grc' dir='ltr'>μοιχοζεύκτης,</span> <span class='ocrx_word' id='word_1_194' title='bbox 3197 583 3258 637; x_wconf 83' lang='grc' dir='ltr'>τὸ</span> <span class='ocrx_word' id='word_1_195' title='bbox 3307 581 3597 656; x_wconf 86' lang='grc' dir='ltr'>ἐγκόλπιον</span> <span class='ocrx_word' id='word_1_196' title='bbox 3660 602 3753 635; x_wconf 89' lang='grc' dir='ltr'>κα-</span> 
     </span>
    </p>
   </div>
   <div class='ocr_carea' id='block_1_33' title="bbox 2107 668 3748 745">
    <p class='ocr_par' dir='ltr' id='par_1_33' title="bbox 2107 668 3748 745">
     <span class='ocr_line' id='line_1_33' title="bbox 2107 668 3748 745; baseline 0.001 -23"><span class='ocrx_word' id='word_1_197' title='bbox 2107 668 2222 722; x_wconf 84' lang='grc' dir='ltr'>κὸν.</span> <span class='ocrx_word' id='word_1_198' title='bbox 2259 670 2286 724; x_wconf 97' lang='lat'>6</span> <span class='ocrx_word' id='word_1_199' title='bbox 2334 676 2434 738; x_wconf 78' lang='grc' dir='ltr'>τῆς</span> <span class='ocrx_word' id='word_1_200' title='bbox 2477 669 2799 738; x_wconf 88' lang='grc' dir='ltr'>Ἐκκλησιας</span> <span class='ocrx_word' id='word_1_201' title='bbox 2849 672 3129 745; x_wconf 78' lang='grc' dir='ltr'>τάραχος·</span> <span class='ocrx_word' id='word_1_202' title='bbox 3191 672 3252 725; x_wconf 81' lang='grc' dir='ltr'>οὗ</span> <span class='ocrx_word' id='word_1_203' title='bbox 3302 669 3514 740; x_wconf 84' lang='grc' dir='ltr'>ἐπειδὴ,</span> <span class='ocrx_word' id='word_1_204' title='bbox 3548 672 3620 732; x_wconf 83' lang='grc' dir='ltr'>ὡς</span> <span class='ocrx_word' id='word_1_205' title='bbox 3670 670 3748 724; x_wconf 82' lang='grc' dir='ltr'>ἰὸν</span> 
     </span>
    </p>
   </div>
   <div class='ocr_carea' id='block_1_34' title="bbox 2108 754 3753 838">
    <p class='ocr_par' dir='ltr' id='par_1_34' title="bbox 2108 754 3753 838">
     <span class='ocr_line' id='line_1_34' title="bbox 2108 754 3753 838; baseline 0.003 -27"><span class='ocrx_word' id='word_1_206' title='bbox 2108 754 2305 833; x_wconf 79' lang='grc' dir='ltr'>ὄφεως,</span> <span class='ocrx_word' id='word_1_207' title='bbox 2338 764 2636 823; x_wconf 87' lang='grc' dir='ltr'>κανονικῶς</span> <span class='ocrx_word' id='word_1_208' title='bbox 2690 762 2789 829; x_wconf 78' lang='grc' dir='ltr'>τήν</span> <span class='ocrx_word' id='word_1_209' title='bbox 2847 761 3128 815; x_wconf 85' lang='grc' dir='ltr'>κοινωνίαν</span> <span class='ocrx_word' id='word_1_210' title='bbox 3188 761 3557 838; x_wconf 76' lang='grc' dir='ltr'>πεφεύγαμεν,</span> <span class='ocrx_word' id='word_1_211' title='bbox 3597 760 3753 815; x_wconf 82' lang='grc' dir='ltr'>ἀπει-</span> 
     </span>
    </p>
   </div>
   <div class='ocr_carea' id='block_1_35' title="bbox 2109 849 3607 923">
    <p class='ocr_par' dir='ltr' id='par_1_35' title="bbox 2109 849 3607 923">
     <span class='ocr_line' id='line_1_35' title="bbox 2109 849 3607 923; baseline 0.001 -19"><span class='ocrx_word' id='word_1_212' title='bbox 2109 849 2199 904; x_wconf 90' lang='grc' dir='ltr'>λαὶ</span> <span class='ocrx_word' id='word_1_213' title='bbox 2229 849 2372 922; x_wconf 83' lang='grc' dir='ltr'>παρὰ</span> <span class='ocrx_word' id='word_1_214' title='bbox 2401 853 2498 902; x_wconf 92' lang='grc' dir='ltr'>τοῦ</span> <span class='ocrx_word' id='word_1_215' title='bbox 2532 849 2816 921; x_wconf 85' lang='grc' dir='ltr'>Καίσαρος,</span> <span class='ocrx_word' id='word_1_216' title='bbox 2849 849 2937 904; x_wconf 83' lang='grc' dir='ltr'>ἐπὶ</span> <span class='ocrx_word' id='word_1_217' title='bbox 2969 850 3129 923; x_wconf 81' lang='grc' dir='ltr'>ξυροῦ</span> <span class='ocrx_word' id='word_1_218' title='bbox 3161 851 3211 904; x_wconf 84' lang='grc' dir='ltr'>οἱ</span> <span class='ocrx_word' id='word_1_219' title='bbox 3247 849 3607 922; x_wconf 69' lang='grc' dir='ltr'>ἐνιστάμενοι.</span> 
     </span>
    </p>
   </div>
   <div class='ocr_carea' id='block_1_36' title="bbox 2178 934 3750 1014">
    <p class='ocr_par' dir='ltr' id='par_1_36' title="bbox 2178 934 3750 1014">
     <span class='ocr_line' id='line_1_36' title="bbox 2178 934 3750 1014; baseline -0.001 -20"><span class='ocrx_word' id='word_1_220' title='bbox 2178 940 2279 1004; x_wconf 84' lang='grc' dir='ltr'>λς’.</span> <span class='ocrx_word' id='word_1_221' title='bbox 2314 939 2413 994; x_wconf 81' lang='grc' dir='ltr'>Καὶ</span> <span class='ocrx_word' id='word_1_222' title='bbox 2453 942 2570 1000; x_wconf 80' lang='grc' dir='ltr'>πῶς</span> <span class='ocrx_word' id='word_1_223' title='bbox 2630 938 2688 992; x_wconf 83' lang='grc' dir='ltr'>ἃν</span> <span class='ocrx_word' id='word_1_224' title='bbox 2743 941 2799 993; x_wconf 80' lang='lat' dir='ltr'>’s‘v</span> <span class='ocrx_word' id='word_1_225' title='bbox 2859 937 3069 1014; x_wconf 84' lang='grc' dir='ltr'>ὀλίγαις</span> <span class='ocrx_word' id='word_1_226' title='bbox 3112 934 3410 1000; x_wconf 79' lang='grc' dir='ltr'>συλλαϐαῖς</span> <span class='ocrx_word' id='word_1_227' title='bbox 3439 941 3501 994; x_wconf 88' lang='grc' dir='ltr'>τὸ</span> <span class='ocrx_word' id='word_1_228' title='bbox 3533 938 3750 1008; x_wconf 78' lang='grc' dir='ltr'>πλῆθος</span> 
     </span>
    </p>
   </div>
   <div class='ocr_carea' id='block_1_37' title="bbox 2104 1025 3749 1107">
    <p class='ocr_par' dir='ltr' id='par_1_37' title="bbox 2104 1025 3749 1107">
     <span class='ocr_line' id='line_1_37' title="bbox 2104 1025 3749 1107; baseline -0.001 -24"><span class='ocrx_word' id='word_1_229' title='bbox 2104 1033 2210 1084; x_wconf 89' lang='grc' dir='ltr'>τῶν</span> <span class='ocrx_word' id='word_1_230' title='bbox 2240 1033 2532 1100; x_wconf 86' lang='grc' dir='ltr'>τηνικαῦτα</span> <span class='ocrx_word' id='word_1_231' title='bbox 2567 1029 2952 1103; x_wconf 85' lang='grc' dir='ltr'>ὑπαρχθέντών</span> <span class='ocrx_word' id='word_1_232' title='bbox 2985 1027 3055 1082; x_wconf 81' lang='grc' dir='ltr'>δι’</span> <span class='ocrx_word' id='word_1_233' title='bbox 3079 1029 3212 1082; x_wconf 78' lang='grc' dir='ltr'>ὅλου</span> <span class='ocrx_word' id='word_1_234' title='bbox 3245 1026 3420 1098; x_wconf 82' lang='grc' dir='ltr'>ἔτους,</span> <span class='ocrx_word' id='word_1_235' title='bbox 3454 1025 3749 1107; x_wconf 73' lang='grc' dir='ltr'>φοϐήτρων</span> 
     </span>
    </p>
   </div>
   <div class='ocr_carea' id='block_1_38' title="bbox 2105 1115 3753 1192">
    <p class='ocr_par' dir='ltr' id='par_1_38' title="bbox 2105 1115 3753 1192">
     <span class='ocr_line' id='line_1_38' title="bbox 2105 1115 3753 1192; baseline -0.001 -20"><span class='ocrx_word' id='word_1_236' title='bbox 2105 1140 2162 1172; x_wconf 92' lang='grc' dir='ltr'>τε</span> <span class='ocrx_word' id='word_1_237' title='bbox 2218 1119 2308 1173; x_wconf 75' lang='grc' dir='ltr'>καὶ</span> <span class='ocrx_word' id='word_1_238' title='bbox 2369 1119 2750 1191; x_wconf 87' lang='grc' dir='ltr'>ἀποστροφῶν,</span> <span class='ocrx_word' id='word_1_239' title='bbox 2780 1118 3003 1191; x_wconf 83' lang='grc' dir='ltr'>ἀγώνων</span> <span class='ocrx_word' id='word_1_240' title='bbox 3057 1138 3114 1172; x_wconf 90' lang='grc' dir='ltr'>τε</span> <span class='ocrx_word' id='word_1_241' title='bbox 3165 1118 3252 1172; x_wconf 85' lang='grc' dir='ltr'>καὶ</span> <span class='ocrx_word' id='word_1_242' title='bbox 3297 1121 3635 1192; x_wconf 77' lang='grc' dir='ltr'>πειρασμῶν,</span> <span class='ocrx_word' id='word_1_243' title='bbox 3669 1115 3753 1172; x_wconf 86' lang='grc' dir='ltr'>δι-</span> 
     </span>
    </p>
   </div>
   <div class='ocr_carea' id='block_1_39' title="bbox 2106 1206 3743 1284">
    <p class='ocr_par' dir='ltr' id='par_1_39' title="bbox 2106 1206 3743 1284">
     <span class='ocr_line' id='line_1_39' title="bbox 2106 1206 3743 1284; baseline -0.001 -20"><span class='ocrx_word' id='word_1_244' title='bbox 2106 1212 2420 1284; x_wconf 80' lang='grc' dir='ltr'>ηγήσαιμι;</span> <span class='ocrx_word' id='word_1_245' title='bbox 2453 1206 2601 1264; x_wconf 79' lang='grc' dir='ltr'>Οἶδεν</span> <span class='ocrx_word' id='word_1_246' title='bbox 2659 1213 2822 1263; x_wconf 84' lang='grc' dir='ltr'>ταῦτα</span> <span class='ocrx_word' id='word_1_247' title='bbox 2881 1210 2908 1262; x_wconf 87' lang='grc' dir='ltr'>ὁ</span> <span class='ocrx_word' id='word_1_248' title='bbox 2957 1210 3166 1278; x_wconf 85' lang='grc' dir='ltr'>παθὼν,</span> <span class='ocrx_word' id='word_1_249' title='bbox 3215 1211 3305 1262; x_wconf 76' lang='grc' dir='ltr'>καὶ</span> <span class='ocrx_word' id='word_1_250' title='bbox 3352 1210 3377 1262; x_wconf 89' lang='grc' dir='ltr'>ὁ</span> <span class='ocrx_word' id='word_1_251' title='bbox 3425 1209 3588 1282; x_wconf 70' lang='grc' dir='ltr'>ἔγγὺς</span> <span class='ocrx_word' id='word_1_252' title='bbox 3646 1214 3743 1263; x_wconf 87' lang='grc' dir='ltr'>τοῦ</span> 
     </span>
    </p>
   </div>
   <div class='ocr_carea' id='block_1_40' title="bbox 2107 1296 3748 1372">
    <p class='ocr_par' dir='ltr' id='par_1_40' title="bbox 2107 1296 3748 1372">
     <span class='ocr_line' id='line_1_40' title="bbox 2107 1296 3748 1372; baseline -0.001 -20"><span class='ocrx_word' id='word_1_253' title='bbox 2107 1299 2377 1359; x_wconf 80' lang='grc' dir='ltr'>παθόντος</span> <span class='ocrx_word' id='word_1_254' title='bbox 2427 1298 2737 1370; x_wconf 75' lang='grc' dir='ltr'>ἱστάμενος.</span> <span class='ocrx_word' id='word_1_255' title='bbox 2770 1296 2957 1363; x_wconf 84' lang='grc' dir='ltr'>Τέλος,</span> <span class='ocrx_word' id='word_1_256' title='bbox 2992 1297 3352 1370; x_wconf 84' lang='grc' dir='ltr'>στρατιωτική</span> <span class='ocrx_word' id='word_1_257' title='bbox 3402 1297 3606 1372; x_wconf 68' lang='grc' dir='ltr'>φάλαγξ</span> <span class='ocrx_word' id='word_1_258' title='bbox 3649 1299 3748 1365; x_wconf 81' lang='grc' dir='ltr'>τήν</span> 
     </span>
    </p>
   </div>
   <div class='ocr_carea' id='block_1_41' title="bbox 2113 1384 3752 1464">
    <p class='ocr_par' dir='ltr' id='par_1_41' title="bbox 2113 1384 3752 1464">
     <span class='ocr_line' id='line_1_41' title="bbox 2113 1384 3752 1464; baseline 0 -23"><span class='ocrx_word' id='word_1_259' title='bbox 2113 1390 2284 1461; x_wconf 75' lang='grc' dir='ltr'>μονὴν</span> <span class='ocrx_word' id='word_1_260' title='bbox 2337 1386 2526 1458; x_wconf 86' lang='grc' dir='ltr'>κύκλῳ</span> <span class='ocrx_word' id='word_1_261' title='bbox 2585 1384 2843 1464; x_wconf 70' lang='grc' dir='ltr'>ἀσφαλῶς</span> <span class='ocrx_word' id='word_1_262' title='bbox 2919 1389 3409 1460; x_wconf 83' lang='grc' dir='ltr'>περιστοιχήσασα,</span> <span class='ocrx_word' id='word_1_263' title='bbox 3478 1387 3550 1447; x_wconf 87' lang='grc' dir='ltr'>ὡς</span> <span class='ocrx_word' id='word_1_264' title='bbox 3612 1385 3752 1458; x_wconf 73' lang='grc' dir='ltr'>μηδὲ</span> 
     </span>
    </p>
   </div>
   <div class='ocr_carea' id='block_1_42' title="bbox 2107 1472 3749 1551">
    <p class='ocr_par' dir='ltr' id='par_1_42' title="bbox 2107 1472 3749 1551">
     <span class='ocr_line' id='line_1_42' title="bbox 2107 1472 3749 1551; baseline -0.004 -17"><span class='ocrx_word' id='word_1_265' title='bbox 2107 1478 2291 1551; x_wconf 80' lang='grc' dir='ltr'>γρῦξαι</span> <span class='ocrx_word' id='word_1_266' title='bbox 2330 1477 2366 1544; x_wconf 75' lang='grc' dir='ltr'><strong>ἢ</strong></span> <span class='ocrx_word' id='word_1_267' title='bbox 2419 1475 2695 1549; x_wconf 71' lang='grc' dir='ltr'>προκύψαν.</span> <span class='ocrx_word' id='word_1_268' title='bbox 2751 1474 2869 1530; x_wconf 78' lang='grc' dir='ltr'>τινὰ</span> <span class='ocrx_word' id='word_1_269' title='bbox 2927 1473 3074 1535; x_wconf 78' lang='grc' dir='ltr'>ὅλως</span> <span class='ocrx_word' id='word_1_270' title='bbox 3123 1480 3565 1550; x_wconf 74' lang='grc' dir='ltr'>παραχωροῦσα·</span> <span class='ocrx_word' id='word_1_271' title='bbox 3614 1472 3749 1529; x_wconf 76' lang='grc' dir='ltr'>ἔσω-</span> 
     </span>
    </p>
   </div>
   <div class='ocr_carea' id='block_1_43' title="bbox 2109 1560 3749 1643">
    <p class='ocr_par' dir='ltr' id='par_1_43' title="bbox 2109 1560 3749 1643">
     <span class='ocr_line' id='line_1_43' title="bbox 2109 1560 3749 1643; baseline -0.001 -24"><span class='ocrx_word' id='word_1_272' title='bbox 2109 1568 2194 1619; x_wconf 90' lang='grc' dir='ltr'>θεν</span> <span class='ocrx_word' id='word_1_273' title='bbox 2226 1561 2411 1643; x_wconf 76' lang='grc' dir='ltr'>φόϐοι,</span> <span class='ocrx_word' id='word_1_274' title='bbox 2443 1560 2633 1636; x_wconf 78' lang='grc' dir='ltr'>ἔξωθεν</span> <span class='ocrx_word' id='word_1_275' title='bbox 2677 1563 2930 1632; x_wconf 81' lang='grc' dir='ltr'>πτόησις,</span> <span class='ocrx_word' id='word_1_276' title='bbox 2963 1562 3187 1619; x_wconf 87' lang='grc' dir='ltr'>ἀπειλαὶ</span> <span class='ocrx_word' id='word_1_277' title='bbox 3234 1566 3749 1638; x_wconf 88' lang='grc' dir='ltr'>παραπεμπόμεναι,</span> 
     </span>
    </p>
   </div>
   <div class='ocr_carea' id='block_1_44' title="bbox 2108 1651 3752 1729">
    <p class='ocr_par' dir='ltr' id='par_1_44' title="bbox 2108 1651 3752 1729">
     <span class='ocr_line' id='line_1_44' title="bbox 2108 1651 3752 1729; baseline -0.001 -20"><span class='ocrx_word' id='word_1_278' title='bbox 2108 1655 2196 1710; x_wconf 87' lang='grc' dir='ltr'>καὶ</span> <span class='ocrx_word' id='word_1_279' title='bbox 2253 1655 2380 1715; x_wconf 85' lang='grc' dir='ltr'>τοὺς</span> <span class='ocrx_word' id='word_1_280' title='bbox 2437 1652 2922 1729; x_wconf 74' lang='grc' dir='ltr'>παραπεμφθέντας</span> <span class='ocrx_word' id='word_1_281' title='bbox 2980 1653 3184 1728; x_wconf 74' lang='grc' dir='ltr'>ἀφίημι</span> <span class='ocrx_word' id='word_1_282' title='bbox 3237 1652 3410 1727; x_wconf 86' lang='grc' dir='ltr'>λέγειν</span> <span class='ocrx_word' id='word_1_283' title='bbox 3461 1651 3610 1708; x_wconf 81' lang='grc' dir='ltr'>αἰδοῖ</span> <span class='ocrx_word' id='word_1_284' title='bbox 3654 1658 3752 1707; x_wconf 90' lang='grc' dir='ltr'>τοῦ</span> 
     </span>
    </p>
   </div>
   <div class='ocr_carea' id='block_1_45' title="bbox 2111 1741 3751 1822">
    <p class='ocr_par' dir='ltr' id='par_1_45' title="bbox 2111 1741 3751 1822">
     <span class='ocr_line' id='line_1_45' title="bbox 2111 1741 3751 1822; baseline -0.002 -23"><span class='ocrx_word' id='word_1_285' title='bbox 2111 1747 2420 1822; x_wconf 77' lang='grc' dir='ltr'>σχήματος.</span> <span class='ocrx_word' id='word_1_286' title='bbox 2457 1748 2566 1796; x_wconf 84' lang='grc' dir='ltr'>Φεῦ</span> <span class='ocrx_word' id='word_1_287' title='bbox 2623 1748 2722 1811; x_wconf 83' lang='grc' dir='ltr'>τῆς</span> <span class='ocrx_word' id='word_1_288' title='bbox 2770 1747 2866 1797; x_wconf 88' lang='grc' dir='ltr'>τοῦ</span> <span class='ocrx_word' id='word_1_289' title='bbox 2915 1747 3107 1818; x_wconf 88' lang='grc' dir='ltr'>καιροῦ</span> <span class='ocrx_word' id='word_1_290' title='bbox 3157 1745 3360 1819; x_wconf 72' lang='grc' dir='ltr'>φορᾶςῐ</span> <span class='ocrx_word' id='word_1_291' title='bbox 3397 1741 3589 1804; x_wconf 77' lang='grc' dir='ltr'>Οὐδεὶς</span> <span class='ocrx_word' id='word_1_292' title='bbox 3620 1763 3751 1817; x_wconf 73' lang='grc' dir='ltr'>σχε-</span> 
     </span>
    </p>
   </div>
   <div class='ocr_carea' id='block_1_46' title="bbox 2113 1830 3751 1907">
    <p class='ocr_par' dir='ltr' id='par_1_46' title="bbox 2113 1830 3751 1907">
     <span class='ocr_line' id='line_1_46' title="bbox 2113 1830 3751 1907; baseline -0.002 -19"><span class='ocrx_word' id='word_1_293' title='bbox 2113 1831 2203 1888; x_wconf 86' lang='grc' dir='ltr'>δὸν</span> <span class='ocrx_word' id='word_1_294' title='bbox 2245 1837 2339 1888; x_wconf 87' lang='grc' dir='ltr'>τοῦ</span> <span class='ocrx_word' id='word_1_295' title='bbox 2386 1832 2652 1907; x_wconf 73' lang='grc' dir='ltr'>ῥεύματος</span> <span class='ocrx_word' id='word_1_296' title='bbox 2704 1831 2988 1906; x_wconf 82' lang='grc' dir='ltr'>ἀνώτερος,</span> <span class='ocrx_word' id='word_1_297' title='bbox 3023 1830 3199 1892; x_wconf 81' lang='grc' dir='ltr'>οὐδεὶς</span> <span class='ocrx_word' id='word_1_298' title='bbox 3253 1834 3280 1885; x_wconf 91' lang='grc' dir='ltr'><strong>ὁ</strong></span> <span class='ocrx_word' id='word_1_299' title='bbox 3325 1833 3391 1886; x_wconf 74' lang='grc' dir='ltr'>τὰ</span> <span class='ocrx_word' id='word_1_300' title='bbox 3443 1832 3575 1904; x_wconf 73' lang='grc' dir='ltr'>ὀρθὰ</span> <span class='ocrx_word' id='word_1_301' title='bbox 3625 1853 3751 1904; x_wconf 87' lang='grc' dir='ltr'>συμ-</span> 
     </span>
    </p>
   </div>
   <div class='ocr_carea' id='block_1_47' title="bbox 2103 1918 3752 1996">
    <p class='ocr_par' dir='ltr' id='par_1_47' title="bbox 2103 1918 3752 1996">
     <span class='ocr_line' id='line_1_47' title="bbox 2103 1918 3752 1996; baseline -0.002 -19"><span class='ocrx_word' id='word_1_302' title='bbox 2103 1918 2379 1978; x_wconf 76' lang='grc' dir='ltr'>ϐουλεύων</span> <span class='ocrx_word' id='word_1_303' title='bbox 2413 1922 2500 1976; x_wconf 85' lang='grc' dir='ltr'>καὶ</span> <span class='ocrx_word' id='word_1_304' title='bbox 2535 1920 2840 1996; x_wconf 77' lang='grc' dir='ltr'>ἐπαλείφων</span> <span class='ocrx_word' id='word_1_305' title='bbox 2867 1922 2932 1975; x_wconf 74' lang='grc' dir='ltr'>τὰ</span> <span class='ocrx_word' id='word_1_306' title='bbox 2963 1923 3078 1975; x_wconf 87' lang='grc' dir='ltr'>θεῖα</span> <span class='ocrx_word' id='word_1_307' title='bbox 3104 1941 3116 1952; x_wconf 89' lang='grc'><strong>·</strong></span> <span class='ocrx_word' id='word_1_308' title='bbox 3147 1922 3422 1994; x_wconf 85' lang='grc' dir='ltr'>ἀγαπητὸν</span> <span class='ocrx_word' id='word_1_309' title='bbox 3466 1920 3510 1974; x_wconf 75' lang='grc' dir='ltr'>εἲ</span> <span class='ocrx_word' id='word_1_310' title='bbox 3557 1923 3633 1992; x_wconf 79' lang='grc' dir='ltr'>μὴ</span> <span class='ocrx_word' id='word_1_311' title='bbox 3663 1921 3752 1974; x_wconf 77' lang='grc' dir='ltr'>καὶ</span> 
     </span>
    </p>
   </div>
   <div class='ocr_carea' id='block_1_48' title="bbox 2101 2013 3751 2088">
    <p class='ocr_par' dir='ltr' id='par_1_48' title="bbox 2101 2013 3751 2088">
     <span class='ocr_line' id='line_1_48' title="bbox 2101 2013 3751 2088; baseline -0.002 -19"><span class='ocrx_word' id='word_1_312' title='bbox 2101 2013 2246 2070; x_wconf 81' lang='grc' dir='ltr'>πολὺ</span> <span class='ocrx_word' id='word_1_313' title='bbox 2301 2013 2642 2086; x_wconf 86' lang='grc' dir='ltr'>συμπνέον...</span> <span class='ocrx_word' id='word_1_314' title='bbox 2792 2013 2892 2080; x_wconf 73' lang='grc' dir='ltr'>τὴν</span> <span class='ocrx_word' id='word_1_315' title='bbox 2953 2013 3124 2088; x_wconf 72' lang='grc' dir='ltr'>ὀργὴν</span> <span class='ocrx_word' id='word_1_316' title='bbox 3181 2019 3295 2074; x_wconf 82' lang='grc' dir='ltr'>τοῖς</span> <span class='ocrx_word' id='word_1_317' title='bbox 3341 2018 3620 2086; x_wconf 75' lang='grc' dir='ltr'>κρατοῦσι,</span> <span class='ocrx_word' id='word_1_318' title='bbox 3662 2015 3751 2067; x_wconf 78' lang='grc' dir='ltr'>καὶ</span> 
     </span>
    </p>
   </div>
   <div class='ocr_carea' id='block_1_49' title="bbox 2101 2100 3754 2178">
    <p class='ocr_par' dir='ltr' id='par_1_49' title="bbox 2101 2100 3754 2178">
     <span class='ocr_line' id='line_1_49' title="bbox 2101 2100 3754 2178; baseline -0.003 -19"><span class='ocrx_word' id='word_1_319' title='bbox 2101 2105 2163 2158; x_wconf 89' lang='grc' dir='ltr'>τό</span> <span class='ocrx_word' id='word_1_320' title='bbox 2193 2125 2252 2178; x_wconf 90' lang='grc' dir='ltr'>γε</span> <span class='ocrx_word' id='word_1_321' title='bbox 2283 2104 2665 2175; x_wconf 81' lang='grc' dir='ltr'>ἐλεεινότερον,</span> <span class='ocrx_word' id='word_1_322' title='bbox 2696 2107 2802 2156; x_wconf 87' lang='grc' dir='ltr'>τῶν</span> <span class='ocrx_word' id='word_1_323' title='bbox 2839 2103 3147 2176; x_wconf 88' lang='grc' dir='ltr'>ὁμοταγῶν.</span> <span class='ocrx_word' id='word_1_324' title='bbox 3196 2103 3392 2177; x_wconf 88' lang='grc' dir='ltr'>Πέρας,</span> <span class='ocrx_word' id='word_1_325' title='bbox 3417 2100 3487 2155; x_wconf 67' lang='grc' dir='ltr'>ἵν’</span> <span class='ocrx_word' id='word_1_326' title='bbox 3529 2102 3578 2156; x_wconf 83' lang='grc' dir='ltr'>ἐν</span> <span class='ocrx_word' id='word_1_327' title='bbox 3625 2123 3754 2156; x_wconf 89' lang='grc' dir='ltr'>συν-</span> 
     </span>
    </p>
   </div>
   <div class='ocr_carea' id='block_1_50' title="bbox 2102 2188 3751 2266">
    <p class='ocr_par' dir='ltr' id='par_1_50' title="bbox 2102 2188 3751 2266">
     <span class='ocr_line' id='line_1_50' title="bbox 2102 2188 3751 2266; baseline -0.001 -19"><span class='ocrx_word' id='word_1_328' title='bbox 2102 2194 2258 2265; x_wconf 89' lang='grc' dir='ltr'>τόμῳ</span> <span class='ocrx_word' id='word_1_329' title='bbox 2287 2193 2350 2247; x_wconf 89' lang='grc' dir='ltr'>τὸ</span> <span class='ocrx_word' id='word_1_330' title='bbox 2389 2196 2492 2246; x_wconf 81' lang='grc' dir='ltr'>πᾶν</span> <span class='ocrx_word' id='word_1_331' title='bbox 2523 2193 2876 2266; x_wconf 81' lang='grc' dir='ltr'>παραστήσω,</span> <span class='ocrx_word' id='word_1_332' title='bbox 2903 2192 3119 2264; x_wconf 83' lang='grc' dir='ltr'>ἁρπαγή</span> <span class='ocrx_word' id='word_1_333' title='bbox 3152 2188 3211 2245; x_wconf 82' lang='grc' dir='ltr'>ἐκ</span> <span class='ocrx_word' id='word_1_334' title='bbox 3244 2192 3410 2262; x_wconf 87' lang='grc' dir='ltr'>μέσου</span> <span class='ocrx_word' id='word_1_335' title='bbox 3439 2198 3541 2259; x_wconf 78' lang='grc' dir='ltr'>τῆς</span> <span class='ocrx_word' id='word_1_336' title='bbox 3590 2188 3751 2245; x_wconf 82' lang='grc' dir='ltr'>ἀδελ-</span> 
     </span>
    </p>
   </div>
   <div class='ocr_carea' id='block_1_51' title="bbox 2104 2280 3752 2360">
    <p class='ocr_par' dir='ltr' id='par_1_51' title="bbox 2104 2280 3752 2360">
     <span class='ocr_line' id='line_1_51' title="bbox 2104 2280 3752 2360; baseline -0.004 -23"><span class='ocrx_word' id='word_1_337' title='bbox 2104 2283 2342 2360; x_wconf 81' lang='grc' dir='ltr'>φότητος</span> <span class='ocrx_word' id='word_1_338' title='bbox 2397 2281 2833 2350; x_wconf 88' lang='grc' dir='ltr'>νυκτίωρος,καὶ</span> <span class='ocrx_word' id='word_1_339' title='bbox 2897 2281 3029 2352; x_wconf 84' lang='grc' dir='ltr'>μετὰ</span> <span class='ocrx_word' id='word_1_340' title='bbox 3085 2282 3184 2346; x_wconf 74' lang='grc' dir='ltr'>τήν</span> <span class='ocrx_word' id='word_1_341' title='bbox 3240 2280 3492 2353; x_wconf 78' lang='grc' dir='ltr'>ἁρπαγὴν</span> <span class='ocrx_word' id='word_1_342' title='bbox 3538 2282 3752 2353; x_wconf 83' lang='grc' dir='ltr'>κάθειρ-</span> 
     </span>
    </p>
   </div>
   <div class='ocr_carea' id='block_1_52' title="bbox 2105 2365 3751 2444">
    <p class='ocr_par' dir='ltr' id='par_1_52' title="bbox 2105 2365 3751 2444">
     <span class='ocr_line' id='line_1_52' title="bbox 2105 2365 3751 2444; baseline -0.002 -19"><span class='ocrx_word' id='word_1_343' title='bbox 2105 2375 2203 2444; x_wconf 81' lang='grc' dir='ltr'>ξις,</span> <span class='ocrx_word' id='word_1_344' title='bbox 2259 2371 2349 2424; x_wconf 77' lang='grc' dir='ltr'>καὶ</span> <span class='ocrx_word' id='word_1_345' title='bbox 2419 2372 2552 2444; x_wconf 81' lang='grc' dir='ltr'>μετὰ</span> <span class='ocrx_word' id='word_1_346' title='bbox 2625 2369 2889 2444; x_wconf 82' lang='grc' dir='ltr'>κάθειρξιν</span> <span class='ocrx_word' id='word_1_347' title='bbox 2960 2365 3185 2423; x_wconf 81' lang='grc' dir='ltr'>συνόδου</span> <span class='ocrx_word' id='word_1_348' title='bbox 3255 2368 3454 2443; x_wconf 83' lang='grc' dir='ltr'>ἡμέρα,</span> <span class='ocrx_word' id='word_1_349' title='bbox 3516 2369 3605 2424; x_wconf 85' lang='grc' dir='ltr'>καὶ</span> <span class='ocrx_word' id='word_1_350' title='bbox 3665 2370 3751 2423; x_wconf 76' lang='grc' dir='ltr'>ἐπὶ</span> 
     </span>
    </p>
   </div>
   <div class='ocr_carea' id='block_1_53' title="bbox 2102 2461 3751 2536">
    <p class='ocr_par' dir='ltr' id='par_1_53' title="bbox 2102 2461 3751 2536">
     <span class='ocr_line' id='line_1_53' title="bbox 2102 2461 3751 2536; baseline -0.002 -19"><span class='ocrx_word' id='word_1_351' title='bbox 2102 2463 2303 2531; x_wconf 84' lang='grc' dir='ltr'>ταύτης</span> <span class='ocrx_word' id='word_1_352' title='bbox 2337 2461 2428 2516; x_wconf 79' lang='grc' dir='ltr'>σὺν</span> <span class='ocrx_word' id='word_1_353' title='bbox 2468 2462 2640 2536; x_wconf 84' lang='grc' dir='ltr'>τρισὶν</span> <span class='ocrx_word' id='word_1_354' title='bbox 2679 2462 2782 2516; x_wconf 79' lang='grc' dir='ltr'>ὑπὸ</span> <span class='ocrx_word' id='word_1_355' title='bbox 2817 2466 3212 2533; x_wconf 79' lang='grc' dir='ltr'>στρατιωτικῆς</span> <span class='ocrx_word' id='word_1_356' title='bbox 3255 2461 3439 2534; x_wconf 82' lang='grc' dir='ltr'>χειρὸς</span> <span class='ocrx_word' id='word_1_357' title='bbox 3486 2461 3513 2512; x_wconf 90' lang='lat'>6</span> <span class='ocrx_word' id='word_1_358' title='bbox 3567 2464 3751 2534; x_wconf 69' lang='grc' dir='ltr'>Πατὴρ</span> 
     </span>
    </p>
   </div>
   <div class='ocr_carea' id='block_1_54' title="bbox 2105 2547 3748 2625">
    <p class='ocr_par' dir='ltr' id='par_1_54' title="bbox 2105 2547 3748 2625">
     <span class='ocr_line' id='line_1_54' title="bbox 2105 2547 3748 2625; baseline -0.002 -18"><span class='ocrx_word' id='word_1_359' title='bbox 2105 2553 2506 2625; x_wconf 72' lang='grc' dir='ltr'>παριστάμενος</span> <span class='ocrx_word' id='word_1_360' title='bbox 2578 2551 2653 2611; x_wconf 87' lang='grc' dir='ltr'>ὡς</span> <span class='ocrx_word' id='word_1_361' title='bbox 2706 2553 3028 2623; x_wconf 88' lang='grc' dir='ltr'>κακοῦργος.</span> <span class='ocrx_word' id='word_1_362' title='bbox 3090 2547 3354 2604; x_wconf 85' lang='grc' dir='ltr'>Ἐλεεινὸν</span> <span class='ocrx_word' id='word_1_363' title='bbox 3416 2547 3608 2622; x_wconf 87' lang='grc' dir='ltr'>θέαμα,</span> <span class='ocrx_word' id='word_1_364' title='bbox 3658 2552 3748 2624; x_wconf 76' lang='grc' dir='ltr'>γέ-</span> 
     </span>
    </p>
   </div>
   <div class='ocr_carea' id='block_1_55' title="bbox 2106 2637 3750 2718">
    <p class='ocr_par' dir='ltr' id='par_1_55' title="bbox 2106 2637 3750 2718">
     <span class='ocr_line' id='line_1_55' title="bbox 2106 2637 3750 2718; baseline -0.002 -22"><span class='ocrx_word' id='word_1_365' title='bbox 2106 2662 2268 2715; x_wconf 90' lang='grc' dir='ltr'>ροντα</span> <span class='ocrx_word' id='word_1_366' title='bbox 2300 2638 2540 2718; x_wconf 79' lang='grc' dir='ltr'>φοράδην</span> <span class='ocrx_word' id='word_1_367' title='bbox 2593 2639 2642 2712; x_wconf 79' lang='grc' dir='ltr'>ἐξ</span> <span class='ocrx_word' id='word_1_368' title='bbox 2701 2638 2968 2700; x_wconf 80' lang='grc' dir='ltr'>ἀσθενείας</span> <span class='ocrx_word' id='word_1_369' title='bbox 3023 2637 3291 2712; x_wconf 86' lang='grc' dir='ltr'>ἀγόμενον</span> <span class='ocrx_word' id='word_1_370' title='bbox 3353 2639 3442 2692; x_wconf 79' lang='grc' dir='ltr'>σὺν</span> <span class='ocrx_word' id='word_1_371' title='bbox 3490 2642 3558 2711; x_wconf 81' lang='grc' dir='ltr'>τῇ</span> <span class='ocrx_word' id='word_1_372' title='bbox 3616 2639 3750 2694; x_wconf 83' lang='grc' dir='ltr'>ἁλύ-</span> 
     </span>
    </p>
   </div>
   <div class='ocr_carea' id='block_1_56' title="bbox 2106 2724 3749 2803">
    <p class='ocr_par' dir='ltr' id='par_1_56' title="bbox 2106 2724 3749 2803">
     <span class='ocr_line' id='line_1_56' title="bbox 2106 2724 3749 2803; baseline -0.002 -19"><span class='ocrx_word' id='word_1_373' title='bbox 2106 2751 2205 2796; x_wconf 83' lang='grc' dir='ltr'>σει,</span> <span class='ocrx_word' id='word_1_374' title='bbox 2237 2731 2298 2798; x_wconf 81' lang='grc' dir='ltr'>ἣν</span> <span class='ocrx_word' id='word_1_375' title='bbox 2349 2729 2401 2784; x_wconf 84' lang='grc' dir='ltr'>ἐν</span> <span class='ocrx_word' id='word_1_376' title='bbox 2455 2733 2534 2799; x_wconf 80' lang='grc' dir='ltr'>τῷ</span> <span class='ocrx_word' id='word_1_377' title='bbox 2587 2725 2716 2782; x_wconf 79' lang='grc' dir='ltr'>ποδὶ</span> <span class='ocrx_word' id='word_1_378' title='bbox 2773 2724 3167 2799; x_wconf 81' lang='grc' dir='ltr'>καθηλωμένος</span> <span class='ocrx_word' id='word_1_379' title='bbox 3199 2725 3507 2803; x_wconf 74' lang='grc' dir='ltr'>ἐπεφέρετο,</span> <span class='ocrx_word' id='word_1_380' title='bbox 3539 2727 3629 2781; x_wconf 75' lang='grc' dir='ltr'>καὶ</span> <span class='ocrx_word' id='word_1_381' title='bbox 3660 2727 3749 2802; x_wconf 61' lang='grc' dir='ltr'>ἀφ’</span> 
     </span>
    </p>
   </div>
   <div class='ocr_carea' id='block_1_57' title="bbox 2105 2814 3748 2893">
    <p class='ocr_par' dir='ltr' id='par_1_57' title="bbox 2105 2814 3748 2893">
     <span class='ocr_line' id='line_1_57' title="bbox 2105 2814 3748 2893; baseline 0.007 -21"><span class='ocrx_word' id='word_1_382' title='bbox 2105 2817 2287 2893; x_wconf 74' lang='grc' dir='ltr'>ἐτέρου</span> <span class='ocrx_word' id='word_1_383' title='bbox 2343 2818 2417 2880; x_wconf 66' lang='grc' dir='ltr'>εἲς</span> <span class='ocrx_word' id='word_1_384' title='bbox 2472 2815 2651 2892; x_wconf 73' lang='grc' dir='ltr'>ἕτερον</span> <span class='ocrx_word' id='word_1_385' title='bbox 2704 2817 2855 2890; x_wconf 84' lang='grc' dir='ltr'>ὦμον</span> <span class='ocrx_word' id='word_1_386' title='bbox 2902 2814 3080 2889; x_wconf 83' lang='grc' dir='ltr'>ὥσπερ</span> <span class='ocrx_word' id='word_1_387' title='bbox 3112 2837 3163 2869; x_wconf 92' lang='grc' dir='ltr'>τι</span> <span class='ocrx_word' id='word_1_388' title='bbox 3197 2816 3349 2891; x_wconf 83' lang='grc' dir='ltr'>ἅγιος</span> <span class='ocrx_word' id='word_1_389' title='bbox 3385 2817 3748 2891; x_wconf 69' lang='grc' dir='ltr'>μεταριπτοῦ-</span> 
     </span>
    </p>
   </div>
   <div class='ocr_carea' id='block_1_58' title="bbox 2111 2931 2289 2983">
    <p class='ocr_par' dir='ltr' id='par_1_58' title="bbox 2111 2931 2289 2983">
     <span class='ocr_line' id='line_1_58' title="bbox 2111 2931 2289 2983; baseline 0.006 -18"><span class='ocrx_word' id='word_1_390' title='bbox 2111 2931 2203 2983; x_wconf 84' lang='grc' dir='ltr'>μεν</span> <span class='ocrx_word' id='word_1_391' title='bbox 2211 2932 2268 2964; x_wconf 84' lang='grc' dir='ltr'>ον</span> <span class='ocrx_word' id='word_1_392' title='bbox 2278 2954 2289 2966; x_wconf 84' lang='lat'>.</span> 
     </span>
    </p>
   </div>
   <div class='ocr_carea' id='block_1_59' title="bbox 361 2998 3752 3073">
    <p class='ocr_par' dir='ltr' id='par_1_59' title="bbox 361 2998 3752 3073">
     <span class='ocr_line' id='line_1_59' title="bbox 361 2998 3752 3073; baseline 0 -19"><span class='ocrx_word' id='word_1_393' title='bbox 361 3009 474 3056; x_wconf 88' lang='lat' dir='ltr'>tem</span> <span class='ocrx_word' id='word_1_394' title='bbox 507 2999 767 3055; x_wconf 92' lang='lat' dir='ltr'>humeris</span> <span class='ocrx_word' id='word_1_395' title='bbox 799 3000 1246 3070; x_wconf 87' lang='lat' dir='ltr'>deportandum,</span> <span class='ocrx_word' id='word_1_396' title='bbox 1304 3015 1436 3053; x_wconf 90' lang='lat' dir='ltr'>cum</span> <span class='ocrx_word' id='word_1_397' title='bbox 1491 3016 1560 3054; x_wconf 90' lang='lat' dir='ltr'>ea</span> <span class='ocrx_word' id='word_1_398' title='bbox 1617 3016 1729 3071; x_wconf 89' lang='lat' dir='ltr'>qua</span> <span class='ocrx_word' id='word_1_399' title='bbox 1788 3002 1991 3073; x_wconf 90' lang='lat' dir='ltr'>pedem</span> <span class='ocrx_word' id='word_1_400' title='bbox 2048 3002 2320 3058; x_wconf 88' lang='lat' dir='ltr'>induerat</span> <span class='ocrx_word' id='word_1_401' title='bbox 2375 3005 2598 3068; x_wconf 88' lang='lat' dir='ltr'>catena,</span> <span class='ocrx_word' id='word_1_402' title='bbox 2659 2999 2890 3068; x_wconf 89' lang='lat' dir='ltr'>adduci,</span> <span class='ocrx_word' id='word_1_403' title='bbox 2950 3002 3123 3068; x_wconf 87' lang='lat' dir='ltr'>atque</span> <span class='ocrx_word' id='word_1_404' title='bbox 3181 2999 3252 3054; x_wconf 90' lang='lat' dir='ltr'>ab</span> <span class='ocrx_word' id='word_1_405' title='bbox 3312 3015 3426 3054; x_wconf 92' lang='lat' dir='ltr'>uno</span> <span class='ocrx_word' id='word_1_406' title='bbox 3485 2999 3545 3053; x_wconf 90' lang='lat' dir='ltr'>in</span> <span class='ocrx_word' id='word_1_407' title='bbox 3595 2998 3752 3054; x_wconf 87' lang='lat' dir='ltr'>aliud</span> 
     </span>
    </p>
   </div>
   <div class='ocr_carea' id='block_1_60' title="bbox 363 3088 1708 3160">
    <p class='ocr_par' dir='ltr' id='par_1_60' title="bbox 363 3088 1708 3160">
     <span class='ocr_line' id='line_1_60' title="bbox 363 3088 1708 3160; baseline -0.001 -16"><span class='ocrx_word' id='word_1_408' title='bbox 363 3093 604 3145; x_wconf 90' lang='lat' dir='ltr'>dorsum</span> <span class='ocrx_word' id='word_1_409' title='bbox 637 3089 847 3160; x_wconf 77' lang='lat' dir='ltr'>trajici,</span> <span class='ocrx_word' id='word_1_410' title='bbox 880 3090 1038 3144; x_wconf 86' lang='lat' dir='ltr'>velut</span> <span class='ocrx_word' id='word_1_411' title='bbox 1069 3088 1359 3160; x_wconf 89' lang='lat' dir='ltr'>piaculum</span> <span class='ocrx_word' id='word_1_412' title='bbox 1393 3089 1708 3160; x_wconf 87' lang='lat' dir='ltr'>quoddam.</span> 
     </span>
    </p>
   </div>
   <div class='ocr_carea' id='block_1_61' title="bbox 429 3179 2070 3254">
    <p class='ocr_par' dir='ltr' id='par_1_61' title="bbox 429 3179 2070 3254">
     <span class='ocr_line' id='line_1_61' title="bbox 429 3179 2070 3254; baseline 0.001 -19"><span class='ocrx_word' id='word_1_413' title='bbox 429 3181 517 3235; x_wconf 88' lang='lat'>37.</span> <span class='ocrx_word' id='word_1_414' title='bbox 552 3180 662 3249; x_wconf 85' lang='lat' dir='ltr'>Ah,</span> <span class='ocrx_word' id='word_1_415' title='bbox 694 3179 806 3235; x_wconf 85' lang='lat' dir='ltr'>ab!</span> <span class='ocrx_word' id='word_1_416' title='bbox 859 3179 1111 3235; x_wconf 67' lang='lat' dir='ltr'>haeccine</span> <span class='ocrx_word' id='word_1_417' title='bbox 1155 3179 1414 3249; x_wconf 83' lang='lat' dir='ltr'>synodici</span> <span class='ocrx_word' id='word_1_418' title='bbox 1466 3179 1685 3234; x_wconf 88' lang='lat' dir='ltr'>ordinis</span> <span class='ocrx_word' id='word_1_419' title='bbox 1737 3183 1923 3236; x_wconf 84' lang='lat' dir='ltr'>forma</span> <span class='ocrx_word' id='word_1_420' title='bbox 1967 3182 1995 3235; x_wconf 87' lang='lat'><strong><em>?</em></strong></span> <span class='ocrx_word' id='word_1_421' title='bbox 2026 3190 2070 3254; x_wconf 74' lang='grc' dir='ltr'>ο</span> 
     </span>
    </p>
   </div>
   <div class='ocr_carea' id='block_1_62' title="bbox 361 3268 1997 3340">
    <p class='ocr_par' dir='ltr' id='par_1_62' title="bbox 361 3268 1997 3340">
     <span class='ocr_line' id='line_1_62' title="bbox 361 3268 1997 3340; baseline 0 -16"><span class='ocrx_word' id='word_1_422' title='bbox 361 3270 469 3324; x_wconf 91' lang='lat' dir='ltr'>hoc</span> <span class='ocrx_word' id='word_1_423' title='bbox 495 3270 784 3340; x_wconf 86' lang='lat' dir='ltr'>judicium</span> <span class='ocrx_word' id='word_1_424' title='bbox 820 3268 1048 3338; x_wconf 89' lang='lat' dir='ltr'>imperii</span> <span class='ocrx_word' id='word_1_425' title='bbox 1077 3268 1390 3324; x_wconf 88' lang='lat' dir='ltr'>Christiani</span> <span class='ocrx_word' id='word_1_426' title='bbox 1427 3269 1455 3322; x_wconf 71' lang='lat'>‘2</span> <span class='ocrx_word' id='word_1_427' title='bbox 1486 3269 1547 3323; x_wconf 91' lang='lat' dir='ltr'>In</span> <span class='ocrx_word' id='word_1_428' title='bbox 1580 3285 1715 3339; x_wconf 84' lang='lat' dir='ltr'>quo,</span> <span class='ocrx_word' id='word_1_429' title='bbox 1739 3271 1997 3338; x_wconf 86' lang='lat' dir='ltr'>obsecro,</span> 
     </span>
    </p>
   </div>
   <div class='ocr_carea' id='block_1_63' title="bbox 365 3357 1999 3429">
    <p class='ocr_par' dir='ltr' id='par_1_63' title="bbox 365 3357 1999 3429">
     <span class='ocr_line' id='line_1_63' title="bbox 365 3357 1999 3429; baseline 0 -15"><span class='ocrx_word' id='word_1_430' title='bbox 365 3360 485 3414; x_wconf 71' lang='lat' dir='ltr'>haec</span> <span class='ocrx_word' id='word_1_431' title='bbox 518 3358 847 3429; x_wconf 83' lang='lat' dir='ltr'>discrepant</span> <span class='ocrx_word' id='word_1_432' title='bbox 877 3358 948 3412; x_wconf 88' lang='lat' dir='ltr'>ab</span> <span class='ocrx_word' id='word_1_433' title='bbox 990 3357 1082 3421; x_wconf 88' lang='lat' dir='ltr'>iis,</span> <span class='ocrx_word' id='word_1_434' title='bbox 1143 3375 1267 3428; x_wconf 66' lang='lat' dir='ltr'>quae</span> <span class='ocrx_word' id='word_1_435' title='bbox 1296 3357 1433 3413; x_wconf 92' lang='lat' dir='ltr'>olim</span> <span class='ocrx_word' id='word_1_436' title='bbox 1476 3371 1600 3414; x_wconf 88' lang='lat' dir='ltr'>acta</span> <span class='ocrx_word' id='word_1_437' title='bbox 1638 3358 1999 3414; x_wconf 88' lang='lat' dir='ltr'>latrocinan-</span> 
     </span>
    </p>
   </div>
   <div class='ocr_carea' id='block_1_64' title="bbox 361 3447 1998 3506">
    <p class='ocr_par' dir='ltr' id='par_1_64' title="bbox 361 3447 1998 3506">
     <span class='ocr_line' id='line_1_64' title="bbox 361 3447 1998 3506; baseline 0.002 -3"><span class='ocrx_word' id='word_1_438' title='bbox 361 3449 508 3503; x_wconf 90' lang='lat' dir='ltr'>tium</span> <span class='ocrx_word' id='word_1_439' title='bbox 541 3448 941 3504; x_wconf 87' lang='lat' dir='ltr'>conciliabulis</span> <span class='ocrx_word' id='word_1_440' title='bbox 970 3453 1071 3503; x_wconf 88' lang='lat' dir='ltr'>aut</span> <span class='ocrx_word' id='word_1_441' title='bbox 1119 3447 1285 3504; x_wconf 88' lang='lat' dir='ltr'>aliter</span> <span class='ocrx_word' id='word_1_442' title='bbox 1331 3450 1404 3503; x_wconf 91' lang='lat' dir='ltr'>ad</span> <span class='ocrx_word' id='word_1_443' title='bbox 1454 3449 1692 3505; x_wconf 59' lang='lat' dir='ltr'>heresis</span> <span class='ocrx_word' id='word_1_444' title='bbox 1737 3455 1998 3506; x_wconf 87' lang='lat' dir='ltr'>tutamen</span> 
     </span>
    </p>
   </div>
   <div class='ocr_carea' id='block_1_65' title="bbox 363 3536 2001 3610">
    <p class='ocr_par' dir='ltr' id='par_1_65' title="bbox 363 3536 2001 3610">
     <span class='ocr_line' id='line_1_65' title="bbox 363 3536 2001 3610; baseline 0.001 -18"><span class='ocrx_word' id='word_1_445' title='bbox 363 3536 812 3607; x_wconf 88' lang='lat' dir='ltr'>imperitantium</span> <span class='ocrx_word' id='word_1_446' title='bbox 832 3539 860 3591; x_wconf 84' lang='lat'><strong>?</strong></span> <span class='ocrx_word' id='word_1_447' title='bbox 889 3536 962 3592; x_wconf 93' lang='lat' dir='ltr'>Ut</span> <span class='ocrx_word' id='word_1_448' title='bbox 991 3541 1212 3603; x_wconf 76' lang='lat' dir='ltr'>autem,</span> <span class='ocrx_word' id='word_1_449' title='bbox 1261 3537 1418 3592; x_wconf 84' lang='lat' dir='ltr'>velut</span> <span class='ocrx_word' id='word_1_450' title='bbox 1461 3537 1682 3594; x_wconf 89' lang='lat' dir='ltr'>ludicra</span> <span class='ocrx_word' id='word_1_451' title='bbox 1713 3542 2001 3610; x_wconf 71' lang='lat' dir='ltr'>quaedam,</span> 
     </span>
    </p>
   </div>
   <div class='ocr_carea' id='block_1_66' title="bbox 363 3626 2003 3698">
    <p class='ocr_par' dir='ltr' id='par_1_66' title="bbox 363 3626 2003 3698">
     <span class='ocr_line' id='line_1_66' title="bbox 363 3626 2003 3698; baseline 0.001 -18"><span class='ocrx_word' id='word_1_452' title='bbox 363 3627 652 3694; x_wconf 90' lang='lat' dir='ltr'>omittam,</span> <span class='ocrx_word' id='word_1_453' title='bbox 685 3643 812 3698; x_wconf 68' lang='lat' dir='ltr'>quas</span> <span class='ocrx_word' id='word_1_454' title='bbox 846 3626 1077 3680; x_wconf 89' lang='lat' dir='ltr'>interim</span> <span class='ocrx_word' id='word_1_455' title='bbox 1101 3632 1266 3696; x_wconf 85' lang='lat' dir='ltr'>gesta</span> <span class='ocrx_word' id='word_1_456' title='bbox 1296 3631 1454 3693; x_wconf 87' lang='lat' dir='ltr'>sunt,</span> <span class='ocrx_word' id='word_1_457' title='bbox 1479 3633 1535 3682; x_wconf 91' lang='lat' dir='ltr'>et</span> <span class='ocrx_word' id='word_1_458' title='bbox 1566 3628 1819 3684; x_wconf 71' lang='lat' dir='ltr'>histories</span> <span class='ocrx_word' id='word_1_459' title='bbox 1843 3645 2003 3683; x_wconf 90' lang='lat' dir='ltr'>men-</span> 
     </span>
    </p>
   </div>
   <div class='ocr_carea' id='block_1_67' title="bbox 364 3714 2002 3785">
    <p class='ocr_par' dir='ltr' id='par_1_67' title="bbox 364 3714 2002 3785">
     <span class='ocr_line' id='line_1_67' title="bbox 364 3714 2002 3785; baseline 0 -15"><span class='ocrx_word' id='word_1_460' title='bbox 364 3730 558 3770; x_wconf 88' lang='lat' dir='ltr'>suram</span> <span class='ocrx_word' id='word_1_461' title='bbox 600 3733 698 3784; x_wconf 89' lang='lat' dir='ltr'>per</span> <span class='ocrx_word' id='word_1_462' title='bbox 737 3731 799 3769; x_wconf 87' lang='lat' dir='ltr'>se</span> <span class='ocrx_word' id='word_1_463' title='bbox 829 3714 1072 3785; x_wconf 89' lang='lat' dir='ltr'>implere</span> <span class='ocrx_word' id='word_1_464' title='bbox 1113 3720 1374 3785; x_wconf 87' lang='lat' dir='ltr'>possunt,</span> <span class='ocrx_word' id='word_1_465' title='bbox 1425 3716 1688 3772; x_wconf 85' lang='lat' dir='ltr'>exsilium</span> <span class='ocrx_word' id='word_1_466' title='bbox 1742 3717 2002 3772; x_wconf 89' lang='lat' dir='ltr'>decerni-</span> 
     </span>
    </p>
   </div>
   <div class='ocr_carea' id='block_1_68' title="bbox 368 3804 2004 3877">
    <p class='ocr_par' dir='ltr' id='par_1_68' title="bbox 368 3804 2004 3877">
     <span class='ocr_line' id='line_1_68' title="bbox 368 3804 2004 3877; baseline -0.001 -14"><span class='ocrx_word' id='word_1_467' title='bbox 368 3817 482 3874; x_wconf 88' lang='lat' dir='ltr'>tur,</span> <span class='ocrx_word' id='word_1_468' title='bbox 516 3811 572 3861; x_wconf 87' lang='lat' dir='ltr'>et</span> <span class='ocrx_word' id='word_1_469' title='bbox 619 3805 678 3859; x_wconf 91' lang='lat' dir='ltr'>in</span> <span class='ocrx_word' id='word_1_470' title='bbox 715 3820 830 3859; x_wconf 88' lang='lat' dir='ltr'>una</span> <span class='ocrx_word' id='word_1_471' title='bbox 861 3804 1306 3859; x_wconf 89' lang='lat' dir='ltr'>suburbicarum</span> <span class='ocrx_word' id='word_1_472' title='bbox 1334 3804 1658 3860; x_wconf 90' lang='lat' dir='ltr'>insularum</span> <span class='ocrx_word' id='word_1_473' title='bbox 1693 3807 1803 3877; x_wconf 84' lang='lat'>(26)</span> <span class='ocrx_word' id='word_1_474' title='bbox 1837 3811 2004 3862; x_wconf 89' lang='lat' dir='ltr'>Pater</span> 
     </span>
    </p>
   </div>
   <div class='ocr_carea' id='block_1_69' title="bbox 365 3893 2002 3960">
    <p class='ocr_par' dir='ltr' id='par_1_69' title="bbox 365 3893 2002 3960">
     <span class='ocr_line' id='line_1_69' title="bbox 365 3893 2002 3960; baseline -0.002 -7"><span class='ocrx_word' id='word_1_475' title='bbox 365 3901 561 3953; x_wconf 91' lang='lat' dir='ltr'>noster</span> <span class='ocrx_word' id='word_1_476' title='bbox 589 3893 1240 3960; x_wconf 89' lang='lat' dir='ltr'>circumscribitur;uti</span> <span class='ocrx_word' id='word_1_477' title='bbox 1289 3895 1462 3949; x_wconf 89' lang='lat' dir='ltr'>etiam</span> <span class='ocrx_word' id='word_1_478' title='bbox 1525 3897 1694 3948; x_wconf 89' lang='lat' dir='ltr'>frater</span> <span class='ocrx_word' id='word_1_479' title='bbox 1747 3911 1912 3950; x_wconf 90' lang='lat' dir='ltr'>meus</span> <span class='ocrx_word' id='word_1_480' title='bbox 1944 3895 2002 3950; x_wconf 89' lang='lat' dir='ltr'>in</span> 
     </span>
    </p>
   </div>
   <div class='ocr_carea' id='block_1_70' title="bbox 364 3982 2006 4056">
    <p class='ocr_par' dir='ltr' id='par_1_70' title="bbox 364 3982 2006 4056">
     <span class='ocr_line' id='line_1_70' title="bbox 364 3982 2006 4056; baseline -0.001 -14"><span class='ocrx_word' id='word_1_481' title='bbox 364 3987 536 4042; x_wconf 87' lang='lat' dir='ltr'>aliam</span> <span class='ocrx_word' id='word_1_482' title='bbox 573 3986 787 4056; x_wconf 88' lang='lat' dir='ltr'>pariter</span> <span class='ocrx_word' id='word_1_483' title='bbox 817 3982 1400 4052; x_wconf 75' lang='lat' dir='ltr'>aerumnosissimam,</span> <span class='ocrx_word' id='word_1_484' title='bbox 1426 3983 1521 4039; x_wconf 93' lang='lat' dir='ltr'>ubi</span> <span class='ocrx_word' id='word_1_485' title='bbox 1545 3984 1614 4038; x_wconf 91' lang='lat' dir='ltr'>ad</span> <span class='ocrx_word' id='word_1_486' title='bbox 1635 3986 2006 4040; x_wconf 88' lang='lat' dir='ltr'>incommoda</span> 
     </span>
    </p>
   </div>
   <div class='ocr_carea' id='block_1_71' title="bbox 363 4072 2004 4146">
    <p class='ocr_par' dir='ltr' id='par_1_71' title="bbox 363 4072 2004 4146">
     <span class='ocr_line' id='line_1_71' title="bbox 363 4072 2004 4146; baseline -0.002 -15"><span class='ocrx_word' id='word_1_487' title='bbox 363 4075 549 4132; x_wconf 85' lang='lat' dir='ltr'>exsilii</span> <span class='ocrx_word' id='word_1_488' title='bbox 584 4074 766 4146; x_wconf 88' lang='lat' dir='ltr'>ipsius</span> <span class='ocrx_word' id='word_1_489' title='bbox 810 4073 1056 4128; x_wconf 88' lang='lat' dir='ltr'>carceris</span> <span class='ocrx_word' id='word_1_490' title='bbox 1107 4072 1423 4128; x_wconf 83' lang='lat' dir='ltr'>ﬁrmissimi</span> <span class='ocrx_word' id='word_1_491' title='bbox 1453 4073 1803 4129; x_wconf 88' lang='lat' dir='ltr'>accedebant</span> <span class='ocrx_word' id='word_1_492' title='bbox 1823 4091 2004 4146; x_wconf 80' lang='lat' dir='ltr'>angu-</span> 
     </span>
    </p>
   </div>
   <div class='ocr_carea' id='block_1_72' title="bbox 365 4160 2005 4221">
    <p class='ocr_par' dir='ltr' id='par_1_72' title="bbox 365 4160 2005 4221">
     <span class='ocr_line' id='line_1_72' title="bbox 365 4160 2005 4221; baseline -0.002 0"><span class='ocrx_word' id='word_1_493' title='bbox 365 4167 510 4221; x_wconf 68' lang='lat' dir='ltr'>stia.</span> <span class='ocrx_word' id='word_1_494' title='bbox 544 4165 588 4218; x_wconf 92' lang='grc' dir='ltr'><strong>Ο</strong></span> <span class='ocrx_word' id='word_1_495' title='bbox 621 4180 815 4219; x_wconf 90' lang='lat' dir='ltr'>rerum</span> <span class='ocrx_word' id='word_1_496' title='bbox 867 4161 1322 4217; x_wconf 85' lang='lat' dir='ltr'>vicissitudinem</span> <span class='ocrx_word' id='word_1_497' title='bbox 1351 4160 1363 4214; x_wconf 97' lang='lat' dir='ltr'>l</span> <span class='ocrx_word' id='word_1_498' title='bbox 1407 4160 1708 4217; x_wconf 71' lang='lat' dir='ltr'>saeculares</span> <span class='ocrx_word' id='word_1_499' title='bbox 1738 4162 2005 4218; x_wconf 89' lang='lat' dir='ltr'>homines</span> 
     </span>
    </p>
   </div>
   <div class='ocr_carea' id='block_1_73' title="bbox 365 4249 2005 4321">
    <p class='ocr_par' dir='ltr' id='par_1_73' title="bbox 365 4249 2005 4321">
     <span class='ocr_line' id='line_1_73' title="bbox 365 4249 2005 4321; baseline -0.001 -14"><span class='ocrx_word' id='word_1_500' title='bbox 365 4253 602 4307; x_wconf 86' lang='lat' dir='ltr'>fuerunt</span> <span class='ocrx_word' id='word_1_501' title='bbox 628 4249 932 4306; x_wconf 88' lang='lat' dir='ltr'>monachis</span> <span class='ocrx_word' id='word_1_502' title='bbox 953 4249 1344 4317; x_wconf 89' lang='lat' dir='ltr'>humaniores,</span> <span class='ocrx_word' id='word_1_503' title='bbox 1379 4254 1435 4304; x_wconf 89' lang='lat' dir='ltr'>et</span> <span class='ocrx_word' id='word_1_504' title='bbox 1463 4251 1562 4321; x_wconf 91' lang='lat' dir='ltr'>qui</span> <span class='ocrx_word' id='word_1_505' title='bbox 1581 4267 1701 4305; x_wconf 89' lang='lat' dir='ltr'>rem</span> <span class='ocrx_word' id='word_1_506' title='bbox 1735 4253 2005 4306; x_wconf 90' lang='lat' dir='ltr'>audivere</span> 
     </span>
    </p>
   </div>
   <div class='ocr_carea' id='block_1_74' title="bbox 365 4337 2008 4411">
    <p class='ocr_par' dir='ltr' id='par_1_74' title="bbox 365 4337 2008 4411">
     <span class='ocr_line' id='line_1_74' title="bbox 365 4337 2008 4411; baseline -0.002 -14"><span class='ocrx_word' id='word_1_507' title='bbox 365 4357 482 4397; x_wconf 87' lang='lat' dir='ltr'>non</span> <span class='ocrx_word' id='word_1_508' title='bbox 542 4341 950 4395; x_wconf 84' lang='lat' dir='ltr'>dubitaverunt</span> <span class='ocrx_word' id='word_1_509' title='bbox 988 4339 1059 4392; x_wconf 89' lang='lat' dir='ltr'>de</span> <span class='ocrx_word' id='word_1_510' title='bbox 1091 4337 1233 4408; x_wconf 87' lang='lat' dir='ltr'>ipsis</span> <span class='ocrx_word' id='word_1_511' title='bbox 1267 4339 1563 4407; x_wconf 89' lang='lat' dir='ltr'>judicibus</span> <span class='ocrx_word' id='word_1_512' title='bbox 1600 4355 1826 4411; x_wconf 69' lang='lat' dir='ltr'>aequam</span> <span class='ocrx_word' id='word_1_513' title='bbox 1862 4341 2008 4394; x_wconf 86' lang='lat' dir='ltr'>ferre</span> 
     </span>
    </p>
   </div>
   <div class='ocr_carea' id='block_1_75' title="bbox 366 4427 2004 4498">
    <p class='ocr_par' dir='ltr' id='par_1_75' title="bbox 366 4427 2004 4498">
     <span class='ocr_line' id='line_1_75' title="bbox 366 4427 2004 4498; baseline -0.001 -13"><span class='ocrx_word' id='word_1_514' title='bbox 366 4429 712 4485; x_wconf 83' lang='lat' dir='ltr'>sententiam</span> <span class='ocrx_word' id='word_1_515' title='bbox 743 4444 757 4482; x_wconf 91' lang='lat'><strong>:</strong></span> <span class='ocrx_word' id='word_1_516' title='bbox 796 4427 1097 4482; x_wconf 90' lang='lat' dir='ltr'>manifesta</span> <span class='ocrx_word' id='word_1_517' title='bbox 1125 4427 1281 4482; x_wconf 91' lang='lat' dir='ltr'>enim</span> <span class='ocrx_word' id='word_1_518' title='bbox 1307 4427 1518 4496; x_wconf 90' lang='lat' dir='ltr'>judicii</span> <span class='ocrx_word' id='word_1_519' title='bbox 1560 4428 1835 4498; x_wconf 90' lang='lat' dir='ltr'>iniquitas</span> <span class='ocrx_word' id='word_1_520' title='bbox 1861 4434 2004 4483; x_wconf 87' lang='lat' dir='ltr'>erat.</span> 
     </span>
    </p>
   </div>
   <div class='ocr_carea' id='block_1_76' title="bbox 369 4505 2082 4589">
    <p class='ocr_par' dir='ltr' id='par_1_76' title="bbox 369 4505 2082 4589">
     <span class='ocr_line' id='line_1_76' title="bbox 369 4505 2082 4589; baseline -0.003 -15"><span class='ocrx_word' id='word_1_521' title='bbox 369 4519 646 4574; x_wconf 68' lang='lat' dir='ltr'>Praetereo</span> <span class='ocrx_word' id='word_1_522' title='bbox 677 4516 948 4571; x_wconf 89' lang='lat' dir='ltr'>balneum</span> <span class='ocrx_word' id='word_1_523' title='bbox 981 4516 1146 4580; x_wconf 92' lang='lat' dir='ltr'>illud,</span> <span class='ocrx_word' id='word_1_524' title='bbox 1179 4515 1236 4570; x_wconf 92' lang='lat' dir='ltr'>in</span> <span class='ocrx_word' id='word_1_525' title='bbox 1280 4533 1394 4588; x_wconf 91' lang='lat' dir='ltr'>quo</span> <span class='ocrx_word' id='word_1_526' title='bbox 1441 4518 1538 4589; x_wconf 84' lang='lat' dir='ltr'>qui</span> <span class='ocrx_word' id='word_1_527' title='bbox 1584 4517 1794 4573; x_wconf 89' lang='lat' dir='ltr'>clausit</span> <span class='ocrx_word' id='word_1_528' title='bbox 1827 4522 2003 4573; x_wconf 84' lang='lat' dir='ltr'>totam</span> <span class='ocrx_word' id='word_1_529' title='bbox 2037 4505 2082 4569; x_wconf 89' lang='lat' dir='ltr'><strong>D</strong></span> 
     </span>
    </p>
   </div>
   <div class='ocr_carea' id='block_1_77' title="bbox 366 4607 1998 4675">
    <p class='ocr_par' dir='ltr' id='par_1_77' title="bbox 366 4607 1998 4675">
     <span class='ocr_line' id='line_1_77' title="bbox 366 4607 1998 4675; baseline -0.001 -11"><span class='ocrx_word' id='word_1_530' title='bbox 366 4607 810 4675; x_wconf 84' lang='lat' dir='ltr'>fraternitatem,</span> <span class='ocrx_word' id='word_1_531' title='bbox 868 4622 937 4661; x_wconf 81' lang='lat' dir='ltr'>ex</span> <span class='ocrx_word' id='word_1_532' title='bbox 991 4607 1338 4661; x_wconf 87' lang='lat' dir='ltr'>monasterio</span> <span class='ocrx_word' id='word_1_533' title='bbox 1395 4623 1570 4661; x_wconf 91' lang='lat' dir='ltr'>manu</span> <span class='ocrx_word' id='word_1_534' title='bbox 1625 4609 1856 4662; x_wconf 89' lang='lat' dir='ltr'>militari</span> <span class='ocrx_word' id='word_1_535' title='bbox 1883 4608 1998 4662; x_wconf 92' lang='lat' dir='ltr'>col-</span> 
     </span>
    </p>
   </div>
   <div class='ocr_carea' id='block_1_78' title="bbox 365 4695 2005 4768">
    <p class='ocr_par' dir='ltr' id='par_1_78' title="bbox 365 4695 2005 4768">
     <span class='ocr_line' id='line_1_78' title="bbox 365 4695 2005 4768; baseline 0 -16"><span class='ocrx_word' id='word_1_536' title='bbox 365 4698 574 4754; x_wconf 80' lang='lat' dir='ltr'>lectam</span> <span class='ocrx_word' id='word_1_537' title='bbox 598 4696 959 4766; x_wconf 89' lang='lat' dir='ltr'>tantavitque</span> <span class='ocrx_word' id='word_1_538' title='bbox 972 4697 1037 4749; x_wconf 92' lang='lat' dir='ltr'>ad</span> <span class='ocrx_word' id='word_1_539' title='bbox 1059 4711 1225 4750; x_wconf 89' lang='lat' dir='ltr'>suam</span> <span class='ocrx_word' id='word_1_540' title='bbox 1244 4695 1601 4751; x_wconf 87' lang='lat' dir='ltr'>voluntatem</span> <span class='ocrx_word' id='word_1_541' title='bbox 1617 4713 2005 4768; x_wconf 88' lang='lat' dir='ltr'>unumquem-</span> 
     </span>
    </p>
   </div>
   <div class='ocr_carea' id='block_1_79' title="bbox 366 4783 2002 4859">
    <p class='ocr_par' dir='ltr' id='par_1_79' title="bbox 366 4783 2002 4859">
     <span class='ocr_line' id='line_1_79' title="bbox 366 4783 2002 4859; baseline -0.002 -17"><span class='ocrx_word' id='word_1_542' title='bbox 366 4803 475 4859; x_wconf 89' lang='lat' dir='ltr'>que</span> <span class='ocrx_word' id='word_1_543' title='bbox 507 4785 808 4856; x_wconf 82' lang='lat' dir='ltr'>sigillatim</span> <span class='ocrx_word' id='word_1_544' title='bbox 848 4783 1150 4850; x_wconf 84' lang='lat' dir='ltr'>inclinare,</span> <span class='ocrx_word' id='word_1_545' title='bbox 1207 4800 1310 4855; x_wconf 88' lang='lat' dir='ltr'>spe</span> <span class='ocrx_word' id='word_1_546' title='bbox 1359 4802 1465 4840; x_wconf 91' lang='lat' dir='ltr'>sua</span> <span class='ocrx_word' id='word_1_547' title='bbox 1494 4787 1705 4841; x_wconf 80' lang='lat' dir='ltr'>excidit</span> <span class='ocrx_word' id='word_1_548' title='bbox 1739 4804 1755 4855; x_wconf 88' lang='lat'><strong>;</strong></span> <span class='ocrx_word' id='word_1_549' title='bbox 1785 4788 2002 4842; x_wconf 89' lang='lat' dir='ltr'>sensit-</span> 
     </span>
    </p>
   </div>
   <div class='ocr_carea' id='block_1_80' title="bbox 367 4874 2002 4949">
    <p class='ocr_par' dir='ltr' id='par_1_80' title="bbox 367 4874 2002 4949">
     <span class='ocr_line' id='line_1_80' title="bbox 367 4874 2002 4949; baseline -0.001 -17"><span class='ocrx_word' id='word_1_550' title='bbox 367 4893 476 4949; x_wconf 90' lang='lat' dir='ltr'>que</span> <span class='ocrx_word' id='word_1_551' title='bbox 508 4879 794 4949; x_wconf 89' lang='lat' dir='ltr'>potestate</span> <span class='ocrx_word' id='word_1_552' title='bbox 825 4891 932 4930; x_wconf 88' lang='lat' dir='ltr'>sua</span> <span class='ocrx_word' id='word_1_553' title='bbox 964 4874 1316 4945; x_wconf 87' lang='lat' dir='ltr'>potentiores</span> <span class='ocrx_word' id='word_1_554' title='bbox 1345 4891 1492 4941; x_wconf 90' lang='lat' dir='ltr'>esse,</span> <span class='ocrx_word' id='word_1_555' title='bbox 1537 4876 1750 4946; x_wconf 88' lang='lat' dir='ltr'>quibus</span> <span class='ocrx_word' id='word_1_556' title='bbox 1781 4876 1869 4932; x_wconf 85' lang='lat' dir='ltr'>lex</span> <span class='ocrx_word' id='word_1_557' title='bbox 1906 4876 2002 4930; x_wconf 92' lang='lat' dir='ltr'>Dei</span> 
     </span>
    </p>
   </div>
   <div class='ocr_carea' id='block_1_81' title="bbox 365 4964 2000 5036">
    <p class='ocr_par' dir='ltr' id='par_1_81' title="bbox 365 4964 2000 5036">
     <span class='ocr_line' id='line_1_81' title="bbox 365 4964 2000 5036; baseline 0 -16"><span class='ocrx_word' id='word_1_558' title='bbox 365 4983 480 5036; x_wconf 73' lang='lat' dir='ltr'>prae</span> <span class='ocrx_word' id='word_1_559' title='bbox 510 4964 696 5021; x_wconf 90' lang='lat' dir='ltr'>oculis</span> <span class='ocrx_word' id='word_1_560' title='bbox 743 4969 852 5019; x_wconf 87' lang='lat' dir='ltr'>est.</span> <span class='ocrx_word' id='word_1_561' title='bbox 913 4967 1195 5018; x_wconf 67' lang='lat' dir='ltr'>Pratereo</span> <span class='ocrx_word' id='word_1_562' title='bbox 1227 4979 1485 5019; x_wconf 89' lang='lat' dir='ltr'>carceres</span> <span class='ocrx_word' id='word_1_563' title='bbox 1517 4965 1574 5018; x_wconf 90' lang='lat' dir='ltr'>in</span> <span class='ocrx_word' id='word_1_564' title='bbox 1629 4965 2000 5020; x_wconf 87' lang='lat' dir='ltr'>monasteriis</span> 
     </span>
    </p>
   </div>
   <div class='ocr_carea' id='block_1_82' title="bbox 366 5052 1999 5124">
    <p class='ocr_par' dir='ltr' id='par_1_82' title="bbox 366 5052 1999 5124">
     <span class='ocr_line' id='line_1_82' title="bbox 366 5052 1999 5124; baseline -0.002 -12"><span class='ocrx_word' id='word_1_565' title='bbox 366 5055 711 5112; x_wconf 80' lang='lat' dir='ltr'>constitutos</span> <span class='ocrx_word' id='word_1_566' title='bbox 742 5069 1062 5124; x_wconf 90' lang='lat' dir='ltr'>eorumque</span> <span class='ocrx_word' id='word_1_567' title='bbox 1106 5053 1377 5108; x_wconf 87' lang='lat' dir='ltr'>custodes</span> <span class='ocrx_word' id='word_1_568' title='bbox 1423 5052 1790 5124; x_wconf 84' lang='lat' dir='ltr'>Hegumenos</span> <span class='ocrx_word' id='word_1_569' title='bbox 1823 5055 1999 5124; x_wconf 89' lang='lat' dir='ltr'>ipsos,</span> 
     </span>
    </p>
   </div>
   <div class='ocr_carea' id='block_1_83' title="bbox 2183 3176 3756 3250">
    <p class='ocr_par' dir='ltr' id='par_1_83' title="bbox 2183 3176 3756 3250">
     <span class='ocr_line' id='line_1_83' title="bbox 2183 3176 3756 3250; baseline -0.004 -14"><span class='ocrx_word' id='word_1_570' title='bbox 2183 3181 2279 3250; x_wconf 84' lang='grc' dir='ltr'>λζ’.</span> <span class='ocrx_word' id='word_1_571' title='bbox 2341 3180 2488 3246; x_wconf 81' lang='grc' dir='ltr'>Αἷαὶ,</span> <span class='ocrx_word' id='word_1_572' title='bbox 2549 3177 2833 3247; x_wconf 81' lang='grc' dir='ltr'>συνοδικῆς</span> <span class='ocrx_word' id='word_1_573' title='bbox 2903 3176 3148 3250; x_wconf 73' lang='grc' dir='ltr'>εὐταξίας</span> <span class='ocrx_word' id='word_1_574' title='bbox 3229 3178 3591 3238; x_wconf 77' lang='grc' dir='ltr'>κατάστασιςί</span> <span class='ocrx_word' id='word_1_575' title='bbox 3647 3178 3756 3232; x_wconf 73' lang='grc' dir='ltr'>οἱοὶ</span> 
     </span>
    </p>
   </div>
   <div class='ocr_carea' id='block_1_84' title="bbox 2109 3265 3751 3345">
    <p class='ocr_par' dir='ltr' id='par_1_84' title="bbox 2109 3265 3751 3345">
     <span class='ocr_line' id='line_1_84' title="bbox 2109 3265 3751 3345; baseline -0.005 -18"><span class='ocrx_word' id='word_1_576' title='bbox 2109 3277 2498 3345; x_wconf 81' lang='grc' dir='ltr'>Χριστιανικῆς</span> <span class='ocrx_word' id='word_1_577' title='bbox 2563 3267 2841 3344; x_wconf 85' lang='grc' dir='ltr'>βασιλείας</span> <span class='ocrx_word' id='word_1_578' title='bbox 2912 3265 3233 3340; x_wconf 74' lang='grc' dir='ltr'>ὑπόληψιςί</span> <span class='ocrx_word' id='word_1_579' title='bbox 3294 3266 3352 3320; x_wconf 87' lang='grc' dir='ltr'>Τί</span> <span class='ocrx_word' id='word_1_580' title='bbox 3421 3271 3590 3320; x_wconf 89' lang='grc' dir='ltr'>ταῦτα</span> <span class='ocrx_word' id='word_1_581' title='bbox 3647 3272 3751 3320; x_wconf 88' lang='grc' dir='ltr'>τῶν</span> 
     </span>
    </p>
   </div>
   <div class='ocr_carea' id='block_1_85' title="bbox 2108 3354 3748 3434">
    <p class='ocr_par' dir='ltr' id='par_1_85' title="bbox 2108 3354 3748 3434">
     <span class='ocr_line' id='line_1_85' title="bbox 2108 3354 3748 3434; baseline -0.002 -20"><span class='ocrx_word' id='word_1_582' title='bbox 2108 3359 2276 3415; x_wconf 83' lang='grc' dir='ltr'>πάλαι</span> <span class='ocrx_word' id='word_1_583' title='bbox 2336 3359 2644 3434; x_wconf 79' lang='grc' dir='ltr'>λῃστρικῶς</span> <span class='ocrx_word' id='word_1_584' title='bbox 2697 3355 3143 3430; x_wconf 82' lang='grc' dir='ltr'>συνεδρευόντων,</span> <span class='ocrx_word' id='word_1_585' title='bbox 3176 3356 3210 3424; x_wconf 75' lang='grc' dir='ltr'>ἢ</span> <span class='ocrx_word' id='word_1_586' title='bbox 3243 3354 3432 3416; x_wconf 77' lang='grc' dir='ltr'>ἄλλως</span> <span class='ocrx_word' id='word_1_587' title='bbox 3462 3358 3748 3430; x_wconf 79' lang='grc' dir='ltr'>αἱρετικῶς</span> 
     </span>
    </p>
   </div>
   <div class='ocr_carea' id='block_1_86' title="bbox 2113 3443 3756 3523">
    <p class='ocr_par' dir='ltr' id='par_1_86' title="bbox 2113 3443 3756 3523">
     <span class='ocr_line' id='line_1_86' title="bbox 2113 3443 3756 3523; baseline -0.002 -21"><span class='ocrx_word' id='word_1_588' title='bbox 2113 3447 2547 3523; x_wconf 76' lang='grc' dir='ltr'>βασιλευσάντων</span> <span class='ocrx_word' id='word_1_589' title='bbox 2604 3445 3021 3518; x_wconf 82' lang='grc' dir='ltr'>ἐλλειπέστερα;</span> <span class='ocrx_word' id='word_1_590' title='bbox 3083 3447 3204 3514; x_wconf 84' lang='grc' dir='ltr'>Καὶ,</span> <span class='ocrx_word' id='word_1_591' title='bbox 3257 3443 3348 3499; x_wconf 66' lang='grc' dir='ltr'>’ίια</span> <span class='ocrx_word' id='word_1_592' title='bbox 3406 3445 3586 3516; x_wconf 83' lang='grc' dir='ltr'>ὥσπερ</span> <span class='ocrx_word' id='word_1_593' title='bbox 3637 3446 3756 3499; x_wconf 78' lang='grc' dir='ltr'>τινὰ</span> 
     </span>
    </p>
   </div>
   <div class='ocr_carea' id='block_1_87' title="bbox 2111 3534 3755 3611">
    <p class='ocr_par' dir='ltr' id='par_1_87' title="bbox 2111 3534 3755 3611">
     <span class='ocr_line' id='line_1_87' title="bbox 2111 3534 3755 3611; baseline -0.003 -18"><span class='ocrx_word' id='word_1_594' title='bbox 2111 3536 2326 3593; x_wconf 78' lang='grc' dir='ltr'>παιδιὰν</span> <span class='ocrx_word' id='word_1_595' title='bbox 2367 3540 2432 3592; x_wconf 83' lang='grc' dir='ltr'>τὰ</span> <span class='ocrx_word' id='word_1_596' title='bbox 2488 3541 2542 3592; x_wconf 81' lang='lat' dir='ltr'>’sv</span> <span class='ocrx_word' id='word_1_597' title='bbox 2600 3535 2747 3610; x_wconf 84' lang='grc' dir='ltr'>μέσῳ</span> <span class='ocrx_word' id='word_1_598' title='bbox 2806 3534 3246 3611; x_wconf 82' lang='grc' dir='ltr'>παραδράμοιμι,</span> <span class='ocrx_word' id='word_1_599' title='bbox 3299 3535 3550 3609; x_wconf 80' lang='grc' dir='ltr'>πληροῦν</span> <span class='ocrx_word' id='word_1_600' title='bbox 3603 3534 3755 3590; x_wconf 82' lang='grc' dir='ltr'>δυνά-</span> 
     </span>
    </p>
   </div>
   <div class='ocr_carea' id='block_1_88' title="bbox 2117 3624 3758 3706">
    <p class='ocr_par' dir='ltr' id='par_1_88' title="bbox 2117 3624 3758 3706">
     <span class='ocr_line' id='line_1_88' title="bbox 2117 3624 3758 3706; baseline -0.002 -23"><span class='ocrx_word' id='word_1_601' title='bbox 2117 3649 2245 3701; x_wconf 88' lang='grc' dir='ltr'>μενα</span> <span class='ocrx_word' id='word_1_602' title='bbox 2301 3630 2615 3706; x_wconf 72' lang='grc' dir='ltr'>συγγραφῆς</span> <span class='ocrx_word' id='word_1_603' title='bbox 2680 3629 2897 3698; x_wconf 83' lang='grc' dir='ltr'>μέτρον,</span> <span class='ocrx_word' id='word_1_604' title='bbox 2957 3631 3214 3699; x_wconf 85' lang='grc' dir='ltr'>κυροῦται</span> <span class='ocrx_word' id='word_1_605' title='bbox 3274 3624 3474 3698; x_wconf 78' lang='grc' dir='ltr'>ἐξορίᾳ,</span> <span class='ocrx_word' id='word_1_606' title='bbox 3520 3626 3610 3679; x_wconf 83' lang='grc' dir='ltr'>καὶ</span> <span class='ocrx_word' id='word_1_607' title='bbox 3668 3647 3758 3680; x_wconf 85' lang='grc' dir='ltr'>πε-</span> 
     </span>
    </p>
   </div>
   <div class='ocr_carea' id='block_1_89' title="bbox 2116 3712 3754 3792">
    <p class='ocr_par' dir='ltr' id='par_1_89' title="bbox 2116 3712 3754 3792">
     <span class='ocr_line' id='line_1_89' title="bbox 2116 3712 3754 3792; baseline -0.002 -22"><span class='ocrx_word' id='word_1_608' title='bbox 2116 3719 2410 3792; x_wconf 86' lang='grc' dir='ltr'>ριορίζεται</span> <span class='ocrx_word' id='word_1_609' title='bbox 2445 3719 2472 3772; x_wconf 88' lang='grc' dir='ltr'>ὁ</span> <span class='ocrx_word' id='word_1_610' title='bbox 2504 3719 2687 3789; x_wconf 79' lang='grc' dir='ltr'>Πατὴρ</span> <span class='ocrx_word' id='word_1_611' title='bbox 2719 3716 2770 3770; x_wconf 83' lang='grc' dir='ltr'>ἐν</span> <span class='ocrx_word' id='word_1_612' title='bbox 2808 3720 2902 3788; x_wconf 82' lang='grc' dir='ltr'>μιᾷ</span> <span class='ocrx_word' id='word_1_613' title='bbox 2932 3719 3040 3770; x_wconf 75' lang='grc' dir='ltr'>τῶν</span> <span class='ocrx_word' id='word_1_614' title='bbox 3075 3716 3208 3790; x_wconf 86' lang='grc' dir='ltr'>πρὸς</span> <span class='ocrx_word' id='word_1_615' title='bbox 3240 3719 3321 3784; x_wconf 79' lang='grc' dir='ltr'>τῷ</span> <span class='ocrx_word' id='word_1_616' title='bbox 3351 3712 3499 3769; x_wconf 76' lang='grc' dir='ltr'>ἄστει</span> <span class='ocrx_word' id='word_1_617' title='bbox 3547 3717 3754 3784; x_wconf 80' lang='grc' dir='ltr'>νήσων,</span> 
     </span>
    </p>
   </div>
   <div class='ocr_carea' id='block_1_90' title="bbox 2115 3800 3756 3881">
    <p class='ocr_par' dir='ltr' id='par_1_90' title="bbox 2115 3800 3756 3881">
     <span class='ocr_line' id='line_1_90' title="bbox 2115 3800 3756 3881; baseline -0.002 -21"><span class='ocrx_word' id='word_1_618' title='bbox 2115 3808 2297 3877; x_wconf 84' lang='grc' dir='ltr'>ὥσπερ</span> <span class='ocrx_word' id='word_1_619' title='bbox 2348 3807 2434 3859; x_wconf 80' lang='grc' dir='ltr'>καὶ</span> <span class='ocrx_word' id='word_1_620' title='bbox 2497 3806 2523 3858; x_wconf 91' lang='lat'>6</span> <span class='ocrx_word' id='word_1_621' title='bbox 2582 3804 2850 3877; x_wconf 77' lang='grc' dir='ltr'>ἡμέτερος</span> <span class='ocrx_word' id='word_1_622' title='bbox 2905 3801 3139 3881; x_wconf 74' lang='grc' dir='ltr'>ἀδελφὸς</span> <span class='ocrx_word' id='word_1_623' title='bbox 3186 3801 3239 3857; x_wconf 75' lang='grc' dir='ltr'>ἐν</span> <span class='ocrx_word' id='word_1_624' title='bbox 3289 3803 3447 3876; x_wconf 71' lang='grc' dir='ltr'>ἓτέρᾳ</span> <span class='ocrx_word' id='word_1_625' title='bbox 3496 3800 3756 3881; x_wconf 79' lang='grc' dir='ltr'>δυσχερε-</span> 
     </span>
    </p>
   </div>
   <div class='ocr_carea' id='block_1_91' title="bbox 2115 3892 3754 3969">
    <p class='ocr_par' dir='ltr' id='par_1_91' title="bbox 2115 3892 3754 3969">
     <span class='ocr_line' id='line_1_91' title="bbox 2115 3892 3754 3969; baseline -0.002 -20"><span class='ocrx_word' id='word_1_626' title='bbox 2115 3898 2300 3969; x_wconf 81' lang='grc' dir='ltr'>στάτῃ,</span> <span class='ocrx_word' id='word_1_627' title='bbox 2367 3896 2497 3967; x_wconf 83' lang='grc' dir='ltr'>μετὰ</span> <span class='ocrx_word' id='word_1_628' title='bbox 2566 3899 2662 3949; x_wconf 85' lang='grc' dir='ltr'>τοῦ</span> <span class='ocrx_word' id='word_1_629' title='bbox 2737 3897 3098 3968; x_wconf 87' lang='grc' dir='ltr'>περιορισμοῦ</span> <span class='ocrx_word' id='word_1_630' title='bbox 3173 3893 3262 3946; x_wconf 82' lang='grc' dir='ltr'>καὶ</span> <span class='ocrx_word' id='word_1_631' title='bbox 3337 3899 3437 3960; x_wconf 76' lang='grc' dir='ltr'>τῆς</span> <span class='ocrx_word' id='word_1_632' title='bbox 3507 3892 3754 3968; x_wconf 79' lang='grc' dir='ltr'>φυλακῆς</span> 
     </span>
    </p>
   </div>
   <div class='ocr_carea' id='block_1_92' title="bbox 2113 3980 3755 4058">
    <p class='ocr_par' dir='ltr' id='par_1_92' title="bbox 2113 3980 3755 4058">
     <span class='ocr_line' id='line_1_92' title="bbox 2113 3980 3755 4058; baseline -0.002 -20"><span class='ocrx_word' id='word_1_633' title='bbox 2113 3989 2370 4058; x_wconf 79' lang='grc' dir='ltr'>κραταιᾶς</span> <span class='ocrx_word' id='word_1_634' title='bbox 2429 3980 2618 4053; x_wconf 74' lang='grc' dir='ltr'>οὔσης.</span> <span class='ocrx_word' id='word_1_635' title='bbox 2677 3984 2742 4036; x_wconf 77' lang='grc' dir='ltr'>Ὠ</span> <span class='ocrx_word' id='word_1_636' title='bbox 2794 3989 2891 4050; x_wconf 84' lang='grc' dir='ltr'>τῆς</span> <span class='ocrx_word' id='word_1_637' title='bbox 2957 3986 3065 4035; x_wconf 89' lang='grc' dir='ltr'>τῶν</span> <span class='ocrx_word' id='word_1_638' title='bbox 3133 3980 3472 4054; x_wconf 73' lang='grc' dir='ltr'>πραγμάτων</span> <span class='ocrx_word' id='word_1_639' title='bbox 3547 3981 3755 4056; x_wconf 47' lang='lat' dir='ltr'>popae!</span> 
     </span>
    </p>
   </div>
   <div class='ocr_carea' id='block_1_93' title="bbox 2113 4070 3757 4147">
    <p class='ocr_par' dir='ltr' id='par_1_93' title="bbox 2113 4070 3757 4147">
     <span class='ocr_line' id='line_1_93' title="bbox 2113 4070 3757 4147; baseline -0.003 -19"><span class='ocrx_word' id='word_1_640' title='bbox 2113 4079 2228 4128; x_wconf 89' lang='grc' dir='ltr'>Τῶν</span> <span class='ocrx_word' id='word_1_641' title='bbox 2267 4078 2546 4146; x_wconf 89' lang='grc' dir='ltr'>μοναστῶν</span> <span class='ocrx_word' id='word_1_642' title='bbox 2588 4073 2639 4126; x_wconf 73' lang='grc' dir='ltr'>οἱ</span> <span class='ocrx_word' id='word_1_643' title='bbox 2691 4071 2909 4147; x_wconf 85' lang='grc' dir='ltr'>μιγάδες</span> <span class='ocrx_word' id='word_1_644' title='bbox 2954 4070 3456 4145; x_wconf 75' lang='grc' dir='ltr'>φιλανθρωπότεροι</span> <span class='ocrx_word' id='word_1_645' title='bbox 3486 4071 3757 4143; x_wconf 88' lang='grc' dir='ltr'>γεγόνασι,</span> 
     </span>
    </p>
   </div>
   <div class='ocr_carea' id='block_1_94' title="bbox 2114 4155 3756 4236">
    <p class='ocr_par' dir='ltr' id='par_1_94' title="bbox 2114 4155 3756 4236">
     <span class='ocr_line' id='line_1_94' title="bbox 2114 4155 3756 4236; baseline -0.003 -19"><span class='ocrx_word' id='word_1_646' title='bbox 2114 4163 2345 4217; x_wconf 85' lang='grc' dir='ltr'>καὶτῶν</span> <span class='ocrx_word' id='word_1_647' title='bbox 2388 4168 2590 4235; x_wconf 77' lang='grc' dir='ltr'>κριτῶν</span> <span class='ocrx_word' id='word_1_648' title='bbox 2643 4163 2696 4215; x_wconf 77' lang='grc' dir='ltr'>οἱ</span> <span class='ocrx_word' id='word_1_649' title='bbox 2753 4161 3011 4236; x_wconf 87' lang='grc' dir='ltr'>ἀκροαταὶ</span> <span class='ocrx_word' id='word_1_650' title='bbox 3066 4159 3243 4233; x_wconf 85' lang='grc' dir='ltr'>κρίσιν</span> <span class='ocrx_word' id='word_1_651' title='bbox 3292 4155 3500 4213; x_wconf 87' lang='grc' dir='ltr'>δικαίαν</span> <span class='ocrx_word' id='word_1_652' title='bbox 3533 4157 3756 4228; x_wconf 82' lang='grc' dir='ltr'>ἐξοίσειν</span> 
     </span>
    </p>
   </div>
   <div class='ocr_carea' id='block_1_95' title="bbox 2116 4248 3759 4324">
    <p class='ocr_par' dir='ltr' id='par_1_95' title="bbox 2116 4248 3759 4324">
     <span class='ocr_line' id='line_1_95' title="bbox 2116 4248 3759 4324; baseline -0.002 -18"><span class='ocrx_word' id='word_1_653' title='bbox 2116 4255 2218 4308; x_wconf 83' lang='grc' dir='ltr'>οὐκ</span> <span class='ocrx_word' id='word_1_654' title='bbox 2247 4249 2533 4306; x_wconf 83' lang='grc' dir='ltr'>ἐδεδίεισαν</span> <span class='ocrx_word' id='word_1_655' title='bbox 2557 4270 2571 4284; x_wconf 81' lang='grc'><strong><em>⁸</em></strong></span> <span class='ocrx_word' id='word_1_656' title='bbox 2608 4248 2888 4320; x_wconf 85' lang='grc' dir='ltr'>πρόδηλον</span> <span class='ocrx_word' id='word_1_657' title='bbox 2915 4249 3017 4324; x_wconf 79' lang='grc' dir='ltr'>γὰρ</span> <span class='ocrx_word' id='word_1_658' title='bbox 3048 4250 3115 4318; x_wconf 81' lang='grc' dir='ltr'>ἦν</span> <span class='ocrx_word' id='word_1_659' title='bbox 3147 4249 3210 4302; x_wconf 84' lang='grc' dir='ltr'>τὸ</span> <span class='ocrx_word' id='word_1_660' title='bbox 3247 4248 3759 4322; x_wconf 70' lang='grc' dir='ltr'>παρανομούμενον.</span> 
     </span>
    </p>
   </div>
   <div class='ocr_carea' id='block_1_96' title="bbox 2117 4335 3762 4417">
    <p class='ocr_par' dir='ltr' id='par_1_96' title="bbox 2117 4335 3762 4417">
     <span class='ocr_line' id='line_1_96' title="bbox 2117 4335 3762 4417; baseline -0.006 -17"><span class='ocrx_word' id='word_1_661' title='bbox 2117 4342 2348 4415; x_wconf 79' lang='grc' dir='ltr'>Ἀφίημι</span> <span class='ocrx_word' id='word_1_662' title='bbox 2409 4340 2470 4396; x_wconf 82' lang='grc' dir='ltr'>τὸ</span> <span class='ocrx_word' id='word_1_663' title='bbox 2524 4338 2778 4415; x_wconf 87' lang='grc' dir='ltr'>βαλανίον</span> <span class='ocrx_word' id='word_1_664' title='bbox 2840 4339 3038 4407; x_wconf 86' lang='grc' dir='ltr'>ἐκεῖνο,</span> <span class='ocrx_word' id='word_1_665' title='bbox 3079 4337 3159 4417; x_wconf 75' lang='grc' dir='ltr'>ἐφ’</span> <span class='ocrx_word' id='word_1_666' title='bbox 3211 4338 3256 4409; x_wconf 81' lang='grc' dir='ltr'>ᾧ</span> <span class='ocrx_word' id='word_1_667' title='bbox 3313 4338 3341 4390; x_wconf 89' lang='grc' dir='ltr'>ὁ</span> <span class='ocrx_word' id='word_1_668' title='bbox 3397 4341 3614 4410; x_wconf 87' lang='grc' dir='ltr'>κρατῶν</span> <span class='ocrx_word' id='word_1_669' title='bbox 3674 4335 3762 4390; x_wconf 72' lang='grc' dir='ltr'>διὰ</span> 
     </span>
    </p>
   </div>
   <div class='ocr_carea' id='block_1_97' title="bbox 2118 4427 3758 4508">
    <p class='ocr_par' dir='ltr' id='par_1_97' title="bbox 2118 4427 3758 4508">
     <span class='ocr_line' id='line_1_97' title="bbox 2118 4427 3758 4508; baseline -0.005 -22"><span class='ocrx_word' id='word_1_670' title='bbox 2118 4431 2399 4508; x_wconf 77' lang='grc' dir='ltr'>φάλαγγος</span> <span class='ocrx_word' id='word_1_671' title='bbox 2417 4436 2809 4504; x_wconf 79' lang='grc' dir='ltr'>στρατιωτικῆς</span> <span class='ocrx_word' id='word_1_672' title='bbox 2853 4429 2912 4483; x_wconf 85' lang='grc' dir='ltr'>ἐκ</span> <span class='ocrx_word' id='word_1_673' title='bbox 2957 4434 3057 4496; x_wconf 78' lang='grc' dir='ltr'>τῆς</span> <span class='ocrx_word' id='word_1_674' title='bbox 3089 4430 3259 4499; x_wconf 80' lang='grc' dir='ltr'>μονῆς</span> <span class='ocrx_word' id='word_1_675' title='bbox 3303 4427 3558 4500; x_wconf 80' lang='grc' dir='ltr'>ἀθροίσας</span> <span class='ocrx_word' id='word_1_676' title='bbox 3588 4430 3758 4479; x_wconf 81' lang='grc' dir='ltr'>πᾶσαν</span> 
     </span>
    </p>
   </div>
   <div class='ocr_carea' id='block_1_98' title="bbox 2108 4512 3763 4597">
    <p class='ocr_par' dir='ltr' id='par_1_98' title="bbox 2108 4512 3763 4597">
     <span class='ocr_line' id='line_1_98' title="bbox 2108 4512 3763 4597; baseline -0.004 -23"><span class='ocrx_word' id='word_1_677' title='bbox 2108 4522 2205 4590; x_wconf 75' lang='grc' dir='ltr'>τήν</span> <span class='ocrx_word' id='word_1_678' title='bbox 2275 4517 2643 4597; x_wconf 72' lang='grc' dir='ltr'>ἀδελφότητα,</span> <span class='ocrx_word' id='word_1_679' title='bbox 2703 4517 2792 4571; x_wconf 77' lang='grc' dir='ltr'>καὶ</span> <span class='ocrx_word' id='word_1_680' title='bbox 2867 4518 3209 4588; x_wconf 86' lang='grc' dir='ltr'>πειρώμενος</span> <span class='ocrx_word' id='word_1_681' title='bbox 3280 4512 3592 4569; x_wconf 82' lang='grc' dir='ltr'>ὑποκλίνειν</span> <span class='ocrx_word' id='word_1_682' title='bbox 3671 4512 3763 4568; x_wconf 75' lang='grc' dir='ltr'>ἕνα</span> 
     </span>
    </p>
   </div>
   <div class='ocr_carea' id='block_1_99' title="bbox 2108 4603 3757 4683">
    <p class='ocr_par' dir='ltr' id='par_1_99' title="bbox 2108 4603 3757 4683">
     <span class='ocr_line' id='line_1_99' title="bbox 2108 4603 3757 4683; baseline -0.004 -20"><span class='ocrx_word' id='word_1_683' title='bbox 2108 4607 2332 4664; x_wconf 73' lang='grc' dir='ltr'>ἕκαστον</span> <span class='ocrx_word' id='word_1_684' title='bbox 2390 4608 2526 4680; x_wconf 88' lang='grc' dir='ltr'>πρὸς</span> <span class='ocrx_word' id='word_1_685' title='bbox 2583 4607 2645 4661; x_wconf 87' lang='grc' dir='ltr'>τὸ</span> <span class='ocrx_word' id='word_1_686' title='bbox 2713 4609 2858 4683; x_wconf 77' lang='grc' dir='ltr'>σφῶν</span> <span class='ocrx_word' id='word_1_687' title='bbox 2920 4604 3160 4677; x_wconf 83' lang='grc' dir='ltr'>θέλημα,</span> <span class='ocrx_word' id='word_1_688' title='bbox 3220 4603 3593 4679; x_wconf 80' lang='grc' dir='ltr'>ἀπετύγχανεν</span> <span class='ocrx_word' id='word_1_689' title='bbox 3651 4609 3757 4657; x_wconf 88' lang='grc' dir='ltr'>τῶν</span> 
     </span>
    </p>
   </div>
   <div class='ocr_carea' id='block_1_100' title="bbox 2112 4695 3759 4774">
    <p class='ocr_par' dir='ltr' id='par_1_100' title="bbox 2112 4695 3759 4774">
     <span class='ocr_line' id='line_1_100' title="bbox 2112 4695 3759 4774; baseline -0.005 -19"><span class='ocrx_word' id='word_1_690' title='bbox 2112 4697 2374 4765; x_wconf 81' lang='grc' dir='ltr'>ἐλπίδων,</span> <span class='ocrx_word' id='word_1_691' title='bbox 2423 4698 2608 4774; x_wconf 72' lang='grc' dir='ltr'>ᾐσθεῖς</span> <span class='ocrx_word' id='word_1_692' title='bbox 2654 4703 2751 4753; x_wconf 89' lang='grc' dir='ltr'>τοῦ</span> <span class='ocrx_word' id='word_1_693' title='bbox 2801 4697 3004 4752; x_wconf 78' lang='grc' dir='ltr'>οἰκείου</span> <span class='ocrx_word' id='word_1_694' title='bbox 3055 4697 3287 4771; x_wconf 84' lang='grc' dir='ltr'>κράτους</span> <span class='ocrx_word' id='word_1_695' title='bbox 3340 4695 3759 4770; x_wconf 73' lang='grc' dir='ltr'>κραταιοτέρους</span> 
     </span>
    </p>
   </div>
   <div class='ocr_carea' id='block_1_101' title="bbox 2113 4783 3760 4860">
    <p class='ocr_par' dir='ltr' id='par_1_101' title="bbox 2113 4783 3760 4860">
     <span class='ocr_line' id='line_1_101' title="bbox 2113 4783 3760 4860; baseline -0.004 -16"><span class='ocrx_word' id='word_1_696' title='bbox 2113 4791 2245 4844; x_wconf 78' lang='grc' dir='ltr'>εἶναί</span> <span class='ocrx_word' id='word_1_697' title='bbox 2300 4791 2424 4849; x_wconf 78' lang='grc' dir='ltr'>τοὺς</span> <span class='ocrx_word' id='word_1_698' title='bbox 2473 4793 2551 4860; x_wconf 80' lang='grc' dir='ltr'>τῷ</span> <span class='ocrx_word' id='word_1_699' title='bbox 2601 4789 2729 4860; x_wconf 87' lang='grc' dir='ltr'>θείῳ</span> <span class='ocrx_word' id='word_1_700' title='bbox 2774 4789 2930 4860; x_wconf 87' lang='grc' dir='ltr'>νόμῳ</span> <span class='ocrx_word' id='word_1_701' title='bbox 2993 4783 3456 4860; x_wconf 82' lang='grc' dir='ltr'>ἐπερειδομὲνους.</span> <span class='ocrx_word' id='word_1_702' title='bbox 3515 4785 3760 4859; x_wconf 77' lang='grc' dir='ltr'>Παρίημι</span> 
     </span>
    </p>
   </div>
   <div class='ocr_carea' id='block_1_102' title="bbox 2111 4875 3764 4954">
    <p class='ocr_par' dir='ltr' id='par_1_102' title="bbox 2111 4875 3764 4954">
     <span class='ocr_line' id='line_1_102' title="bbox 2111 4875 3764 4954; baseline -0.003 -22"><span class='ocrx_word' id='word_1_703' title='bbox 2111 4877 2202 4940; x_wconf 79' lang='grc' dir='ltr'>τὰς</span> <span class='ocrx_word' id='word_1_704' title='bbox 2233 4877 2286 4932; x_wconf 88' lang='grc' dir='ltr'>ἐν</span> <span class='ocrx_word' id='word_1_705' title='bbox 2317 4884 2434 4941; x_wconf 84' lang='grc' dir='ltr'>τοῖς</span> <span class='ocrx_word' id='word_1_706' title='bbox 2466 4877 2708 4950; x_wconf 88' lang='grc' dir='ltr'>σεμνίοις</span> <span class='ocrx_word' id='word_1_707' title='bbox 2756 4875 3022 4954; x_wconf 72' lang='grc' dir='ltr'>φυλακὰς,</span> <span class='ocrx_word' id='word_1_708' title='bbox 3049 4876 3139 4929; x_wconf 79' lang='grc' dir='ltr'>καὶ</span> <span class='ocrx_word' id='word_1_709' title='bbox 3197 4876 3325 4937; x_wconf 84' lang='grc' dir='ltr'>τοὺς</span> <span class='ocrx_word' id='word_1_710' title='bbox 3376 4875 3764 4951; x_wconf 76' lang='grc' dir='ltr'>φρουράρχους</span> 
     </span>
    </p>
   </div>
   <div class='ocr_carea' id='block_1_103' title="bbox 2111 4965 3764 5042">
    <p class='ocr_par' dir='ltr' id='par_1_103' title="bbox 2111 4965 3764 5042">
     <span class='ocr_line' id='line_1_103' title="bbox 2111 4965 3764 5042; baseline -0.003 -19"><span class='ocrx_word' id='word_1_711' title='bbox 2111 4967 2474 5042; x_wconf 73' lang='grc' dir='ltr'>ἡγουμένους,</span> <span class='ocrx_word' id='word_1_712' title='bbox 2532 4965 2708 5022; x_wconf 85' lang='grc' dir='ltr'>πλείω</span> <span class='ocrx_word' id='word_1_713' title='bbox 2778 4971 2887 5021; x_wconf 81' lang='grc' dir='ltr'>τῶν</span> <span class='ocrx_word' id='word_1_714' title='bbox 2964 4965 3352 5039; x_wconf 79' lang='grc' dir='ltr'>ἐπιταγμάτων</span> <span class='ocrx_word' id='word_1_715' title='bbox 3428 4965 3600 5026; x_wconf 75' lang='grc' dir='ltr'>ἐνίους</span> <span class='ocrx_word' id='word_1_716' title='bbox 3673 4985 3764 5019; x_wconf 86' lang='grc' dir='ltr'>κα-</span> 
     </span>
    </p>
   </div>
   <div class='ocr_carea' id='block_1_104' title="bbox 2111 5051 3761 5129">
    <p class='ocr_par' dir='ltr' id='par_1_104' title="bbox 2111 5051 3761 5129">
     <span class='ocr_line' id='line_1_104' title="bbox 2111 5051 3761 5129; baseline -0.001 -21"><span class='ocrx_word' id='word_1_717' title='bbox 2111 5061 2337 5121; x_wconf 86' lang='grc' dir='ltr'>κοῦντας</span> <span class='ocrx_word' id='word_1_718' title='bbox 2381 5057 2506 5118; x_wconf 83' lang='grc' dir='ltr'>τοὺς</span> <span class='ocrx_word' id='word_1_719' title='bbox 2582 5055 3026 5129; x_wconf 81' lang='grc' dir='ltr'>καθειργμένους.</span> <span class='ocrx_word' id='word_1_720' title='bbox 3091 5051 3448 5128; x_wconf 81' lang='grc' dir='ltr'>Παραδραμεῖ</span> <span class='ocrx_word' id='word_1_721' title='bbox 3525 5073 3620 5126; x_wconf 90' lang='grc' dir='ltr'>μοι</span> <span class='ocrx_word' id='word_1_722' title='bbox 3695 5051 3761 5106; x_wconf 75' lang='grc' dir='ltr'>τὰ</span> 
     </span>
    </p>
   </div>
   <div class='ocr_carea' id='block_1_105' title="bbox 1947 5180 2176 5238">
    <p class='ocr_par' dir='ltr' id='par_1_105' title="bbox 1947 5180 2176 5238">
     <span class='ocr_line' id='line_1_105' title="bbox 1947 5180 2176 5238; baseline 0 -4"><span class='ocrx_word' id='word_1_723' title='bbox 1947 5180 2176 5238; x_wconf 75' lang='grc' dir='ltr'>ΝΟΤΑΞ.</span> 
     </span>
    </p>
   </div>
   <div class='ocr_carea' id='block_1_106' title="bbox 433 5285 3763 5367">
    <p class='ocr_par' dir='ltr' id='par_1_106' title="bbox 433 5285 3763 5367">
     <span class='ocr_line' id='line_1_106' title="bbox 433 5285 3763 5367; baseline -0.001 -23"><span class='ocrx_word' id='word_1_724' title='bbox 433 5293 500 5367; x_wconf 83' lang='lat' dir='ltr'>_(j)</span> <span class='ocrx_word' id='word_1_725' title='bbox 530 5295 671 5344; x_wconf 90' lang='lat' dir='ltr'>Cum</span> <span class='ocrx_word' id='word_1_726' title='bbox 703 5289 1011 5367; x_wconf 35' lang='lat' dir='ltr'>integrum.</span> <span class='ocrx_word' id='word_1_727' title='bbox 1033 5285 1169 5367; x_wconf 81' lang='lat' dir='ltr'>satis</span> <span class='ocrx_word' id='word_1_728' title='bbox 1200 5301 1434 5367; x_wconf 81' lang='lat' dir='ltr'>sensum</span> <span class='ocrx_word' id='word_1_729' title='bbox 1469 5285 1788 5367; x_wconf 80' lang='lat' dir='ltr'>habeamus</span> <span class='ocrx_word' id='word_1_730' title='bbox 1820 5287 1875 5340; x_wconf 93' lang='lat' dir='ltr'>in</span> <span class='ocrx_word' id='word_1_731' title='bbox 1908 5289 2170 5367; x_wconf 75' lang='lat' dir='ltr'>versione</span> <span class='ocrx_word' id='word_1_732' title='bbox 2193 5289 2403 5367; x_wconf 78' lang='lat' dir='ltr'>Sirleti,</span> <span class='ocrx_word' id='word_1_733' title='bbox 2435 5289 2620 5367; x_wconf 78' lang='lat' dir='ltr'>liquet</span> <span class='ocrx_word' id='word_1_734' title='bbox 2649 5288 2933 5367; x_wconf 67' lang='lat' dir='ltr'>ecgrapho</span> <span class='ocrx_word' id='word_1_735' title='bbox 2957 5291 3156 5367; x_wconf 77' lang='lat' dir='ltr'>nostro</span> <span class='ocrx_word' id='word_1_736' title='bbox 3204 5287 3389 5367; x_wconf 73' lang='lat' dir='ltr'>verba</span> <span class='ocrx_word' id='word_1_737' title='bbox 3428 5286 3628 5367; x_wconf 78' lang='lat' dir='ltr'>aliqua</span> <span class='ocrx_word' id='word_1_738' title='bbox 3656 5288 3763 5342; x_wconf 85' lang='lat' dir='ltr'>de-</span> 
     </span>
    </p>
   </div>
   <div class='ocr_carea' id='block_1_107' title="bbox 369 5359 3688 5432">
    <p class='ocr_par' dir='ltr' id='par_1_107' title="bbox 369 5359 3688 5432">
     <span class='ocr_line' id='line_1_107' title="bbox 369 5359 3688 5432; baseline -0.002 -14"><span class='ocrx_word' id='word_1_739' title='bbox 369 5359 568 5426; x_wconf 70' lang='lat' dir='ltr'>fuisse,</span> <span class='ocrx_word' id='word_1_740' title='bbox 603 5379 725 5432; x_wconf 67' lang='lat' dir='ltr'>quae</span> <span class='ocrx_word' id='word_1_741' title='bbox 755 5359 855 5431; x_wconf 81' lang='lat' dir='ltr'>per</span> <span class='ocrx_word' id='word_1_742' title='bbox 885 5360 1278 5428; x_wconf 82' lang='lat' dir='ltr'>conjecturam</span> <span class='ocrx_word' id='word_1_743' title='bbox 1311 5359 1743 5428; x_wconf 87' lang='lat' dir='ltr'>interpretando</span> <span class='ocrx_word' id='word_1_744' title='bbox 1777 5360 2076 5430; x_wconf 88' lang='lat' dir='ltr'>supplevi;</span> <span class='ocrx_word' id='word_1_745' title='bbox 2112 5361 2205 5415; x_wconf 90' lang='lat' dir='ltr'>hic</span> <span class='ocrx_word' id='word_1_746' title='bbox 2240 5362 2383 5415; x_wconf 87' lang='lat' dir='ltr'>nihil</span> <span class='ocrx_word' id='word_1_747' title='bbox 2419 5359 2589 5425; x_wconf 85' lang='lat' dir='ltr'>addo,</span> <span class='ocrx_word' id='word_1_748' title='bbox 2622 5361 2766 5414; x_wconf 86' lang='lat' dir='ltr'>satis</span> <span class='ocrx_word' id='word_1_749' title='bbox 2799 5361 3018 5415; x_wconf 88' lang='lat' dir='ltr'>habens</span> <span class='ocrx_word' id='word_1_750' title='bbox 3053 5361 3340 5413; x_wconf 78' lang='lat' dir='ltr'>defectum</span> <span class='ocrx_word' id='word_1_751' title='bbox 3377 5359 3688 5413; x_wconf 86' lang='lat' dir='ltr'>indicasse.</span> 
     </span>
    </p>
   </div>
   <div class='ocr_carea' id='block_1_108' title="bbox 439 5462 2000 5541">
    <p class='ocr_par' dir='ltr' id='par_1_108' title="bbox 439 5462 2000 5541">
     <span class='ocr_line' id='line_1_108' title="bbox 439 5462 2000 5541; baseline -0.001 -20"><span class='ocrx_word' id='word_1_752' title='bbox 439 5469 550 5541; x_wconf 79' lang='lat'>(25)</span> <span class='ocrx_word' id='word_1_753' title='bbox 581 5467 820 5541; x_wconf 87' lang='lat' dir='ltr'>Sirletus</span> <span class='ocrx_word' id='word_1_754' title='bbox 859 5470 1036 5541; x_wconf 80' lang='lat' dir='ltr'>totam</span> <span class='ocrx_word' id='word_1_755' title='bbox 1071 5462 1488 5541; x_wconf 61' lang='lat' dir='ltr'>fraternitatem</span> <span class='ocrx_word' id='word_1_756' title='bbox 1521 5468 1750 5532; x_wconf 89' lang='lat' dir='ltr'>raptam</span> <span class='ocrx_word' id='word_1_757' title='bbox 1780 5465 1836 5519; x_wconf 91' lang='lat' dir='ltr'>in</span> <span class='ocrx_word' id='word_1_758' title='bbox 1869 5482 2000 5541; x_wconf 80' lang='lat' dir='ltr'>car-</span> 
     </span>
    </p>
   </div>
   <div class='ocr_carea' id='block_1_109' title="bbox 368 5534 2009 5605">
    <p class='ocr_par' dir='ltr' id='par_1_109' title="bbox 368 5534 2009 5605">
     <span class='ocr_line' id='line_1_109' title="bbox 368 5534 2009 5605; baseline -0.005 -7"><span class='ocrx_word' id='word_1_759' title='bbox 368 5534 554 5599; x_wconf 70' lang='lat' dir='ltr'>cereri:</span> <span class='ocrx_word' id='word_1_760' title='bbox 580 5540 800 5605; x_wconf 86' lang='lat' dir='ltr'>scribit,</span> <span class='ocrx_word' id='word_1_761' title='bbox 826 5537 975 5604; x_wconf 92' lang='lat' dir='ltr'>quod</span> <span class='ocrx_word' id='word_1_762' title='bbox 1007 5551 1139 5589; x_wconf 91' lang='lat' dir='ltr'>cum</span> <span class='ocrx_word' id='word_1_763' title='bbox 1162 5534 1358 5588; x_wconf 65' lang='lat' dir='ltr'>Graeco</span> <span class='ocrx_word' id='word_1_764' title='bbox 1380 5539 1536 5605; x_wconf 82' lang='lat' dir='ltr'>textu</span> <span class='ocrx_word' id='word_1_765' title='bbox 1574 5552 1688 5590; x_wconf 89' lang='lat' dir='ltr'>non</span> <span class='ocrx_word' id='word_1_766' title='bbox 1722 5539 2009 5600; x_wconf 89' lang='lat' dir='ltr'>convenit,</span> 
     </span>
    </p>
   </div>
   <div class='ocr_carea' id='block_1_110' title="bbox 370 5602 2010 5704">
    <p class='ocr_par' dir='ltr' id='par_1_110' title="bbox 370 5602 2010 5704">
     <span class='ocr_line' id='line_1_110' title="bbox 370 5602 2010 5704; baseline -0.003 -36"><span class='ocrx_word' id='word_1_767' title='bbox 370 5616 469 5704; x_wconf 76' lang='lat' dir='ltr'>ubi</span> <span class='ocrx_word' id='word_1_768' title='bbox 519 5602 794 5682; x_wconf 85' lang='lat' dir='ltr'>expresse</span> <span class='ocrx_word' id='word_1_769' title='bbox 833 5602 1087 5679; x_wconf 83' lang='lat' dir='ltr'>ponitur,</span> <span class='ocrx_word' id='word_1_770' title='bbox 1143 5605 1355 5680; x_wconf 75' lang='grc' dir='ltr'>ἁρπαγὴ</span> <span class='ocrx_word' id='word_1_771' title='bbox 1398 5602 1457 5659; x_wconf 81' lang='grc' dir='ltr'>ἐκ</span> <span class='ocrx_word' id='word_1_772' title='bbox 1509 5605 1674 5679; x_wconf 85' lang='grc' dir='ltr'>μέσου</span> <span class='ocrx_word' id='word_1_773' title='bbox 1721 5615 1822 5678; x_wconf 83' lang='grc' dir='ltr'>τῆς</span> <span class='ocrx_word' id='word_1_774' title='bbox 1851 5605 2010 5663; x_wconf 86' lang='grc' dir='ltr'>ἀδελ-</span> 
     </span>
    </p>
   </div>
   <div class='ocr_carea' id='block_1_111' title="bbox 369 5702 626 5762">
    <p class='ocr_par' dir='ltr' id='par_1_111' title="bbox 369 5702 626 5762">
     <span class='ocr_line' id='line_1_111' title="bbox 369 5702 626 5762; baseline 0.004 -27"><span class='ocrx_word' id='word_1_775' title='bbox 369 5702 626 5762; x_wconf 76' lang='grc' dir='ltr'>φοτητος.</span> 
     </span>
    </p>
   </div>
   <div class='ocr_carea' id='block_1_112' title="bbox 2187 5464 3758 5539">
    <p class='ocr_par' dir='ltr' id='par_1_112' title="bbox 2187 5464 3758 5539">
     <span class='ocr_line' id='line_1_112' title="bbox 2187 5464 3758 5539; baseline -0.001 -19"><span class='ocrx_word' id='word_1_776' title='bbox 2187 5468 2300 5539; x_wconf 82' lang='grc'>(26)</span> <span class='ocrx_word' id='word_1_777' title='bbox 2336 5469 2396 5522; x_wconf 89' lang='lat' dir='ltr'>In</span> <span class='ocrx_word' id='word_1_778' title='bbox 2429 5466 2560 5521; x_wconf 89' lang='lat' dir='ltr'>Vita</span> <span class='ocrx_word' id='word_1_779' title='bbox 2591 5467 2648 5521; x_wconf 92' lang='lat' dir='ltr'>S.</span> <span class='ocrx_word' id='word_1_780' title='bbox 2675 5466 2989 5539; x_wconf 88' lang='lat' dir='ltr'>Theodori,</span> <span class='ocrx_word' id='word_1_781' title='bbox 3014 5465 3226 5520; x_wconf 88' lang='lat' dir='ltr'>dicitur</span> <span class='ocrx_word' id='word_1_782' title='bbox 3256 5465 3349 5539; x_wconf 85' lang='lat' dir='ltr'>hic</span> <span class='ocrx_word' id='word_1_783' title='bbox 3382 5464 3679 5539; x_wconf 78' lang='lat' dir='ltr'>relegatus</span> <span class='ocrx_word' id='word_1_784' title='bbox 3703 5465 3758 5520; x_wconf 90' lang='lat' dir='ltr'>in</span> 
     </span>
    </p>
   </div>
   <div class='ocr_carea' id='block_1_113' title="bbox 2123 5537 3760 5609">
    <p class='ocr_par' dir='ltr' id='par_1_113' title="bbox 2123 5537 3760 5609">
     <span class='ocr_line' id='line_1_113' title="bbox 2123 5537 3760 5609; baseline -0.002 -15"><span class='ocrx_word' id='word_1_785' title='bbox 2123 5537 2374 5594; x_wconf 81' lang='lat' dir='ltr'>insulam</span> <span class='ocrx_word' id='word_1_786' title='bbox 2406 5539 2748 5608; x_wconf 88' lang='lat' dir='ltr'>quamdam,</span> <span class='ocrx_word' id='word_1_787' title='bbox 2785 5556 2852 5592; x_wconf 86' lang='lat' dir='ltr'>ex</span> <span class='ocrx_word' id='word_1_788' title='bbox 2877 5538 2948 5591; x_wconf 92' lang='lat' dir='ltr'>iis</span> <span class='ocrx_word' id='word_1_789' title='bbox 2981 5553 3116 5609; x_wconf 66' lang='lat' dir='ltr'>quis</span> <span class='ocrx_word' id='word_1_790' title='bbox 3158 5537 3431 5606; x_wconf 66' lang='lat' dir='ltr'>proximae</span> <span class='ocrx_word' id='word_1_791' title='bbox 3481 5542 3620 5590; x_wconf 87' lang='lat' dir='ltr'>sunt</span> <span class='ocrx_word' id='word_1_792' title='bbox 3655 5538 3760 5609; x_wconf 83' lang='lat' dir='ltr'>By-</span> 
     </span>
    </p>
   </div>
   <div class='ocr_carea' id='block_1_114' title="bbox 2120 5608 3753 5680">
    <p class='ocr_par' dir='ltr' id='par_1_114' title="bbox 2120 5608 3753 5680">
     <span class='ocr_line' id='line_1_114' title="bbox 2120 5608 3753 5680; baseline -0.002 -15"><span class='ocrx_word' id='word_1_793' title='bbox 2120 5612 2305 5666; x_wconf 82' lang='lat' dir='ltr'>zantio</span> <span class='ocrx_word' id='word_1_794' title='bbox 2343 5627 2355 5663; x_wconf 91' lang='lat'><strong>:</strong></span> <span class='ocrx_word' id='word_1_795' title='bbox 2389 5612 2586 5664; x_wconf 85' lang='lat' dir='ltr'>eadem</span> <span class='ocrx_word' id='word_1_796' title='bbox 2621 5627 2788 5680; x_wconf 73' lang='lat' dir='ltr'>poena</span> <span class='ocrx_word' id='word_1_797' title='bbox 2839 5613 2894 5662; x_wconf 85' lang='lat' dir='ltr'>in</span> <span class='ocrx_word' id='word_1_798' title='bbox 2927 5608 3515 5680; x_wconf 18' lang='lat' dir='ltr'>Josephumiiratrem</span> <span class='ocrx_word' id='word_1_799' title='bbox 3547 5617 3604 5662; x_wconf 92' lang='lat' dir='ltr'>et</span> <span class='ocrx_word' id='word_1_800' title='bbox 3637 5608 3753 5662; x_wconf 83' lang='lat' dir='ltr'>Pla-</span> 
     </span>
    </p>
   </div>
   <div class='ocr_carea' id='block_1_115' title="bbox 2122 5679 3758 5752">
    <p class='ocr_par' dir='ltr' id='par_1_115' title="bbox 2122 5679 3758 5752">
     <span class='ocr_line' id='line_1_115' title="bbox 2122 5679 3758 5752; baseline -0.002 -15"><span class='ocrx_word' id='word_1_801' title='bbox 2122 5688 2317 5738; x_wconf 90' lang='lat' dir='ltr'>tonem</span> <span class='ocrx_word' id='word_1_802' title='bbox 2377 5679 2700 5752; x_wconf 86' lang='lat' dir='ltr'>sapientem</span> <span class='ocrx_word' id='word_1_803' title='bbox 2759 5683 2984 5738; x_wconf 88' lang='lat' dir='ltr'>decreta</span> <span class='ocrx_word' id='word_1_804' title='bbox 3043 5679 3081 5750; x_wconf 34' lang='lat'>;’</span> <span class='ocrx_word' id='word_1_805' title='bbox 3119 5679 3566 5751; x_wconf 86' lang='lat' dir='ltr'>haudquaquam</span> <span class='ocrx_word' id='word_1_806' title='bbox 3648 5697 3758 5736; x_wconf 84' lang='lat' dir='ltr'>una</span> 
     </span>
    </p>
   </div>
  </div>
