4090 6288
339 439 454 502 841

1019 437 1312 499 ORATIO
1353 439 1454 500 XI.
1501 473 1581 484 —
1621 438 2025 501 LAUDATIO
2069 439 2132 501 S.
2179 439 2565 502 PLATONIS
2610 440 3055 503 HEGUMENI.

3625 445 3744 504 842

343 569 649 644 μετέπειτα,
702 569 861 639 ἡνίκα
916 570 1207 646 ἀπαγωγαὶ
1273 571 1363 626 καὶ
1443 575 1774 650 μεταγωγαί,
1845 571 1974 628 διω-

2094 573 2259 645 plura
2287 575 2462 631 etiam
2515 591 2691 648 quam
2730 576 2886 647 jussi
2935 579 3099 631 erant
3131 577 3285 632 mala
3313 575 3558 634 inclusis
3597 577 3744 634 inle-

339 660 474 735 γμοὶ
533 661 624 714 καὶ
682 660 984 733 ἐξετασμοὶ,
1042 658 1412 736 διαχωρισμοί
1457 683 1515 715 τε
1565 661 1631 717 αὖ
1671 665 1758 717 καὶ
1790 664 1978 738 ἀφορι-

341 750 494 823 σμοὶ,
551 750 772 804 ἀπειλαί
823 771 882 804 τε
937 750 1027 804 καὶ
1079 751 1259 826 ὀργαὶ,
1305 751 1596 825 ἐρωτήσεις
1638 773 1696 806 τε
1733 753 1822 807 καὶ
1854 753 1982 806 ἀντ-

340 839 676 913 αποκρίσεις,
708 839 795 893 καὶ
831 841 859 894 6
890 838 944 894 ἐν
975 842 1118 915 πάσῃ
1163 845 1230 914 τῇ
1279 840 1440 896 πόλει
1487 841 1864 915 κωδωνισμὸς,
1901 845 1974 915 μή

337 931 419 992 τίς
452 952 555 986 που
585 931 880 1008 κρύπτοιτο
931 931 1113 990 λαϐὼν
1161 937 1268 989 τῶν
1329 932 1596 1009 ἀδελφῶν,
1640 936 1712 996 ὡς
1763 937 1848 990 καὶ
1905 937 1979 998 εἰς

345 1021 478 1083 ὀπὰς
534 1027 635 1091 τῆς
691 1028 792 1096 γῆς
848 1019 951 1076 δέει
1008 1028 1114 1078 τῶν
1195 1021 1438 1078 διωκτῶν
1513 1046 1631 1080 τινα
1706 1022 1978 1095 διασωθῆ-

341 1134 448 1169 ναι.

418 1385 526 1456 λη’.
562 1387 660 1442 Καὶ
695 1391 860 1441 ταῦτα
911 1388 1044 1462 ὑπὲρ
1096 1386 1291 1456 τίνος;
1345 1387 1537 1455 (Πάλιν
1585 1391 1686 1464 γάρ
1739 1387 1981 1462 ἀναλαμ-

347 1471 521 1530 ϐάνειν
555 1475 816 1547 ἐκπλήξει
855 1478 917 1531 τὸ
965 1474 1144 1551 δρᾶμα
1191 1482 1644 1551 περιπονοῦμαι.)
1667 1481 1778 1534 Ἳνα
1805 1480 1832 1533 6
1867 1501 1980 1534 στει

347 1566 595 1640 φανώσας
643 1565 769 1624 τοὺς
832 1567 1217 1640 μοιχωμένους
1275 1565 1420 1640 παρά
1493 1568 1555 1622 τὸ
1633 1566 1980 1642 Εὐαγγέλιον,

343 1653 478 1707 κατά
524 1653 790 1708 ἀντίθεσιν
847 1659 942 1708 τοῦ
994 1652 1341 1729 Προδρόμου,
1395 1656 1468 1717 ὡς
1518 1656 1832 1730 οἰκονομίαν
1873 1679 1982 1712 σω-

342 1744 533 1817 τήριον
562 1748 629 1816 τῇ
663 1742 962 1815 Ἐκκλησία
991 1747 1308 1815 πεποιηκὼς
1349 1746 1581 1820 ἀθωωθῆ
1631 1749 1934 1822 ἱερουργεῖν
1967 1767 1981 1782 ·

341 1833 434 1886 καὶ
467 1833 519 1886 οἱ
561 1836 751 1886 τοῦτον
804 1834 877 1903 μή
929 1833 1278 1907 προσιέμενοι
1328 1834 1712 1910 εὖαγγελικῶς,
1765 1830 1983 1910 ἕκνομοι

2086 670 2297 720 rentes.
2333 665 2609 721 Praetereo
2667 682 2795 737 quae
2855 669 3056 737 postea
3100 666 3253 722 facta
3311 672 3471 735 sunt,
3507 670 3742 739 quando

2087 753 2243 808 aliud
2305 754 2453 808 nihil
2512 755 2714 809 audire
2740 760 2863 810 erat
2903 771 3079 826 quam
3103 756 3510 826 abductiones,
3541 759 3747 813 tradu-

2086 845 2326 911 ctiones,
2378 845 2808 914 persecutiones
2871 845 3246 915 qumstiones,
3281 846 3736 915 disjunctiones,

2087 933 2494 1004 relegationes,
2529 934 2742 1001 minas,
2778 936 3023 1000 furores,
3047 935 3556 1005 investigationes;
3589 941 3740 992 tota-

2087 1039 2198 1093 que
2233 1022 2370 1077 urbe
2393 1029 2817 1094 perstrepentes
2835 1024 3338 1095 proclamationes:
3361 1042 3430 1080 ne
3453 1027 3584 1096 quis
3604 1026 3744 1082 Fra-

2089 1104 2248 1167 trum
2283 1112 2510 1182 uspiam
2539 1112 2732 1167 latens
2773 1113 3265 1168 absconderetur:
3298 1115 3440 1169 adeo
3469 1120 3530 1170 ut
3561 1115 3620 1170 in
3644 1132 3742 1170 ca-

2087 1201 2282 1255 vernis
2313 1205 2499 1267 terras,
2532 1207 2970 1271 persecutorum
3002 1210 3182 1268 metu,
3208 1200 3456 1258 salutem
3495 1203 3745 1276 quaesie-

2091 1290 2213 1345 rint
2244 1289 2451 1362 aliqui.

2161 1381 2247 1434 38.
2269 1380 2396 1435 ΙΙωο
2419 1385 2611 1436 autem
2630 1380 2828 1436 omnia
2846 1397 2962 1452 qua
2991 1382 3059 1437 de
3079 1397 3256 1438 causa
3275 1383 3302 1438 ?
3324 1383 3559 1455 (iterum
3584 1385 3744 1441 enim

2089 1486 2201 1541 prae
2235 1470 2622 1524 admiratione
2676 1486 2852 1540 cogor
2898 1486 3020 1525 rem
3053 1475 3387 1544 exponere.)
3422 1473 3492 1529 Ut
3534 1489 3744 1546 nempe

2089 1560 2141 1614 is
2205 1560 2304 1630 qui
2348 1559 2641 1614 adulteros
2691 1565 3067 1615 coronaverat
3109 1567 3306 1616 contra
3367 1564 3742 1635 Evangelium

2089 1652 2144 1704 et
2175 1660 2374 1704 contra
2403 1647 2782 1703 Praecursoris
2812 1649 3166 1719 exemplum,
3200 1653 3478 1721 tanquam
3542 1652 3742 1707 Eccle-

2088 1738 2189 1794 siae
2247 1737 2375 1792 utili
2428 1738 2776 1793 discretione
2808 1754 2971 1806 usus,
2995 1738 3237 1807 impune
3266 1741 3449 1795 sacris
3474 1757 3743 1812 operare-

2088 1830 2183 1881 tur
2217 1842 2230 1880 :
2266 1826 2486 1897 quique
2528 1825 2721 1892 illum,
2770 1825 3124 1897 evangelicis
3184 1828 3488 1898 praeceptis
3520 1828 3745 1885 obtem-

343 1920 434 1975 καὶ
465 1918 950 1995 ήλλοτριωμὲνοιί
999 1929 1067 1976 ’Ώ
1115 1921 1347 1978 διώκτου
1397 1925 1616 1998 πικροῦ,
1665 1931 1978 2000 Χριστιανοῦ

2095 1924 2385 1990 parantes,
2410 1933 2523 1974 non
2583 1919 2980 1986 admitterent,
3012 1917 3176 1988 impii
3230 1934 3265 1973 a
3312 1919 3544 1991 Deoque
3566 1921 3742 1977 alieni

345 2011 713 2086 προσηγορίαν
766 2009 1010 2086 ἔχοντος,
1061 2013 1148 2066 καὶ
1213 2018 1452 2087 Χριστοῦ
1501 2010 1708 2088 νόμους
1757 2037 1986 2070 καταπα-

343 2102 551 2154 τεῖσθαι
614 2101 820 2168 ζέοντος
857 2103 869 2157 l
902 2101 960 2156 Τί
1009 2100 1150 2155 οὕτω
1211 2104 1479 2174 μέμηνας,
1533 2101 1858 2178 βαρυκάρδιε
1895 2105 1983 2159 καὶ

344 2188 696 2260 ἃπηνὲστατε,
751 2191 840 2244 σὺν
891 2195 970 2262 τῷ
1021 2191 1319 2265 ὁμοτρὸπῳ
1387 2213 1481 2246 σου
1541 2193 1813 2265 σκύμνῳ;
1873 2194 1986 2250 Οὐκ

351 2281 504 2334 οἷο-Οα
547 2279 632 2333 ὅτι
670 2280 803 2353 πρὸς
857 2282 1160 2351 ἀηττήτους
1212 2283 1415 2353 νόμους
1485 2287 1618 2336 Θεοῦ
1666 2285 1986 2356 παραστήσῃ

349 2367 438 2429 οὕς
498 2365 670 2430 οὐδεὶς
733 2369 1170 2441 βασιλευσάντων
1247 2369 1490 2439 νενίκηκε
1540 2393 1554 2441 ;
1620 2373 1694 2443 μή

345 2463 436 2511 καῖ
492 2457 865 2532 προσκρούσας
922 2457 1110 2519 αὐτοῖς
1184 2459 1257 2520 ὡς
1331 2458 1414 2529 σὺ,

351 2545 543 2602 ώλετο.

1773 2371 1855 2425 ὅτι
1922 2393 1984 2445 γε

1495 2465 1798 2538 περιφανῶς
1882 2461 1985 2514 ἀπ-

418 2813 518 2871 λθ’.
552 2813 708 2872 Ἀλλ’
739 2815 783 2869 ὤ
818 2817 830 2871 l
883 2823 1000 2878 πῶς
1050 2816 1287 2891 ἀπήγετο
1331 2818 1358 2872 6
1404 2822 1500 2873 τοῦ
1534 2823 1666 2873 Θεοῦ
1697 2819 1982 2892 θεράπων;

339 2903 423 2957 ἐπ’
470 2903 628 2960 αὐτὸν
681 2905 783 2982 γὰρ
832 2903 1114 2979 ἓπανίημι.
1188 2905 1356 2963 Πάλιν
1431 2908 1850 2983 μεθοριζὸμενος
1896 2911 1985 2964 καὶ

338 2992 502 3048 πάλιν
549 2992 923 3067 διασπώμενος
979 2997 1082 3050 ὑπὸ
1135 2994 1282 3052 δυοῖν
1322 3019 1380 3052 τε
1431 2998 1864 3072 σκηριπτόμενος
1897 2997 1985 3054 διὰ

333 3088 396 3136 τὸ
433 3085 506 3154 μὴ
561 3083 767 3159 ἰσχύειν
822 3083 898 3138 ἔτι
950 3081 1290 3160 προϐαίνειν,
1327 3087 1630 3159 ’ἑλκόμενος
1673 3085 1735 3141 αὖ
1787 3109 1845 3142 τε
1892 3089 1980 3142 καὶ

332 3173 788 3246 περισυράμενος,
820 3175 908 3229 καὶ
963 3176 1158 3248 θρῆνον
1196 3173 1442 3248 ἐμποιῶν
1474 3184 1575 3247 τῆς
1629 3174 1816 3233 ἀδίκου
1846 3177 1982 3251 πρά-

333 3259 464 3328 ξεως
523 3263 614 3315 καὶ
674 3261 858 3325 αὐτοῖς
933 3268 1050 3324 τοῖς
1123 3266 1474 3334 ἂναισθήτοις
1534 3263 1730 3328 λίθοις.
1793 3267 1977 3320 Boi-cm

2095 2009 2489 2064 crederentur.
2523 2010 2567 2062 Ο
2617 2007 2826 2062 divinae
2873 2006 3023 2078 legis
3072 2009 3647 2078 praevaricationem!
3709 2026 3741 2066 ο

2094 2101 2368 2154 acerbum
2427 2103 2877 2170 persecutorem,
2913 2099 3013 2170 qui
3064 2116 3271 2156 nomen
3306 2101 3628 2157 Christiani
3660 2103 3745 2158 fe-

2094 2205 2228 2243 rens
2277 2188 2484 2244 Christi
2543 2188 2700 2258 leges
2773 2188 3112 2245 conculcare
3190 2192 3531 2262 satagebat!
3591 2192 3739 2257 Quid

2093 2283 2254 2332 tanto
2285 2278 2477 2334 furore
2508 2279 2650 2348 agis,
2683 2296 2714 2332 o
2746 2279 2938 2348 gravis
2998 2279 3170 2334 corde
3227 2283 3284 2334 et
3331 2281 3740 2338 inclementis-

2094 2368 2262 2435 sime,
2298 2385 2416 2422 una
2445 2383 2579 2424 cum
2623 2368 2800 2422 simili
2841 2367 2940 2422 tibi
2985 2368 3175 2424 catulo
3201 2369 3572 2440 (27)?Nescit
3601 2372 3742 2442 quia

2094 2456 2312 2512 bellum
2343 2457 2448 2512 tibi
2479 2463 2568 2512 est
2618 2457 2894 2512 adversus
2943 2458 3370 2528 insuperabiles
3429 2460 3528 2516 Dei
3562 2459 3738 2533 leges,

2095 2551 2295 2603 contra
2347 2564 2492 2619 quas
2557 2552 2691 2603 ante
2751 2556 2804 2602 te
2859 2547 3277 2618 imperantium
3334 2545 3507 2606 nemo
3562 2551 3740 2607 victo-

2093 2637 2238 2691 riam
2287 2637 2580 2692 obtinuit?
2635 2637 2897 2707 quinimo
2955 2639 3321 2711 quiscunque
3379 2639 3487 2711 eis,
3519 2639 3606 2696 uti
3655 2649 3740 2711 tu,

2094 2726 2322 2790 restitit,
2355 2726 2558 2782 incidit
2588 2727 2646 2781 in
2680 2726 3050 2782 manifestum
3081 2728 3346 2784 exitium.

2164 2815 2252 2871 39.
2278 2815 2388 2870 Sed
2421 2832 2453 2871 ο
2482 2814 2494 2869 ι
2527 2833 2646 2886 qua
2707 2817 2932 2872 ratione
2981 2816 3273 2872 abductus
3301 2826 3386 2872 est
3416 2817 3518 2874 Dei
3550 2819 3740 2874 famu-

2091 2903 2228 2960 lus?
2256 2907 2325 2960 ad
2375 2905 2542 2960 illum
2598 2905 2751 2960 enim
2799 2905 3104 2961 revertitur
3152 2907 3354 2962 oratio.
3392 2908 3618 2964 Rursus
3650 2926 3740 2966 re-

2093 2993 2346 3065 legatus,
2378 3011 2584 3050 rursus
2642 2996 2956 3049 distractus
3003 3012 3036 3050 a
3091 2995 3281 3064 nobis,
3315 3004 3366 3051 et
3421 3014 3454 3052 a
3505 2998 3738 3053 duobus

2094 3084 2432 3138 hominibus
2484 3089 2826 3154 protrusus;
2861 3100 2925 3139 eo
2977 3086 3128 3155 quod
3181 3084 3432 3154 amplius
3465 3087 3733 3157 progredi

2093 3174 2378 3244 nequiret,
2412 3174 2752 3228 trahebatur
2808 3173 3042 3238 iterum,
3077 3174 3549 3246 raptabaturque,
3578 3183 3634 3232 et
3665 3177 3736 3232 ad

2097 3265 2388 3335 planctum
2449 3280 2550 3334 pro
2600 3263 2949 3334 indignitate
2981 3263 3251 3318 facinoris
3285 3265 3550 3320 movebat
3580 3266 3738 3332 ipsos

329 3354 498 3404 ταῦτα
531 3351 557 3404 ὁ
589 3354 684 3404 τοῦ
714 3347 1054 3424 περιϐοήτου
1091 3353 1364 3428 μάρτυρος
1397 3353 1689 3426 Μάμαντος
1741 3360 1925 3431 χῶρός
1960 3375 1972 3387 ’

2093 3331 2265 3406 etiam
2306 3331 2679 3406 insensibiles
2728 3331 2972 3421 lapides.
3004 3351 3274 3406 Testetur
3322 3353 3442 3408 haec
3486 3331 3736 3425 insignis

328 3438 577 3514 γραφέτω
635 3443 800 3493 ταῦτα
950 3443 1323 3519 φρουρήσασα,
1387 3443 1521 3515 μετά
1594 3445 1694 3513 τήν
1753 3445 1976 3519 πρώτην

334 3531 430 3580 τοῦ
489 3524 732 3606 ἀδελφοῦ
791 3531 1050 3604 φρουρὰν,
1081 3531 1172 3585 τὸν
1230 3535 1330 3597 τῆς
1408 3529 1670 3605 εὐσεϐεία,
1739 3537 1973 3609 φρουρὸν

334 3616 483 3685 ἆξεῖα
508 3623 698 3687 νῆσος,
733 3622 842 3673 Φεῦ
902 3626 1000 3688 τῆς
1056 3621 1364 3694 ἀναλγήτου
1413 3620 1658 3697 καρδίας,
1700 3629 1829 3692 τῶν,
1878 3624 1976 3679 οὐκ

335 3701 435 3758 οἶδ’
476 3703 627 3767 ὅπως
676 3707 956 3782 εὐπρεπῶς
1001 3707 1237 3781 εἶ’ποιμι,
1273 3712 1756 3788 στρατιομονάχων
1799 3712 1974 3787 φυλά-

334 3815 443 3848 κων
479 3795 492 3850 l
527 3797 745 3851 Ἐθεντο
793 3798 884 3851 τὸν
939 3795 1146 3854 δίκαιον
1204 3801 1513 3872 μονώτατοι
1565 3802 1638 3863 ὡς
1687 3801 1736 3856 ἐν
1785 3803 1973 3875 λάκκῳ

332 3885 630 3956 κατωτάτῳ
663 3883 713 3938 ἕν
747 3908 853 3941 τινι
895 3887 1092 3960 κέλλῃ,
1121 3887 1533 3964 τετρυχωμένον
1583 3889 1691 3962 ἤδη
1741 3897 1820 3964 τῷ
1868 3895 1974 3965 γή-

335 3995 414 4049 ρει
446 3975 536 4028 καὶ
567 3977 636 4046 τῇ
673 3977 812 4047 νόσῳ
857 3976 1201 4051 βαλλόμενον
1239 3998 1251 4010 ·
1288 3978 1466 4034 εἶἀσαν
1499 3981 1584 4056 ὑφ’
1630 3982 1706 4035 ἑνὶ
1766 3980 1972 4054 δούλῳ,

332 4065 383 4118 οἱ
430 4061 620 4119 δοῦλοι
670 4070 775 4120 τῶν
827 4068 974 4121 κάτω
1030 4069 1120 4122 καὶ
1177 4074 1274 4123 τοῦ
1334 4069 1623 4142 Καίσαρος,
1680 4072 1770 4125 τὸν
1827 4071 1974 4126 ὅσιον

329 4153 468 4223 ἅπαξ
497 4157 564 4226 τῇ
590 4153 770 4229 ἡμέρᾳ
800 4155 835 4223 ἢ
887 4154 968 4217 δὶς
1012 4157 1414 4230 ὑπηρετεῖσθαι.
1462 4156 1769 4214 Ἠντιδόλει
1817 4162 1844 4216 6
1878 4161 1972 4238 γὲ-

325 4260 436 4309 ρων
485 4242 935 4315 μενακομίζεσθαι
986 4246 1117 4320 πρὸς
1167 4245 1455 4319 ἀναγκαίαν
1508 4248 1692 4322 χρείαν
1733 4254 1831 4303 τοῦ
1862 4251 1971 4304 σώ-

329 4350 499 4402 ματος
533 4333 629 4403 [τι]
662 4331 752 4385 καὶ
790 4333 816 4385 6
849 4329 1119 4404 δυσμενὴς
1150 4333 1433 4406 ἷώνείδιζεν
1468 4356 1480 4368 ·
1515 4332 1654 4411 ᾔτει,
1684 4343 1791 4392 τῶν
1837 4340 1973 4394 κατά

323 4421 427 4488 τήν
456 4419 727 4474 ἀσθένειαν
761 4418 1108 4495 ἔπιτηδείων,
1136 4425 1224 4479 καὶ
1256 4427 1283 4480 6
1325 4424 1626 4501 δύστροπος
1656 4429 1771 4482 κατ’
1807 4427 1972 4483 αὐτοῦ

323 4510 427 4578 τήν
461 4510 620 4581 θύραν
669 4504 872 4565 ἕκλειεν
909 4530 920 4542 ·
975 4513 1064 4566 καὶ
1112 4518 1279 4569 ταῦτα
1329 4515 1710 4594 ὑφιστάμενος,
1759 4517 1974 4592 ἀνεξάρ-

327 4617 492 4666 νητος
522 4603 622 4665 τῆς
653 4597 826 4667 καλῆς
859 4597 1189 4676 ὁμολογίας,
1232 4606 1297 4671 ἧς
1334 4603 1692 4678 ὡμολόγησεν
1745 4606 1971 4662 ἐνώπιον

2094 3440 2362 3512 Martyris
2406 3441 2717 3496 Mamantis
2775 3441 2988 3509 Regio;
3026 3441 3261 3508 scribat,
3295 3459 3423 3513 quae
3449 3451 3574 3512 post
3616 3444 3734 3513 pri-

2085 3547 2240 3586 mam
2275 3531 2472 3585 fratris
2505 3531 2617 3584 mei
2648 3532 2972 3584 custodiam
3005 3532 3308 3586 custodem
3344 3532 3576 3601 pietatis
3607 3534 3733 3588 vin-

2083 3630 2240 3676 ctum
2265 3620 2489 3687 habuit,
2523 3619 2772 3688 abrupta
2791 3619 3143 3675 insula.Vah
3177 3620 3427 3676 immitia
3476 3627 3728 3692 pectora,

2086 3710 2581 3765 monachorumne
2636 3708 2842 3778 dicam,
2874 3726 2945 3764 an
2996 3708 3274 3780 militum,
3307 3711 3518 3781 quibus
3575 3729 3732 3768 com-

2087 3800 2267 3855 missa
2306 3799 2504 3855 Sancti
2562 3799 2823 3854 custodia
2867 3797 3021 3852 fuit?
3052 3798 3240 3853 solum
3297 3817 3454 3868 eum,
3484 3800 3640 3856 velut
3670 3801 3731 3857 in

2083 3891 2214 3946 lacu
2255 3889 2535 3955 inferiori,
2571 3892 2888 3958 posuerunt
2916 3887 2975 3941 in
3002 3887 3145 3942 cella
3195 3888 3460 3958 quidam,
3485 3889 3610 3960 jam
3643 3906 3732 3944 se-

2085 3981 2182 4034 nio
2217 3981 2540 4034 confectum
2574 3985 2627 4031 et
2658 3977 2860 4031 morbo
2900 3981 3236 4046 gravatum;
3272 3979 3468 4049 ibique
3516 3996 3548 4034 a
3576 3995 3735 4034 man-

2084 4069 2233 4141 cipio
2277 4085 2414 4138 uno,
2442 4067 2552 4138 ipsi
2585 4066 2876 4138 mancipia
2907 4067 3112 4120 mundi
3145 4067 3520 4136 Caesarisque,
3565 4069 3734 4123 facie-

2085 4161 2226 4214 bant
2281 4159 2332 4213 ei
2382 4156 2694 4212 ministrari
2729 4157 2906 4212 semel
2966 4163 3063 4210 aut
3104 4156 3190 4210 bis
3221 4156 3279 4210 in
3331 4156 3442 4214 die.
3475 4158 3733 4229 Rogabat

2085 4265 2262 4304 senex
2290 4246 2482 4303 afferri
2505 4246 2615 4301 sibi
2665 4247 2967 4316 quipiuam
3001 4245 3072 4300 ad
3132 4247 3390 4316 corporis
3434 4248 3737 4303 necessita-

2084 4343 2204 4392 tem
2256 4341 2311 4391 et
2359 4337 2570 4391 eﬁerus
2616 4334 2716 4390 ille
2748 4335 2855 4390 hoc
2914 4335 2967 4390 ei
3023 4335 3449 4405 exprobrabat:
3502 4338 3734 4405 petebat

2084 4425 2300 4496 aliquid
2337 4425 2535 4481 morbo
2585 4440 2932 4494 congruum,
2959 4428 3015 4478 et
3062 4424 3278 4479 ostium
3324 4425 3375 4478 ei
3424 4425 3733 4481 claudebat

2087 4516 2407 4571 barbarus:
2442 4521 2498 4569 et
2522 4513 2646 4570 haec
2677 4514 2975 4568 sustinens
3004 4521 3247 4568 sanctus
3281 4515 3481 4570 firmus
3522 4516 3581 4570 in
3624 4532 3734 4571 sua

2085 4605 2466 4674 confessione,
2503 4620 2675 4676 quam
2708 4604 3008 4659 confessus
3042 4611 3127 4658 est
3156 4619 3350 4658 coram
3383 4605 3496 4658 Deo
3526 4613 3582 4660 et
3632 4606 3734 4660 ho-

333 4691 469 4740 Θεοῦ
535 4687 627 4741 καὶ
688 4687 1010 4762 ἀνθρώπων.
1066 4690 1286 4762 Ἐπειδή
1349 4689 1406 4747 δὲ
1463 4692 1523 4748 ἐκ
1575 4701 1674 4763 τῆς
1713 4696 1973 4765 τοιαύτης

2093 4695 2345 4749 minibus
2377 4709 2674 4764 nunquam
2706 4693 3012 4764 abnegavit
3056 4692 3374 4748 veritatem.
3412 4695 3732 4764 Postquam

330 4774 653 4847 καθείρξεως
721 4779 1115 4849 νοσηλεύεσθαι
1193 4781 1356 4836 αὐτὸν
1435 4781 1769 4838 ἐπιθανᾶτιον
1846 4784 1979 4855 ἀκή-

331 4883 456 4917 κοεν
492 4865 519 4918 ὁ
566 4870 790 4941 Καῖσαρ,
840 4869 1060 4943 μετάγει
1109 4869 1160 4924 ἐν
1207 4875 1288 4942 τῷ
1332 4871 1608 4945 Βυζαντίῳ
1677 4872 1982 4948 μαλαχθεὶς

331 4952 431 5020 τὴν
472 4952 773 5026 ἀτεράμονα
829 4954 1072 5028 καρδίαν,
1123 4959 1214 5013 καὶ
1275 4959 1504 5036 ἐνεγκὼν
1581 4963 1979 5036 παρασκευάζε·

329 5061 436 5104 ται,
490 5040 819 5116 ἐπανορθοῦν
869 5044 1028 5115 δῆθεν
1073 5049 1134 5102 τὸ
1188 5054 1367 5112 κακῶς
1413 5048 1790 5125 γεγενημὲνον.
1823 5051 1981 5109 Ἀλλ’

2089 4801 2221 4839 vero
2246 4782 2522 4837 intellexit
2572 4784 2888 4853 Imperator
2945 4781 3078 4851 (28),
3112 4797 3174 4835 ex
3211 4783 3500 4851 ejusmodi
3532 4791 3734 4838 custo-

2091 4873 2187 4927 dia
2215 4883 2492 4943 aegrotare
2520 4872 2703 4939 illum,
2738 4876 2795 4926 et
2827 4871 3066 4942 quidem
3099 4887 3278 4942 usque
3319 4871 3388 4926 ad
3441 4879 3683 4928 mortem
3717 4890 3733 4940 ;

2091 4961 2347 5018 emollita
2403 4960 2668 5016 nonnihil
2732 4960 2911 5016 animi
2968 4959 3358 5027 inclementia,
3394 4960 3732 5033 Byzantium

2091 5052 2392 5107 Platonem
2439 5049 2756 5118 transtulit,
2788 5055 2844 5105 et
2895 5065 3158 5121 reparare
3187 5049 3369 5106 voluit
3399 5051 3554 5122 quod
3585 5051 3734 5107 male

1925 5197 2152 5254 NOT/E.

328 5318 606 5392 utrosque
630 5315 904 5392 custodia
959 5317 1199 5384 includi,
1235 5322 1333 5374 sed
1393 5321 1658 5392 singulos
1710 5323 1976 5386 seorsim,

322 5385 402 5440 ita
435 5390 496 5463 ut
522 5391 759 5439 mutuus
794 5387 878 5440 eis
903 5397 1173 5463 aspectus
1197 5385 1704 5463 inegaretur,quod
1741 5385 1980 5450 unicum

325 5467 407 5537 est
470 5455 1158 5537 inprimere-solatium.
1193 5455 1713 5537 Theqphanes-ait
1763 5482 1980 5537 mense,

321 5527 628 5650 Januagiaig
662 5529 980 5584 indictione
1040 5533 1296 5587 secunda
1346 5527 1406 5588 in
1451 5536 1719 5592 exsilium
1754 5527 1980 5609 pulsos,

330 5615 483 5650 anno
637 5639 646 5648 .

330 5615 483 5654 anno
514 5615 646 5650 δυυ.

403 5670 514 5740 (27)
545 5669 660 5723 Via
693 5671 1066 5746 dubitogqu‘in
1097 5674 1314 5746 Joseph
1357 5677 1742 5746 OEconomus,
1776 5683 1980 5738 turba-

333 5757 464 5796 rum
494 5757 696 5810 causa,
728 5743 1108 5817 intelligatur.
1125 5743 1370 5804 Sirletus
1389 5749 1597 5804 leonem
1609 5743 1802 5819 vertit,
1822 5755 1976 5824 quod

653 5839 910 5904 Panos.
957 5842 1068 5907 Gn.
1110 5841 1313 5908 XCIX.

2088 5322 2218 5378 aliis
2248 5321 2606 5378 occasionem
2640 5321 2797 5376 dedit
2815 5321 3062 5377 Leonem
3087 5320 3322 5390 proprio
3370 5320 3609 5377 nomine
3650 5320 3733 5376 sic

2090 5394 2468 5464 appellatum,
2505 5393 2770 5448 fortassis
2828 5392 3171 5464 Isauricum,
3205 5393 3371 5460 cujus
3432 5409 3622 5448 mores
3671 5393 3732 5446 in

2092 5461 2197 5520 hoc
2232 5469 2555 5520 imitaretur
2585 5463 2960 5535 Nicephores,
2994 5461 3374 5534 intelligendi.

2160 5538 2274 5607 (28)
2306 5540 2359 5592 Is
2389 5543 2479 5591 est
2526 5538 2581 5591 S.
2618 5534 2976 5606 Nicephorus
3018 5536 3522 5607 Aprzenominatus,
3555 5534 3725 5607 cujus

2088 5612 2145 5661 et
2173 5604 2423 5663 aliorum
2457 5609 2675 5664 factum
2706 5604 2986 5677 relinquit
3010 5605 3229 5674 judicio
3262 5605 3361 5660 Dei
3393 5604 3640 5662 Michael
3671 5605 3728 5658 in

2088 5679 2219 5736 Vita
2243 5681 2300 5737 S.
2333 5680 2644 5736 Theodori.

3334 5843 3411 5904 27
