4090 6288
350 406 469 464 843

1598 396 1657 457 S.
1705 398 2104 461 THEODORI
2150 402 2511 463 ΞΤΟΒΙΊῈ

3640 398 3759 456 844

351 541 545 611 egerat
575 553 590 592 :
625 535 726 593 sed
750 533 1026 606 quoniam
1060 547 1270 604 parum
1302 534 1460 587 recta
1511 531 1828 588 intentione
1861 533 2002 589 fere-

2119 532 2304 603 ἒπειδή
2351 535 2449 588 οὐκ
2501 534 2605 588 ἀπὸ
2651 533 2815 606 ὀρθῆς
2865 530 3094 606 γνώμης
3138 531 3165 584 ὁ
3233 529 3456 592 σκοπὸς,
3509 525 3635 583 οὐδὲ
3684 528 3758 590 εἷς

351 629 544 698 batur,
574 628 646 682 ad
681 627 854 681 finem
894 639 1010 679 non
1065 621 1336 691 perduxit
1395 622 1549 691 quod
1603 628 2002 692 proposuerat.

357 715 501 772 Nam
552 715 748 785 ipsum
792 714 1048 783 quidem,
1082 710 1412 783 arrogantia
1478 711 1795 777 sublatum,
1847 712 2001 766 haud

351 802 451 857 diu
487 807 617 873 post
638 801 873 856 robusta
904 800 1004 856 Dei
1037 817 1248 855 manus
1280 800 1351 854 ad
1374 800 1617 871 Scythas
1639 800 1880 870 expulit,
1913 804 2000 853 at-

353 909 465 962 que
496 908 623 946 cum
665 895 782 945 toto
815 907 920 945 suo
978 889 1234 945 exercitu
1295 889 1547 960 perdidit
1573 889 1727 960 (29);
1762 890 2004 944 horren—

355 982 490 1034 dum
523 979 852 1050 exemplum
874 984 1233 1049 narratuque
1254 977 1504 1032 terribile
1521 979 1815 1032 secuturis
1831 994 2000 1048 gene-

351 1069 674 1124 rationibus
706 1073 974 1123 statuens
1007 1067 1427 1122 inevitabilium
1475 1067 1830 1138 judiciorum
1882 1083 2000 1120 suae

351 1156 798 1230 sapientissimae
879 1156 1272 1228 providentia.
1335 1158 1606 1212 Sanctum
1657 1173 1790 1211 vero
1847 1156 2002 1225 gregi

351 1263 458 1301 suo
494 1247 722 1317 proprio
755 1246 1067 1300 restituens
1098 1254 1268 1300 natus
1301 1247 1392 1317 pie
1416 1250 1555 1300 tunc
1579 1245 1999 1316 imperantium

355 1353 489 1392 cum
523 1336 635 1390 sibi
666 1353 767 1406 pro
798 1336 1140 1391 Confessore
1169 1335 1371 1390 haberi
1404 1335 1682 1406 probavit.

427 1425 517 1479 40.
552 1425 669 1480 Hoc
737 1428 933 1479 autem
985 1424 1275 1494 quomodo
1319 1423 1699 1479 acciditinec
1735 1423 1888 1479 enim
1920 1424 2003 1477 di-

356 1529 538 1585 gnum
599 1517 687 1567 est
719 1512 997 1582 praeteriri
1031 1512 1286 1568 silentio.
1322 1513 1528 1566 Eorum
1589 1529 1728 1567 cura
1758 1514 1858 1583 qui
1891 1529 2003 1568 no-

360 1610 545 1657 strum
576 1601 785 1672 agendi
809 1602 1277 1669 niodum,animo
1303 1602 1574 1657 benevolo
1609 1603 1775 1657 nobis
1800 1619 2004 1674 quam-

357 1692 445 1746 vis
476 1690 788 1759 contrario,
821 1691 1247 1760 improbabant,
1282 1690 1578 1746 sublatum
1639 1702 1777 1746 este
1809 1691 2001 1748 medio

355 1781 714 1847 scandalum,
752 1788 979 1851 propter
1039 1782 1188 1848 quod
1220 1798 1251 1835 a
1282 1781 1616 1836 Patriarclia
1675 1782 1821 1835 facta
1879 1785 2004 1835 erat

357 1869 608 1926 secessio
637 1887 650 1935 ;
681 1869 1058 1924 intercessere
1093 1876 1324 1926 orantes
1377 1870 1716 1940 Principes;
1749 1870 2002 1925 sanctis-

353 1960 542 2014 simus
573 1959 907 2013 Patriarcha
939 1961 1252 2027 excusavit,
1279 1963 1477 2015 omnia
1507 1978 1572 2015 ex
1607 1962 1858 2031 quadam
1881 1960 2001 2031 epi-

354 2048 456 2102 kia
487 2052 718 2118 propter
749 2049 1167 2119 Imperatorem
1203 2051 1354 2105 facta
1403 2050 1605 2105 fuisse.
1640 2050 1882 2105 Secutus
1913 2055 2004 2106 est

353 2154 706 2209 congressus
763 2143 819 2192 et
871 2139 1261 2195 reconciliatio
1317 2156 1448 2196 cum
1501 2140 1652 2195 dicto
1708 2141 1998 2196 Praesule:

355 2227 493 2298 quia
513 2226 628 2281 Deo
657 2226 801 2281 nihil
834 2233 922 2281 est
952 2227 1182 2283 charius
1212 2228 1356 2284 bono
1391 2229 1551 2299 pacis
1573 2235 1628 2285 et
1658 2231 1998 2296 concordiae,

359 2315 593 2385 quando
625 2314 724 2370 illa
743 2317 1054 2371 concordia
1087 2333 1198 2372 non
1232 2323 1319 2372 est
1349 2318 1433 2372 vel
1458 2318 1872 2372 dissonantiaa
1903 2335 2002 2372 ve-

354 2403 864 2469 raﬁde,veldivini
885 2406 1142 2460 mandati
1175 2408 1580 2478 transgressio,
1617 2414 1717 2461 aut
1749 2409 1999 2477 denique

359 2493 600 2548 canonis
637 2492 884 2563 alicujus
933 2495 1266 2564 abrogatio;
1302 2501 1533 2566 qualem
1568 2495 1752 2561 illam,
1784 2497 1854 2550 de
1887 2513 1999 2566 qua

355 2597 510 2635 nunc
560 2581 809 2652 agimus,
841 2597 955 2636 non
1018 2585 1213 2650 luisse,
1278 2593 1557 2654 quantum
1609 2584 1845 2654 quidem
1894 2601 1998 2638 nos

356 2671 579 2738 attinet,
615 2676 774 2741 patet
812 2687 1016 2726 sanam
1051 2680 1306 2728 mentem
1337 2673 1690 2728 habentibus
1724 2693 1736 2726 :
1772 2690 1906 2728 cum
1937 2689 1999 2728 ea

353 2776 480 2830 quae
512 2759 743 2814 interim
775 2765 936 2830 gesta
966 2766 1132 2816 erant
1161 2761 1580 2827 dimiserimus,
1616 2767 1895 2834 tanquam
1929 2763 1999 2817 si-

356 2849 520 2904 milia
549 2849 622 2904 iis
671 2865 797 2919 quae
846 2849 986 2905 olim
1037 2852 1145 2906 sub
1184 2851 1398 2906 divinis
1448 2851 1720 2906 Patribus
1742 2851 2002 2907 accidere

2115 624 2277 697 πὲρας
2336 625 2454 697 ἄγει
2511 624 2608 691 τήν
2669 623 2942 696 πρόθεσιν.
2977 620 3075 674 Τὸν
3139 620 3231 691 μὲν
3289 618 3414 694 γὰρ,
3466 617 3555 672 ἐπὶ
3614 615 3756 671 πολὺ

2117 712 2539 788 μετεωρισθέντα
2596 715 2664 785 τῇ
2737 708 2984 780 ἀπονοίᾳ,
3054 711 3087 778 ἡ
3164 708 3395 782 κραταιᾶ
3461 707 3584 782 χεὶρ
3661 711 3754 760 τοῦ

2113 808 2246 858 Θεοῦ
2305 803 2378 863 εἷς
2458 802 2664 863 Σκύθας
2749 799 3093 868 ἐκτοπίσασα,
3180 796 3351 853 ἒκεῖσε
3434 796 3755 868 πανστρατεὶ

2114 891 2333 962 ὤλεσεν,
2381 890 2628 964 διήγημα
2675 885 2902 967 φοϐερὸν
2950 887 3038 942 καὶ
3088 885 3320 960 λάλημα
3368 887 3589 964 φρικτὸν
3637 891 3753 946 ταῖς

2117 982 2401 1052 μετέπειτα
2443 985 2648 1054 γενεαῖς
2708 979 2990 1052 κριμάτων
3043 976 3337 1055 ἀνεφίκτων
3401 979 3499 1043 τῆς
3561 975 3755 1028 ἑαυτοῦ

2114 1069 2432 1146 σοφωτάτης
2466 1069 2782 1141 οἰκονομίας
2805 1064 3240 1140 ἐγκαταλείψασα
3265 1085 3276 1096 ·
3303 1066 3392 1119 τὸν
3416 1062 3470 1118 δὲ
3503 1066 3593 1117 σῦν
3619 1065 3750 1136 ἡμῖν

2114 1158 2260 1231 ῥοπὴ
2313 1162 2418 1211 τῶν
2480 1161 2779 1226 τηνικαῦτα
2855 1151 3087 1216 εὐσεϐῶς
3161 1152 3617 1228 βασιλευσάντων,
3679 1150 3752 1210 εἷς

2110 1248 2209 1315 τὴν
2260 1246 2459 1300 οἷ’κείαν
2520 1245 2688 1300 πάλιν
2755 1244 2995 1317 ποίμνην
3049 1244 3554 1311 ἀποκαταστήσασα,
3618 1241 3756 1312 ὀμο-

2112 1333 2360 1412 λογητήν
2394 1335 2603 1396 ἑαυτοῖς
2743 1330 3139 1390 ἀναδείκνυσιν.

2187 1428 2263 1498 μ’.
2297 1425 2392 1479 Καὶ
2451 1428 2610 1480 τοῦτο
2669 1428 2834 1490 πῶς;
2891 1420 3013 1476 οὐδὲ
3071 1422 3171 1495 γὰρ
3216 1418 3542 1496 παραλιπεῖν
3586 1419 3751 1490 ἄξιον.

2112 1510 2372 1588 Φροντίδι
2404 1516 2508 1566 τῶν
2539 1510 2983 1580 ἐπισκηπτόντων
3019 1511 3085 1563 τὰ
3129 1509 3247 1563 καθ’
3295 1511 3463 1580 ἡμᾶς,
3497 1506 3751 1565 εὐνοϊκῶς

2109 1623 2168 1656 τε
2215 1602 2250 1671 ἢ
2300 1601 2389 1656 καὶ
2430 1601 2740 1666 ἀντιθὲτως,
2789 1597 2928 1674 ἤρθη
2983 1597 3038 1653 ἐκ
3099 1600 3265 1670 μεσου
3315 1598 3376 1652 τὸ
3430 1593 3751 1663 σκάνδαλον,

2112 1688 2182 1744 δι’
2241 1692 2302 1745 οῦ
2369 1690 2454 1745 καὶ
2488 1693 2522 1760 ἡ
2584 1688 2815 1761 διαιρορᾶ
2869 1689 3002 1762 πρὸς
3052 1688 3142 1741 τὸν
3194 1688 3520 1761 ἱεραχοῦντα
3553 1705 3565 1717 ’
3599 1682 3752 1738 ἐδυσ-

2112 1782 2337 1850 ώπησαν
2398 1783 2448 1835 οἱ
2523 1784 2862 1852 κρατοῦντες,
2922 1777 3307 1847 ἀπελοὶκάσατο
3358 1777 3383 1830 ὁ
3443 1777 3745 1852 ἁγιώτατος

2109 1871 2456 1944 πατριάρχης
2515 1868 2686 1921 πάντα
2742 1867 2807 1920 τὰ
2853 1867 3183 1939 γεγενημένα
3232 1864 3281 1934 ἐξ
3327 1863 3638 1927 ἐπιεικείαις
3681 1865 3752 1937 (ι)

2111 1959 2244 2013 εἶναι
2303 1964 2398 2012 τοῦ
2488 1957 2922 2033 βασιλεύσαντος.
2983 1959 3285 2024 Τηνικαῦτα
3367 1957 3400 2022 ἡ
3487 1949 3748 2026 σόμϐασς,

2109 2048 2197 2101 καὶ
2321 2050 2452 2121 πρὸς
2504 2048 2664 2100 αὐτὸν
2712 2046 3031 2122 ἀνροσῖωσις,
3088 2045 3171 2098 ὅτι
3223 2041 3361 2116 μηδὲ
3426 2043 3586 2118 φίλον
3635 2049 3751 2112 Θεῷ

2109 2136 2250 2191 ἄλλο
2277 2159 2329 2190 τι
2363 2139 2433 2197 ὡς
2464 2139 2524 2190 τὸ
2576 2143 2673 2202 τῆς
2710 2136 2930 2208 εἰρήνης
2963 2134 3052 2186 καὶ
3102 2134 3356 2204 ὁμονοίας
3387 2131 3580 2202 καλὸν,
3617 2132 3745 2186 ἐπάν

2107 2229 2142 2296 ἡ
2177 2227 2409 2289 ὁμόνοια
2441 2225 2499 2278 οῦ
2530 2224 2794 2300 διαφωνία
2843 2223 3099 2287 πίστεως,
3150 2220 3275 2275 οὐδὲ
3327 2221 3556 2289 ἐντολῆς
3615 2225 3747 2275 Θεοῦ

2108 2312 2426 2388 παράϐασις,
2462 2313 2575 2368 οὐδ’
2608 2315 2670 2367 οὐ
2707 2329 2813 2386 μην
2845 2314 3070 2372 κανόνος
3104 2311 3382 2380 ἀθέτησις,
3416 2311 3491 2372 ὡς
3604 2331 3747 2384 παρ-

2109 2410 2241 2459 οῦσα
2273 2402 2560 2471 δέδεικται,
2595 2405 2717 2457 ὅσον
2743 2403 2803 2456 τὸ
2847 2403 2966 2455 καθ’
3003 2405 3172 2474 ἡμᾶς,
3203 2406 3316 2460 τοῖς
3364 2404 3484 2454 νοῦν
3537 2394 3748 2474 ἔχουσι,

2106 2495 2172 2548 τὰ
2213 2492 2300 2547 δια
2352 2495 2516 2565 μέσου
2575 2496 2787 2566 χαίρειν
2838 2490 3112 2559 ἐάσαντας,
3168 2491 3240 2547 ὡς
3300 2490 3584 2562 ὁμότροπα
3633 2494 3749 2549 τοῖς

2107 2583 2279 2637 πάλαι
2312 2581 2398 2636 ἐπὶ
2450 2587 2555 2636 τῶν
2601 2583 2874 2657 θεοφόρων
2929 2580 3178 2651 Ιιατὲρων
3234 2573 3629 2650 συμϐεϐηκόσι,
3665 2577 3753 2632 καὶ

2108 2672 2365 2733 ὡσαύτως
2411 2671 2774 2743 οἰκονομικῶς
2824 2672 3265 2743 παρεωραθεῖσιν,
3302 2667 3518 2741 μᾶλλον
3569 2663 3624 2721 δὲ
3683 2666 3756 2727 ὡς

2108 2765 2209 2825 τῆς
2276 2759 2480 2815 τούτων
2549 2754 2808 2832 ἀκριϐοῦς
2867 2757 3150 2829 ἐξετάσεως
3208 2757 3258 2810 ἐν
3323 2755 3402 2828 τῷ
3489 2752 3756 2829 μέλλοντι

2111 2852 2267 2904 αίῶνι
2298 2853 2377 2920 τῷ
2417 2847 2693 2920 ἁδεκάστῳ
2723 2851 2887 2921 κριτῆ
2913 2847 3358 2920 ταμιευομένοις.

354 2941 412 2993 et
441 2937 712 2994 similiter
745 2955 848 3010 per
876 2938 1128 3010 epikiam
1161 2941 1316 2997 fuere
1339 2941 1739 3010 dissimulata;
1765 2945 1866 2997 aut
1895 2942 2084 3014 potius
2107 2941 2257 2997 velut
2279 2957 2522 3012 quorum
2558 2939 2880 2996 accuratior
2907 2939 3194 2995 discussio
3227 2936 3762 3008 incorruptojudici

355 3032 682 3086 reservetur
712 3029 772 3084 in
805 3028 1087 3086 saeculum
1120 3030 1404 3088 futurum.

981 3176 1215 3234 CAPUT
1253 3177 1375 3234 VII.

2764 3179 3022 3230 ΚΕΦΑΛ.
3057 3175 3124 3230 Ζ’.

1273 3307 1564 3361 Extremus
1594 3305 1774 3362 sancti
1803 3304 2061 3362 Platonis
2081 3308 2322 3376 morbus,
2355 3313 2406 3363 et
2444 3308 2568 3380 pius
2628 3308 2829 3364 obitus.

436 3443 526 3497 42.
561 3445 698 3498 Post
727 3442 850 3498 hinc
898 3458 1013 3498 non
1058 3440 1315 3513 amplius
1355 3440 1617 3496 inclusus
1649 3440 1785 3496 vixit
1817 3441 2000 3508 Pater,
2032 3454 2076 3516 ρ

355 3549 552 3604 neque
609 3531 766 3587 enim
822 3532 973 3588 vires
1023 3535 1190 3586 erant
1247 3529 1334 3585 vel
1365 3531 1435 3586 ad
1484 3531 1590 3585 hoc
1623 3539 1680 3584 ut
1709 3531 2006 3601 corporeis

356 3621 813 3677 necessitatibus
869 3621 1083 3676 faceret
1140 3635 1240 3690 per
1286 3636 1348 3675 se
1402 3619 1592 3675 satis:
1636 3620 1735 3674 sed
1797 3621 2008 3690 partim

359 3710 574 3767 lectulo
635 3711 1004 3777 recumbens,
1057 3709 1358 3765 solabatur
1431 3725 1559 3764 sese
1627 3710 2003 3765 retributione

365 3803 790 3874 praeteritorum
824 3819 1060 3858 suorum
1095 3801 1474 3857 asceticorum
1526 3809 1578 3856 et
1601 3801 2005 3856 alhleticorum

361 3891 661 3961 laborum;
683 3891 890 3963 partim
930 3891 987 3945 in
1021 3891 1185 3946 sedili
1221 3890 1714 3962 requiescens,aut
1745 3889 2008 3947 Psalmos

364 3983 666 4038 Davidicos
721 3981 995 4037 vocaliter
1037 3980 1337 4050 recitabat,
1367 3989 1466 4035 aut
1515 3979 1839 4035 mentaliter
1887 3997 2010 4052 pre-

365 4073 606 4128 cabatur
639 4076 958 4138 Deum,aut
987 4069 1208 4141 aliquid
1248 4070 1577 4124 conferebat
1599 4071 1668 4124 ad
1697 4069 2004 4125 utilitatem

365 4161 780 4228 fraternitatis,
813 4159 1192 4229 consulendo,
1225 4158 1610 4226 adhortando,
1642 4158 2005 4228 instruendo,

367 4251 1088 4319 consolando,secundum
1117 4254 1414 4319 paternam
1449 4264 1614 4302 suam
1648 4248 2010 4304 benevolum-

366 4357 480 4412 que
511 4339 994 4396 consuetudinem
1030 4355 1042 4392 :
1071 4355 1184 4392 non
1219 4342 1411 4392 autem
1445 4342 1670 4408 poterat
1695 4340 1884 4409 operis
1911 4339 2009 4393 ali-

365 4430 504 4501 quid
534 4429 741 4491 facere,
777 4433 875 4482 aut
903 4444 1055 4499 genu
1099 4426 1348 4490 ﬂectere,
1380 4430 1481 4481 aut
1527 4425 1753 4482 lectioni
1780 4444 2004 4495 vacare,

367 4519 481 4574 nisi
512 4519 879 4590 quantumad
897 4517 1003 4570 hoc
1036 4517 1354 4570 conducere
1385 4519 1607 4587 poterat
1632 4533 1804 4588 opera
1829 4533 2006 4589 prope

361 4625 494 4662 eum
530 4607 777 4676 legentis
810 4605 1082 4660 ministri.
1117 4605 1223 4659 Sed
1284 4604 1342 4659 in
1403 4604 1494 4659 his
1555 4607 2008 4662 contristabatur

359 4695 827 4766 angebaturque,
853 4693 1015 4764 quasi
1061 4693 1315 4747 animam
1356 4693 1720 4764 perdidisset,
1756 4695 1894 4765 quia
1931 4696 2001 4751 ab

2193 3445 2302 3512 μα’.
2337 3440 2404 3497 Τί
2432 3442 2498 3496 τὰ
2540 3442 2674 3513 μετὰ
2702 3444 2866 3494 ταῦτα
2901 3459 2914 3509 ;
2948 3440 3142 3496 Οὐκέτι
3174 3441 3201 3493 ὁ
3253 3441 3436 3512 Πατὴρ
3489 3439 3761 3516 ἐγκεκλει-

2118 3531 2333 3602 σμὲνος,
2368 3528 2450 3585 ὅτι
2485 3528 2627 3603 μηδὲ
2668 3530 2827 3605 ἰσχὺς
2861 3533 3008 3601 αὖτῷ
3055 3529 3144 3583 καὶ
3193 3531 3293 3598 τὴν
3351 3534 3446 3583 τοῦ
3506 3530 3760 3601 σώματος

2117 3619 2409 3695 ἀναγκαίαν
2443 3619 2632 3697 χρείαν
2667 3619 2757 3688 κάξ
2800 3620 2966 3673 αὐτοῦ
3014 3619 3309 3684 ποιεῖσθαι,
3351 3616 3498 3673 ἀλλὰ
3538 3625 3612 3687 πῆ
3663 3619 3762 3690 μὲν

2117 3708 2204 3764 ἐπὶ
2235 3707 2430 3777 κλίνης
2460 3709 2868 3781 κατακείμενος,
2902 3705 3184 3762 ἀναδόσεσι
3214 3711 3322 3762 τῶν
3373 3703 3766 3782 προλαϐόντων

2117 3800 2427 3868 ἀσκητικῶν
2453 3798 2541 3852 καὶ
2564 3796 2877 3868 ἀθλητικῶν
2903 3797 3068 3852 αὐτοῦ
3100 3797 3279 3852 πόνῶν
3305 3819 3318 3831 ·
3342 3805 3416 3866 πῆ
3454 3796 3510 3852 δὲ
3531 3797 3617 3852 ἐπὶ
3641 3800 3767 3852 καθ-

2121 3887 2372 3959 ισματίου
2403 3886 2833 3959 ἀναπαυόμενος,
2866 3886 2954 3939 καὶ
2979 3883 3068 3940 διὰ
3087 3884 3347 3960 γλώσσης
3378 3887 3442 3940 τὰ
3470 3891 3567 3941 τοῦ
3598 3884 3765 3941 Δαυῖδ

2117 3978 2494 4053 φθεγγόμενος,
2527 3977 2616 4031 καὶ
2651 3979 2787 4031 κατὰ
2836 3982 2960 4030 νοῦν
3011 3981 3091 4048 τῷ
3137 3981 3253 4048 Θεῷ
3296 3978 3764 4051 προσευχόμενος,

2116 4066 2213 4121 ὅσα
2241 4089 2296 4122 τε
2315 4065 2458 4121 ἄλλα
2481 4067 2556 4128 εἷς
2583 4063 2839 4136 ϐοήθειαν
2857 4073 2958 4134 τῆς
2980 4063 3353 4142 ἀδελφότητος
3384 4065 3764 4141 συνεισφὲρων,

2115 4151 2504 4228 συμϐουλίαις,
2555 4155 2920 4228 ὑπομνήσεσι,
2999 4156 3323 4223 νουθεσίαις,

2116 4266 2218 4316 σιν,
2250 4247 2385 4300 κατᾶ
2413 4247 2512 4314 τήν
2559 4239 2945 4319 πρυλαϐοῦσαν
3007 4244 3155 4316 αὖτῷ
3211 4246 3479 4318 πατρικὴν
3536 4245 3626 4298 καὶ
3687 4244 3770 4297 εῦ-

3415 4155 3768 4228 παρακλήσε-

2113 4337 2305 4404 νοϊκὴν
2339 4338 2644 4404 συνήθειαν,
2680 4331 2833 4388 οὔπω
2895 4333 3101 4407 ἰσχύων
3153 4332 3229 4388 ἔτι
3279 4332 3615 4408 ἐργάζεσθαι,
3651 4332 3768 4388 οὐδ’

2113 4425 2173 4479 οὐ
2211 4427 2318 4498 μην
2349 4425 2473 4499 γόνυ
2523 4424 2732 4486 κλῖναι,
2779 4421 2891 4477 οὔτ’
2948 4422 3011 4477 αὖ
3060 4421 3410 4493 ἐπισκήπτειν
3457 4423 3740 4498 ἀναγνώσε

2073 4537 2217 4585 .σιν,
2277 4517 2312 4584 ἦ
2375 4514 2502 4568 ὅσον
2553 4514 2612 4568 ἐκ
2660 4518 2758 4568 τοῦ
2815 4514 3392 4588 παραναγινώσκοντος
3469 4513 3768 4587 ὑπηρέτου.

2110 4606 2209 4658 Καὶ
2241 4605 2305 4672 ἦν
2347 4603 2397 4657 ἐν
2443 4603 2660 4663 τούτοις
2708 4601 3158 4675 συλλυπούμενος
3187 4603 3277 4655 καὶ
3328 4603 3766 4675 σκυθρωπάζων,

2110 4695 2182 4754 ὡς
2213 4691 2321 4762 ’ἤδη
2355 4691 2728 4752 ἀπολωλεκὼς
2759 4694 2856 4761 τὴν
2887 4693 3094 4767 ψυχὴν,
3130 4689 3218 4745 διά
3245 4711 3304 4745 τε
3349 4694 3447 4758 τήν
3478 4689 3767 4766 ἁδράνειαν

362 4784 654 4840 exercitiis
702 4781 1105 4854 spiritualibus
1137 4798 1383 4849 cessare,
1417 4788 1525 4839 eta
1554 4782 1854 4839 laboribus
1878 4801 2001 4839 cor-

2115 4789 2218 4837 τῶν
2270 4787 2648 4854 πνευματικῶν
2709 4780 3090 4856 λειτουργιῶν,
3159 4781 3249 4834 καὶ
3320 4783 3418 4849 τήν
3499 4781 3764 4854 ἀπραξίαν

361 4872 659 4945 poralibus
709 4887 916 4926 vacare
960 4887 1021 4926 se
1077 4871 1330 4928 videbat.
1362 4873 1416 4927 Si
1466 4874 1697 4942 quando
1730 4889 1858 4928 vero
1891 4874 2004 4928 cibi

361 4962 581 5033 aliquid
614 4962 876 5016 sumebat
920 4976 1093 5016 causa
1124 4960 1329 5028 morbi,
1368 4965 1466 5016 aut
1495 4962 1717 5017 lavacro
1771 4969 2004 5032 propter

361 5050 756 5107 obedientiam
790 5050 1086 5116 utebatur,
1111 5050 1226 5106 Deo
1258 5049 1488 5122 quidem
1523 5052 1731 5122 agebat
1761 5052 2001 5122 gratias,

361 5141 594 5196 dolebat
635 5144 831 5194 tamen
878 5143 1107 5211 propter
1156 5141 1410 5195 laxatum
1461 5140 1586 5195 vitae
1613 5139 1821 5211 prioris
1855 5141 2004 5211 rigo-

359 5246 502 5285 rem.
537 5228 931 5297 Dignissimus
959 5245 1100 5285 sane
1131 5229 1324 5297 laude,
1361 5229 1462 5301 qui
1491 5229 1804 5301 pulchrum
1839 5246 2004 5286 suum

366 5317 620 5375 stadium
657 5333 721 5372 ac
758 5334 888 5376 vere
919 5317 1164 5375 solarem
1198 5335 1424 5376 cursum
1469 5317 1735 5386 absolvit,
1769 5319 1841 5374 ab
1866 5320 2003 5374 obe-

2116 4878 2223 4926 τῶν
2259 4876 2587 4944 σωματικῶν
2621 4872 2881 4944 ἐργασιῶν
2921 4891 2934 4905 ·
2985 4869 3039 4924 εἷ’
3083 4869 3187 4923 πού
3237 4890 3288 4922 τι
3338 4870 3427 4923 καὶ
3482 4869 3767 4941 μετελάμ-

2115 4957 2240 5014 ϐανε
2294 4963 2491 5034 βρῶμα
2546 4959 2900 5030 κατάλληλον
2961 4964 3029 5033 τῇ
3089 4959 3253 5030 νόσῳ,
3403 4961 3490 5012 καὶ
3545 4957 3768 5032 λουτρῷ

2113 5052 2232 5105 καθ’
2285 5051 2528 5119 ὑπακοήν
2581 5049 2946 5123 κεχρημένος,
2998 5048 3321 5122 ηύχαρίστει
3375 5049 3469 5120 μὲν
3526 5051 3604 5118 τῷ
3658 5055 3766 5101 Κυ-

2116 5161 2241 5213 ριῳ,
2273 5140 2462 5210 ἠνιᾶτο
2506 5136 2562 5194 δὲ
2621 5138 2708 5194 διὰ
2746 5139 2843 5207 τὴν
2896 5137 3098 5193 ἄνεσιν.
3160 5135 3319 5192 Ἀλλ’
3368 5135 3538 5197 ὅντως
3591 5137 3764 5192 καλὸν

2118 5228 2338 5284 δίαῦλον
2371 5227 2460 5283 καί
2490 5227 2719 5297 ἡλιακὸν
2753 5227 2956 5302 δρόμον
2991 5228 3017 5282 ὁ
3052 5227 3407 5302 πανεύφημος
3455 5225 3764 5294 τετελεκεν,

2114 5320 2176 5373 τὸ
2210 5317 2275 5388 δὴ
2327 5318 2642 5395 λεγόμενον,
2675 5317 2725 5389 ἒξ
2780 5319 3024 5387 ὑπακοῆς
3080 5315 3360 5377 ἀνατείλας
3407 5315 3496 5369 καὶ
3528 5313 3602 5376 εἷς
3653 5315 3766 5370 ὑπ-

1967 5471 2012 5526 Ν
2019 5470 2193 5527 ΟΤιἘ.

429 5596 508 5669 (Ii)
536 5597 827 5670 Scriptum
873 5600 994 5654 erat
1032 5597 1245 5655 ἑαυτοῦ,
1281 5595 1435 5666 quod
1468 5593 1878 5666 corrigendum
1911 5596 2150 5653 credidi.

2264 5598 2330 5669 (ι)
2363 5599 2506 5655 Item
2538 5595 2798 5673 ἐπιρείας,
2830 5602 2984 5673 quod
3019 5602 3164 5659 nihil
3196 5601 3507 5673 signiﬁcat.

427 5723 540 5796 (29)
573 5725 767 5783 Caesus
797 5743 830 5783 a
853 5723 1115 5795 Bulgaris
1145 5720 1504 5792 Nicephorus
1533 5721 1674 5792 imp.
1718 5724 1787 5777 26
1807 5722 1947 5780 Julii
1977 5741 2127 5782 anno
2157 5725 2283 5793 811,
2318 5725 2411 5781 cui
2441 5726 2720 5783 successit
2748 5727 2991 5786 Michael
3019 5728 3416 5800 Curopalates.
