4090 6288
324 458 442 519 845

1006 461 1303 523 ORATIO
1344 461 1448 523 XI.
1495 494 1573 506 —
1612 461 2019 524 LAUDATIO
2061 462 2129 525 S.
2174 463 2554 526 PLATONIS
2600 465 3038 531 HEGUMENI.

3607 476 3727 538 84-6

322 601 492 669 ακοήν
524 598 835 671 καταλήξας
871 619 884 633 ·
917 605 986 675 τῇ
1019 597 1357 673 δωδεκαταίᾳ
1384 599 1489 675 λὰρ
1521 603 1628 655 τῶν
1658 600 1813 669 ὡρῶν
1840 600 1952 670 ἡμε

2084 600 2301 657 dientia
2356 601 2626 659 videlicet
2682 602 2989 676 incipiens,
3021 606 3156 663 etin
3210 608 3542 666 obedientia
3574 611 3727 666 desi-

323 693 447 763 ρινῇ
509 687 752 762 περιόδῳ
813 689 1101 765 ἰσάριθμον
1159 691 1251 745 τὸν
1288 694 1397 744 τῶν
1446 688 1579 744 ἐτῶν
1633 687 1832 742 κύκλον
1886 686 1968 762 ἐφ’

319 777 533 850 ἑκάστῳ
564 780 732 854 ἀγῶνι
761 776 1058 850 διηνυκὼς,
1093 780 1169 842 εἷς
1218 782 1363 850 ζωὴν
1415 778 1634 833 αἰώνιον
1684 775 1967 851 ἀδιαδὸχῳ

317 870 461 949 φωτὶ
516 866 903 928 ἀναϐεϐίωκεν.
955 872 1199 946 Ἀρίθμει
1257 872 1385 933 τοὺς
1432 872 1670 946 ξάγῶνας,
1729 871 1817 923 καὶ
1879 868 1968 922 εὐ-

321 964 507 1035 ρήσεις
572 965 699 1026 τοὺς
758 964 1014 1039 χρόνους,
1085 965 1227 1021 ὀκτὼ
1298 965 1433 1039 πρὸς
1523 962 1963 1037 τεσσαρεὶκοντςπι⁹

315 1056 548 1128 πρόσθες
581 1055 709 1116 τοὺς
749 1058 856 1131 πρὸ
884 1063 983 1125 τῆς
1041 1058 1323 1133 ἀποταγῆς
1369 1052 1801 1122 δισδυοκαίδεκα,
1831 1065 1967 1124 προς

316 1141 516 1208 ἄλλοις
565 1146 813 1219 τέσσαρσι
863 1150 969 1201 τῶν
1028 1144 1310 1222 διωγμῶν,
1341 1147 1431 1200 καὶ
1492 1145 1631 1219 τρισὶ
1690 1152 1789 1212 τῆς
1822 1144 1965 1197 ἀσθε-

313 1233 482 1302 νείας,
522 1235 610 1288 καὶ
661 1235 910 1309 εὑρήσεις
966 1241 1045 1308 τῷ
1095 1234 1453 1311 ὀγδοηκοστῷ
1499 1232 1600 1290 ἔτει
1655 1233 1798 1302 πλὴν
1848 1235 1963 1295 ένος

313 1322 700 1398 τελειούμενον
734 1326 825 1381 τὸν
858 1323 1136 1399 ἀοίδιμον,

392 1597 505 1670 μβ’.
543 1595 699 1652 Ἀλλ’
732 1596 776 1649 ὦ
808 1599 818 1652 !
856 1601 972 1658 πῶς
996 1596 1255 1669 ἀδακρυτὶ
1285 1597 1346 1651 τὸ
1391 1594 1586 1651 τούτου
1637 1592 1963 1668 διηγήσαιμι

310 1681 473 1743 τέλος
508 1701 521 1751 ;
557 1684 772 1739 Ἐκειτο
806 1685 832 1738 ὁ
873 1686 1072 1759 γέρων,
1097 1683 1280 1757 ὥσπερ
1310 1706 1361 1738 τι
1394 1682 1554 1759 γέρας
1576 1680 1782 1755 τίμιον,
1815 1683 1965 1749 ἡτοι-

318 1772 595 1845 μασμένος
625 1773 724 1841 τὴν
775 1776 961 1851 ψυχὴν
1009 1774 1143 1847 πρὸς
1190 1774 1289 1842 τήν
1332 1767 1534 1843 ἔξοδον,
1570 1771 1658 1826 καὶ
1707 1769 1894 1843 κύκλῳ
1926 1773 1959 1838 ἠ

313 1857 623 1938 ἀδελφότης
653 1864 1008 1936 περιχυθεῖσα
1059 1862 1230 1936 ἐξῄτει
1279 1866 1384 1916 τῶν
1430 1862 1588 1934 ἱερῶν
1638 1864 1961 1933 προσευχῶν

311 1948 480 2005 αὺτοῦ
549 1946 737 2005 λαϐεῖν
794 1952 857 2005 τὸ
923 1950 1093 2026 δῶρον
1130 1971 1144 1985 ο
1178 1952 1268 2006 καὶ
1326 1950 1547 2023 ἐπείπερ
1603 1947 1693 2005 ἕνα
1739 1946 1962 2004 ἕκαστον
1994 1984 2040 2049 Β

314 2040 626 2116 ηὐλόγησεν
680 2042 770 2095 καὶ
828 2042 1235 2113 κατησπάσατο,
1266 2040 1474 2096 ἄπεισιν
1534 2040 1622 2094 καὶ
1680 2041 1815 2115 πρὸς
1868 2040 1957 2094 τὸν

312 2131 509 2207 τάφον,
542 2131 600 2185 ’ὀν
639 2129 697 2185 ἐκ
752 2132 924 2186 πόθου
979 2132 1155 2201 ἐζήτει
1221 2129 1391 2185 πάλαι
1441 2131 1750 2199 θεάσασθαι,
1784 2131 1826 2183 εἰ
1870 2129 1960 2183 καὶ

314 2220 413 2275 οὐκ
469 2219 835 2298 ἐπετύγχανεν
895 2225 990 2275 τοῦ
1048 2219 1581 2293 καταθυμίου,κοπῆ
1649 2223 1746 2273 τοῦ
1804 2219 1964 2288 θελή-

316 2331 487 2381 ματος
550 2330 561 2342 ·
617 2308 676 2363 ὅν
730 2307 885 2377 ἰδὼν,
944 2310 1117 2385 ἐχάρη
1173 2309 1317 2378 λίαν,
1376 2308 1828 2381 ἀνθμολογήσατο
1883 2312 1963 2379 τῷ

314 2399 529 2473 Κυρίῳ,
560 2397 792 2454 ἐπειπών
820 2418 833 2431 ο
867 2399 1016 2470 Αὕτη
1066 2402 1099 2468 ἡ
1152 2397 1483 2458 κατάπαυσίς
1519 2418 1623 2471 μου
1671 2396 1747 2459 εἰς
1796 2397 1964 2451 αἰῶνα

314 2487 515 2549 αἰῶνος
578 2504 591 2518 ⁸
637 2488 987 2562 μεθημόσατο
1036 2489 1125 2543 καὶ
1177 2489 1275 2556 τὴν
1329 2488 1512 2565 φωνὴν
1562 2486 1773 2555 ἐκείνην
1816 2503 1829 2519 ⁸
1867 2485 1963 2540 Θέ-

316 2575 479 2646 λημα
548 2581 652 2631 τῶν
750 2574 1106 2651 φοϐουμένων
1196 2577 1357 2632 αὐτὸν
1434 2578 1651 2646 ποιήσει
1738 2575 1958 2649 Κύριος.

316 2664 598 2734 Ἐγίνησον
640 2665 729 2719 καί
774 2671 884 2721 τῶν
935 2663 1035 2737 ἔξω
1093 2668 1195 2721 οὐκ
1241 2666 1487 2733 ὀλίγους,
1539 2666 1591 2720 οἳ
1640 2665 1729 2721 καὶ
1764 2667 1839 2737 μή
1874 2665 1960 2720 εὐ-

320 2749 643 2823 λαϐηθέντες
664 2756 753 2810 τὸν
804 2757 991 2830 καιρὸν
1177 2756 1279 2830 γὰρ
1328 2757 1435 2811 τῶν
1486 2756 1644 2829 ἰερῶν
1701 2760 1960 2823 νηστειῶν

317 2841 615 2917 περίοδος),
651 2843 978 2919 συνέδραμον
1019 2843 1302 2918 μοναδικοί
1348 2866 1407 2900 τε
1443 2846 1530 2899 καὶ
1584 2842 1827 2919 μιγάδες,
1867 2845 1962 2914 ηὐ-

315 2932 652 3006 λογήθησαν,
702 2935 1045 3008 ὑπέστρεψεν,
1097 2932 1499 3007 έφοδιασθέντες
1536 2933 1701 2988 καλὸν
1745 2931 1958 2999 ἐφόδιον

317 3023 416 3089 τήν
464 3021 671 3076 ἐκείνου
722 3023 875 3096 ἁγίαν
936 3025 1241 3094 παράθεσιν.
1279 3023 1377 3078 Καί
1423 3045 1480 3097 γε
1520 3023 1675 3084 αὐτὸς
1725 3024 1751 3076 ὁ
1801 3023 1960 3097 ἀγιώ·

317 3132 482 3173 τατος
527 3113 875 3187 πατριάρχης
921 3113 1108 3187 παρεὶς
1158 3112 1456 3186 ἐξῃτήσατο
1498 3112 1688 3187 εὐχὴν,
1734 3113 1824 3166 καὶ
1858 3112 1955 3166 λα-

307 3196 421 3256 ϐὼν
447 3204 757 3270 ἠσπάσατο.
793 3201 1014 3276 Γέγονεν
1045 3224 1103 3258 τε
1134 3206 1168 3271 ἡ
1220 3200 1335 3276 ὥρα
1365 3202 1564 3271 ἐκείνη,
1597 3204 1774 3271 πάσης
1824 3202 1953 3255 ὑπο-

305 3290 617 3364 νοουμένης
650 3289 911 3365 διαφορᾶς
948 3292 1325 3366 ἀλεξητήριον,
1359 3296 1468 3346 τῶν
1511 3295 1637 3366 πρὶν
1688 3290 1951 3364 λυπηρῶν

2076 706 2413 759 nens;cum
2471 693 2628 748 enim
2681 695 2888 749 diurno
2948 695 3227 752 horarum
3276 697 3580 755 duodecim
3615 701 3727 755 cir-

2077 781 2206 836 culo
2237 799 2427 852 parem
2462 801 2746 838 annorum
2774 784 3074 855 periodum
3123 788 3182 843 in
3214 805 3565 860 unoquoque
3594 807 3716 845 cer-

2075 871 2295 925 tamine
2327 872 2819 943 (30)explevisset,
2837 875 2905 928 ad
2936 878 3721 950 aaternamvitam,perpetuo

2077 958 2296 1014 lumine
2347 961 2648 1022 fruiturus,
2700 964 3024 1034 emigravit.
3059 965 3319 1021 Numera
3368 971 3711 1040 certamina,

2075 1057 2131 1107 et
2160 1049 2418 1106 invenies
2449 1067 2632 1104 annos
2655 1051 3043 1121 quadraginta
3074 1060 3222 1108 octo.
3251 1055 3396 1110 Tum
3424 1074 3608 1113 annos
3633 1060 3719 1115 bis

2076 1142 2382 1197 duodecim
2415 1141 2698 1209 (3t),ante
2721 1141 3292 1199 abrenuntiationem
3314 1147 3506 1201 saeculi
3535 1156 3716 1216 actos,

2068 1234 2251 1303 junge
2283 1230 2412 1285 aliis
2444 1235 2697 1301 quatuor
2719 1231 2904 1297 annis,
2930 1249 3074 1303 quos
3104 1233 3160 1287 in
3189 1238 3714 1308 persecutionibus;

2075 1326 2131 1377 et
2160 1322 2372 1384 tribus,
2404 1336 2549 1391 quos
2576 1320 2634 1375 in
2692 1319 3041 1376 infirmitate
3098 1324 3353 1378 traduxit
3417 1326 3665 1383 Sanctus
3703 1346 3715 1383 :

2074 1415 2132 1466 et
2156 1412 2432 1476 invenies,
2456 1410 2643 1464 virum
2667 1410 3054 1465 venerabilem
3076 1412 3305 1468 ’ohiisse
3346 1432 3496 1471 anno
3527 1418 3716 1473 aetatis

2074 1501 2226 1556 unde
2267 1500 2617 1573 octogesimo
2649 1499 2783 1571 (32).

2145 1590 2232 1644 42.
2266 1591 2377 1644 Sed
2428 1590 2718 1659 quomodo
2778 1588 2905 1644 sine
2952 1588 3224 1663 lacrymis
3273 1597 3513 1650 mortem
3557 1596 3718 1653 illius

2075 1680 2322 1734 narrabo
2343 1678 2370 1733 ‘?
2390 1680 2623 1734 Jacebat
2652 1694 2848 1747 senex,
2882 1678 3103 1734 habens
3144 1681 3402 1737 animam
3452 1690 3715 1755 paratam

2074 1770 2143 1823 ad
2219 1784 2541 1839 egressum,
2599 1767 2756 1823 velut
2814 1766 3166 1824 honoratum
3245 1773 3539 1842 quoddam
3614 1791 3717 1830 xe-

2074 1858 2237 1912 nium
2268 1858 2491 1927 (33),et
2522 1855 2738 1911 circum
2775 1855 2960 1911 affusa
2996 1857 3331 1914 fraternitas
3392 1862 3613 1930 orabat,
3648 1868 3712 1918 ut

2076 1962 2288 2001 munus
2346 1946 2671 2002 orationum
2729 1947 2859 2014 ejus
2910 1954 3228 2003 mereretur
3266 1951 3548 2022 accipere.
3582 1953 3717 2009 Post

2071 2052 2246 2105 quam
2276 2036 2459 2108 igitur
2480 2034 2792 2107 unicuique
2815 2035 3118 2107 sigillatim
3140 2038 3439 2094 benedixit
3458 2046 3513 2096 et
3543 2058 3715 2098 oscu-

2063 2127 2216 2181 latus
2264 2131 2351 2182 est
2389 2126 2532 2181 abiit
2590 2127 2658 2182 ad
2713 2126 3070 2197 sepulcrum,
3123 2130 3280 2200 quod
3338 2131 3534 2188 videre
3586 2132 3710 2201 jam

2068 2218 2288 2289 pridem
2349 2220 2620 2274 ardenter
2668 2218 3061 2289 concupierat,
3092 2221 3361 2292 quamvis
3411 2228 3545 2279 voto
3598 2242 3706 2281 suo

2066 2308 2381 2362 frustratus
2438 2307 2627 2375 fuerit,
2661 2308 2799 2378 quia
2862 2325 3225 2379 praepropera
3264 2315 3388 2366 erat
3438 2312 3571 2368 talis
3628 2331 3716 2369 vo-

2067 2393 2282 2448 luntas.
2310 2393 2456 2449 Illud
2491 2399 2687 2449 autem
2720 2412 2853 2450 cum
2872 2395 3131 2464 vidisset,
3149 2398 3380 2467 gavisus
3403 2392 3491 2455 eet
3519 2402 3714 2471 valde,

2068 2488 2123 2538 et
2171 2484 2466 2538 benedixit
2520 2484 2854 2547 Dominum,
2914 2485 3235 2556 inquiens:
3303 2490 3430 2545 Haec
3494 2495 3710 2561 requies

2067 2588 2192 2627 mea
2224 2574 2283 2626 in
2310 2574 2576 2628 saeculum
2612 2573 2800 2627 saeculi
2826 2572 2888 2629 ιδ.
2914 2572 3132 2629 Deinde
3154 2575 3324 2629 istam
3347 2593 3583 2649 quoque
3615 2597 3713 2635 vo-

2068 2677 2192 2716 cem
2223 2662 2531 2730 subjunxit
2563 2680 2576 2716 :
2618 2663 2967 2718 Voluntatem
2993 2663 3308 2719 timentium
3337 2683 3393 2720 se
3420 2668 3587 2736 faciet
3606 2672 3713 2725 Do-

2066 2753 2250 2805 minus
2284 2750 2348 2805 ¹⁴.
2383 2752 2582 2806 Traxit
2613 2754 2785 2806 etiam
2819 2754 2885 2807 ad
2914 2769 2975 2807 se
3007 2761 3373 2810 externorum
3428 2773 3541 2811 non
3579 2775 3718 2827 pau-

2067 2857 2164 2896 cos
2200 2856 2212 2895 :
2247 2840 2345 2912 qui
2397 2841 2556 2896 nulla
2605 2842 2802 2896 habita
2851 2844 3074 2898 ratione
3129 2846 3403 2912 temporis
3429 2848 3711 2916 (verteba-

2067 2939 2159 2985 tur
2190 2932 2341 2985 enim
2390 2932 2540 2986 sacri
2586 2931 2796 3000 jejunii
2864 2933 3140 3003 circulus)
3163 2925 3553 2990 iaccurrebant
3585 2943 3704 2993 tam

2068 3021 2331 3075 monachi
2368 3038 2542 3093 quam
2576 3024 2901 3082 saeculares,
2937 3024 3448 3096 benedictioneque
3478 3038 3710 3097 accepta

2067 3112 2500 3166 revertebantur
2559 3112 2821 3167 instructi
2881 3113 2951 3167 ad
3015 3114 3118 3167 iter
3194 3114 3415 3185 optimo
3474 3117 3706 3182 viatico,

2064 3205 2283 3256 sanctae
2320 3201 2539 3256 scilicet
2584 3201 2960 3272 depositionis
3016 3203 3301 3258 memoria
3338 3204 3479 3275 (34).
3529 3206 3710 3270 Quin-

2064 3292 2182 3346 imo
2215 3291 2619 3347 sanctissimus
2650 3292 2977 3363 patriarcha
3025 3294 3207 3348 adfuit
3233 3295 3380 3364 (35),
3412 3301 3615 3367 petens
3643 3302 3708 3351 ut

304 3378 551 3436 ἐκποδὼν
618 3382 1023 3457 γεγονημένων.
1084 3384 1305 3437 Πάντων
1366 3380 1456 3435 οὖν
1518 3382 1949 3454 ὑπεμνημάτισε,

2070 3384 2253 3433 oraret
2286 3395 2703 3449 prose;eoque
2737 3380 3062 3449 impetrato,
3095 3381 3392 3438 osculatus
3424 3390 3512 3438 est
3551 3402 3705 3441 eum.

301 3476 463 3525 πᾶσιν
516 3470 875 3546 ὑπερηύξατο,
926 3472 1140 3539 ἅπασιν,
1172 3471 1417 3545 ἀφίησιν,
1466 3471 1778 3547 ἐχθράνασι,
1814 3469 1945 3523 διώ-

309 3559 444 3629 ξασι,
479 3558 811 3630 λυπήσασιν,
872 3561 899 3615 ὁ
959 3561 1031 3622 ὡς
1084 3560 1304 3631 ἀληθῶς
1351 3568 1447 3618 τοῦ
1493 3564 1628 3618 Θεοῦ
1659 3558 1943 3633 ἅνθρωπος

303 3649 393 3702 καὶ
424 3650 660 3723 Χριστὸν
697 3650 795 3704 κάν
819 3654 899 3722 τῷ
939 3651 1148 3723 θανάτῳ
1191 3653 1554 3726 μιμούμενος.

2059 3469 2261 3539 Itaque
2293 3469 2555 3523 horailla
2612 3470 2887 3524 omnibus
2940 3471 3401 3542 suspicantibus,
3436 3475 3707 3531 alieniori

2058 3558 2214 3627 ipsos
2262 3560 2331 3612 ab
2393 3558 2638 3615 invicem
2700 3576 2827 3615 esse
2854 3561 3071 3629 animo,
3114 3562 3262 3616 facta
3288 3563 3399 3616 fuit
3429 3564 3487 3618 in
3521 3582 3704 3619 reme-

2057 3647 2219 3702 dium
2251 3648 2451 3717 procul
2485 3649 2753 3705 submola
2780 3666 3143 3721 quaecunque
3186 3656 3353 3707 antea
3397 3654 3706 3709 exstiterat

297 3740 658 3812 aegritudine.
692 3742 955 3814 Denique
984 3760 1188 3799 omnes
1210 3744 1729 3813 admonuit,oravit
1760 3758 1862 3813 pro
1893 3737 2187 3804 omnibus,
2214 3740 2487 3795 omnibus
2517 3741 2753 3813 ignovit,
2779 3758 3027 3812 quorum
3049 3742 3411 3807 inimicitias,
3434 3761 3705 3816 persecu-

294 3831 504 3893 tiones,
538 3831 835 3887 molestias
862 3832 1085 3899 tulerat,
1121 3838 1317 3904 utpote
1350 3850 1478 3889 vere
1511 3835 1594 3888 vir
1624 3833 1746 3899 Dei,
1768 3839 1823 3886 et
1852 3830 2144 3886 Christum
2177 3828 2347 3884 etiam
2377 3830 2439 3885 in
2468 3837 2646 3886 morte
2675 3831 2933 3887 imitans.

370 3920 473 3994 μγ’.
532 3918 756 3987 Ἐπειδὴ
808 3917 866 3974 δὲ
920 3921 1010 3974 καὶ
1064 3918 1330 3992 διαθήκην
1359 3918 1467 3976 ἔδει
1516 3919 1814 3989 διαθέσθαι,
1858 3918 1940 3981 τίς

297 4008 429 4077 αὕτη
467 4010 573 4077 ;⁹Η
606 4006 893 4080 ὀρθὸδοξος
935 4009 1135 4077 πίστις,
1166 4012 1254 4065 καὶ
1297 4014 1331 4080 ἡ
1383 4012 1619 4084 νόμιμος
1667 4010 1937 4081 πολιτεία,

295 4092 384 4158 αἷς
448 4097 749 4168 συνέξησεν,
809 4100 899 4153 καὶ
969 4101 1085 4171 μεθ’
1137 4102 1209 4154 ὧν
1259 4098 1647 4173 ἀπεδήμησεν’
1684 4105 1846 4155 τοῦτο
1887 4098 1943 4156 δὲ

293 4186 511 4242 κάκεῖνο
562 4184 859 4260 διανέμειν,
893 4189 955 4243 οὐ
999 4188 1134 4262 πρὸς
1192 4190 1357 4243 αὐτοῦ
1417 4188 1521 4263 (ὅτι
1586 4188 1714 4263 μηδ’
1773 4192 1939 4260 αὐτῆς

294 4282 397 4344 τῆς
426 4274 708 4349 ἐπωμίδος
744 4278 808 4345 ἦν
838 4276 1047 4351 κύριος)
1091 4275 1483 4336 διατάττεσθαι.
1536 4279 1754 4351 Ἀμέλει
1805 4280 1942 4355 ἐρω-

287 4366 476 4436 τηθείς
528 4368 663 4441 πρὸς
733 4366 867 4436 ἐμοῦ
917 4366 1174 4437 ἐλεεινοῦ,
1230 4370 1304 4440 μή
1354 4390 1405 4422 τι
1450 4364 1628 4445 ἔχοιεν
1679 4371 1942 4446 παριστά-

293 4474 454 4527 μενον
487 4472 500 4486 ·
554 4457 623 4527 τῇ
682 4456 777 4527 μὲν
830 4454 975 4529 χειρὶ
1024 4456 1300 4529 ἁψάμενος
1338 4460 1436 4510 τοῖ’)
1484 4457 1727 4529 ἱματίου,
1779 4462 1940 4514 τοῦτο

366 4580 409 4616 ³³
440 4579 590 4636 Psal.
624 4597 812 4649 cxxxx,
848 4581 931 4636 14.
970 4583 1015 4618 ιε
1044 4581 1197 4639 Psal.
1230 4599 1414 4655 σχειν,
1450 4584 1536 4642 19.

2127 3919 2213 3973 43.
2248 3922 2531 3985 Quoniam
2581 3937 2712 3983 vero
2767 3920 3025 3992 oportuit
3069 3922 3242 3978 etiam
3293 3928 3702 3980 testamentum

2054 4011 2223 4064 condi
2260 4026 2273 4066 :
2329 4013 2645 4082 quodnam,
2679 4028 2894 4082 quaeso,
2929 4011 3211 4081 reliquit?
3255 4012 3449 4067 Fidem
3509 4013 3704 4091 ortho-

2055 4101 2261 4156 doxam
2294 4105 2350 4155 et
2377 4101 2878 4157 conversationem
2914 4100 3263 4172 regularem,
3294 4102 3350 4154 in
3387 4101 3597 4173 quibus
3620 4102 3699 4155 vi-

2054 4190 2139 4244 xit
2168 4194 2384 4245 etcum
2417 4191 2634 4260 quibus
2665 4190 2805 4243 obiit
2838 4205 2852 4244 :
2887 4190 2994 4245 hoc
3025 4193 3219 4245 autem
3260 4189 3349 4245 vel
3395 4189 3540 4246 illud
3574 4192 3697 4246 dis-

2057 4280 2311 4335 tribuere
2340 4280 2409 4333 ad
2446 4279 2609 4333 illum
2644 4295 2759 4333 non
2810 4278 3158 4348 pertinebat,
3202 4296 3333 4333 cum
3387 4296 3578 4349 neque
3629 4282 3699 4335 de

2058 4372 2180 4440 ipso
2212 4370 2388 4441 pallio
2411 4378 2605 4441 posset
2635 4376 2693 4423 ut
2742 4370 3013 4425 dominus
3066 4370 3288 4425 testari.
3320 4370 3579 4425 Tandem
3612 4388 3699 4426 ro-

2052 4469 2216 4533 gatus
2243 4478 2273 4514 a
2296 4474 2385 4514 me
2418 4457 2753 4527 miserabili,
2786 4474 2928 4514 num
2955 4458 3099 4530 quid
3124 4458 3367 4515 haberet
3399 4476 3698 4516 commen-

1884 4728 2112 4785 NOTAE.

360 4871 478 4946 (3Q)
518 4870 793 4946 Primum
826 4872 936 4946 sub
997 4872 1329 4928 ohedientia
1365 4873 1451 4946 AS.
1482 4872 1819 4946 Theoctisti,
1854 4890 1941 4928 se-
1975 4883 2021 4946 Ι)
2053 4873 2473 4944 exprimeretur
2502 4873 2629 4941 ejus
2661 4889 2786 4944 qua
2816 4872 3103 4946 in_Graeco
3127 4875 3216 4927 est
3275 4872 3343 4925 ad
3386 4887 3592 4946 vocum
3626 4871 3702 4925 si-

287 4944 552 5016 cundum
586 4942 655 5016 in,
678 4943 962 5011 regimine
995 4946 1332 4999 monasterii
1358 4944 1789 5016 Symbolorum,
1825 4950 1946 5000 ter-

287 5015 445 5068 tium
479 5014 537 5067 in
564 5015 943 5087 gubernando
978 5016 1332 5070 monasterio
1373 5014 1737 5085 S'acudionis,
1770 5034 1943 5087 quar-

290 5090 417 5141 tum
451 5085 951 5153 ConstantinOpuli
978 5088 1031 5140 in
1064 5088 1408 5142 reclusione.

364 5157 488 5228 (31)
530 5156 724 5211 Graece
758 5153 840 5217 δὶς
866 5154 1204 5214 δυοκαίδεκα.
1240 5160 1349 5215 Sed
1382 5158 1564 5228 prima
1584 5157 1805 5228 syllaba
1824 5159 1946 5213 Sir-

290 5226 401 5282 let'i
460 5228 649 5283 oculos
710 5229 881 5299 fugit,
917 5236 978 5284 ut
1024 5231 1313 5286 duodecim
1368 5226 1634 5298 verteret,
1665 5237 1721 5286 et
1763 5236 1943 5286 totam

291 5299 363 5354 ch
380 5301 689 5370 ronologiss
724 5304 1005 5356 rationem
1043 5304 1321 5358 turbavit.

371 5371 490 5442 (32)
522 5372 600 5426 Ex
658 5372 766 5427 hac
823 5373 943 5427 vita
990 5377 1236 5429 excessit
1303 5374 1708 5430 sanctissimus
1759 5373 1941 5439 Plato,

291 5443 721 5504 octogesimum
757 5445 943 5499 aetatis
980 5462 1196 5500 annum
1232 5462 1347 5499 uno
1399 5448 1596 5499 minus
1625 5462 1827 5511 agens,
1859 5446 1946 5499 vir

288 5513 571 5586 pluribus
602 5514 946 5584 perfunctus
996 5516 1308 5583 laboribus,
1361 5517 1610 5586 egregiis
1660 5518 1942 5571 virtutum

289 5585 471 5640 editis
496 5586 883 5641 do-umentis.
919 5589 1005 5641 Ita
1036 5588 1093 5641 S.
1122 5585 1592 5649 Theodori'Vita,

364 5656 482 5724 (33)
513 5657 702 5730 Graece
724 5649 901 5730 ἔκειτο
925 5659 952 5710 ὁ
983 5656 1179 5730 γέρων,
1212 5658 1395 5730 ὥσπερ
1435 5677 1485 5710 τι
1546 5658 1707 5729 γέρας
1759 5660 1942 5730 τίμιον

288 5728 701 5809 ἡτοιμασμένος
732 5729 833 5795 τὴν
880 5728 1075 5809 ψυχήν.
1103 5748 1116 5761 '
1151 5736 1241 5786 est
1289 5728 1484 5809 autem
1526 5728 1710 5809 γέρας,
1744 5728 1944 5809 decus,

292 5802 623 5869 prwmium,
657 5816 762 5871 pro
791 5817 906 5872 quo
933 5802 1217 5859 vertimus
1270 5802 1627 5870 mentum,’ut
1675 5804 1946 5874 proprius

2056 4943 2448 5000 militudinem
2492 4943 2799 4999 allusionis
2847 4943 3177 5013 elegantia;
3238 4960 3411 5013 quam
3452 4944 3700 4997 Sirletus

2056 5018 2327 5087 neglexit,
2363 5017 2503 5071 dum
2528 5018 2608 5070 ita
2638 5016 2824 5071 vertit.
2858 5037 2887 5066 «
2920 5014 3157 5070 Jacebat
3185 5030 3361 5070 senex
3414 5014 3511 5070 ille
3541 5014 3701 5070 senio

2056 5090 2375 5144 admodum
2409 5088 2712 5143 honorato.
2759 5110 2786 5137 ››

2128 5162 2237 5229 (34)
2263 5160 2456 5214 Graece
2472 5160 2919 5229 simpliciturest
2943 5179 2967 5210 α
2984 5173 3188 5213 sancta
3209 5159 3335 5227 ejus
3348 5157 3651 5229 depositio,
3668 5177 3699 5209 κ

2053 5234 2372 5305 παράθεσις,
2415 5231 2677 5305 Sirletus,
2730 5233 3267 5305 commendationem
3316 5231 3489 5283 vertit
3520 5245 3567 5305 :_
3594 5246 3695 5298 pu-

2054 5300 2172 5358 tavi
2198 5304 2377 5359 menti
2410 5304 2663 5359 auctoris
2696 5304 2933 5374 propius
2963 5318 3331 5359 accessuram
3368 5300 3692 5372 paraphra~

2057 5393 2186 5431 51m.

2128 5449 2239 5516 (35)
2268 5447 2397 5502 Vita
2420 5447 2475 5501 S.
2512 5445 2829 5501 Theodori:
2864 5465 2889 5497 cr
2925 5448 2985 5498 In
3021 5461 3084 5499 eo
3107 5444 3279 5516 etiam
3302 5444 3696 5498 abundantem

2056 5519 2384 5589 patriarcha
2415 5517 2715 5589 charitatis
2746 5534 2861 5571 sum
2887 5516 3001 5570 vim
3037 5515 3332 5584 animique
3365 5520 3513 5570 recte
3535 5531 3697 5569 com-

2058 5588 2224 5659 positi
2267 5590 2557 5659 specimen
2610 5588 2891 5642 exhibuit.
2924 5589 3246 5641 Accurrens
3286 5589 3530 5659 ipsemet
3560 5603 3692 5640 cum

2056 5656 2326 5715 universo
2357 5661 2507 5714 clero
2540 5660 2608 5714 ad
2640 5659 3072 5725 monasterium,
3111 5656 3451 5711 moribundo
3496 5667 3691 5712 sancto

2057 5734 2263 5796 astitit,
2295 5738 2451 5787 totus
2484 5732 2538 5784 in
2576 5730 2737 5784 illum
2771 5732 3013 5796 deﬁxus,
3047 5729 3303 5783 membra
3336 5730 3463 5854 eius
3494 5732 3693 5784 omnia

2057 5802 2462 5854 comnlectens.
2495 5802 2864 5854 suaviternue
2887 5800 3120 5854 singula
3148 5801 3362 5854 deoscu
3390 5816 3517 5854 ans.
3550 5820 3580 5848 »

2056 5802 2462 5874 complectens,
2495 5802 2864 5871 suaviterque
2887 5800 3120 5871 singula
3148 5800 3517 5856 deosculans.
3550 5820 3580 5848 »
