4090 6288
363 502 480 566 847
1604 497 1666 560 S.
1713 495 2003 560 THEOD(

2164 490 2528 554 STUDITIE
3643 504 3764 568 848

364 636 832 699 dandum,manu
869 633 1090 686 vestem
1105 629 1573 702 apprehendens,
1589 646 1713 686 eam
1728 629 2002 696 excussit,

2117 621 2440 691 κατέσεισεν,
2510 625 2585 685 ὡς
2661 620 2940 697 σύμϐολον
3004 629 3250 701 ὑπακοῆς
3311 634 3766 713 παντελευθέρου,

363 726 423 782 in
458 727 692 798 signum
745 721 1196 793 expeditissima
1249 719 1623 784 obedientiae;
1657 729 1707 774 et
1737 735 1874 775 voce
1906 721 2006 774 ad-

365 814 606 871 modum
666 811 958 866 submissa
1017 808 1182 874 dixit,
1241 808 1388 863 nihil
1443 808 1669 875 habere,
1728 825 1793 864 eo
1851 808 2002 879 quod

365 904 564 960 omnia
595 918 732 957 meae
795 899 1059 970 parvitati
1113 899 1519 954 committeret.
1554 899 1728 954 Porro
1781 904 2001 968 prater-

369 998 620 1053 eundum
644 1010 757 1048 non
790 997 878 1047 est
907 990 1149 1061 aliquid.
1185 990 1297 1044 vim
1332 990 1552 1045 habens
1589 991 2002 1060 praedictionis,

366 1085 518 1158 quod
543 1099 750 1153 nempe
782 1081 1086 1137 funebrem
1106 1085 1335 1135 cantum
1385 1080 1495 1135 sibi
1520 1081 1644 1151 ipse
1685 1086 1819 1134 ante
1851 1096 2006 1134 mor-

370 1181 486 1230 tem
520 1171 814 1228 cecinerit.
848 1170 994 1225 Cum
1019 1169 1173 1224 enim
1193 1185 1260 1224 ex
1300 1173 1529 1240 pectore
1559 1169 1867 1236 laboraret,
1909 1185 2006 1224 as-

373 1265 659 1333 siduoque
708 1259 1025 1315 anhelitum
1077 1259 1331 1325 duceret,
1366 1273 1431 1312 ex
1479 1262 1756 1314 consueta
1811 1273 2005 1313 rerum

367 1351 692 1406 divinarum
728 1347 1103 1402 meditatione
1134 1346 1595 1412 movebatlahia,
1623 1347 1870 1402 maxime
1900 1363 2007 1402 au-

365 1445 482 1494 tem
512 1438 796 1509 psallebat
821 1437 979 1491 illam
1012 1452 1185 1491 sacra:
1213 1436 1499 1492 cantionis
1513 1436 1863 1506 particulam
1886 1452 1899 1489 :
1923 1439 2013 1492 Rc-

365 1531 590 1600 surgent
619 1527 846 1592 mortui,
877 1536 928 1581 et
977 1527 1074 1596 qui
1123 1525 1184 1578 in
1224 1524 1596 1580 monumentis
1651 1532 1778 1579 sunt
1829 1528 2006 1580 susci-

366 1618 651 1682 tabuntur,
711 1625 760 1670 et
808 1616 1146 1671 laztabuntur
1187 1616 1281 1684 qui
1309 1621 1439 1668 sunt
1471 1616 1528 1668 in
1587 1623 1737 1669 terra
1768 1633 1786 1669 :
1834 1629 2008 1685 quem

367 1705 785 1762 suavissimum
843 1719 1074 1759 versum
1126 1703 1469 1758 hortabatur
1521 1707 1583 1758 ut
1611 1720 1808 1759 secum
1839 1721 2010 1759 cane-

365 1801 496 1851 rent
528 1795 624 1866 qui
661 1797 865 1864 praasto
923 1797 1107 1861 erant,
1143 1792 1330 1862 quoad
1381 1791 1538 1862 loqui
1581 1793 1790 1864 potuit,
1824 1797 1880 1848 et
1908 1810 2010 1848 vo-

367 1902 492 1942 cem
512 1883 593 1940 vel
629 1882 1032 1938 tenuissimam
1065 1883 1347 1936 emittere.
1382 1882 1592 1938 Secuta
1639 1888 1831 1938 autem
1873 1899 2012 1938 can—

367 1981 493 2029 tum
523 1982 611 2030 est
633 1989 810 2041 mors,
844 1979 982 2027 tunc
1020 1971 1101 2025 illi
1145 1971 1476 2038 adveniens,
1531 1971 1764 2042 quando
1825 1972 2007 2027 insta-

368 2064 470 2118 bat
500 2061 943 2130 memoriajusti
992 2060 1188 2116 Lazari
1221 2062 1360 2131 (36),
1405 2061 1477 2115 ad
1539 2078 1712 2132 quem
1763 2063 2008 2117 refertur

369 2158 606 2208 canctus
628 2151 743 2219 illc,
772 2155 829 2207 et
859 2167 993 2205 cum
1026 2167 1136 2220 quo
1171 2167 1300 2221 pars
1334 2154 1456 2220 ejus
1487 2149 1557 2205 de
1587 2167 1697 2221 quo
1721 2151 1887 2206 nobis
1917 2155 2006 2206 est

369 2257 581 2297 sermo.

442 2331 529 2384 44.
559 2329 819 2397 Denique
859 2328 1555 2396 extremum,insurrans,
1597 2328 1798 2384 Extote
1842 2329 2007 2398 salvi,

370 2420 694 2488 decoroque
725 2417 924 2472 habitu
952 2417 1178 2486 jacens,
1214 2432 1345 2471 cum
1398 2416 1470 2471 ad
1517 2419 1802 2473 dexteram
1839 2417 2007 2473 incli-

370 2511 566 2561 nasset
598 2505 1042 2574 caput,placido
1083 2521 1146 2557 ac
1205 2505 1318 2559 leni
1345 2513 1506 2560 motu
1539 2505 1813 2574 corporis,
1849 2506 2010 2560 velut

371 2595 470 2664 qui
503 2595 560 2649 in
617 2595 847 2665 propria
919 2593 1075 2648 abire
1134 2594 1414 2663 disponit,
1445 2594 1650 2648 clausit
1697 2595 1912 2660 oculos,
1944 2611 2010 2649 ea

370 2701 487 2756 qua
516 2683 602 2739 sol
623 2683 917 2738 occumbit
947 2682 1112 2750 hora,
1142 2689 1199 2737 et
1230 2683 1502 2753 spiritum
1541 2699 1714 2738 suum
1742 2693 2007 2740 sanctum

370 2772 610 2829 tradidit
639 2771 1101 2843 angelis,ipsum
1125 2773 1194 2826 ad
1225 2770 1405 2827 solem
1433 2772 1678 2842 justitiaa
1727 2775 2010 2828 deductu-

370 2862 471 2918 ris.
497 2859 1095 2931 Etnuncillequidem
1131 2863 1189 2916 in
1233 2860 1393 2917 cmlis
1418 2867 1508 2916 est
1543 2862 1679 2933 (36')
1711 2863 1894 2917 audeo
1926 2862 2009 2917 di-

367 2967 520 3018 cere,
581 2967 694 3006 non
746 2949 934 3005 solum
1002 2950 1245 3006 ascetico
1318 2951 1596 3022 dignatus
1640 2952 1861 3021 ordine,
1908 2953 2007 3008 sed

366 3041 764 3097 confessorum
799 3039 1270 3095 adnumerandus
1299 3039 1554 3095 choreis:
1579 3057 1828 3111 quorum
1851 3040 2006 3096 enim

364 3129 686 3186 certamina
715 3127 975 3199 pertulit,
1031 3127 1235 3182 horum
1280 3128 1517 3184 indubie
1552 3129 1721 3185 etiam
1761 3129 2008 3184 haeredi-

366 3223 542 3275 tatem
602 3216 968 3290 participavit
1000 3232 1012 3269 :
1045 3223 1146 3271 aut
1184 3218 1228 3271 si
1290 3216 1497 3288 placet,
1546 3233 1680 3274 cum
1721 3218 2006 3290 subjectis

365 3307 661 3377 subjectus
692 3305 1166 3377 probatissimus,
1211 3306 1329 3362 imo
1384 3307 1474 3362 bis
1527 3307 1800 3363 obediens
1845 3325 2006 3363 coro-

363 3396 564 3452 narius
599 3411 765 3462 ;cum
826 3393 1104 3449 solitariis
1157 3393 1450 3450 solitarius
1505 3394 1831 3468 legitimus;
1866 3413 1998 3451 cum
2032 3385 2080 3452 C

363 3485 616 3556 praelatis
647 3483 920 3555 praelatus
954 3483 1357 3554 dignissimus,
1391 3501 1525 3540 cum
1581 3486 1844 3554 inclusis,
1879 3503 1994 3543 non

361 3573 550 3630 solum
574 3572 859 3641 inclusus,
879 3572 980 3627 sed
1011 3573 1182 3628 etiam
1225 3574 1533 3642 subditus;
1568 3577 1840 3647 quodque
1896 3593 1998 3631 au-

363 3669 606 3734 gustum
665 3660 956 3731 inprimis,
1017 3677 1152 3717 cum
1225 3664 1652 3719 confessoribus
1703 3667 1997 3720 confessor

365 3749 681 3822 genuinus,
714 3750 906 3821 reipsa
937 3751 1123 3806 verbis
1156 3756 1486 3807 attestante.
1525 3753 1636 3823 Ego
1675 3760 1871 3809 autem
1914 3755 2000 3808 in-

360 3839 515 3907 felix,
550 3839 769 3909 optimo
798 3839 1030 3894 orbatus
1070 3847 1265 3910 patre;
1312 3841 1405 3895 cui
1451 3858 1689 3896 manum
1734 3842 1995 3913 injiciam

364 3930 556 3985 animo
581 3927 918 3984 ﬂuctuans?
952 3944 1121 4000 quem
1166 3931 1587 3987 admonitorem
1645 3933 1935 3988 inveniam
1965 3951 1998 3990 a

366 4025 528 4076 recta
557 4018 860 4074 declinans
902 4018 1171 4074 ratione?
1199 4022 1490 4090 quomodo
1523 4021 1659 4076 mali
1715 4024 1999 4080 daemonis

358 4108 660 4163 incursum
687 4107 928 4178 fugiam,
974 4124 1090 4163 nou
1135 4107 1358 4165 habens
1409 4114 1468 4166 te
1498 4111 1884 4168 domesticum
1913 4113 2000 4168 in-

369 4199 716 4253 structorem
749 4196 1178 4268 ductoremque.

437 4486 525 4541 45.
559 4487 681 4553 Ast,
713 4499 747 4540 ο
787 4484 1050 4540 divinum
1083 4481 1225 4538 mihi
1248 4487 1304 4538 et
1335 4497 1561 4538 sacrum
1596 4486 1792 4554 caput,
1814 4487 1878 4538 tu
1911 4499 2003 4538 me

365 4592 434 4631 ex
490 4573 602 4630 allo
646 4573 929 4645 propitius
975 4573 1214 4642 reSpice,
1273 4571 1566 4628 labantem
1626 4573 1783 4644 erige
1822 4572 2004 4645 dirige

361 4664 743 4737 gradientem,
773 4678 936 4717 serva
978 4661 1348 4730 incolumem,
1383 4677 1553 4732 pasce
1592 4677 1815 4717 mecum
1852 4662 2004 4717 hunc

2112 714 2300 791 φωνὴν
2329 710 2386 767 δὲ
2445 713 2666 787 ἀφίησιν
2716 713 2837 770 λίαν
2889 717 3130 795 ἀμυδρὰν
3185 721 3318 794 μηδ’
3365 725 3544 781 ὁτιοῦν
3590 710 3766 803 ἔχειν,

2112 799 2202 856 διὰ
2231 803 2292 857 τὸ
2323 803 2498 857 πάντα
2528 803 2814 860 ἀναθέσθαι
2862 811 2930 881 τῇ
2973 811 3288 866 ταπεινώσει
3346 835 3474 885 μου.
3509 799 3765 890 Καὶτμήν

2113 890 2227 946 οὔδ’
2287 893 2459 947 ἐκεῖνο
2505 894 2939 969 παραλείψομαι,
2995 899 3358 976 προῤῥησεως
3404 901 3533 983 ἔχον
3584 900 3770 983 ἔμφα-

2113 1003 2218 1049 σιν,
2252 982 2334 1036 δτι
2395 982 2553 1042 αὐτὸς
2612 985 2785 1058 ἑαυτῷ
2841 985 3122 1066 ἐπιτάφιον
3181 988 3327 1062 ᾠδήν
3381 982 3486 1058 πρὸ
3534 982 3766 1050 θανάτου

2117 1069 2528 1144 μεμελῴδηκεν.
2578 1076 2954 1149 Συνεχόμενος
3022 1078 3124 1153 γὰρ
3186 1080 3288 1134 ὑπὸ
3351 1086 3447 1136 τοῦ
3514 1085 3764 1157 θώρακος

2113 1160 2200 1214 καὶ
2249 1161 2560 1234 ἀσθμαίνων
2622 1161 2938 1234 ἐπάλληλα,
3000 1166 3156 1222 ἐκίνει
3218 1169 3312 1242 μὲν
3369 1171 3436 1225 τὰ
3493 1172 3655 1246 χείλη
3705 1173 3768 1228 ἐκ

2111 1256 2212 1319 τῆς
2255 1253 2521 1321 συνήθους
2565 1251 2708 1323 αὐτῷ
2765 1259 2873 1309 τῶν
2935 1257 3094 1310 θείων
3147 1259 3400 1330 μελέτης,
3453 1260 3762 1334 ὑπέψαλλεν

2117 1335 2172 1392 δὲ
2224 1337 2466 1410 μάλιστα
2511 1340 2573 1393 τὸ
2620 1348 2721 1411 τῆς
2781 1340 2929 1414 ᾠδῆς
2971 1343 3181 1416 ἐκείνης
3250 1346 3434 1420 μέρος,
3498 1350 3766 1422 Ἀναστή-

2117 1448 2298 1481 σονται
2359 1427 2409 1482 οἷ
2487 1429 2687 1503 νεκροὶ,
2769 1431 2857 1485 καὶ
2916 1432 3297 1506 ἐγερθήσονται
3381 1439 3434 1490 οἱ
3517 1437 3567 1492 ἐν
3643 1445 3763 1502 τοῖς

2120 1518 2413 1591 μνημείοις
2469 1517 2560 1572 καὶ
2620 1517 3075 1596 εὐφρανθήσονται
3137 1526 3190 1578 οἱ
3248 1523 3299 1578 ἐν
3357 1532 3424 1600 τῇ
3481 1531 3572 1602 γῇ,
3632 1549 3765 1582 συν-

2117 1604 2259 1676 ᾅδειν
2314 1606 2466 1677 αὐτῷ
2516 1608 2960 1683 προτρεπόμενος
3011 1615 3388 1690 συνεχέστερον
3454 1617 3544 1671 τὸν
3604 1618 3768 1673 αὐτὸν

2114 1690 2224 1762 ἤδη
2285 1694 2474 1768 στίχον
2534 1697 2662 1758 τοὺς
2719 1701 3176 1774 παρισταμένους,
3230 1702 3333 1765 ἕως
3396 1703 3456 1758 ἂν
3527 1703 3764 1774 ἠδύνατο

2117 1780 2338 1852 σθένειν,
2387 1784 2477 1838 καὶ
2531 1786 2723 1860 μικρὰν
2784 1788 2989 1864 ἀφιέναι
3041 1796 3249 1867 φωνήν.
3309 1795 3404 1848 Καί
3447 1816 3508 1868 γε
3558 1794 3770 1865 ἐπηκο-

2117 1867 2380 1939 λούθησεν
2411 1875 2479 1944 τῇ
2683 1875 2716 1942 ἡ
2776 1875 3056 1948 κοίμησις,
3114 1879 3235 1933 τότε
3291 1867 3552 1958 φθάσασα,
3603 1881 3769 1951 ἡνίκα

2118 1962 2153 2028 ἡ
2212 1964 2308 2015 τοῦ
2359 1957 2573 2016 δικαίου
2633 1965 2881 2038 Λαζάρου
2945 1971 3137 2039 μνήμη
3190 1957 3409 2040 ἐπέστη,
3442 1972 3575 2045 πρὸς
3635 1973 3692 2026 ὃν
3727 1974 3764 2041 ἡ

2118 2049 2358 2127 ἀναφορὰ
2384 2058 2484 2118 τῆς
2515 2050 2687 2124 ᾠδῆς,
2732 2055 2820 2108 καὶ
2875 2058 2991 2128 μεθ’
3023 2059 3084 2111 οὗ
3145 2061 3178 2126 ἡ
3244 2061 3397 2134 μερὶς
3446 2062 3542 2115 τοῦ
3594 2062 3765 2137 οὗπερ

2120 2140 2147 2193 ὁ
2178 2139 2362 2215 λόγος.

2194 2315 2300 2390 μδ’.
2359 2319 2491 2373 Εἶτα
2556 2319 2864 2377 τελευταῖον
2919 2325 2980 2378 τὸ
3041 2327 3301 2395 σώζεσθαι
3361 2328 3764 2406 ἐπιψιθυρίσας,

2121 2405 2208 2460 ἐπὶ
2267 2408 2557 2481 σχήματός
2613 2431 2670 2464 τε
2734 2411 3033 2486 εύπρεποῦς
3107 2417 3376 2488 κείμενος,
3434 2421 3533 2487 τὴν
3595 2419 3766 2495 κάραν

2121 2494 2352 2565 δεξιόθεν
2401 2497 2779 2570 ἐπικεκλικὼς,
2842 2503 3044 2557 οὑτωσὶ
3102 2507 3298 2578 πραείᾳ
3361 2509 3451 2561 καὶ
3521 2494 3768 2584 ἠρεμαίᾳ

2119 2593 2188 2662 τῇ
2246 2592 2455 2661 κινήσει
2510 2597 2606 2646 τοῦ
2666 2594 2944 2666 σώματος,
2977 2597 3050 2658 ὡς
3109 2597 3186 2659 εἷς
3234 2599 3302 2653 τὰ
3345 2597 3466 2653 ⁹ίδια
3515 2600 3762 2676 ἂπαίρειν

2120 2681 2576 2755 προαιρούμενος,
2628 2683 2798 2756 μύσας
2846 2687 2973 2747 τοὺς
3040 2686 3359 2762 ὅφθαλμοὺς
3407 2689 3456 2744 ἐν
3505 2688 3621 2763 ὥρᾳ
3668 2689 3768 2745 δύ·-

2123 2791 2256 2832 σεως
2305 2771 2492 2845 ἡλίου,
2543 2772 2850 2848 παρέδωκεν
2899 2779 3000 2846 τὴν
3049 2778 3207 2855 ἁγίαν
3267 2782 3453 2854 ψυχήν
3502 2785 3618 2845 τοῖς
3656 2782 3766 2837 ἀπ-

2121 2861 2338 2936 άγουσιν
2372 2861 2539 2932 αὐτὴν
2563 2864 2736 2938 ἁγίοις
2789 2866 3041 2941 ἀγγέλοις
3073 2869 3210 2940 πρὸς
3234 2869 3325 2924 τὸν
3357 2867 3518 2938 ἥλιον
3545 2877 3644 2940 τῆς
3675 2868 3765 2925 δι-

2119 2954 2432 3025 καιοσύνης.
2484 2955 2581 3010 Καὶ
2636 2961 2727 3010 νῦν
2782 2955 2922 3012 ἐστιν
2972 2960 3000 3014 ὁ
3063 2961 3156 3032 μὲν
3218 2961 3494 3035 οὐρανοῖς,
3544 2962 3606 3018 οὐ
3649 2963 3764 3036 μό-

2118 3066 2206 3099 νον
2265 3045 2563 3115 ἆσκητικῆς
2615 3047 2816 3116 τάξεώς
2872 3069 2930 3104 τε
2975 3050 3068 3104 καὶ
3135 3053 3520 3125 παραστάσεως
3578 3054 3765 3128 0αρῥῶ

2119 3132 2292 3210 λέγειν
2323 3135 2648 3207 ἠξιωμένος,
2680 3136 2827 3191 ἀλλὰ
2855 3137 2956 3213 γὰρ
2978 3140 3068 3194 καὶ
3112 3140 3479 3218 ὁμολογητῶν
3513 3143 3764 3218 χορείαις

2116 3224 2497 3299 ἠριθμημένος
2533 3245 2544 3257 '
2579 3227 2652 3280 ὧν
2692 3225 2794 3300 γὰρ
2843 3227 2969 3290 τοὺς
3019 3228 3218 3293 ἄθλους
3262 3231 3502 3308 ἤνεγκεν,
3551 3234 3763 3290 τούτων

2118 3310 2286 3384 δῆλον
2317 3315 2399 3370 ’ὁτι
2429 3315 2518 3370 καὶ
2549 3322 2648 3384 τῆς
2679 3315 3022 3392 κληρουχίας
3057 3319 3382 3395 μετείληφεν
3413 3340 3428 3354 ·
3475 3323 3521 3378 εί
3572 3323 3764 3399 βούλει

2113 3400 2190 3472 δὲ,
2227 3404 2364 3477 μετὰ
2407 3405 2783 3460 ὑποτακτικῶν
2833 3407 3189 3471 ὑποτακτικὸς
3241 3407 3489 3483 δόκιμος,
3543 3411 3760 3486 μᾶλλον

2107 3489 2164 3546 δὲ
2211 3490 2293 3554 δὶς
2345 3493 2590 3563 ὑπήκοος
2642 3497 2979 3573 στεφανίτης,
3014 3500 3132 3570 μεθ’
3181 3501 3504 3575 ἡσυχαστῶν
3550 3504 3765 3577 ἡσυχα-

2108 3583 2239 3650 στής
2305 3578 2547 3654 ἔννομος,
2629 3585 2762 3654 μετά
2826 3587 3153 3662 καθηγητῶν
3237 3591 3553 3662 καθηγητὴς
3611 3585 3752 3646 ἕνεθ-

2107 3691 2268 3743 σμος,
2318 3674 2451 3744 μετὰ
2499 3671 2826 3745 ἐγκλείστων
2878 3675 2940 3729 οὐ
2993 3675 3153 3746 μόνον
3213 3673 3542 3754 ἕγκλειστος,
3601 3681 3750 3736 ἀλλᾶ

2107 3759 2196 3814 καί
2229 3761 2627 3832 ὑποτακτήτης,
2661 3763 2688 3816 ’ὀ
2722 3764 2806 3817 καὶ
2839 3760 3157 3838 σεϐάσμιον,
3193 3767 3326 3838 μετὰ
3372 3766 3752 3844 ὀμολογητῶν

2109 3850 2465 3924 ὁμολογητὴς
2517 3853 2930 3929 ἀπαρπὶγραπος,
2994 3857 3373 3931 μαρτυρούσης
3450 3863 3526 3930 τῷ
3596 3859 3754 3937 λόγῳ

2107 3946 2208 4009 τῆς
2234 3941 2496 4014 πράξεως.
2525 3942 2668 4017 Ἐγὼ
2718 3940 2774 3997 δὲ
2806 3944 2833 3997 ὁ
2866 3941 3147 4014 δύστηνος,
3193 3945 3604 4025 ἀπορφανισθεὶς
3650 3954 3755 4004 τοῦ

2108 4029 2281 4085 καλοῦ
2321 4032 2556 4106 ΙΙατρὸς,
2605 4037 2709 4087 ποῦ
2756 4039 2917 4109 χεῖρα
2973 4035 3329 4110 ἀπερείσομαι
3383 4041 3518 4094 κατὰ
3563 4044 3752 4117 ψυχήν

2108 4119 2518 4194 σαλευόμενος;
2569 4121 2688 4177 τίνα
2757 4123 3111 4196 ὑπομνηστήν
3160 4126 3375 4201 εὕροιμι
3418 4127 3757 4205 παραλόγως

2110 4210 2457 4284 φερόμενος;
2505 4216 2624 4274 πῶς
2671 4216 2766 4266 τοῦ
2817 4218 3068 4286 Πονηροῦ
3113 4216 3212 4284 τὴν
3261 4213 3457 4294 ἔφοδον
3487 4219 3749 4296 φύγοιμι,

2114 4302 2190 4372 μὴ
2252 4301 2307 4354 σὲ
2363 4301 2452 4354 τὸν
2507 4303 2760 4371 νουθετήν
2819 4302 2908 4357 καὶ
2964 4301 3255 4374 παιδευτὴν
3302 4306 3548 4383 εὐπορῶν
3605 4309 3760 4365 οἴκο-

2111 4391 2194 4444 θεν
2231 4408 2245 4457 ;

2187 4481 2284 4551 με’.
2346 4476 2499 4535 Ἀλλ’
2557 4481 2602 4533 ὦ
2656 4481 2772 4534 θεία
2823 4503 2917 4554 μοι
2974 4483 3063 4537 καὶ
3121 4484 3240 4558 ἱερὰ
3295 4484 3528 4564 κεφαλὴ,
3564 4488 3626 4541 σύ
3693 4511 3762 4561 με

2114 4567 2432 4630 ἐποπτεύοις
2461 4567 2662 4648 ἄνωθεν
2690 4569 2985 4641 ἵλεως,καὶ
3012 4570 3295 4647 ἁνοροθοῖς
3326 4577 3762 4649 καταπίπτοντα,

2112 4658 2198 4711 καὶ
2227 4654 2526 4719 διευθύνοις
2558 4659 2947 4732 πορευόμενον,
2979 4661 3070 4714 καὶ
3121 4670 3414 4736 συντηροῖς
3463 4665 3761 4740 ἀνεπηρέα-

363 4769 614 4826 gregem,
669 4767 834 4822 quem
893 4750 1077 4806 multo
1137 4750 1330 4806 labore
1396 4752 1605 4806 sudore
1662 4751 1999 4822 collegisti;

2116 4767 2260 4817 στον,
2311 4744 2459 4820 ἄγοις
2517 4768 2574 4801 τε
2631 4747 2721 4801 καὶ
2780 4750 3207 4822 συμποιμαίνοις
3275 4774 3390 4824 μοι¹
3453 4754 3538 4808 καὶ
3597 4754 3764 4825 τήνδε

363 4850 427 4898 ut
458 4843 571 4897 tuis
602 4843 880 4897 insistens
911 4839 1189 4911 vestigiis,
1223 4839 1484 4895 ambulet
1515 4855 1615 4911 per
1656 4840 1806 4894 viam
1839 4857 1999 4894 man-

364 4933 636 4986 datorum
673 4929 770 4985 Dei
806 4947 820 4996 ;
857 4930 1120 4998 observa,
1175 4931 1319 4991 fove.
1363 4945 1669 5000 propugna
1728 4935 1846 4983 tam
1884 4945 2002 4984 ma-

360 5036 509 5091 gnos
541 5036 715 5093 quam
777 5037 1007 5091 parvos,
1036 5020 1524 5091 quemadmodum
1590 5025 1644 5073 te
1685 5019 1880 5090 rogavi
1939 5020 1997 5074 in

361 5111 506 5168 hora
564 5110 754 5166 exitus
796 5108 914 5164 tui:
943 5109 1026 5163 tui
1067 5109 1222 5164 enim
1281 5112 1421 5162 sunt
1481 5124 1706 5175 omnes,
1750 5123 1996 5178 quorum

359 5199 535 5256 duces
567 5199 670 5254 filii
699 5198 985 5269 tui,sunt,
1017 5203 1117 5253 aut
1149 5196 1252 5252 lilii
1287 5197 1537 5252 ﬁliorum
1565 5212 1576 5250 :
1609 5202 1673 5252 ut
1703 5195 1761 5252 in
1794 5196 1910 5254 Deo
1944 5203 2000 5253 et

2112 4837 2210 4904 τήν
2256 4835 2519 4909 ποίμνην,
2553 4837 2616 4906 ἦν
2663 4836 2898 4900 πολλοῖς
2945 4839 3130 4900 πόνοις
3177 4861 3236 4894 τε
3284 4843 3372 4894 καὶ
3422 4842 3592 4918 ἀγῶσι
3636 4866 3764 4898 συν-

2111 4927 2341 4996 εστήσω,
2377 4925 2427 4979 ἐν
2482 4923 2664 4998 ’ίχνεσι
2719 4933 2834 4989 τοῖς
2895 4935 3010 4991 σοις
3059 4935 3394 5003 περιπατεῖν,
3435 4930 3485 4986 ἐν
3545 4929 3768 5007 τρίϐοις

2109 5019 2217 5071 τῶν
2267 5015 2420 5070 θείων
2470 5013 2709 5070 ἐντολῶν
2762 5018 3102 5092 πορεύεσθαι,
3166 5017 3399 5091 σκέπων,
3465 5021 3764 5097 περιέπων,

2111 5103 2480 5179 προπολεμῶν
2512 5108 2619 5158 τῶν
2652 5104 2906 5179 μεγάλων
2937 5127 3035 5161 σου
3076 5110 3167 5161 καὶ
3213 5110 3420 5184 μικρῶν
3463 5113 3764 5182 ποιμνίων,

2109 5195 2287 5259 καθὼς
2323 5194 2412 5249 καὶ
2474 5194 2713 5269 ὑπέσχου
2765 5193 2816 5249 ἐν
2868 5201 3041 5272 καιρῷ
3091 5219 3186 5252 σου
3235 5205 3334 5268 τῆς
3382 5197 3616 5271 ἐξόδου;
3670 5203 3766 5257 καὶ

1947 5323 2179 5383 NOT/E.

428 5455 538 5527 (36)
571 5457 655 5510 Ita
682 5455 752 5509 ad
799 5454 1036 5510 verbum
1089 5451 1282 5527 Graeca
1330 5449 1572 5527 Sirlctus
1627 5451 2004 5527 v_erti_t:Ju.sti

360 5522 561 5581 Larari
589 5528 807 5596 ejusque
858 5527 968 5578 diei
1000 5526 1122 5590 festi
1159 5522 1508 5596 memoriam,
1533 5523 1705 5593 quale
1762 5524 2000 5596 festum,

360 5597 586 5652 nullum
611 5593 838 5652 “habent.
868 5596 1039 5650 Graeci
1067 5612 1078 5660 ;
1113 5596 1213 5648 sed
1267 5593 1607 5663 simpliciter
1656 5595 1998 5652 memoriam

359 5670 662 5724 occasione
691 5668 970 5738 evangelii
1038 5666 1218 5735 pridie
1288 5665 1600 5722 Dominiczs
1669 5667 1998 5723 Palmarum

361 5742 619 5812 legendi,
650 5746 710 5792 ut
749 5754 926 5812 supra
959 5739 1201 5812 dictum.

429 5809 562 5883 (36')
585 5811 806 5883 Eadem
831 5809 963 5883 Yita
1001 5810 1070 5866 de
1101 5809 1397 5881 sepultura
1446 5809 1558 5866 ista
1590 5811 1785 5867 addit:
1817 5834 1846 5861 «
1895 5810 1998 5866 Cui

357 5880 632 5954 tanquam
657 5881 810 5934 Patri
843 5880 1074 5934 Patrum
1112 5880 1239 5937 rum
1299 5883 1626 5952 patriarcha
1673 5883 1997 5938 innumeris

361 5954 677 6007 luminibus
700 5954 1004 6022 tliurisque
1029 5958 1406 6025 sultitujuxta
1440 5955 1998 6026 persolvisset,szgre

2108 5453 2342 5527 tandem
2383 5467 2594 5527 corpus
2624 5450 2905 5527 sepulcro
2949 5451 3229 5527 condidit,
3270 5453 3774 5527 multisrundique

2109 5525 2559 5597 confluentibus,
2587 5523 2834 5597 ejusque
2871 5524 3292 5597 depositionem
3319 5541 3418 5594 pro
3452 5525 3599 5580 virili
3636 5523 3772 5597 pro-

2113 5596 2467 5669 bibentibus,
2504 5595 2689 5669 ut_qui
2726 5612 2826 5669 nec
2863 5600 3093 5669 mortuo
3135 5596 3609 5669 quidemsancto
3639 5595 3773 5669 pri-

2108 5667 2229 5722 vari
2258 5667 2494 5721 vellent.
2514 5687 2540 5714 »
2573 5665 2640 5720 Et
2663 5666 2770 5720 sub
2791 5667 2966 5721 linem
2998 5665 3140 5720 Vitae
3171 5667 3282 5721 ista
3304 5667 3591 5723 habentur
3613 5665 3688 5724 τ’(
3710 5671 3774 5726 ln

2110 5738 2298 5794 Studii
2333 5737 2681 5793 monasterio
2704 5742 2761 5791 et
2787 5738 2980 5811 magni
3007 5737 3260 5793 Platonis
3279 5743 3334 5792 et
3366 5739 3517 5794 beati
3541 5757 3776 5811 quoque

2107 5811 2343 5885 .l‘osephi
2373 5811 2532 5885 dives
2563 5824 2694 5885 arca
2727 5809 2940 5885 pariter
2989 5816 3326 5885 asservatur
3372 5817 3475 5865 :et
3529 5809 3773 5885 corpus.

2110 5883 2165 5938 S.
2200 5880 2566 5938 Theodoriin
2600 5879 2837 5937 Patrum
2868 5879 3100 5938 thecam
3136 5880 3365 5939 illatum
3396 5892 3504 5938 est.
3532 5903 3560 5930 »
