4090 6288
428 438 547 498 849

1070 437 1352 499 ORATIO
1397 439 1526 499 XII.
1572 473 1649 484 —
1691 440 2088 505 LAUDATIO
2135 446 2197 504 S.
2246 444 2563 505 ARSENII
2607 441 3182 503 ANACHORET/E.

3714 440 3834 499 850

434 572 536 648 γάρ
597 594 692 628 σου
742 575 973 647 ποίμνια
1037 576 1225 643 πάντα,
1278 575 1352 628 ῶν
1412 576 1545 630 εἲσιν
1595 576 1953 648 καθηγεμόνες
2008 580 2073 633 τὰ

2192 582 2344 651 apud
2381 581 2562 636 Deum
2598 585 2653 635 te
2695 579 2974 633 habentes
3016 581 3347 648 patronum,
3383 589 3833 645 permaneamus

438 665 502 716 σά
543 664 724 735 τέκνα,
755 665 844 719 καὶ
895 664 952 718 ἐκ
994 665 1195 718 τέκνων
1237 663 1431 740 ἔγγονα
1459 686 1471 698 ·
1527 667 1599 727 ὡς
1649 666 1707 720 ἂν
1755 665 1976 745 ἔχοντες
2025 689 2083 722 σε

438 752 662 818 ἅπαντες
710 754 786 818 εἰς
838 756 965 809 Θεὸν
1017 756 1107 809 καὶ
1157 757 1292 825 πρὸς
1340 758 1465 811 Θεὸν
1515 758 2081 831 προασπιστὴν,ἀπή-

442 864 634 914 μαντοι
726 841 1073 916 διαμένοιμεν
1162 846 1407 918 ἀοράτων
1479 867 1536 900 τε
1622 846 1709 900 καὶ
1796 848 2086 921 ὁρωμένων

438 932 676 1007 ἐχθρῶν,
713 931 880 1005 μηδὲν
916 934 1155 1010 ὑφιέντες
1188 931 1275 988 διὰ
1308 930 1474 1013 φόϐον
1505 936 1604 1001 τῆς
1661 934 1953 1009 ὀρθοδόξου
2002 938 2085 993 πί-

441 1042 629 1088 στεως,
693 1018 823 1093 μηδ’
882 1022 945 1077 αὖ
1012 1023 1362 1100 ἐκφερόμενοι
1418 1029 1524 1078 τῶν
1606 1024 1763 1079 θείων
1825 1025 2085 1096 ἐντολῶν,

444 1110 667 1185 μήτάὗ
719 1111 879 1185 θύραν
934 1111 1243 1188 ἀνοίγοντες
1304 1114 1592 1190 ἀπροσεξία
1640 1121 1756 1177 τοῖς
1814 1115 2085 1189 ὀλεθρίοις

440 1201 682 1269 πάθεσιν,
723 1203 861 1273 μήτε
917 1203 1023 1274 μὴν
1077 1200 1581 1279 κατολιγιυροῦντες
1636 1211 1735 1273 τῆς
1786 1204 2088 1275 ἀσκήσεως,

441 1284 493 1341 ἐν
528 1288 738 1359 Χριστῷ
767 1289 948 1356 Ἰησοῦ
980 1291 1060 1358 τῷ
1112 1287 1293 1362 Κυρίῳ
1335 1291 1518 1361 ἡμῶν,
1555 1291 1599 1361 ᾦ
1647 1293 1681 1359 ἡ
1734 1286 1859 1362 δόξα
1912 1291 2002 1345 καὶ
2052 1294 2086 1361 ἡ

441 1376 577 1448 τιμὴ
637 1375 725 1429 καὶ
783 1377 844 1430 τὸ
910 1375 1127 1451 κράτος,
1165 1378 1257 1431 σὺν
1308 1380 1385 1448 τῷ
1434 1379 1835 1455 παντοκράτορι
1896 1380 2088 1454 Πατρὶ,

441 1466 531 1518 καὶ
568 1462 648 1537 τῷ
688 1470 947 1537 ζωοποιῷ
996 1467 1079 1521 καὶ
1117 1467 1363 1542 παναγίῳ
1395 1468 1692 1541 ΙΙνεύματι,
1724 1473 1813 1524 νῦν
1844 1470 1935 1523 καὶ
1985 1469 2090 1543 ἀεὶ,

442 1552 531 1608 καὶ
560 1552 637 1617 εἷς
667 1553 794 1620 τοὺς
823 1555 1021 1619 αἰῶνας
1060 1560 1168 1612 τῶν
1202 1557 1434 1615 αἰώνων.
1467 1561 1670 1633 Ἀμήν.

2188 670 2481 725 immunes
2505 669 2574 724 ab
2606 668 2869 723 hostibus
2892 665 3221 721 visibilibus
3245 670 3300 718 et
3324 662 3738 731 invisibilibus,
3765 680 3835 719 ne

2192 775 2294 831 per
2324 761 2590 814 timorem
2624 756 2980 813 declinemus
3013 772 3045 810 a
3075 771 3205 810 vera
3246 754 3359 809 fide
3406 752 3466 809 in
3499 752 3716 824 aliquo,
3748 752 3837 808 vel

2193 850 2504 903 efferamur
2535 852 2696 902 extra
2752 846 2851 901 Dei
2902 852 3224 917 praecepta;
3261 860 3331 898 ne
3390 859 3490 916 per
3543 843 3833 915 ignaviam

2195 936 2525 1008 aperiamus
2570 936 2812 1006 januam
2846 935 3038 1005 pravis
3070 932 3416 1002 affectibus;
3459 948 3528 987 ne
3587 932 3841 1002 denique

2194 1025 2535 1081 deficiamus
2584 1026 2643 1079 in
2677 1023 3082 1078 exercitatione
3142 1023 3455 1093 proposita,
3491 1022 3547 1076 in
3606 1020 3839 1077 Christo

2192 1117 2332 1169 Jesu
2386 1114 2632 1169 Domino
2683 1119 2897 1179 nostro,
2935 1112 3025 1167 cui
3059 1116 3143 1167 est
3169 1110 3374 1183 gloria,
3405 1111 3592 1167 honor
3648 1114 3704 1165 et
3736 1125 3841 1182 pow-

2194 1207 2397 1267 testas,
2451 1219 2580 1257 cum
2636 1202 2804 1257 Patre
2853 1199 3237 1273 omnipotenti
3278 1205 3452 1273 atque
3501 1199 3728 1255 viviﬁco
3787 1204 3846 1253 et

2196 1292 2566 1348 sanctissimo
2600 1291 2836 1362 Spiritu,
2870 1308 2945 1346 nu
2960 1307 3049 1357 uc,
3081 1298 3133 1346 et
3165 1306 3417 1362 semper,
3449 1294 3506 1346 et
3536 1290 3595 1345 in
3627 1288 3837 1346 sacula

2197 1382 2560 1439 saeculorum.
2596 1384 2797 1437 Amen.

2078 1773 2202 1830 XII.

1390 1955 1791 2015 LAUDATIO
1835 1958 1897 2017 S.
1944 1958 2247 2020 ABSENII
2292 1958 2869 2019 ANACHORE’I‘IE.

443 2147 523 2199 Ex
548 2148 858 2215 pervetusto
887 2145 1066 2201 codice
1117 2147 1264 2200 Petri
1294 2148 1584 2216 Seguierii,
1634 2150 1887 2207 Francia?
1914 2152 2253 2221 cancellarii,
2286 2156 2437 2209 varie
2465 2153 2691 2211 collato.
2742 2155 3048 2224 Interprete
3094 2153 3302 2209 Joanne
3349 2148 3531 2204 Pim‘o.
3587 2148 3828 2206 Edidere

1478 2238 1880 2296 BOLLANDIANI.
1912 2246 2039 2297 Act.
2071 2246 2265 2299 Sanct.
2296 2243 2410 2299 Jul.
2448 2252 2485 2300 t.
2519 2243 2615 2311 IV,
2645 2244 2773 2298 617.

1063 2622 1455 2677 ΠΡΟΟΙΜΙΟΝ.

508 2710 575 2763 α’.
607 2708 806 2782 Ἀστὴρ
850 2709 1103 2785 ἀειφανής
1135 2712 1291 2781 ἡμῖν,
1327 2709 1423 2764 οὐκ
1454 2709 1503 2763 ἐν
1540 2714 1618 2780 τῷ
1669 2708 1923 2782 ζωδιακῷ
1980 2710 2079 2764 κό-

435 2794 551 2868 κλῳ
592 2797 1092 2871 κατηριθμημένος,
1139 2797 1267 2853 ἀλλ’
1300 2798 1350 2853 ἐν
1405 2803 1483 2870 τῷ
1529 2806 1627 2868 τῆς
1675 2800 1867 2875 ἀρετῆς
1920 2801 2075 2873 οὐρα-

438 2890 513 2959 νῷ
544 2884 948 2963 ἐστηριγμένος,
982 2884 1069 2941 διὰ
1098 2894 1197 2956 τῆς
1242 2886 1460 2957 ἐτησίου
1510 2889 1671 2942 αὐτοῦ
1710 2891 1937 2960 μνήμης
1969 2891 2077 2959 σή-

438 2995 598 3049 μερον
687 2974 1023 3044 ἀνατέλλων,
1112 2976 1252 3049 φωτὶ
1330 2975 1633 3049 ἀῦλωτάτῳ
1721 2978 2076 3051 μαρμαρυγὰς

435 3065 860 3141 ὑπερλάμπρους
920 3065 1277 3141 ἀγαθοεργίας
1318 3064 1576 3140 ἐπαφίησι
1634 3068 1703 3137 τῇ
1760 3067 2071 3139 οἰκουμένῃ.

430 3155 517 3218 Τίς
565 3154 620 3209 δέ
669 3154 807 3210 ἐστιν
860 3156 1039 3223 οὗτος,
1072 3155 1117 3209 ὦ
1167 3156 1419 3234 φιλάγιον
1469 3154 1776 3233 ἄθροισμας
1811 3162 1871 3214 Ὁ
1922 3157 2072 3233 ἰσάγ-

428 3245 589 3321 γελος
619 3244 911 3318 Ἀρσένιος,
937 3246 963 3299 ὁ
993 3245 1092 3313 τὴν
1124 3245 1321 3317 ἀρετὴν
1354 3245 1669 3320 ἀπρόσιτος,
1701 3246 1764 3302 τὸ
1820 3252 1919 3315 τῆς
1986 3266 2076 3300 τα-

429 3336 733 3396 πεινώσεως
775 3334 931 3409 ὕψος,
962 3336 1024 3389 τὸ
1072 3343 1170 3405 τῆς
1217 3335 1551 3406 κατανύξεως
1603 3336 1837 3412 ῥεῖθρον,
1871 3337 1931 3389 οὗ
1983 3336 2071 3390 καὶ

430 3428 464 3494 ἡ
500 3429 692 3499 μνήμη
731 3424 869 3499 μόνη
904 3424 1245 3501 παρᾶκλησίς
1278 3426 1418 3481 ἐστιν
1452 3427 1526 3488 εἰς
1558 3427 1752 3501 ἀρετῆς
1809 3423 2069 3485 ἐπίδοσιν.

429 3515 525 3569 Καί
565 3535 656 3588 μοι
688 3514 976 3587 θαυμάζειν
1007 3514 1213 3583 ἐπίησι,
1246 3519 1363 3577 πῶς
1412 3519 1519 3570 τῶν
1571 3514 1757 3569 ἄλλων
1790 3512 2067 3587 μακαρίων

428 3602 657 3678 ἀνδρῶν,
691 3605 836 3677 παρά
880 3608 987 3659 τῶν
1036 3605 1171 3660 κατὰ
1212 3606 1397 3681 καιρὸν
1437 3612 1538 3674 τῆς
1600 3606 1794 3679 ἀρετῆς
1856 3602 2070 3659 ἐπαινε-

426 3699 556 3763 τῶν,
590 3699 695 3749 τῶν
759 3697 893 3770 βίων
946 3695 1462 3772 ἀναγεγραμμένων,
1508 3698 1597 3751 καὶ
1655 3701 1772 3758 ταῖς
1819 3700 1927 3751 τῶν
1972 3694 2072 3771 ἐγ-

426 3785 650 3858 κωμίων
716 3785 898 3859 βολίσι
958 3787 1496 3860 καταστραπτόντων,
1551 3784 1713 3841 τοῦδε
1767 3790 1864 3841 τοῦ
1915 3807 2073 3860 τρισ-

432 3875 670 3949 μάκαρος
723 3876 751 3929 ὁ
794 3876 914 3949 βίος
959 3875 1313 3950 ἀνιστόρητος
1363 3876 1537 3945 εἰάθη,
1571 3875 1717 3945 πλὴν
1767 3875 1892 3931 ὅσον
1936 3897 2069 3931 σπο-

2110 2626 2158 2691 Β

2816 2622 3213 2681 PROLOGUS.

2263 2719 2309 2769 t.
2346 2714 2525 2770 Stella
2577 2720 2851 2786 perpetuo
2885 2717 3052 2771 nobis
3102 2730 3404 2786 apparens,
3440 2730 3556 2769 non
3602 2713 3835 2769 zodiaco

2187 2803 2401 2859 circulo
2426 2810 2829 2873 annumerata,
2848 2806 2950 2861 sed
2969 2806 3025 2860 in
3048 2806 3275 2860 virtutis
3296 2804 3438 2860 caelo
3459 2804 3717 2873 firmata,
3742 2820 3841 2873 per

2186 2896 2643 2951 anniversariam
2698 2912 2865 2951 suam
2917 2896 3258 2951 memoriam
3308 2895 3480 2950 hodie
3539 2894 3833 2961 exoriens,

2186 2983 2691 3055 splendidissimas
2719 2985 2999 3042 bonorum
3024 3002 3264 3057 operum
3286 2986 3720 3040 coruscationes
3743 2986 3838 3040 de-

2183 3074 2691 3132 faacatissimaluce
2712 3075 2976 3131 immittit
2992 3075 3114 3132 orbi
3135 3080 3444 3131 terrarum.
3462 3076 3533 3130 At
3555 3090 3818 3146 quaenam

2182 3162 2279 3217 illa
2309 3167 2415 3231 est,
2449 3181 2480 3218 ο
2513 3164 2837 3220 sanctitatis
2868 3170 3129 3220 amantes
3159 3164 3453 3219 auditores
3483 3165 3511 3217 ?
3548 3164 3832 3219 Arsenius

2184 3261 2290 3319 est,
2322 3252 2542 3324 angelis
2577 3272 2699 3325 par,
2727 3255 2943 3311 virtute
2974 3255 3334 3323 inaccessos,
3360 3253 3712 3309 humilitatis
3746 3254 3832 3308 aI-

2185 3342 2391 3409 titudo,
2414 3343 2674 3399 asceticaa
2702 3343 3019 3414 disciplinae
3043 3343 3245 3415 gloria,
3265 3342 3603 3399 solitudinis
3628 3345 3838 3410 robur,

2181 3433 2649 3504 oompunctionis
2696 3433 2982 3490 ﬂuentum
3019 3476 3033 3501 ,
3067 3434 3236 3501 cujus
3266 3433 3353 3489 vel
3386 3432 3512 3488 sola
3549 3433 3831 3489 memoria

2182 3523 2253 3579 ad
2280 3539 2655 3595 progressum
2680 3524 2739 3579 in
2767 3524 2985 3580 virtute
3016 3524 3460 3580 incitamentum
3485 3523 3679 3579 est.Et
3705 3538 3834 3579 vero

2182 3612 2381 3668 mirari
2415 3612 2591 3681 subit,
2626 3613 2764 3686 quid
2797 3614 2893 3681 sit,
2926 3614 3109 3686 quod,
3136 3618 3444 3685 postquam
3476 3612 3722 3668 aliorum
3750 3613 3835 3667 vi-

2181 3719 2379 3758 rorum
2412 3702 2738 3771 beatorum,
2771 3703 3000 3759 virtutis
3033 3719 3213 3760 causa
3259 3703 3672 3769 laudabilium,
3702 3702 3832 3757 vita

2179 3793 2521 3862 conscripta
2580 3798 2744 3863 sunt,
2796 3793 3211 3864 praeconiorum
3274 3793 3458 3848 radiis
3524 3792 3833 3864 fulgentes,

2182 3882 2341 3941 nulla
2370 3883 2441 3938 de
2473 3880 2799 3939 beatissimi
2826 3883 3073 3954 hujusce
3101 3884 3222 3939 vita
3254 3883 3323 3937 ad
3357 3886 3618 3954 posteros
3641 3886 3834 3937 trans-

430 3960 597 4037 ράδην
655 3966 797 4039 παρά
854 3985 1015 4019 τινων
1087 3964 1249 4019 ὁσίων
1336 3964 1585 4039 Πατὲρων
1663 3962 2068 4038 δεδηλωμένος,

2190 3970 2315 4026 ierit
2340 3971 2603 4039 historia,
2622 3977 2827 4043 praeter
2848 3987 3141 4043 eam,qusa
3174 3988 3208 4026 a
3231 3969 3582 4042 quibusdam
3610 3969 3832 4025 sanctis

430 4053 621 4128 καίπερ
658 4057 734 4128 μή
774 4052 1353 4128 ἐναπολιμπανόμενος
1399 4062 1498 4125 τῆς
1548 4054 1799 4131 ἐναρέτου
1854 4055 2070 4110 ἐκείνων

431 4144 877 4222 λαμπροφορῖας,
906 4145 991 4201 ὅτι
1027 4146 1103 4219 μὴ
1130 4147 1219 4201 καὶ
1256 4145 1467 4218 μᾶλλον
1495 4149 1603 4201 τῶν
1648 4144 1875 4201 πολλῶν
1909 4145 2076 4221 ὓπερ-

434 4231 672 4308 λάμπων
720 4240 839 4298 ταῖς
887 4235 1076 4312 αὐγαῖς
1124 4240 1231 4291 τῶν
1265 4234 1423 4291 Θείων
1455 4235 1618 4292 αὐτοῦ
1652 4233 2073 4311 ἀνδραγαθημά-

432 4342 560 4381 των.

499 4413 570 4486 β’.
602 4413 663 4467 Τί
696 4412 825 4482 οὖν;
868 4411 1340 4488 Συνδιαμείψομεν
1380 4414 1468 4469 καὶ
1500 4417 1662 4486 ἡμεῖς
1710 4418 1825 4477 τοῖς
1858 4412 2073 4488 προλα-

427 4497 585 4557 ϐοῦσι
626 4500 719 4557 τόν
762 4504 985 4581 χρόνον,
1017 4504 1107 4558 καὶ
1169 4502 1390 4577 οἴσομεν
1434 4502 1762 4573 τηλικοῦτον
1805 4503 2071 4579 θησαυρὸν

427 4593 533 4647 ὑπὸ
575 4599 677 4661 τῆς
712 4600 872 4670 σιγῆς
904 4593 1309 4663 καλύπτεσθαις
1346 4593 1622 4667 Οὐμενοῦν
1650 4614 1662 4626 ·
1697 4592 1841 4649 ἀλλά
1886 4592 2073 4647 πειθό-

434 4702 586 4755 μενοι
627 4686 744 4744 τοῖς
787 4682 874 4738 ἐπὶ
921 4687 1086 4738 τοῦτο
1136 4684 1521 4759 παρορμήσασι
1570 4683 1858 4758 Πατράσιν,
1892 4681 1937 4736 εἷ
1985 4681 2075 4737 καὶ

430 4768 659 4847 ἄμοιροι
688 4776 787 4826 τοῦ
818 4774 1191 4849 προσήκοντος
1225 4771 1417 4847 λόγου,
1451 4772 1747 4841 ἠλπικότες
1776 4793 1831 4826 τε
1862 4770 2077 4827 ἐπίκου-

434 4883 529 4937 ρον
582 4860 829 4933 δέξασθαι
878 4866 974 4919 τοῦ
1028 4863 1433 4941 ἐγχειρήματος
1474 4864 1632 4919 αὐτὸν
1673 4865 1765 4919 τὸν
1815 4863 1889 4925 εἷς
1949 4862 2078 4918 ὑπό-

432 4954 576 5007 θεσιν
604 4956 702 5008 τοῦ
746 4952 869 5028 βίου
917 4954 1301 5028 προκείμενον,
1331 4954 1677 5028 ἀπαρξόμεθα
1728 4958 1824 5009 τοῦ
1874 4950 2074 5028 λέγειν,

430 5040 586 5097 οὐδὲν
620 5040 1053 5112 ξενοδεκτοῦντες
1080 5044 1227 5118 παρὰ
1256 5043 1317 5100 τὸ
1363 5043 1586 5114 ἀληθὲς,
1615 5044 1712 5098 ὅσα
1764 5040 1819 5097 δὲ
1862 5040 1921 5097 ἐκ
1966 5047 2073 5097 τῶν

434 5134 558 5208 περὶ
619 5132 788 5189 αὐτοῦ
845 5134 1320 5208 περικεκομμένως
1382 5131 1685 5206 εἷρημὲνων
1740 5129 2076 5207 ἀναλεγόμε-

428 5245 535 5288 νοι,
590 5223 634 5279 εἰ
681 5226 771 5280 καί
823 5222 911 5279 διὰ
954 5224 1197 5303 ἀρῥάφου
1254 5223 1583 5300 διηγήσεως,
1635 5226 1713 5287 εἷς
1767 5223 2076 5298 ὑπόμνησιν

432 5314 706 5389 φέροντες,
747 5314 836 5368 καὶ
910 5318 1077 5369 ταῦτα
1146 5315 1306 5369 οἱονεὶ
1386 5314 1811 5388 συνυφαίνοντες,
1870 5316 1957 5369 καὶ
2019 5312 2077 5368 ἐκ

2188 4061 2455 4117 Patribus
2488 4062 2735 4133 sparsim
2770 4063 3045 4129 indicata,
3072 4059 3443 4131 insigni,qua
3466 4058 3706 4132 pollent,
3738 4073 3833 4114 res

2184 4150 2519 4207 illustrandi
2553 4152 2846 4219 facultate,
2866 4169 2979 4207 non
3004 4150 3243 4206 inferior
3264 4155 3370 4219 est,
3391 4151 3507 4204 imo
3529 4165 3660 4205 vero
3685 4147 3831 4204 mul-

2188 4241 2261 4296 tis
2303 4240 2496 4311 potius
2526 4239 2655 4295 aliis
2713 4240 3016 4312 prefulget
3068 4240 3139 4296 ob
3197 4239 3423 4296 divinos
3481 4239 3709 4295 Arsenii
3767 4254 3833 4294 ac

2188 4328 2480 4385 masculos
2511 4334 2795 4401 gestorum
2839 4331 3201 4401 splendores.

2254 4417 2471 4482 2.Quid
2504 4418 2724 4490 igitur?
2750 4419 2837 4473 An
2862 4435 2964 4474 nos
2985 4418 3161 4474 etiam
3183 4434 3316 4474 cum
3342 4419 3435 4485 iis,
3452 4418 3550 4490 qui
3572 4423 3833 4489 tempore

2186 4508 3129 4580 prmcesserunt,commutabimus
3152 4509 3305 4563 vices
3329 4516 3669 4579 tantumque
3698 4506 3835 4562 the-

2188 4614 2425 4653 saurum
2469 4596 2757 4668 patiemur
2806 4597 2911 4653 sub
2962 4597 3190 4653 silentio
3222 4597 3551 4653 abscondi?
3602 4597 3831 4666 Nequa.

2187 4704 2359 4759 quam
2397 4704 2409 4741 :
2443 4690 2501 4741 at
2532 4686 2767 4742 Patrum
2801 4687 3062 4758 exemplo
3094 4687 3340 4756 incitati,
3371 4687 3603 4741 tametsi
3630 4702 3833 4741 conve-

2188 4778 2381 4833 niente
2395 4777 2655 4832 oratione
2674 4778 2969 4844 destituti;
2996 4777 3261 4847 fretique,
3281 4775 3496 4832 auxilio
3519 4782 3832 4833 venturum

2189 4869 2458 4940 praesenti
2487 4869 2721 4924 conatui
2745 4869 2910 4923 illum
2937 4868 3344 4939 ipsum,cujus
3370 4868 3539 4922 nobis
3571 4867 3835 4938 proposi-

2187 4964 2313 5015 tum
2329 4958 2557 5016 estvita:
2570 4964 3004 5030 argumentum,
3020 4958 3252 5014 dicendi
3272 4957 3506 5013 initium
3528 4956 3829 5021 faciemus,

2188 5049 2333 5105 nihil
2358 5050 2730 5121 peregrinum
2755 5053 2810 5104 et
2832 5066 2865 5103 a
2883 5064 3018 5104 vero
3042 5047 3299 5103 alienum
3325 5047 3671 5118 adOptantes
3693 5063 3707 5112 ;
3729 5046 3833 5103 sed

2189 5154 2547 5211 quaecunque
2576 5138 2982 5209 compendiose
3028 5138 3097 5193 de
3137 5137 3262 5208 ipso
3294 5137 3450 5193 dicta
3481 5139 3639 5201 sunt,
3672 5134 3836 5190 colli-

2188 5233 2485 5300 gentes,et
2504 5229 2734 5284 etiamsi
2769 5228 3096 5284 narratione
3130 5245 3243 5283 non
3275 5226 3595 5283 cohaerente
3626 5225 3682 5279 in
3717 5242 3835 5281 me-

2188 5316 2434 5371 moriam
2469 5324 2827 5383 revocantes,
2859 5322 3034 5387 atque
3072 5316 3193 5371 hinc
3225 5314 3654 5385 quodammodo
3686 5329 3833 5369 con-

428 5403 633 5458 τούτων
686 5408 803 5466 ταῖς
861 5403 1186 5465 ἀκολούθοις
1247 5403 1473 5466 ἐννοίαις
1504 5397 1609 5457 ἔσθ’
1640 5402 1728 5458 ὅτε
1759 5405 2073 5479 προσθήκην

2190 5410 2465 5471 texentes,
2487 5407 2706 5477 adjecto
2737 5378 3047 5473 etiam,-ubi
3080 5422 3171 5461 res
3196 5406 3357 5471 feret,
3383 5422 3449 5460 ex
3470 5402 3832 5474 cogitationi:

427 5491 747 5564 ποιούμενοι
795 5494 913 5548 καθ’
947 5492 1160 5567 εἱρμὸν,
1190 5491 1561 5566 πειρασόμεθα
1597 5494 1689 5548 τὸν
1743 5494 1862 5567 βίον
1902 5492 2075 5569 ἀπαρ-

430 5582 698 5650 τίσασθαι,
772 5581 1192 5658 ἀφουσιούμενοι
1265 5583 1356 5636 τὸν
1420 5581 1607 5655 πόθον,
1666 5582 1725 5637 ’ὸν
1787 5582 1911 5657 περὶ
1980 5584 2078 5637 τοῦ

434 5674 804 5749 παμμάκαρος
836 5669 1055 5747 ἔχουσιν
1090 5673 1142 5726 οἱ
1175 5671 1478 5751 φιλάρετοι.

2190 5497 2298 5550 bus
2358 5496 2492 5550 inde
2548 5496 3040 5566 consequentibus
3100 5494 3518 5557 additamenlo,
3579 5508 3694 5563 quo
3736 5505 3829 5544 res

2190 5585 2539 5650 cohaereant,
2554 5586 2728 5641 vitam
2749 5582 3041 5639 absolvere
3061 5583 3427 5649 conabimur,
3444 5580 3836 5653 gratiﬁcantes

2189 5673 2497 5742 desiderio,
2548 5689 2663 5745 quo
2715 5688 2852 5745 erga
2894 5672 3297 5728 beatissimum
3350 5672 3501 5726 hunc
3558 5672 3832 5724 tenentur

2187 5762 2424 5821 virtutis
2455 5766 2738 5819 amantes.
