4090 6288
1609 436 1674 498 S.
1719 435 2126 498 THEODORI
2166 433 2529 498 STUDITIE
3641 427 3763 486 852

898 568 1129 626 CAPUT
1160 569 1466 626 PRIMUM.
2033 574 2087 639 Α

364 435 481 497 851

2570 569 2978 625 ΚΕΦΔΛΔῘΟΝ
3022 569 3308 624 ΠΡΩΤΟΝ.

371 719 562 773 Sancti
594 719 796 788 patria,
828 718 1073 782 natales;
1122 719 1238 772 vita
1266 716 1551 774 secuturis
1587 732 1709 772 cum
1751 718 2006 842 solitaria
2051 714 2238 857 divino
2270 718 2477 772 monitu
2526 719 2896 778 commutata;
2937 718 3183 785 insignes
3229 731 3290 770 ιη
3321 730 3382 770 ea
3411 730 3769 786 progressus:

1852 804 2100 844 ominum
2169 805 2303 857 uga.

1852 804 2100 844 ominum
2140 804 2303 861 luga.

438 937 488 990 3.
522 935 714 990 Genus
763 936 1011 1005 Arsenii,
1039 940 1103 991 ut
1143 936 1330 992 dicam
1383 937 1434 991 id
1490 938 1638 1007 quod
1693 953 1784 992 res
1816 941 1924 1005 est,
1957 940 2013 991 et

364 1023 648 1080 afﬂinium
697 1025 1031 1094 multitudo,
1063 1025 1244 1080 virtus
1304 1026 1447 1096 fuit;
1490 1028 1731 1097 ejusque
1781 1025 2010 1081 incendi

363 1115 578 1170 studiis
609 1131 673 1170 ac
705 1115 975 1187 insigniri
1006 1116 1475 1183 characteribus;
1516 1116 1790 1188 quoniam
1821 1133 1951 1171 vero
1977 1133 2013 1172 ο.

367 1205 654 1276 sanguine
671 1205 729 1260 id
745 1205 1240 1276 repetunteruditi
1265 1223 1277 1272 ;
1298 1206 1546 1275 patriaei
1563 1204 2008 1274 t'uitcivitatum,

365 1309 491 1363 quas
523 1294 632 1348 sub
665 1295 807 1349 coelo
851 1299 1011 1362 sunt,
1046 1295 1337 1364 princeps,
1373 1295 1577 1360 Roma,
1622 1295 1884 1365 inquam,
1913 1310 2009 1348 ce-

363 1383 676 1438 leberrima
709 1401 742 1438 a
773 1399 884 1454 qua
913 1389 1357 1454 cognomentum
1397 1389 1742 1454 acceperunt
1773 1383 1876 1449 illi,
1911 1383 2008 1454 qui

367 1471 594 1543 imperii
627 1480 922 1544 sceptrum
957 1474 1353 1527 moderantur.
1386 1473 1668 1528 Surculus
1701 1472 1810 1527 fuit
1840 1473 2008 1527 nobi-

363 1563 503 1618 lium
532 1563 1199 1633 parentum,opibusque
1218 1580 1281 1618 ac
1307 1561 1528 1633 reliquo
1559 1563 1686 1617 vitae
1703 1562 2008 1633 splendore

365 1653 710 1708 ﬂorentium.
746 1652 988 1707 Familia
1031 1653 1217 1723 ipsius
1263 1654 1332 1707 ad
1384 1651 1491 1707 hoc
1551 1648 1735 1721 usque
1776 1657 2008 1722 tempus

360 1742 586 1812 integra
620 1759 730 1796 non
755 1752 1013 1812 superest
1049 1743 1323 1813 (quonam
1358 1747 1512 1797 enim
1546 1748 1707 1813 pacto
1737 1749 1813 1796 tot
1838 1740 2007 1795 annis

2190 933 2259 1008 γ’.
2291 935 2448 996 Γενος
2482 936 2574 1006 μὲν
2615 935 3166 1012 ’Δρσενίου,τᾶληθὲς
3199 934 3393 1005 εἰπεῖν,
3416 935 3506 990 καὶ
3540 934 3601 989 ού
3635 935 3763 989 σπά-

2115 1044 2220 1077 νιοι
2253 1024 2302 1077 οἳ
2341 1025 2680 1099 μετέχοντες,
2715 1027 2748 1094 ἡ
2782 1023 2945 1100 ἀρετή
2981 1043 2992 1058 ·
3046 1025 3226 1079 καὶτὸ
3277 1023 3476 1079 ἐκεῖθεν
3537 1024 3763 1099 κατάγε-

2117 1114 2235 1166 σθαι
2265 1114 2354 1166 καῖ
2385 1112 2876 1188 χαρακτηρίζεσθαι
2903 1133 2917 1146 ·
2963 1111 3148 1182 ἐπειδὴ
3201 1111 3257 1167 δὲ
3307 1112 3369 1168 τὸ
3417 1113 3507 1190 ἀφ’
3541 1113 3762 1180 αἴμασιν

2115 1205 2232 1263 τοῖς
2282 1202 2636 1278 φιλοπαθέσιν
2674 1201 3046 1273 ἐπιζητεῖται·
3089 1204 3124 1271 ἡ
3176 1202 3367 1276 πρώτη
3419 1205 3526 1256 τῶν
3590 1201 3764 1254 ὑπου-

2119 1291 2316 1362 ρανίων
2375 1291 2592 1346 πόλεων
2649 1293 2829 1364 τούτῳ
2887 1291 3103 1365 πατρὶς,
3163 1292 3388 1364 Ῥώμην
3460 1289 3602 1364 λέγω
3659 1291 3758 1356 τήν

2117 1375 2443 1452 περιϐόητον
2470 1399 2483 1410 ·
2515 1381 2606 1457 ἀφ’
2635 1383 2700 1450 ’ἧς
2730 1383 2827 1450 την
2860 1381 3235 1458 προσηγορίαν
3270 1383 3321 1434 οἱ
3362 1381 3425 1434 τὸ
3474 1379 3759 1454 βασιλικὸν

2118 1477 2390 1544 σκῆπτρον
2447 1472 2771 1545 κατέχοντες
2829 1469 3215 1550 ἐξειλήςρασιν·
3277 1469 3503 1545 εὐγενῶν
3565 1490 3766 1544 γεννη-

2114 1558 2288 1633 τόρων
2322 1559 2606 1633 στέλεχος,
2638 1558 2864 1632 πλούτῳ
2892 1581 2950 1614 τε
2990 1561 3290 1633 κομώντων
3345 1559 3433 1612 καὶ
3479 1562 3550 1631 τῇ
3590 1556 3764 1631 λοιπῇ

2114 1652 2210 1701 τοῦ
2273 1649 2396 1721 βίου
2463 1649 2780 1726 περιφανείᾳ
2805 1667 2816 1681 ·
2847 1650 2909 1703 οὗ
2968 1648 3116 1704 ἑστία
3151 1650 3315 1722 μέχρι
3347 1652 3442 1702 τοῦ
3474 1651 3564 1702 νῦν
3596 1649 3764 1722 περί-

2118 1758 2261 1792 εστιν
2313 1739 2424 1814 οὐχ
2473 1735 2826 1811 ὁλόκληρος·
2878 1743 2994 1800 πῶς
3045 1739 3147 1813 γάρ
3179 1736 3240 1792 ἂν
3293 1736 3384 1792 καὶ
3443 1734 3767 1792 διεσέσωστο

363 1835 587 1886 servata
621 1832 788 1885 fuerit
813 1830 862 1899 ‘2)
889 1834 982 1886 sed
1008 1832 1268 1901 vestigia,
1284 1832 1385 1885 tali
1408 1831 1805 1900 magnitudine
1826 1829 2006 1885 excel-

2124 1826 2390 1888 τοσούτοις
2440 1825 2644 1897 ἔτεσιν;
2685 1827 2809 1902 ἴχνη
2858 1825 2915 1882 δὲ
2961 1829 3051 1882 καὶ
3092 1826 3335 1900 τοσούτῳ
3393 1825 3602 1900 μεγέθει
3653 1823 3767 1881 δια-

362 1920 564 1988 lentia,
599 1921 798 1976 divisit
862 1921 1287 1976 habitatoribus
1334 1921 1491 1976 velut
1548 1923 1607 1977 in
1665 1922 1840 1976 cellas
1899 1919 2005 1975 tri-

365 2010 525 2078 ginta
557 2010 692 2080 (37).
724 2015 908 2082 Atque
938 2011 1044 2066 hoc
1077 2010 1308 2076 sufficit,
1349 2015 1408 2066 ut
1437 2012 1794 2072 ostendatur,
1827 2027 2005 2081 quam

363 2099 613 2154 illustris
637 2116 702 2153 ac
726 2101 1110 2171 undequaque
1133 2099 1336 2155 beatus
1361 2101 1533 2155 fuerit
1553 2101 1642 2155 vir
1663 2101 1771 2156 iste
1795 2116 2008 2156 memo-

364 2188 594 2255 rabilis;
618 2205 871 2259 cumque
891 2196 1092 2244 tantus
1113 2194 1285 2255 esset,
1309 2190 1570 2246 doctrina
1593 2189 1768 2245 altius
1793 2189 2009 2245 emine-

364 2277 486 2343 bat,
501 2277 694 2332 Graaca
708 2295 770 2332 ac
793 2278 1052 2334 Romana
1075 2280 1286 2348 pariter
1299 2279 1586 2351 sapientia
1603 2279 2006 2334 admirandus.

433 2367 488 2420 4.
523 2368 661 2436 Ejus
696 2367 888 2438 itaque
929 2371 1084 2422 fama
1112 2369 1181 2423 ad
1215 2385 1386 2424 aures
1420 2377 1555 2423 tunc
1587 2367 1780 2423 delata
1810 2368 2009 2439 magni

366 2457 675 2512 Theodosii
708 2457 1094 2526 imperatoris,
1129 2458 1438 2526 quaerentis
1482 2457 1654 2512 talem
1711 2457 1846 2511 [iliis
1886 2457 2008 2510 suis

362 2546 608 2600 Arcadio
640 2553 695 2600 et
735 2546 982 2602 Honorio
1028 2549 1372 2618 magistrum
1409 2547 1718 2617 przeflcere,
1752 2548 1850 2617 qui
1886 2563 2008 2601 ma-

355 2635 483 2705 jore
515 2652 628 2706 prae
660 2636 932 2690 omnibus
964 2636 1018 2688 id
1053 2652 1237 2706 operte
1265 2636 1445 2706 pretio
1480 2637 1709 2701 faceret,
1734 2635 2013 2691 Arsenius

365 2722 550 2778 accitu
582 2723 950 2795 imperatoris
1001 2723 1337 2794 Byzantium
1379 2725 1699 2792 contendit,
1739 2729 1795 2778 et
1840 2741 2011 2780 assu-

374 2829 540 2868 mens
570 2813 770 2871 ambos
822 2831 1055 2886 pueros,
1093 2815 1351 2869 moribus
1384 2830 1449 2868 ac
1496 2814 1822 2885 disciplinis
1854 2815 2010 2885 ipsos

371 2904 720 2973 informavit,
758 2911 820 2959 ut
850 2906 1097 2975 optimos
1129 2921 1226 2960 eos
1255 2920 1380 2960 esse
1410 2906 1737 2960 ostenderet
1763 2904 1821 2958 in
1857 2916 2008 2959 utra-

373 3009 484 3064 que
509 2993 794 3048 facultate.
822 2995 904 3048 Ad
931 2994 1454 3064 quadragesimum
1481 3010 1662 3065 usque
1687 2993 1871 3048 astatis
1894 3010 2012 3048 suae

371 3100 592 3138 annum
636 3084 691 3137 in
726 3083 859 3137 aula
905 3083 1136 3138 assidue
1185 3089 1446 3139 versatus
1477 3091 1563 3138 est
1592 3083 1728 3154 (37‘)
1754 3100 1768 3149 ;
1795 3083 2012 3154 Deique

2117 1916 2366 1993 φέροντα,
2423 1916 2497 1978 ὡς
2543 1915 2594 1970 ἐν
2643 1919 2980 1991 τριακοσίαις
3039 1915 3265 1978 κέλλαις
3328 1915 3609 1988 διαιροῦσα
3648 1921 3766 1978 τοῖς

2117 2005 2418 2079 οἰκήτορσι.
2471 2007 2850 2080 Ἐξαρκοῦντος
2892 2005 3088 2062 τούτου
3137 2004 3501 2076 ἐπιδηλῶσαι,
3535 2007 3657 2067 ὅσος
3702 2007 3769 2074 ἦν

2115 2097 2413 2172 περιφανὴς
2459 2096 2548 2150 καὶ
2598 2092 2916 2158 πολύολϐος
2974 2097 3004 2151 ὁ
3062 2093 3354 2169 ἀοίδιμος·
3403 2095 3651 2156 τοιοῦτός
3707 2115 3768 2149 τε

2118 2182 2216 2252 ὢν,
2253 2185 2470 2259 ὑπῆρχε
2525 2185 2613 2240 καὶ
2661 2189 2730 2257 τῇ
2778 2183 3054 2240 παιδεύσει
3109 2186 3421 2260 ὑπέρτερος,
3461 2183 3765 2258 Ἐλληνικῇ

2115 2294 2172 2327 τε
2211 2273 2300 2327 καὶ
2331 2275 2616 2348 Ῥωμαϊκῇ
2651 2274 2812 2352 σοφίᾳ
2844 2276 3280 2348 θαυμαζόμενος.

2192 2360 2258 2420 δ’.
2293 2364 2441 2418 Ἐπεὶ
2493 2363 2582 2418 οῦν
2624 2365 2685 2420 τὸ
2739 2367 3035 2435 τηνικαῦτα
3081 2361 3355 2437 Θεοδοσίῳ
3401 2369 3479 2436 τῷ
3544 2363 3769 2439 μεγάλῳ

2123 2452 2466 2528 βασιλεύοντι
2507 2454 2807 2526 ἐξηκούσθη
2841 2457 2907 2511 τὰ
2936 2458 3061 2531 περί
3107 2457 3294 2526 αὐτοῦ,
3339 2455 3593 2526 ζητοῦντι
3643 2477 3771 2510 παι-

2121 2542 2310 2611 δευτὴν
2343 2547 2590 2598 τοιοῦτον
2636 2542 2922 2613 ἐπιστῆσαι
2969 2547 3113 2607 υἱοῖς
3166 2545 3332 2599 αὐτοῦ
3365 2543 3636 2618 Ἀρκαδίῳ
3678 2545 3772 2598 καὶ

2118 2633 2372 2704 Ὦνορίῳ,
2415 2633 2472 2693 ’ὸς
2520 2632 2602 2703 εἴη
2654 2634 3110 2709 προύργιὲστερος
3161 2635 3448 2688 ἁπάντων*
3500 2633 3686 2707 ἄγεται
3743 2637 3772 2689 ὁ

2121 2721 2395 2795 Ἀρςένιος
2571 2727 2668 2777 τοῦ
2724 2727 3051 2797 κρατοῦντος
3109 2722 3253 2798 ῥοπῇ
3286 2721 3337 2777 ἓν
3364 2727 3442 2794 τῷ
3473 2725 3772 2795 Βυζαντίῳ,

2119 2811 2210 2865 καὶ
2241 2807 2576 2884 παραλαϐὼν
2619 2812 2960 2891 ἀμφοτέρους
3000 2813 3126 2874 τοὺς
3177 2809 3396 2881 παῖδας,
3433 2812 3628 2888 ἀνῆγεν
3673 2813 3772 2866 αύ-

2119 2899 2248 2962 τοῦς
2281 2894 2332 2954 ἔν
2365 2921 2423 2955 τε
2453 2899 2638 2969 ἤθεσιν
2690 2903 2777 2956 καὶ
2825 2901 3212 2974 παιδεύμασιν,
3245 2901 3494 2976 ἀρίστους
3545 2898 3776 2955 ἀποδει-

2119 2989 2245 3050 κνὺς
2324 2989 2725 3067 ἀμφοτέρωθεν.
2789 2991 2966 3069 Μέχρι
3047 2988 3103 3044 δὲ
3172 2995 3269 3046 τοῦ
3340 2995 3774 3064 τεσσαρακοστοῦ

2119 3077 2268 3140 ἔτους
2316 3087 2414 3148 τῆς
2465 3078 2688 3148 ἡλικίας
2735 3080 2898 3134 αὐτοῦ
2950 3080 3000 3134 ἐν
3052 3085 3133 3151 τῷ
3172 3079 3426 3153 παλατίῳ
3478 3079 3776 3149 διηνυκὼς,

367 3178 640 3229 timorem
674 3174 733 3228 in
769 3185 956 3228 mente
1004 3174 1249 3241 habens,
1286 3176 1586 3242 ingemuit,
1619 3181 1677 3228 et
1707 3174 2006 3228 invocabat

2124 3169 2209 3222 καὶ
2239 3169 2332 3222 τὸν
2366 3165 2534 3243 φόϐον
2565 3173 2661 3224 τοῦ
2694 3173 2828 3224 Θεοῦ
2861 3171 2994 3225 κατά
3047 3167 3286 3224 διάνοιαν
3339 3168 3507 3245 ἔχων,
3529 3169 3775 3239 ἐστέναξε

370 3263 556 3318 Deum
592 3279 719 3317 cum
745 3264 1012 3334 lacrymis
1044 3264 1276 3317 dicens:
1311 3263 1571 3330 Domine,
1595 3264 1836 3318 ostende
1872 3263 2012 3317 mihi

371 3353 545 3420 viam,
580 3354 638 3406 in
673 3370 782 3423 qua
825 3353 1016 3407 salvus
1066 3353 1224 3406 fiam.
1261 3353 1326 3406 Et
1357 3370 1509 3420 vero,
1537 3358 1673 3407 dum
1725 3354 1817 3406 die
1867 3369 2011 3424 qua-

372 3443 506 3496 dam
541 3443 598 3496 in
631 3444 759 3496 aula
791 3449 964 3509 esset,
998 3441 1221 3496 audivit
1251 3443 1504 3496 divinam
1547 3458 1767 3506 vocem,
1801 3459 1926 3510 quae
1957 3441 2008 3496 ei

369 3532 586 3586 diceret
621 3549 633 3586 :
668 3533 891 3600 Arseni,
926 3532 974 3585 si
1025 3532 1218 3586 salvus
1249 3547 1370 3586 esse
1401 3530 1506 3595 vis,
1541 3532 1673 3600 fuge
1716 3529 2003 3597 homines,

367 3631 419 3674 et
449 3620 763 3675 salvaberis
793 3622 923 3692 t38).

437 3713 490 3766 5.
531 3714 656 3767 llzec
688 3714 881 3783 itaque
915 3713 1011 3769 ubi
1045 3711 1304 3767 audisset
1327 3712 1648 3780 Arsenius.j
1665 3727 1755 3766 am
1783 3711 2006 3782 pridem

369 3803 565 3857 divino
597 3803 885 3857 desiderio
935 3804 1249 3870 sauciatus,
1284 3804 1442 3857 omni
1477 3818 1608 3856 mox
1656 3802 1911 3854 humana
1940 3816 2004 3854 ac

366 3893 587 3947 caduca
618 3891 801 3964 gloria
833 3898 1162 3964 contempta
1195 3891 1655 3964 ;sp1endoreque
1683 3905 1750 3944 ac
1784 3890 2004 3944 deliciis

368 3979 648 4048 corporis,
673 3981 950 4049 omnique
982 3983 1095 4035 alia
1116 3979 1353 4035 honoris
1375 3979 1722 4050 appetentis,
1740 3978 2006 4048 aulisque

363 4069 782 4138 imperatorum
817 4086 916 4140 pro
951 4069 1132 4124 nihilo
1167 4069 1397 4139 putatis,
1441 4068 1587 4122 nihil
1618 4070 1886 4138 cuiquam
1921 4067 2004 4122 lo-

364 4167 532 4211 cutus
587 4156 997 4212 Alexandriam
1049 4160 1307 4229 navigat;
1359 4159 1607 4228 indeque
1656 4157 2002 4227 pervenitin

365 4244 572 4298 Scetim
601 4262 615 4309 ;
647 4255 695 4298 et
729 4245 1034 4299 ecclesiam
1076 4247 1376 4315 ingressus
1407 4243 1642 4300 clericos
1673 4245 1814 4313 (38')
1844 4258 2003 4297 acce-

366 4334 470 4401 dit,
500 4336 736 4388 dicens:
771 4334 873 4389 Per
922 4333 1255 4401 Dominum,
1291 4333 1458 4388 facite
1498 4350 1590 4388 me
1630 4333 2001 4400 monachum,

365 4440 432 4478 ac
464 4425 613 4477 viam
651 4424 788 4478 mihi
822 4425 1125 4491 ostendite,
1160 4425 1258 4478 ubi
1291 4423 1482 4478 salvus
1514 4424 1667 4479 fiam.
1695 4423 1779 4478 Illi
1809 4429 2002 4478 autem

366 4511 472 4566 viri
510 4512 868 4567 nobilitatem
918 4530 986 4567 ex
1036 4513 1319 4580 moribus,
1351 4518 1406 4568 et
1449 4512 1609 4567 vultu
1653 4519 1707 4567 el
1755 4512 2006 4582 alloquio

365 4605 776 4673 conjectantcs,
813 4604 1147 4674 quaerebant
1202 4619 1267 4657 ex
1299 4620 1384 4667 eo,
1423 4605 1694 4673 quisnam
1756 4611 1807 4657 et
1839 4604 2007 4672 cujus

363 4699 536 4748 esset.
571 4695 624 4747 Is
677 4709 808 4747 cum
860 4693 1047 4763 primo
1080 4695 1380 4759 abnueret,
1415 4693 1741 4764 diceretque
1777 4708 1788 4745 :
1823 4691 2004 4746 Homo

363 4800 495 4838 sum
531 4784 869 4854 peregrinus
888 4789 946 4838 et
975 4783 1259 4854 abjcctus,
1282 4783 1381 4853 qui
1406 4781 1603 4837 salvus
1627 4781 1748 4837 ﬁeri
1781 4797 2002 4850 quaero;

361 4874 454 4928 vix
486 4874 719 4928 tandem
750 4873 802 4928 ei
834 4872 1184 4944 persuadere
1216 4877 1532 4943 potuerunt
1566 4880 1647 4940 ut,
1681 4888 1806 4942 quas
1839 4872 1909 4926 ad
1943 4888 2004 4928 se

2121 3259 2210 3312 καὶ
2237 3257 2530 3331 παρεκάλει
2561 3259 2652 3312 τὸν
2686 3261 2812 3314 Θεὸν
2870 3262 3006 3332 μετά
3055 3256 3298 3334 δακρύων
3351 3259 3526 3336 λέγων
3555 3279 3569 3292 ·
3613 3258 3776 3334 Κύριε

2123 3345 2398 3419 ὁδήγησόν
2435 3369 2518 3420 με,
2550 3354 2664 3409 πῶς
2702 3351 2877 3404 σωθῶ.
2915 3351 3017 3404 Καὶ
3065 3346 3131 3418 δὴ
3167 3347 3216 3404 ἓν
3260 3353 3357 3422 μιᾷ
3405 3349 3561 3411 ὄντος
3605 3348 3775 3403 αὐτοῦ

2124 3435 2175 3490 ἒν
2203 3441 2281 3508 τῷ
2313 3438 2582 3510 παλατίῳ,
2618 3438 2800 3493 ἀκούει
2833 3439 2976 3500 θείας
3028 3445 3235 3516 φωνῆς,
3270 3438 3539 3513 λεγούσης
3583 3440 3728 3512 αὐτῷ
3757 3458 3770 3470 ·

2125 3527 2379 3602 Ἀρσένιε,
2415 3528 2460 3582 εἰ
2504 3528 2678 3592 θὲλεις
2720 3531 2978 3599 σωθῆναι,
3023 3533 3186 3606 φεῦγε
3243 3530 3369 3590 τοὺς
3425 3529 3772 3603 ἀνθρώπους,

2124 3617 2213 3670 καὶ
2247 3617 2419 3692 σώσῃ.

2196 3711 2256 3765 ε’.
2288 3708 2500 3761 Τούτων
2547 3705 2638 3762 οῦν
2681 3706 2915 3770 ἀκούσας
2975 3709 3001 3762 ὁ
3057 3709 3350 3783 Ἀρσὲνιος,
3390 3705 3477 3763 καί
3531 3707 3772 3763 ἐπιπολὺ

2123 3800 2200 3866 τῷ
2245 3797 2372 3869 θείῳ
2411 3797 2564 3869 πόθῳ
2619 3796 2867 3871 τρωθεὶς,
2908 3799 3086 3867 πάσης
3146 3797 3300 3860 εὐθὺς
3349 3800 3770 3873 καταφρονήσας

2125 3885 2467 3960 ἀνθρωπίνης
2524 3886 2613 3941 καὶ
2665 3887 3001 3962 προσκαίρου
3058 3886 3328 3950 αἰνέσεως,
3387 3887 3476 3942 καὶ
3535 3907 3768 3965 περιφα-

2121 3976 2280 4038 νείας,
2312 3983 2518 4053 τρυφῆς
2561 3997 2617 4030 τε
2667 3983 2988 4048 σωματικῆς
3035 3978 3122 4031 καὶ
3173 3978 3350 4048 πάσης
3381 3975 3560 4046 ἄλλης
3593 3975 3767 4054 φιλο-

2124 4062 2323 4134 δοξίας,
2376 4065 2464 4118 καὶ
2519 4065 2830 4139 βασιλείους
2879 4065 3050 4128 αὐλὰς
3115 4065 3190 4129 εἷς
3260 4065 3412 4121 οὐδὲν
3456 4063 3767 4141 διαλογισά-

2125 4174 2307 4227 μενος,
2363 4151 2554 4226 μηδενὶ
2637 4151 2806 4228 μηδὲν
2880 4155 3115 4229 εἰρηκὼς
3185 4154 3448 4211 ἀποπλέει
3523 4155 3608 4210 ἐπὶ
3665 4159 3767 4226 την

2118 4241 2544 4317 Ἀλεξάνδρειαν,
2614 4244 2855 4299 κάκεῖθεν
2923 4242 3142 4319 ἔρχεται
3219 4245 3296 4307 εἷς
3372 4253 3612 4314 Σκῆτιν·
3671 4247 3764 4300 καὶ

2121 4331 2374 4387 εἷ’σελθὼν
2409 4331 2460 4386 ἐν
2490 4337 2557 4398 τῇ
2591 4331 2875 4403 ἐκκλησίᾳ,
2907 4335 3268 4408 προσέρχεται
3326 4339 3442 4398 τοῖς
3470 4333 3764 4408 κληρικοῖς

2119 4419 2332 4496 λέγων’
2368 4423 2465 4476 Διά
2510 4423 2598 4477 τὸν
2653 4423 2874 4497 Κύριον,
2907 4422 3170 4494 ποιήσατέ
3225 4443 3290 4497 με
3351 4423 3611 4499 μοναχὸν,
3671 4425 3762 4478 καὶ

2118 4510 2423 4587 ὁδηγήσατέ
2486 4533 2549 4582 με
2604 4517 2720 4572 πῶς
2773 4513 2952 4569 σωθῶ.
2985 4513 3048 4566 Οἱ
3098 4510 3153 4566 δὲ
3201 4513 3298 4580 τὴν
3343 4512 3611 4588 εὐγένειαν
3666 4517 3766 4567 τοῦ

2119 4598 2313 4675 ἀνδρὸς
2375 4601 2433 4656 ἐκ
2480 4606 2575 4655 τοῦ
2634 4601 2824 4670 ἤθους,
2859 4603 2948 4657 καὶ
2995 4607 3090 4657 τοῦ
3140 4603 3460 4677 προσώπου,
3502 4603 3591 4659 καὶ
3663 4610 3766 4672 τῆς

2117 4690 2404 4765 συντυχίας
2434 4692 2832 4766 στοχασάμενοι
2872 4691 3127 4765 ἐξήταζον
3177 4693 3339 4747 αὐτὸν
3395 4693 3479 4756 τίς
3532 4692 3615 4761 εἴη
3674 4695 3765 4747 καὶ

2113 4781 2296 4836 πόθεν.
2330 4781 2699 4853 ’Λρνούμένου
2749 4778 2807 4834 δὲ
2856 4781 3023 4835 αὐτοῦ
3060 4781 3128 4835 τὰ
3181 4787 3393 4857 πρῶτα,
3427 4782 3517 4836 καὶ
3575 4781 3762 4858 λέγον-

2111 4890 2227 4940 τος,
2269 4868 2350 4924 ὅτι
2381 4870 2698 4942 ’Ἄνθρωπός
2741 4869 2852 4943 εἰμι
2895 4866 3040 4941 ξένος
3085 4871 3177 4927 καὶ
3221 4871 3471 4933 ταπεινὸς
3523 4872 3766 4939 σωθῆναι

1945 5038 2172 5095 ΝΟΤΔΕ.

433 5193 551 5263 (37)
587 5191 832 5246 Videtur
862 5193 1063 5244 auctor
1093 5187 1236 5243 nihil
1272 5185 1428 5263 aliud
1457 5185 1809 5263 v_elle,quam
1845 5184 2005 5255 stipi-

363 5258 478 5320 tem
511 5258 739 5317 familiae
773 5264 956 5316 sancti
992 5263 1331 5331 primaevam
1358 5261 1414 5312 in
1448 5258 1640 5328 plures
1690 5264 1886 5327 postca
1920 5274 2006 5331 ra-

365 5354 491 5391 mos
523 5336 772 5389 divisum
826 5329 1048 5400 fuisse;
1103 5348 1243 5385 usus
1294 5330 1410 5396 hic,
1467 5338 1746 5399 quantum
1807 5329 2004 5398 suspi-

363 5426 482 5474 cor,
515 5408 602 5460 vel
636 5407 831 5478 phrasi
879 5407 1048 5460 istius
1084 5404 1380 5473 temporis,
1414 5405 1500 5458 vel
1551 5402 1830 5472 parmmia
1878 5406 2003 5454 tum

365 5491 594 5535 usttala.

435 5552 570 5622 (37')
602 5552 910 5619 Διηνεκῶς·
968 5547 1212 5622 subaudi
1263 5541 1566 5622 ἔμεινε,
1609 5545 1696 5622 vel
1743 5542 2004 5622 Aquid‘si-

365 5613 520 5680 mite.
551 5613 724 5693 Ἀμυό
774 5621 1112 5677 Cotelerium
1166 5613 1331 5691 lego:
1357 5619 1485 5693 _"E:v.
1517 5614 1589 5670 ὢν
1621 5615 1673 5670 ἐν
1699 5613 1788 5688 τῷ
1822 5613 2006 5668 παλα-

362 5696 487 5767 τίῳ.
523 5689 657 5750 Cum
685 5697 985 5767 etiamnum
1015 5698 1151 5748 esset
1179 5689 1249 5746 in“
1267 5689 1502 5767 ραζιιέίο.

437 5760 551 5839 (38)
581 5767 724 5823 Vide
754 5766 910 5823 Vitas
941 5765 1176 5820 Patrum
1211 5760 1364 5835 apud
1396 5763 1786 5834 Rosweydum
1818 5760 1919 5817 lib.
1943 5775 1998 5821 ν,

2115 5199 2240 5253 cap.
2295 5188 2349 5248 2,
2419 5198 2549 5254 pag.
2585 5181 2736 5254 7563,
2796 5197 2962 5239 num.
3018 5181 3568 5254 2.7Damalevicius
3618 5182 3764 5240 Vitae

2115 5255 2300 5309 sancti
2333 5253 2620 5323 Bogumili
2644 5254 2897 5309 eremitce
2927 5253 3390 5312 Camaldulensis
3420 5263 3639 5322 auctor,
3673 5263 3760 5313 to-

2115 5342 2208 5380 mo
2241 5327 2286 5380 Il
2321 5326 2500 5399 Junii,
2551 5342 2680 5396 pag.
2714 5327 2840 5392 356,
2873 5343 3035 5381 num.
3075 5327 3165 5389 56,
3215 5344 3509 5384 secessum
3544 5329 3671 5399 ejus
3703 5328 3758 5383 in

2115 5414 2376 5452 eremum
2409 5398 2839 5471 Dobrovensem
2896 5407 3114 5471 narrat,
3149 5421 3176 5448 ‹‹
3211 5405 3489 5471 tanquam
3543 5398 3592 5455 si
3622 5417 3765 5455 san-

2115 5475 2244 5523 ctus
2292 5486 2483 5524 vocem
2522 5469 2743 5538 lapsam
2779 5469 3057 5524 divinitus
3089 5471 3159 5524 ad
3192 5469 3504 5527 Arse'nium
3549 5472 3605 5526 in
3656 5488 3763 5526 sua

2113 5542 2416 5667 vogatione
2447 5544 2796 5596 audivisset:
2827 5542 3042 5598 Arseni
3064 5544 3353 5598 tumultus
3387 5546 3539 5615 fuge,
3560 5549 3618 5599 et
3649 5543 3765 5599 sal-

2115 5630 2182 5667 Vﬂ
2229 5629 2364 5667 ePIS.
2404 5636 2430 5662 n

2115 5629 2364 5668 VﬂDePIS.
2404 5636 2430 5662 υ

2185 5686 2323 5759 (38')
2355 5685 2460 5759 Rer
2489 5683 2728 5759 clericos
2745 5684 3018 5759 intelligo
3049 5684 3159 5759 hic
3184 5686 3525 5746 monachos.
3555 5687 3762 5746 Exem-

2116 5755 2210 5830 pla
2239 5755 2339 5814 dat
2367 5757 2621 5829 Cangius
2640 5757 2700 5812 in
2731 5755 3007 5814 Glossario
3036 5757 3236 5815 Latina
