4090 6288
419 493 536 552 853

1062 491 1350 552 ORATIO
1392 491 1522 550 XII.
1571 523 1645 533 —
1689 487 2086 551 LAUDATIO
2129 485 2192 544 S.
2240 483 2551 545 ARSENlI
2595 485 3159 547 ANACHORETrE.

3702 485 3818 543 854

423 628 628 695 ζητῶν,
695 625 853 700 μόγις
910 620 1252 694 ἠδυνήθησαν
1312 627 1492 676 πεῖσαι
1553 620 1735 689 αὐτὸν,
1798 618 2057 695 θαρρῆσαι

2181 619 2541 686 spectabant,
2573 618 2926 672 conﬁdenter
2970 617 3042 672 iis
3081 620 3409 688 exponeret.
3444 617 3578 680 Qua
3610 616 3823 684 edocti,

423 713 606 771 αὐτοῖς
655 714 721 766 τὰ
780 713 902 766 καθ’
957 713 1182 769 ἑαυτόν.
1246 711 1342 767 Καὶ
1398 711 1679 782 μαθόντες,
1731 710 1878 762 εἷπον
1932 709 2068 781 πρὸς

423 803 709 873 ἀλλήλους
735 821 748 834 °
783 803 880 865 Τῖς
910 801 1013 874 ἄρα
1044 801 1207 873 ἐστὶν,
1241 802 1267 854 6
1301 799 1534 876 ὀεοείλων
1578 803 1767 854 τοῦτον
1819 798 2064 870 παραλα-

426 889 538 947 ϐεῖν
569 895 660 948 καὶ
695 891 964 968 ὁδηγῆσαι
998 894 1072 955 εἷς
1123 895 1220 960 τὴν
1275 889 1568 966 μοναδικὴν
1615 890 1932 946 πολιτείαν·
1977 888 2067 942 καὶ

427 981 525 1052 δὴν
562 983 1009 1056 βουλευσαμένων
1040 983 1236 1052 αὐτῶν,
1273 979 1513 1036 συνεῖδον
1563 981 1874 1054 ἀπενεγκεῖν
1903 978 2062 1032 αὐτὸν

421 1079 501 1146 τῷ
531 1070 673 1145 ἀϐϐᾷ
723 1074 940 1150 Ἰωάννῃ
990 1075 1067 1147 τῷ
1126 1070 1391 1146 Κολοϐᾢ.
1443 1073 1547 1129 Καὶ
1601 1068 1858 1134 λαϐόντες
1907 1072 2062 1125 αὐτὸν

428 1166 543 1239 μνθ’
575 1166 799 1230 ἑαυτῶν,
853 1161 1103 1230 ἀπῆλθον
1151 1165 1287 1238 πρὸς
1336 1163 1428 1217 τὸν
1477 1163 1742 1237 γέροντα.
1786 1161 1883 1215 Καὶ
1933 1162 2066 1234 μετὰ

421 1257 483 1310 τὸ
515 1261 742 1324 ποιῆσαι
775 1252 968 1313 αὐτοὺς
1013 1251 1207 1328 εὒχὴν,
1262 1251 1536 1322 ἐλάλησαν
1575 1253 1724 1319 αύτῷ
1765 1253 1888 1326 περὶ
1939 1254 2064 1326 Ἀρ-

426 1345 600 1400 σενίου
627 1388 639 1401 .

498 1433 591 1507 ς’.
625 1433 721 1487 Καὶ
757 1431 809 1487 ἐν
840 1437 918 1505 τῷ
967 1433 1347 1507 συντυγχάνειν
1399 1431 1616 1499 αὐτοὺς,
1649 1426 2068 1502 καταλαϐούσης

422 1529 524 1592 τῆς
583 1521 806 1590 ἒννάτης
859 1521 1028 1596 ὥρας,
1089 1521 1232 1596 λέγει
1291 1526 1408 1583 τοῖς
1465 1520 1756 1594 κληρικοῖς
1789 1523 2016 1597 ὁγέρων
2049 1540 2062 1553 ·

427 1615 604 1681 Δεῦτε,
634 1615 958 1684 ποιήσωμεν
985 1611 1223 1687 ἀγάπην,
1257 1610 1346 1665 καὶ
1377 1611 1439 1664 τὸ
1470 1610 1687 1683 θέλημα
1715 1615 1811 1664 τοῦ
1864 1611 2065 1687 Κυρίου

421 1700 654 1777 γενέσθω
681 1743 694 1757 .
748 1701 846 1755 Καὶ
896 1700 1171 1760 καθεσθεὶς
1204 1700 1231 1752 6
1262 1693 1433 1761 ἀὸϐἆς
1485 1699 1739 1768 Ἰωάννης
1777 1701 1910 1773 μετὰ
1955 1707 2062 1754 τῶν

421 1789 724 1862 κληρικῶν,
783 1792 1014 1864 ἤρξαντο
1073 1787 1288 1858 ἐσθίειν,
1345 1787 1588 1851 ἐάσαντες
1643 1791 1734 1844 τὸν
1791 1789 2062 1864 Ἀρσὲνιον

423 1883 708 1956 ἱστάμενον
732 1928 744 1940 .
775 1881 976 1937 Ῥίπτει
1032 1878 1124 1934 οὖν
1169 1881 1418 1953 παξαμάν
1447 1879 1523 1942 εἶς
1573 1883 1672 1944 τήν
1703 1888 1803 1956 γῆν
1835 1882 1861 1935 6
1893 1877 2064 1943 ἀϐϐἆς

425 1971 701 2040 Ἰωάννης,
732 1971 821 2025 καὶ
853 1969 1001 2043 λέγει
1049 1975 1129 2041 τῷ
1176 1969 1433 2042 Ἀρσενίῳ
1461 1988 1475 2001 ·
1521 1969 1684 2044 Φάγε,
1720 1969 1805 2024 ἐὰν
1857 1969 2020 2044 θέλῃς
2047 1991 2060 2003 ·
2095 2009 2143 2074 Β

425 2059 691 2074 ,λων
839 2060 852 2074 .
1374 2058 1679 2074 -._...
1999 2066 2026 2074 ..

423 2062 484 2118 Ὁ
517 2059 574 2116 δὲ
599 2060 792 2123 κλίνας
839 2060 1025 2116 ἑαυτὸν
1068 2062 1154 2116 ἐπὶ
1194 2063 1290 2130 τὴν
1330 2067 1455 2134 γῆν,
1499 2058 1711 2128 ἀπῆλθε
1757 2066 2066 2135 περιπατῶν

424 2156 543 2216 ταῖς
573 2153 728 2226 χερσὶ
778 2152 865 2206 καὶ
917 2157 1035 2216 τοῖς
1076 2152 1252 2218 ποσὶν,
1305 2150 1442 2205 ὅπου
1488 2153 1551 2219 ἦν
1595 2151 1621 2204 6
1652 2152 1899 2223 παξαμάς
1931 2172 1944 2184 ·
1977 2153 2068 2206 καὶ

424 2234 612 2316 ἔφαγεν
644 2239 822 2310 αὐτὸν,
860 2241 933 2302 ὡς
981 2235 1154 2295 ἔκειτο
1187 2239 1261 2302 είς
1292 2241 1391 2309 τήν
1431 2246 1553 2314 γῆν.
1604 2239 1702 2293 Καὶ
1753 2238 1881 2293 ἰδὼν
1917 2242 1944 2294 6
1972 2242 2068 2316 γὲ-

425 2351 563 2401 ρων,
597 2328 745 2407 λέγει
777 2335 894 2392 τοῖς
935 2328 1192 2409 ἀδελφοῖς
1217 2348 1230 2362 ⁶
1281 2330 1540 2403 Ὑπάγετε
1574 2330 1708 2401 μετὰ
1753 2329 1945 2398 καλοῦ,
1975 2333 2066 2385 καὶ

428 2418 642 2492 εὔξασθε
691 2421 824 2492 ὑπὲρ
865 2421 1064 2492 ἡμῶνο
1119 2419 1289 2481 οὕτως
1333 2420 1432 2493 γὰρ
1484 2420 1794 2492 γινώσκετε,
1845 2419 1929 2474 ὅτι
1974 2417 2066 2474 δό-

428 2529 590 2581 κιμον
620 2505 737 2583 ἔχει
763 2515 991 2577 ποιῆσαι
1029 2510 1272 2582 μονάχόν
1299 2551 1312 2566 .
1362 2509 1680 2581 Ἠρώτησαν
1723 2508 1814 2562 οὗν
1847 2509 1897 2562 οἱ
1925 2508 2065 2580 κλη-

431 2597 569 2673 ρικοί
625 2600 716 2653 τὸν
776 2600 1052 2673 ’Δρσενιον
1111 2601 1228 2653 καθ’
1284 2598 1529 2670 ἑαυτοὺς,
1578 2599 1828 2672 λέγοντες
1877 2599 2063 2672 αὐτῷ·

431 2688 663 2758 Ποίησον
715 2687 954 2764 ἀγάπην,
1013 2685 1230 2763 ἁδελφὲ,
1265 2686 1354 2741 διὰ.
1399 2687 1488 2742 τὸν
1542 2689 1758 2762 Κύριον,
1809 2688 1898 2742 καὶ
1949 2689 2064 2743 εἰπὲ

424 2779 581 2849 ἡμῖν,
631 2782 790 2832 ποῖον
851 2776 1116 2853 λογισμὸν
1177 2775 1330 2852 ἔσχες
1388 2775 1576 2831 ἐσθίων
1625 2779 1716 2832 τὸν
1771 2778 2059 2851 παξαμάν;

422 2868 522 2924 Καὶ
573 2866 721 2942 λὲγει
778 2867 1002 2930 αὐτοῖς.
1071 2866 1449 2943 Ἐλογισάμην
1499 2869 1632 2943 πρὸς
1675 2867 1926 2940 ἐμαυτὸν,
1979 2870 2062 2924 δτι

419 2962 434 2980 ι
803 2953 828 2976 Ἡ
879 2957 892 2978 τ
1093 2959 1106 2976 \
1186 2956 1213 2977 ,Ι
1419 2958 1432 2977 ε
1566 2959 1577 2976 Ι
1744 2957 1754 2974 θ
1903 2959 1915 2976 ν
1973 2960 1984 2978 Ι

438 2964 508 3019 Ως
539 2957 656 3012 κυνί
687 2978 770 3012 σοι
803 2957 1024 3034 ερριψαν
1054 2979 1147 3013 τον
1179 2979 1362 3032 αρτον,
1405 2979 1478 3020 ως
1519 2978 1661 3011 κυων
1689 2979 1825 3036 φάγε
1859 2979 2018 3014 αυτον
2043 3001 2058 3015 .

421 3047 516 3103 Καὶ
571 3043 822 3116 ἐδόξασαν
874 3048 963 3102 τὸν
1012 3049 1182 3106 Θεόν.
1229 3047 1441 3115 Χρόνον
1494 3046 1584 3101 οὖν
1633 3047 1822 3124 ὀλίγον
1875 3050 2060 3122 μείνας

421 3137 557 3209 μετᾶ
603 3141 701 3192 τοῦ
735 3132 876 3192 ἀεϐἅ
924 3139 1177 3194 Ἰωάννου
1211 3139 1557 3212 ὁἊρσένιος,
1607 3139 1696 3191 καὶ
1745 3139 1927 3210 μαθὼν
1958 3143 2058 3193 πᾶ·

417 3248 514 3281 σαν
547 3227 648 3293 τήν
685 3229 990 3304 μοναχικῆν
1040 3228 1381 3296 κατάστασιν,
1425 3224 1668 3296 ἀπελύθη
1720 3230 1848 3302 παρ’
1898 3226 2060 3283 αὐτοῦ

417 3314 668 3371 απελθεῖν
703 3317 790 3370 καὶ
840 3316 1054 3370 καθίσαι
1099 3317 1234 3371 κατὰ
1272 3316 1471 3388 μόνας·
1523 3317 1614 3371 καὶ
1663 3311 1866 3389 ἔμεινεν
1917 3316 2061 3394 ἀγω-

2177 704 2318 761 alter
2341 705 2796 762 alteridicebant
2831 726 2844 758 :
2883 706 3160 769 Quisnam
3198 711 3311 774 est,
3337 705 3633 777 quidebet
3667 705 3823 760 hunc

2175 796 2454 864 excipere,
2487 803 2540 850 et
2563 797 2885 851 conducere
2912 798 2982 851 ad
3017 795 3411 862 monasticum
3439 794 3774 850 institutum
3797 793 3826 848 ‘P
3903 842 3906 845 .

2175 885 2263 954 Et,
2299 885 2445 940 inito
2475 885 2743 952 consilio,
2771 886 2960 942 visum
2985 891 3076 942 est
3095 885 3381 942 abducere
3406 885 3601 956 ipsum
3635 885 3706 940 ad
3731 884 3827 940 ab-

2179 973 2369 1030 batem
2399 975 2674 1030 Joannem
2704 974 2984 1030 Colobum
3013 975 3151 1047 (39).
3186 974 3252 1030 Et
3277 979 3648 1031 assumentes
3689 988 3821 1031 eum

2178 1079 2401 1131 secum,
2433 1064 2704 1119 abierunt
2730 1065 2802 1119 ad
2852 1080 3092 1131 senem;
3131 1065 3497 1136 peractisque
3553 1063 3824 1135 precibus

2176 1153 2352 1209 locuti
2379 1170 2513 1209 cum
2547 1155 2644 1210 illo
2685 1159 2823 1210 sunt
2852 1156 2924 1210 de
2953 1156 3222 1211 Arsenio.

2245 1243 2300 1297 6.
2333 1243 2597 1316 Cumque
2635 1244 2788 1299 inter
2833 1243 3289 1315 colloquendum
3339 1244 3474 1316 jam
3513 1261 3668 1302 nona
3697 1245 3828 1301 ade-

2175 1333 2360 1390 nisset
2391 1335 2554 1400 hora,
2585 1335 2727 1390 dicit
2757 1335 2986 1391 clericis
3017 1350 3192 1391 senex
3224 1353 3237 1391 :
3274 1336 3505 1402 Adeste,
3544 1335 3825 1392 faciamus

2175 1441 2396 1496 agapen
2451 1425 2589 1495 (40),
2625 1430 2682 1481 et
2728 1426 2995 1482 voluntas
3055 1426 3154 1481 Dei
3211 1426 3331 1482 fiat.
3381 1427 3826 1498 Considensque

2173 1515 2428 1570 Joannes
2459 1515 2642 1570 abbas
2699 1531 2832 1571 cum
2875 1515 3124 1582 clericis,
3157 1521 3466 1587 coeperunt
3496 1518 3823 1583 comedere,

2175 1604 2434 1660 sinentes
2490 1605 2799 1660 Arsenium
2855 1611 3026 1661 stare.
3089 1605 3334 1676 Projicit
3391 1606 3588 1678 itaque
3647 1623 3826 1678 paxa-

2174 1709 2308 1749 man
2341 1694 2455 1765 (41)
2477 1694 2536 1749 in
2567 1699 2779 1751 terram
2807 1695 2988 1750 abbas
3015 1695 3508 1768 Joannes,atique
3531 1697 3772 1752 Arsenio
3807 1711 3821 1750 :

2173 1784 2442 1849 Comede,
2475 1784 2519 1837 si
2543 1783 2825 1839 velis.llle
2847 1791 3040 1839 autem
3067 1783 3362 1840 inclinans
3395 1801 3457 1841 se
3489 1784 3549 1839 in
3579 1789 3820 1852 terram,

2173 1872 2353 1927 abivit
2408 1871 2571 1941 illuc,
2631 1873 2940 1928 ambulans
2989 1874 3260 1930 manibus
3300 1875 3680 1946 pedibusque,
3715 1875 3819 1930 ubi

2173 1965 2291 2017 erat
2349 1979 2662 2032 paxamas;
2695 1967 2751 2018 et
2809 1963 2868 2018 in
2917 1968 3088 2033 terra,
3117 1972 3282 2034 prout
3328 1965 3583 2036 jacebat,
3627 1965 3823 2036 ipsum

2175 2052 2439 2106 comedit.
2475 2053 2665 2124 Atque
2695 2052 2805 2108 hoc
2826 2054 3196 2124 conspicatus
3227 2069 3424 2121 senex,
3462 2054 3602 2110 dicit
3635 2053 3820 2110 fratri-

2177 2143 2325 2211 bus;
2359 2143 2524 2198 Abite
2555 2160 2685 2198 cum
2735 2144 2906 2212 bono,
2931 2155 2982 2200 et
3012 2149 3172 2199 orate
3194 2161 3296 2216 pro
3329 2144 3497 2200 nobis
3517 2161 3530 2198 :
3554 2145 3638 2200 ita
3659 2145 3815 2200 enim

2175 2230 2389 2297 scietis,
2411 2233 2562 2303 quod
2585 2232 2862 2303 probatus
2885 2234 2978 2302 sit,
3013 2239 3076 2288 ut
3105 2233 3208 2289 ﬁat
3232 2233 3552 2289 monachus
3577 2234 3824 2290 Interro-

2174 2325 2390 2390 garunt
2441 2322 2638 2392 itaque
2683 2322 2876 2378 clerici
2926 2323 3076 2378 inter
3124 2339 3187 2378 se
3217 2325 3526 2390 Arsenum,
3559 2324 3821 2378 dicentes

2175 2409 2290 2464 illi:
2317 2410 2426 2465 Fac
2448 2427 2688 2482 agapen,
2720 2411 2913 2478 frater,
2941 2429 3042 2484 per
3084 2411 3605 2480 Dominum;etdic
3630 2411 3821 2480 nobis,

2173 2499 2380 2570 ecquid
2427 2500 2799 2570 cogitationis
2861 2501 3150 2570 habueris,
3182 2503 3416 2573 quando
3475 2502 3823 2558 comedebas

2173 2605 2458 2658 paxaman
2479 2591 2506 2644 ?
2535 2591 2757 2656 Quibus
2785 2591 2902 2661 ille,
2934 2591 3769 2665 Cogitabam,inquit,mecum
3805 2611 3819 2650 :

2173 2694 2347 2750 quem
2409 2679 2515 2734 tibi
2572 2685 2856 2751 tanquam
2907 2683 3036 2738 cani
3079 2684 3447 2754 projecerunt
3468 2700 3700 2754 panem,
3731 2701 3821 2741 co-

2174 2769 2341 2824 mede
2370 2769 2536 2825 illum
2559 2776 2837 2842 tanquam
2869 2772 3051 2828 canis.
3076 2772 3145 2828 Et
3173 2772 3585 2844 glorificabant
3617 2775 3815 2831 Deum.

2172 2858 2390 2930 Exiguo
2421 2860 2601 2931 igitur
2629 2865 2890 2933 tempore
2911 2863 3196 2918 Arsenius
3213 2878 3348 2919 cum
3373 2862 3578 2920 abbate
3597 2863 3821 2921 Joanne

2170 2953 2451 3016 versatus,
2485 2965 2837 3020 omnemque
2856 2951 3185 3007 monasticae
3215 2952 3344 3008 vita:
3375 2951 3652 3009 rationem
3685 2954 3821 3010 edo-

2168 3043 2319 3104 ctus,
2355 3039 2629 3096 discessit
2659 3041 2730 3095 ab
2762 3057 2850 3108 eo,
2887 3045 2952 3097 ut
2991 3043 3281 3098 secederet
3312 3042 3543 3114 sibique
3586 3043 3695 3098 soli
3727 3061 3822 3100 va-

2169 3139 2342 3186 caret.
2375 3131 2444 3185 Et
2471 3137 2822 3202 perseverat,
2856 3148 2959 3205 pro
3007 3131 3160 3188 virili
3219 3133 3576 3189 contendens
3607 3133 3666 3187 in
3700 3135 3818 3190 Do-

2169 3222 2326 3277 mino
2357 3237 2541 3292 usque
2567 3222 2728 3288 adeo,
2764 3226 2828 3277 ut
2867 3239 3113 3294 magnos
3145 3221 3200 3277 id
3226 3223 3504 3295 temporis
3534 3239 3701 3281 senes
3733 3225 3820 3281 la-

2167 3311 2408 3367 boribus
2457 3312 2810 3378 constantia,
2871 3329 2938 3368 ac
2994 3313 3380 3368 certaminum
3437 3315 3816 3370 asceticorum

416 3406 698 3476 νιζόμενος
730 3403 780 3459 ἐν
817 3406 1018 3478 Κυρίῳ,
1053 3405 1190 3460 ὥστε
1215 3405 1462 3468 πολλοὺς
1491 3411 1598 3460 τῶν
1636 3407 1769 3460 κατὰ
1818 3408 1907 3460 τὸν
1941 3427 2057 3461 και-

2172 3400 2479 3456 tolerantia
2555 3406 2876 3473 superaret.
2951 3404 3266 3474 Postquam
3342 3404 3410 3459 ad
3443 3404 3816 3476 hesychasti-

418 3495 508 3570 p6v
559 3494 764 3552 ἐκεῖνον
827 3494 1079 3570 μεγάλων
1127 3496 1390 3572 γερόντων
1444 3491 1741 3570 ὑπερϐῆναι
1788 3501 1902 3557 τοῖς
1952 3497 2060 3552 πό-

413 3606 552 3655 νοις,
585 3590 653 3660 τῇ
702 3607 760 3641 τε
803 3584 1082 3661 καρτερίᾳ,
1133 3585 1222 3640 καὶ
1258 3589 1322 3660 τῇ
1375 3587 1628 3659 ὑπομονῇ
1674 3591 1784 3641 τῶν
1834 3588 2059 3657 ἀσκητι-

413 3680 523 3730 κῶν
580 3676 803 3750 ἀγώνων
833 3720 846 3733 .
899 3678 1294 3750 Ἀναχωρήσας
1335 3673 1425 3731 οὖν
1484 3675 1535 3730 ἐν
1578 3681 1656 3749 τῷ
1705 3679 2059 3752 ἡσυχαστςκῷ

424 3767 551 3838 βίῳ,
585 3766 753 3821 πάλιν
785 3762 987 3836 ηὔξατο
1017 3770 1096 3836 τῷ
1129 3769 1243 3836 Θεῷ
1275 3764 1452 3839 λέγων
1479 3808 1492 3822 .
1550 3763 1731 3839 Κύριε,
1784 3763 2059 3841 ὁδήγησόν

418 3877 504 3929 με,
537 3860 655 3919 πῶς
686 3856 849 3909 σωθῶ
875 3874 889 3887 ο
922 3855 1011 3909 καὶ
1051 3852 1253 3923 ἤκουσε
1301 3860 1487 3933 φωνῆς
1518 3851 1783 3926 λεγούσης
1808 3871 1822 3884 ⁸
1873 3855 2061 3927 ’Δρσέ-

410 3964 514 4014 νιε,
547 3950 726 4021 φεῦγε,
762 3945 960 4015 σιώπα,
993 3945 1243 4019 ἡσύχαζε
1266 3964 1280 3978 ο
1313 3941 1472 3999 aia-rati
1502 3944 1604 4018 γάρ
1647 3943 1777 3999 εἰσιν
1809 3945 1865 3999 αἱ
1915 3942 2053 4020 ῥίζαι

409 4042 514 4106 τῆς
545 4035 952 4110 ἀναμαρτησίας
979 4076 994 4092 .

2171 3507 2298 3546 cam
2345 3491 2464 3562 (42)
2488 3489 2661 3546 vitam
2714 3491 3073 3560 secessisset,
3107 3493 3312 3547 iterum
3363 3494 3549 3549 oravit
3609 3496 3812 3562 Deum,

2170 3581 2369 3636 dicens
2403 3597 2415 3636 :
2449 3580 2714 3649 Domine,
2748 3581 2902 3637 viam
2969 3582 3234 3651 ostende,
3266 3581 3365 3637 ubi
3420 3582 3617 3639 salvus
3650 3585 3813 3640 fiam.

2167 3671 2238 3725 Et
2287 3669 2505 3725 audivit
2553 3686 2771 3738 vocem,
2822 3671 3158 3727 dicentem:
3221 3672 3440 3741 Arseni,
3475 3672 3632 3745 fuge,
3665 3677 3818 3742 tace,

2169 3759 2403 3831 quiesce
2437 3775 2451 3816 :
2481 3776 2616 3816 nam
2675 3759 2762 3816 his
2813 3765 2947 3817 sunt
2992 3760 3236 3832 radices,
3270 3761 3482 3833 quibus
3511 3779 3546 3818 a
3577 3767 3814 3835 peccato

2164 3850 2448 3908 immunis
2469 3851 2576 3908 ﬁas
2607 3849 2744 3922 (43).

2003 4126 2235 4185 NOT/E.

481 4233 602 4306 (39)
663 4233 946 4306 Joannes
977 4232 1226 4288 Colobus
1282 4232 1366 4305 (in
1416 4230 1738 4306 appendice
1789 4233 1858 4289 ad
1916 4235 2057 4290 Vitas

410 4304 644 4376 Patrum
679 4322 803 4376 pag.
848 4304 956 4360 904
988 4321 1087 4374 per
1117 4304 1408 4376 apocopen
1440 4304 1650 4363 Colob:
1699 4305 1894 4360 Graece
1948 4311 2052 4358 Ko-

411 4371 602 4445 λοεὸς,
652 4371 856 4447 estque
908 4371 1002 4432 hic
1067 4371 1315 4445 curtusf
1349 4393 1582 4447 parvus,
1621 4393 1831 4444 nanus,
1868 4379 2054 4433 brevis

409 4457 664 4514 statum,
695 4450 832 4518 etc.)
865 4448 970 4502 fuit
999 4447 1146 4504 inter
1189 4448 1562 4504 anachoretas
1605 4447 2051 4517 celeberrimus;

411 4523 689 4593 idemque
723 4521 986 4593 fortasse,
1021 4521 1120 4590 qui
1143 4521 1196 4575 ia
1231 4521 1614 4593 Illartyrologt'o
1648 4520 2051 4593 Coptico_tomo

409 4591 839 4660 tertio—Martii,
863 4607 994 4662 pag.
1009 4594 1117 4646 693
1147 4597 1380 4646 notatur
1410 4592 1502 4645 his
1525 4593 1711 4645 verbis
1743 4607 1757 4646 :
1794 4611 1819 4642 α
1848 4591 2052 4646 Obitus

407 4665 650 4720 Joannis
685 4668 840 4733 parvi
875 4665 1143 4718 eremitae.
1163 4686 1191 4713 »
1210 4663 1500 4717 Gerardus
1519 4662 1758 4716 Vossius
1783 4663 2051 4719 Borchlo-

409 4739 543 4792 nius
585 4734 929 4807 prepositus
982 4737 1358 4807 Tungrensis,
1393 4736 1540 4789 inter
1588 4735 2053 4807 Apophthegmata

409 4805 662 4873 Patru'm,
697 4823 829 4862 cum
856 4812 1056 4861 sancto
1089 4806 1351 4876 Ephrem
1402 4807 1542 4877 Syro
1601 4805 1848 4860 Coloniae
1899 4806 2054 4862 edita

409 4897 562 4936 anno
623 4879 780 4946 1603,
817 4894 946 4949 pag.
979 4878 1102 4934 507.
1145 4878 1386 4933 Colobios
1442 4878 1631 4949 legit;
1696 4877 1890 4947 inepte
1951 4879 2051 4932 ad-

412 4953 554 5008 dens
589 4966 604 5006 :
648 4971 677 5001 ιι
707 4947 1118 5005 Verisimiliter
1161 4949 1254 5004 hic
1295 4947 1540 5020 intelligi
1571 4948 1858 5004 Joannem
1891 4950 2053 5004 Colo-

408 5024 614 5092 bitam,
671 5025 740 5094 et
787 5021 931 5094 alias
983 5021 1324 5094 Calybitam,
1384 5020 1664 5094 eremitan
1726 5021 2048 5076 Romanum

408 5095 626 5168 (potius
676 5092 1045 5168 CPolitanum
1071 5092 1099 5161 ;‘
1145 5093 1374 5168 videsis_
1406 5092 1899 5168 Commentarium
1917 5094 2051 5168 ejus

451 5168 690 5222 rasvium
724 5165 815 5219 die
843 5167 909 5219 15
955 5164 1241 5232 Januarii,
1293 5165 1321 5234 Ξ
1349 5165 1428 5232 2),
1453 5165 1623 5234 cujus
1659 5165 1874 5219 mentio
1906 5165 2048 5220 litin

458 5235 792 5310 artyrologio
843 5237 1099 5306 Romano,
1162 5237 1228 5310 l5
1282 5235 1581 5310 annuarii
1615 5256 1666 5292 ».
1700 5236 1829 5310 Mox
1860 5246 2050 5292 tamen

408 5307 649 5366 alterius
706 5308 949 5363 Joannis
1002 5307 1551 5379 eremitaa/Egyptii
1597 5307 1882 5379 meminit,
1932 5325 2048 5363 non

409 5383 760 5438 sufficienter
791 5381 1129 5444 instructus,
1156 5388 1220 5435 ut
1245 5377 1464 5450 aliquid
1498 5379 1651 5434 circa
1681 5377 1842 5432 illum
1876 5380 2048 5435 abso-

408 5454 593 5509 solute
623 5452 987 5507 determinet.
1022 5452 1100 5506 De
1129 5453 1348 5506 Joanne
1403 5451 1616 5505 Colobo
1667 5450 1898 5521 plenius
1956 5453 2044 5506 in-

408 5526 552 5581 strui
603 5522 818 5597 poteris
872 5541 939 5579 ex
1011 5521 1625 5597 VitiaPatrrﬂrtvariis
1645 5521 1838 5597 locis;
1873 5522 2046 5597 Cote-

408 5597 546 5653 lerio
577 5592 737 5651 tbmo
771 5595 813 5662 Ι,
847 5612 878 5650 a
910 5611 1043 5668 pag.
1073 5595 1201 5661 468,
1234 5610 1300 5650 ac
1330 5592 1696 5648 Tillemontio
1726 5598 1886 5650 tomo
1916 5595 1981 5663 X,
2015 5612 2049 5651 a

452 5685 540 5735 ag.
575 5670 700 5726 427.
1720 5694 1726 5701 ·

409 5685 830 5820 ῗᾶῗίρῖἷὲξιρθν
865 5739 1058 5820 (ἓτωᾳθ
1106 5735 1308 5820 ἀγᾴπη,
1367 5737 1651 5820 accipitur
1694 5694 1785 5820 vel
1813 5754 1917 5810 pro
1948 5754 2046 5795 ex-

407 5809 780 5894 traodina'ria
825 5809 1231 5894 refecti‘one‘in
1275 5809 1788 5894 monasteriisﬂ‘el
1816 5809 1923 5894 pro
1946 5827 2045 5894 sq-

408 5883 588 5942 lemni
617 5884 912 5956 convivio;
943 5883 1032 5941 vel
1057 5899 1160 5954 pro
1204 5890 1377 5941 coena
1397 5881 1468 5938 ad
1499 5897 1680 5953 quam
1709 5881 2044 5948 Christiani,

2163 4236 2267 4318 sed
2299 4252 2580 4318 pauperes
2611 4235 2991 4318 potissimum
3033 4235 3476 4318 adhibebantur.
3509 4233 3593 4318 D‘e
3627 4232 3816 4318 prima

2162 4306 2590 4378 significatione
2615 4306 2855 4364 consule
2885 4309 3166 4380 Cangium
3194 4325 3208 4375 ;
3241 4309 3309 4380 de
3345 4308 3605 4380 secunda
3639 4306 3816 4380 Cote—

2162 4377 2373 4434 lerium
2408 4381 2466 4435 in
2502 4381 2675 4436 motis
2715 4380 2821 4436 col.
2853 4380 2953 4434 801
2982 4377 3103 4445 {de
3134 4379 3306 4434 tertia
3335 4379 3711 4434 Ciacconium
3754 4377 3815 4431 in

2162 4453 2318 4507 notis
2347 4453 2417 4506 ad
2449 4452 2788 4507 Cassianum
2829 4467 2955 4522 pag.
2978 4451 3106 4505 669.
3141 4452 3242 4506 Hic
3276 4467 3410 4506 vero
3441 4467 3554 4506 non
3591 4450 3712 4522 scio
3743 4465 3816 4522 an

2162 4523 2295 4594 plus
2354 4523 2577 4594 aliquid
2635 4520 3018 4595 significetur,
3052 4539 3228 4593 quam
3294 4538 3458 4579 omna
3516 4520 3816 4578 ordinaria

2163 4595 2606 4650 monachorum.

2233 4667 2468 4730 (4tlllla
2491 4684 2595 4721 vox
2631 4666 2787 4720 varie
2826 4667 3131 4733 scribitur;
3184 4667 3463 4722 nimirum
3512 4679 3814 4736 paxumas,

2159 4740 2544 4806 paxamation,
2579 4741 2932 4809 paximution
2964 4757 2982 4794 :
3014 4740 3084 4792 de
3116 4756 3227 4807 qua
3275 4738 3411 4793 fuse
3451 4737 3816 4807 Rosweydus

2159 4809 2216 4881 in
2249 4809 2594 4865 Onomastico
2653 4811 2727 4865 ad
2784 4811 2927 4864 Vitas
2987 4811 3155 4866 PP.a
3189 4810 3521 4881 pag.l0115:
3582 4809 3820 4881 brevius

2161 4880 2220 4934 in
2251 4882 2528 4953 Glossario
2561 4882 2779 4937 Latino.
2815 4882 3114 4949 Signiﬁcat
3170 4879 3303 4937 verb
3366 4897 3574 4953 panem
3620 4879 3817 4953 subci-

2163 4952 2470 5020 nericium,
2503 4961 2602 5008 aut
2634 4959 2928 5008 recoctum
2954 4969 3056 5008 seu
3083 4953 3169 5007 bis
3203 4952 3440 5008 coctum
3474 4969 3487 5007 :
3524 4968 3698 5023 quem
3735 4952 3816 5004 ita

2164 5023 2519 5094 appellatum
2553 5025 2794 5096 quidam
2831 5025 3028 5080 volunt
3059 5042 3091 5078 a
3124 5029 3375 5082 Paxamo
3417 5026 3669 5096 quodam
3713 5039 3818 5076 cu-

2204 5096 2438 5151 ediario.

2163 5112 2467 5238 magis
2509 5171 2598 5223 est
2667 5167 2948 5238 quietam,
3009 5168 3389 5236 taciturnam,
3461 5165 3816 5231 solitariam,

2161 5237 2420 5313 Grecam
2463 5237 2834 5313 ἠσυχαστικὸς
2874 5240 3187 5296 dilucidari
3240 5244 3431 5313 potest
3473 5255 3539 5294 ex
3571 5242 3818 5313 adnota:

2157 5311 2234 5364 tis
2265 5312 2335 5365 ad
2358 5318 2532 5381 caput
2564 5309 2756 5367 {Vitae
2811 5314 2996 5368 sancti
3042 5309 3309 5384 Stephani
3339 5312 3590 5368 Sabaitas
3623 5311 3718 5364 die
3751 5309 3818 5364 13

2156 5381 2322 5436 Julii.
2358 5399 2492 5438 nae.
2517 5383 2643 5438 534.

2198 5399 2322 5436 οιιι.
2358 5399 2492 5452 pag.
2517 5399 2643 5438 οδιι.

2231 5400 2643 5522 Ρὲἕείοῗύζ
2661 5455 2846 5510 Lucas
2867 5455 3078 5510 Junior
3093 5455 3399 5512 thaumatu
3411 5471 3548 5526 rgus
3569 5453 3639 5509 de
3669 5451 3816 5516 loco,

2157 5525 2255 5580 ubi
2287 5528 2503 5596 saepius
2532 5545 2562 5581 a
2595 5527 2858 5597 pluribus
2901 5527 3401 5597 interpellabatur,
3430 5525 3560 5582 cum
3620 5537 3814 5597 secret

2155 5597 2288 5653 tiori
2338 5592 2743 5653 commutando
2775 5592 3298 5670 TheOphytlactum
3362 5592 3818 5670 consulens_,_.id

2156 5670 2574 5752 responsitulit
2603 5678 2783 5752 (tom_o
2816 5663 3070 5752 secunde
3114 5669 3434 5752 Februarii,
3472 5685 3602 5752 pag.
3639 5663 3814 5752 194),:

2157 5759 2182 5790 α
2219 5741 2580 5810 Tenendum,
2604 5741 2758 5812 quod
2783 5742 3000 5811 optime
3031 5741 3271 5797 haberet
3327 5741 3558 5797 Arsenii
3601 5741 3811 5812 consi-

2155 5812 2299 5867 lium
2333 5829 2347 5869 :
2391 5813 2438 5867 is
2469 5807 2637 5884 enim
2655 5807 2854 5884 fugere
2883 5813 2964 5868 ait
3005 5812 3270 5868 homines
3301 5817 3357 5884 et
3393 5809 3639 5884 salvari.
3703 5807 3813 5862 Ite-

2155 5899 2400 5955 rumque
2427 5899 2441 5939 :
2468 5883 2647 5956 Fuge,
2679 5882 2824 5950 tace,
2857 5884 3107 5955 quiesce.
3142 5882 3406 5956 nlnspici
3461 5883 3640 5939 etiam
3677 5894 3816 5950 pos-
