4090 6288
341 448 461 510 855

1588 452 1650 514 S.
1695 452 2096 518 THEODOBI
2139 451 2502 516 STUDITE

3618 456 3737 517 856

413 586 469 638 7.
502 584 617 640 Hoc
636 583 828 657 itaque
857 584 1136 641 divinitus
1170 588 1404 657 accepto
1425 588 1724 654 mandato,
1756 604 1985 644 omnem

2173 592 2235 656 ζ’.
2268 586 2456 641 Θεόθεν
2504 584 2596 639 οὗν
2646 582 2932 659 δεξάμενος
2988 585 3050 640 τὸ
3098 589 3343 641 τοιοῦτον
3394 586 3739 660 πρόσταγμα,

346 674 405 729 in
436 672 646 729 cmlum
678 673 947 729 Arsenius
977 673 1245 729 affectum
1278 675 1575 746 transfert,
1606 693 1845 748 corpore
1870 677 1990 748 qui-

346 765 476 818 dem
511 764 570 818 in
601 768 757 818 terra
787 762 1027 835 degens,
1058 766 1232 820 corde
1264 769 1459 821 autem
1511 783 1644 821 cum
1714 767 1988 838 supernis

346 853 732 926 potestatibus
753 854 1115 911 familiariter
1136 872 1545 913 consuescens.
1560 858 1640 912 Ad
1661 856 1808 912 illud
1831 873 1991 913 man-

349 947 552 1001 datum
603 948 1034 1018 exsequendum
1097 964 1228 1004 cum
1312 949 1697 1016 discessisset,
1745 965 1994 1018 cumque

350 1036 493 1092 adeo
519 1035 899 1092 solitudinem
944 1042 1190 1105 amaret,
1223 1039 1463 1109 quidam
1495 1056 1525 1095 e
1565 1040 1850 1110 patribus,
1885 1055 1994 1094 no-

348 1124 505 1181 mine
553 1125 783 1183 Marcus
824 1125 1072 1197 (“Laio
1121 1126 1318 1198 ipsum
1413 1128 1765 1199 compellat:
1811 1131 1996 1194 Quare

348 1230 462 1270 non
487 1215 656 1287 fugis,
687 1214 891 1287 pater?
920 1216 1044 1284 Cui,
1076 1217 1296 1272 Senex:
1329 1217 1499 1273 Novit
1533 1218 1869 1289 Deus,quod
1895 1234 1994 1273 vos

346 1301 698 1375 diligamzat
719 1319 833 1359 non
852 1320 1084 1371 possum
1120 1319 1243 1360 esse
1273 1322 1405 1360 cum
1440 1305 1845 1370 homnibus,et
1859 1321 1995 1361 cum

351 1392 483 1448 Deo.
517 1391 791 1448 leestes
821 1392 1103 1449 cbiliades
1126 1398 1185 1449 et
1200 1394 1487 1466 myriades
1520 1412 1695 1451 unam
1731 1394 1998 1451 volunta-

345 1484 462 1537 tem
480 1480 729 1546 habent;
748 1481 1014 1537 homines
1035 1499 1168 1538 vero
1184 1482 1400 1539 multas
1422 1482 1992 1539 habentvoluntates:

347 1567 529 1624 Deum
564 1569 758 1640 itaque
776 1570 1066 1626 dimittere
1080 1588 1189 1626 non
1211 1572 1998 1642 possum,ethominibusva-

313 1684 319 1691 τ
347 1674 480 1714 care
511 1658 789 1728 (45).Jam
813 1675 945 1715 vero
959 1666 1024 1715 ut
1046 1658 1260 1716 clarius
1283 1666 1511 1718 constet
1540 1664 1609 1716 de
1638 1662 1766 1732 ejus
1798 1660 1999 1716 solita-

349 1746 432 1802 ria
450 1747 989 1818 quiete,dicendum
1010 1749 1182 1804 etiam
1209 1749 1706 1819 illud,memoratu
1731 1750 1999 1821 dignum.

417 1837 471 1890 8.
505 1839 645 1891 Cum
672 1839 1019 1908 pervenisset
1039 1838 1110 1893 ad
1134 1838 1323 1895 locum
1351 1840 1660 1909 quemdam
1692 1839 1998 1912 (quoniam

2102 676 2448 748 μετατίθησιν
2488 672 2625 744 ὅλην
2674 676 2775 743 τήν
2826 672 3059 730 διάθεσιν
3110 676 3247 750 πρὸς
3298 675 3521 750 οὐρανὸν
3554 677 3583 730 6
3615 677 3743 751 ’Δρ-

2099 764 2297 835 σένιος,
2332 764 2385 819 ἐν
2417 767 2490 839 γῇ
2525 765 2620 837 μὲν
2670 760 2961 838 διατρίϐων
3005 769 3082 836 τῷ
3132 767 3367 839 σώματι,
3400 769 3468 839 τῇ
3502 763 3559 820 δὲ
3605 786 3742 840 καρ-

2105 853 2191 926 δίᾳ
2222 859 2341 916 ταῖς
2379 850 2492 909 ἅνω
2542 850 2798 927 δυνάμεσι
2847 854 3272 927 συμπεριπολῶν
3300 873 3314 889 ο
3366 853 3446 932 ἐφ’
3476 855 3505 909 ’ὁ
3537 855 3741 931 ἀγόμε-

2101 966 2191 1000 νον
2235 944 2394 999 αὐτὸν
2440 964 2523 1006 τις
2569 947 2678 998 τῶν
2729 942 2981 1020 Πατέρων
3028 941 3269 1017 τοῦνομα
3314 945 3557 1020 Μάρκος,
3599 944 3741 1001 οὕτω

2103 1034 2522 1114 φιλησυχοῦντα
2547 1054 2681 1107 φησι
2706 1034 2843 1108 πρὸς
2874 1033 3037 1088 αὐτόν
3061 1053 3072 1066 ·
3107 1035 3203 1089 Διὰ
3232 1032 3285 1088 τί
3316 1034 3530 1109 φεύγεις
3569 1036 3741 1107 ἡμᾶς,

2113 1124 2285 1198 Πάτερ
2313 1141 2327 1190 ;
2359 1124 2415 1178 Ὀ
2456 1120 2512 1177 δὲ
2539 1126 2711 1196 γὲρων
2759 1123 2896 1197 πρὸς
2947 1122 3105 1179 αὐτόν
3134 1144 3145 1156 ·
3194 1127 3250 1178 Ὁ
3291 1124 3420 1187 Θεὸς
3452 1121 3613 1189 οἶδεν,
3660 1123 3744 1179 ὅτι

2104 1215 2300 1291 ἄγαπῶ
2333 1213 2471 1285 ὑμᾶς
2498 1232 2511 1244 ’
2547 1211 2671 1267 ἀλλ’
2713 1211 2774 1267 οὐ
2815 1209 3046 1285 δύναμαι
3086 1213 3220 1267 εἶναι
3274 1215 3408 1285 μετὰ
3452 1218 3547 1268 τοῦ
3587 1217 3742 1283 Θεοῦ,

2102 1303 2193 1359 καὶ
2224 1303 2358 1375 μετὰ
2402 1305 2509 1356 τῶν
2557 1302 2854 1375 ἀνθρώπων
2882 1322 2894 1334 ·
2930 1302 2985 1356 αἱ
3034 1300 3144 1357 ἅνω
3195 1299 3445 1377 χιλιάδες
3495 1303 3586 1357 καὶ
3641 1325 3745 1375 μυ-

2109 1390 2285 1468 ριάδες
2318 1388 2368 1447 ἕν
2401 1390 2617 1466 θέλημα
2645 1390 2863 1467 ἔχουσιν
2891 1411 2905 1424 ’
2939 1393 2990 1447 οἱ
3022 1391 3079 1448 δὲ
3108 1392 3381 1468 ἅνθρωποι
3430 1390 3615 1448 πολλὰ
3656 1395 3747 1448 Θε-

2107 1481 2330 1553 λήματα
2361 1478 2612 1555 ἔχουσιν.
2648 1480 2724 1537 Οὐ
2775 1477 3008 1552 δύναμαι
3057 1478 3148 1535 οὖν
3199 1481 3411 1559 ἀφεῖναι
3449 1478 3544 1535 τὸν
3590 1480 3745 1552 Θεὸν,

2106 1572 2194 1625 καὶ
2230 1568 2524 1647 σχολάζειν
2554 1569 2864 1641 ἀνθρώποις
2890 1588 2903 1601 ·
2938 1570 3035 1625 Καὶ
3072 1574 3202 1646 γοῦν
3235 1570 3369 1644 πρὸς
3423 1569 3748 1647 σαφεστέραν

2109 1660 2272 1715 αὐτοῦ
2309 1656 2552 1729 δήλωσιν
2600 1665 2701 1728 τῆς
2730 1660 2986 1737 ἡσυχίας,
3035 1661 3124 1715 καὶ
3174 1662 3334 1715 τοῦτο
3383 1660 3574 1734 ῥητέον
3606 1658 3749 1728 ἀξιο-

2113 1770 2219 1823 μνη
2229 1749 2488 1822 μόνευτον
2519 1747 2577 1803 ὄν
2604 1790 2617 1803 .

2178 1841 2251 1910 η’.
2288 1833 2708 1911 Παραϐαλόντος
2752 1836 2844 1893 οὖν
2887 1837 3049 1893 αὐτοῦ
3098 1839 3173 1901 είς
3218 1838 3385 1894 τόπον
3426 1841 3568 1907 τινὰ,
3600 1837 3751 1893 ἐπεί-

347 1925 428 1981 ibi
460 1932 629 1981 erant
659 1926 976 1983 arundines
1009 1944 1041 1982 a
1069 1936 1237 1983 vento
1270 1928 1548 2000 agitatae),
1569 1929 1652 1984 sic
1684 1930 1897 1983 fratres
1916 1928 1995 1983 af-

2110 1950 2209 2004 περ
2259 1929 2392 1997 ἦσαν
2437 1927 2548 1983 ἐκεῖ
2584 1928 2847 2002 κάλαμοι,
2897 1927 3214 2001 κινούμενοι
3262 1929 3364 1983 ὑπὸ
3408 1926 3628 2002 ἂνὲμου,
3680 1928 3751 1982 εῖ-

242 2044 249 2063 ‹
348 2014 503 2070 fatur
533 2016 810 2071 Arsenius
842 2033 855 2071 :
890 2022 1168 2083 Quaenam
1233 2017 1353 2073 haec
1384 2019 1688 2074 concussio
1718 2024 1808 2072 est
1829 2015 1856 2071 ι
1889 2017 1998 2072 Re-

349 2105 739 2176 spondentilli
759 2122 771 2159 :
788 2107 1123 2171 Arundines,
1147 2118 1304 2175 sunt,
1332 2107 1776 2179 pater.Subjicit
1794 2107 2000 2163 Senex:

351 2193 493 2251 Vere
522 2196 569 2252 si
601 2197 731 2268 quis
768 2198 986 2254 sederit
1019 2199 1077 2254 in
1101 2198 1364 2254 solitaria
1396 2199 1612 2270 quiete,
1645 2203 1701 2254 et
1750 2197 2002 2254 audierit

349 2299 548 2338 vocem
582 2286 837 2356 aviculae,
861 2303 974 2342 non
1008 2286 1247 2342 habebit
1277 2288 1515 2357 corejus
1543 2287 1802 2342 eamdem
1837 2286 2001 2357 quie-

349 2377 499 2443 tem;
526 2384 744 2447 quanto
790 2377 978 2448 magis
1009 2393 1131 2446 vos,
1165 2376 1315 2433 hanc
1344 2377 1625 2433 habentes
1656 2376 2000 2432 concussio-

352 2478 488 2518 nem
521 2464 656 2536 (46).
691 2468 814 2532 Quo
878 2478 1068 2522 autem
1116 2472 1284 2538 pacto
1316 2465 1415 2522 ille
1445 2467 1504 2521 in
1547 2465 1863 2522 solitudine
1892 2466 2001 2521 de-

353 2568 514 2625 gens,
557 2560 924 2626 mentemque
973 2573 1086 2613 usu
1145 2572 1432 2613 sensuum
1474 2556 1827 2623 destitutam,
1866 2562 1922 2610 et
1968 2572 2000 2610 a

352 2646 718 2701 terrenorum
732 2645 1083 2701 tumultuum
1102 2646 1565 2717 perturbationes
1586 2646 1997 2701 inconcussam

357 2731 1389 2807 habensversusDeum,nequaquam
1429 2736 1637 2791 amarit
1679 2736 1997 2790 humanam

355 2823 857 2893 consuetudinem,
891 2825 979 2882 vel
1037 2824 1195 2881 illam
1245 2827 1445 2895 etiam,
1476 2841 1603 2896 quae
1657 2823 2000 2880 confusione

356 2915 531 2980 caret,
564 2928 919 2986 omnemque
948 2914 1203 2970 sermoni
1230 2931 1264 2970 a
1290 2913 1494 2987 lingua
1522 2913 1889 2985 promananti
1913 2929 1998 2969 ac.

358 3016 590 3058 cessum
624 3003 1019 3072 praeluderet,
1041 3004 1151 3059 nisi
1177 3008 1409 3075 quando
1425 3020 1663 3075 prorsus
1683 3003 1999 3059 necessitas

353 3089 511 3146 aliud
544 3097 794 3163 cogeret,
826 3096 1009 3150 oratio
1031 3099 1297 3164 exponet.

425 3179 480 3234 9.
508 3180 820 3252 Digressus
852 3183 1169 3255 aliquando
1202 3185 1271 3239 ad
1305 3201 1438 3240 eum
1485 3184 1839 3255 Theophilus
1861 3185 1997 3257 (47).

354 3269 712 3325 Alexandriae
764 3272 1237 3345 archiepiscopus
1267 3290 1400 3329 cum
1435 3275 1689 3345 quodam
1718 3290 1750 3329 ο
1783 3276 1992 3342 primo-

356 3360 518 3415 ribus
574 3360 711 3430 (48),
736 3363 1132 3434 interrogabat
1182 3364 1413 3432 Senem,
1446 3368 1510 3418 ut
1559 3363 1788 3418 audiret
1826 3365 1897 3418 ab
1927 3380 1993 3420 eo

356 3463 709 3506 sermonem.
743 3451 931 3507 Senex
960 3458 1155 3507 autem
1199 3457 1329 3521 post
1362 3452 1653 3508 modicum
1694 3452 1993 3508 silentium

350 3537 435 3592 illi
469 3538 575 3592 hoc
606 3543 872 3611 responsi
905 3542 1084 3599 dedit.
1120 3543 1189 3597 Et
1213 3543 1263 3597 si
1296 3543 1457 3598 vobis
1494 3542 1713 3608 dixero,
1745 3560 1816 3598 an
1875 3560 1994 3599 ser-

347 3627 557 3683 vabitis
579 3628 607 3683 ?
636 3628 723 3683 llli
777 3632 849 3686 ad
900 3648 962 3687 se
1011 3639 1357 3704 receperunt
1387 3632 1522 3703 (49).
1554 3632 1711 3687 Dixit
1739 3649 1876 3705 ergo
1909 3632 1994 3688 eis

347 3720 575 3773 Senex:
639 3718 745 3774 Ubi
832 3722 1141 3777 Arsenium
1238 3723 1445 3793 degere
1510 3722 1836 3791 audieritis,
1924 3738 1995 3776 ne

349 3806 833 3879 apprOpinquate.
879 3811 1038 3867 Alias
1072 3811 1283 3866 iterum
1337 3810 1810 3882 archiepiscopus
1856 3827 1995 3866 con-

346 3896 542 3951 venire
581 3898 775 3968 ipsum
798 3899 1013 3968 volens,
1056 3900 1341 3971 praemisit
1371 3900 1580 3971 primo,
1616 3901 1715 3970 qui
1748 3900 1992 3969 videret,

347 4001 488 4040 num
539 3986 722 4042 Senex
754 3989 1005 4060 aperiret
1038 4004 1050 4044 :
1086 3991 1188 4060 qui
1246 3989 1535 4061 signiﬁcat
1569 3989 1704 4061 ipsi,
1739 3989 1943 4046 dicens
1977 4005 1991 4045 :

350 4073 409 4129 Si
441 4076 689 4144 veneris,
720 4080 980 4148 aperiam
1013 4093 1026 4131 :
1053 4082 1112 4133 at
1133 4078 1183 4132 si
1225 4077 1329 4133 tibi
1378 4095 1678 4149 aperuero,
1710 4079 1990 4153 omnibus

345 4164 622 4235 aperiam,
655 4170 711 4221 et
758 4171 900 4222 tunc
951 4183 1066 4223 non
1117 4168 1373 4239 amplius
1408 4167 1497 4223 hic
1520 4169 1850 4226 remanebo.
1884 4169 1986 4225 His

344 4253 583 4319 auditis,
616 4253 1087 4328 archiepiscOpus
1116 4254 1258 4314 dixit
1292 4275 1305 4313 :
1341 4257 1400 4313 Si
1437 4258 1745 4329 fugaturus
1791 4259 1990 4330 ipsum

343 4342 533 4411 venio,
567 4360 681 4400 non
698 4345 952 4417 amplius
974 4347 1046 4402 ad
1063 4362 1199 4403 eum
1224 4348 1436 4405 accedo
1458 4347 1817 4420 (c).Venienti
1837 4349 1911 4404 ad
1929 4364 1991 4403 se

2025 3317 2068 3383 C
2107 3317 2168 3390 ζῖὶ

2110 2040 2204 2075 πεν
2255 2027 2371 2082 τοῖς
2418 2017 2677 2097 ἀδελφοῖς
2726 2020 2754 2073 6
2804 2018 3123 2094 Ἀρσὲνιος’
3174 2019 3240 2075 Τί
3280 2016 3422 2073 ἐστιν
3470 2019 3497 2073 ὁ
3531 2019 3750 2091 σεισμὸς

2111 2108 2308 2178 οὗτοςς
2342 2109 2403 2163 Οἱ
2438 2105 2492 2162 δέ
2522 2128 2648 2184 φασι
2674 2127 2688 2140 ο
2724 2104 2978 2179 Κάλαμοί
3029 2105 3153 2173 εἶσι,
3195 2105 3369 2181 Πάτερ
3394 2125 3407 2138 ·
3457 2105 3613 2181 Λέγει
3654 2103 3748 2160 οὖν

2110 2197 2299 2259 αὐτοῖς
2339 2198 2367 2250 6
2397 2198 2571 2272 γὲρων
2601 2217 2614 2229 ·
2666 2194 2832 2250 Φύσει
2883 2193 2969 2249 ἐὰν
3014 2193 3238 2249 κάθσταί
3283 2215 3368 2256 τις
3416 2193 3470 2248 ἐν
3517 2195 3749 2268 ἡσυχίᾳ,

2109 2287 2329 2342 ἀκούσει
2360 2285 2417 2341 δὲ
2462 2287 2646 2360 φωνήν
2692 2284 2984 2359 στρουθίου
3011 2327 3024 2353 ,
3075 2284 3177 2338 οὐκ
3206 2277 3322 2360 ἔχει
3365 2284 3400 2353 ἡ
3433 2281 3625 2358 καρδία
3648 2284 3750 2351 τὴν

2108 2375 2272 2431 αὐτοῦ
2304 2376 2540 2450 ἡσυχίαν
2565 2395 2577 2407 ·
2610 2369 2765 2447 πόσῳ
2813 2393 2876 2448 γε
2927 2370 3141 2444 μᾶλλον
3175 2372 3351 2445 ὑμεῖς,
3403 2366 3621 2447 ἔχοντες
3657 2372 3753 2427 τὸν

2111 2465 2327 2537 σεισμὸν
2360 2468 2550 2519 τοῦτον
2581 2465 2730 2536 (ab);
2766 2463 2889 2524 Πῶς
2923 2459 2979 2516 δὲ
3010 2459 3108 2517 οὒκ
3132 2457 3361 2535 ἔμελλεν
3381 2461 3408 2515 6
3432 2460 3603 2523 οὕτως
3625 2462 3755 2533 ἠρε-

2113 2558 2254 2626 μῶν,
2301 2553 2391 2607 καὶ
2441 2553 2541 2621 τὴν
2596 2551 2841 2606 ἔκστασιν
2887 2557 2987 2620 τῆς
3033 2550 3091 2605 ἐκ
3135 2555 3241 2605 τῶν
3292 2549 3437 2605 κάτω
3478 2545 3754 2623 θορύϐων,

2109 2642 2512 2718 περιδονήσεως
2568 2638 2873 2710 ἀκλόνητον
2919 2635 3063 2715 ἔχων
3106 2639 3244 2714 πρὸς
3284 2640 3436 2708 Θεὸν,
3492 2641 3566 2712 μή
3620 2639 3754 2715 οὐχὶ

2109 2734 2202 2789 καὶ
2232 2731 2294 2786 τὸ
2323 2730 2680 2809 ἆσύμ·.ρυρτον
2712 2735 2889 2807 φιλεῖν
2922 2735 3021 2798 τῆς
3066 2727 3409 2804 ἂνθρωπίνης
3442 2724 3754 2803 διατριϐῆς,

2110 2818 2379 2896 ἆπρόοδόν
2407 2842 2466 2877 τε
2493 2815 2640 2896 ἔχειν
2670 2821 2770 2890 τὴν
2814 2817 2919 2874 ἀπὸ
2965 2818 3225 2894 γλώσσης
3256 2815 3504 2893 ὁμιλίαν,
3548 2817 3633 2873 ὅτι
3672 2820 3752 2893 μή

2110 2911 2252 2985 πάσῃ
2280 2911 2503 2987 ἂνάγκῃ,
2537 2906 2776 2979 δηλώσει
2812 2907 2870 2964 δὲ
2899 2909 2926 2963 6
2959 2908 3128 2986 λόγος
3154 2928 3168 2941 ·

2181 3183 2243 3236 θ’.
2280 3179 2419 3236 Ilo-Ca
2448 3172 2778 3252 παραλαϐὼν
2812 3173 2961 3248 αὒτῷ
2999 3173 3283 3238 Θεόφιλος,
3327 3175 3355 3230 ὁ
3381 3173 3754 3252 ἀρχιεπίσκο-

2110 3292 2212 3334 πος
2240 3266 2673 3341 Ἀλεξανδρείας,
2723 3267 2857 3340 μετά
2907 3266 3176 3339 ἄρχοντός
3223 3286 3388 3334 τινος,
3440 3264 3627 3339 ἠρώτα
3656 3266 3751 3320 τὸν

2107 3359 2357 3434 γέροντα,
2390 3357 2611 3412 ἆκνῦσαι
2652 3357 2796 3432 παρᾶ
2837 3354 3001 3410 αὐτοῦ
3033 3354 3196 3429 λόγον
3224 3397 3237 3411 .
3288 3355 3495 3427 Μικρὸν
3530 3353 3586 3409 δὲ
3618 3376 3753 3409 σιω-

2103 3451 2282 3520 πήσας
2331 3450 2357 3503 ὁ
2403 3446 2603 3523 γέρων,
2661 3445 2986 3520 ἀπεκρίνατο
3038 3447 3177 3516 πρὸς
3244 3445 3446 3503 αὐτόν.
3501 3445 3594 3499 Καὶ
3658 3444 3750 3500 ἐὰν

2108 3539 2234 3611 ὑμῖν
2285 3536 2448 3605 ε’ίπω,
2491 3534 2824 3613 φυλάσσετες
2876 3536 2943 3593 Οἱ
2988 3533 3045 3590 δὲ
3094 3535 3364 3590 συνέθεντο
3391 3579 3403 3591 .
3458 3536 3616 3591 Εἶπεν
3651 3533 3750 3590 οὖν

2105 3626 2295 3688 αὐτοῖς
2344 3629 2371 3682 6
2400 3626 2608 3701 γέρων·
2656 3627 2821 3681 Ὀπου
2866 3624 2953 3680 ἐὰν
3004 3624 3276 3691 ἀκούσησε
3322 3625 3615 3699 Ἀρσένιον,
3667 3625 3750 3696 μή

2103 3717 2451 3786 πλησιάσητε
2474 3735 2487 3747 ·
2521 3713 2759 3773 Ἀλλοτε
2789 3713 2952 3769 πάλιν
2983 3711 3280 3789 βουληθεὶς
3309 3714 3337 3768 6
3387 3713 3750 3789 ἆρχιεπίσκο-

2103 3827 2205 3870 πος
2264 3800 2601 3878 παραϐαλεῖν
2656 3803 2820 3876 αὐτῷ,
2865 3802 3147 3860 ἂπέστειλε
3195 3807 3413 3879 πρῶτον
3462 3802 3656 3858 εἰδέναι
3702 3803 3753 3859 εἰ

2101 3894 2315 3971 ἀνοίγοι
2348 3896 2375 3949 6
2408 3894 2576 3969 γὲρων
2610 3936 2621 3949 .
2654 3893 2760 3950 Καὶ
2781 3890 2948 3963 δηλοῖ
2978 3891 3125 3966 αύτῷ
3157 3892 3332 3969 λέγων
3357 3912 3371 3926 ’
3404 3893 3525 3948 Ἐὰν
3555 3890 3751 3968 ἔλθῃς,

2102 3984 2326 4059 ἆνοίγω,
2362 3983 2450 4038 καὶ
2490 3981 2577 4038 ἒάν
2632 4004 2716 4038 σοι
2772 3981 2988 4053 ἀνοίξω,
3030 3985 3187 4038 πᾶσιν
3234 3981 3432 4058 ἆνοίγω
3458 4002 3473 4016 ’
3503 3986 3597 4037 καῖ
3624 3983 3755 4039 τότε

2102 4074 2202 4130 οὐκ
2253 4069 2329 4129 ἔτι
2379 4075 2676 4147 καθέζομαι
2726 4071 2870 4132 ὦδε.
2918 4077 3093 4129 Ταῦτα
3139 4073 3372 4135 ἀκούσας
3418 4074 3447 4127 6
3487 4072 3752 4149 ἆρχιεπί-

2101 4184 2324 4236 σκοπὸς,
2368 4162 2510 4218 εἶπεν
2536 4207 2548 4220 .
2603 4162 2664 4217 Εἰ
2715 4160 2903 4233 διῶξαι
2937 4159 3097 4218 αὒτὸν
3141 4162 3479 4238 ἀπέρχομαι,
3530 4162 3632 4217 οὐκ
3670 4158 3753 4218 ἔτι

2102 4250 2416 4328 ἀπέρχομαι
2446 4252 2584 4327 πρὸς
2621 4251 2780 4306 αὐτόν
2807 4294 2822 4308 .
2866 4251 2965 4307 Καὶ
3016 4253 3124 4326 μὴν
3162 4251 3251 4307 καί
3296 4272 3443 4313 τινος
3489 4256 3598 4306 τῶν
3642 4258 3751 4307 Πα-

2098 4341 2267 4417 τέρων
2301 4340 2554 4405 ἐλθόντος
2602 4342 2739 4416 πρὸς
2789 4340 2970 4412 αὐτὸν,
3020 4340 3109 4397 καὶ
3149 4341 3477 4416 κρούσαντος
3520 4341 3622 4410 τήν
3667 4340 3755 4395 8-5-

1691 4472 1935 4530 VARI/E
1987 4468 2401 4528 LECTIONES.
3517 4516 3523 4522 .

415 4576 545 4653 (a_b)
580 4577 724 4648 Lege
755 4595 889 4635 cum
919 4577 1196 4637 Cotelerio
1260 4583 1371 4634 τῶν
1418 4577 1685 4653 καλάμων
1734 4579 1964 4635 τούτων.
2076 4580 2151 4651 (c)
2185 4579 2287 4634 Vit.
2322 4578 2430 4633 PP.
2465 4577 2566 4632 lib.
2599 4592 2652 4645 v,
2685 4575 2867 4633 libell.
2897 4579 2953 4632 2.
2989 4600 3017 4627 «
3062 4576 3394 4647 Nunquam,
3418 4576 3650 4646 vadem,
3674 4576 3747 4632 ad

1944 4721 2178 4780 NOTE.

342 4648 639 4705 hominem
670 4656 963 4707 sanctum.
997 4674 1026 4703 ››

343 4838 477 4907 sunt
504 4838 771 4903 excerpta
801 4833 938 4888 Vitae
975 4832 1191 4907 laudati
1252 4834 1440 4890 sancti
1470 4835 1643 4907 apud
1698 4833 1985 4889 Combeﬁ-
2019 4841 2066 4904 [)

343 4902 496 4957 sium
555 4902 714 4959 torno
761 4906 810 4960 II
860 4907 992 4960 novi
1036 4906 1297 4961 Auctarii
1356 4902 1711 4963 Bibliotheca:
1747 4907 1988 4960 Patrum
2021 4902 2051 4904 “
2095 4903 2325 4959 beatus.
2366 4904 2481 4959 Vit.
2510 4904 2621 4957 PP.
2654 4902 2754 4957 lib.
2781 4919 2837 4969 v,
2869 4902 3049 4959 libell.
3080 4904 3136 4968 2,

344 4976 525 5030 Greco
556 4977 801 5045 Latina,
834 4993 964 5048 pag.
1005 4977 1130 5032 990.

410 5048 527 5116 (44)
558 5052 780 5121 Marcus
838 5046 943 5102 iste
994 5049 1384 5104 verosimilius
1442 5051 1614 5104 fuerit
1662 5046 1987 5121 discipulus

341 5119 486 5172 adeo
519 5119 796 5174 obediens
828 5121 883 5173 in
915 5122 1107 5175 Scethi
1145 5122 1373 5176 abbatis
1427 5119 1874 5185 Silvani,'notus
1926 5121 1985 5174 in

346 5192 421 5242 Vit
451 5192 559 5263 PP,
591 5191 737 5245 libro
772 5208 820 5256 v,
853 5191 1049 5247 libello
1086 5193 1168 5247 14.
1226 5210 1355 5263 pag.
1402 5195 1537 5258 617;
1583 5209 1755 5261 quam
1808 5208 1985 5245 anno-

341 5278 439 5315 sus
478 5262 568 5315 Ille
601 5262 851 5330 Marcus,
887 5280 1061 5333 quem
1097 5262 1389 5319 Palladius
1443 5267 1660 5328 ιιιινιδιι,
1706 5265 1845 5317 dum
1882 5280 1985 5316 nu-

341 5342 798 5387 meraretannus
830 5343 1083 5389 centum.
1118 5335 1345 5389 Videsis
1394 5336 1699 5389 Hi<torium
1758 5337 1986 5388 Lamia-

339 5419 482 5477 cum.
518 5407 777 5477 cap.21:
810 5413 864 5460 et
906 5407 1055 5460 infra
1087 5408 1171 5461 lit.
1203 5423 1239 5477 y
1263 5421 1321 5461 ιιι
1358 5407 1659 5462 Annolatis
1679 5405 1752 5460 ad
1782 5424 1903 5475 cap.
1928 5406 1981 5459 2.

409 5476 521 5549 (45)
550 5476 657 5530 Res
688 5479 888 5531 eadem
923 5477 1131 5548 legitur
1178 5476 1334 5543 apud
1392 5478 1756 5541 Cotelerium,
1790 5495 1846 5549 p.
1879 5479 1986 5532 355

337 5552 393 5601 et
445 5548 568 5607 356.
620 5565 840 5604 necnon
902 5550 957 5602 in
1017 5551 1114 5615 Vit,
1186 5551 1297 5604 PP.
1361 5549 1459 5605 lib.
1525 5568 1578 5615 v,
1644 5548 1822 5605 libell.
1894 5552 1983 5618 17,

338 5635 448 5691 pag
467 5620 601 5685 633;
640 5624 732 5675 ubi
766 5627 960 5675 tamen
993 5630 1078 5677 est
1104 5638 1117 5676 :
1143 5643 1169 5671 ‹‹
1205 5622 1577 5691 Superiurum
1606 5639 1763 5677 enim
1798 5624 1978 5677 virtu—

335 5698 461 5817 ὶυιὲι
501 5693 699 5817 millia,
733 5700 790 5748 et
851 5693 1031 5748 millia
1084 5695 1332 5749 millium
1387 5711 1564 5750 unam
1623 5695 1978 5750 voluntatem

379 5781 411 5817 a
456 5778 528 5817 en
558 5804 573 5817 .
609 5786 639 5814 ››

379 5772 573 5819 abem.
609 5786 639 5814 ››

405 5834 522 5907 (46)
552 5835 806 5909 Cotoler.
842 5853 954 5909 pag
984 5836 1108 5909 359.
1140 5840 1199 5894 et
1257 5838 1359 5895 Vit.
1392 5838 1499 5894 PP.
1544 5837 1646 5895 lib.
1700 5853 1754 5908 v,
1794 5835 1975 5894 libell.

334 5903 390 5983 2!
419 5903 1059 5983 P‘3-564_num:_5:ubi
1074 5908 1329 5983 legitur«
1358 5911 1626 5968 eamdem
1649 5903 1904 5982 quietem
1926 5925 1975 5965 ε»

337 5980 395 6031 et
424 5998 454 6029 ‹‹
486 5979 840 6038 arundinum
874 5981 1108 6041 harum.
1130 5979 1164 6037 »ἶ

2168 4830 2281 4902 (47)
2322 4831 2488 4899 Apud
2536 4829 2775 4887 Coteler.
2829 4846 2957 4902 pag.
2996 4831 3101 4885 354
3157 4833 3393 4902 vocatur
3432 4826 3747 4902 μακάριος,

3182 4918 3314 4973 pag.
3344 4900 3472 4956 563.
3512 4924 3541 4957 ι‹
3567 4902 3746 4956 beata:

2100 4975 2415 5030 memoriae.
2453 4995 2477 5025 υ
2510 4978 2565 5029 S.
2593 4974 2703 5029 Leo
2725 4975 2835 5030 PP.
2866 4973 3037 5045 epist.
3068 4975 3161 5041 64,
3193 4975 3265 5029 ad
3297 4974 3748 5042 Marcianum,in

2096 5045 2347 5101 editione
2406 5047 2720 5101 Parisiensi
2773 5048 2910 5101 anni
2946 5046 3086 5099 1675
3117 5045 3319 5101 ordine
3348 5045 3439 5110 94,
3474 5046 3745 5100 eumdem

2095 5117 2351 5188 appellat
2372 5140 2399 5167 ‹‹
2435 5123 2648 5172 sanctae
2685 5116 2972 5172 memoria:
3021 5116 3424 5172 Alexandrinae
3473 5116 3744 5188 Ecclesia:

2095 5190 2451 5260 episcopum.
2480 5212 2510 5239 »
2546 5189 2613 5243 Et
2642 5189 2804 5257 epist.
2836 5189 2924 5255 52,
2960 5188 3031 5243 ad
3086 5191 3392 5257 episcopos
3421 5187 3743 5243 Galliarum

2097 5262 2311 5316 ibidem
2346 5260 2551 5316 ordine
2587 5261 2678 5321 77.
2702 5277 2837 5316 eum
2874 5276 3007 5315 cum
3053 5260 3375 5315 Athanasio
3418 5265 3474 5314 et
3532 5260 3743 5327 Cyrillo

2095 5339 2421 5399 conferens,
2447 5355 2473 5381 ‹‹
2504 5334 2986 5402 probatissimum
3025 5331 3328 5401 praesulem
3365 5352 3392 5381 η
3419 5336 3739 5399 nuncupat.

2092 5404 2237 5459 Vide
2272 5405 2581 5459 Baronium
2607 5408 2673 5459 ad
2715 5420 2933 5459 annum
2959 5402 3089 5470 412,
3120 5410 3176 5457 et
3222 5404 3528 5457 Historiam
3580 5404 3741 5457 chro-

2093 5477 2403 5546 nologicam
2424 5476 2882 5546 patriarcharum
2926 5474 3451 5529 Alexandrinorum
3484 5478 3618 5528 ante
3652 5479 3739 5529 to-

2097 5564 2260 5602 mum
2294 5550 2562 5617 quintum
2593 5548 2776 5613 Junii,
2809 5563 2938 5618 pag.
2971 5547 3071 5615 52;
3108 5546 3204 5602 ubi
3232 5546 3303 5602 de
3344 5546 3657 5600 virtutibus
3680 5550 3740 5601 et

2093 5620 2251 5673 vitiis
2273 5620 2422 5675 eius.

2091 5635 2580 5818 Elligflggteler,
2633 5693 2692 5746 et
2763 5690 2876 5747 Vit.
2916 5690 3028 5746 PP.
3052 5710 3083 5742 «
3147 5703 3285 5746 cum
3352 5687 3613 5761 quodam
3648 5688 3740 5760 jn-

2132 5778 2237 5818 ice.
2282 5782 2310 5815 ›

2132 5778 2237 5818 108.
2282 5782 2310 5815 )

2157 5834 2272 5907 (49)
2296 5835 2399 5890 Vit.
2419 5836 2533 5907 PR.
2552 5848 2688 5906 pag.
2709 5832 2818 5907 565
2837 5856 2866 5885 «
2884 5834 3284 5907 promiserunt
3302 5847 3366 5893 se
3386 5831 3736 5892 custodire.»

2089 5901 2340 5966 Cotel'er.
2366 5901 2662 5959 συνέθεντό
2676 5901 2989 5981 φυλάττειν.
