4090 6288
419 450 538 510 857

1060 449 1350 511 ORATIO
1392 448 1526 511 XII.
1572 482 1648 495 —
1690 450 2087 514 LAUDATIO
2128 454 2191 514 S.
2241 452 2551 513 ARSENII
2597 452 3171 514 ANACHORETE.

3698 458 3817 527 858

422 606 541 659 ραν,
576 584 799 657 ἀνέῳξεν
838 584 1193 658 ὁἈρσένιος,
1243 585 1481 657 νομίζων
1527 583 1609 640 ὅτι
1658 586 1685 639 6
1727 584 2056 658 διακονητής

2187 589 2450 645 nonnulli
2479 593 2535 645 et
2565 590 2827 660 patribus
2859 590 2972 661 (50)
3006 591 3274 661 foresque
3306 591 3561 662 pulsanti
3592 594 3819 664 aperuit

426 674 590 729 αὐτοῦ
636 672 785 728 ἔστι·
819 675 907 728 καὶ
959 674 1032 734 ὡς
1082 672 1214 729 εἶδεν
1262 676 1421 729 αὐτὸν
1466 674 1648 749 ἓτερον
1690 672 1838 746 ὄντα,
1878 672 2061 732 ἔπεσεν

423 764 514 819 ἐπὶ
567 765 900 839 πρόσωπον.
954 770 1010 819 Ὀ
1062 764 1117 819 δὲ
1168 764 1313 840 λέγει
1366 766 1548 837 αὐτῷ·
1604 767 1856 839 Ἀνάστα,
1905 763 2067 838 ἁῦὗᾶ,

416 852 508 908 ’ἶνα
553 876 609 910 τε
646 853 975 927 ἄσπάσωμαι
1004 898 1017 910 .
1072 856 1211 931 Ἔφη
1261 853 1350 908 οὖν
1381 857 1407 908 6
1440 855 1615 929 γέρων
1644 900 1654 911 .
1708 858 1824 913 Οὐκ
1867 857 2069 931 ἐγείρο-

431 966 547 1017 μαι,
576 944 664 999 ἐὰν
700 947 774 1016 μή
808 944 1192 1020 ἀναχωρήσῃς.
1233 945 1330 998 Καὶ
1369 943 1457 999 ἐπὶ
1488 944 1631 1000 πολὺ
1672 945 2065 1019 παρακληθεὶς,

428 1035 525 1089 οὐκ
553 1035 767 1109 ἀνέστη,
798 1033 904 1096 ἕως
936 1035 1285 1109 ἀνεχώρησεν
1320 1034 1521 1091 ἐκεῖνοτ
1548 1080 1561 1092 .
1596 1036 1732 1111 Οὐχ,
1770 1038 1841 1097 ὡς
1874 1036 1935 1091 ἄν
1986 1058 2069 1099 τις

429 1126 665 1194 οἰηθείη,
718 1124 1016 1197 παραλύων
1064 1125 1157 1179 τὸν
1216 1122 1415 1198 δεσμὸν
1462 1132 1562 1194 τῆς
1609 1126 1846 1201 ἀγάπης,
1889 1130 1954 1195 ἧς
1985 1127 2070 1183 ὅτι

425 1214 516 1267 καὶ
549 1215 785 1286 μᾶλιστα
816 1211 1045 1288 ἐραστὴς
1094 1212 1208 1285 ε’ίη,
1239 1212 1365 1269 ἀλλ’
1393 1212 1486 1269 ’ίνα
1521 1216 1595 1288 μή
1648 1213 1933 1287 διακοπείη
1968 1224 2067 1285 τῆς

432 1302 736 1377 κρείττονος
761 1347 775 1361 .

506 1485 557 1541 ι’.
593 1483 741 1539 Ἐπεὶ
794 1482 883 1537 καί
924 1502 1065 1543 τινες
1110 1480 1333 1559 ἀδελφοὶ
1390 1481 1684 1555 μέλλοντες
1736 1482 1952 1559 ὑπάγειν
1992 1484 2069 1545 εἷς

431 1567 673 1642 Θηϐαΐδα
705 1570 793 1627 διὰ
838 1574 1079 1648 μινάρια,
1132 1572 1350 1647 λέγουσι
1384 1572 1517 1646 πρὸς
1565 1572 1785 1634 ἑαυτούς
1812 1593 1823 1605 ·
1859 1574 1937 1627 Δι’
1968 1574 2073 1651 ἀφ-

432 1669 609 1734 ορμῆς
664 1660 893 1734 ε’ίδωμεν
926 1663 1012 1716 καὶ
1075 1662 1163 1715 τὸν
1210 1656 1380 1715 ἆὸϐἆν
1436 1664 1711 1735 Ἀρσὲνιον
1742 1706 1754 1718 .
1803 1660 2071 1729 Εἰσῆλθεν

432 1752 460 1804 6
504 1747 675 1813 ἀϐϐἆς
721 1748 1100 1824 Ἀλέξανδρος,
1146 1752 1235 1805 καὶ
1284 1750 1541 1825 λέγειτῷ
1574 1753 1787 1826 γεροντι
1817 1770 1831 1783 ⁸
1885 1750 2070 1807 Ἀδελ-

432 1840 521 1918 cci
555 1841 659 1896 ἀπὸ
706 1839 1121 1915 Ἀλεξανδρείας
1171 1841 1419 1902 ἐλθόντες
1452 1839 1669 1895 θέλουσι
1706 1862 1763 1896 σε
1796 1838 1925 1896 ἷ¹δεῖν
1950 1885 1962 1897 .
2013 1842 2069 1895 Ὀ

2183 680 2477 747 Arsenius,
2523 680 2856 735 ministrum
2907 696 3076 735 suum
3122 695 3251 735 esse
3308 686 3504 747 ratus;
3566 696 3818 753 eumque

2177 769 2356 823 alium
2391 786 2517 824 esse
2548 770 2685 823 dum
2741 780 3016 837 cerneret,
3080 769 3328 839 procidit
3384 770 3443 823 in
3492 771 3718 827 faciem.
3764 772 3819 827 Is

2176 876 2307 915 vero
2339 858 2478 913 dicit
2508 859 2654 927 ipsi:
2691 859 2895 929 Surge,
2931 869 3108 929 paler,
3154 863 3218 913 ut
3278 864 3332 914 te
3387 859 3657 914 salutem.
3709 861 3817 917 Re-

2178 948 2370 1018 posuit
2401 949 2625 1003 Senex:
2659 948 2784 1003 Non
2818 964 3079 1019 surgam,
3115 948 3223 1002 nisi
3253 949 3610 1005 discesseris.
3645 951 3818 1005 Cum-

2179 1053 2291 1107 que
2323 1037 2420 1090 diu
2454 1037 2503 1091 is
2526 1036 2853 1104 institisset,
2876 1054 2987 1091 non
3031 1037 3300 1103 surrexit,
3325 1037 3504 1093 donec
3538 1040 3815 1094 recessis-

2181 1132 2285 1180 set.
2310 1125 2423 1181 Nec
2457 1127 2588 1196 quis
2621 1130 2781 1196 putet
2824 1125 3036 1181 vinculi
3091 1126 3416 1191 charitatis,
3477 1129 3643 1197 cujus
3699 1134 3820 1183 erat

2179 1216 2641 1282 amantissimus,
2675 1215 2961 1272 solutione
2991 1215 3048 1271 id
3083 1216 3337 1273 factum:
3370 1233 3571 1273 verum
3625 1224 3693 1273 ut
3751 1234 3821 1274 ne

2181 1303 2269 1360 vel
2290 1305 2583 1359 tantillum
2618 1322 2650 1360 a
2694 1305 3066 1376 perfectionis
3098 1306 3506 1363 exercitatione
3546 1322 3820 1363 avocare-

2182 1397 2297 1449 tur.

2256 1484 2339 1537 10.
2375 1484 2601 1539 Fratres
2641 1483 2824 1555 aliqui
2874 1484 2984 1556 (51)
3036 1485 3097 1541 in
3155 1485 3452 1542 Thebaida
3507 1487 3816 1557 profecturi

2180 1576 2252 1629 ad
2282 1576 2677 1646 comparanda
2709 1575 2805 1630 tila
2835 1575 2988 1632 linea
3019 1577 3155 1648 (52),
3196 1578 3473 1633 dixerunt
3513 1577 3659 1633 inter
3708 1594 3769 1633 se
3804 1594 3818 1634 :

2182 1664 2302 1718 Hac
2323 1662 2499 1717 etiam
2525 1664 2959 1734 opportunitate
2998 1666 3298 1721 videamus
3328 1666 3599 1722 abbatem
3643 1670 3822 1722 Arse-

2183 1753 2347 1809 nium
2383 1755 2518 1824 (53).
2554 1755 2791 1810 Intravit
2838 1756 3035 1827 itaque
3091 1757 3269 1813 abbas
3299 1758 3623 1813 Alexander
3679 1757 3818 1829 (54),

2183 1846 2240 1900 et
2272 1844 2414 1898 dicit
2444 1843 2610 1912 Seni;
2645 1843 2872 1900 Fratres
2902 1845 3254 1902 Alexandria
3282 1848 3582 1904 venientes
3625 1848 3824 1903 volunt

433 1928 488 1984 δὲ
530 1930 704 2006 γέρων
752 1926 892 2009 ἔφη·
949 1932 1064 1985 Ἐπ’
1096 1931 1229 1985 αὐτὸ
1277 1934 1439 1985 τοῦτο
1488 1929 1679 1999 ἢκασις
1732 1932 1829 1985 Καὶ
1885 1932 2069 2005 μαθὼν

436 2022 461 2033 ..
606 2016 1127 2033 ,-ο,.....
1389 2019 1445 2033 ς,
1587 2021 1694 2033 ..
1922 2020 1984 2033 _.

2187 1937 2241 1988 te
2270 1934 2483 1988 videre.
2517 1933 2620 1987 Cui
2653 1934 2834 1990 Senex
2865 1950 2879 1989 :
2910 1937 2996 1990 An
3030 1940 3265 2007 propter
3295 1936 3405 1992 hoc
3433 1935 3629 2008 ipsum
3660 1951 3827 1991 vene-

433 2022 514 2075 ὅτι
576 2022 654 2081 εἰς
713 2016 958 2091 Θηϐαΐδα
1018 2020 1336 2095 ὑπᾶγουσιν,
1389 2019 1531 2092 λέγει
1581 2021 1607 2074 6
1640 2021 1849 2096 γέρων·
1907 2020 2073 2075 Φύσει

435 2111 495 2164 οὐ
531 2110 793 2184 βλέπουσι
838 2111 902 2165 τὸ
946 2110 1241 2183 πρόσωπον
1294 2109 1591 2185 Ἀρσενίου,
1635 2111 1719 2163 ὅτι
1750 2108 1819 2164 δι’
1849 2110 1944 2183 ἐμὲ
1976 2108 2075 2165 οὔκ

435 2198 604 2269 ἦλθον
632 2244 645 2258 .
689 2202 1029 2255 ’Δνάπαυσον
1080 2198 1168 2254 οὖν
1202 2198 1417 2267 αὐτοὺς,
1470 2201 1562 2253 καὶ
1607 2199 1883 2254 ἀπόλυσον
1912 2198 1962 2254 ἐν
1997 2200 2074 2255 εἷ-

436 2292 597 2365 ρήνῃ,
630 2289 796 2345 εἰπὼν
848 2289 1052 2361 αὐτοῖς,
1104 2290 1188 2343 ὅτι
1218 2290 1278 2346 Ὀ
1308 2290 1480 2364 γέρων
1528 2288 1590 2342 οὐ
1640 2287 1854 2344 δύναται
1901 2290 2073 2344 ἀπαν-

432 2387 631 2449 τῆσαι.
673 2380 913 2437 Ἀλλοτε
961 2380 1126 2434 πάλιν
1177 2378 1350 2445 ἦλθον
1405 2379 1542 2454 πρὸς
1591 2379 1752 2433 αὐτὸν
1801 2378 2071 2455 γέροντες,

436 2468 621 2524 πολλὰ
646 2469 1041 2546 παρεκάλεσαν,
1069 2468 1159 2523 ’ἕνα
1190 2468 1523 2541 συντύχιοσιν
1570 2470 1718 2540 αὐτῷ
1742 2486 1755 2502 ·
1793 2471 1881 2523 καὶ
1935 2491 2075 2545 παρ-

440 2557 658 2614 εκάλουν
703 2559 882 2630 αὐτὸν,
910 2559 1079 2614 εἰπεῖν
1130 2560 1315 2619 αὐτοῖς
1369 2556 1531 2631 λόγον
1585 2558 1671 2613 ἐπὶ
1704 2564 1811 2613 τῶν
1859 2562 2076 2635 ἡσυχα-

441 2649 657 2720 ζόντών,
688 2651 776 2704 καὶ
815 2648 1008 2722 μηδενὶ
1059 2648 1418 2703 ἀπαντώντων
1443 2692 1456 2704 .
1500 2649 1659 2723 Λέγει
1700 2646 1794 2702 οὖν
1828 2650 2014 2711 αὐτοῖς
2046 2652 2074 2705 6

439 2740 606 2815 γέρων
639 2759 652 2773 ·
684 2742 844 2794 ’Όταν
892 2741 926 2807 ἡ
958 2738 1221 2812 παρθένος
1262 2738 1314 2793 ἐν
1343 2744 1420 2809 τῷ
1468 2736 1603 2810 οἴκῳ
1649 2743 1746 2793 τοῦ
1788 2741 1990 2813 πατρὸς
2018 2739 2073 2813 ᾖ,

439 2827 642 2883 πολλοὶ
673 2829 923 2883 Θὲλουσιν
982 2829 1153 2895 αὐτὴν
1205 2829 1602 2898 μνηστευθῆναι
1629 2846 1640 2857 ·
1694 2827 1822 2882 ἐπὰν
1854 2825 1909 2882 δὲ
1940 2848 2077 2903 προ-

442 2917 598 2991 έλθῃ,
623 2918 731 2993 οὐχ
762 2915 933 2979 οὕτως
967 2912 1084 2991 ἔχει
1114 2918 1309 2988 τιμὴν,
1341 2915 1429 2970 ὅτε
1458 2918 1524 2985 ἦν
1565 2917 1938 2991 κεκρυμμένη.
1973 2916 2075 2970 Οὕ-

438 3029 515 3062 τω
545 3007 635 3061 καὶ
684 3008 751 3062 τὰ
800 3014 900 3076 τῆς
960 3010 1179 3080 ψυχῆς*
1236 3004 1401 3059 ἀπότε
1451 3008 1521 3078 (ε)
1572 3003 1981 3079 δημοσιεΰεται,
2015 3004 2076 3060 οὔ

437 3102 595 3151 πᾶσιν
630 3096 869 3170 ἀρέσκειν
915 3095 1172 3150 δύναται·
1213 3096 1406 3169 μέτρον
1438 3093 1528 3149 οὖν
1577 3098 1711 3167 ἡμῖν
1756 3094 2076 3151 ὑποδείκνυ-

436 3210 522 3243 ται
555 3187 781 3242 ἐνταῦθα
810 3191 907 3251 τῆς
928 3187 1063 3261 πρὸς
1094 3185 1223 3249 τοὺς
1269 3184 1540 3262 ἀδελφοὺς
1590 3187 1938 3257 ἀπαντήσεως
1964 3206 1976 3218 ·
2011 3188 2074 3241 οὐ

434 3277 537 3351 γὰρ
571 3279 801 3332 πάντοτε
852 3276 1086 3339 πάντως,
1113 3274 1205 3329 ’ἕνα
1257 3277 1331 3348 μή
1364 3276 1425 3329 τὸ
1456 3276 1725 3350 πάρεργον
1776 3280 1872 3331 τοῦ
1916 3270 2073 3353 ἔργου

434 3368 853 3441 προτιμώμενοι
940 3369 1246 3439 ζημιοῦμεν
1328 3364 1547 3427 ἑαυτοὺς
1609 3367 1683 3437 μή
1746 3344 2148 3438 αἰσθανόμε-Ο

436 3474 558 3508 νοι·
622 3452 749 3508 ἀλλ’
810 3456 922 3508 οἷον
982 3454 1071 3507 καὶ
1132 3456 1316 3524 τοῦτο,
1380 3451 1602 3505 ἐνταῦθα
1655 3448 1851 3530 ὄφελον
1906 3473 2077 3528 παρα-

440 3545 741 3617 ζευχθῆναι
773 3561 787 3575 ⁸

522 3814 603 3867 ια’.
666 3809 930 3889 Ἀδελφὸς
980 3832 1062 3872 τις
1110 3810 1281 3866 ἐλθὼν
1357 3810 1432 3871 εἷς
1504 3817 1727 3881 Σκῆτιν,
1787 3810 2084 3885 παρεκάλει

446 3903 569 3963 τοὺς
637 3900 959 3975 κληρικοὺς,
1022 3901 1233 3975 λέγων’
1290 3906 1585 3973 Συντυχεῖν
1646 3899 1789 3955 θὲλω
1816 3901 1896 3972 τῷ
1943 3896 2087 3972 ἀϐϐᾷ

443 3990 746 4066 Ἀρσενίῳ·
780 3991 950 4047 Εἶπον
1001 3988 1094 4043 οὖν
1142 3986 1328 4061 αὐτῷ·
1380 3990 1683 4045 Ἀναπαύου
1736 3990 1948 4064 μικρὸν,
1995 3992 2081 4044 καὶ

460 4082 677 4157 βλέπεις
709 4082 869 4138 αὐτόν
893 4102 906 4116 ·
937 4082 965 4135 ὁ
998 4078 1053 4135 δὲ
1084 4076 1185 4155 ἔφη
1214 4100 1227 4114 ⁸
1261 4082 1340 4138 Οὐ
1371 4082 1603 4155 γεύομαι
1653 4101 1819 4151 τινος,
1866 4079 1952 4135 ἐὰν
2007 4083 2085 4153 μὴ

2184 2027 2316 2077 runt
2341 2021 2369 2075 ‘I
2399 2022 2462 2077 Et
2492 2024 2758 2094 edoctus,
2789 2024 2948 2094 quod
2978 2024 3037 2079 in
3098 2026 3397 2081 Thebaida
3443 2026 3824 2092 discederent,

2182 2111 2320 2166 dicit
2346 2112 2571 2168 Senex:
2602 2112 2747 2169 Vere
2787 2112 2941 2169 haud
2974 2114 3258 2185 aspicient
3286 2115 3511 2170 vultum
3543 2114 3775 2171 Arsenii
3808 2137 3824 2181 ;

2184 2203 2320 2273 quia
2352 2202 2466 2258 mei
2496 2218 2675 2259 causa
2706 2220 2820 2259 non
2852 2209 3154 2260 venerunt.
3181 2205 3370 2261 Refice
3401 2220 3538 2277 ergo
3569 2205 3726 2271 illos,
3759 2220 3824 2259 ac

2184 2292 2410 2347 dimitte
2442 2292 2497 2346 in
2525 2310 2684 2363 pace,
2716 2294 2918 2349 dicens
2951 2293 3066 2349 illis
3103 2311 3116 2348 :
3149 2294 3335 2350 Senex
3365 2311 3481 2350 non
3514 2300 3703 2366 potest
3733 2311 3824 2349 oc-

2185 2382 2601 2453 currere(55).
2663 2382 2821 2437 Alias
2880 2383 3089 2438 iterum
3138 2388 3503 2440 accesserunt
3560 2385 3632 2439 ad
3695 2400 3825 2440 eum

2185 2488 2353 2527 senes
2376 2471 2691 2543 multisque
2722 2473 3042 2542 instabant,
3066 2478 3131 2529 ut
3170 2475 3644 2547 colloquerentur
3691 2490 3825 2530 cum

2185 2560 2284 2616 illo
2316 2561 2460 2631 (56);
2492 2569 2545 2616 et
2574 2562 2879 2632 rogabant,
2913 2567 2977 2617 ut
3005 2562 3229 2630 aliquid
3250 2566 3533 2621 sermonis
3565 2565 3673 2620 sibi
3695 2580 3822 2635 pro-

2187 2652 2361 2707 ferret
2391 2651 2462 2706 de
2493 2652 2770 2707 solitariis
2801 2653 3110 2719 conclusis,
3145 2670 3210 2709 ac
3266 2654 3559 2711 neminem
3620 2654 3831 2709 admit-

2187 2739 2447 2795 tentibus
2476 2741 2613 2812 5(7).
2649 2743 2798 2797 Tum
2831 2742 3017 2798 Senex
3049 2760 3062 2797 :
3098 2743 3366 2806 Quandiu
3393 2745 3556 2815 virgo
3590 2745 3746 2815 degit
3770 2744 3828 2799 in

2187 2830 2359 2885 domo
2401 2831 2603 2901 patris,
2638 2831 2801 2886 multi
2824 2832 3027 2887 volunt
3066 2833 3264 2903 sponsi
3295 2834 3421 2903 ejus
3487 2833 3610 2888 ﬁeri
3648 2850 3661 2888 :
3698 2848 3831 2889 cum

2186 2935 2319 2975 vero
2359 2920 2634 2990 prodierit
2669 2920 2810 2987 (58),
2879 2938 2994 2976 non
3055 2922 3227 2976 habet
3284 2922 3463 2977 istum
3525 2922 3827 2991 honorem,

2190 3025 2358 3079 quem
2400 3009 2669 3075 habebat,
2703 3011 2938 3079 quando
2970 3009 3187 3065 latebat
3225 3011 3586 3067 abscondita.
3621 3012 3714 3067 Sic
3772 3029 3834 3068 se

2189 3099 2411 3155 habent
2443 3117 2533 3157 res
2564 3101 2772 3156 animae
2806 3117 2819 3157 :
2855 3117 2919 3157 ex
2945 3118 3059 3173 quo
3090 3102 3403 3172 vulgantur
3437 3120 3449 3157 :
3494 3119 3609 3157 non
3642 3102 3830 3157 omni-

2190 3190 2299 3244 hus
2324 3189 2547 3260 placere
2572 3198 2827 3259 possunt.
2863 3191 3070 3247 Modus
3102 3193 3295 3262 itaque
3327 3193 3497 3247 nobis
3529 3193 3621 3248 hic
3644 3203 3830 3249 osten-

2189 3280 2344 3333 ditur
2368 3296 2644 3335 occursua
2693 3282 2975 3336 fratrum:
3039 3298 3227 3352 neque
3283 3281 3439 3337 enim
3489 3283 3729 3338 omnino
3782 3283 3831 3337 is

2187 3384 2417 3440 semper
2447 3369 2636 3423 locum
2670 3369 2895 3439 habet;
2948 3386 3038 3438 ne,
3101 3372 3253 3441 quod
3301 3373 3690 3427 accessorium
3743 3377 3833 3426 est

2187 3459 2369 3529 operi,
2401 3459 2559 3528 operi
2601 3458 2712 3528 ipsi
2743 3461 3154 3527 anteferentes,
3206 3462 3488 3516 damnum
3542 3462 3677 3515 inde
3728 3478 3831 3516 no-

2187 3546 2546 3618 bismetipsis
2605 3547 2826 3604 sensim
2872 3550 2999 3605 sine
3066 3566 3241 3605 sensu
3302 3550 3639 3605 inferamus.
3700 3552 3829 3617 Sed,

2189 3634 2523 3705 cujusmodi
2585 3651 2675 3691 res
2748 3635 2849 3691 illa
2915 3637 3014 3705 sit,
3069 3636 3165 3693 hic
3216 3638 3532 3708 adjungere
3587 3638 3829 3709 profue-

2190 3726 2285 3781 rit.

2264 3816 2349 3869 11.
2394 3816 2589 3871 Frater
2618 3816 2851 3887 aliquis,
2885 3817 2985 3887 qui
3017 3817 3076 3871 in
3134 3817 3325 3873 Scetin
3355 3822 3608 3885 venerat,
3660 3834 3835 3889 roga—

2191 3906 2287 3959 bat
2318 3905 2558 3961 clericos
2588 3905 2837 3961 dicens:
2898 3905 3165 3977 Colloqui
3214 3907 3384 3977 cupio
3442 3923 3572 3963 cum
3622 3906 3833 3961 abbate

2192 3995 2446 4049 Arsenio.
2488 3994 2592 4049 Cui
2623 3994 2846 4050 dixere:
2883 3994 3198 4065 Requiesce
3246 3994 3577 4065 paululum,
3626 4000 3682 4051 et
3740 3996 3832 4067 ip-

2154 4100 2324 4138 .sum
2367 4084 2613 4139 videbis.
2665 4083 2766 4138 Hic
2812 4099 2967 4152 vero,
3030 4100 3141 4139 non
3192 4084 3454 4154 gustabo,
3506 4084 3609 4151 ait,
3656 4084 3832 4154 quid-

1771 4224 2011 4281 νΑΡιΙίΕ
2051 4224 2471 4282 LECTlONES.

506 4318 576 4390 (ε)
607 4314 693 4397 ἀφ’
725 4315 831 4372 ὅτε.

2026 4385 2257 4444 NOT/E.

505 4507 614 4577 (50)
649 4507 874 4579 Legunt
907 4506 1159 4579 VitaPP.
1196 4504 1298 4579 lib.
1356 4520 1442 4571 ιιι,
1488 4502 1823 4579 pag.___528_:
1856 4525 1885 4579 (ς
1926 4506 2069 4579 Cum

435 4574 759 4649 quidam”:
777 4595 846 4633 ex
872 4577 1152 4649 fratribus
1184 4574 1527 4631 advenisset.
1549 4574 1583 4625 »⁷
1611 4574 1920 4649 Historiola
1952 4576 2071 4649 haec

437 4647 664 4720 ponitur
701 4652 855 4721 apud
915 4648 1156 4706 Coteler.
1206 4649 1331 4717 368,
1398 4664 1588 4719 usque
1636 4648 1707 4702 ad
1765 4647 2075 4705 recessisset

438 4722 739 4777 inclusive.

506 4793 619 4862 (51)
652 4793 956 4848 Ριιεειηίιῐὶι
995 4792 1232 4849 Coteler.
1296 4807 1429 4863 pag.
1487 4792 1627 4846 360:
1693 4813 1721 4842 ‹‹
1771 4791 2075 4848 Referebat

433 4864 613 4919 abbas
646 4865 843 4936 Daniel
877 4867 1157 4936 quosdam
1183 4866 1413 4936 fratres,
1448 4886 1474 4914 ››
1509 4870 1615 4918 etc.

503 4937 616 5005 (52)
650 4935 923 5007 Λινοὶρίον,
955 4938 1128 4991 linum
1181 4935 1420 5005 λινάρια,
1457 4937 1595 4990 retia
1638 4935 1721 4989 vel
1782 4936 1877 5004 ﬁla
1928 4935 2075 4990 linea

432 5008 670 5073 (Gallice
725 5009 910 5077 ﬁlets).
971 5009 1212 5064 Coteler.
1276 5011 1331 5062 id
1376 5008 1547 5062 vertit
1621 5008 1776 5075 ﬁlum
1840 5009 2068 5061 lineam.

438 5082 540 5135 Vit.
569 5081 675 5133 PP.
713 5082 809 5134 lib.
847 5098 932 5146 In,
967 5098 1097 5151 pag.
1130 5080 1255 5147 538,
1290 5080 1511 5142 linum;
1559 5079 1640 5132 uti
1694 5087 1748 5133 et
1807 5078 1919 5151 lib.
1973 5097 2072 5142 vu,

434 5166 562 5216 cap.
588 5153 677 5217 34,
712 5168 875 5206 num.
908 5150 1159 5222 2.7Apud
1199 5152 1430 5207 Surium
1465 5166 1629 5205 num.
1666 5151 1754 5215 16,
1813 5150 2072 5221 legitur:

435 5244 464 5273 «
496 5225 737 5290 Pr0pter
769 5224 1005 5294 aliquod
1045 5240 1217 5278 suum
1246 5224 1617 5295 negotium.»

504 5295 616 5362 (53)
658 5296 753 5349 Vit.
789 5292 895 5349 PP.
930 5296 1024 5350 hic
1059 5297 1281 5349 addunt
1315 5292 1391 5349 :'«
1424 5294 1693 5363 Cumque
1724 5294 1793 5347 ad
1838 5292 2073 5363 spelun-

436 5384 562 5421 cam
597 5369 720 5433 ejus
746 5370 1163 5436 pervenissent.
1200 5388 1227 5416 ››

502 5440 608 5563 (513
638 5434 877 5562 Cotléaler.
912 5442 1084 5494 etiam
1112 5437 1420 5494 Alexander
1457 5439 1516 5490 in
1552 5437 1654 5490 Vit.
1714 5436 1824 5490 PP.
1877 5434 2072 5507 signa-

502 5527 527 5563 r
605 5525 772 5563 ame.

435 5518 527 5563 tur
563 5512 772 5563 Daniel.

501 5582 612 5650 (55)
641 5581 840 5635 Dilfert
870 5580 1301 5653 aliquantulum
1336 5580 1583 5653 Coteler.
1602 5579 1675 5632 At
1696 5580 1799 5653 Vit.
1833 5579 1943 5632 PP.
1972 5578 2073 5653 ad-

433 5651 579 5705 dunt
617 5653 765 5707 hanc
797 5650 1121 5708 clausulam
1157 5671 1170 5709 :
1216 5677 1243 5703 «
1278 5653 1367 5707 Me
1389 5651 1657 5724 permitte
1687 5650 1895 5705 caelum
1927 5651 2074 5719 aspi-

435 5739 601 5850 θεὲ-οἱ)
614 5730 669 5779 et
690 5727 923 5850 {limitte
943 5742 1042 5781 eos
1073 5726 1255 5781 redire
1289 5741 1302 5779 :
1334 5722 1474 5781 nam
1505 5722 1712 5779 faciem
1738 5738 1923 5779 meam
1957 5737 2073 5777 non

436 5810 485 5850 Vl
536 5811 564 5850 Θ
607 5812 684 5850 un
721 5838 731 5850 .
764 5817 792 5847 ››

436 5794 731 5852 videbunt.
764 5817 792 5847 »

2254 4502 2366 4573 (56)
2395 4502 2644 4577 Additur
2675 4503 2827 4575 apud
2858 4502 3099 4561 Coteler.
3134 4520 3265 4577 pag.
3286 4504 3425 4559 372:
3450 4527 3478 4553 ι(
3504 4504 3603 4560 Ille
3636 4507 3830 4561 autem

2182 4582 2410 4645 portam
2445 4576 2675 4646 aperuit
2740 4598 2768 4625 »

2254 4646 2369 4717 (57)
2415 4646 2827 4718 Hesychastica
2856 4646 2972 4703 vita
3024 4648 3240 4703 silentii
3278 4648 3670 4710 tenacissima,
3713 4663 3827 4702 non

2186 4718 2265 4773 ita
2294 4723 2487 4791 tamen
2522 4728 2605 4785 ut,
2637 4719 2918 4791 proximis
2950 4720 3147 4775 saltem
3198 4729 3325 4791 post
3362 4720 3519 4775 hunc
3563 4724 3827 4775 sanctum

2187 4790 2415 4863 saeculis
2454 4790 2772 4859 discipulos
2803 4800 2858 4847 et
2888 4792 3033 4847 alios
3066 4790 3443 4863 quoscunque
3473 4792 3829 4847 exhortatio-

2105 4863 2152 4925 D
2188 4862 2277 4915 nis
2310 4861 2399 4915 vel
2430 4862 2706 4932 colloquii
2729 4880 2905 4919 causa
2935 4861 3273 4919 accedentes
3304 4865 3635 4919 excluderet
3667 4864 3827 4919 omni

2187 4938 2445 5001 tempore
2480 4950 2492 5000 ;
2527 4938 2591 4989 ut
2621 4935 2814 4990 videre
2837 4940 2925 4991 est
2954 4936 3011 4989 in
3039 4936 3330 4991 annotatis
3361 4938 3431 4991 ad
3462 4935 3655 4990 Vitam
3686 4952 3827 4989 san-

2185 5007 2261 5059 cti
2295 5005 2575 5075 Stephani
2608 5007 2856 5062 Sabaitis
2892 5008 3161 5076 superius
3194 5008 3472 5075 allegatis.
3521 5007 3685 5063 Certe
3727 5023 3826 5061 au-

2186 5087 2305 5131 ctor
2356 5076 2500 5131 Vitae
2550 5094 2714 5134 num.
2777 5080 2875 5132 184
2936 5080 3006 5133 de
3078 5082 3189 5133 isto
3237 5086 3439 5135 sancto
3500 5083 3827 5134 memorat:

2186 5170 2213 5197 «
2243 5149 2506 5216 Quinque
2537 5152 2743 5205 deinde
2771 5149 2941 5205 annis
2972 5149 3267 5205 solitarius
3319 5150 3547 5205 Christo
3603 5150 3829 5206 vacavit

2210 5217 2502 5291 ἡσύχασεν)
2538 5222 2595 5276 in
2627 5220 2791 5283 cella,
2826 5239 2941 5276 non
2973 5224 3171 5277 exiens
3201 5238 3457 5293 unquam
3483 5223 3595 5277 nisi
3620 5223 3827 5277 diebus

2228 5293 2421 5347 abbati
2457 5299 2511 5347 et
2552 5293 3069 5361 Dominicis,cellaa
3114 5295 3286 5349 fronti
3338 5311 3439 5365 per
3487 5295 3543 5347 id
3596 5301 3828 5363 tempus

2184 5362 2540 5435 inscribens:
2583 5366 2868 5433 Ignoscite
2900 5381 3000 5435 per
3058 5362 3363 5421 Dominum
3412 5366 3574 5429 mihi,
3605 5362 3829 5419 domini

2187 5434 2402 5500 Patres,
2451 5452 2634 5503 neque
2694 5436 2838 5490 mihi
2897 5434 3210 5507 quisquam
3273 5438 3329 5491 in
3392 5436 3827 5507 hesycbasterio

2185 5517 2338 5561 extra
2368 5508 2681 5561 Sabbalum
2713 5514 2768 5562 et
2803 5508 3159 5563 Dominicam
3193 5510 3265 5563 sit
3299 5509 3601 5563 molestus.
3640 5528 3667 5557 ››

2256 5579 2366 5649 (58)
2407 5578 2650 5633 Coteler.
2688 5595 2819 5649 pag.
2880 5580 3029 5633 3‘72:
3079 5602 3107 5629 «
3158 5582 3298 5634 Cum
3368 5596 3501 5635 vero
3548 5580 3823 5634 maritum

2184 5650 2490 5720 acceperit,
2515 5666 2879 5720 nequaquam
2918 5650 3105 5721 placet
3129 5651 3377 5716 cunctis,
3419 5653 3519 5707 sed
3552 5651 3634 5705 illi
3685 5652 3825 5721 qui-

2185 5722 2316 5778 dem
2345 5726 2748 5793 contemnunt,
2779 5722 2875 5777 alii
2905 5738 3037 5779 vero
3072 5723 3403 5792 praedicant.
3449 5746 3469 5772 ι
